4094 6290
393 269 504 325 877

1356 257 1717 319 .COMMENT.
1759 260 1825 317 IN
1867 257 2285 317 MA'iTlhEUM
2327 257 2564 315 Τολίυὸ
2606 256 2673 311 Χ.

3554 256 3657 341 δῖε

396 389 609 457 κὼϐου,
652 388 808 454 ὐἱοὺς
864 384 1063 458 Ἰωσὴφ
1094 385 1157 438 ἐκ
1204 385 1473 457 προτέρας
1522 386 1800 455 γυναικὸς,
1855 402 1978 437 συν-

2089 384 2231 437 ιΙιιςιί
2273 383 2562 437 traditione
2605 379 2879 452 [Evangelii
2918 378 3063 450 quod
3110 378 3410 436 secundum
3439 377 3657 436 Petrum

403 482 689 555 ῳκηκυίας
715 477 862 549 αὐτῷ
887 478 994 550 πρὸ
1020 477 1117 548 τῆς
1147 477 1385 548 Μαρίας.
1428 480 1489 531 Οἱ
1517 478 1577 531 δὲ
1603 477 1773 531 ταῦτα
1800 476 1984 545 λέγον-

403 590 498 638 τες
522 572 583 627 τὺ
603 571 820 640 ἀξίωμα
845 568 948 638 τῆς
976 568 1194 640 Μαρίας
1222 569 1282 622 ὲν
1311 567 1574 639 παρθενίᾳ
1602 570 1792 639 τηρεῖν
1826 567 1986 638 μέχρι

406 665 590 727 τέλους
618 662 918 734 βούλονται,
952 661 1042 715 ἵνα
1074 660 1149 732 μὴ
1187 659 1252 714 τὸ
1275 660 1459 732 κριθὲν
1481 662 1658 714 ἐκεῖνο
1683 659 1844 731 σῶμα
1876 659 1986 712 διαί

408 752 735 826 κονήσασθαι
762 750 843 823 τῷ
876 750 1085 805 εἰπόντι
1117 751 1304 821 Λόγῳ·
1343 770 1361 802 ι
1393 750 1617 822 Πνεῦμα
1663 751 1816 820 ἅγιον
1856 753 1988 804 ὲπε-

404 846 649 901 λεύσεται
684 845 784 899 ἐπὶ
811 843 896 909 σὲ,
936 842 1031 897 καὶ
1085 841 1310 913 δύναμις
1362 840 1616 912 Ὑψίστου
1676 842 1984 896 ἐπισκιάσει

404 954 509 1004 σοι,
537 956 554 989 ι
600 935 718 1009 γνῷ
755 935 949 1007 κοίτην
972 934 1166 1007 ἀνδρὸς
1197 933 1335 1006 μετά
1363 933 1424 987 τὸ
1457 933 1706 989 ἐπελθεῖν
1738 936 1796 989 ὲν
1844 935 1983 1007 αὐτῇ

403 1026 632 1098 Πνεῦμα
655 1026 832 1096 ἅγιον,
892 1025 987 1079 καὶ¹
1016 1025 1116 1097 τὴν
1146 1026 1538 1078 ἐπεσκιακυῖαν
1580 1024 1718 1097 αὐτῇ
1759 1023 1986 1095 δύναμιν

396 1119 463 1186 ἐξ
495 1117 687 1189 ῦψους.
721 1116 833 1171 Καὶ
864 1112 1019 1188 οἶμαι
1045 1116 1202 1185 λόγον
1245 1114 1411 1186 ἔχειν,
1445 1114 1654 1187 ἀνδρῶν
1689 1115 1787 1186 μὲν
1817 1115 1988 1170 καθα-

402 1208 632 1281 ρότητος
656 1207 761 1278 τῆς
802 1208 863 1260 ὲν
907 1205 1100 1277 ἁγνείᾳ
1129 1203 1385 1276 ἀπαρχὴν
1430 1204 1711 1274 γεγονέναι
1752 1205 1844 1258 τὸν
1883 1206 1988 1277 Ἰη-

402 1298 557 1364 σοῦν,
585 1296 859 1367 γυναικῶν
879 1296 937 1350 δὲ
964 1296 1062 1367 τὴν
1082 1296 1334 1368 Μαριάμ.
1362 1295 1436 1348 Ού
1460 1294 1568 1367 γὰρ
1593 1293 1859 1367 εὔφημον,
1892 1295 1986 1349 άλ-

404 1386 506 1461 λην
538 1389 652 1460 (15)
682 1389 813 1460 παρ’
849 1387 1066 1459 ἐκείνην
1115 1384 1213 1457 τὴν
1242 1386 1497 1459 ἀπαρχὴν
1532 1386 1635 1458 τῆς
1686 1385 1987 1457 παρθενίας

403 1482 839 1555 ὲπιγράψασθαι.
905 1480 1161 1545 Ἰάκωϐος
1200 1478 1259 1534 δέ
1308 1480 1458 1533 ἐστιν
1494 1473 1668 1552 οὗτος,
1722 1478 1783 1534 ὃν
1834 1479 1984 1548 λέγει

402 1575 619 1641 Παῦλος
652 1577 780 1630 ἰδεῖν
814 1578 873 1630 ὲν
908 1577 974 1647 τῇ
1004 1575 1141 1645 πρὸς
1185 1572 1432 1637 Γαλάτας
1475 1572 1762 1644 Ἐπιστολῇ
1792 1571 1981 1625 είπών·

410 1686 433 1720 ‹
464 1669 689 1739 Ἕτερον
713 1667 771 1721 δὲ
794 1666 903 1721 τῶν
929 1665 1239 1721 ἀποστόλων
1263 1666 1365 1719 οὐκ
1387 1662 1525 1719 εἶδον
1551 1667 1599 1719 εί
1621 1664 1698 1737 μὴ
1730 1664 1985 1719 Ἰάκωϐον

406 1757 501 1812 τὸν
531 1723 757 1828 ἀδελφὺν
775 1753 870 1811 τοῦ
892 1755 1119 1828 Κυρίου.
1144 1772 1164 1809 ι
1199 1756 1322 1811 Ἐπὶ
1347 1756 1600 1810 τοσοῦτον
1612 1723 1671 1811 δὲ
1683 1723 1985 1828 ’διέλαμψεν
2014 1723 2058 1777 Β

402 1843 564 1914 οὗτος
591 1850 620 1903 ὁ
677 1848 933 1912 Ἰάκωϐος
989 1850 1048 1903 ἐν
1102 1847 1181 1919 τῷ
1229 1848 1344 1921 λαῷ
1383 1849 1479 1903 ἐπὶ
1526 1848 1863 1920 δικαιοσύνῃ,
1910 1848 1987 1913 ὡς

406 1941 634 1997 Φλάϐιον
675 1939 957 2012 Ἰώσηπον,
1006 1939 1400 2012 ἀναγράψαντα
1444 1942 1511 1992 ἐν
1563 1941 1738 1995 εῐκοσι
1763 1940 1989 2012 βιϐλίοις

405 2030 507 2105 τὴν
550 2029 847 2101 Ἰουδαῖκὴν
869 2028 1271 2100 ἀρχαιολογίαν,
1302 2029 1402 2101 τὴν
1427 2028 1607 2083 αἰτίαν
1637 2031 1987 2102 παραστῆσαι

406 2121 732 2197 βουλόμενον
770 2121 865 2175 τοῦ
890 2120 958 2174 τὰ
977 2120 1217 2175 τοσαῦτα
1254 2120 1580 2175 πεπονθέναι
1610 2122 1702 2174 τὸν
1724 2121 1873 2185 λαὸν,
1913 2123 1988 2187 ὡς

409 2214 504 2268 καὶ
541 2214 631 2268 τὸν
653 2213 779 2269 ναὸν
829 2214 1266 2286 κατασκαφῆναι,
1308 2212 1587 2285 εἰρηκέναι
1632 2213 1775 2268 κατά
1824 2214 1989 2285 μῆνιν

408 2305 545 2359 Θεοῦ
582 2305 757 2361 ταῦτα
783 2305 968 2368 αὐτοῖς
996 2304 1394 2378 ἀπηντηκέναι,
1436 2305 1525 2360 διὰ
1577 2305 1647 2360 τὰ
1675 2307 1757 2369 είς
1795 2305 1987 2359 Ἰάκω-

410 2397 502 2450 ϐον
531 2397 641 2469 (16)
673 2397 766 2451 τὸν
789 2395 1014 2466 ἀδελφὸν
1064 2395 1244 2467 Ἰησοῦ
1287 2396 1380 2450 τοῦ
1407 2396 1701 2468 λεγομένου
1750 2397 1986 2468 Χριστοῦ

410 2488 502 2543 ὕπ’
532 2489 711 2544 αὐτῶν
737 2487 1130 2560 τετολμημένα.
1172 2489 1284 2543 Καὶ
1331 2489 1394 2542 τὸ
1447 2489 1758 2561 θαυμαστόν
1805 2493 1986 2556 ἐστιν,

409 2581 513 2645 ὅτι,
543 2580 634 2634 τὸν
677 2579 884 2650 Ἰησοῦν
909 2578 1068 2650 ἡμῶν
1107 2579 1170 2632 οὐ
1228 2579 1662 2652 καταδεξάμενος
1706 2580 1816 2653 (17)
1852 2576 1989 2637 εἶναι

412 2669 669 2742 Χριστὸν,
700 2669 852 2724 οὐδὲν
883 2665 1046 2742 ἦττον
1095 2669 1336 2742 Ἰακώϐῳ
1381 2670 1725 2745 δικαιοσύνην
1753 2672 1991 2746 ἐμαρτύ-

411 2780 553 2834 ρησε
581 2761 867 2833 τοσαύτην.
912 2762 1074 2831 Λέγει
1099 2762 1177 2828 δὲ,
1208 2763 1292 2817 ὅτι
1333 2764 1428 2817 καὶ
1476 2765 1504 2816 ὁ
1532 2762 1659 2828 λαὸς
1680 2764 1854 2819 ταῦτα
1877 2766 1992 2821 ἐνό-

410 2851 544 2924 μιζε
577 2851 666 2905 διὰ
693 2851 783 2906 τὸν
828 2852 1080 2907 Ἰάκωϐον
1102 2853 1447 2908 πεπονθέναι.
1474 2855 1585 2908 Καὶ
1617 2854 1818 2919 Ἰούδας
1834 2856 1993 2929 ἐγρα-

412 2944 513 3015 ψεν
559 2945 875 3016 Ἐπιστολὴν
900 2945 1231 3017 ὀλιγόστιχον
1274 2946 1405 3016 μὲν,
1450 2947 1886 3021 πεπληρωμένην
1933 2949 1991 3004 δὲ

2090 477 2426 541 inscribitur,
2456 476 2538 530 vel
2592 473 2714 528 libri
2766 472 2974 528 Jacobi.
3030 472 3134 538 Qui
3166 487 3294 527 vero
3346 472 3397 526 id
3448 472 3661 536 dicunt,

2088 568 2272 623 Mariae
2301 568 2616 639 dignitatem
2649 568 2701 620 in
2731 565 3037 635 virginitate
3063 564 3129 618 ad
3163 564 3324 618 linem
3357 580 3530 635 usque
3565 580 3660 617 vo-

2087 662 2207 715 lunt
2240 674 2586 721 conservare,
2615 674 2682 713 ne
2734 673 2935 728 corpus
2963 657 3092 711 illud
3137 657 3366 712 electum
3401 657 3465 711 ad
3500 657 3664 711 mini-

2091 753 2374 809 straudum
2410 751 2585 806 Verbo
2614 752 2812 807 dicenti
2840 751 2886 783 9’
2920 768 2934 805 :
2979 768 2998 802 ι
3029 749 3265 820 Spiritus
3306 758 3527 806 sanctus
3568 764 3662 804 su-

2093 844 2368 912 perveniet
2386 843 2441 897 in
2467 852 2538 907 te,
2566 850 2621 897 et
2647 842 2814 897 virtus
2840 841 3105 896 Altissimi
3133 841 3479 897 obumbrahit
3507 842 3658 905 tibi,»

2090 935 2194 990 viri
2235 934 2585 990 concubitum
2643 940 3016 1003 cognosceret,
3080 942 3369 1001 postquam
3423 931 3478 985 in
3516 931 3664 985 illam

2088 1038 2478 1095 supervenerat
2509 1023 2746 1094 Spiritus
2791 1030 3034 1085 sanctus,
3061 1030 3117 1077 et
3172 1023 3344 1079 virtus
3396 1021 3665 1077 Altissimi

2088 1118 2165 1172 illi
2192 1118 2552 1174 obumbrans.
2586 1117 2665 1172 Ae
2692 1115 2948 1172 existimo
2996 1114 3192 1169 rationi
3234 1122 3663 1170 consentaneum

2085 1228 2230 1279 esse,
2264 1213 2508 1268 virorum
2557 1210 2775 1281 quidem
2817 1206 3097 1262 munditiei
3145 1222 3267 1276 qtae
3300 1207 3353 1261 in
3414 1207 3666 1263 castitate

2086 1313 2189 1371 est,
2219 1303 2489 1374 primitias
2509 1300 2685 1356 fuisse
2714 1297 2935 1366 Jesum;
2981 1297 3271 1352 mulierum
3295 1308 3503 1365 autem,
3540 1299 3658 1354 Ma-

2087 1395 2245 1450 riam.
2281 1394 2512 1462 Impium
2547 1392 2689 1447 enim
2720 1399 2805 1445 est
2834 1389 2926 1444 alii
2971 1403 3036 1444 ac
3089 1388 3161 1442 illi
3192 1391 3461 1459 primitias
3492 1391 3664 1463 virgi-

2084 1486 2274 1541 nitatis
2302 1485 2618 1540 attribuere.
2653 1480 2890 1537 Jacobus
2945 1489 3126 1534 autem
3178 1480 3224 1535 is
3268 1490 3370 1547 cst,
3420 1499 3581 1552 quem
3605 1499 3666 1539 se

2087 1577 2289 1632 vidisse
2315 1574 2520 1630 Paulus
2550 1572 2830 1645 proﬁtetur
2862 1571 2916 1626 in
2966 1570 3208 1641 Epistola
3234 1573 3300 1627 ad
3330 1573 3549 1630 Galatas
3575 1576 3627 1631 di
3650 1605 3666 1619 ο

2082 1684 2217 1725 cens
2245 1670 2297 1724 ‘z
2335 1686 2355 1720 ι
2385 1667 2565 1722 Alium
2592 1675 2771 1721 autem
2798 1665 3172 1735 apostolorum
3230 1666 3338 1719 vidi
3365 1667 3662 1731 neminem,

2088 1755 2484 1813 nisiJacobum
2514 1754 2734 1810 fratrem
2769 1753 3039 1808 Domini.»
3097 1754 3280 1825 Usque
3315 1756 3453 1811 adeo
3480 1766 3664 1812 autem

2080 1849 2325 1905 Jacobus
2349 1848 2444 1904 hic
2470 1848 2684 1919 justitia
2714 1862 2812 1903 sua
2838 1847 2981 1919 apud
3011 1846 3270 1917 populum
3299 1848 3511 1904 celeber
3538 1848 3664 1917 fuit,

2088 1953 2149 1998 ut
2176 1941 2399 1997 Flaiius
2425 1939 2697 2010 Iosephus
2724 1942 2766 2001 ²,
2804 1938 2899 2008 qui
2943 1937 3134 2008 viginti
3182 1938 3335 1994 libris
3376 1938 3664 1997 Judaicam

2081 2031 2468 2100 antiquitatem
2509 2027 2857 2098 conscripsit,
2898 2027 3158 2082 rationem
3192 2027 3420 2083 reddere
3450 2030 3664 2095 volens,

2088 2138 2260 2192 quare
2317 2121 2444 2176 talia
2488 2134 2787 2189 perpessus
2839 2117 3003 2178 fuerit
3030 2119 3282 2188 populus,
3318 2128 3381 2175 ut
3405 2122 3663 2191 templum

2088 2214 2254 2267 etiam
2287 2211 2531 2265 dirutum
2556 2209 2744 2278 fuerit,
2771 2209 2920 2265 dicat
2972 2212 3087 2265 haec
3138 2209 3245 2265 illis
3298 2210 3380 2266 ira
3412 2210 3505 2266 Dei
3535 2228 3668 2268 con-

2090 2304 2297 2375 tigisse,
2328 2312 2552 2373 propter
2599 2316 2662 2357 ea
2693 2315 2816 2372 quae
2849 2299 3111 2356 adversus
3140 2299 3406 2357 Iacobum
3440 2301 3664 2360 fratrem

2086 2394 2238 2459 Jesu,
2276 2396 2369 2466 qui
2394 2393 2649 2450 Christus
2699 2392 2920 2455 dicitur,
2957 2400 3424 2462 perpetraverunt.
3454 2394 3533 2451 Ae
3563 2398 3666 2451 mi-

2093 2489 2265 2544 rabile
2299 2487 2517 2557 quidem
2547 2486 2676 2540 illud
2698 2494 2802 2551 est,
2855 2500 2978 2541 cum
3026 2482 3211 2539 Jesum
3264 2495 3510 2542 nostrum
3545 2504 3667 2544 esse

2088 2578 2372 2633 Christum
2433 2592 2545 2632 non
2582 2575 2892 2641 crediderit,
2925 2591 3049 2629 eum
3107 2584 3284 2631 tamen
3345 2587 3546 2633 tantam
3575 2578 3667 2634 Ja-

2093 2671 2230 2726 cobo
2251 2668 2519 2740 justitiam
2546 2667 2857 2723 testimonio
2877 2682 2979 2723 suo
3009 2666 3284 2722 tribuisse.
3315 2668 3457 2724 Dicit
3480 2682 3662 2725 autem

2086 2761 2441 2818 existimasse
2493 2759 2654 2813 etiam
2708 2758 2967 2827 populum
3006 2773 3067 2815 se
3111 2761 3226 2814 haec
3272 2758 3461 2816 Jacobi
3495 2779 3660 2818 causa

2093 2852 2439 2910 sustinuisse.
2466 2852 2539 2906 Et
2563 2849 2731 2906 ludas
2752 2850 3050 2920 Epistolam
3100 2852 3318 2921 scripsit
3366 2870 3662 2923 paucorum

2093 2944 2313 3016 quidem
2345 2957 2622 3008 versuum,
2680 2940 2895 3011 plenam
2946 2956 3075 2997 vero
3135 2943 3444 3001 eﬂicacibus
3486 2947 3667 3001 verbis

410 3035 520 3090 τῶν
541 3036 643 3107 τῆς
662 3035 910 3109 οὐρανίου
954 3038 1174 3110 χάριτος
1228 3039 1558 3110 ἐρρωμένων
1603 3038 1798 3109 λόγων,
1837 3042 1985 3107 ὅστις

2091 3037 2278 3108 gratiae
2299 3036 2560 3102 caelestis,
2584 3035 2680 3105 qui
2711 3034 2849 3089 dixit
2877 3034 3030 3088 initio
3055 3052 3068 3087 :
3101 3052 3120 3085 ι
3152 3033 3323 3091 Judas
3349 3035 3475 3093 Jesu
3505 3038 3667 3094 Chri-

408 3128 470 3183 ἐν
500 3128 577 3199 τῷ
602 3127 872 3200 προοιμίῳ
907 3129 1147 3201 είρηκεν⁸
1212 3147 1231 3181 ι
1281 3129 1479 3195 Ἰούδας
1541 3131 1715 3203 Ἰησοῦ
1748 3133 1985 3206 Χριστοῦ

2093 3130 2161 3185 sti
2189 3144 2400 3195 servus,
2430 3129 2598 3185 frater
2644 3137 2823 3182 autem
2857 3124 3104 3182 Jacobi.»
3139 3126 3213 3183 De
3254 3126 3450 3200 Joseph
3483 3139 3667 3186 autem

409 3217 614 3283 δοῦλος,
648 3217 875 3289 ἀδελφὸς
905 3219 984 3280 δὲ,
1008 3219 1286 3274 Ἰακώϐου.
1335 3240 1354 3274 ›
1391 3220 1530 3293 Περὶ
1566 3222 1624 3276 δὲ
1675 3223 1870 3296 Ἰωσὴφ
1893 3227 1988 3281 καὶ

407 3305 649 3378 ’Σίμωνος
672 3309 825 3363 οὐδὲν
852 3310 1234 3382 ἱστορήσαμενι
1259 3312 1320 3366 τὸ
1348 3311 1436 3365 δέ·
1470 3332 1489 3365 ι
1522 3315 1633 3368 Καὶ
1664 3317 1721 3369 αί
1761 3315 1985 3386 ἀδελφαὶ

408 3399 579 3453 αὐτοῦ
608 3400 729 3472 οὐχὶ
764 3403 934 3456 πᾶσαι
969 3403 1103 3475 πρὸς
1129 3405 1276 3476 ἡμᾶς
1309 3407 1413 3458 εἰσι
1436 3422 1451 3471 ;
1478 3424 1497 3458 ι
1527 3406 1674 3460 δοκεῖ
1705 3424 1796 3478 μοι
1819 3408 1990 3462 τοιοῦ-

412 3491 506 3545 τόν
536 3509 589 3546 τι
618 3493 919 3565 σημαίνειν·
953 3495 1033 3549 Τά
1068 3496 1310 3569 ἡμέτερα
1350 3498 1672 3569 φρονοῦσιν,
1709 3499 1771 3552 οὐ
1799 3500 1866 3556 τὰ
1894 3501 1988 3554 τοῦ

384 3653 393 3659 _
420 3579 622 3652 Ἰησοῦ,
650 3583 742 3636 καὶ
767 3583 920 3637 οὐδὲν
950 3584 1096 3650 ξένον
1121 3584 1337 3656 ἔχουσιν
1372 3584 1650 3658 ὲξαιρέτου
1699 3587 1985 3653 συνέσεως.

408 3673 491 3738 ὡς
509 3676 538 3727 ὁ
570 3676 793 3746 Ἰησοῦς.
816 3676 1042 3748 Μήποτε
1069 3677 1127 3731 δὲ
1158 3677 1481 3749 ἐμφαίνεται
1512 3677 1601 3731 διὰ
1626 3677 1833 3733 τούτων
1859 3681 1991 3735 ὲπαρ

416 3766 652 3839 πόρησις
696 3768 824 3841 περὶ
868 3767 962 3821 τοῦ
1013 3768 1154 3840 μηδὲ
1212 3768 1499 3840 ἄνθρωπον
1555 3765 1719 3838 εἶναι,
1767 3770 1905 3826 ἀλλά
1933 3788 1988 3827 τι

415 3856 687 3928 θειότερον
726 3857 819 3912 τὸν
860 3859 1088 3931 Ἰησοῦν,
1125 3856 1239 3913 υἱὸν
1269 3859 1374 3931 μὲν
1424 3859 1574 3924 ὄντα,
1620 3861 1703 3925 ὡς
1742 3861 1987 3934 ὑπελάμ-

409 3949 598 4014 ϐανον,
634 3948 830 4022 Ἰωσὴφ
857 3952 952 4006 καὶ
975 3938 1210 4024 Μαρίας,
1233 3950 1461 4021 ἀδελφὸν
1487 3950 1544 4005 δὲ
1569 3952 1869 4024 τεσσάρων,
1901 3954 1991 4007 οὑ-

412 4042 502 4098 δὲν
534 4043 577 4097 δ’
613 4039 776 4117 ἦττον
799 4043 896 4098 καὶ
918 4043 1006 4096 ἑτέ
1014 4059 1121 4116 ρων
1145 4040 1396 4112 θηλειῶν,
1430 4042 1526 4096 καὶ
1573 4044 1742 4115 μηδὲν
1800 4044 1993 4116 ἔχοντά

2093 3229 2149 3274 et
2175 3217 2400 3273 Simone
2432 3217 2567 3272 nihil
2596 3217 2860 3273 habemus
2891 3227 3251 3288 compertum.
3303 3217 3419 3277 Hoc
3444 3238 3573 3278 vero
3602 3223 3623 3254 ³
3649 3242 3661 3274 :

2099 3328 2119 3362 ι
2150 3309 2216 3365 Ει
2250 3325 2469 3365 sorores
2505 3309 2628 3380 ejus
2660 3324 2844 3365 nonne
2875 3323 3069 3364 omnes
3124 3311 3267 3381 apud
3318 3326 3418 3368 nos
3447 3315 3607 3369 sunt?
3642 3336 3660 3365 ι

2093 3401 2304 3456 videtur
2335 3400 2470 3455 mihi
2498 3400 2605 3457 tale
2639 3400 2916 3470 quidpiam
2974 3402 3314 3471 significare:
3347 3404 3544 3461 Nostra
3575 3421 3667 3462 sa—

2093 3495 2271 3563 piunt,
2303 3509 2414 3547 non
2437 3508 2501 3548 ea
2531 3508 2654 3563 quae
2675 3502 2801 3548 sunt
2831 3492 2983 3559 Jcsu,
3009 3509 3187 3563 neque
3214 3496 3505 3568 quidquam
3534 3498 3663 3554 inu-

2090 3586 2314 3641 sitatum
2338 3592 2393 3640 et
2413 3599 2614 3640 novum
2630 3584 2833 3639 habent
2845 3585 3058 3641 eximia:
3079 3586 3462 3658 intelligentia,
3480 3606 3668 3660 quem-

2095 3676 2389 3732 admodum
2455 3676 2619 3731 habet
2673 3674 2855 3732 Jesus.
2926 3674 3228 3732 Videndum
3297 3687 3476 3735 autem
3531 3696 3664 3736 nunt

2093 3767 2236 3825 forte
2260 3769 2486 3825 dubium
2515 3768 2639 3824 inde
2660 3767 2881 3839 aliquod
2907 3768 3137 3837 oriatur,
3164 3768 3349 3825 Jesum
3384 3771 3662 3829 hominem

2092 3876 2203 3915 non
2226 3858 2416 3925 fuisse,
2448 3858 2544 3915 sed
2576 3859 2783 3930 aliquid
2819 3859 3078 3922 divinius,
3127 3869 3187 3916 ut
3229 3860 3324 3931 qui
3374 3864 3666 3933 essetqui-

2093 3953 2217 4008 dem
2260 3951 2428 4017 illius,
2458 3951 2536 4006 uti
2568 3950 2977 4017 existimabant,
3014 3948 3215 4021 Joseph
3238 3961 3292 4007 et
3330 3951 3529 4018 Mariae,
3555 3955 3667 4009 fra-

2096 4051 2176 4096 ter
2202 4056 2333 4096 vero
2354 4048 2612 4112 quatuor,
2663 4038 3009 4110 aliarumque
3050 4039 3235 4097 itidem
3292 4040 3666 4113 feminarum;

413 4151 522 4188 τινι
547 4134 655 4189 τῶν
683 4138 748 4190 ἐκ
775 4135 965 4205 γένους
990 4133 1389 4206 παραπλήσιον,
1417 4133 1542 4205 μηδ’
1569 4135 1635 4188 ὲκ
1660 4135 1988 4204 παιδεύσεως

2091 4134 2229 4189 nihil
2266 4148 2395 4189 vero
2445 4136 2701 4204 cuiquam
2766 4141 3125 4202 cognatorum
3176 4134 3356 4191 simile
3413 4136 3662 4203 haberet,

413 4227 508 4281 καὶ
557 4226 921 4294 διδασκαλίας,
955 4227 1049 4280 ἐπὶ
1084 4225 1334 4280 τοσοῦτον
1364 4224 1557 4295 σοφίας
1579 4227 1673 4280 καὶ
1710 4226 1988 4299 δυνάμεως

2094 4242 2273 4297 neque
2305 4226 2647 4282 institutione
2672 4234 2726 4282 et
2756 4225 3064 4295 disciplina,
3114 4226 3182 4281 ad
3228 4226 3335 4283 tale
3384 4227 3668 4298 sapientia;

414 4318 735 4389 ὲληλακὸτα.
779 4318 889 4372 Καὶ
914 4317 1022 4390 γάρ
1056 4316 1288 4389 ἀλλαχοῦ
1333 4316 1572 4386 λέγουσι’
1623 4336 1642 4370 ι
1678 4317 1803 4383 Πῶς
1838 4314 1988 4385 οὗτος

2090 4326 2148 4375 et
2166 4318 2385 4374 virtutis
2414 4317 2689 4390 fastigium
2709 4316 2994 4373 evasisset.
3016 4316 3226 4373 Etenim
3256 4319 3386 4375 alibi
3409 4320 3600 4376 dicunt
3619 4320 3663 4378 δε

412 4410 719 4482 γράμματα
740 4404 952 4482 οῐδελμὴ
978 4408 1346 4482 μεμαθηκώς;
1385 4428 1407 4462 ι
1461 4401 1566 4463 Ὧν
1607 4411 1988 4484 παραπλήσιόν

2098 4430 2119 4463 ί
2140 4409 2431 4477 Quomodo
2461 4410 2551 4466 hic
2609 4410 2823 4466 litteras
2853 4410 2976 4475 scit,
3008 4425 3138 4465 cum
3175 4425 3283 4466 non
3316 4411 3607 4468 didicerit?
3637 4433 3658 4466 ι

409 4503 530 4557 ἐστι
560 4502 657 4557 καὶ
693 4503 754 4556 τὸ
803 4501 1034 4557 ἐνταῦθα
1087 4502 1394 4573 λεγόμενον.
1447 4501 1594 4574 Πλὴν
1638 4504 1689 4556 oi
1743 4503 1988 4573 λέγοντες

2097 4502 2309 4569 Quibus
2334 4511 2599 4559 consonat
2623 4501 2770 4573 quod
2793 4502 2884 4558 hic
2906 4502 3126 4558 dicitur.
3159 4501 3545 4560 Verumtamen
3568 4511 3664 4576 qui

412 4594 731 4664 conﬁrmant
770 4595 862 4648 ἐπὶ
893 4592 1141 4649 τοσοῦτον
1176 4592 1601 4666 ὲπαποροῦντες,
1629 4594 1726 4649 καὶ
1751 4595 1991 4668 ἔκπλησ-

413 4686 654 4758 σόμενοι,
689 4686 791 4740 οὐκ
823 4686 1106 4741 ἐπίστευον
1159 4686 1278 4757 μὲν,
1330 4704 1349 4737 ι
1372 4685 1816 4751 ἐσκανδαλίζοντο
1844 4688 1903 4742 δὲ
1930 4690 1990 4745 ὲν

410 4780 617 4853 αὐτῷ,ι
649 4779 782 4834 ὼσεί⁷
806 4781 932 4844 τοὺς
953 4777 1260 4850 ὀφθαλμοὺς
1287 4779 1386 4850 τῆς
1415 4779 1650 4844 διανοίας
1678 4781 1987 4852 κρατούμε-

482 4902 528 4935 ⁹⁹
555 4900 689 4957 Luc.
720 4917 761 4965 ι,
787 4900 878 4957 35.

411 4973 435 5005 ³
463 4970 657 5027 Matth.
693 4987 825 5037 xm,
874 4969 964 5026 57.

413 5078 502 5138 pta
530 5077 680 5138 sunt,
710 5076 840 5138 etc.,
875 5066 1095 5138 noveris
1117 5080 1239 5122 esse
1260 5065 1589 5138 damnanda.
1629 5084 1673 5138 ιί
1696 5065 1772 5122 De
1806 5067 1985 5123 Eran-

412 5135 550 5210 gelio
578 5136 722 5193 Petri
749 5138 949 5192 librum
983 5137 1278 5207 scripserat
1303 5135 1587 5260 Serapion,
1612 5137 1680 5191 ad
1713 5140 1890 5208 ipsum
1916 5138 1983 5194 de

412 5209 626 5260 nierum
684 5207 938 5260 manibus
976 5207 1383 5260 excutiendum.
1483 5215 1822 5260 raamentum
1863 5209 1983 5260 eius

411 5207 638 5290 piorum
684 5207 938 5290 manibus
976 5207 1383 5290 escutiendum.
1436 5207 1822 5290 [fragmentum
1863 5209 1983 5276 ejus

414 5275 647 5348 inseruit
684 5277 952 5333 Eusebius
1011 5277 1067 5348 in
1116 5276 1318 5348 Hister.
1354 5275 1568 5348 θεείῳ,
1620 5277 1717 5331 lib.
1746 5294 1827 5348 _vt,
1858 5275 1980 5348 cap.

416 5346 506 5413 12,
540 5348 683 5417 unde
717 5348 980 5417 discimus
1023 5346 1192 5401 fetum
1230 5345 1399 5417 fuisse
1420 5345 1529 5417 τῷν
1555 5346 1809 5417 Δοκητῶν
1840 5345 1981 5404 istud

413 5432 576 5498 opus.
604 5416 738 5473 Vide
759 5418 885 5473 item
915 5416 1296 5499 Hieronymum
1328 5415 1422 5471 lib.
1460 5415 1531 5470 De
1558 5415 1744 5486 script.
1775 5418 1982 5482 eccles.,

414 5501 472 5540 ιιι
508 5485 688 5543 Petro.
719 5487 922 5543 Jacobo
949 5499 1005 5542 et
1032 5486 1350 5543 Serapione.
1381 5483 1645 5542 HUETIUS.

609 5503 688 5551 ro,
719 5503 922 5544 tacebo
949 5503 1005 5542 et
1033 5503 1350 5551 Seraptone.
1381 5503 1645 5542 ﬂUE'l'llJS.

513 5502 688 5551 retro,
719 5502 922 5544 Jacono
949 5502 1005 5542 et
1033 5502 1350 5556 beraptone.
1381 5502 1645 5542 nusrtus.

513 5556 602 5631 15)
633 5557 1078 5631 ’ξΑ-λληνεῐθοιιε
1110 5556 1462 5631 scribendum
1478 5555 1651 5631 -ᾀλλη

516 5624 597 5696 16)
623 5627 726 5682 Διά
760 5624 834 5682 τὰ
862 5630 949 5695 είς
970 5626 1289 5697 (Ἰάκωϐον,
1322 5635 1427 5682 etc.
1478 5624 1785 5697 Vidé‘qum,
1811 5625 1983 5680 adno-

419 5699 655 5757 tavimus
682 5700 747 5754 ad
767 5699 862 5757 lib.
891 5714 906 5752 ι
941 5696 1139 5753 Contra
1162 5698 1392 5766 Celstmt,
1419 5712 1570 5752 num.
1590 5696 1676 5751 47.
1704 5696 1844 5751 Infra
1874 5698 1983 5751 Καὶ

2095 4608 2162 4649 ea
2194 4592 2470 4659 dicebant,
2518 4602 2575 4649 et
2627 4595 2764 4649 adeo
2819 4594 3013 4650 incerti
3073 4603 3129 4649 et
3176 4593 3342 4667 ἥδε.
3375 4596 3665 4666 stupefacti

2095 4694 2269 4747 erant,
2298 4701 2407 4741 non
2435 4685 2730 4741 credebant
2759 4685 3000 4756 quidem,
3044 4704 3066 4737 ι
3096 4687 3189 4742 sed
3215 4689 3667 4747 scandalizaban-

2096 4789 2185 4836 tur
2208 4782 2264 4836 in
2293 4795 2360 4836 eo
2380 4782 2454 4848 ’,ι
2484 4788 2672 4851 utpote
2702 4795 2935 4851 quorum
2961 4780 3160 4835 mentis
3188 4781 3377 4839 oculos
3410 4793 3668 4856 urgerent

957 4901 975 4932 ³
1007 4900 1181 4955 Galat.
1232 4914 1273 4964 ι,
1310 4900 1395 4955 19.
1471 4903 1492 4935 ³
1544 4903 1582 4956 l.
1634 4918 1726 4969 xx,
1760 4902 2208 4974 Autiq.Judaic.,
2262 4917 2383 4973 cap.
2417 4902 2471 4958 8.
2547 4902 2570 4934 ³
2606 4901 2795 4956 Matth.
2838 4917 2964 4967 xm,
3011 4901 3099 4956 56.
3177 4902 3201 4934 ⁴
3232 4899 3389 4959 Joan.
3442 4920 3538 4970 vn,
3571 4905 3663 4964 15.

2083 5070 2524 5144 τὸθαιψαιετόν.Δ
2541 5068 2710 5124 Forte
2743 5067 3090 5144 scribendum
3123 5070 3302 5126 καίτοι
3331 5072 3664 5144 θαυμαστόν,

2089 5141 2175 5197 vel
2199 5139 2301 5195 καῖ
2317 5140 2475 5195 τοῦτο
2504 5139 2855 5210 θαυμαστόνζ
3166 5176 3169 5177 ν

2165 5210 2278 5284 (17)
2314 5212 2423 5284 Τὸν
2462 5208 3008 5284 ’ίησόῦνλήμῶῃού
3040 5209 3539 5284 κρεαδεξιξιιενος,
3558 5219 3664 5284 etc.

2165 5229 2213 5284 (ι
2235 5229 2278 5282 ι)
2314 5229 2423 5265 ἰον
2468 5229 2903 5280 ἰησουνημων
2936 5229 3008 5267 ου
3040 5229 3338 5276 κατασεζα
3381 5229 3664 5279 ειν-οβελις.

2090 5279 2290 5336 Eadem
2333 5281 2449 5336 haec
2503 5280 2620 5350 ipse
2652 5281 2845 5348 repetit
2868 5280 2958 5336 lib.
2994 5297 3011 5335 ι
3059 5278 3259 5335 Contra
3302 5229 3464 5344 ὦ...
3523 5283 3668 5337 unde

2090 5351 2411 5422 repudiandi
2449 5349 2647 5422 nobilis
2677 5350 2823 5406 illius
2858 5360 2911 5405 et
2939 5351 3203 5422 luculenti
3234 5351 3300 5404 de
3329 5349 3551 5422 Christo
3583 5361 3666 5404 te-

2092 5419 2355 5487 stimonii,
2389 5421 2535 5491 quod
2596 5429 2775 5476 exstat
2814 5422 2981 5490 .apud
3026 5419 3322 5488 Just-phum
3388 5421 3481 5477 lib.
3534 5435 3667 5491 mn

2091 5492 2298 5560 Διαίῳ,
2326 5490 2447 5561 cap.
2479 5490 2533 5555 4,
2558 5501 2939 5561 argumentum
2993 5499 3350 5561 stunpserunt
3391 5490 3662 5561 nonnulli.

2091 5572 2144 5615 et
2171 5559 2301 5615 illuc
2327 5559 2412 5630 pia
2445 5559 2662 5630 quidem
2697 5559 2906 5630 fraude,
2934 5564 3028 5617 sed
3058 5560 3248 5630 fi-a'ude
3284 5569 3463 5615 tamen
3494 5560 3666 5619 fuisse

2091 5628 2365 5687 intrusum
2400 5628 2816 5687 contenderunt.
2853 5628 2928 5687 De
2961 5647 3026 5688 eo
3060 5645 3159 5686 nos
3194 5629 3348 5687 alias.
