4094 6290
449 265 607 324 κ’Έῗε)

1983 250 2305 308 ΟΜΟΕΜΞ

3672 255 3785 310 880

506 401 559 444 et
580 391 914 459 occuparent
947 387 1256 454 potestates,
1314 376 1380 430 de
1433 373 1636 445 quibus
1669 380 1908 441 tempore
1959 381 2083 436 pas-

2187 379 2267 416 νοι
2298 361 2403 416 ὑπὸ
2433 360 2738 433 δυνάμεων,
2770 361 2836 426 ἃς
2861 359 3084 432 ἔμελλεν
3128 361 3185 415 ἐν
3217 361 3296 432 τῷ
3329 360 3509 435 καιρῷ
3533 362 3630 417 τοῦ
3673 366 3783 422 πά-

509 481 681 540 sionis
703 495 815 537 sua:
836 478 888 531 in
923 476 1068 545 ligno
1093 480 1211 527 erat
1243 467 1703 538 triumphaturus.

585 571 677 628 £8.
721 590 738 623 ι
768 569 927 624 Jesus
953 573 1133 620 autem
1174 560 1313 617 dixit
1339 558 1460 614 eis:
1517 555 1638 611 Non
1687 561 1772 610 est
1821 554 2081 623 propheta

505 668 628 724 sine
679 666 909 724 honore,
956 657 1064 711 nisi
1116 655 1171 709 in
1225 651 1398 723 patria
1448 665 1548 704 sua
1607 649 1682 700 ⁸.»
1720 643 2080 712 Quaerendum

508 770 690 818 utrum
724 757 777 811 id
802 752 950 823 quod
971 749 1192 810 dicitur,
1232 744 1506 799 universe
1537 741 1590 796 in
1637 736 1934 809 quemlibet
1957 748 2083 803 pro-

462 876 464 878 τ
497 852 721 921 phetam
751 845 981 900 relatum
1041 838 1287 894 eamdem
1343 840 1665 905 potestatem
1702 844 1766 883 ac
1805 825 2084 896 signiﬁca-

459 967 466 978 ›
501 916 707 996 tionem
741 935 962 995 habeat,
997 929 1157 1000 quasi
1183 924 1563 994 unusquisque
1591 920 1852 991 propheta
1884 916 1939 970 in
1983 928 2079 968 sua

474 1033 680 1088 "solum
714 1027 888 1099 patria
930 1024 1022 1078 sit}
1061 1021 1446 1081 inhonoratus,
1470 1029 1594 1068 cum
1630 1026 1739 1065 non
1769 1007 1950 1063 omnis
1987 1003 2079 1074 qui

499 1133 585 1181 cst
641 1096 1040 1180 inlionoratus,
1090 1111 1144 1166 in
1193 1109 1369 1181 patria
1424 1106 1786 1160 inbonoratus
1831 1101 1940 1166 sit;
1998 1096 2082 1150 vel

501 1227 686 1272 utrum
714 1214 781 1266 de
817 1221 927 1263 uno
957 1207 1060 1260 hoc
1085 1204 1290 1278 dictum
1322 1202 1412 1266 sit,
1458 1213 1581 1253 cum
1610 1192 1965 1265 singulariter
1997 1190 2082 1245 di-

449 1329 459 1345 ι
498 1317 691 1372 catur.
715 1301 772 1356 Si
803 1301 968 1372 igitur
995 1297 1070 1351 de
1102 1309 1211 1348 uno
1232 1293 1355 1347 hate
1403 1290 1682 1353 dicuntur,
1717 1283 1993 1340 sufﬁciunt
2009 1296 2082 1336 ea

501 1414 623 1469 qttte
652 1379 806 1450 dicta.
846 1398 995 1451 sunt,
1033 1402 1156 1442 cum
1213 1399 1315 1439 nos
1347 1382 1413 1438 ad
1472 1380 1817 1435 Servatorem
1846 1375 1899 1429 id
1936 1373 2081 1444 quod

454 1511 464 1519 ν
503 1464 772 1558 scriptum
807 1492 894 1539 est
937 1480 1281 1542 referamus;
1328 1475 1413 1530 sin
1455 1480 1643 1528 autem
1691 1468 1944 1524 universe
1998 1464 2084 1519 di-

449 1605 459 1618 κ
501 1595 650 1638 ctum
675 1588 780 1646 est,
809 1594 876 1632 ex
909 1574 1144 1630 historia
1173 1572 1345 1641 liquet
1387 1581 1576 1621 verum
1639 1578 1747 1617 non
1784 1575 1941 1626 esse;
1973 1571 2080 1612 non

451 1698 462 1705 ~
504 1673 650 1726 enim
688 1668 944 1723 Eliasin‘
972 1663 1227 1718 'l‘hesbon
1285 1656 1488 1713 Galaad
1543 1653 1648 1708 fuit
1697 1652 2078 1714 inhonoratns,

2199 454 2324 517 θους
2357 452 2713 525 θριαμϐεύειν
2744 455 2802 505 ὲν
2832 452 2912 523 τῷ
2941 451 3102 524 ξύλῳ.
3848 515 3851 517 _

2269 564 2288 597 ι
2332 547 2390 599 '0
2418 546 2475 598 δὲ
2515 545 2725 617 Ἰησοῦς
2753 541 2906 598 εἶπεν
2935 546 3141 609 αὐτοῖς·
3185 546 3300 598 Οὐκ
3333 545 3450 600 ἐστι
3486 548 3786 621 προφήτης

2184 639 2377 709 ἄτιμος
2404 639 2452 690 εί
2513 636 2588 709 μὴ
2637 638 2694 690 ὲν
2725 639 2793 709 τῇ
2856 637 3079 708 πατρίδι
3117 637 3338 692 αὐτοῦ.)
3381 639 3654 711 Ζητητέον
3680 643 3782 697 πό-

2184 741 2342 796 τερον
2378 724 2681 790 καθολικῶς
2728 725 2842 779 ῐσον
2881 725 3105 781 δύναται
3133 729 3228 780 ἐπὶ
3259 729 3440 784 πάντα
3489 733 3781 804 προφήτην

2185 816 2590 888 ἀναφερόμενον
2621 815 2684 869 τὸ
2714 815 3031 887 λεγόμενον,
3064 818 3141 881 ὡς
3170 819 3401 873 ἑκάστου
3435 820 3548 876 τῶν
3570 839 3780 894 προφη-

2182 904 2291 959 τῷν
2332 907 2390 961 ἐν
2419 910 2485 979 τῇ
2522 908 2625 980 ίδίᾳ
2649 908 2867 980 πατρίδι
2898 911 3267 983 ἀτιμωθέντος
3303 916 3459 988 μόνῃ,
3490 918 3550 970 οὐ
3574 918 3780 983 παντὸς

2182 1004 2278 1058 τοῦ
2319 1000 2687 1077 ἀτιμωθέντος
2719 1007 2776 1060 ὲν
2804 1009 2869 1078 τῇ
2920 1010 3140 1082 πατρίδι
3191 1012 3578 1083 ἀτιμωθέντος·
3619 1014 3654 1086 ἢ
3685 1013 3786 1068 διὰ

2182 1093 2243 1148 τὸ
2269 1095 2466 1158 ἑνικῶς
2504 1095 2778 1167 εἰρῆσθαι,
2831 1099 2961 1171 περὶ
3000 1101 3120 1164 ἐνὸς
3171 1101 3343 1156 ταῦτα
3381 1103 3650 1159 λέλεκται.
3707 1104 3778 1159 ΕΞ

2187 1189 2286 1259 μὲν
2313 1185 2408 1244 οὖν
2453 1190 2583 1260 περὶ
2632 1190 2750 1253 ἑνὸς
2787 1189 2962 1244 ταῦτα
3011 1192 3251 1263 λέγεται,
3306 1197 3470 1269 ἀρκεῖ
3506 1197 3575 1251 τὰ
3619 1199 3775 1270 είρη-

2186 1280 2342 1351 μένα,
2404 1280 2782 1352 ἀναφερόντων
2839 1283 2998 1354 ήμῶν
3051 1285 3112 1339 τὸ
3143 1289 3532 1360 γεγραμμένον
3561 1291 3641 1354 είς
3678 1291 3779 1346 τὸν

2183 1370 2434 1442 Σωτῆρα·
2465 1373 2513 1426 εἱ
2545 1372 2602 1424 δὲ
2642 1372 2930 1427 καθολικόν
2983 1378 3150 1442 ἐστιν,
3181 1379 3290 1433 ἀπὸ
3325 1381 3430 1451 μὲν
3470 1381 3570 1452 τῆς
3605 1382 3773 1436 ’.ἱστο-

2189 1463 2312 1535 ρίας
2353 1464 2453 1517 οὐκ
2492 1463 2710 1534 ἀληθές·
2756 1462 2880 1518 οὔτε
2917 1465 3026 1538 γάρ
3067 1468 3255 1533 Ἠλίας
3311 1471 3370 1524 ἐν
3423 1471 3778 1543 Θεσὸὼνοτῆς

2183 1555 2397 1609 Γαλαὰδ
2421 1555 2696 1628 ἠτιμώθη,
2732 1555 2856 1610 οὔτε
2894 1557 3203 1624 Ἐλισσαῖος
3252 1562 3310 1615 ὲν
3368 1562 3772 1633 Ἐϐαλμαουλά,

2185 1647 2309 1704 οὔτε
2339 1650 2367 1701 ὁ
2401 1649 2654 1720 Σαμουὴλ
2709 1651 2768 1702 ὲν
2834 1650 3172 1723 Ἀρμαθαῖμ,
3232 1652 3344 1706 οὗθ’
3408 1654 3776 1726 Ἰερεμίαςςὲν

503 1715 1354 1819 ξιζζζίῑῦἐέιῖέᾟηἷὲιᾷιηιιυια,
1392 1743 1845 1818 neque‘Samucl
1891 1741 1945 1795 in
1966 1733 2084 1794 Ar;

2194 1741 2452 1797 Ἀναθὼθ·
2483 1715 2494 1720 1
2514 1715 3012 1816 τροπολογούμενον
3065 1715 3164 1810 δέ,
3211 1746 3305 1799 καὶ
3351 1715 3492 1800 πάνυ
3545 1715 3772 1818 ἀληθές.

457 1875 464 1883 ·
501 1853 794 1915 mathaim,
836 1862 1012 1917 neque
1037 1844 1303 1900 Jeremias
1348 1842 1402 1896 in
1432 1840 1740 1895 Anathoth.
1769 1836 1874 1892 Per
1899 1843 2083 1906 tropo-

456 1965 459 1968 ·
505 1941 704 2010 logiam
734 1946 914 1992 autem
940 1933 1293 2002 explicatum,
1345 1930 1572 1984 omnino
1600 1943 1790 1983 verum
1822 1935 1904 1982 est
1933 1945 1952 1980 ιο
1981 1924 2081 1980 Ju-

505 2032 678 2084 daaam
711 2027 1082 2082 enim-eorum
1113 2037 1234 2076 esse
1272 2019 1833 2091 patriamputandum
1873 2025 1974 2083 est,
2028 2025 2083 2070 et

459 2139 464 2142 ·
501 2127 765 2190 cognatos
807 2114 1064 2170 lsraelem
1123 2113 1288 2178 hunc,
1330 2111 1786 2166 domum-autem
1851 2107 2084 2164 fortasse

461 2225 760 2280 corpus;
788 2221 982 2262 omnes
1029 2205 1175 2260 enim
1238 2203 1293 2258 in
1325 2201 1540 2257 r-Judzca
1580 2202 1845 2256 dedecore
1897 2199 2078 2254 affecti

455 2326 458 2328 ν
501 2311 631 2358 sunt
653 2301 721 2356 ab
741 2299 940 2356 lsraele
963 2297 1266 2354 secundum
1316 2311 1560 2360 carnem,
1613 2310 1741 2349 cum
1774 2293 1957 2349 adhuc
1988 2308 2080 2349 es-

458 2422 463 2426 -
501 2407 626 2462 sent
662 2393 716 2447 in
777 2406 1044 2461 corpore:
1098 2388 1560 2459 quemadmodum
1603 2387 1878 2456 ascriptum
1910 2385 2079 2440 estin

501 2487 654 2542 Actis
707 2483 1099 2554 apostolorum,
1157 2480 1208 2535 id
1267 2480 1414 2550 quod
1477 2479 1663 2548 populi
1719 2475 2081 2546 redarguendi

458 2607 465 2610 -ι
503 2591 672 2632 causa
724 2574 998 2630 dicitur’:
1065 2591 1082 2623 ι
1114 2570 1285 2637 Quem
1341 2571 1729 2640 prOphctarum
1789 2583 1894 2622 non
1954 2574 2083 2623 sunt

475 2663 775 2737 :persecuti
805 2672 988 2733 patres
1010 2660 1197 2723 vestri,
1244 2674 1339 2714 eos
1392 2659 1504 2728 qui.
1536 2658 1974 2729 praenuntiabant
2015 2658 2083 2713 de

506 2757 739 2811 adventu
797 2753 1027 2810 Justi?»
1081 2751 1292 2806 Similia
1352 2750 1498 2804 dicta
1559 2759 1688 2804 sunt
1737 2765 1768 2804 a
1819 2749 1992 2804 Paulo
2025 2750 2082 2804 in

459 2890 461 2892 .
498 2849 676 2920 prima
708 2848 774 2902 ad
799 2845 1318 2900 Thessalonicenses
1351 2843 1412 2896 δε
1445 2862 1462 2893 ι
1483 2841 1615 2898 κνοε
1666 2850 1848 2896 autem
1896 2842 2081 2897 imita-

504 2952 652 2993 tores
689 2937 814 2992 facti
837 2936 988 3001 estis,
1019 2934 1236 2999 fratres,
1267 2933 1636 2988 Ecclesiarum
1664 2932 1777 2999 Dei,
1809 2948 1930 3003 quae
1956 2942 2084 2989 sunt

455 3150 466 3165 ε
501 3132 560 3178 ει
593 3137 690 3178 vos
716 3137 747 3176 a
777 3118 1175 3177 contribulibus
1223 3117 1442 3183 vestris,
1473 3117 1617 3172 sicut
1666 3125 1721 3172 et
1776 3115 1879 3187 ipsi
1918 3132 1949 3171 a
1986 3115 2084 3171 Ju-

502 3216 634 3272 dacis
660 3230 672 3268 :
700 3214 792 3286 qui
829 3221 883 3269 et
907 3211 1195 3267 Dominum
1218 3209 1536 3264 occiderunt
1561 3205 1749 3264 Jesum
1777 3218 1831 3263 et
1853 3209 2085 3280 prophe-

516 3318 623 3374 tas,
655 3315 711 3362 et
757 3321 860 3361 nos
899 3303 1173 3375 persecuti
1199 3311 1346 3367 sunt,
1391 3310 1445 3357 et
1476 3301 1588 3356 Deo
1619 3316 1724 3356 non
1756 3301 1989 3371 placent,
2031 3309 2086 3355 et

505 3400 762 3454 omnibus
781 3396 1099 3454 hominibus
1143 3397 1559 3452 adversantur.»
1612 3392 1732 3447 Non
1779 3398 1865 3448 est
1916 3391 2086 3462 igitur

507 3493 769 3562 propheta
795 3490 1161 3545 inhonoratos
1203 3487 1343 3542 inter
1369 3495 1590 3557 gentes;
1643 3493 1737 3540 aut
1787 3483 1931 3540 enim
1961 3498 2083 3538 om-

508 3585 638 3640 nino
663 3598 789 3639 eum
831 3597 942 3638 non
974 3587 1201 3647 norunt,
1251 3577 1336 3634 vel
1386 3589 1680 3649 postquam
1737 3582 2086 3632 noveruntet

459 3685 862 3747 '-susceperunt
897 3675 1240 3746 prophetam,
1283 3673 1487 3729 colunt.
1519 3671 1679 3727 Tales
1709 3677 1838 3727 sunt
1877 3677 2084 3734 autem,

504 3770 599 3840 qui
631 3778 761 3824 sunt
811 3783 879 3823 ex
937 3765 1203 3822 Ecclesia.
1263 3763 1668 3819 Dedooorantur
1731 3771 1913 3816 autem
1957 3774 2086 3830 pro-

507 3861 701 3928 phetae,
734 3857 973 3927 primum
1005 3854 1226 3926 quidem
1277 3868 1424 3920 cum,
1456 3853 1613 3922 juxta
1653 3852 2085 3918 liistoriam,'eos

485 3955 808 4003 .‘msectatur
835 3946 1111 4018 populus;
1164 3943 1407 4000 secundo
1437 3954 1642 4007 autem,
1691 3957 1816 3997 cum
1849 3941 2086 4012 prophe-

477 4079 481 4082 .
509 4037 595 4091 tiae
615 4051 802 4092 eorum
822 4035 981 4091 ﬁdem
1008 4033 1242 4105 populus
1269 4048 1379 4100 non
1405 4033 1646 4088 adhibet.
1665 4030 1722 4086 Si
1743 4030 1888 4088 enim
1913 4030 2083 4101 Moysi

481 4139 561 4183 -ει
585 4129 869 4200 prophetis
901 4128 1329 4192 credidissent’,
1359 4126 1716 4182 credidissent
1770 4132 1826 4179 et
1865 4123 2085 4177 Christo

478 4220 723 4276 docenti
775 4219 1178 4275 consectarium
1229 4233 1350 4273 esse
1413 4216 1760 4272 credentibus
1822 4212 1991 4285 Moysi
2029 4221 2086 4268 et

508 4312 806 4383 prophetis,
830 4313 1052 4367 credere
1079 4320 1134 4365 et
1173 4309 1420 4376 Christo;
1475 4317 1531 4363 et
1578 4325 1695 4363 non
1736 4307 2083 4362 credentibus

2181 1834 2303 1906 Χρὴ
2337 1833 2446 1904 γὰρ
2474 1835 2710 1906 πατρίδα
2741 1836 2986 1906 νομίζειν
3010 1836 3190 1891 αὐτῶν
3221 1837 3320 1908 τὴν
3366 1837 3645 1906 Ἰουδαίαν,
3676 1843 3776 1895 καὶ

2158 1928 2469 1996 συγγενεῖς
2511 1926 2601 1980 τὸν
2663 1929 2882 2000 Ἰσραὴλ
2933 1931 3165 1994 ἐκεῖνον,
3217 1930 3398 1984 οἰκίαν
3446 1931 3503 1984 δὲ
3539 1931 3681 2004 τάχα
3710 1933 3774 1987 {ab

2184 2017 2362 2089 σῶμα·
2396 2007 2754 2090 ήτιμώθησαν
2806 2020 2914 2092 γὰρ
2949 2020 3148 2085 πάντες
3197 2023 3256 2074 έν
3287 2025 3351 2094 τῇ
3410 2023 3637 2097 Ἰουδαίᾳ
3662 2023 3776 2081 ὑπὸ

2177 2111 2276 2166 τοῦ
2302 2111 2443 2165 κατά
2471 2112 2652 2182 σάρκα
2707 2111 2943 2185 Ἰσραήλ,
2991 2111 3086 2168 τ’ἒτι
3125 2113 3278 2179 ὄντες
3308 2117 3367 2168 ὲν
3397 2115 3474 2187 τῷ
3531 2114 3770 2188 σώματι,

2174 2204 2257 2266 ’ὡς
2290 2205 2346 2256 ὲν
2390 2204 2510 2267 ταῖς
2555 2202 2663 2260 τῶν
2709 2204 3021 2258 ἀποστόλων
3051 2207 3315 2279 ’Πράξεσι
3361 2209 3774 2282 γέγραπται’ὲν

2182 2294 2402 2366 ὲλεγμῷ
2429 2294 2722 2366 λεγόμενον
2758 2296 2896 2368 πρὸς
2945 2296 3037 2350 τὸν
3087 2298 3235 2352 λαόν·
3298 2319 3317 2352 ι
3341 2301 3477 2354 Τίνα
3517 2301 3774 2375 γάρτῶν

2183 2387 2480 2458 προφητῶν
2501 2387 2850 2454 οὐκ-ἐδίωξαν
2889 2389 2938 2441 οἱ
2971 2390 3415 2462 πατέρεςῦμῶν,
3466 2395 3596 2457 τοὺς
3637 2410 3774 2465 προ-

2181 2477 2651 2548 καταγγείλαντας
2695 2479 2824 2550 περὶ
2875 2481 2972 2552 τῆς
3019 2481 3284 2546 ἐλεύσεως
3321 2483 3414 2536 τοῦ
3454 2484 3764 2551 Audiam»

2156 2567 2345 2638 ..Παρὰ
2369 2568 2426 2621 δὲ
2454 2567 2533 2638 τῷ
2566 2567 2766 2639 Παύλῳ
2794 2569 2854 2621 ὲν
2893 2573 2958 2642 τῇ
3010 2571 3147 2643 πρὸς
3204 2572 3611 2640 Θεσσαλονικεῖς
3637 2592 3774 2648 προ-

2182 2660 2318 2732 τέρᾳ
2349 2660 2417 2714 τὰ
2437 2661 2599 2732 ὃμοια
2625 2661 2895 2715 λέλεκται·
2933 2681 2952 2714 ι
3003 2664 3267 2734 Ὑμεῖςδὲ
3301 2667 3537 2738 μιμηταὶ
3582 2669 3773 2740 ἐγενή-

2146 2751 2334 2823 λίθητε,
2360 2750 2597 2820 ἀδελφοὶ,
2629 2749 2739 2805 τῶν
2793 2751 3131 2824 Ἐκκλησιῶν
3165 2755 3257 2808 τοῦ
3281 2755 3430 2809 κ-Θεοῢ
3459 2757 3568 2811 τῶν
3591 2758 3769 2812 οὐσῶν

2183 2846 2240 2898 ὲν
2272 2848 2339 2916 τῇ
2378 2845 2626 2918 Ἰουδαίᾳ,
2659 2847 2715 2899 ἐν
2739 2846 2962 2918 Χριστῷ
3015 2848 3210 2920 Ἰησοῦ·
3248 2850 3328 2902 ὅτι
3354 2849 3421 2903 τὰ
3450 2851 3588 2905 αύτά
3631 2852 3771 2904 ἐπά-

2158 2935 2307 2990 ’λθετε
2330 2939 2425 2990 καλ⁸
2456 2938 2614 3008 ὑμεῖς
2669 2938 2777 2990 ὑπὸ
2827 2937 2934 2992 τῶν
2971 2937 3115 2992 ίδίων
3177 2940 3552 3010 συμφυλετῶν,
3586 2939 3767 3004 καθὼς

491 3035 560 3086 .in
596 3030 802 3094 Iudaea,
837 3029 890 3082 in
921 3027 1140 3082 Christo
1169 3024 1338 3082 Jesu:
1373 3025 1501 3095 quia
1536 3026 1726 3080 eadem
1761 3025 1910 3095 passi
1947 3025 2081 3080 estis
2107 3046 2170 3125 C-

2184 3029 2280 3082 καὶ
2306 3029 2462 3082 αὐτοὶ
2495 3029 2599 3083 ὑπὸ
2627 3029 2737 3083 τῶν
2781 3029 3068 3092 Ἰουδαίων,
3134 3032 3242 3083 τῶν
3283 3031 3377 3083 καὶ
3417 3031 3508 3085 τὸν
3557 3031 3763 3103 Κύριον

2153 3121 2622 3176 ’ἀποκτεινάντων
2684 3121 2888 3195 Ἰησοῦν
2946 3122 3039 3176 καὶ
3091 3123 3220 3186 τοὺς
3281 3124 3602 3196 προφήτας,
3666 3125 3765 3178 καὶ

2184 3217 2332 3286 ἡμᾶς
2382 3215 2786 3283 ἐκδιωξάντων,
2839 3216 2933 3269 καὶ
2977 3215 3094 3286 Θεῷ
3147 3215 3221 3288 μὴ
3275 3216 3633 3288 ἀρεσκόντων,
3659 3217 3765 3272 καὶ

2186 3310 2354 3362 πᾶσιν
2387 3307 2693 3380 ἀνθρώποις
2739 3309 3050 3363 ἐναντίων.»
3087 3310 3200 3363 Οὐκ
3233 3308 3377 3363 ἔστιν
3428 3304 3521 3364 οὖν
3551 3311 3766 3382 προφή-

2183 3419 2284 3472 της
2311 3401 2504 3472 ἄτιμος
2530 3403 2588 3454 ὲν
2628 3404 2742 3465 τοῖς
2779 3401 3016 3456 ἔθνεσιν·
3046 3401 3079 3472 ἢ
3114 3401 3223 3474 γὰρ
3255 3401 3359 3454 οὐδ’
3392 3401 3527 3466 ὅλως
3558 3401 3766 3455 οἴδασιν

2187 3493 2370 3559 αὑτὸν,
2397 3493 2431 3564 ἢ
2465 3493 2730 3564 μαθόντες
2756 3494 2852 3548 καὶ
2879 3492 3312 3567 παραδεξάμενοι
3365 3493 3527 3546 αὐτὸν
3553 3493 3770 3563 προφή-

2185 3601 2304 3654 την,
2338 3582 2560 3654 τιμῷσι.
2602 3582 2846 3636 Τοιοῦτοι
2878 3583 2934 3636 δὲ
2977 3584 3026 3636 οἱ
3080 3582 3188 3636 ἀπὺ
3228 3583 3572 3655 Ἐκκλησίας.
3625 3583 3768 3636 Ἀτι-

2196 3675 2456 3748 μάξονται
2499 3675 2558 3728 δὲ
2583 3677 2630 3728 oi
2677 3675 2975 3746 προφῆται,
3028 3674 3245 3746 πρῶτον
3299 3675 3402 3745 μὲν
3450 3673 3771 3744 διωχθέντες

2186 3769 2328 3823 κατὰ
2359 3768 2599 3840 ἱστορίαν
2633 3767 2736 3822 ὑπὸ
2757 3767 2849 3822 τοῦ
2873 3766 3022 3822 λαοῦ·
3047 3767 3296 3838 δεύτερον
3319 3767 3396 3831 δὲ,
3414 3767 3490 3838 μὴ
3515 3783 3772 3821 πιστευο-

2193 3862 2364 3934 μένης
2395 3861 2578 3915 αὐτῶν
2603 3860 2703 3931 τῆς
2738 3859 3075 3932 προφητείας
3108 3859 3214 3912 ὑπὸ
3249 3859 3342 3912 τοῦ
3384 3857 3534 3911 λαοῦ.
3571 3859 3634 3911 Ei
3661 3857 3771 3929 γὰρ

2186 3952 2467 4006 ἐπίστευον
2496 3952 2720 4006 Μωῦσεῖ
2739 3951 2834 4005 καὶ
2862 3952 3191 4023 προφήταις,
3232 3952 3512 4004 ἐπίστευον
3543 3950 3608 4004 ἂν
3634 3951 3772 4023 Χρι-

2189 4042 2320 4114 στῷ,
2350 4041 2428 4115 τῷ
2455 4043 2893 4114 παραστήσαντι,
2909 4040 3296 4095 ὄτι-ἀκολουθεῖ
3321 4043 3436 4104 τοῖς
3457 4039 3770 4094 πιστεύουσι

2185 4136 2395 4207 Μωῡσῇ
2431 4136 2526 4187 καὶ
2557 4135 2869 4207 προφήταις
2922 4133 3198 4188 πιστεύειν
3223 4132 3477 4205 Χριστῷ,
3534 4133 3628 4186 καὶ
3657 4134 3768 4195 τοῖς

2189 4228 2264 4300 μὴ
2297 4226 2613 4282 πιστεύωσι
2641 4225 2859 4299 Χριστῷ
2882 4226 2942 4280 τὸ
2967 4225 3040 4298 μὴ
3066 4225 3340 4279 πιστεύειν
3365 4226 3609 4279 Μωῡσεῖ.
3646 4224 3769 4276 Ἔτι

2185 4319 2241 4372 δὲ
2264 4317 2453 4390 ὥσπερ
2502 4318 2591 4370 διὰ
2641 4316 2743 4386 τῆς
2777 4316 3145 4388 παραϐάσεως
3176 4316 3269 4369 τοῦ
3304 4316 3471 4387 νόμου
3515 4315 3604 4367 τὸν
3636 4312 3770 4366 Θεὸν

484 4403 751 4467 "Christo,
783 4400 953 4471 Moysi
979 4415 1084 4453 non
1108 4399 1349 4454 credere.
1378 4396 1642 4451 Praeterea
1673 4405 1878 4458 autem,
1897 4412 2084 4466 quem-

2192 4410 2478 4481 ἀτιμάζειν
2507 4412 2538 4464 ὁ
2568 4409 2896 4481 ἁμαρτάνων
2939 4407 3180 4476 λέγεται,
3233 4406 3376 4460 οὕτω
3421 4405 3508 4460 διὰ
3561 4404 3654 4457 τοῦ
3692 4403 3766 4475 μὴ

489 4497 799 4551 .admodum
860 4508 955 4564 per
1003 4490 1496 4560 transgressionem
1543 4490 1677 4561 legis
1720 4490 1814 4560 qui
1862 4502 2083 4558 peccat,

488 4594 618 4649 .-.Deo
654 4593 858 4647 dicitur
879 4589 1119 4646 dedecus
1145 4585 1378 4652 inferre;
1420 4587 1496 4638 ita
1540 4601 1645 4640 non
1687 4586 1959 4640 credendo
2017 4586 2085 4642 iis

506 4701 628 4755 qua:
655 4685 1051 4754 praedicuntur,
1119 4677 1418 4750 ignominia
1449 4676 1682 4732 adicitur
1724 4678 1986 4747 propheta
2017 4679 2086 4732 ab

505 4792 572 4830 eo
610 4777 703 4845 qui
735 4776 1034 4844 prophetiis
1090 4773 1251 4828 (idem
1291 4787 1399 4825 non
1433 4770 1673 4825 adhibet.
1725 4767 1867 4824 Utile
1899 4777 2079 4824 autem

494 4863 843 4932 iueritjuxta
866 4862 1149 4917 historiam
1181 4859 1385 4916 referre
1416 4875 1538 4930 qua:
1564 4860 1618 4913 in
1650 4861 1850 4930 populo
1888 4875 2083 4930 passus

508 4963 592 5009 cst
617 4951 910 5018 Jeremias,
943 4953 1012 5008 de
1040 4953 1240 5024 quibus
1271 4952 1412 5007 dixit
1443 4951 1485 4984 ¹⁰
1522 4969 1535 5005 :
1585 4970 1603 5002 ι
1635 4950 1700 5006 Ει
1757 4951 1888 5016 dixi,
1919 4942 2081 5023 E65

508 5045 625 5101 Non
667 5045 894 5113 eloquar,
931 5059 1108 5114 neque
1162 5043 1460 5099 nominabo
1515 5057 1712 5098 nomen
1768 5041 2018 5107 Domini;
2059 5062 2076 5094 ι

505 5150 558 5194 et
583 5152 776 5194 rursus
822 5135 950 5190 alibi
985 5154 998 5189 :
1045 5155 1062 5187 ι
1088 5135 1356 5206 Perpetuo
1396 5134 1769 5189 subsannatus
1816 5147 1937 5188 sum
1977 5134 2075 5186 ι’.»

500 5226 856 5294 Quaecunque
879 5223 1246 5294 verojubente
1274 5238 1400 5292 rege
1429 5221 1643 5278 lsraelis
1669 5232 1797 5277 tunc
1821 5224 2081 5292 temporis

506 5327 766 5389 regnante
795 5332 992 5387 passus
1011 5325 1115 5382 est,
1141 5315 1201 5369 .in
1228 5314 1348 5384 ejus
1375 5313 1654 5384 prophetia
1693 5315 1896 5382 scripta
1931 5325 2079 5368 sunt.

509 5407 810 5467 Nonnullos
865 5410 1028 5464 etiam
1082 5422 1113 5462 e
1149 5406 1352 5477 populo
1401 5404 1467 5460 ad
1519 5403 1760 5476 Moysem
1816 5405 2085 5473 lapidibus

504 5501 843 5558 obruendum
882 5500 1371 5572 saepe-accessisse,
1399 5499 1451 5554 id
1481 5498 1646 5553 etiam
1677 5499 1940 5568 scriptum
1976 5506 2082 5564 est;

2194 4503 2470 4556 πιστεύειν
2527 4501 2605 4572 τῷ
2653 4499 3114 4572 προφητευομένῳ
3157 4497 3478 4570 ἀτιμάζεται
3527 4496 3632 4550 ὑπὸ
3674 4493 3768 4547 τοῦ

2193 4594 2550 4656 ἀπιστοῦντος
2580 4597 2701 4657 ταῖς
2740 4592 3102 4664 προφητείαις
3128 4593 3158 4645 ὁ
3179 4593 3482 4663 προφήτης.
3511 4590 3772 4660 Χρήσιμα

2191 4685 2249 4736 δὲ
2282 4685 2358 4749 ὡς
2400 4685 2537 4757 πρὸς
2575 4686 2674 4756 τὴν
2723 4685 2968 4756 ἱστορίαν
3016 4682 3377 4750 ἀναλέξασθαι
3426 4682 3461 4736 ἃ
3502 4680 3771 4734 πέπονθεν

2204 4777 2474 4849 Ἱερεμίας
2525 4779 2582 4831 ὲν
2627 4778 2705 4849 τῷ
2754 4777 2888 4847 λαῷ,
2919 4777 3005 4847 ἐφ’
3030 4770 3112 4840 οἷς
3153 4772 3292 4828 εἷπε·
3332 4793 3349 4825 ι
3376 4775 3486 4828 Καὶ
3511 4768 3659 4827 εἶπα·
3693 4771 3769 4824 Οὐ

2194 4869 2269 4942 μὴ
2293 4867 2534 4938 λαλήσω,
2590 4869 2712 4922 οὐδὲ
2752 4869 2827 4939 μὴ
2861 4867 3112 4938 ὀνομάσω
3156 4866 3217 4919 τδ
3269 4866 3440 4935 ὄνομα
3488 4863 3716 4934 Κυρίου·
3745 4879 3766 4914 ι

2190 4956 2285 5009 καὶ
2324 4954 2486 5007 πάλιν
2535 4955 2789 5025 ἀλλαχοῦ·
2847 4973 2864 5006 ι
2889 4954 3177 5008 Διετέλεσα
3244 4952 3764 5025 μυκτηριζὸμενος.»

2193 5045 2333 5099 Ὅσα
2365 5045 2422 5098 δὲ
2450 5046 2543 5098 καὶ
2567 5047 2670 5099 ὑπὸ
2696 5043 2789 5098 τοῦ
2816 5045 2938 5098 τότε
2969 5045 3234 5116 βασιλέως
3267 5045 3362 5098 τοῦ
3420 5043 3638 5116 Ἰσραὴλ
3667 5043 3767 5097 πέ-

2191 5136 2404 5200 πονθεν,
2449 5139 2506 5190 ἐν
2534 5139 2598 5208 τῇ
2646 5137 2952 5209 προφητείᾳ
2983 5135 3148 5191 αὐτοῦ
3184 5138 3617 5209 ἀναγέγραπται.
3661 5135 3771 5190 Καὶ

2190 5229 2429 5284 Μωῡσέα
2461 5229 2516 5282 δὲ
2538 5231 2619 5282 ὅτι
2663 5225 2824 5300 ἦλθον
2867 5229 3129 5293 πολλάκις
3160 5229 3504 5285 λιθόλευστον
3543 5227 3770 5299 ποιῆσαι

2190 5323 2238 5373 οἱ
2273 5321 2382 5375 ἀπὸ
2407 5320 2501 5373 τοῦ
2529 5320 2682 5384 λαοῦ,
2715 5323 2810 5375 καὶ
2837 5321 2996 5375 τοῦτο
3033 5323 3344 5395 γέγραπται
3363 5339 3376 5353 ·
3403 5323 3498 5375 καὶ
3526 5317 3594 5394 ἦν
3623 5320 3770 5390 αὐτῷ

2195 5413 2393 5484 πατρὶς
2423 5413 2522 5483 οὐχ
2553 5414 2603 5466 οἱ
2645 5413 2782 5468 λίθοι
2826 5414 2973 5478 τινὸς
3015 5414 3202 5480 τόπου,
3251 5413 3362 5468 ἀλλ’
3396 5415 3444 5467 οἱ
3475 5410 3771 5487 ἀκολουθήτ

2197 5521 2384 5568 σαντες
2411 5504 2561 5576 αὐτῷ
2585 5507 2614 5558 ὁ
2639 5505 2786 5570 λαὸς,
2857 5507 2987 5578 παρ’
3023 5500 3104 5570 οἷς
3149 5507 3244 5560 καὶ
3298 5505 3461 5570 αὐτὸς
3497 5502 3767 5577 ἠτιμώθη.

575 5681 595 5709 ⁸
624 5681 809 5736 Matth.
852 5683 1074 5751 xm,l7.
1145 5683 1167 5716 "
1197 5683 1318 5738 Act.
1373 5699 1468 5751 vn,
1504 5681 1598 5738 52.
1656 5680 2003 5738 ⁸1ΤΙιεεεα1.
2039 5700 2077 5737 ll

2183 5686 2216 5750 ἱ,
2258 5685 2342 5738 l5.
2419 5685 2440 5717 ⁵
2467 5684 2624 5740 Joan.
2667 5701 2721 5750 ν,
2747 5685 2836 5741 46.
2915 5685 2959 5717 ¹⁰
2992 5683 3194 5741 Jercm.
3229 5701 3321 5751 xx,
3353 5685 3406 5740 9.
3485 5685 3527 5717 “
3559 5683 3695 5739 ibid.
3719 5679 3773 5740 7.
