4094 6290
339 433 446 491 889

1325 435 1681 492 COMMEN'I‘.
1726 436 1794 490 IN
1834 435 2252 492 ΜΑΤηἸΙΙίΕιέΜ
2293 436 2528 495 TOMUS
2567 436 2632 490 Χ.

3492 444 3596 499 890

2985 485 3066 529 ε.ιά

343 548 535 604 Ἰἰλίου
560 550 974 622 προεληλυθέναι
1000 549 1091 604 τὸν
1141 551 1411 622 Ἰωάννην,
1449 570 1467 602 1
1509 555 1620 616 τοῖς
1650 551 1744 605 νῦν
1775 552 1898 604 ὑπο-

2008 552 2239 607 cessissc
2275 552 2331 606 in
2372 552 2564 622 spiritu
2597 549 2726 606 Elize
2749 558 2804 604 et
2828 526 3192 636 νίηιιιᾲξζέέῇι
3214 555 3354 611 ratio
3385 566 3440 612 et
3465 573 3598 615 eon-

340 642 645 714 νοουμένοις
690 642 817 714 περὶ
879 642 1129 696 Ἰωάννου
1176 643 1271 696 καὶ
1323 643 1496 712 Ἰησοῦ
1544 644 1649 697 ὑπὸ
1689 643 1912 698 τούτων.

355 734 505 787 Ἐπεὶ
527 734 582 788 δὲ
617 732 832 805 πρῶτον
880 733 1178 805 ἐμάθομεν,
1212 733 1292 787 ὅτι
1325 735 1463 806 μετά
1493 735 1584 788 τὸν
1611 733 1916 808 πειρασμὸν

337 823 368 877 6
403 822 586 894 Σωτὴρ
620 821 880 886 ἀκούσας,
912 823 993 875 ὅτι
1031 822 1281 892 Ἰωάννης
1309 823 1610 896 παρεδόθη,
1639 824 1916 896 ἀνεχώρη-

337 925 428 963 σεν
450 913 529 976 είς
552 913 650 977 τὴν
674 912 963 967 Γαλιλαίαν
983 953 999 978 ,
1026 911 1279 984 δεύτερον
1312 913 1388 975 δὲ,
1419 914 1500 967 ὃτι
1528 915 1586 967 ὲν
1608 915 1684 986 τῷ
1712 914 1919 984 δεσμω-

330 1001 502 1072 τηρίῳ
534 1002 838 1073 τυγχάνων,
874 1006 1112 1069 ἀκούσας
1152 1003 1262 1075 (52)
1301 1003 1370 1056 τὰ
1403 1005 1532 1074 περὶ
1566 1005 1660 1058 τοῦ
1711 1004 1912 1076 Ἰησοῦ,

333 1109 351 1140 ι
381 1091 600 1162 πέμψας
629 1094 723 1146 δύο
751 1096 859 1148 τῶν
891 1095 1146 1168 μαθητῶν
1179 1095 1366 1159 αὐτοῦ,
1406 1090 1560 1150 εἶπεν
1605 1097 1753 1167 αὐτῷ
1777 1114 1791 1126 ·
1838 1098 1911 1149 Σὺ

327 1176 379 1233 εἷ
408 1184 437 1234 ό
463 1185 779 1256 ἐρχόμενος,
809 1186 842 1256 ἢ
873 1187 1056 1254 ἕτερον
1089 1188 1505 1260 προσδοκῶμεν,
1550 1208 1568 1240 1
1612 1190 1703 1241 καὶ
1731 1188 1912 1259 τρίτον

329 1273 690 1340 ἁπαξαπλῶς,
734 1277 815 1329 ὅτι
859 1277 1104 1348 Ἡρώδης
1146 1272 1269 1330 εἷπε
1303 1281 1430 1350 περὶ
1459 1277 1553 1331 τοῦ
1598 1277 1794 1348 Ἰησοῦ,
1829 1279 1912 1332 ὅτι

330 1380 351 1414 1
373 1365 548 1429 Αὐτός
574 1368 720 1420 ἐστιν
756 1368 1005 1439 Ἰωάννης
1021 1370 1048 1420 6
1063 1368 1390 1440 Βαπτιστὴς,
1404 1370 1566 1433 αὐτὸς
1581 1369 1785 1440 ὴγέρθη
1803 1368 1912 1424 ἀπὸ

323 1453 436 1506 τῶν
464 1457 696 1527 νεκρῶν,
723 1476 743 1508 1
779 1457 1074 1529 οὐδαμόθεν
1103 1459 1160 1511 δὲ
1199 1461 1558 1532 προέγνωμεν
1586 1462 1678 1514 τὸν
1707 1462 1908 1531 τρόπον

323 1545 425 1615 τῆς
469 1547 793 1618 ἀναιρέσεως
838 1548 932 1601 τοῦ
991 1550 1331 1604 Βαπτιστοῦο
1362 1550 1653 1606 διὰιτοῦτο
1680 1551 1774 1606 νῦν
1814 1551 1908 1604 καὶ

323 1635 486 1690 τοῦτο
515 1639 820 1712 ἀνέγραψεν
847 1643 876 1694 6
901 1641 1197 1708 Ma:0aio;,
1231 1645 1324 1698 καὶ
1355 1646 1384 1696 6
1417 1644 1642 1716 Μάρκος
1669 1645 1725 1698 δὲ
1759 1646 1907 1718 αὐτῷ

324 1729 724 1801 παραπλησίως
743 1748 756 1760 ·
787 1734 815 1785 6
843 1733 899 1785 δὲ
926 1734 1139 1798 Λουκᾶς
1165 1734 1234 1788 τὰ
1267 1735 1437 1788 πολλὰ
1465 1738 1564 1808 τῆς
1596 1736 1746 1809 παρά
1777 1737 1905 1790 τού--

320 1833 440 1884 τοις
465 1823 886 1896 παρεσιώπησεν
921 1827 1178 1896 ἱστορίας.

396 1997 627 2066 Ἕχειδὲ
661 1998 832 2064 οὕτως
871 2003 904 2072 ή
948 2001 1043 2055 τοῦ
1083 2003 1361 2057 Ματθαίου
1406 2003 1581 2072 λέξιςο
1633 2025 1652 2056 1
1699 2006 1756 2060 Ὁ
1793 2005 1902 2079 γὰρ

329 2089 600 2162 Ἡρώδης,
648 2095 931 2164 κρατήσας
961 2093 1052 2147 τὸν
1099 2096 1370 2169 Ἰωάννην,
1420 2097 1605 2168 ἔδησεν
1644 2097 1805 2150 αὑτὸν
1842 2100 1902 2154 ἐν

316 2183 383 2251 τῇ
432 2182 673 2254 φυλακῇ.
710 2203 729 2235 1
763 2184 859 2248 Είς
896 2184 1050 2238 ταῦτ’
1081 2182 1174 2240 οὗν
1200 2187 1348 2241 δοκεῖ
1383 2205 1470 2259 μοι
1517 2189 1618 2253 ὅτι,
1651 2187 1840 2260 ὥσπερ
1872 2191 1902 2242 6

316 2273 482 2343 νόμος
512 2275 607 2328 καὶ
636 2276 686 2328 οἱ
732 2277 1006 2348 προφῆται
1036 2278 1196 2350 μέχρι
1240 2279 1510 2344 Ἰωάννου,
1545 2280 1660 2351 μεθ’
1691 2279 1748 2332 ὃν
1781 2281 1904 2352 ἐλη-

318 2363 407 2430 ξεν
441 2365 477 2434 ἡ
515 2368 826 2440 προφητικὴ
859 2369 966 2422 ἀπὸ
1009 2370 1276 2424 Ἰουδαίων
1305 2372 1464 2442 χάρις
1484 2389 1498 2402 ο
1528 2371 1704 2436 οὕτως
1730 2375 1763 2444 ἡ
1793 2373 1902 2426 τῶν

317 2456 754 2528 βασιλευσάντων
789 2461 895 2532 (55)
935 2464 993 2515 ὲν
1030 2461 1109 2532 τῷ
1149 2463 1263 2534 λαῷ
1314 2463 1552 2530 ἐξουσία,
1607 2465 1768 2536 μέχρι
1801 2465 1897 2518 τοῦ

314 2552 565 2624 ἀναιρεῖν
615 2555 742 2618 τοὺς
781 2553 1169 2627 νομιζομένους
1211 2555 1394 2623 ἀξίους
1441 2557 1670 2610 θανάτου
1719 2558 1902 2621 αὐτοῖς

315 2643 668 2718 ὑπάρχουσα,
696 2647 800 2710 ἕως
853 2647 1103 2701 Ἰωάννου
1143 2646 1232 2720 ἦν,
1268 2649 1362 2703 καὶ
1404 2649 1780 2722 ἀναιρεθέντος
1804 2646 1898 2702 τοῦ

313 2739 628 2792 τελευταίου
652 2738 760 2792 τῶν
785 2742 1077 2810 προφητῶν
1113 2743 1440 2814 παρανόμως
1465 2745 1569 2798 ὑπὸ
1589 2744 1683 2797 τοῦ
1725 2742 1902 2816 Ἦρώο

314 2827 434 2891 δου,
472 2829 720 2900 ἀφῃρέθη
763 2832 791 2883 6
836 2831 1106 2886 Ἰουδαίων
1136 2832 1386 2903 βασιλεὺς
1413 2834 1512 2903 τῆς
1537 2833 1630 2886 τοῦ
1657 2834 1901 2904 ἀναιρεῖν

315 2919 596 2986 ἐξουσίας·
638 2923 684 2973 εί
715 2921 824 2992 γὰρ
852 2922 925 2993 μὴ
966 2922 1214 2993 ἀφῄρητο
1241 2923 1410 2994 αὐτὴν
1439 2925 1466 2976 6
1508 2922 1772 2994 Ἡρώδης,
1799 2926 1901 2977 οὐκ

311 3009 382 3062 ἂν
413 3009 658 3064 ἐδίκασεν
693 3013 722 3064 6
767 3013 997 3075 Πιλάτος
1031 3013 1122 3067 τὸν
1167 3013 1372 3084 Ἰησοῦν
1415 3013 1510 3084 τὴν
1539 3015 1630 3067 ἐπὶ
1662 3015 1897 3085 θανάτῳ,

312 3099 432 3154 ἀλλ’
481 3101 715 3172 ἤρκεσεν
761 3101 828 3154 ἂν
871 3104 952 3166 είς
992 3101 1151 3156 τοῦτο
1195 3102 1438 3174 Ἡρώδης
1480 3104 1624 3175 μετὰ
1654 3105 1753 3176 τῆς
1789 3106 1900 3159 τῶν

311 3191 618 3264 ἀρχιερέων
648 3192 782 3266 (51),
812 3195 908 3248 καὶ
929 3195 1312 3267 πρεσϐυτέρων
1346 3195 1444 3249 τοῦ
1474 3196 1603 3250 λαοῦ
1634 3197 1714 3262 είς
1743 3198 1900 3252 τοῦτο

2019 644 2288 698 venientia
2313 660 2437 699 cum
2474 643 2541 699 iis
2576 660 2697 714 qu:e
2727 644 2815 699 isti
2849 645 2916 700 de
3279 647 3408 705 Jesu
3435 667 3600 708 exco-

2017 737 2277 807 gitarunt.
2315 735 2762 804 Quandoquidem
2801 748 2981 792 autem
3306 741 3598 800 didicimus

2019 831 2388 897 Servatorem,
2420 840 2709 902 postquam
2747 822 3210 902 audivissetzpost
3245 835 3596 892 tentationem

2015 922 2278 978 Joannem
2328 938 2449 978 esse
2493 923 2786 986 traditum,
2839 891 3233 1010 seeessﬁs‘és‘in
3275 924 3594 984 Galilaeam:

2015 1013 2210 1069 deinde
2255 1014 2548 1070 didicimus
2572 1012 2835 1067 Joannem
2885 1001 3028 1068 cum‘
3057 1001 3232 1088 esset"
3269 1017 3322 1070 in
3355 1033 3595 1086 carcere,

2015 1120 2192 1176 eaque
2220 1106 2463 1161 audisset
2502 1121 2623 1175 quae
2649 1106 2714 1159 de
2738 1104 2867 1160 Jesu
2896 1098 3220 1160 dicebantur
3251 1107 3316 1173 δ’,
3361 1127 3380 1160 1
3412 1110 3598 1163 misis-

2014 1204 2206 1265 sctque
2233 1196 2372 1250 duos
2412 1195 2478 1250 de
2514 1195 2798 1265 discipulis
2837 1197 2977 1261 suis,
3027 1197 3231 1280 dix‘issc
3280 1199 3396 1253 illi:
3434 1207 3488 1253 tu
3534 1215 3597 1254 es
3696 1181 3705 1196 '

2014 1287 2106 1356 qui
2152 1295 2416 1341 venturus
2455 1302 2545 1351 es,
2599 1301 2666 1340 an
2720 1287 2884 1340 alium
2935 1288 3396 1363 exspectamush
3435 1291 3594 1344 tertio

2012 1375 2278 1430 Herodem
2311 1376 2654 1430 solummodo
2683 1376 2890 1432 dixisse
2937 1377 3004 1432 de
3039 1376 3166 1433 Jesu
3189 1421 3205 1446 ,
3252 1399 3270 1431 1
3307 1395 3432 1435 eum
3473 1395 3595 1436 esse

2009 1467 2273 1524 Joannem
2305 1468 2620 1538 Baptistam,
2650 1469 2826 1538 ipsum
2851 1470 3155 1525 surrexisse
3175 1487 3204 1524 a
3228 1473 3459 1527 mortuis
3476 1473 3540 1539 ",
3565 1491 3588 1524 1

2011 1578 2187 1632 neque
2221 1571 2400 1616 tamen
2435 1562 2587 1632 prius
2621 1562 2978 1633 cognovimus
3015 1578 3122 1632 qua
3173 1557 3384 1620 ratione
3425 1565 3592 1619 inter-

2009 1651 2183 1708 fectus
2228 1653 2298 1708 sit
2338 1651 2609 1720 Baptista;
2657 1664 2941 1722 propterea
2991 1669 3138 1708 nunc
3191 1654 3321 1708 illud
3371 1653 3593 1724 scripsit

2005 1744 2313 1809 Matthzeus,
2345 1753 2399 1798 et
2428 1744 2500 1798 ita
2531 1743 2922 1813 propemodum
2957 1742 3173 1800 Marcus
3200 1763 3212 1798 :
3249 1745 3422 1800 Lucas
3463 1763 3590 1800 vero

2007 1835 2302 1889 maximam
2334 1835 2454 1904 ejus
2480 1850 2601 1904 qua:
2629 1833 2773 1904 apud
2803 1835 2927 1890 illos
2970 1845 3054 1890 est
3098 1836 3340 1891 historia:
3381 1846 3588 1906 partem

2004 1923 2370 1994 przetermisit.

2074 2015 2165 2069 21.
2197 2013 2287 2070 Sic
2313 2022 2492 2068 autem
2532 2029 2591 2070 se
2621 2013 2821 2068 habent
2860 2013 3099 2069 Matthazi
3125 2015 3288 2070 verba
3309 2015 3356 2048 “
3383 2033 3396 2069 :
3429 2033 3448 2067 1
3484 2013 3592 2070 He-

2004 2108 2165 2162 rodes
2202 2107 2346 2162 enim
2377 2105 2548 2160 tenuit
2574 2103 2861 2168 Joannem,
2891 2115 2946 2160 et
2969 2107 3211 2176 alligavit
3239 2122 3363 2161 eum
3389 2107 3442 2161 in
3473 2123 3593 2162 car-

2004 2215 2147 2254 cere.
2182 2216 2202 2250 1
2245 2198 2327 2253 Ad
2374 2197 2427 2253 id
2455 2198 2619 2268 igitur
2667 2198 2879 2252 videtur
2921 2198 3078 2262 mihi,
3128 2198 3588 2267 quemadmodum

2003 2292 2088 2346 lex
2107 2300 2160 2346 et
2175 2291 2448 2361 propheta:
2464 2290 2640 2345 locum
2666 2290 2976 2345 habuerunt
3001 2291 3065 2345 ad
3096 2289 3359 2345 Joannem
3391 2307 3587 2362 usque,

2003 2392 2126 2454 post
2152 2397 2312 2451 quem
2337 2382 2563 2438 recessit
2598 2398 2628 2436 a
2668 2381 2872 2437 Iudaeis
2917 2382 3232 2452 prophetica
3265 2381 3476 2451 gratia;
3513 2383 3587 2436 ita

2002 2471 2349 2541 regnantium
2391 2472 2446 2525 in
2495 2471 2697 2540 populo
2736 2479 3078 2540 potestatem,
3119 2486 3225 2540 qua
3271 2471 3340 2525 ad
3381 2471 3588 2526 interli-

2003 2561 2224 2617 ciendos
2257 2577 2376 2627 eos,
2417 2562 2510 2631 qui
2555 2571 2731 2616 morte
2774 2562 2922 2633 digni
2973 2560 3370 2631 judicarentur,
3421 2561 3587 2632 polle-

2003 2655 2156 2719 bant,
2193 2653 2260 2708 ad
2294 2652 2559 2708 Joannem
2612 2667 2786 2722 usque
2835 2667 3255 2722 perseverasse;
3310 2661 3364 2706 et
3393 2663 3587 2721 praztcr

2002 2744 2088 2799 fas
2120 2742 2408 2798 interfecto
2441 2743 2511 2798 ab
2559 2741 2774 2797 Herode
2823 2743 3125 2798 novissimo
3171 2744 3583 2815 prophetarum,

2001 2837 2313 2893 Judreorum
2347 2852 2524 2902 regem
2564 2844 2834 2906 potestate
2863 2836 3222 2893 interﬁciendi
3256 2837 3427 2894 fuisse
3470 2839 3584 2909 pri-

2002 2938 2209 2982 vatum.
2241 2927 2354 2981 Nisi
2387 2927 2530 2980 enim
2561 2941 2622 2979 ea
2651 2926 2946 2981 excidisset
2975 2925 3238 2992 Herodes,
3265 2928 3452 2983 Jesum
3489 2945 3584 2985 ca-

2001 3017 2111 3088 pite
2139 3031 2246 3070 non
2276 3014 2593 3071 damnasset
2623 3011 2853 3078 Pilatus,
2883 3015 2975 3068 sed
3009 3015 3143 3070 satis
3185 3016 3250 3070 ad
3295 3015 3347 3070 id
3393 3016 3588 3072 fuisset

2002 3107 2266 3172 Herodes,
2291 3121 2415 3160 cum
2443 3103 2672 3160 consilio
2692 3104 3010 3174 pontilicum
3033 3105 3198 3176 470
3224 3115 3276 3161 et
3304 3109 3584 3167 seniorum

2007 3195 2216 3266 populi.
2249 3192 2315 3248 Et
2366 3201 2516 3258 tunc,
2574 3193 2789 3261 opinor,
2847 3193 3126 3262 impletum
3157 3204 3241 3250 est
3290 3195 3342 3252 id
3378 3196 3524 3266 quod
3552 3213 3584 3254 τι

373 3352 422 3388 ⁸ο
447 3351 589 3409 Luc.
626 3370 682 3422 ι,
712 3354 802 3411 17.
878 3355 921 3388 ⁵¹
953 3355 1148 3411 Matth.
1185 3372 1270 3423 Il,
1302 3356 1357 3423 2,
1385 3358 1448 3420 3;
1475 3357 1610 3412 Luc.
1639 3361 1744 3424 vit,
1783 3357 1870 3426 19,

2085 3357 2130 3389 δ’
2164 3355 2355 3410 Matth.
2399 3369 2522 3421 xw,
2560 3354 2615 3410 2.
2711 3353 2758 3386 “
2795 3354 2926 3409 ibid.
2957 3355 3011 3409 5.

375 3535 502 3605 ('69)
544 3537 664 3591 ’Ὁτι
716 3535 990 3609 Ἰωάνξνης
1027 3539 1323 3608 παρεδόθη
1345 3579 1360 3604 ,
1391 3540 1778 3609 ἀνεχώρησεν
1804 3543 1893 3607 είς

2002 3541 2148 3595 ribus
2176 3537 2380 3609 Christi
2413 3536 2562 3609 ultra,
2581 3552 2736 3608 reges
2785 3535 2928 3606 apud
2969 3535 3201 3609 Judazos
3216 3553 3323 3609 non
3361 3540 3586 3596 exsule-

297 3604 417 3680 τὴν
457 3604 825 3680 Falcidian
855 3604 1226 3680 δώτεροῦῥὲ
1252 3604 1341 3663 ὅτι
1370 3609 1439 3662 ἐν
1469 3604 1549 3676 τῶ
1580 3604 1892 3680 δεσμωτηὲ

293 3676 769 3748 ρων-τυγχάνων
797 3679 1087 3748 ἀκούσας.
1139 3677 1264 3732 Haec
1287 3695 1409 3748 qua:
1440 3676 1893 3735 desiderabantur

302 3745 358 3820 in
387 3745 717 3820 .Holmiensi
774 3756 830 3802 et
876 3747 1046 3820 Regio
1109 3745 1424 3820 codicibus,
1469 3759 1634 3820 atque
1672 3750 1807 3804 adeo
1839 3750 1892 3804 in

303 3815 795 3890 llugliieditione,
822 3815 1172 3890 supplentur
1205 3833 1238 3874 e
1269 3815 1568 3886 Vaticano,
1595 3820 1894 3890 Anglicano

304 3895 360 3941 et
388 3886 700 3941 Tariniano
733 3886 892 3941 codd.
921 3886 1060 3942 mss.
1636 3935 1639 3938 .

368 3955 495 4028 (55)
540 3956 740 4022 Οὕτως
762 3955 983 4028 -ήξτῶν
1016 3957 1561 4028 βασιλευσάντων,
1605 3967 1711 4014 etc.
1749 3958 1890 4013 Cum

301 4024 628 4097 Judmorum
662 4026 806 4096 regis
829 4026 942 4097 hoc
990 4031 1111 4082 loco
1155 4029 1402 4082 meminit
1448 4024 1744 4097 Origenes,
1785 4042 1896 4082 non

302 4094 536 4179 Judaeos
559 4094 776 4179 proprie
807 4095 984 4179 dictos
1015 4097 1299 4179 intellexit,
1315 4098 1439 4179 ‘sed
1488 4094 1774 4162 Galilreos,
1801 4098 1895 4179 qui

301 4163 517 4238 Judzea:
557 4163 673 4220 late
697 4177 931 4238 sumpta;
951 4182 1080 4235 pars
1112 4165 1716 4238 erant.iNonnunquam
1748 4163 1895 4221 enim

304 4233 521 4291 Judma!
565 4235 786 4290 nomine
814 4233 1040 4290 veniunt
1073 4237 1248 4292 tribus
1277 4233 1600 4292 duodecim':
1638 4253 1896 4292 nonnun-

304 4320 481 4376 quam
505 4305 645 4376 solae
673 4305 848 4376 tribus
867 4303 1022 4360 Judae
1053 4315 1107 4361 et
1132 4305 1438 4376 Benjamin.
1464 4308 1542 4362 Ita
1573 4307 1897 4362 Ptolemaeus

305 4375 458 4446 libro
489 4373 787 4446 Geograph.
830 4392 900 4436 v.
947 4391 1070 4446 cap.
1114 4373 1511 4446 16,'Judaeam
1558 4376 1895 4440 describens.

306 4444 686 4517 Galilazamlin
720 4459 822 4508 ea,
872 4444 1211 4510 Samariam,
1261 4445 1502 4517 Judaeam
1544 4447 1764 4517 proprie
1817 4446 1898 4517 di-

305 4525 460 4570 ctam
481 4555 498 4580 ,
521 4523 576 4570 et
603 4514 904 4585 ildumaeam
933 4518 1363 4585 comprehendit.
1396 4515 1511 4585 Hoc
1537 4514 1700 4572 sensu
1734 4515 1896 4571 intel—

307 4585 566 4654 ligendus
596 4584 816 4654 Qavidis
847 4587 1000 4654 locus
1029 4584 1099 4638 :1
1131 4584 1304 4642 Notus
1339 4587 1390 4640 in
1429 4584 1616 4642 Judaza
1650 4586 1834 4652 Deus;
1871 4605 1891 4639 1

308 4652 369 4708 et
392 4655 488 4725 ille
519 4672 532 4708 :
569 4673 589 4706 1
615 4652 780 4708 Facta
809 4664 894 4709 est
933 4653 1120 4710 Judaaa
1171 4656 1530 4710 sanctiﬁcatio
1569 4657 1708 4725 ejus.
1740 4675 1759 4708 1
1797 4655 1899 4710 Mi-

308 4724 552 4796 randum
595 4739 762 4796 porro
788 4734 876 4796 est
919 4727 1200 4781 censuisse
1228 4726 1514 4796 Origenem
1553 4724 1757 4780 nullam
1789 4742 1900 4782 am—

317 4796 466 4862 plius
495 4793 719 4859 Herodi,
751 4795 982 4866 ejusque.
1025 4793 1436 4851 successoribus
1461 4795 1629 4866 fuisse
1657 4804 1899 4866 potesta-

1996 3619 2146 3667 runt.
2179 3627 2199 3662 1
2252 3607 2388 3662 Nam
2437 3604 2696 3679 Agrippa,
2726 3604 2952 3679 regnum
3003 3604 3234 3679 Herodis
3289 3608 3344 3662 in
3395 3621 3578 3679 partes

1996 3689 2204 3735 sectum
2235 3693 2299 3732 ex
2333 3693 2455 3748 asse
2487 3674 2746 3748 possedit.
2771 3674 2890 3748 Quo
2913 3686 3128 3748 mortuo
3162 3674 3339 3748 Syriae
3367 3674 3578 3747 adjecta

1995 3759 2081 3804 est
2122 3747 2330 3802 Judaea.
2376 3747 2531 3812 Quod
2578 3755 2757 3816 autem
2787 3746 2951 3800 habet
2984 3746 3077 3800 lib.
3118 3762 3170 3798 tv
3205 3746 3260 3800 in
3302 3746 3473 3816 Epist.
3512 3749 3580 3803 ad

1997 3818 2277 3873 Romanos
2304 3835 2318 3871 :
2357 3835 2375 3868 1
2403 3817 2600 3870 Annon
2631 3814 2756 3883 jure
2783 3816 2985 3870 dicitur
3022 3817 3074 3868 in
3109 3815 3211 3870 hac
3244 3814 3397 3884 parte
3431 3833 3583 3873 mor-

1998 3899 2125 3943 tuus
2154 3903 2335 3943 sermo
2367 3887 2535 3956 legis,
2565 3888 2653 3956 cui
2680 3885 2836 3956 nulla
2884 3885 3186 3956 sacriﬁcia,
3233 3885 3442 3940 nullum
3491 3903 3580 3942 sa-

1998 3957 2299 4012 cerdotium
2325 3998 2340 4022 ,
2385 3953 2532 4010 nulla
2564 3954 2788 4010 Levitici
2832 3955 3039 4010 ordinis
3075 3953 3398 4010 deferuntur
3426 3956 3584 4011 mini-

1998 4028 2204 4082 steria?
2233 4026 2570 4081 Homicidam
2605 4025 2798 4094 punire
2842 4040 2950 4078 non
2997 4031 3208 4094 potest,
3237 4040 3336 4080 nec
3365 4027 3580 4082 adulte-

1998 4113 2119 4152 rum
2155 4096 2395 4166 lapidare
2425 4111 2436 4147 :
2473 4096 2588 4166 hare
2620 4095 2768 4166 enim
2799 4094 2903 4148 sibi
2929 4095 3170 4166 vindicat
3202 4094 3577 4150 Romanorum

2035 4164 2279 4230 otestas;
2320 4174 2374 4219 et
2416 4165 2634 4219 dubitas
2685 4165 2864 4218 adhuc
2907 4164 2954 4218 si
3001 4172 3216 4218 mortua
3269 4167 3343 4221 sit
3388 4166 3580 4221 litteras

2019 4237 2124 4290 ex?
2150 4255 2168 4285 1
2204 4235 2257 4289 ιιι
2286 4235 2517 4304 pertinet
2543 4234 2610 4287 ad
2643 4233 2889 4303 Origenis
2921 4242 3156 4304 aetatem,
3191 4233 3453 4304 quaﬂjam
3501 4251 3581 4290 re-

1999 4305 2084 4376 gia
2119 4303 2365 4376 potestas
2382 4345 2396 4366 ,
2431 4304 2660 4373 ejusque
2686 4303 2970 4376 potestatis
2991 4304 3190 4376 imago
3217 4307 3272 4374 in
3301 4303 3579 4376 Romanos

2000 4371 2314 4430 transierat.
2335 4371 2720 4442 Quo‘tem’por’e
2740 4373 3005 4442 quidquid
3027 4371 3341 4428 Judaeorum
3365 4375 3582 4430 ethnar-

1999 4447 2115 4500 chae
2147 4453 2418 4514 poterant,
2449 4443 2664 4498 Caesare
2693 4443 3049 4514 gratiﬁcante,
3079 4445 3464 4514 impetrabant,
3495 4446 3578 4500 vel

1999 4515 2120 4585 ipso
2147 4511 2532 4585 dissimulante
2569 4515 2930 4585 attentabant.
2965 4511 3227 4585 Origenes
3266 4516 3333 4568 ad
3364 4515 3578 4569 Africa-

2000 4582 2130 4640 tium‘
2157 4601 2172 4636 :
2207 4584 2322 4638 Νῦν
2359 4583 2489 4653 γοῦν
2522 4584 2810 4652 Ῥωμαίων
2851 4582 3276 4653 βασιλευόντων,
3309 4585 3404 4638 καὶ
3451 4585 3581 4638 Ἰου-

1997 4654 2161 4726 δαίων
2213 4652 2584 4726 τδδίδραχμα
2623 4654 2807 4726 αὐτοῖς
2853 4652 3178 4726 τελούντων,
3228 4655 3332 4726 ὅσα
3366 4671 3581 4726 συγχω-

2001 4724 2531 4796 ροῦντοςΚᾳίσαρος
2565 4725 2592 4776 6
2630 4725 2902 4796 ἐθνάρχης
2936 4725 3066 4795 παρ’
3099 4724 3283 4796 αὐτοῖς
3315 4724 3574 4796 δύναται,

1998 4792 2072 4858 ὧς
2118 4795 2282 4866 μηδὲν
2309 4792 2585 4866 διαφέρειν
2623 4792 2999 4866 βασιλεύοντος
3021 4792 3135 4866 ’τοῦ
3164 4792 3349 4866 ἔθνους
3368 4835 3384 4860 ,
3413 4795 3577 4866 ίσμεν

310 4872 419 4918 tem
469 4862 934 4936 animadvertendi
970 4865 1022 4936 in
1052 4882 1212 4931 reos;
1246 4881 1369 4920 nam
1407 4865 1472 4920 ad
1504 4862 1770 4921 Herodem
1803 4864 1892 4921 Je-

2002 4867 2046 4919 0i
2074 4862 2497 4936 πεπειραμένοι·
2523 4862 2730 4936 γίνεται
2755 4863 2821 4936 δὲ⁸
2845 4865 2946 4936 καί
2975 4863 3236 4936 κριτήρια
3275 4862 3576 4936 λεληθότως

315 4946 436 4987 sum
465 4934 614 4988 misit
653 4933 886 5000 Pilatus,
912 4935 1005 5002 qui
1035 4936 1228 5002 capitis
1253 4950 1478 4990 causam
1508 4951 1689 4992 coram
1716 4951 1782 4991 eo
1805 4936 1890 4991 di-

309 5012 489 5076 ceret,
516 5014 808 5076 postquam
865 5006 1010 5076 hunc
1043 5002 1320 5076 Galilarum
1351 5021 1505 5072 esse,
1549 5007 1618 5060 ad
1661 5006 1888 5076 ejusque

311 5073 574 5146 ditionem
595 5075 929 5146 ppertinere
969 5074 1291 5146 intellegit,
1323 5085 1382 5130 ut
1425 5085 1508 5129 est
1551 5073 1703 5146 apud
1751 5073 1885 5132 Luc.

309 5155 472 5202 xxttt,
501 5144 552 5197 7.
591 5143 657 5198 Et
704 5145 772 5198 ab
805 5157 871 5197 eo
900 5143 1212 5198 damnando
1245 5145 1366 5199 ideo
1397 5162 1454 5200 se
1483 5143 1690 5200 tantum
1718 5146 1890 5200 absti-

311 5215 432 5286 nuit
479 5212 758 5286 Herodes,
804 5224 859 5286 et
902 5215 970 5268 ad
1012 5213 1514 5286 Pilatumremisit,
1545 5217 1631 5286 vel
1655 5233 1764 5286 quo
1790 5231 1889 5284 par

309 5284 430 5349 ejus
465 5283 707 5338 comitati
738 5283 982 5347 referret,
1007 5285 1090 5337 vel
1119 5284 1264 5352 quod
1307 5287 1576 5339 insontem
1607 5283 1885 5339 Christum

283 5353 601 5424 .t‘epcriret.
625 5353 859 5422 Agrippa
886 5355 1073 5424 etiam,
1099 5352 1329 5424 Herodis
1350 5355 1558 5424 Antipte
1574 5371 1882 5422 successor,

311 5421 544 5489 ejusque
580 5421 769 5477 fratris
797 5425 970 5486 illius,
1001 5421 1264 5478 Jacobum
1297 5421 1541 5479 Zebediei
1597 5426 1763 5479 lilium
1800 5441 1892 5479 ca-

313 5494 423 5562 pite
454 5493 682 5562 plexuit,
713 5503 771 5546 ut
802 5493 955 5548 docet
989 5495 1129 5547 idem
1165 5491 1298 5547 Luc.
1323 5499 1440 5549 Act.
1475 5511 1573 5559 xu,
1598 5496 1652 5548 2.
1676 5494 1887 5562 Integra

314 5559 484 5623 igitur
518 5560 616 5632 fuit
650 5561 756 5616 iliis
789 5573 842 5616 et
875 5564 1034 5632 plane
1074 5565 1218 5632 regia
1251 5573 1374 5632 post
1398 5563 1626 5618 Joannis
1657 5559 1884 5618 mortem

312 5644 450 5703 reos
484 5631 740 5703 puniendi
789 5631 1047 5703 potestas.
1101 5631 1280 5688 Nihilo
1326 5637 1496 5703 magis
1531 5651 1714 5688 verum
1765 5644 1884 5700 est,

1995 4935 2138 5006 κατὰ
2165 4932 2255 4988 τὸν
2293 4932 2456 5006 νόμον
2476 4974 2491 4998 ,
2527 4932 3300 5006 καὶ’,καταδικάζονταίςτινες
3341 4932 3440 5006 τῆν
3462 4937 3577 5006 ,ἐπὶ

1997 5005 2211 5078 θανάτῳ
2231 5045 2245 5070 ,
2262 5003 2423 5078 *οὗτεῌ
2435 5005 2577 5078 μετά
2598 5003 2696 5078 τῆς
2724 5003 2907 5078 πάντη
2929 5003 3198 5078 είς-τοῦτο
3229 5003 3572 5078 παρρησίας,

1997 5021 2211 5076 υανατῳ
2231 5045 2245 5070 ,
2279 5021 2402 5057 ουτε
2435 5021 2572 5075 μετα
2598 5021 2696 5073 της
2724 5021 2866 5056 παντ
2929 5021 3008 5067 εις
3040 5021 3198 5057 τουτο
3229 5021 3572 5078 παρρησιας,

1993 5074 2116 5128 οὔτε
2150 5075 2288 5146 μετά
2334 5074 2425 5127 τοῦ
2455 5073 2736 5146 λανθάνειν
2767 5021 3263 5146 τονλτβασιλεύονταο
3299 5075 3576 5146 καὶτοῦτο

1995 5148 2053 5199 ὲν
2087 5143 2344 5217 τῇίχώρᾳ.
2385 5145 2480 5199 τοῦ
2529 5143 2714 5217 έθνους
2749 5143 2917 5197 πολὺν
2963 5144 3339 5217 διατρίψαντες
3383 5144 3574 5217 χρόνον

1997 5233 2064 5287 με
2113 5214 2416 5288 (ἐθήκαμεν,
2458 5214 2551 5270 καὶ
2588 5214 2907 5285 πεπληροφο
2946 5214 3145 5285 ήμεθα.
3182 5214 3446 5270 ﬂuentis.

2067 5233 2178 5356 834)
2217 5287 2379 5341 Μετὰ
2407 5285 2518 5354 τῆς
2541 5284 2661 5338 τῶν
2689 5231 3031 5354 ἀρχιερέων,
3049 5295 3172 5356 _etc.
3216 5285 3377 5356 Licet
3400 5284 3572 5354 Syne-

2067 5305 2178 5356 toa;
2217 5305 2379 5341 Μετα
2407 5305 2518 5354 της
2541 5305 2661 5338 των
2689 5305 3031 5354 αρχιερεων,
3067 5305 3172 5340 etc.
3224 5305 3377 5339 Lucet.
3401 5305 3571 5354 ομιτ-

1992 5357 2096 5411 drii
2128 5365 2448 5426 potestatem
2486 5357 2640 5410 valde
2683 5356 3016 5410 inlirmasset
3048 5352 3290 5426 Herodes
3320 5353 3571 5426 Magnus,

1993 5423 2176 5503 aliqua
2215 5436 2393 5480 tamen
2425 5426 2670 5495 pristina:
2703 5425 2850 5480 illius
2877 5425 3219 5479 auctoritatis
3244 5433 3298 5503 et
3333 5423 3570 5503 dignila-
3636 5480 3665 5503 ι,

1994 5498 2064 5551 tis
2094 5494 2292 5566 imago
2327 5494 2612 5566 supererat
2655 5513 2670 5550 :
2715 5508 3118 5566 proptereaque
3160 5494 3572 5566 tantihnominis
3634 5496 3652 5552 -‘_

1991 5581 2143 5620 reum
2173 5563 2544 5636 Je'rosolj'um,
2571 5567 2674 5620 hoc
2700 5563 2784 5620 est
2809 5563 2862 5620 in
2891 5563 3060 5634 ipsius
3082 5563 3335 5636 Synedrii
3361 5563 3571 5636 ditione
3633 5565 3636 5570 ’

1990 5651 2097 5690 non
2134 5633 2450 5690 damnasset
2508 5635 2780 5701 Herodes,
2830 5637 2975 5689 illius
3018 5635 3270 5700 injussu,
3298 5633 3381 5685 vel
3419 5641 3571 5685 certe

315 5702 459 5767 quod
491 5702 595 5772 lib.
627 5716 678 5754 tv
706 5703 848 5772 Περὶ
879 5701 1100 5771 ἀρχῶν,
1134 5719 1254 5772 cap.
1291 5704 1340 5768 1,
1363 5701 1584 5757 disserit
1610 5705 1883 5756 Adaman-
1987 5706 2083 5758 illo
2123 5706 2476 5766 adversante,
2512 5706 2600 5761 cui
2645 5714 2854 5759 tantum
2885 5704 3158 5759 tribuebat
3185 5702 3302 5771 ipse
3335 5702 3568 5766 Pilatus,

319 5774 464 5824 tius:
499 5769 988 5842 17Manifeslissinte
1017 5775 1158 5826 enim
1197 5769 1262 5827 ex
1308 5777 1424 5842 ipsa
1458 5774 1680 5828 historia
1717 5789 1882 5842 appa-

314 5851 398 5897 ret
427 5855 495 5896 ex
530 5841 618 5896 his
643 5855 765 5912 quae
801 5841 962 5896 hodie
999 5841 1382 5912 pervidenlur,
1417 5845 1544 5915 quia
1577 5861 1640 5900 ex
1677 5841 1882 5914 tenipo-

1988 5785 2047 5852 ut
2090 5774 2291 5829 Christi
2335 5790 2558 5852 c_a_us:_tm
2607 5775 2705 5846 ipsi
2765 5773 3146 5847 disputandam
3191 5773 3545 5852 relinqueret.

1985 5843 2140 5900 Joan.
2169 5859 2325 5914 xviii,
2353 5846 2440 5899 51.
2472 5847 2548 5900 lu.
