4094 6290
1536 301 1652 315 ..πμ-ι.

516 464 623 519 883
1984 469 2070 526 OB

2171 471 2303 528 ZNlS
3650 476 3756 533 884

519 586 634 633 tore
664 577 750 630 ’σε
798 593 816 627 ι
844 573 1153 630 Secundum
1182 575 1297 632 haec
1323 577 1467 632 enim
1506 576 1778 635 faciebant
1803 583 2070 653 prophetis

2183 587 2414 655 μισοῖτο,
2446 589 2540 640 καὶ
2570 586 2987 649 ἐπιϐουλεύοιτο,
3017 588 3093 650 ὡς
3120 585 3469 657 διωκόμενος,
3503 586 3598 642 καὶ
3619 588 3757 644 ὀνει-

514 682 698 742 patres
720 682 962 725 eorum.»
999 666 1099 734 Qui
1124 677 1304 724 autem
1335 669 1403 725 ad
1444 670 1560 726 haec
1585 671 1869 744 diligenter
1902 682 2070 729 atten-

2187 675 2464 748 διζόμενος
2488 677 2667 731 ἒνεκεν
2699 678 3060 749 δικαιοσύνης,
3094 678 3156 731 οὐ
3209 678 3366 749 μόνον
3405 677 3469 733 οὐ
3521 677 3756 753 λυπηθή-

515 764 626 828 det,
660 761 705 816 si
730 768 1011 830 propterea
1044 760 1192 830 quod
1218 761 1528 831 rigidiorem
1559 763 1725 817 vitam
1751 764 1921 832 ducit,
1950 769 2070 835 p'ce-

2192 783 2363 836 σεται,
2396 767 2531 821 ἀλλὰ
2564 771 2657 823 καὶ
2686 770 3003 841 χαρήσεται,
3032 770 3124 823 καὶ
3149 768 3553 837 ἀγαλλιάσεται,
3582 772 3756 827 πειθό-

512 861 810 922 cautesque
838 851 1100 920 increpat,
1134 851 1187 904 in
1224 850 1411 905 odium
1448 852 1698 918 incurrit,
1761 853 2070 923 insidiisque

2192 875 2351 928 μενος
2385 859 2473 914 διά
2499 860 2670 915 ταῦτα
2702 860 2890 932 μισθὸν
2911 860 3052 931 ἔχειν
3084 861 3248 915 πολὺν
3270 863 3326 914 ἐν
3368 864 3480 926 τοῖς
3507 863 3754 937 οὐρανοῖς

513 944 735 1016 petitur,
771 951 959 1011 utpote
1018 941 1111 1011 qui
1173 942 1605 1012 persecutionem
1660 952 1880 1012 propter
1918 944 2083 1014 justi-

511 1037 643 1091 tiam
675 1036 903 1107 patitur,
954 1035 1279 1105 probrisque
1326 1034 1651 1097 lacessitur,
1709 1048 1815 1087 non
1857 1033 2079 1100 dolebit,

511 1128 643 1196 quin
675 1126 857 1195 potius
908 1125 1183 1196 gaudebit,
1238 1133 1293 1178 et
1346 1124 1659 1190 exsultabit,
1706 1123 1787 1178 sic
1836 1124 2079 1179 animum

511 1217 796 1284 inducens,
831 1229 1052 1287 propter
1077 1216 1191 1271 haec
1222 1214 1524 1271 mercedem
1558 1229 1618 1269 se
1652 1213 1877 1268 multam
1902 1213 1956 1266 in
1977 1228 2083 1269 coe-

512 1308 579 1363 lis
603 1308 671 1363 ab
692 1320 758 1363 eo
795 1310 1165 1376 recepturum,
1222 1319 1252 1359 a
1287 1319 1397 1373 quo
1431 1302 1713 1373 prophetis
1739 1301 1842 1356 fuit
1864 1303 2081 1358 assimi-

2187 949 2296 1001 ἀπὸ
2323 950 2417 1004 τοῦ
2440 950 2800 1023 ὁμοιώσαντες
2836 951 2999 1006 αὐτὸν
3040 955 3151 1016 τοῖς
3194 954 3518 1025 προφήταις,
3567 956 3629 1007 ἐκ
3656 954 3751 1009 τοῦ

2186 1037 2361 1092 ταῦτα
2388 1041 2730 1097 πεπονθέναι.
2771 1042 3156 1114 ’Δτιμόιζεσθαι
3182 1043 3359 1098 τοίνυν
3378 1045 3437 1098 ὲν
3461 1043 3540 1116 τῷ
3563 1046 3752 1117 κόσμῳ

2188 1130 2282 1182 καὶ
2309 1132 2459 1202 παρὰ
2479 1136 2593 1198 τοῖς
2608 1133 2982 1205 ἁμαρτάνουσι
3025 1133 3378 1207 βαρουμένοις
3408 1134 3490 1206 τῷ
3518 1135 3616 1209 βίῳ
3656 1136 3753 1190 τοῦ
3806 1126 3823 1177 ι’

2187 1219 2397 1275 δικαίου
2424 1225 2529 1293 χρὴ
2554 1225 2646 1278 τὸν
2677 1224 2945 1298 ζηλοῦντα
2988 1226 3102 1298 βίον
3133 1228 3490 1299 προφητικὸν,
3513 1227 3607 1281 καὶ
3647 1245 3754 1299 χω-

2191 1311 2432 1382 ρήσαντα
2443 1314 2504 1367 τὸ
2531 1314 2591 1366 ἐν
2614 1316 2843 1380 ἐκείνοις
2873 1317 3118 1389 Πνεῦμα.

508 1404 678 1466 latus,
704 1397 847 1467 quod
878 1398 993 1448 haec
1045 1408 1240 1461 passus
1297 1391 1477 1446 fuerit.
1526 1390 1844 1446 Dedecorari
1898 1391 2065 1461 igitur
2121 1407 2334 1464 oportet
2378 1401 2435 1457 in
2493 1405 2729 1471 mundo,
2788 1414 2842 1461 et
2884 1421 2915 1461 a
2962 1408 3340 1476 peccatoribus
3401 1409 3563 1464 vitam
3607 1408 3742 1478 justi

510 1490 746 1557 graviter
795 1484 1129 1547 ferentibus,
1182 1497 1306 1536 eum
1370 1480 1464 1551 qui
1516 1481 1682 1534 vitam
1738 1480 2111 1550 propheticum
2164 1484 2437 1558 imitatur,
2496 1503 2551 1549 et
2597 1492 2855 1564 Spiritum
2912 1496 3007 1568 qui
3061 1498 3114 1552 in
3168 1500 3446 1570 prophetis
3482 1507 3612 1568 est,
3660 1516 3749 1557 ae-

514 1599 530 1635 ι
559 1581 671 1650 'pit.

581 1671 670 1726 £9.
698 1667 905 1724 Deinde
938 1665 1122 1721 videre
1179 1663 1304 1720 licet
1331 1663 1461 1718 illud
1486 1664 1570 1718 ἰι
1619 1682 1637 1716 ι
1669 1661 1787 1719 Non
1847 1661 1976 1719 fecit
1999 1663 2070 1720 ibi

2263 1668 2418 1741 Ἑξῆς
2449 1668 2598 1726 ἐστιν
2633 1672 2760 1727 ἰδεῖν
2796 1673 2877 1728 τό·
2933 1695 2952 1727 ι
2981 1675 3093 1731 Οὐκ
3126 1675 3378 1748 ἐποίησεν
3419 1678 3537 1732 ἐκεῖ
3588 1676 3752 1732 δυνάσ-

508 1763 738 1817 virtutes
776 1759 978 1814 multas
1025 1766 1245 1828 prepter
1301 1755 1735 1811 incredulitatem
1784 1755 2069 1811 illorum.»

2185 1777 2307 1831 μεις
2332 1762 2533 1827 πολλὰς
2557 1764 2646 1819 διὰ
2674 1766 2775 1837 τὴν
2821 1767 3075 1823 ἀπιστίαν
3124 1767 3357 1823 αὐτῶν.»
3411 1768 3513 1822 Διά
3543 1769 3754 1824 τούτων

510 1858 613 1914 Per
644 1857 735 1911 illa
764 1863 944 1910 autem
971 1852 1233 1907 docemur
1260 1850 1491 1904 virtutes
1523 1850 1577 1904 in
1611 1850 1956 1905 credentibus
1996 1847 2070 1903 fa-

2182 1847 2239 1902 δὲ
2270 1848 2651 1922 διδασκόμεθα,
2682 1831 2764 1908 ait
2790 1856 2846 1911 αἰ
2878 1856 3135 1929 δυνάμεις
3157 1857 3215 1910 ἐν
3252 1860 3365 1922 τοῖς
3401 1858 3748 1915 πιστεύουσιν

509 1961 625 2006 ctas
652 1948 842 2011 fuisse,
873 1942 1314 2016 quandoquidem
1352 1960 1371 1993 ι
1402 1943 1551 1997 omni
1580 1942 1677 2011 qui
1707 1941 1892 2006 habet,
1923 1940 2070 1996 dabi-

2183 1939 2441 2009 ἐγίνοντο,
2492 1944 2615 1998 ἐπεὶ
2667 1965 2687 1998 ι
2728 1949 2890 2002 παντὶ
2938 1948 3017 2021 τῷ
3060 1948 3235 2020 ἔχοντι
3289 1948 3601 2021 δοθήσεται,
3652 1953 3749 2006 καὶ

509 2054 620 2115 ιρις,
656 2049 712 2095 et
741 2035 1042 2093 abundabit
1088 2034 1172 2101 ";
1204 2052 1223 2086 »
1281 2033 1335 2087 in
1386 2031 1682 2087 incredulis
1737 2039 1921 2087 autem
1972 2046 2070 2087 non

2182 2033 2718 2105 περισσευθήσεταιη
2748 2038 2807 2091 ἐν
2836 2039 3082 2102 ἀπίστοις
3110 2039 3166 2092 δέ
3193 2039 3253 2092 οὐ
3291 2041 3569 2112 μόνονούκ
3595 2044 3749 2115 ἐνήρ-

503 2114 667 2177 mea?)
688 2136 801 2174 non
831 2127 1013 2190 «πείθου
1037 2124 1260 2171 vim-4c-
1284 2171 1295 2183 .
1329 2123 1422 2177 sed
1456 2123 1917 2193 quemadmodum
1943 2121 2070 2178 seri-

2182 2134 2312 2186 γουν
2336 2119 2392 2172 αί
2414 2120 2691 2194 δυνάμεις,
2714 2123 2828 2178 ἀλλ’
2858 2125 2935 2189 ὡς
2961 2128 2989 2179 6
3019 2127 3242 2199 Μάρκος
3282 2128 3604 2201 ἀνέγραψεν,
3626 2114 3748 2187 οὐδὲ

501 2211 612 2283 psit
641 2208 880 2276 Marcus,
913 2221 1016 2262 nec
1069 2205 1318 2276 potuisse
1375 2204 1553 2275 agere.
1629 2213 1875 2293 ‘nimum
1934 2213 2070 2268 enim

2182 2206 2435 2264 ἐδύναντο
2464 2213 2723 2284 ἐνεργεῖν.
2760 2215 3002 2286 Πρόσχες
3058 2217 3167 2289 γὰρ
3197 2217 3298 2289 τῷ⁹
3337 2237 3355 2270 ι
3384 2220 3497 2274 Οὐκ
3520 2221 3752 2293 ὴδύνατθ

502 2302 728 2360 adverte
755 2301 824 2356 ad
847 2299 980 2355 illud
1015 2298 1101 2353 "z
1167 2314 1185 2349 ι
1228 2295 1295 2352 Et
1318 2312 1425 2353 non
1458 2305 1672 2367 poterat
1702 2292 1795 2352 ihi‘
1822 2305 1876 2379 ξε
1915 2312 2070 2383 'wtem

2182 2301 2298 2355 ἐκεῖ
2327 2302 2582 2375 οὐδεμίαν
2614 2306 2835 2377 ποιῆσαι
2857 2306 3137 2378 δύναμιν)
3168 2310 3229 2363 οὐ
3259 2310 3368 2383 γὰρ
3390 2292 3561 2377 εἶπεν,
3602 2332 3620 2364 ι
3651 2315 3753 2371 οὐκ

502 2396 669 2452 ullam
696 2393 967 2463 facere;»
1021 2408 1131 2449 non
1190 2393 1335 2449 enim
1386 2392 1544 2457 dixit,
1597 2410 1615 2443 ι
1649 2392 1916 2459 nolebat,»
1958 2380 2070 2460 5521,

2176 2390 2425 2473 ἤθελενρ
2463 2394 2601 2461 ἀλλ’,
2659 2415 2677 2447 ι
2713 2397 2813 2452 οὐκ
2867 2397 3109 2464 ἐδύνατο,
3150 2419 3169 2452 ι
3206 2401 3282 2466 ὡς
3322 2380 3621 2476 ἐρχομένης

507 2509 532 2544 ι
555 2506 660 2547 non
687 2494 952 2559 poterat,»
982 2495 1241 2556 tanquam
1300 2484 1355 2539 in
1398 2483 1650 2539 virtutem
1698 2495 1944 2554 agentem
1973 2485 2070 2539 ad-

2178 2477 2270 2530 ἐπὶ
2320 2479 2785 2553 τὴνένεργουσαν
2834 2489 3063 2557 (Lupa
3116 2474 3478 2561 συμπράξεως
3511 2493 3614 2546 ὐπὸ
3658 2474 3748 2549 πίε

501 2582 713 2638 veniret
756 2577 1129 2648 adiumentum
1166 2592 1230 2632 ex
1293 2575 1445 2631 illius
1477 2576 1579 2630 ﬁde
1617 2576 1671 2630 in
1718 2591 1878 2646 quem
1903 2577 2078 2633 virtus

501 2672 734 2744 agebat;
775 2669 1130 2741 impediretur
1181 2677 1361 2723 autem
1415 2666 1484 2721 ab
1517 2665 1914 2733 incredulitate,
1946 2683 2078 2737 quo-

500 2766 684 2820 minus
728 2770 929 2834 ageret.
974 2759 1111 2816 Nota
1162 2769 1342 2815 autem
1398 2759 1806 2829 quaerentibus:
1847 2778 1864 2812 ι
1896 2759 2077 2826 Quare

502 2870 609 2912 non
645 2852 923 2925 potuimus
955 2852 1152 2922 ejicere
1180 2851 1310 2905 illud
1333 2851 1357 2904 ?
1379 2870 1397 2903 »
1425 2852 1628 2906 dixisse
1663 2851 1815 2906 illum
1850 2869 1864 2905 :
1895 2869 1913 2902 ι
1942 2849 2079 2906 Pro-

503 2953 625 3017 pter
659 2944 1096 3000 incredulitatem
1123 2953 1359 3000 vestram
1381 2944 1464 3011 “;
1496 2962 1514 2995 »
1551 2952 1606 2998 et
1656 2943 1818 2999 Petro
1842 2944 2070 3015 jamjam

504 3036 676 3100 mergi
710 3044 889 3104 empto
938 3033 1144 3089 dictum
1190 3047 1351 3088 esse:
1415 3032 1683 3088 «Modica:
1712 3032 1857 3097 ﬁdei,
1902 3049 2074 3104 quare

505 3127 764 3183 dubitasti
783 3126 893 3181 ’5?»
913 3125 1017 3180 Sed
1045 3134 1098 3180 et
1119 3140 1241 3195 quae
1267 3124 1550 3195 sanguinis
1568 3122 1833 3194 proﬂuvio
1852 3126 2070 3181 labora-

510 3221 624 3283 bat,
657 3232 763 3272 uon
794 3217 975 3273 sanari
1013 3216 1311 3286 postulans,
1353 3216 1447 3271 sed
1483 3224 1693 3271 tantum
1728 3219 1993 3287 cogitans,
2025 3220 2070 3275 si

507 3317 750 3378 tangeret
782 3306 1049 3361 ﬁmbriam
1081 3305 1389 3360 vestimenti
1413 3304 1580 3371 illius,
1631 3304 1871 3362 futurum
1899 3316 1958 3363 ut
1985 3325 2076 3364 sa-

504 3410 757 3465 naretur;
818 3397 1000 3454 statim
1056 3405 1245 3452 sanata
1303 3405 1406 3462 est,
1471 3406 1526 3452 et
1569 3398 1872 3454 sanationis
1934 3399 2074 3455 hanc

502 3493 673 3549 fuisse
702 3492 967 3547 rationem
1029 3490 1147 3561 ipse
1189 3488 1445 3545 Servatur
1475 3491 1724 3562 agnoscit
1755 3490 1941 3548 dicens
1980 3494 2024 3525 ³⁸
2055 3512 2068 3546 :

505 3603 523 3634 ε
555 3583 689 3650 Quis
718 3597 804 3638 me
838 3581 1051 3652 tetigit?
1109 3595 1233 3634 nam
1285 3592 1387 3650 ego
1442 3579 1570 3633 novi
1598 3580 1853 3634 virtutem
1890 3581 1958 3636 de
1986 3597 2072 3637 me

499 3673 831 3732 exisse-Et
864 3672 1090 3728 forsitan
1121 3669 1581 3742 quemadmodum
1640 3672 1694 3726 in
1748 3674 2071 3743 corporibus

500 3772 642 3825 inest
667 3767 993 3838 quibusdam
1057 3765 1123 3820 ad
1165 3764 1412 3835 quaedam
1470 3764 1734 3821 naturalis
1786 3766 2067 3833 attractio,

497 3856 957 3931 quemadmodum
974 3857 1139 3928 lapidi
1160 3854 1439 3924 magnesio
1455 3856 1519 3910 ad
1539 3855 1766 3923 ferrum,
1786 3858 1902 3911 etei
1921 3858 2068 3927 quod

499 3951 738 4020 naphtha
772 3950 1072 4021 appellatur
1110 3949 1176 4004 ad
1197 3949 1399 4020 ignem,
1428 3948 1501 4003 ita
1537 3949 1630 4004 tali
1655 3950 1777 4004 ﬁdei
1815 3950 1882 4003 ad
1921 3950 2065 4005 divi-

499 4058 625 4097 nam
645 4043 892 4098 virtutem
917 4061 932 4098 :
953 4042 1105 4113 juxta
1123 4041 1264 4112 quod
1280 4050 1334 4096 et
1347 4040 1481 4096 illud
1512 4041 1715 4096 dictum
1734 4043 1876 4098 est"
1906 4061 1919 4098 :
1951 4061 1969 4094 ι
2009 4045 2066 4098 Si

500 4133 798 4189 habueritis
824 4134 983 4190 fidem
1014 4134 1156 4189 sicut
1176 4148 1405 4203 granum
1431 4131 1659 4202 sinapis,
1682 4133 1874 4191 dicetis
1897 4136 2064 4189 monti

500 4227 628 4282 huic
661 4244 676 4281 :
716 4225 912 4281 Transi
942 4225 1069 4281 hinc
1098 4226 1248 4291 illuc,
1273 4232 1329 4280 et
1360 4226 1666 4282 transibit.»
1695 4224 1910 4296 Optime
1935 4241 2066 4282 vero

496 4319 747 4375 videntur
777 4317 909 4372 mihi
929 4317 1215 4373 Matthaaus
1231 4326 1286 4373 et
1309 4317 1547 4384 Marcus,
1577 4317 1951 4372 execllentimn
1980 4320 2056 4372 di-

496 4413 635 4469 \iu:e
663 4412 877 4469 virtutis
908 4426 1179 4480 exponere
1199 4411 1456 4478 volentes,
1479 4427 1600 4481 qua:
1618 4418 1671 4465 et
1694 4410 1746 4464 in
1770 4408 2063 4466 increduli-

501 4516 611 4563 tate
631 4505 851 4574 quidem
875 4503 1040 4571 valet,
1058 4503 1150 4559 sed
1173 4518 1284 4558 non
1318 4512 1524 4557 tantum
1546 4503 1686 4559 valet
1708 4512 1970 4573 quantum
2007 4503 2061 4557 in
2096 4515 2139 4570 ι)

500 4599 602 4654 ﬁde
626 4612 815 4654 eorum
854 4595 948 4668 qui
983 4593 1263 4650 beneﬁciis
1325 4593 1656 4659 afficiuntur,
1692 4594 1918 4659 dixisse,
1954 4608 2064 4649 non

497 4688 644 4741 hunc
677 4686 907 4742 virtutes
931 4700 1042 4740 non
1076 4683 1294 4747 fecisse,
1326 4690 1549 4753 propter
1580 4697 1769 4737 eorum
1807 4683 2061 4738 incredu-

498 4779 722 4843 litatem,
738 4777 831 4832 sed
851 4792 958 4832 non
984 4775 1178 4832 fecisse
1194 4774 1270 4830 ibi
1287 4775 1515 4828 virtutes
1531 4773 1748 4831 multas.
1769 4773 2060 4832 EtMarcus

496 4885 605 4923 non
637 4869 774 4923 dixit
795 4884 904 4921 non
929 4868 1170 4938 potuisse
1192 4867 1267 4922 ibi
1308 4866 1473 4922 ullam
1504 4865 1682 4922 facere
1702 4866 1978 4931 virtutem,
2005 4876 2062 4923 et

493 4958 657 5033 467
701 4958 773 5012 ibi
821 4958 1086 5026 substitit,
1125 4958 1218 5015 sed
1264 4958 1463 5028 adjecit
1495 4958 1580 5009 ἐς
1635 4975 1654 5009 ι
1696 4956 1810 5014 Nisi
1860 4974 2064 5028 paucos

493 5052 745 5106 inﬁrmos
771 5050 1038 5121 impositis
1071 5052 1325 5107 manibus
1366 5053 1596 5117 curavit,
1627 5069 1647 5104 »
1681 5051 1897 5118 virtute,
1942 5068 2064 5123 qua:

492 5144 547 5197 in
582 5144 677 5198 illo
703 5151 842 5209 erat,
876 5142 1311 5198 incredulitatem
1342 5151 1652 5212 superante.
1702 5141 1930 5198 Videtur
1957 5159 2059 5198 au-

494 5245 600 5287 tem
631 5232 764 5287 mihi
792 5232 938 5303 quod
966 5232 1108 5287 sicut
1142 5231 1195 5285 in
1236 5231 1400 5287 rebus
1432 5230 1711 5301 corporeis
1743 5245 1917 5300 neque
1949 5229 2063 5286 suf-

491 5323 604 5379 tieit
637 5323 969 5394 agricultura
995 5321 1063 5378 ad
1092 5320 1363 5377 fructuum
1390 5321 1783 5388 collectionem,
1812 5322 1916 5376 nisi
1950 5321 2058 5375 cir-

490 5415 775 5471 cumfusus
823 5429 916 5470 aer
961 5411 1029 5469 ad
1075 5413 1131 5467 id
1178 5412 1451 5479 conferat,
1502 5413 1586 5467 vel
1639 5413 1819 5483 potius
1865 5412 1914 5468 is
1966 5411 2057 5482 qui

492 5522 669 5560 aerem
703 5517 854 5562 certa
885 5506 1144 5576 qualitate
1176 5507 1415 5571 instruit,
1450 5520 1678 5575 eamque
1698 5504 1911 5577 qualem
1947 5505 2061 5558 vult

563 5665 608 5697 ¹⁰
638 5664 767 5721 Lur.
802 5682 876 5731 vl,
903 5666 995 5721 33.
1041 5668 1083 5698 ⁹¹
1119 5664 1552 5729 Matth.xm,58.
1629 5666 1674 5696 “
1703 5663 1831 5717 ibid.
1876 5664 1963 5717 12.
2039 5664 2070 5693 ’³

2178 5680 2287 5721 are.
2320 5683 2371 5720 τι
2391 5707 2404 5727 ,
2443 5667 2497 5724 5.

2179 2586 2347 2635 στεως
2370 2572 2580 2627 ἐκείνου
2610 2575 2690 2639 εἰς
2716 2574 2774 2629 ὃν
2796 2577 3014 2648 ἐνήργει
3049 2581 3082 2650 ή
3108 2580 3358 2653 δύναμις,
3398 2584 3746 2658 κωλυομένης

2174 2663 2232 2717 δέ
2276 2666 2514 2738 ἐνεργεῖν
2555 2667 2661 2721 ὑπὸ
2701 2669 2801 2740 τῆς
2842 2670 3121 2735 ἀπιστίας.
3176 2675 3318 2745 Ὅρα
3356 2671 3470 2742 οὖν,
3498 2678 3579 2731 ὅτι
3609 2679 3746 2752 πρὸς

2173 2758 2298 2821 τοὺς
2320 2758 2587 2824 εἰπόντας
2627 2777 2644 2811 ι
2671 2761 2768 2814 Διὰ
2787 2761 2839 2814 τί
2865 2762 2965 2816 οὐκ
2997 2763 3340 2836 ἠδυνήθημεν
3365 2768 3614 2824 ἐκϐαλεῖν
3642 2770 3744 2826 αὐ-

2172 2845 2696 2923 τό;›ε“ίπεο‹Διάτὴν
2734 2851 3103 2924 ὀλιγοπιστίαν
3135 2857 3340 2927 ὑμῶν’»
3370 2859 3464 2916 καὶ
3489 2860 3626 2930 πρὸς
3653 2860 3745 2915 τὸν

2173 2939 2476 3014 ἀρξάμενον
2495 2944 2981 3011 καταποντίζεσθαι
3014 2947 3221 3018 Πέτρον
3254 2948 3523 3003 λέλεκται·
3549 2970 3567 3001 ι
3608 2952 3746 3004 Ὀλι-

2171 3034 2416 3104 γόπιστε,
2437 3036 2518 3098 εἰς
2543 3033 2593 3088 τί
2618 3033 2902 3098 ἐδίστασας
2920 3053 2935 3102 ;
2956 3055 2974 3089 »
2997 3036 3154 3090 Ἀλλὰ
3174 3039 3316 3109 καλή
3347 3040 3741 3111 αἱμορροοῦσα,

2177 3123 2255 3197 μὴ
2274 3122 2552 3191 ἀξιώσασα
2587 3124 2717 3197 περὶ
2756 3125 2858 3195 τῆς
2886 3124 3199 3197 θεραπείας,
3226 3127 3361 3181 ἀλλὰ
3402 3129 3561 3199 μόνον
3592 3130 3741 3199 λογι-

2177 3215 2389 3288 σαμένη
2409 3216 2458 3268 εἰ
2498 3214 2693 3286 ἅψαιτο
2713 3214 2807 3270 τοῦ
2834 3215 3143 3286 κρασπέδου
3171 3216 3265 3271 τοῦ
3305 3218 3518 3288 ἱματίου
3552 3219 3741 3285 αὐτοῦ,

2173 3307 2255 3361 ὃτι
2283 3306 2585 3377 ἰαθήσεται,
2631 3305 2753 3376 ἰάθη
2817 3306 3176 3380 παραχρῆμα,
3229 3309 3323 3362 καὶ
3376 3309 3624 3381 ὁμολογεῖ
3663 3309 3743 3382 τῷ

2173 3394 2366 3466 τρόπῳ
2393 3395 2491 3464 τῆς
2517 3393 2714 3459 ἰάσεως
2732 3396 2762 3449 6
2791 3394 2982 3468 Σωτὴρ
3009 3395 3201 3464 λέγων’
3229 3416 3248 3449 ι
3278 3398 3374 3461 Τίς
3408 3415 3508 3469 μου
3533 3399 3740 3469 ἥψατος

2173 3483 2285 3553 ἐγὼ
2316 3482 2424 3555 γὰρ
2459 3484 2629 3553 ἔγνων
2653 3484 2883 3556 δύναμιν
2914 3484 3231 3550 ἐξελθοῦσαν
3278 3487 3370 3539 ἀπ’
3409 3486 3596 3557 ἐμοῦ.»
3632 3488 3743 3547 Καὶ⁸

2170 3573 2312 3644 τάχα
2339 3573 2529 3645 ὥσπερ
2552 3574 2645 3627 ἐπὶ
2682 3574 2791 3629 τῶν
2825 3575 3093 3646 σωμάτων
3128 3576 3243 3633 ἐστί
3264 3592 3375 3631 τισι
3431 3576 3566 3647 πρός
3620 3594 3742 3637 τινα

2171 3666 2375 3737 φυσικὴ
2405 3665 2559 3737 ὁλκὴ,
2587 3666 2663 3730 ὡς
2682 3669 2748 3738 τῇ
2777 3666 3049 3738 μαγνησίᾳ
3067 3665 3198 3737 λίθῳ
3220 3665 3357 3738 πρὸς
3391 3667 3507 3739 σίδη
3517 3684 3626 3738 ρον,
3647 3669 3742 3727 καὶ

2169 3756 2245 3828 τῷ
2273 3755 2593 3829 καλουμένῳ
2632 3757 2812 3829 νάφθα
2869 3759 3007 3829 πρὸς
3054 3758 3187 3833 πῦρ,
3233 3758 3407 3824 οὓτως
3452 3764 3518 3832 τῇ
3564 3760 3741 3831 τοιᾷδε

2171 3847 2349 3903 πίστει
2408 3847 2546 3919 πρὸς
2593 3847 2742 3903 θείαν
2787 3847 3033 3919 δύναμινο
3081 3848 3218 3903 καθῦ
3271 3847 3478 3922 εἴρηται
3518 3851 3610 3903 καὶ
3658 3851 3737 3903 τόο

2174 3957 2193 3990 ι
2230 3939 2354 3994 Ἐὰν
2395 3939 2555 4011 ἔχητε
2584 3939 2765 3993 πίστιν
2787 3939 2863 4004 ὡς
2890 3939 3088 3995 κόκκον
3129 3942 3418 4005 σινάπεως,
3454 3943 3626 4014 ἐρεῖτε·
3661 3942 3741 4018 τῷ

2167 4029 2283 4101 ὖρει
2302 4029 2492 4101 τούτῳ·
2523 4027 2807 4100 Μετάϐηθι
2833 4027 2983 4084 ἔνθεν
3006 4032 3141 4096 ἐκεῖ,
3172 4033 3265 4085 καὶ
3299 4031 3680 4103 μεταϐήσεται.
3713 4051 3733 4083 »

2180 4120 2445 4193 Ἀκριὸῶς
2467 4121 2523 4175 δὲ
2544 4120 2759 4176 δοκοῦσί
2785 4138 2874 4193 μοι
2900 4123 2929 4174 6
2974 4121 3249 4185 Ματθαῖος
3283 4124 3376 4178 καὶ
3415 4126 3444 4177 6
3491 4124 3736 4194 Μάρκος,

2164 4212 2227 4266 τὸ
2254 4213 2521 4284 ὑπερέχον
2543 4213 2644 4285 τῆς
2672 4213 2818 4277 θείας
2862 4212 3143 4284 δυνάμεως
3183 4214 3532 4283 παραστῆσαι
3557 4215 3740 4285 βουλό.-

2169 4321 2340 4374 μενοι,
2362 4305 2443 4358 ὅτι
2471 4304 2565 4357 καὶ
2590 4306 2648 4358 ἐν
2678 4304 2902 4376 ἀπιστίᾳ
2923 4305 3163 4365 δύναται,
3185 4303 3298 4357 ἀλλ’
3320 4304 3418 4356 οὐκ
3441 4305 3532 4357 ἐπὶ
3555 4304 3739 4359 πλεῖον

2165 4392 2407 4460 δύναται,
2435 4395 2557 4449 ὅσον
2578 4394 2797 4448 δύναται
2819 4396 2878 4447 ἐν
2911 4395 3090 4447 πίστει
3120 4395 3185 4463 τῇ
3219 4392 3327 4445 τῶν
3351 4394 3737 4465 εὐεργετουμέ-

2166 4499 2293 4550 νων,
2324 4484 2625 4557 εἰρηκέναι,
2649 4485 2747 4555 οὐχ
2771 4486 2852 4538 ὅτι
2875 4484 2975 4537 οὐκ
3000 4483 3223 4553 ἐποίησε
3248 4483 3502 4555 δυνάμεις
3526 4483 3613 4537 διὰ
3634 4484 3736 4556 τὴν

2165 4574 2421 4630 ἀπιστίαν
2444 4575 2643 4641 αὐτῶν,
2680 4575 2793 4629 ἀλλ’
2845 4576 2947 4629 οὐκ
3002 4575 3257 4646 ἐποίησεν
3314 4578 3428 4629 ἐκεῖ
3484 4576 3735 4646 δυνάμεξς

2164 4664 2387 4727 πολλάς.
2417 4665 2527 4719 Καὶ
2551 4667 2580 4718 6
2610 4665 2834 4736 Μάρκος
2865 4664 2923 4718 δὲ
2947 4664 3048 4718 οὐκ
3080 4660 3254 4733 εἶπεν,
3288 4668 3370 4719 ὅτι
3390 4666 3489 4718 οὐκ
3518 4665 3734 4719 ἐδύνατο

2166 4758 2282 4811 ἐκεῖ
2304 4755 2557 4827 οὐδεμίαν
2578 4755 2802 4827 ποιῆσαι
2850 4755 3098 4826 δύναμιν,
3127 4756 3220 4810 καὶ
3270 4756 3401 4827 ἔστη
3428 4757 3518 4809 ἐπὶ
3539 4756 3731 4825 τούτῳ,

2166 4846 2303 4901 ἀλλά
2329 4845 2684 4919 προσέθηκεψ
2717 4866 2735 4898 ι
2756 4847 2819 4901 Εἰ
2849 4847 2923 4918 μὴ
2953 4845 3153 4916 ὀλίγοις
3202 4847 3502 4920 ἀρρώστοις
3528 4847 3735 4911 ἐπιθεὶς

2169 4938 2267 5003 τὰς
2297 4941 2485 5011 χεῖρας
2513 4937 2901 5011 ἐθεράπευσε,»
2927 4937 3164 5009 νικώσης
3200 4938 3301 5007 τῆς
3326 4940 3381 4991 ἐν
3408 4937 3554 5006 αὐτῴ
3578 4937 3737 4992 δυνά-

2172 5045 2318 5100 μεως
2367 5031 2463 5083 καλ⁸
2501 5027 2689 5117 οῦτωςί
2724 5028 2822 5101 τὴν
2868 5028 3146 5082 ἀπιστίαν.
3194 5029 3355 5080 Δοκεῖ
3399 5027 3455 5080 δέ
3505 5045 3615 5097 μοι,
3652 5029 3733 5081 ὅτι

2168 5119 2357 5192 ὥσπερ
2380 5121 2470 5174 ἐπὶ
2494 5120 2602 5175 τῶν
2627 5120 2970 5193 σωματικῶν,
3017 5118 3139 5177 οὔτε
3196 5119 3473 5191 αὐτάρκης
3496 5120 3735 5191 γεωργία

2167 5226 2304 5297 πρὸς
2339 5225 2669 5297 συγκομιδὴν
2715 5225 2975 5298 καρπῶν,
3031 5224 3126 5278 ἐὰν
3184 5224 3258 5295 μὴ
3304 5222 3365 5275 τὸ
3413 5224 3733 5296 περιεχόμε-

2165 5344 2254 5381 νον
2279 5328 2392 5399 (22)
2438 5331 2516 5393 εἰς
2556 5328 2711 5383 τοῦτο
2741 5331 2996 5399 συνεργῇ,
3052 5325 3249 5397 μᾶλλον
3282 5326 3337 5380 δὲ
3369 5326 3431 5380 τὸ
3485 5329 3735 5400 περιέχον

2166 5419 2408 5489 ποιότητι
2431 5420 2588 5490 ὁποίᾳ
2624 5419 2869 5489 βούλεται
2902 5421 2930 5471 6
2980 5418 3221 5488 κοσμῶν,
3268 5419 3363 5472 καὶ
3396 5418 3567 5473 ποιῶν
3604 5417 3733 5474 αὐτὸ

2164 5511 2346 5563 ὁποῖον
2370 5509 2530 5583 θέλειο
2567 5510 2691 5563 οὐτε
2717 5509 2778 5563 τὸ
2800 5510 3048 5581 περιέχον
3074 5510 3244 5582 χωρὶς
3276 5511 3569 5582 γεωργίας,
3595 5506 3731 5581 μᾶλ-

2573 5667 2618 5699 ’δ
2640 5666 2828 5722 Matth.
2854 5684 2984 5735 xvu,
3041 5666 3127 5737 18,
3165 5667 3248 5724 l9.
3325 5669 3370 5701 ’³
3399 5665 3588 5721 Matth.
3621 5680 3726 5731 xw,

437 5789 440 5792 .
492 5738 580 5791 3|.
657 5738 701 5768 “
747 5737 876 5789 Luc.
924 5751 1035 5800 vm,
1072 5736 1162 5800 45,
1198 5735 1286 5789 46.
1365 5735 1409 5764 ³⁷
1444 5733 1630 5787 Matth.
1660 5730 1802 5798 ‘xvu,
1839 5732 1925 5787 19.
2018 5733 2062 5764 ⁸⁸

2171 5751 2256 5791 ιτς.
2291 5753 2342 5789 vt
2363 5778 2377 5802 ,
2411 5736 2463 5792 5.

568 5846 676 5920 (99-)

761 5845 1208 5914 ιιεριεχόμενον.
1259 5841 1613 5897 Scribcndum
1675 5840 1830 5921 forte,
1894 5842 2162 5915 περιέχον.
