  <div class='ocr_page' id='page_1' title='image "/cluster/home/n/w/nwhite01/storage/ocr_20150623/13/mdp.39015007036059/447.png"; bbox 0 0 4094 6290; ppageno 0'>
   <div class='ocr_carea' id='block_1_1' title="bbox 512 372 619 429">
    <p class='ocr_par' dir='ltr' id='par_1_1' title="bbox 512 372 619 429">
     <span class='ocr_line' id='line_1_1' title="bbox 512 372 619 429; baseline 0.019 -3"><span class='ocrx_word' id='word_1_1' title='bbox 512 372 619 429; x_wconf 73' lang='lat'><strong>887</strong></span> 
     </span>
    </p>
   </div>
   <div class='ocr_carea' id='block_1_2' title="bbox 1986 388 2305 449">
    <p class='ocr_par' dir='ltr' id='par_1_2' title="bbox 1986 388 2305 449">
     <span class='ocr_line' id='line_1_2' title="bbox 1986 388 2305 449; baseline -0.003 -1"><span class='ocrx_word' id='word_1_2' title='bbox 1986 388 2305 449; x_wconf 78' lang='lat' dir='ltr'><strong>ORIGENIS</strong></span> 
     </span>
    </p>
   </div>
   <div class='ocr_carea' id='block_1_3' title="bbox 3676 393 3782 450">
    <p class='ocr_par' dir='ltr' id='par_1_3' title="bbox 3676 393 3782 450">
     <span class='ocr_line' id='line_1_3' title="bbox 3676 393 3782 450; baseline 0.009 -1"><span class='ocrx_word' id='word_1_3' title='bbox 3676 393 3782 450; x_wconf 79' lang='lat'><strong>888</strong></span> 
     </span>
    </p>
   </div>
   <div class='ocr_carea' id='block_1_4' title="bbox 514 492 2090 583">
    <p class='ocr_par' dir='ltr' id='par_1_4' title="bbox 514 492 2090 582">
     <span class='ocr_line' id='line_1_4' title="bbox 514 492 2090 582; baseline 0.015 -36"><span class='ocrx_word' id='word_1_4' title='bbox 514 492 780 563; x_wconf 82' lang='lat' dir='ltr'><strong>populum</strong></span> <span class='ocrx_word' id='word_1_5' title='bbox 815 495 889 552; x_wconf 85' lang='lat' dir='ltr'><strong>ita</strong></span> <span class='ocrx_word' id='word_1_6' title='bbox 929 496 996 554; x_wconf 93' lang='lat' dir='ltr'><strong>de</strong></span> <span class='ocrx_word' id='word_1_7' title='bbox 1027 494 1234 557; x_wconf 82' lang='lat' dir='ltr'><strong>Joanne</strong></span> <span class='ocrx_word' id='word_1_8' title='bbox 1268 502 1610 574; x_wconf 89' lang='lat' dir='ltr'><strong>sentientem,</strong></span> <span class='ocrx_word' id='word_1_9' title='bbox 1650 511 1968 582; x_wconf 76' lang='lat' dir='ltr'><strong>prophetam</strong></span> <span class='ocrx_word' id='word_1_10' title='bbox 2009 529 2090 569; x_wconf 89' lang='lat' dir='ltr'><strong>re-</strong></span> 
     </span>
    </p>
   </div>
   <div class='ocr_carea' id='block_1_5' title="bbox 2194 492 3785 583">
    <p class='ocr_par' dir='ltr' id='par_1_5' title="bbox 2198 507 3785 583">
     <span class='ocr_line' id='line_1_5' title="bbox 2198 507 3785 583; baseline 0.002 -17"><span class='ocrx_word' id='word_1_11' title='bbox 2198 513 2278 566; x_wconf 81' lang='grc' dir='ltr'>ὅτι</span> <span class='ocrx_word' id='word_1_12' title='bbox 2304 513 2333 565; x_wconf 95' lang='lat'><strong>6</strong></span> <span class='ocrx_word' id='word_1_13' title='bbox 2360 510 2486 575; x_wconf 80' lang='grc' dir='ltr'>λαὸς</span> <span class='ocrx_word' id='word_1_14' title='bbox 2516 512 2626 583; x_wconf 74' lang='lat'><strong>(27)</strong></span> <span class='ocrx_word' id='word_1_15' title='bbox 2658 508 2980 582; x_wconf 79' lang='grc' dir='ltr'><strong>φρονοῦντες</strong></span> <span class='ocrx_word' id='word_1_16' title='bbox 3006 507 3134 581; x_wconf 75' lang='grc' dir='ltr'>περὶ</span> <span class='ocrx_word' id='word_1_17' title='bbox 3159 507 3257 564; x_wconf 89' lang='grc' dir='ltr'><strong>τοῦ</strong></span> <span class='ocrx_word' id='word_1_18' title='bbox 3292 507 3560 577; x_wconf 88' lang='grc' dir='ltr'>Ἰωάννου,</span> <span class='ocrx_word' id='word_1_19' title='bbox 3592 512 3679 568; x_wconf 72' lang='grc' dir='ltr'>ὃτι</span> <span class='ocrx_word' id='word_1_20' title='bbox 3696 514 3785 569; x_wconf 76' lang='lat' dir='ltr'><strong>6v-</strong></span> 
     </span>
    </p>
   </div>
   <div class='ocr_carea' id='block_1_6' title="bbox 515 587 2088 671">
    <p class='ocr_par' dir='ltr' id='par_1_6' title="bbox 515 587 2088 671">
     <span class='ocr_line' id='line_1_6' title="bbox 515 587 2088 671; baseline 0.018 -38"><span class='ocrx_word' id='word_1_21' title='bbox 515 597 642 639; x_wconf 78' lang='lat' dir='ltr'><strong>vera</strong></span> <span class='ocrx_word' id='word_1_22' title='bbox 677 587 826 642; x_wconf 90' lang='lat' dir='ltr'><strong>illum</strong></span> <span class='ocrx_word' id='word_1_23' title='bbox 864 587 1061 656; x_wconf 79' lang='lat' dir='ltr'><strong>fuisse;</strong></span> <span class='ocrx_word' id='word_1_24' title='bbox 1103 594 1261 664; x_wconf 81' lang='lat' dir='ltr'><strong>cujus</strong></span> <span class='ocrx_word' id='word_1_25' title='bbox 1307 600 1492 667; x_wconf 89' lang='lat' dir='ltr'><strong>p0puli</strong></span> <span class='ocrx_word' id='word_1_26' title='bbox 1527 617 1590 656; x_wconf 89' lang='lat' dir='ltr'><strong>ea</strong></span> <span class='ocrx_word' id='word_1_27' title='bbox 1619 613 1734 658; x_wconf 87' lang='lat' dir='ltr'><strong>erat</strong></span> <span class='ocrx_word' id='word_1_28' title='bbox 1775 605 2088 671; x_wconf 88' lang='lat' dir='ltr'><strong>multitudo,</strong></span> 
     </span>
    </p>
   </div>
   <div class='ocr_carea' id='block_1_7' title="bbox 516 674 2092 765">
    <p class='ocr_par' dir='ltr' id='par_1_7' title="bbox 516 674 2092 765">
     <span class='ocr_line' id='line_1_7' title="bbox 516 674 2092 765; baseline 0.014 -35"><span class='ocrx_word' id='word_1_29' title='bbox 516 684 575 730; x_wconf 85' lang='lat' dir='ltr'><strong>ut</strong></span> <span class='ocrx_word' id='word_1_30' title='bbox 601 674 881 747; x_wconf 72' lang='lat' dir='ltr'><strong>Pharisaei,</strong></span> <span class='ocrx_word' id='word_1_31' title='bbox 914 697 981 737; x_wconf 91' lang='lat' dir='ltr'><strong>ne</strong></span> <span class='ocrx_word' id='word_1_32' title='bbox 1015 684 1144 754; x_wconf 82' lang='lat' dir='ltr'><strong>quid</strong></span> <span class='ocrx_word' id='word_1_33' title='bbox 1180 690 1381 758; x_wconf 81' lang='lat' dir='ltr'><strong>populo</strong></span> <span class='ocrx_word' id='word_1_34' title='bbox 1426 691 1607 749; x_wconf 89' lang='lat' dir='ltr'><strong>minus</strong></span> <span class='ocrx_word' id='word_1_35' title='bbox 1653 705 1867 765; x_wconf 83' lang='lat' dir='ltr'><strong>gratum</strong></span> <span class='ocrx_word' id='word_1_36' title='bbox 1912 697 2092 753; x_wconf 84' lang='lat' dir='ltr'><strong>dicere</strong></span> 
     </span>
    </p>
   </div>
   <div class='ocr_carea' id='block_1_8' title="bbox 514 767 2093 859">
    <p class='ocr_par' dir='ltr' id='par_1_8' title="bbox 514 767 2093 859">
     <span class='ocr_line' id='line_1_8' title="bbox 514 767 2093 859; baseline 0.016 -40"><span class='ocrx_word' id='word_1_37' title='bbox 514 767 845 835; x_wconf 76' lang='lat' dir='ltr'><strong>viderentur,</strong></span> <span class='ocrx_word' id='word_1_38' title='bbox 872 776 1202 843; x_wconf 89' lang='lat' dir='ltr'><strong>respondere</strong></span> <span class='ocrx_word' id='word_1_39' title='bbox 1242 780 1396 836; x_wconf 89' lang='lat' dir='ltr'><strong>veriti</strong></span> <span class='ocrx_word' id='word_1_40' title='bbox 1419 782 1549 848; x_wconf 88' lang='lat' dir='ltr'><strong>sint,</strong></span> <span class='ocrx_word' id='word_1_41' title='bbox 1583 802 1602 836; x_wconf 75' lang='grc' dir='ltr'><strong>ι</strong></span> <span class='ocrx_word' id='word_1_42' title='bbox 1634 801 1703 840; x_wconf 88' lang='lat' dir='ltr'><strong>an</strong></span> <span class='ocrx_word' id='word_1_43' title='bbox 1733 787 1881 843; x_wconf 89' lang='lat' dir='ltr'><strong>illius</strong></span> <span class='ocrx_word' id='word_1_44' title='bbox 1918 789 2093 859; x_wconf 87' lang='lat' dir='ltr'><strong>bapti-</strong></span> 
     </span>
    </p>
   </div>
   <div class='ocr_carea' id='block_1_9' title="bbox 510 862 2091 946">
    <p class='ocr_par' dir='ltr' id='par_1_9' title="bbox 510 862 2091 946">
     <span class='ocr_line' id='line_1_9' title="bbox 510 862 2091 946; baseline 0.015 -33"><span class='ocrx_word' id='word_1_45' title='bbox 510 870 665 913; x_wconf 74' lang='lat' dir='ltr'><strong>Sinus</strong></span> <span class='ocrx_word' id='word_1_46' title='bbox 698 875 728 912; x_wconf 94' lang='lat' dir='ltr'><strong>e</strong></span> <span class='ocrx_word' id='word_1_47' title='bbox 762 862 902 917; x_wconf 63' lang='lat' dir='ltr'><strong>caelo</strong></span> <span class='ocrx_word' id='word_1_48' title='bbox 951 876 1135 932; x_wconf 83' lang='lat' dir='ltr'><strong>esset,</strong></span> <span class='ocrx_word' id='word_1_49' title='bbox 1192 885 1261 924; x_wconf 91' lang='lat' dir='ltr'><strong>an</strong></span> <span class='ocrx_word' id='word_1_50' title='bbox 1313 887 1380 928; x_wconf 81' lang='lat' dir='ltr'><strong>ex</strong></span> <span class='ocrx_word' id='word_1_51' title='bbox 1426 874 1740 933; x_wconf 86' lang='lat' dir='ltr'><strong>hominibus</strong></span> <span class='ocrx_word' id='word_1_52' title='bbox 1766 879 1833 946; x_wconf 77' lang='grc'><strong>³⁸,</strong></span> <span class='ocrx_word' id='word_1_53' title='bbox 1862 901 1882 932; x_wconf 85' lang='grc'><strong><em>›</em></strong></span> <span class='ocrx_word' id='word_1_54' title='bbox 1920 882 2091 936; x_wconf 77' lang='lat' dir='ltr'><strong>ﬁliuni</strong></span> 
     </span>
    </p>
   </div>
   <div class='ocr_carea' id='block_1_10' title="bbox 513 941 2089 1029">
    <p class='ocr_par' dir='ltr' id='par_1_10' title="bbox 513 941 2089 1029">
     <span class='ocr_line' id='line_1_10' title="bbox 513 941 2089 1029; baseline 0.02 -34"><span class='ocrx_word' id='word_1_55' title='bbox 513 943 663 998; x_wconf 88' lang='lat' dir='ltr'><strong>illum</strong></span> <span class='ocrx_word' id='word_1_56' title='bbox 702 941 984 1007; x_wconf 66' lang='lat' dir='ltr'><strong>Zachariae</strong></span> <span class='ocrx_word' id='word_1_57' title='bbox 1014 970 1134 1023; x_wconf 74' lang='lat' dir='ltr'><strong>esse</strong></span> <span class='ocrx_word' id='word_1_58' title='bbox 1161 973 1269 1012; x_wconf 91' lang='lat' dir='ltr'><strong>non</strong></span> <span class='ocrx_word' id='word_1_59' title='bbox 1313 961 1614 1029; x_wconf 77' lang='lat' dir='ltr'><strong>ignorasse.</strong></span> <span class='ocrx_word' id='word_1_60' title='bbox 1648 965 1903 1024; x_wconf 83' lang='lat' dir='ltr'><strong>Fortasse</strong></span> <span class='ocrx_word' id='word_1_61' title='bbox 1927 971 2089 1026; x_wconf 88' lang='lat' dir='ltr'><strong>etiam</strong></span> 
     </span>
    </p>
   </div>
   <div class='ocr_carea' id='block_1_11' title="bbox 436 1036 2090 1128">
    <p class='ocr_par' dir='ltr' id='par_1_11' title="bbox 436 1036 2090 1128">
     <span class='ocr_line' id='line_1_11' title="bbox 436 1036 2090 1128; baseline 0.02 -42"><span class='ocrx_word' id='word_1_62' title='bbox 436 1100 443 1107; x_wconf 31' lang='lat'><strong>‘</strong></span> <span class='ocrx_word' id='word_1_63' title='bbox 511 1036 575 1088; x_wconf 86' lang='lat' dir='ltr'><strong>ad</strong></span> <span class='ocrx_word' id='word_1_64' title='bbox 614 1042 908 1098; x_wconf 78' lang='lat' dir='ltr'><strong>nonnullos</strong></span> <span class='ocrx_word' id='word_1_65' title='bbox 936 1061 1001 1100; x_wconf 85' lang='lat' dir='ltr'><strong>ex</strong></span> <span class='ocrx_word' id='word_1_66' title='bbox 1036 1047 1104 1102; x_wconf 90' lang='lat' dir='ltr'><strong>iis</strong></span> <span class='ocrx_word' id='word_1_67' title='bbox 1133 1051 1271 1107; x_wconf 86' lang='lat' dir='ltr'><strong>visio</strong></span> <span class='ocrx_word' id='word_1_68' title='bbox 1292 1054 1383 1110; x_wconf 88' lang='lat' dir='ltr'><strong>illa</strong></span> <span class='ocrx_word' id='word_1_69' title='bbox 1413 1052 1692 1115; x_wconf 84' lang='lat' dir='ltr'><strong>Zachariae</strong></span> <span class='ocrx_word' id='word_1_70' title='bbox 1716 1061 1853 1128; x_wconf 84' lang='lat' dir='ltr'><strong>visa,</strong></span> <span class='ocrx_word' id='word_1_71' title='bbox 1885 1078 2007 1118; x_wconf 89' lang='lat' dir='ltr'><strong>cum</strong></span> <span class='ocrx_word' id='word_1_72' title='bbox 2034 1064 2090 1119; x_wconf 92' lang='lat' dir='ltr'><strong>in</strong></span> 
     </span>
    </p>
   </div>
   <div class='ocr_carea' id='block_1_12' title="bbox 511 1131 2091 1227">
    <p class='ocr_par' dir='ltr' id='par_1_12' title="bbox 511 1131 2091 1227">
     <span class='ocr_line' id='line_1_12' title="bbox 511 1131 2091 1227; baseline 0.02 -47"><span class='ocrx_word' id='word_1_73' title='bbox 511 1131 712 1200; x_wconf 68' lang='lat' dir='ltr'><strong>templo</strong></span> <span class='ocrx_word' id='word_1_74' title='bbox 745 1138 1009 1205; x_wconf 81' lang='lat' dir='ltr'><strong>apparuit</strong></span> <span class='ocrx_word' id='word_1_75' title='bbox 1039 1139 1276 1210; x_wconf 84' lang='lat' dir='ltr'><strong>Gabriel,</strong></span> <span class='ocrx_word' id='word_1_76' title='bbox 1332 1161 1675 1217; x_wconf 74' lang='lat' dir='ltr'><strong>pervenerat.</strong></span> <span class='ocrx_word' id='word_1_77' title='bbox 1730 1152 1906 1220; x_wconf 87' lang='lat' dir='ltr'><strong>Quam</strong></span> <span class='ocrx_word' id='word_1_78' title='bbox 1961 1170 2091 1227; x_wconf 82' lang='lat' dir='ltr'><strong>ergo</strong></span> 
     </span>
    </p>
   </div>
   <div class='ocr_carea' id='block_1_13' title="bbox 508 1221 2090 1321">
    <p class='ocr_par' dir='ltr' id='par_1_13' title="bbox 508 1221 2090 1321">
     <span class='ocr_line' id='line_1_13' title="bbox 508 1221 2090 1321; baseline 0.023 -51"><span class='ocrx_word' id='word_1_79' title='bbox 508 1221 943 1287; x_wconf 79' lang='lat' dir='ltr'><strong>probabilitatem</strong></span> <span class='ocrx_word' id='word_1_80' title='bbox 976 1230 1136 1288; x_wconf 87' lang='lat' dir='ltr'><strong>habet</strong></span> <span class='ocrx_word' id='word_1_81' title='bbox 1162 1250 1338 1304; x_wconf 89' lang='lat' dir='ltr'><strong>error,</strong></span> <span class='ocrx_word' id='word_1_82' title='bbox 1376 1241 1492 1296; x_wconf 85' lang='lat' dir='ltr'><strong>sive</strong></span> <span class='ocrx_word' id='word_1_83' title='bbox 1521 1240 1771 1313; x_wconf 84' lang='lat' dir='ltr'><strong>Herodis,</strong></span> <span class='ocrx_word' id='word_1_84' title='bbox 1799 1249 1913 1305; x_wconf 84' lang='lat' dir='ltr'><strong>sive</strong></span> <span class='ocrx_word' id='word_1_85' title='bbox 1949 1266 2090 1321; x_wconf 65' lang='lat' dir='ltr'><strong>qno«</strong></span> 
     </span>
    </p>
   </div>
   <div class='ocr_carea' id='block_1_14' title="bbox 511 1313 2092 1399">
    <p class='ocr_par' dir='ltr' id='par_1_14' title="bbox 511 1313 2092 1399">
     <span class='ocr_line' id='line_1_14' title="bbox 511 1313 2092 1399; baseline 0.023 -36"><span class='ocrx_word' id='word_1_86' title='bbox 511 1313 762 1399; x_wconf 84' lang='lat' dir='ltr'><strong>rmndam</strong></span> <span class='ocrx_word' id='word_1_87' title='bbox 814 1334 844 1373; x_wconf 92' lang='lat' dir='ltr'><strong>e</strong></span> <span class='ocrx_word' id='word_1_88' title='bbox 890 1322 1045 1391; x_wconf 83' lang='lat' dir='ltr'><strong>plebe</strong></span> <span class='ocrx_word' id='word_1_89' title='bbox 1087 1326 1181 1396; x_wconf 88' lang='lat' dir='ltr'><strong>qui</strong></span> <span class='ocrx_word' id='word_1_90' title='bbox 1225 1334 1535 1399; x_wconf 81' lang='lat' dir='ltr'><strong>putaverint</strong></span> <span class='ocrx_word' id='word_1_91' title='bbox 1591 1353 1698 1392; x_wconf 91' lang='lat' dir='ltr'><strong>non</strong></span> <span class='ocrx_word' id='word_1_92' title='bbox 1731 1340 1870 1397; x_wconf 90' lang='lat' dir='ltr'><strong>duos</strong></span> <span class='ocrx_word' id='word_1_93' title='bbox 1918 1340 2092 1399; x_wconf 83' lang='lat' dir='ltr'><strong>fuisse</strong></span> 
     </span>
    </p>
   </div>
   <div class='ocr_carea' id='block_1_15' title="bbox 507 1398 2088 1503">
    <p class='ocr_par' dir='ltr' id='par_1_15' title="bbox 507 1398 2088 1503">
     <span class='ocr_line' id='line_1_15' title="bbox 507 1398 2088 1503; baseline 0.022 -45"><span class='ocrx_word' id='word_1_94' title='bbox 507 1398 773 1464; x_wconf 78' lang='lat' dir='ltr'><strong>Joannem</strong></span> <span class='ocrx_word' id='word_1_95' title='bbox 807 1422 858 1467; x_wconf 90' lang='lat' dir='ltr'><strong>et</strong></span> <span class='ocrx_word' id='word_1_96' title='bbox 886 1412 1200 1485; x_wconf 88' lang='lat' dir='ltr'><strong>Jesum,sed</strong></span> <span class='ocrx_word' id='word_1_97' title='bbox 1226 1438 1392 1480; x_wconf 89' lang='lat' dir='ltr'><strong>unum</strong></span> <span class='ocrx_word' id='word_1_98' title='bbox 1415 1429 1778 1502; x_wconf 78' lang='lat' dir='ltr'><strong>eamdemque</strong></span> <span class='ocrx_word' id='word_1_99' title='bbox 1797 1433 2088 1503; x_wconf 80' lang='lat' dir='ltr'><strong>Joannem,</strong></span> 
     </span>
    </p>
   </div>
   <div class='ocr_carea' id='block_1_16' title="bbox 509 1499 2091 1600">
    <p class='ocr_par' dir='ltr' id='par_1_16' title="bbox 509 1499 2091 1600">
     <span class='ocr_line' id='line_1_16' title="bbox 509 1499 2091 1600; baseline 0.021 -48"><span class='ocrx_word' id='word_1_100' title='bbox 509 1499 602 1567; x_wconf 88' lang='lat' dir='ltr'><strong>qui</strong></span> <span class='ocrx_word' id='word_1_101' title='bbox 648 1512 776 1571; x_wconf 90' lang='lat' dir='ltr'><strong>post</strong></span> <span class='ocrx_word' id='word_1_102' title='bbox 831 1519 1170 1577; x_wconf 82' lang='lat' dir='ltr'><strong>amputatum</strong></span> <span class='ocrx_word' id='word_1_103' title='bbox 1228 1526 1392 1587; x_wconf 88' lang='lat' dir='ltr'><strong>caput</strong></span> <span class='ocrx_word' id='word_1_104' title='bbox 1435 1534 1467 1575; x_wconf 88' lang='lat' dir='ltr'><strong>e</strong></span> <span class='ocrx_word' id='word_1_105' title='bbox 1520 1499 1756 1580; x_wconf 85' lang='lat' dir='ltr'><strong>mortuis</strong></span> <span class='ocrx_word' id='word_1_106' title='bbox 1799 1542 2091 1600; x_wconf 82' lang='lat' dir='ltr'><strong>resurgens</strong></span> 
     </span>
    </p>
   </div>
   <div class='ocr_carea' id='block_1_17' title="bbox 507 1588 2090 1687">
    <p class='ocr_par' dir='ltr' id='par_1_17' title="bbox 507 1588 2090 1687">
     <span class='ocr_line' id='line_1_17' title="bbox 507 1588 2090 1687; baseline 0.022 -45"><span class='ocrx_word' id='word_1_107' title='bbox 507 1588 669 1646; x_wconf 87' lang='lat' dir='ltr'><strong>Jesus</strong></span> <span class='ocrx_word' id='word_1_108' title='bbox 719 1597 1020 1665; x_wconf 88' lang='lat' dir='ltr'><strong>appellatus</strong></span> <span class='ocrx_word' id='word_1_109' title='bbox 1065 1602 1169 1658; x_wconf 85' lang='lat' dir='ltr'><strong>sit?</strong></span> <span class='ocrx_word' id='word_1_110' title='bbox 1217 1604 1425 1663; x_wconf 82' lang='lat' dir='ltr'><strong>Dixerit</strong></span> <span class='ocrx_word' id='word_1_111' title='bbox 1466 1627 1597 1667; x_wconf 82' lang='lat' dir='ltr'><strong>vero</strong></span> <span class='ocrx_word' id='word_1_112' title='bbox 1631 1616 1901 1687; x_wconf 83' lang='lat' dir='ltr'><strong>quispiam</strong></span> <span class='ocrx_word' id='word_1_113' title='bbox 1940 1588 2090 1677; x_wconf 62' lang='lat' dir='ltr'><strong>falsae</strong></span> 
     </span>
    </p>
   </div>
   <div class='ocr_carea' id='block_1_18' title="bbox 511 1680 2085 1779">
    <p class='ocr_par' dir='ltr' id='par_1_18' title="bbox 511 1680 2085 1779">
     <span class='ocr_line' id='line_1_18' title="bbox 511 1680 2085 1779; baseline 0.024 -47"><span class='ocrx_word' id='word_1_114' title='bbox 511 1680 589 1734; x_wconf 83' lang='lat' dir='ltr'><strong>illi</strong></span> <span class='ocrx_word' id='word_1_115' title='bbox 620 1682 689 1738; x_wconf 90' lang='lat' dir='ltr'><strong>de</strong></span> <span class='ocrx_word' id='word_1_116' title='bbox 720 1700 1013 1756; x_wconf 85' lang='lat' dir='ltr'><strong>corporum</strong></span> <span class='ocrx_word' id='word_1_117' title='bbox 1046 1699 1445 1762; x_wconf 86' lang='lat' dir='ltr'><strong>permutatione</strong></span> <span class='ocrx_word' id='word_1_118' title='bbox 1486 1680 1769 1763; x_wconf 61' lang='lat' dir='ltr'><strong>sententiae</strong></span> <span class='ocrx_word' id='word_1_119' title='bbox 1795 1708 2085 1779; x_wconf 84' lang='lat' dir='ltr'><strong>Herodem,</strong></span> 
     </span>
    </p>
   </div>
   <div class='ocr_carea' id='block_1_19' title="bbox 2194 598 3789 676">
    <p class='ocr_par' dir='ltr' id='par_1_19' title="bbox 2194 598 3789 676">
     <span class='ocr_line' id='line_1_19' title="bbox 2194 598 3789 676; baseline -0.001 -19"><span class='ocrx_word' id='word_1_120' title='bbox 2194 620 2304 667; x_wconf 83' lang='grc' dir='ltr'><strong>τως</strong></span> <span class='ocrx_word' id='word_1_121' title='bbox 2334 603 2623 674; x_wconf 85' lang='grc' dir='ltr'><strong>προφήτης</strong></span> <span class='ocrx_word' id='word_1_122' title='bbox 2647 598 2735 673; x_wconf 73' lang='grc' dir='ltr'>ἦν,</span> <span class='ocrx_word' id='word_1_123' title='bbox 2774 602 2870 656; x_wconf 71' lang='grc' dir='ltr'>καὶ</span> <span class='ocrx_word' id='word_1_124' title='bbox 2901 600 3144 655; x_wconf 88' lang='grc' dir='ltr'>τοσοῦτοι</span> <span class='ocrx_word' id='word_1_125' title='bbox 3176 604 3553 674; x_wconf 81' lang='grc' dir='ltr'><strong>τυγχάνοντες,</strong></span> <span class='ocrx_word' id='word_1_126' title='bbox 3579 603 3657 669; x_wconf 86' lang='grc' dir='ltr'><strong>ὡς</strong></span> <span class='ocrx_word' id='word_1_127' title='bbox 3688 622 3789 676; x_wconf 79' lang='grc' dir='ltr'>φο-</span> 
     </span>
    </p>
   </div>
   <div class='ocr_carea' id='block_1_20' title="bbox 2196 692 3785 767">
    <p class='ocr_par' dir='ltr' id='par_1_20' title="bbox 2196 692 3785 767">
     <span class='ocr_line' id='line_1_20' title="bbox 2196 692 3785 767; baseline 0.004 -21"><span class='ocrx_word' id='word_1_128' title='bbox 2196 693 2408 748; x_wconf 78' lang='grc' dir='ltr'>ϐεῖσθαι</span> <span class='ocrx_word' id='word_1_129' title='bbox 2444 694 2570 757; x_wconf 75' lang='grc' dir='ltr'>τοὺς</span> <span class='ocrx_word' id='word_1_130' title='bbox 2606 693 2954 766; x_wconf 80' lang='grc' dir='ltr'><strong>Φαρισαίους,</strong></span> <span class='ocrx_word' id='word_1_131' title='bbox 2999 692 3087 747; x_wconf 83' lang='grc' dir='ltr'><strong>διὰ</strong></span> <span class='ocrx_word' id='word_1_132' title='bbox 3119 693 3181 748; x_wconf 83' lang='grc' dir='ltr'>τὸ</span> <span class='ocrx_word' id='word_1_133' title='bbox 3222 694 3296 765; x_wconf 80' lang='grc' dir='ltr'>μὴ</span> <span class='ocrx_word' id='word_1_134' title='bbox 3334 694 3664 767; x_wconf 77' lang='grc' dir='ltr'><strong>δυσάρεστον</strong></span> <span class='ocrx_word' id='word_1_135' title='bbox 3693 697 3785 752; x_wconf 84' lang='grc' dir='ltr'>δο-</span> 
     </span>
    </p>
   </div>
   <div class='ocr_carea' id='block_1_21' title="bbox 2193 785 3781 861">
    <p class='ocr_par' dir='ltr' id='par_1_21' title="bbox 2193 785 3781 861">
     <span class='ocr_line' id='line_1_21' title="bbox 2193 785 3781 861; baseline 0.004 -23"><span class='ocrx_word' id='word_1_136' title='bbox 2193 789 2309 840; x_wconf 84' lang='grc' dir='ltr'><strong>κεῖν</strong></span> <span class='ocrx_word' id='word_1_137' title='bbox 2337 786 2416 857; x_wconf 83' lang='grc' dir='ltr'>τῷ</span> <span class='ocrx_word' id='word_1_138' title='bbox 2443 786 2558 857; x_wconf 82' lang='grc' dir='ltr'>λαῷ</span> <span class='ocrx_word' id='word_1_139' title='bbox 2588 785 2788 856; x_wconf 82' lang='grc' dir='ltr'>λέγειν,</span> <span class='ocrx_word' id='word_1_140' title='bbox 2830 786 3242 859; x_wconf 85' lang='grc' dir='ltr'>ἀποκρίνεσθαι,</span> <span class='ocrx_word' id='word_1_141' title='bbox 3279 807 3298 840; x_wconf 77' lang='grc' dir='ltr'><strong>ι</strong></span> <span class='ocrx_word' id='word_1_142' title='bbox 3336 787 3567 861; x_wconf 83' lang='grc' dir='ltr'>πότερον</span> <span class='ocrx_word' id='word_1_143' title='bbox 3595 790 3656 857; x_wconf 83' lang='grc' dir='ltr'><strong>ἐξ</strong></span> <span class='ocrx_word' id='word_1_144' title='bbox 3686 791 3781 844; x_wconf 78' lang='grc' dir='ltr'><strong>οὑ-</strong></span> 
     </span>
    </p>
   </div>
   <div class='ocr_carea' id='block_1_22' title="bbox 2196 870 3782 951">
    <p class='ocr_par' dir='ltr' id='par_1_22' title="bbox 2196 870 3782 951">
     <span class='ocr_line' id='line_1_22' title="bbox 2196 870 3782 951; baseline 0.004 -23"><span class='ocrx_word' id='word_1_145' title='bbox 2196 875 2359 947; x_wconf 88' lang='grc' dir='ltr'>ρανοῦ</span> <span class='ocrx_word' id='word_1_146' title='bbox 2391 870 2526 951; x_wconf 78' lang='grc' dir='ltr'>ἦν,ῆ</span> <span class='ocrx_word' id='word_1_147' title='bbox 2551 878 2611 945; x_wconf 73' lang='grc' dir='ltr'>ἐξ</span> <span class='ocrx_word' id='word_1_148' title='bbox 2634 874 2935 947; x_wconf 70' lang='grc' dir='ltr'>ἀνθρώπων</span> <span class='ocrx_word' id='word_1_149' title='bbox 2966 874 3030 930; x_wconf 83' lang='grc' dir='ltr'>τὸ</span> <span class='ocrx_word' id='word_1_150' title='bbox 3077 877 3363 950; x_wconf 77' lang='grc' dir='ltr'><strong>βάπτισμα</strong></span> <span class='ocrx_word' id='word_1_151' title='bbox 3406 878 3595 943; x_wconf 75' lang='grc' dir='ltr'>αὑτοῦ,</span> <span class='ocrx_word' id='word_1_152' title='bbox 3624 900 3652 933; x_wconf 64' lang='grc' dir='ltr'><strong>ι</strong></span> <span class='ocrx_word' id='word_1_153' title='bbox 3681 881 3782 935; x_wconf 81' lang='grc' dir='ltr'>οὐκ</span> 
     </span>
    </p>
   </div>
   <div class='ocr_carea' id='block_1_23' title="bbox 2191 966 3781 1040">
    <p class='ocr_par' dir='ltr' id='par_1_23' title="bbox 2191 966 3781 1040">
     <span class='ocr_line' id='line_1_23' title="bbox 2191 966 3781 1040; baseline 0.006 -21"><span class='ocrx_word' id='word_1_154' title='bbox 2191 966 2418 1036; x_wconf 81' lang='grc' dir='ltr'>ἠγνόουν</span> <span class='ocrx_word' id='word_1_155' title='bbox 2447 967 2559 1020; x_wconf 79' lang='grc' dir='ltr'>υἱὸν</span> <span class='ocrx_word' id='word_1_156' title='bbox 2586 968 2749 1021; x_wconf 81' lang='grc' dir='ltr'>αὐτὸν</span> <span class='ocrx_word' id='word_1_157' title='bbox 2775 968 3065 1038; x_wconf 84' lang='grc' dir='ltr'>τυγχάνειν</span> <span class='ocrx_word' id='word_1_158' title='bbox 3090 970 3385 1040; x_wconf 80' lang='grc' dir='ltr'>Ζαχαρίου.</span> <span class='ocrx_word' id='word_1_159' title='bbox 3420 968 3574 1040; x_wconf 86' lang='grc' dir='ltr'>Τάχα</span> <span class='ocrx_word' id='word_1_160' title='bbox 3595 970 3652 1024; x_wconf 80' lang='grc' dir='ltr'>δὲ</span> <span class='ocrx_word' id='word_1_161' title='bbox 3686 972 3781 1025; x_wconf 65' lang='grc' dir='ltr'><strong>καὶ</strong></span> 
     </span>
    </p>
   </div>
   <div class='ocr_carea' id='block_1_24' title="bbox 2191 1056 3782 1133">
    <p class='ocr_par' dir='ltr' id='par_1_24' title="bbox 2191 1056 3782 1133">
     <span class='ocr_line' id='line_1_24' title="bbox 2191 1056 3782 1133; baseline 0.004 -23"><span class='ocrx_word' id='word_1_162' title='bbox 2191 1059 2272 1121; x_wconf 86' lang='grc' dir='ltr'>εῐς</span> <span class='ocrx_word' id='word_1_163' title='bbox 2314 1074 2467 1121; x_wconf 86' lang='grc' dir='ltr'>τινας</span> <span class='ocrx_word' id='word_1_164' title='bbox 2503 1056 2736 1125; x_wconf 74' lang='grc' dir='ltr'>ἔφθασεν</span> <span class='ocrx_word' id='word_1_165' title='bbox 2768 1057 2948 1112; x_wconf 84' lang='grc' dir='ltr'>αὐτῶν</span> <span class='ocrx_word' id='word_1_166' title='bbox 2994 1059 3064 1112; x_wconf 82' lang='grc' dir='ltr'><strong>τὰ</strong></span> <span class='ocrx_word' id='word_1_167' title='bbox 3102 1060 3202 1131; x_wconf 81' lang='grc' dir='ltr'>τῆς</span> <span class='ocrx_word' id='word_1_168' title='bbox 3248 1061 3570 1133; x_wconf 80' lang='grc' dir='ltr'>ἑωραμένης</span> <span class='ocrx_word' id='word_1_169' title='bbox 3612 1064 3782 1117; x_wconf 85' lang='grc' dir='ltr'>ὀπτα-</span> 
     </span>
    </p>
   </div>
   <div class='ocr_carea' id='block_1_25' title="bbox 2194 1146 3780 1224">
    <p class='ocr_par' dir='ltr' id='par_1_25' title="bbox 2194 1146 3780 1224">
     <span class='ocr_line' id='line_1_25' title="bbox 2194 1146 3780 1224; baseline 0.006 -24"><span class='ocrx_word' id='word_1_170' title='bbox 2194 1147 2312 1212; x_wconf 85' lang='grc' dir='ltr'>σίας</span> <span class='ocrx_word' id='word_1_171' title='bbox 2340 1149 2397 1203; x_wconf 82' lang='grc' dir='ltr'>ὲν</span> <span class='ocrx_word' id='word_1_172' title='bbox 2424 1146 2502 1217; x_wconf 85' lang='grc' dir='ltr'><strong>τῷ</strong></span> <span class='ocrx_word' id='word_1_173' title='bbox 2531 1147 2645 1219; x_wconf 82' lang='grc' dir='ltr'><strong>ναῷ</strong></span> <span class='ocrx_word' id='word_1_174' title='bbox 2681 1148 2813 1220; x_wconf 67' lang='grc'>(28),</span> <span class='ocrx_word' id='word_1_175' title='bbox 2860 1149 3124 1219; x_wconf 83' lang='grc' dir='ltr'>φανέντος</span> <span class='ocrx_word' id='word_1_176' title='bbox 3151 1149 3230 1221; x_wconf 84' lang='grc' dir='ltr'>τῷ</span> <span class='ocrx_word' id='word_1_177' title='bbox 3273 1151 3519 1224; x_wconf 76' lang='grc' dir='ltr'>Ζαχαρία</span> <span class='ocrx_word' id='word_1_178' title='bbox 3545 1152 3641 1206; x_wconf 88' lang='grc' dir='ltr'><strong>τοῦ</strong></span> <span class='ocrx_word' id='word_1_179' title='bbox 3672 1154 3711 1206; x_wconf 90' lang='grc' dir='ltr'><strong>Γ</strong></span> <span class='ocrx_word' id='word_1_180' title='bbox 3710 1160 3780 1210; x_wconf 68' lang='grc' dir='ltr'><strong>αι-</strong></span> 
     </span>
    </p>
   </div>
   <div class='ocr_carea' id='block_1_26' title="bbox 2191 1236 3777 1316">
    <p class='ocr_par' dir='ltr' id='par_1_26' title="bbox 2191 1236 3777 1316">
     <span class='ocr_line' id='line_1_26' title="bbox 2191 1236 3777 1316; baseline 0.005 -24"><span class='ocrx_word' id='word_1_181' title='bbox 2191 1239 2368 1313; x_wconf 77' lang='grc' dir='ltr'>σριήλ.</span> <span class='ocrx_word' id='word_1_182' title='bbox 2406 1239 2574 1293; x_wconf 83' lang='grc' dir='ltr'>Ποίαν</span> <span class='ocrx_word' id='word_1_183' title='bbox 2606 1240 2668 1312; x_wconf 84' lang='grc' dir='ltr'>δὴ</span> <span class='ocrx_word' id='word_1_184' title='bbox 2698 1236 2790 1295; x_wconf 81' lang='grc' dir='ltr'>οὖν</span> <span class='ocrx_word' id='word_1_185' title='bbox 2815 1240 2929 1311; x_wconf 82' lang='grc' dir='ltr'>ἔχει</span> <span class='ocrx_word' id='word_1_186' title='bbox 2958 1238 3295 1313; x_wconf 70' lang='grc' dir='ltr'><strong>⁴τιὲιθανότητα</strong></span> <span class='ocrx_word' id='word_1_187' title='bbox 3329 1244 3440 1316; x_wconf 71' lang='grc'><strong>(29)</strong></span> <span class='ocrx_word' id='word_1_188' title='bbox 3472 1246 3504 1315; x_wconf 88' lang='grc' dir='ltr'><strong>ή</strong></span> <span class='ocrx_word' id='word_1_189' title='bbox 3538 1244 3632 1298; x_wconf 81' lang='grc' dir='ltr'><strong>τοῦ</strong></span> <span class='ocrx_word' id='word_1_190' title='bbox 3666 1246 3777 1301; x_wconf 68' lang='grc' dir='ltr'>εἴτε</span> 
     </span>
    </p>
   </div>
   <div class='ocr_carea' id='block_1_27' title="bbox 2202 1320 3778 1408">
    <p class='ocr_par' dir='ltr' id='par_1_27' title="bbox 2202 1320 3778 1408">
     <span class='ocr_line' id='line_1_27' title="bbox 2202 1320 3778 1408; baseline 0.003 -21"><span class='ocrx_word' id='word_1_191' title='bbox 2202 1330 2441 1405; x_wconf 83' lang='grc' dir='ltr'>Ἡρώδου</span> <span class='ocrx_word' id='word_1_192' title='bbox 2458 1320 2580 1385; x_wconf 72' lang='grc' dir='ltr'>ἐἴτε</span> <span class='ocrx_word' id='word_1_193' title='bbox 2612 1333 2775 1389; x_wconf 85' lang='grc' dir='ltr'>τινῶν</span> <span class='ocrx_word' id='word_1_194' title='bbox 2797 1334 2907 1388; x_wconf 81' lang='grc' dir='ltr'><strong>ἀπὸ</strong></span> <span class='ocrx_word' id='word_1_195' title='bbox 2933 1334 3027 1388; x_wconf 88' lang='grc' dir='ltr'><strong>τοῦ</strong></span> <span class='ocrx_word' id='word_1_196' title='bbox 3050 1334 3181 1389; x_wconf 89' lang='grc' dir='ltr'>λαοῦ</span> <span class='ocrx_word' id='word_1_197' title='bbox 3205 1335 3415 1406; x_wconf 79' lang='grc' dir='ltr'>ἀπάτη,</span> <span class='ocrx_word' id='word_1_198' title='bbox 3441 1336 3580 1408; x_wconf 87' lang='grc' dir='ltr'>πρὸς</span> <span class='ocrx_word' id='word_1_199' title='bbox 3602 1337 3665 1391; x_wconf 82' lang='grc' dir='ltr'>τὸ</span> <span class='ocrx_word' id='word_1_200' title='bbox 3692 1354 3778 1392; x_wconf 87' lang='grc' dir='ltr'>νο-</span> 
     </span>
    </p>
   </div>
   <div class='ocr_carea' id='block_1_28' title="bbox 2192 1423 3778 1500">
    <p class='ocr_par' dir='ltr' id='par_1_28' title="bbox 2192 1423 3778 1500">
     <span class='ocr_line' id='line_1_28' title="bbox 2192 1423 3778 1500; baseline 0.004 -24"><span class='ocrx_word' id='word_1_201' title='bbox 2192 1424 2369 1495; x_wconf 84' lang='grc' dir='ltr'>μίσαι,</span> <span class='ocrx_word' id='word_1_202' title='bbox 2403 1424 2485 1478; x_wconf 83' lang='grc' dir='ltr'>ὅτι</span> <span class='ocrx_word' id='word_1_203' title='bbox 2530 1424 2591 1477; x_wconf 82' lang='grc' dir='ltr'>οὐ</span> <span class='ocrx_word' id='word_1_204' title='bbox 2631 1423 2724 1477; x_wconf 78' lang='grc' dir='ltr'>δύο</span> <span class='ocrx_word' id='word_1_205' title='bbox 2761 1425 2905 1489; x_wconf 85' lang='grc' dir='ltr'>τινὲς</span> <span class='ocrx_word' id='word_1_206' title='bbox 2937 1424 3226 1494; x_wconf 84' lang='grc' dir='ltr'>γεγόνασιν</span> <span class='ocrx_word' id='word_1_207' title='bbox 3266 1429 3295 1481; x_wconf 98' lang='lat'><strong>6</strong></span> <span class='ocrx_word' id='word_1_208' title='bbox 3349 1426 3601 1500; x_wconf 81' lang='grc' dir='ltr'>Ἰωάννης</span> <span class='ocrx_word' id='word_1_209' title='bbox 3628 1429 3724 1483; x_wconf 73' lang='grc' dir='ltr'>καὶ</span> <span class='ocrx_word' id='word_1_210' title='bbox 3747 1432 3778 1484; x_wconf 78' lang='lat'><strong>6</strong></span> 
     </span>
    </p>
   </div>
   <div class='ocr_carea' id='block_1_29' title="bbox 2201 1509 3770 1589">
    <p class='ocr_par' dir='ltr' id='par_1_29' title="bbox 2201 1509 3770 1589">
     <span class='ocr_line' id='line_1_29' title="bbox 2201 1509 3770 1589; baseline 0.004 -21"><span class='ocrx_word' id='word_1_211' title='bbox 2201 1515 2442 1586; x_wconf 88' lang='grc' dir='ltr'>Ἰησοῦς,</span> <span class='ocrx_word' id='word_1_212' title='bbox 2472 1515 2587 1569; x_wconf 83' lang='grc' dir='ltr'>ἀλλ’</span> <span class='ocrx_word' id='word_1_213' title='bbox 2632 1509 2713 1580; x_wconf 72' lang='grc' dir='ltr'>εἷς</span> <span class='ocrx_word' id='word_1_214' title='bbox 2744 1518 2837 1569; x_wconf 70' lang='grc' dir='ltr'>καὶ</span> <span class='ocrx_word' id='word_1_215' title='bbox 2885 1518 3045 1583; x_wconf 87' lang='grc' dir='ltr'>αὐτὸς</span> <span class='ocrx_word' id='word_1_216' title='bbox 3077 1518 3152 1572; x_wconf 84' lang='grc' dir='ltr'>ὢν</span> <span class='ocrx_word' id='word_1_217' title='bbox 3197 1519 3469 1589; x_wconf 82' lang='grc' dir='ltr'>Ἰωάννης,</span> <span class='ocrx_word' id='word_1_218' title='bbox 3514 1520 3770 1586; x_wconf 75' lang='grc' dir='ltr'>ἀναστάς,</span> 
     </span>
    </p>
   </div>
   <div class='ocr_carea' id='block_1_30' title="bbox 2192 1605 3772 1682">
    <p class='ocr_par' dir='ltr' id='par_1_30' title="bbox 2192 1605 3772 1682">
     <span class='ocr_line' id='line_1_30' title="bbox 2192 1605 3772 1682; baseline 0.003 -24"><span class='ocrx_word' id='word_1_219' title='bbox 2192 1605 2328 1675; x_wconf 80' lang='grc' dir='ltr'>μετὰ</span> <span class='ocrx_word' id='word_1_220' title='bbox 2365 1605 2427 1659; x_wconf 89' lang='grc' dir='ltr'>τὸ</span> <span class='ocrx_word' id='word_1_221' title='bbox 2472 1605 2994 1677; x_wconf 80' lang='grc' dir='ltr'>ἁποκεφαλισθῆναι,</span> <span class='ocrx_word' id='word_1_222' title='bbox 3030 1608 3094 1661; x_wconf 79' lang='grc' dir='ltr'>ἐκ</span> <span class='ocrx_word' id='word_1_223' title='bbox 3141 1606 3250 1660; x_wconf 85' lang='grc' dir='ltr'><strong>τῶν</strong></span> <span class='ocrx_word' id='word_1_224' title='bbox 3290 1608 3520 1678; x_wconf 84' lang='grc' dir='ltr'>νεκρῶν,</span> <span class='ocrx_word' id='word_1_225' title='bbox 3571 1608 3772 1682; x_wconf 76' lang='grc' dir='ltr'>ἐκλήθη</span> 
     </span>
    </p>
   </div>
   <div class='ocr_carea' id='block_1_31' title="bbox 2203 1695 3866 1773">
    <p class='ocr_par' dir='ltr' id='par_1_31' title="bbox 2203 1695 3866 1773">
     <span class='ocr_line' id='line_1_31' title="bbox 2203 1695 3866 1773; baseline 0.005 -24"><span class='ocrx_word' id='word_1_226' title='bbox 2203 1695 2441 1767; x_wconf 87' lang='grc' dir='ltr'>Ἰησοῦς;</span> <span class='ocrx_word' id='word_1_227' title='bbox 2482 1697 2644 1767; x_wconf 79' lang='grc' dir='ltr'>Λέγοι</span> <span class='ocrx_word' id='word_1_228' title='bbox 2675 1697 2719 1750; x_wconf 80' lang='grc' dir='ltr'>δ’</span> <span class='ocrx_word' id='word_1_229' title='bbox 2751 1697 2816 1753; x_wconf 81' lang='grc' dir='ltr'>ἄν</span> <span class='ocrx_word' id='word_1_230' title='bbox 2847 1716 2932 1762; x_wconf 87' lang='grc' dir='ltr'><strong>τις</strong></span> <span class='ocrx_word' id='word_1_231' title='bbox 2963 1699 3060 1771; x_wconf 82' lang='grc' dir='ltr'>τὴν</span> <span class='ocrx_word' id='word_1_232' title='bbox 3091 1699 3192 1770; x_wconf 84' lang='grc' dir='ltr'>τῆς</span> <span class='ocrx_word' id='word_1_233' title='bbox 3232 1702 3774 1773; x_wconf 88' lang='grc' dir='ltr'>μετενσωματώσεως</span> <span class='ocrx_word' id='word_1_234' title='bbox 3859 1758 3866 1771; x_wconf 71' lang='grc'><strong>,</strong></span> 
     </span>
    </p>
   </div>
   <div class='ocr_carea' id='block_1_32' title="bbox 509 1776 2090 1866">
    <p class='ocr_par' dir='ltr' id='par_1_32' title="bbox 509 1776 2089 1866">
     <span class='ocr_line' id='line_1_32' title="bbox 509 1776 2089 1866; baseline 0.023 -40"><span class='ocrx_word' id='word_1_235' title='bbox 509 1780 565 1827; x_wconf 85' lang='lat' dir='ltr'><strong>et</strong></span> <span class='ocrx_word' id='word_1_236' title='bbox 599 1789 630 1829; x_wconf 92' lang='lat' dir='ltr'><strong>e</strong></span> <span class='ocrx_word' id='word_1_237' title='bbox 673 1776 826 1841; x_wconf 85' lang='lat' dir='ltr'><strong>plebe</strong></span> <span class='ocrx_word' id='word_1_238' title='bbox 864 1784 1153 1841; x_wconf 91' lang='lat' dir='ltr'><strong>nonnullos</strong></span> <span class='ocrx_word' id='word_1_239' title='bbox 1188 1789 1504 1859; x_wconf 69' lang='lat' dir='ltr'><strong>adhaesisse,</strong></span> <span class='ocrx_word' id='word_1_240' title='bbox 1537 1812 1646 1866; x_wconf 91' lang='lat' dir='ltr'><strong>qua</strong></span> <span class='ocrx_word' id='word_1_241' title='bbox 1690 1776 2089 1860; x_wconf 81' lang='lat' dir='ltr'><strong>adducerentur</strong></span> 
     </span>
    </p>
   </div>
   <div class='ocr_carea' id='block_1_33' title="bbox 2194 1776 3776 1866">
    <p class='ocr_par' dir='ltr' id='par_1_33' title="bbox 2194 1787 3776 1865">
     <span class='ocr_line' id='line_1_33' title="bbox 2194 1787 3776 1865; baseline 0.014 -35"><span class='ocrx_word' id='word_1_242' title='bbox 2194 1787 2528 1858; x_wconf 42' lang='grc' dir='ltr'>ψευδοδοξίαν</span> <span class='ocrx_word' id='word_1_243' title='bbox 2581 1789 2693 1860; x_wconf 79' lang='grc'>(50)</span> <span class='ocrx_word' id='word_1_244' title='bbox 2733 1790 3013 1859; x_wconf 84' lang='grc' dir='ltr'>γεγονέναι</span> <span class='ocrx_word' id='word_1_245' title='bbox 3051 1793 3108 1845; x_wconf 79' lang='grc' dir='ltr'>ὲν</span> <span class='ocrx_word' id='word_1_246' title='bbox 3140 1790 3218 1857; x_wconf 84' lang='grc' dir='ltr'>τῷ</span> <span class='ocrx_word' id='word_1_247' title='bbox 3259 1792 3471 1865; x_wconf 80' lang='grc' dir='ltr'>Ἡρώδῃ</span> <span class='ocrx_word' id='word_1_248' title='bbox 3523 1795 3619 1849; x_wconf 89' lang='grc' dir='ltr'><strong>καί</strong></span> <span class='ocrx_word' id='word_1_249' title='bbox 3665 1814 3776 1852; x_wconf 82' lang='grc' dir='ltr'>τισι</span> 
     </span>
    </p>
   </div>
   <div class='ocr_carea' id='block_1_34' title="bbox 513 1865 2090 1959">
    <p class='ocr_par' dir='ltr' id='par_1_34' title="bbox 513 1865 2089 1955">
     <span class='ocr_line' id='line_1_34' title="bbox 513 1865 2089 1955; baseline 0.025 -38"><span class='ocrx_word' id='word_1_250' title='bbox 513 1873 569 1919; x_wconf 85' lang='grc' dir='ltr'><strong>ιιι</strong></span> <span class='ocrx_word' id='word_1_251' title='bbox 607 1867 891 1926; x_wconf 86' lang='lat' dir='ltr'><strong>crederent</strong></span> <span class='ocrx_word' id='word_1_252' title='bbox 912 1872 1057 1931; x_wconf 88' lang='lat' dir='ltr'><strong>hunc</strong></span> <span class='ocrx_word' id='word_1_253' title='bbox 1087 1877 1217 1934; x_wconf 91' lang='lat' dir='ltr'><strong>olim</strong></span> <span class='ocrx_word' id='word_1_254' title='bbox 1246 1880 1509 1941; x_wconf 88' lang='lat' dir='ltr'><strong>Joannem</strong></span> <span class='ocrx_word' id='word_1_255' title='bbox 1546 1865 1718 1948; x_wconf 81' lang='lat' dir='ltr'><strong>fuisse</strong></span> <span class='ocrx_word' id='word_1_256' title='bbox 1747 1908 1875 1949; x_wconf 87' lang='lat' dir='ltr'><strong>cum</strong></span> <span class='ocrx_word' id='word_1_257' title='bbox 1898 1913 2089 1955; x_wconf 61' lang='lat' dir='ltr'><strong>nascev</strong></span> 
     </span>
    </p>
   </div>
   <div class='ocr_carea' id='block_1_35' title="bbox 2194 1865 3775 1959">
    <p class='ocr_par' dir='ltr' id='par_1_35' title="bbox 2194 1876 3775 1959">
     <span class='ocr_line' id='line_1_35' title="bbox 2194 1876 3775 1959; baseline 0.006 -26"><span class='ocrx_word' id='word_1_258' title='bbox 2194 1880 2299 1934; x_wconf 86' lang='grc' dir='ltr'><strong>τῶν</strong></span> <span class='ocrx_word' id='word_1_259' title='bbox 2325 1881 2434 1934; x_wconf 84' lang='grc' dir='ltr'><strong>ἀπὸ</strong></span> <span class='ocrx_word' id='word_1_260' title='bbox 2457 1880 2551 1933; x_wconf 89' lang='grc' dir='ltr'><strong>τοῦ</strong></span> <span class='ocrx_word' id='word_1_261' title='bbox 2577 1880 2706 1934; x_wconf 86' lang='grc' dir='ltr'>λαοῦ</span> <span class='ocrx_word' id='word_1_262' title='bbox 2716 1920 2730 1947; x_wconf 83' lang='grc'><strong>,</strong></span> <span class='ocrx_word' id='word_1_263' title='bbox 2758 1882 2851 1952; x_wconf 84' lang='grc' dir='ltr'><strong>ἀφ’</strong></span> <span class='ocrx_word' id='word_1_264' title='bbox 2876 1876 2944 1954; x_wconf 85' lang='grc' dir='ltr'>ἦς</span> <span class='ocrx_word' id='word_1_265' title='bbox 2966 1882 3132 1954; x_wconf 75' lang='grc' dir='ltr'>ᾤοντο</span> <span class='ocrx_word' id='word_1_266' title='bbox 3152 1885 3244 1937; x_wconf 87' lang='grc' dir='ltr'><strong>τόν</strong></span> <span class='ocrx_word' id='word_1_267' title='bbox 3270 1902 3401 1938; x_wconf 88' lang='grc' dir='ltr'>ποτε</span> <span class='ocrx_word' id='word_1_268' title='bbox 3435 1886 3688 1959; x_wconf 84' lang='grc' dir='ltr'>Ἰωάννην</span> <span class='ocrx_word' id='word_1_269' title='bbox 3716 1891 3775 1945; x_wconf 82' lang='grc' dir='ltr'>ἐν</span> 
     </span>
    </p>
   </div>
   <div class='ocr_carea' id='block_1_36' title="bbox 504 1968 2087 2056">
    <p class='ocr_par' dir='ltr' id='par_1_36' title="bbox 504 1968 2087 2056">
     <span class='ocr_line' id='line_1_36' title="bbox 504 1968 2087 2056; baseline 0.02 -46"><span class='ocrx_word' id='word_1_270' title='bbox 504 1977 682 2024; x_wconf 59' lang='grc' dir='ltr'>κων,</span> <span class='ocrx_word' id='word_1_271' title='bbox 731 1969 785 2014; x_wconf 90' lang='lat' dir='ltr'><strong>et</strong></span> <span class='ocrx_word' id='word_1_272' title='bbox 830 1976 860 2016; x_wconf 91' lang='lat' dir='ltr'><strong>e</strong></span> <span class='ocrx_word' id='word_1_273' title='bbox 904 1968 1135 2024; x_wconf 87' lang='lat' dir='ltr'><strong>mortuis</strong></span> <span class='ocrx_word' id='word_1_274' title='bbox 1177 1987 1451 2035; x_wconf 81' lang='lat' dir='ltr'><strong>remeasse</strong></span> <span class='ocrx_word' id='word_1_275' title='bbox 1494 1979 1562 2032; x_wconf 89' lang='lat' dir='ltr'><strong>ad</strong></span> <span class='ocrx_word' id='word_1_276' title='bbox 1608 1981 1796 2049; x_wconf 90' lang='lat' dir='ltr'><strong>vitam,</strong></span> <span class='ocrx_word' id='word_1_277' title='bbox 1829 1993 2087 2056; x_wconf 87' lang='lat' dir='ltr'><strong>tanquam</strong></span> 
     </span>
    </p>
   </div>
   <div class='ocr_carea' id='block_1_37' title="bbox 509 2047 2089 2143">
    <p class='ocr_par' dir='ltr' id='par_1_37' title="bbox 509 2047 2089 2143">
     <span class='ocr_line' id='line_1_37' title="bbox 509 2047 2089 2143; baseline 0.021 -44"><span class='ocrx_word' id='word_1_278' title='bbox 509 2047 738 2104; x_wconf 65' lang='lat' dir='ltr'><strong>Iesum:</strong></span> <span class='ocrx_word' id='word_1_279' title='bbox 786 2051 881 2107; x_wconf 90' lang='lat' dir='ltr'><strong>sed</strong></span> <span class='ocrx_word' id='word_1_280' title='bbox 922 2052 1217 2123; x_wconf 89' lang='lat' dir='ltr'><strong>quominus</strong></span> <span class='ocrx_word' id='word_1_281' title='bbox 1260 2060 1395 2119; x_wconf 82' lang='lat' dir='ltr'><strong>falsa</strong></span> <span class='ocrx_word' id='word_1_282' title='bbox 1438 2080 1500 2120; x_wconf 85' lang='lat' dir='ltr'><strong>ea</strong></span> <span class='ocrx_word' id='word_1_283' title='bbox 1554 2069 1739 2139; x_wconf 83' lang='lat' dir='ltr'><strong>opinio</strong></span> <span class='ocrx_word' id='word_1_284' title='bbox 1791 2075 2089 2143; x_wconf 80' lang='lat' dir='ltr'><strong>probabilis</strong></span> 
     </span>
    </p>
   </div>
   <div class='ocr_carea' id='block_1_38' title="bbox 514 2137 2089 2226">
    <p class='ocr_par' dir='ltr' id='par_1_38' title="bbox 514 2137 2089 2226">
     <span class='ocr_line' id='line_1_38' title="bbox 514 2137 2089 2226; baseline 0.022 -36"><span class='ocrx_word' id='word_1_285' title='bbox 514 2137 800 2208; x_wconf 80' lang='lat' dir='ltr'><strong>habeatur,</strong></span> <span class='ocrx_word' id='word_1_286' title='bbox 834 2143 1218 2215; x_wconf 89' lang='lat' dir='ltr'><strong>impedimento</strong></span> <span class='ocrx_word' id='word_1_287' title='bbox 1252 2163 1337 2208; x_wconf 89' lang='lat' dir='ltr'><strong>est</strong></span> <span class='ocrx_word' id='word_1_288' title='bbox 1369 2163 1582 2226; x_wconf 89' lang='lat' dir='ltr'><strong>tempus</strong></span> <span class='ocrx_word' id='word_1_289' title='bbox 1619 2176 1729 2216; x_wconf 91' lang='lat' dir='ltr'><strong>non</strong></span> <span class='ocrx_word' id='word_1_290' title='bbox 1761 2179 1857 2218; x_wconf 78' lang='lat' dir='ltr'><strong>sex</strong></span> <span class='ocrx_word' id='word_1_291' title='bbox 1888 2168 2089 2223; x_wconf 88' lang='lat' dir='ltr'><strong>mensi-</strong></span> 
     </span>
    </p>
   </div>
   <div class='ocr_carea' id='block_1_39' title="bbox 510 2230 2091 2314">
    <p class='ocr_par' dir='ltr' id='par_1_39' title="bbox 510 2230 2091 2314">
     <span class='ocr_line' id='line_1_39' title="bbox 510 2230 2091 2314; baseline 0.02 -31"><span class='ocrx_word' id='word_1_292' title='bbox 510 2230 613 2285; x_wconf 88' lang='lat' dir='ltr'><strong>bus</strong></span> <span class='ocrx_word' id='word_1_293' title='bbox 653 2232 889 2304; x_wconf 82' lang='lat' dir='ltr'><strong>longius,</strong></span> <span class='ocrx_word' id='word_1_294' title='bbox 917 2239 1063 2307; x_wconf 92' lang='lat' dir='ltr'><strong>quod</strong></span> <span class='ocrx_word' id='word_1_295' title='bbox 1088 2250 1268 2297; x_wconf 89' lang='lat' dir='ltr'><strong>ortum</strong></span> <span class='ocrx_word' id='word_1_296' title='bbox 1298 2242 1527 2303; x_wconf 80' lang='lat' dir='ltr'><strong>Joannis</strong></span> <span class='ocrx_word' id='word_1_297' title='bbox 1559 2259 1613 2305; x_wconf 91' lang='lat' dir='ltr'><strong>et</strong></span> <span class='ocrx_word' id='word_1_298' title='bbox 1659 2251 1788 2308; x_wconf 82' lang='lat' dir='ltr'><strong>Jcsu</strong></span> <span class='ocrx_word' id='word_1_299' title='bbox 1829 2255 2091 2314; x_wconf 89' lang='lat' dir='ltr'><strong>interces-</strong></span> 
     </span>
    </p>
   </div>
   <div class='ocr_carea' id='block_1_40' title="bbox 508 2322 2085 2417">
    <p class='ocr_par' dir='ltr' id='par_1_40' title="bbox 508 2322 2085 2417">
     <span class='ocr_line' id='line_1_40' title="bbox 508 2322 2085 2417; baseline 0.018 -41"><span class='ocrx_word' id='word_1_300' title='bbox 508 2323 600 2377; x_wconf 85' lang='lat' dir='ltr'><strong>sit.</strong></span> <span class='ocrx_word' id='word_1_301' title='bbox 634 2322 892 2384; x_wconf 87' lang='lat' dir='ltr'><strong>Fortasse</strong></span> <span class='ocrx_word' id='word_1_302' title='bbox 922 2347 1053 2387; x_wconf 86' lang='lat' dir='ltr'><strong>vero</strong></span> <span class='ocrx_word' id='word_1_303' title='bbox 1099 2335 1179 2390; x_wconf 91' lang='lat' dir='ltr'><strong>sic</strong></span> <span class='ocrx_word' id='word_1_304' title='bbox 1221 2338 1569 2396; x_wconf 79' lang='lat' dir='ltr'><strong>existimabat</strong></span> <span class='ocrx_word' id='word_1_305' title='bbox 1609 2345 1792 2414; x_wconf 83' lang='lat' dir='ltr'><strong>petius</strong></span> <span class='ocrx_word' id='word_1_306' title='bbox 1825 2345 2085 2417; x_wconf 77' lang='lat' dir='ltr'><strong>Herodes,</strong></span> 
     </span>
    </p>
   </div>
   <div class='ocr_carea' id='block_1_41' title="bbox 509 2413 2086 2504">
    <p class='ocr_par' dir='ltr' id='par_1_41' title="bbox 509 2413 2086 2504">
     <span class='ocr_line' id='line_1_41' title="bbox 509 2413 2086 2504; baseline 0.021 -40"><span class='ocrx_word' id='word_1_307' title='bbox 509 2413 738 2471; x_wconf 83' lang='lat' dir='ltr'><strong>virtutes</strong></span> <span class='ocrx_word' id='word_1_308' title='bbox 763 2434 886 2489; x_wconf 81' lang='lat' dir='ltr'><strong>qua:</strong></span> <span class='ocrx_word' id='word_1_309' title='bbox 917 2419 969 2474; x_wconf 93' lang='lat' dir='ltr'><strong>in</strong></span> <span class='ocrx_word' id='word_1_310' title='bbox 1004 2420 1214 2483; x_wconf 84' lang='lat' dir='ltr'><strong>Joanne</strong></span> <span class='ocrx_word' id='word_1_311' title='bbox 1244 2440 1479 2498; x_wconf 59' lang='lat' dir='ltr'><strong>operata;</strong></span> <span class='ocrx_word' id='word_1_312' title='bbox 1526 2413 1761 2504; x_wconf 81' lang='lat' dir='ltr'><strong>fuerant,</strong></span> <span class='ocrx_word' id='word_1_313' title='bbox 1804 2438 1860 2493; x_wconf 90' lang='lat' dir='ltr'><strong>in</strong></span> <span class='ocrx_word' id='word_1_314' title='bbox 1901 2437 2086 2496; x_wconf 91' lang='lat' dir='ltr'><strong>Jesum</strong></span> 
     </span>
    </p>
   </div>
   <div class='ocr_carea' id='block_1_42' title="bbox 507 2502 2090 2592">
    <p class='ocr_par' dir='ltr' id='par_1_42' title="bbox 507 2502 2090 2592">
     <span class='ocr_line' id='line_1_42' title="bbox 507 2502 2090 2592; baseline 0.02 -34"><span class='ocrx_word' id='word_1_315' title='bbox 507 2502 813 2578; x_wconf 83' lang='lat' dir='ltr'><strong>transiisse,</strong></span> <span class='ocrx_word' id='word_1_316' title='bbox 845 2512 987 2568; x_wconf 92' lang='lat' dir='ltr'><strong>unde</strong></span> <span class='ocrx_word' id='word_1_317' title='bbox 1032 2513 1272 2575; x_wconf 89' lang='lat' dir='ltr'><strong>Joannes</strong></span> <span class='ocrx_word' id='word_1_318' title='bbox 1317 2520 1561 2592; x_wconf 88' lang='lat' dir='ltr'><strong>Baptista</strong></span> <span class='ocrx_word' id='word_1_319' title='bbox 1608 2542 1731 2583; x_wconf 88' lang='lat' dir='ltr'><strong>esse</strong></span> <span class='ocrx_word' id='word_1_320' title='bbox 1767 2532 2090 2589; x_wconf 86' lang='lat' dir='ltr'><strong>credebatur</strong></span> 
     </span>
    </p>
   </div>
   <div class='ocr_carea' id='block_1_43' title="bbox 510 2596 2084 2690">
    <p class='ocr_par' dir='ltr' id='par_1_43' title="bbox 510 2596 2084 2690">
     <span class='ocr_line' id='line_1_43' title="bbox 510 2596 2084 2690; baseline 0.02 -43"><span class='ocrx_word' id='word_1_321' title='bbox 510 2596 565 2648; x_wconf 87' lang='lat' dir='ltr'><strong>in</strong></span> <span class='ocrx_word' id='word_1_322' title='bbox 620 2600 866 2668; x_wconf 87' lang='lat' dir='ltr'><strong>populo:</strong></span> <span class='ocrx_word' id='word_1_323' title='bbox 916 2612 971 2659; x_wconf 90' lang='lat' dir='ltr'><strong>et</strong></span> <span class='ocrx_word' id='word_1_324' title='bbox 1016 2607 1109 2660; x_wconf 91' lang='lat' dir='ltr'><strong>tali</strong></span> <span class='ocrx_word' id='word_1_325' title='bbox 1156 2610 1431 2682; x_wconf 84' lang='lat' dir='ltr'><strong>quispiam</strong></span> <span class='ocrx_word' id='word_1_326' title='bbox 1490 2625 1676 2672; x_wconf 88' lang='lat' dir='ltr'><strong>utatur</strong></span> <span class='ocrx_word' id='word_1_327' title='bbox 1720 2634 2084 2690; x_wconf 83' lang='lat' dir='ltr'><strong>argumento:</strong></span> 
     </span>
    </p>
   </div>
   <div class='ocr_carea' id='block_1_44' title="bbox 507 2687 2085 2782">
    <p class='ocr_par' dir='ltr' id='par_1_44' title="bbox 507 2687 2085 2782">
     <span class='ocr_line' id='line_1_44' title="bbox 507 2687 2085 2782; baseline 0.02 -43"><span class='ocrx_word' id='word_1_328' title='bbox 507 2687 977 2753; x_wconf 76' lang='lat' dir='ltr'><strong>Quemadmodum</strong></span> <span class='ocrx_word' id='word_1_329' title='bbox 1022 2710 1245 2771; x_wconf 86' lang='lat' dir='ltr'><strong>propter</strong></span> <span class='ocrx_word' id='word_1_330' title='bbox 1280 2705 1534 2773; x_wconf 86' lang='lat' dir='ltr'><strong>spiritum</strong></span> <span class='ocrx_word' id='word_1_331' title='bbox 1565 2717 1620 2763; x_wconf 90' lang='lat' dir='ltr'><strong>et</strong></span> <span class='ocrx_word' id='word_1_332' title='bbox 1646 2687 1899 2768; x_wconf 71' lang='lat' dir='ltr'><strong>virtutem</strong></span> <span class='ocrx_word' id='word_1_333' title='bbox 1933 2713 2085 2782; x_wconf 68' lang='lat' dir='ltr'><strong>Elim,</strong></span> 
     </span>
    </p>
   </div>
   <div class='ocr_carea' id='block_1_45' title="bbox 507 2789 2088 2877">
    <p class='ocr_par' dir='ltr' id='par_1_45' title="bbox 507 2789 2088 2877">
     <span class='ocr_line' id='line_1_45' title="bbox 507 2789 2088 2877; baseline 0.021 -46"><span class='ocrx_word' id='word_1_334' title='bbox 507 2792 619 2832; x_wconf 82' lang='lat' dir='ltr'><strong>non</strong></span> <span class='ocrx_word' id='word_1_335' title='bbox 674 2795 896 2853; x_wconf 83' lang='lat' dir='ltr'><strong>pmpter</strong></span> <span class='ocrx_word' id='word_1_336' title='bbox 941 2789 1062 2858; x_wconf 81' lang='lat' dir='ltr'><strong>ejus</strong></span> <span class='ocrx_word' id='word_1_337' title='bbox 1113 2793 1356 2850; x_wconf 90' lang='lat' dir='ltr'><strong>animam</strong></span> <span class='ocrx_word' id='word_1_338' title='bbox 1383 2837 1400 2864; x_wconf 96' lang='lat'><strong>,</strong></span> <span class='ocrx_word' id='word_1_339' title='bbox 1452 2799 1520 2854; x_wconf 92' lang='lat' dir='ltr'><strong>de</strong></span> <span class='ocrx_word' id='word_1_340' title='bbox 1565 2799 1776 2858; x_wconf 89' lang='lat' dir='ltr'><strong>Joanne</strong></span> <span class='ocrx_word' id='word_1_341' title='bbox 1823 2807 2088 2877; x_wconf 86' lang='lat' dir='ltr'><strong>scriptum</strong></span> 
     </span>
    </p>
   </div>
   <div class='ocr_carea' id='block_1_46' title="bbox 499 2871 2089 2968">
    <p class='ocr_par' dir='ltr' id='par_1_46' title="bbox 499 2871 2089 2968">
     <span class='ocr_line' id='line_1_46' title="bbox 499 2871 2089 2968; baseline 0.02 -45"><span class='ocrx_word' id='word_1_342' title='bbox 499 2879 591 2925; x_wconf 85' lang='lat' dir='ltr'><strong>est</strong></span> <span class='ocrx_word' id='word_1_343' title='bbox 627 2871 713 2927; x_wconf 80' lang='lat'><strong>“:</strong></span> <span class='ocrx_word' id='word_1_344' title='bbox 761 2892 782 2925; x_wconf 72' lang='grc' dir='ltr'><strong>ε</strong></span> <span class='ocrx_word' id='word_1_345' title='bbox 820 2876 939 2945; x_wconf 89' lang='lat' dir='ltr'><strong>Ipse</strong></span> <span class='ocrx_word' id='word_1_346' title='bbox 978 2888 1064 2935; x_wconf 90' lang='lat' dir='ltr'><strong>est</strong></span> <span class='ocrx_word' id='word_1_347' title='bbox 1108 2880 1254 2940; x_wconf 90' lang='lat' dir='ltr'><strong>Elias</strong></span> <span class='ocrx_word' id='word_1_348' title='bbox 1301 2887 1394 2957; x_wconf 89' lang='lat' dir='ltr'><strong>qni</strong></span> <span class='ocrx_word' id='word_1_349' title='bbox 1440 2899 1708 2948; x_wconf 81' lang='lat' dir='ltr'><strong>venturus</strong></span> <span class='ocrx_word' id='word_1_350' title='bbox 1757 2903 1860 2962; x_wconf 85' lang='lat' dir='ltr'><strong>est,</strong></span> <span class='ocrx_word' id='word_1_351' title='bbox 1890 2871 2089 2968; x_wconf 57' lang='lat' dir='ltr'><strong>squod</strong></span> 
     </span>
    </p>
   </div>
   <div class='ocr_carea' id='block_1_47' title="bbox 506 2960 2088 3050">
    <p class='ocr_par' dir='ltr' id='par_1_47' title="bbox 506 2960 2088 3050">
     <span class='ocr_line' id='line_1_47' title="bbox 506 2960 2088 3050; baseline 0.019 -38"><span class='ocrx_word' id='word_1_352' title='bbox 506 2960 733 3029; x_wconf 79' lang='lat' dir='ltr'><strong>spiritus</strong></span> <span class='ocrx_word' id='word_1_353' title='bbox 782 2974 838 3019; x_wconf 92' lang='lat' dir='ltr'><strong>et</strong></span> <span class='ocrx_word' id='word_1_354' title='bbox 884 2968 1059 3025; x_wconf 85' lang='lat' dir='ltr'><strong>virtus</strong></span> <span class='ocrx_word' id='word_1_355' title='bbox 1092 2988 1216 3042; x_wconf 66' lang='lat' dir='ltr'><strong>qua:</strong></span> <span class='ocrx_word' id='word_1_356' title='bbox 1260 2985 1416 3031; x_wconf 90' lang='lat' dir='ltr'><strong>erant</strong></span> <span class='ocrx_word' id='word_1_357' title='bbox 1461 2978 1515 3033; x_wconf 94' lang='lat' dir='ltr'><strong>in</strong></span> <span class='ocrx_word' id='word_1_358' title='bbox 1563 2978 1702 3050; x_wconf 88' lang='lat' dir='ltr'><strong>Elia,</strong></span> <span class='ocrx_word' id='word_1_359' title='bbox 1738 2982 1794 3037; x_wconf 92' lang='lat' dir='ltr'><strong>in</strong></span> <span class='ocrx_word' id='word_1_360' title='bbox 1823 2982 2088 3042; x_wconf 87' lang='lat' dir='ltr'><strong>Joannem</strong></span> 
     </span>
    </p>
   </div>
   <div class='ocr_carea' id='block_1_48' title="bbox 509 3054 2090 3148">
    <p class='ocr_par' dir='ltr' id='par_1_48' title="bbox 509 3054 2090 3148">
     <span class='ocr_line' id='line_1_48' title="bbox 509 3054 2090 3148; baseline 0.02 -43"><span class='ocrx_word' id='word_1_361' title='bbox 509 3054 890 3124; x_wconf 86' lang='lat' dir='ltr'><strong>transiissent;</strong></span> <span class='ocrx_word' id='word_1_362' title='bbox 937 3059 1018 3115; x_wconf 91' lang='lat' dir='ltr'><strong>sic</strong></span> <span class='ocrx_word' id='word_1_363' title='bbox 1060 3064 1406 3123; x_wconf 83' lang='lat' dir='ltr'><strong>existimabat</strong></span> <span class='ocrx_word' id='word_1_364' title='bbox 1441 3068 1683 3128; x_wconf 82' lang='lat' dir='ltr'><strong>Herodes</strong></span> <span class='ocrx_word' id='word_1_365' title='bbox 1714 3074 1942 3133; x_wconf 85' lang='lat' dir='ltr'><strong>virtutes</strong></span> <span class='ocrx_word' id='word_1_366' title='bbox 1968 3094 2090 3148; x_wconf 85' lang='lat' dir='ltr'><strong>quae</strong></span> 
     </span>
    </p>
   </div>
   <div class='ocr_carea' id='block_1_49' title="bbox 2192 1972 3776 2050">
    <p class='ocr_par' dir='ltr' id='par_1_49' title="bbox 2192 1972 3776 2050">
     <span class='ocr_line' id='line_1_49' title="bbox 2192 1972 3776 2050; baseline 0.006 -25"><span class='ocrx_word' id='word_1_367' title='bbox 2192 1972 2399 2040; x_wconf 82' lang='grc' dir='ltr'>γενέσει</span> <span class='ocrx_word' id='word_1_368' title='bbox 2430 1972 2707 2050; x_wconf 80' lang='grc' dir='ltr'><strong>γενέσθαι⁹</strong></span> <span class='ocrx_word' id='word_1_369' title='bbox 2748 1975 2842 2027; x_wconf 74' lang='grc' dir='ltr'>καὶ</span> <span class='ocrx_word' id='word_1_370' title='bbox 2884 1975 2949 2030; x_wconf 84' lang='grc' dir='ltr'>ὲκ</span> <span class='ocrx_word' id='word_1_371' title='bbox 2988 1976 3197 2047; x_wconf 86' lang='grc' dir='ltr'>νεκρῶν</span> <span class='ocrx_word' id='word_1_372' title='bbox 3229 1977 3543 2049; x_wconf 75' lang='grc' dir='ltr'>ἐληλυθέναι</span> <span class='ocrx_word' id='word_1_373' title='bbox 3572 1982 3650 2043; x_wconf 78' lang='grc' dir='ltr'><strong>είς</strong></span> <span class='ocrx_word' id='word_1_374' title='bbox 3680 1981 3776 2036; x_wconf 79' lang='grc' dir='ltr'>τὸν</span> 
     </span>
    </p>
   </div>
   <div class='ocr_carea' id='block_1_50' title="bbox 2193 2063 3777 2141">
    <p class='ocr_par' dir='ltr' id='par_1_50' title="bbox 2193 2063 3777 2141">
     <span class='ocr_line' id='line_1_50' title="bbox 2193 2063 3777 2141; baseline 0.008 -25"><span class='ocrx_word' id='word_1_375' title='bbox 2193 2063 2328 2134; x_wconf 88' lang='grc' dir='ltr'>βίον,</span> <span class='ocrx_word' id='word_1_376' title='bbox 2360 2064 2436 2128; x_wconf 83' lang='grc' dir='ltr'>ὡς</span> <span class='ocrx_word' id='word_1_377' title='bbox 2485 2064 2691 2137; x_wconf 81' lang='grc' dir='ltr'>Ἰησοῦν</span> <span class='ocrx_word' id='word_1_378' title='bbox 2714 2083 2726 2096; x_wconf 80' lang='grc'><strong><em>⁸</em></strong></span> <span class='ocrx_word' id='word_1_379' title='bbox 2756 2065 2872 2119; x_wconf 81' lang='grc' dir='ltr'>ἀλλ’</span> <span class='ocrx_word' id='word_1_380' title='bbox 2906 2067 3025 2121; x_wconf 78' lang='grc' dir='ltr'>οὐδὲ</span> <span class='ocrx_word' id='word_1_381' title='bbox 3052 2067 3258 2141; x_wconf 87' lang='grc' dir='ltr'>ταύτην</span> <span class='ocrx_word' id='word_1_382' title='bbox 3304 2068 3401 2140; x_wconf 85' lang='grc' dir='ltr'>τὴν</span> <span class='ocrx_word' id='word_1_383' title='bbox 3428 2068 3777 2140; x_wconf 77' lang='grc' dir='ltr'>ψευδοδοξίαν</span> 
     </span>
    </p>
   </div>
   <div class='ocr_carea' id='block_1_51' title="bbox 2185 2147 3755 2222">
    <p class='ocr_par' dir='ltr' id='par_1_51' title="bbox 2185 2147 3755 2222">
     <span class='ocr_line' id='line_1_51' title="bbox 2185 2147 3755 2222; baseline -0.003 -17"><span class='ocrx_word' id='word_1_384' title='bbox 2185 2149 2419 2222; x_wconf 79' lang='grc' dir='ltr'>πιθανὴν</span> <span class='ocrx_word' id='word_1_385' title='bbox 2455 2150 2520 2220; x_wconf 79' lang='grc' dir='ltr'><strong>ὲᾷ</strong></span> <span class='ocrx_word' id='word_1_386' title='bbox 2555 2148 2876 2219; x_wconf 76' lang='grc' dir='ltr'>νομισθῆναι</span> <span class='ocrx_word' id='word_1_387' title='bbox 2918 2148 2947 2201; x_wconf 91' lang='lat'><strong>6</strong></span> <span class='ocrx_word' id='word_1_388' title='bbox 2998 2148 3197 2220; x_wconf 74' lang='grc' dir='ltr'>μεταξὺ</span> <span class='ocrx_word' id='word_1_389' title='bbox 3242 2149 3433 2220; x_wconf 83' lang='grc' dir='ltr'>χρόνος</span> <span class='ocrx_word' id='word_1_390' title='bbox 3468 2149 3566 2220; x_wconf 80' lang='grc' dir='ltr'>τῆς</span> <span class='ocrx_word' id='word_1_391' title='bbox 3595 2147 3755 2216; x_wconf 76' lang='grc' dir='ltr'>γενέ-</span> 
     </span>
    </p>
   </div>
   <div class='ocr_carea' id='block_1_52' title="bbox 2188 2240 3762 2313">
    <p class='ocr_par' dir='ltr' id='par_1_52' title="bbox 2188 2240 3762 2313">
     <span class='ocr_line' id='line_1_52' title="bbox 2188 2240 3762 2313; baseline -0.001 -17"><span class='ocrx_word' id='word_1_392' title='bbox 2188 2260 2327 2307; x_wconf 90' lang='grc' dir='ltr'>σεως</span> <span class='ocrx_word' id='word_1_393' title='bbox 2359 2243 2605 2297; x_wconf 81' lang='grc' dir='ltr'>Ἰωάννου</span> <span class='ocrx_word' id='word_1_394' title='bbox 2643 2242 2738 2295; x_wconf 76' lang='grc' dir='ltr'><strong>καὶ</strong></span> <span class='ocrx_word' id='word_1_395' title='bbox 2774 2240 2971 2312; x_wconf 88' lang='grc' dir='ltr'>Ἰησοῦ,</span> <span class='ocrx_word' id='word_1_396' title='bbox 3009 2242 3070 2294; x_wconf 79' lang='grc' dir='ltr'>οὐ</span> <span class='ocrx_word' id='word_1_397' title='bbox 3108 2241 3289 2295; x_wconf 88' lang='grc' dir='ltr'>πλεῖον</span> <span class='ocrx_word' id='word_1_398' title='bbox 3318 2241 3501 2313; x_wconf 86' lang='grc' dir='ltr'>μηνῶν</span> <span class='ocrx_word' id='word_1_399' title='bbox 3533 2241 3591 2308; x_wconf 80' lang='grc' dir='ltr'><strong>ἒξ</strong></span> <span class='ocrx_word' id='word_1_400' title='bbox 3626 2257 3762 2310; x_wconf 73' lang='grc' dir='ltr'>τυγο</span> 
     </span>
    </p>
   </div>
   <div class='ocr_carea' id='block_1_53' title="bbox 2187 2331 3760 2410">
    <p class='ocr_par' dir='ltr' id='par_1_53' title="bbox 2187 2331 3760 2410">
     <span class='ocr_line' id='line_1_53' title="bbox 2187 2331 3760 2410; baseline -0.001 -19"><span class='ocrx_word' id='word_1_401' title='bbox 2187 2339 2386 2410; x_wconf 87' lang='grc' dir='ltr'>χάνων.</span> <span class='ocrx_word' id='word_1_402' title='bbox 2419 2336 2571 2407; x_wconf 88' lang='grc' dir='ltr'>Τάχα</span> <span class='ocrx_word' id='word_1_403' title='bbox 2605 2335 2661 2388; x_wconf 86' lang='grc' dir='ltr'>δὲ</span> <span class='ocrx_word' id='word_1_404' title='bbox 2697 2336 2896 2406; x_wconf 85' lang='grc' dir='ltr'>μᾶλλον</span> <span class='ocrx_word' id='word_1_405' title='bbox 2931 2334 3150 2407; x_wconf 80' lang='grc' dir='ltr'>τοιαύτη</span> <span class='ocrx_word' id='word_1_406' title='bbox 3193 2353 3279 2399; x_wconf 88' lang='grc' dir='ltr'><strong>τις</strong></span> <span class='ocrx_word' id='word_1_407' title='bbox 3309 2335 3574 2408; x_wconf 79' lang='grc' dir='ltr'>ὑπόληψις</span> <span class='ocrx_word' id='word_1_408' title='bbox 3599 2331 3666 2407; x_wconf 79' lang='grc' dir='ltr'>ἦν</span> <span class='ocrx_word' id='word_1_409' title='bbox 3699 2337 3760 2390; x_wconf 79' lang='grc' dir='ltr'>ἐν</span> 
     </span>
    </p>
   </div>
   <div class='ocr_carea' id='block_1_54' title="bbox 2187 2429 3758 2504">
    <p class='ocr_par' dir='ltr' id='par_1_54' title="bbox 2187 2429 3758 2504">
     <span class='ocr_line' id='line_1_54' title="bbox 2187 2429 3758 2504; baseline 0 -18"><span class='ocrx_word' id='word_1_410' title='bbox 2187 2432 2264 2503; x_wconf 82' lang='grc' dir='ltr'>τῷ</span> <span class='ocrx_word' id='word_1_411' title='bbox 2313 2429 2547 2504; x_wconf 82' lang='grc' dir='ltr'>Ἡρώδῃ,</span> <span class='ocrx_word' id='word_1_412' title='bbox 2603 2431 2683 2484; x_wconf 82' lang='grc' dir='ltr'>ὅτι</span> <span class='ocrx_word' id='word_1_413' title='bbox 2731 2431 2787 2484; x_wconf 80' lang='grc' dir='ltr'>αἱ</span> <span class='ocrx_word' id='word_1_414' title='bbox 2843 2432 3204 2502; x_wconf 81' lang='grc' dir='ltr'>ὲνεργήσασαι</span> <span class='ocrx_word' id='word_1_415' title='bbox 3261 2431 3515 2501; x_wconf 84' lang='grc' dir='ltr'>δυνάμεις</span> <span class='ocrx_word' id='word_1_416' title='bbox 3570 2432 3631 2485; x_wconf 74' lang='grc' dir='ltr'>ὲν</span> <span class='ocrx_word' id='word_1_417' title='bbox 3682 2429 3758 2502; x_wconf 83' lang='grc' dir='ltr'><strong>τῷ</strong></span> 
     </span>
    </p>
   </div>
   <div class='ocr_carea' id='block_1_55' title="bbox 2190 2512 3760 2595">
    <p class='ocr_par' dir='ltr' id='par_1_55' title="bbox 2190 2512 3760 2595">
     <span class='ocr_line' id='line_1_55' title="bbox 2190 2512 3760 2595; baseline -0.005 -15"><span class='ocrx_word' id='word_1_418' title='bbox 2190 2524 2411 2595; x_wconf 85' lang='grc' dir='ltr'>Ἰωάννῃ</span> <span class='ocrx_word' id='word_1_419' title='bbox 2441 2521 2774 2593; x_wconf 84' lang='grc' dir='ltr'>μετέστησαν</span> <span class='ocrx_word' id='word_1_420' title='bbox 2820 2521 2913 2574; x_wconf 73' lang='grc' dir='ltr'><strong>ἐπὶ</strong></span> <span class='ocrx_word' id='word_1_421' title='bbox 2955 2520 3046 2573; x_wconf 83' lang='grc' dir='ltr'>τὸν</span> <span class='ocrx_word' id='word_1_422' title='bbox 3086 2520 3317 2591; x_wconf 78' lang='grc' dir='ltr'>Ἰησοῦν,</span> <span class='ocrx_word' id='word_1_423' title='bbox 3348 2521 3440 2590; x_wconf 84' lang='grc' dir='ltr'><strong>ἀφ’</strong></span> <span class='ocrx_word' id='word_1_424' title='bbox 3468 2512 3542 2574; x_wconf 82' lang='grc' dir='ltr'>ὧν</span> <span class='ocrx_word' id='word_1_425' title='bbox 3574 2520 3760 2574; x_wconf 83' lang='grc' dir='ltr'>Ἰωάν-</span> 
     </span>
    </p>
   </div>
   <div class='ocr_carea' id='block_1_56' title="bbox 2190 2607 3760 2688">
    <p class='ocr_par' dir='ltr' id='par_1_56' title="bbox 2190 2607 3760 2688">
     <span class='ocr_line' id='line_1_56' title="bbox 2190 2607 3760 2688; baseline -0.002 -17"><span class='ocrx_word' id='word_1_426' title='bbox 2190 2633 2288 2688; x_wconf 87' lang='grc' dir='ltr'><strong>νης</strong></span> <span class='ocrx_word' id='word_1_427' title='bbox 2334 2614 2644 2685; x_wconf 82' lang='grc' dir='ltr'>Βαπτιστὴς</span> <span class='ocrx_word' id='word_1_428' title='bbox 2679 2607 2819 2666; x_wconf 76' lang='grc' dir='ltr'>εἶναι</span> <span class='ocrx_word' id='word_1_429' title='bbox 2867 2611 3196 2665; x_wconf 82' lang='grc' dir='ltr'>πεπίστευτο</span> <span class='ocrx_word' id='word_1_430' title='bbox 3231 2614 3291 2666; x_wconf 83' lang='grc' dir='ltr'>ὲν</span> <span class='ocrx_word' id='word_1_431' title='bbox 3335 2611 3414 2683; x_wconf 82' lang='grc' dir='ltr'>τῷ</span> <span class='ocrx_word' id='word_1_432' title='bbox 3460 2612 3607 2683; x_wconf 74' lang='grc' dir='ltr'>λαῷο</span> <span class='ocrx_word' id='word_1_433' title='bbox 3664 2615 3760 2668; x_wconf 70' lang='grc' dir='ltr'>καὶ</span> 
     </span>
    </p>
   </div>
   <div class='ocr_carea' id='block_1_57' title="bbox 2191 2703 3766 2781">
    <p class='ocr_par' dir='ltr' id='par_1_57' title="bbox 2191 2703 3766 2781">
     <span class='ocr_line' id='line_1_57' title="bbox 2191 2703 3766 2781; baseline -0.003 -19"><span class='ocrx_word' id='word_1_434' title='bbox 2191 2707 2456 2781; x_wconf 88' lang='grc' dir='ltr'>χρήσαιτό</span> <span class='ocrx_word' id='word_1_435' title='bbox 2490 2723 2575 2770; x_wconf 89' lang='grc' dir='ltr'><strong>τις</strong></span> <span class='ocrx_word' id='word_1_436' title='bbox 2609 2706 2995 2775; x_wconf 76' lang='grc' dir='ltr'>ἐπιχειρήματι</span> <span class='ocrx_word' id='word_1_437' title='bbox 3027 2703 3282 2776; x_wconf 82' lang='grc' dir='ltr'>τοιούτῳ·</span> <span class='ocrx_word' id='word_1_438' title='bbox 3318 2705 3527 2774; x_wconf 83' lang='grc' dir='ltr'>’Ὥσπερ</span> <span class='ocrx_word' id='word_1_439' title='bbox 3568 2703 3658 2758; x_wconf 75' lang='grc' dir='ltr'><strong>διὰ</strong></span> <span class='ocrx_word' id='word_1_440' title='bbox 3701 2704 3766 2758; x_wconf 67' lang='grc' dir='ltr'>τὸ</span> 
     </span>
    </p>
   </div>
   <div class='ocr_carea' id='block_1_58' title="bbox 2191 2795 3764 2872">
    <p class='ocr_par' dir='ltr' id='par_1_58' title="bbox 2191 2795 3764 2872">
     <span class='ocr_line' id='line_1_58' title="bbox 2191 2795 3764 2872; baseline -0.004 -17"><span class='ocrx_word' id='word_1_441' title='bbox 2191 2801 2414 2872; x_wconf 78' lang='grc' dir='ltr'>πνεῦμα</span> <span class='ocrx_word' id='word_1_442' title='bbox 2440 2801 2534 2854; x_wconf 80' lang='grc' dir='ltr'>καὶ</span> <span class='ocrx_word' id='word_1_443' title='bbox 2564 2799 2663 2870; x_wconf 83' lang='grc' dir='ltr'>τὴν</span> <span class='ocrx_word' id='word_1_444' title='bbox 2693 2797 2921 2866; x_wconf 85' lang='grc' dir='ltr'>δύναμιν</span> <span class='ocrx_word' id='word_1_445' title='bbox 2964 2795 3174 2864; x_wconf 84' lang='grc' dir='ltr'>Ἠλίου,</span> <span class='ocrx_word' id='word_1_446' title='bbox 3203 2796 3299 2849; x_wconf 73' lang='grc' dir='ltr'>καὶ</span> <span class='ocrx_word' id='word_1_447' title='bbox 3322 2797 3382 2850; x_wconf 85' lang='grc' dir='ltr'>οὐ</span> <span class='ocrx_word' id='word_1_448' title='bbox 3419 2796 3507 2850; x_wconf 74' lang='grc' dir='ltr'><strong>διὰ</strong></span> <span class='ocrx_word' id='word_1_449' title='bbox 3533 2797 3633 2867; x_wconf 86' lang='grc' dir='ltr'>τὴν</span> <span class='ocrx_word' id='word_1_450' title='bbox 3660 2796 3764 2867; x_wconf 70' lang='grc' dir='ltr'>ψυ-</span> 
     </span>
    </p>
   </div>
   <div class='ocr_carea' id='block_1_59' title="bbox 2194 2886 3768 2964">
    <p class='ocr_par' dir='ltr' id='par_1_59' title="bbox 2194 2886 3768 2964">
     <span class='ocr_line' id='line_1_59' title="bbox 2194 2886 3768 2964; baseline -0.004 -19"><span class='ocrx_word' id='word_1_451' title='bbox 2194 2891 2297 2964; x_wconf 80' lang='grc' dir='ltr'><strong>χήν</strong></span> <span class='ocrx_word' id='word_1_452' title='bbox 2335 2889 2533 2954; x_wconf 83' lang='grc' dir='ltr'>αὑτοῦ,</span> <span class='ocrx_word' id='word_1_453' title='bbox 2573 2889 2703 2960; x_wconf 78' lang='grc' dir='ltr'>περὶ</span> <span class='ocrx_word' id='word_1_454' title='bbox 2746 2886 2995 2941; x_wconf 79' lang='grc' dir='ltr'>Ἰωάννου</span> <span class='ocrx_word' id='word_1_455' title='bbox 3039 2886 3253 2955; x_wconf 84' lang='grc' dir='ltr'>λέγεται</span> <span class='ocrx_word' id='word_1_456' title='bbox 3275 2903 3289 2917; x_wconf 76' lang='grc' dir='ltr'><strong><em>ο</em></strong></span> <span class='ocrx_word' id='word_1_457' title='bbox 3334 2904 3353 2938; x_wconf 75' lang='grc' dir='ltr'><strong>ι</strong></span> <span class='ocrx_word' id='word_1_458' title='bbox 3398 2886 3570 2949; x_wconf 81' lang='grc' dir='ltr'>Αὐτός</span> <span class='ocrx_word' id='word_1_459' title='bbox 3618 2888 3768 2940; x_wconf 75' lang='grc' dir='ltr'>ἐστιν</span> 
     </span>
    </p>
   </div>
   <div class='ocr_carea' id='block_1_60' title="bbox 2196 2974 3769 3052">
    <p class='ocr_par' dir='ltr' id='par_1_60' title="bbox 2196 2974 3769 3052">
     <span class='ocr_line' id='line_1_60' title="bbox 2196 2974 3769 3052; baseline -0.006 -16"><span class='ocrx_word' id='word_1_460' title='bbox 2196 2981 2385 3046; x_wconf 81' lang='grc' dir='ltr'>Ἠλίας</span> <span class='ocrx_word' id='word_1_461' title='bbox 2415 2983 2444 3034; x_wconf 95' lang='lat'><strong>6</strong></span> <span class='ocrx_word' id='word_1_462' title='bbox 2471 2979 2675 3052; x_wconf 81' lang='grc' dir='ltr'>μέλλων</span> <span class='ocrx_word' id='word_1_463' title='bbox 2703 2978 2979 3050; x_wconf 76' lang='grc' dir='ltr'>ἔρχεσθαι,</span> <span class='ocrx_word' id='word_1_464' title='bbox 3020 2995 3040 3028; x_wconf 72' lang='grc' dir='ltr'><strong><em>ι</em></strong></span> <span class='ocrx_word' id='word_1_465' title='bbox 3067 2976 3160 3030; x_wconf 89' lang='grc' dir='ltr'><strong>τοῦ</strong></span> <span class='ocrx_word' id='word_1_466' title='bbox 3186 2977 3244 3029; x_wconf 82' lang='grc' dir='ltr'>ὲν</span> <span class='ocrx_word' id='word_1_467' title='bbox 3273 2975 3430 3045; x_wconf 81' lang='grc' dir='ltr'>Ἠλίᾳ</span> <span class='ocrx_word' id='word_1_468' title='bbox 3456 2974 3769 3044; x_wconf 67' lang='grc' dir='ltr'>πνεύματος</span> 
     </span>
    </p>
   </div>
   <div class='ocr_carea' id='block_1_61' title="bbox 2197 3063 3767 3143">
    <p class='ocr_par' dir='ltr' id='par_1_61' title="bbox 2197 3063 3767 3143">
     <span class='ocr_line' id='line_1_61' title="bbox 2197 3063 3767 3143; baseline -0.006 -16"><span class='ocrx_word' id='word_1_469' title='bbox 2197 3073 2294 3128; x_wconf 78' lang='grc' dir='ltr'>καὶ</span> <span class='ocrx_word' id='word_1_470' title='bbox 2320 3073 2420 3143; x_wconf 87' lang='grc' dir='ltr'>τῆς</span> <span class='ocrx_word' id='word_1_471' title='bbox 2453 3073 2511 3124; x_wconf 82' lang='grc' dir='ltr'>ὲν</span> <span class='ocrx_word' id='word_1_472' title='bbox 2533 3070 2726 3140; x_wconf 75' lang='grc' dir='ltr'>ἐκείνῳ</span> <span class='ocrx_word' id='word_1_473' title='bbox 2770 3069 3049 3138; x_wconf 87' lang='grc' dir='ltr'>δυνάμεως</span> <span class='ocrx_word' id='word_1_474' title='bbox 3091 3063 3524 3136; x_wconf 84' lang='grc' dir='ltr'>μετεληλυθυιῶν</span> <span class='ocrx_word' id='word_1_475' title='bbox 3554 3064 3648 3117; x_wconf 75' lang='grc' dir='ltr'><strong>ἐπὶ</strong></span> <span class='ocrx_word' id='word_1_476' title='bbox 3675 3065 3767 3118; x_wconf 83' lang='grc' dir='ltr'>τὸν</span> 
     </span>
    </p>
   </div>
   <div class='ocr_carea' id='block_1_62' title="bbox 507 3145 2090 3256">
    <p class='ocr_par' dir='ltr' id='par_1_62' title="bbox 507 3145 2090 3240">
     <span class='ocr_line' id='line_1_62' title="bbox 507 3145 2090 3240; baseline 0.02 -45"><span class='ocrx_word' id='word_1_477' title='bbox 507 3153 666 3233; x_wconf 70' lang='lat' dir='ltr'><strong>erant</strong></span> <span class='ocrx_word' id='word_1_478' title='bbox 702 3145 757 3200; x_wconf 86' lang='lat' dir='ltr'><strong>in</strong></span> <span class='ocrx_word' id='word_1_479' title='bbox 791 3145 1020 3217; x_wconf 84' lang='lat' dir='ltr'><strong>Joanne,</strong></span> <span class='ocrx_word' id='word_1_480' title='bbox 1054 3151 1108 3207; x_wconf 90' lang='lat' dir='ltr'><strong>in</strong></span> <span class='ocrx_word' id='word_1_481' title='bbox 1138 3153 1348 3213; x_wconf 88' lang='lat' dir='ltr'><strong>Joanne</strong></span> <span class='ocrx_word' id='word_1_482' title='bbox 1377 3161 1600 3230; x_wconf 90' lang='lat' dir='ltr'><strong>quidem</strong></span> <span class='ocrx_word' id='word_1_483' title='bbox 1641 3179 1704 3218; x_wconf 88' lang='lat' dir='ltr'><strong>ea</strong></span> <span class='ocrx_word' id='word_1_484' title='bbox 1749 3164 1922 3223; x_wconf 83' lang='lat' dir='ltr'><strong>fuisse</strong></span> <span class='ocrx_word' id='word_1_485' title='bbox 1960 3184 2090 3240; x_wconf 93' lang='lat' dir='ltr'><strong>ope-</strong></span> 
     </span>
    </p>
   </div>
   <div class='ocr_carea' id='block_1_63' title="bbox 2194 3145 3769 3256">
    <p class='ocr_par' dir='ltr' id='par_1_63' title="bbox 2198 3153 3769 3256">
     <span class='ocr_line' id='line_1_63' title="bbox 2198 3153 3769 3256; baseline -0.008 -38"><span class='ocrx_word' id='word_1_486' title='bbox 2198 3163 2472 3234; x_wconf 80' lang='grc' dir='ltr'>Ἶωάννην·</span> <span class='ocrx_word' id='word_1_487' title='bbox 2504 3160 2676 3225; x_wconf 75' lang='grc' dir='ltr'>οὕτως</span> <span class='ocrx_word' id='word_1_488' title='bbox 2711 3158 2844 3230; x_wconf 77' lang='grc' dir='ltr'>ᾤετο</span> <span class='ocrx_word' id='word_1_489' title='bbox 2871 3159 2900 3211; x_wconf 94' lang='lat'><strong>6</strong></span> <span class='ocrx_word' id='word_1_490' title='bbox 2931 3155 3175 3228; x_wconf 81' lang='grc' dir='ltr'>Ἡρώδης</span> <span class='ocrx_word' id='word_1_491' title='bbox 3209 3155 3309 3256; x_wconf 78' lang='grc' dir='ltr'><strong>τὰς</strong></span> <span class='ocrx_word' id='word_1_492' title='bbox 3339 3157 3396 3208; x_wconf 80' lang='grc' dir='ltr'>ὲν</span> <span class='ocrx_word' id='word_1_493' title='bbox 3420 3153 3642 3256; x_wconf 63' lang='grc' dir='ltr'>Ἰωάννῃ</span> <span class='ocrx_word' id='word_1_494' title='bbox 3675 3155 3769 3256; x_wconf 66' lang='grc' dir='ltr'>δυ-</span> 
     </span>
    </p>
   </div>
   <div class='ocr_carea' id='block_1_64' title="bbox 510 3242 2090 3330">
    <p class='ocr_par' dir='ltr' id='par_1_64' title="bbox 510 3242 2087 3330">
     <span class='ocr_line' id='line_1_64' title="bbox 510 3242 2087 3330; baseline 0.02 -43"><span class='ocrx_word' id='word_1_495' title='bbox 510 3243 691 3302; x_wconf 79' lang='lat' dir='ltr'><strong>ratas,</strong></span> <span class='ocrx_word' id='word_1_496' title='bbox 728 3254 851 3309; x_wconf 73' lang='lat' dir='ltr'><strong>qua:</strong></span> <span class='ocrx_word' id='word_1_497' title='bbox 891 3242 960 3296; x_wconf 88' lang='lat' dir='ltr'><strong>ad</strong></span> <span class='ocrx_word' id='word_1_498' title='bbox 1012 3242 1346 3316; x_wconf 86' lang='lat' dir='ltr'><strong>baptismum</strong></span> <span class='ocrx_word' id='word_1_499' title='bbox 1394 3260 1448 3307; x_wconf 91' lang='lat' dir='ltr'><strong>et</strong></span> <span class='ocrx_word' id='word_1_500' title='bbox 1494 3254 1800 3313; x_wconf 85' lang='lat' dir='ltr'><strong>doctrinam</strong></span> <span class='ocrx_word' id='word_1_501' title='bbox 1846 3261 2087 3330; x_wconf 86' lang='lat' dir='ltr'><strong>pertine-</strong></span> 
     </span>
    </p>
   </div>
   <div class='ocr_carea' id='block_1_65' title="bbox 2194 3242 3763 3330">
    <p class='ocr_par' dir='ltr' id='par_1_65' title="bbox 2200 3244 3763 3327">
     <span class='ocr_line' id='line_1_65' title="bbox 2200 3244 3763 3327; baseline -0.009 -16"><span class='ocrx_word' id='word_1_502' title='bbox 2200 3257 2393 3327; x_wconf 82' lang='grc' dir='ltr'>νάμεις</span> <span class='ocrx_word' id='word_1_503' title='bbox 2440 3257 2498 3308; x_wconf 84' lang='grc' dir='ltr'>ὲν</span> <span class='ocrx_word' id='word_1_504' title='bbox 2539 3253 2636 3324; x_wconf 85' lang='grc' dir='ltr'>μὲν</span> <span class='ocrx_word' id='word_1_505' title='bbox 2672 3251 2749 3321; x_wconf 82' lang='grc' dir='ltr'><strong>τῷ</strong></span> <span class='ocrx_word' id='word_1_506' title='bbox 2783 3249 3003 3321; x_wconf 80' lang='grc' dir='ltr'>Ἰωάννῃ</span> <span class='ocrx_word' id='word_1_507' title='bbox 3038 3246 3401 3319; x_wconf 73' lang='grc' dir='ltr'>ἐνηργηκέναι</span> <span class='ocrx_word' id='word_1_508' title='bbox 3435 3245 3503 3299; x_wconf 87' lang='grc' dir='ltr'>τὰ</span> <span class='ocrx_word' id='word_1_509' title='bbox 3539 3244 3632 3299; x_wconf 87' lang='grc' dir='ltr'><strong>τοῦ</strong></span> <span class='ocrx_word' id='word_1_510' title='bbox 3675 3244 3763 3315; x_wconf 80' lang='grc' dir='ltr'><strong>βα·</strong></span> 
     </span>
    </p>
   </div>
   <div class='ocr_carea' id='block_1_66' title="bbox 510 3327 2082 3420">
    <p class='ocr_par' dir='ltr' id='par_1_66' title="bbox 510 3327 2082 3420">
     <span class='ocr_line' id='line_1_66' title="bbox 510 3327 2082 3420; baseline 0.019 -41"><span class='ocrx_word' id='word_1_511' title='bbox 510 3327 677 3383; x_wconf 76' lang='lat' dir='ltr'><strong>bant:</strong></span> <span class='ocrx_word' id='word_1_512' title='bbox 712 3348 731 3381; x_wconf 76' lang='grc' dir='ltr'><strong>ι</strong></span> <span class='ocrx_word' id='word_1_513' title='bbox 776 3329 1016 3392; x_wconf 86' lang='lat' dir='ltr'><strong>Joannes</strong></span> <span class='ocrx_word' id='word_1_514' title='bbox 1068 3338 1213 3393; x_wconf 90' lang='lat' dir='ltr'><strong>enim</strong></span> <span class='ocrx_word' id='word_1_515' title='bbox 1268 3341 1484 3413; x_wconf 79' lang='lat' dir='ltr'><strong>signum</strong></span> <span class='ocrx_word' id='word_1_516' title='bbox 1548 3345 1679 3403; x_wconf 80' lang='lat' dir='ltr'><strong>fecit</strong></span> <span class='ocrx_word' id='word_1_517' title='bbox 1713 3327 1924 3406; x_wconf 75' lang='lat' dir='ltr'><strong>nullum</strong></span> <span class='ocrx_word' id='word_1_518' title='bbox 1953 3352 2082 3420; x_wconf 70' lang='lat' dir='ltr'><strong>&quot;;D</strong></span> 
     </span>
    </p>
   </div>
   <div class='ocr_carea' id='block_1_67' title="bbox 510 3420 2088 3503">
    <p class='ocr_par' dir='ltr' id='par_1_67' title="bbox 510 3420 2088 3503">
     <span class='ocr_line' id='line_1_67' title="bbox 510 3420 2088 3503; baseline 0.017 -29"><span class='ocrx_word' id='word_1_519' title='bbox 510 3421 564 3474; x_wconf 85' lang='lat' dir='ltr'><strong>in</strong></span> <span class='ocrx_word' id='word_1_520' title='bbox 621 3420 749 3480; x_wconf 88' lang='lat' dir='ltr'><strong>Jesu</strong></span> <span class='ocrx_word' id='word_1_521' title='bbox 814 3435 994 3483; x_wconf 89' lang='lat' dir='ltr'><strong>autem</strong></span> <span class='ocrx_word' id='word_1_522' title='bbox 1054 3433 1397 3503; x_wconf 80' lang='lat' dir='ltr'><strong>prodigiosas</strong></span> <span class='ocrx_word' id='word_1_523' title='bbox 1464 3437 1716 3497; x_wconf 84' lang='lat' dir='ltr'><strong>virtutes.</strong></span> <span class='ocrx_word' id='word_1_524' title='bbox 1773 3440 1888 3500; x_wconf 87' lang='lat' dir='ltr'><strong>Hoc</strong></span> <span class='ocrx_word' id='word_1_525' title='bbox 1944 3444 2088 3501; x_wconf 90' lang='lat' dir='ltr'><strong>idem</strong></span> 
     </span>
    </p>
   </div>
   <div class='ocr_carea' id='block_1_68' title="bbox 508 3513 2091 3605">
    <p class='ocr_par' dir='ltr' id='par_1_68' title="bbox 508 3513 2091 3605">
     <span class='ocr_line' id='line_1_68' title="bbox 508 3513 2091 3605; baseline 0.015 -35"><span class='ocrx_word' id='word_1_526' title='bbox 508 3525 605 3571; x_wconf 69' lang='lat' dir='ltr'><strong>eos</strong></span> <span class='ocrx_word' id='word_1_527' title='bbox 626 3513 969 3573; x_wconf 81' lang='lat' dir='ltr'><strong>existimasse</strong></span> <span class='ocrx_word' id='word_1_528' title='bbox 1014 3520 1156 3577; x_wconf 88' lang='lat' dir='ltr'><strong>dicet</strong></span> <span class='ocrx_word' id='word_1_529' title='bbox 1210 3524 1519 3596; x_wconf 80' lang='lat' dir='ltr'><strong>quispiam,</strong></span> <span class='ocrx_word' id='word_1_530' title='bbox 1574 3532 1669 3600; x_wconf 90' lang='lat' dir='ltr'><strong>qui</strong></span> <span class='ocrx_word' id='word_1_531' title='bbox 1723 3529 1890 3605; x_wconf 64' lang='grc' dir='ltr'><strong>ἥδε</strong></span> <span class='ocrx_word' id='word_1_532' title='bbox 1936 3536 2091 3593; x_wconf 77' lang='lat' dir='ltr'><strong>dixe-</strong></span> 
     </span>
    </p>
   </div>
   <div class='ocr_carea' id='block_1_69' title="bbox 512 3608 2090 3700">
    <p class='ocr_par' dir='ltr' id='par_1_69' title="bbox 512 3608 2090 3700">
     <span class='ocr_line' id='line_1_69' title="bbox 512 3608 2090 3700; baseline 0.017 -41"><span class='ocrx_word' id='word_1_533' title='bbox 512 3614 640 3660; x_wconf 78' lang='lat' dir='ltr'><strong>runt</strong></span> <span class='ocrx_word' id='word_1_534' title='bbox 674 3624 695 3658; x_wconf 85' lang='grc'><strong><em>‹</em></strong></span> <span class='ocrx_word' id='word_1_535' title='bbox 723 3608 852 3678; x_wconf 88' lang='lat' dir='ltr'><strong>quia</strong></span> <span class='ocrx_word' id='word_1_536' title='bbox 899 3609 1045 3668; x_wconf 82' lang='lat' dir='ltr'><strong>Elias</strong></span> <span class='ocrx_word' id='word_1_537' title='bbox 1096 3615 1152 3670; x_wconf 88' lang='lat' dir='ltr'><strong>in</strong></span> <span class='ocrx_word' id='word_1_538' title='bbox 1199 3614 1328 3672; x_wconf 89' lang='lat' dir='ltr'><strong>Jcsu</strong></span> <span class='ocrx_word' id='word_1_539' title='bbox 1374 3622 1660 3692; x_wconf 87' lang='lat' dir='ltr'><strong>apparuit,</strong></span> <span class='ocrx_word' id='word_1_540' title='bbox 1706 3627 1787 3681; x_wconf 86' lang='lat' dir='ltr'><strong>vel</strong></span> <span class='ocrx_word' id='word_1_541' title='bbox 1829 3629 2090 3700; x_wconf 80' lang='lat' dir='ltr'><strong>propheta</strong></span> 
     </span>
    </p>
   </div>
   <div class='ocr_carea' id='block_1_70' title="bbox 512 3698 2089 3779">
    <p class='ocr_par' dir='ltr' id='par_1_70' title="bbox 512 3698 2089 3779">
     <span class='ocr_line' id='line_1_70' title="bbox 512 3698 2089 3779; baseline 0.018 -31"><span class='ocrx_word' id='word_1_542' title='bbox 512 3708 654 3752; x_wconf 69' lang='lat' dir='ltr'><strong>enus</strong></span> <span class='ocrx_word' id='word_1_543' title='bbox 698 3698 766 3754; x_wconf 88' lang='lat' dir='ltr'><strong>de</strong></span> <span class='ocrx_word' id='word_1_544' title='bbox 813 3703 1055 3773; x_wconf 82' lang='lat' dir='ltr'><strong>antiquis</strong></span> <span class='ocrx_word' id='word_1_545' title='bbox 1094 3709 1418 3765; x_wconf 73' lang='lat' dir='ltr'><strong>surrexit”.</strong></span> <span class='ocrx_word' id='word_1_546' title='bbox 1450 3729 1470 3762; x_wconf 78' lang='grc' dir='ltr'><strong>ι</strong></span> <span class='ocrx_word' id='word_1_547' title='bbox 1503 3711 1666 3770; x_wconf 79' lang='lat' dir='ltr'><strong>Nullo</strong></span> <span class='ocrx_word' id='word_1_548' title='bbox 1699 3717 1864 3779; x_wconf 86' lang='lat' dir='ltr'><strong>modo</strong></span> <span class='ocrx_word' id='word_1_549' title='bbox 1906 3698 2089 3776; x_wconf 70' lang='lat' dir='ltr'><strong>autem</strong></span> 
     </span>
    </p>
   </div>
   <div class='ocr_carea' id='block_1_71' title="bbox 509 3784 2089 3885">
    <p class='ocr_par' dir='ltr' id='par_1_71' title="bbox 509 3784 2089 3885">
     <span class='ocr_line' id='line_1_71' title="bbox 509 3784 2089 3885; baseline 0.015 -40"><span class='ocrx_word' id='word_1_550' title='bbox 509 3789 580 3845; x_wconf 75' lang='lat' dir='ltr'><strong>ad</strong></span> <span class='ocrx_word' id='word_1_551' title='bbox 636 3791 777 3847; x_wconf 89' lang='lat' dir='ltr'><strong>hanc</strong></span> <span class='ocrx_word' id='word_1_552' title='bbox 830 3797 1185 3864; x_wconf 80' lang='lat' dir='ltr'><strong>quaestionem</strong></span> <span class='ocrx_word' id='word_1_553' title='bbox 1231 3803 1463 3870; x_wconf 90' lang='lat' dir='ltr'><strong>pertinet</strong></span> <span class='ocrx_word' id='word_1_554' title='bbox 1509 3821 1701 3863; x_wconf 88' lang='lat' dir='ltr'><strong>eorum</strong></span> <span class='ocrx_word' id='word_1_555' title='bbox 1748 3811 1954 3881; x_wconf 89' lang='lat' dir='ltr'><strong>opinio,</strong></span> <span class='ocrx_word' id='word_1_556' title='bbox 1992 3784 2089 3885; x_wconf 75' lang='lat' dir='ltr'><strong>qui</strong></span> 
     </span>
    </p>
   </div>
   <div class='ocr_carea' id='block_1_72' title="bbox 512 3883 2088 3970">
    <p class='ocr_par' dir='ltr' id='par_1_72' title="bbox 512 3883 2088 3970">
     <span class='ocr_line' id='line_1_72' title="bbox 512 3883 2088 3970; baseline 0.016 -35"><span class='ocrx_word' id='word_1_557' title='bbox 512 3883 766 3939; x_wconf 75' lang='lat' dir='ltr'><strong>dixerunt</strong></span> <span class='ocrx_word' id='word_1_558' title='bbox 796 3903 815 3937; x_wconf 77' lang='grc' dir='ltr'><strong>ι</strong></span> <span class='ocrx_word' id='word_1_559' title='bbox 846 3889 972 3957; x_wconf 90' lang='lat' dir='ltr'><strong>quia</strong></span> <span class='ocrx_word' id='word_1_560' title='bbox 997 3888 1158 3947; x_wconf 88' lang='lat' dir='ltr'><strong>Jesus</strong></span> <span class='ocrx_word' id='word_1_561' title='bbox 1185 3897 1447 3965; x_wconf 88' lang='lat' dir='ltr'><strong>propheta</strong></span> <span class='ocrx_word' id='word_1_562' title='bbox 1478 3908 1596 3953; x_wconf 90' lang='lat' dir='ltr'><strong>erat</strong></span> <span class='ocrx_word' id='word_1_563' title='bbox 1644 3902 1804 3970; x_wconf 88' lang='lat' dir='ltr'><strong>quasi</strong></span> <span class='ocrx_word' id='word_1_564' title='bbox 1840 3919 1982 3960; x_wconf 92' lang='lat' dir='ltr'><strong>unus</strong></span> <span class='ocrx_word' id='word_1_565' title='bbox 2012 3883 2088 3961; x_wconf 76' lang='lat' dir='ltr'><strong>ex</strong></span> 
     </span>
    </p>
   </div>
   <div class='ocr_carea' id='block_1_73' title="bbox 515 3975 2096 4062">
    <p class='ocr_par' dir='ltr' id='par_1_73' title="bbox 515 3975 2096 4062">
     <span class='ocr_line' id='line_1_73' title="bbox 515 3975 2096 4062; baseline 0.016 -35"><span class='ocrx_word' id='word_1_566' title='bbox 515 3975 798 4046; x_wconf 80' lang='lat' dir='ltr'><strong>praphetis</strong></span> <span class='ocrx_word' id='word_1_567' title='bbox 820 3978 889 4033; x_wconf 81' lang='grc'><strong>³⁹.</strong></span> <span class='ocrx_word' id='word_1_568' title='bbox 918 4000 937 4034; x_wconf 73' lang='grc' dir='ltr'><strong>ι</strong></span> <span class='ocrx_word' id='word_1_569' title='bbox 968 3980 1163 4040; x_wconf 80' lang='lat' dir='ltr'><strong>Falsus</strong></span> <span class='ocrx_word' id='word_1_570' title='bbox 1190 3984 1374 4056; x_wconf 85' lang='lat' dir='ltr'><strong>itaque</strong></span> <span class='ocrx_word' id='word_1_571' title='bbox 1397 3996 1483 4044; x_wconf 86' lang='lat' dir='ltr'><strong>est</strong></span> <span class='ocrx_word' id='word_1_572' title='bbox 1506 4005 1688 4046; x_wconf 89' lang='lat' dir='ltr'><strong>sermo</strong></span> <span class='ocrx_word' id='word_1_573' title='bbox 1712 3992 1779 4048; x_wconf 89' lang='lat' dir='ltr'><strong>de</strong></span> <span class='ocrx_word' id='word_1_574' title='bbox 1805 3992 1956 4062; x_wconf 89' lang='lat' dir='ltr'><strong>Jesu,</strong></span> <span class='ocrx_word' id='word_1_575' title='bbox 1980 3996 2096 4053; x_wconf 90' lang='lat' dir='ltr'><strong>sive</strong></span> 
     </span>
    </p>
   </div>
   <div class='ocr_carea' id='block_1_74' title="bbox 517 4060 2094 4157">
    <p class='ocr_par' dir='ltr' id='par_1_74' title="bbox 517 4060 2094 4157">
     <span class='ocr_line' id='line_1_74' title="bbox 517 4060 2094 4157; baseline 0.017 -41"><span class='ocrx_word' id='word_1_576' title='bbox 517 4060 564 4117; x_wconf 81' lang='lat' dir='ltr'><strong>is</strong></span> <span class='ocrx_word' id='word_1_577' title='bbox 592 4068 686 4138; x_wconf 86' lang='lat' dir='ltr'><strong>qui</strong></span> <span class='ocrx_word' id='word_1_578' title='bbox 718 4068 947 4127; x_wconf 88' lang='lat' dir='ltr'><strong>Herodis</strong></span> <span class='ocrx_word' id='word_1_579' title='bbox 980 4071 1150 4130; x_wconf 82' lang='lat' dir='ltr'><strong>fuisse</strong></span> <span class='ocrx_word' id='word_1_580' title='bbox 1181 4077 1418 4149; x_wconf 88' lang='lat' dir='ltr'><strong>scriptus</strong></span> <span class='ocrx_word' id='word_1_581' title='bbox 1453 4088 1558 4150; x_wconf 88' lang='lat' dir='ltr'><strong>est,</strong></span> <span class='ocrx_word' id='word_1_582' title='bbox 1605 4082 1722 4139; x_wconf 81' lang='lat' dir='ltr'><strong>sive</strong></span> <span class='ocrx_word' id='word_1_583' title='bbox 1765 4084 1855 4141; x_wconf 92' lang='lat' dir='ltr'><strong>ille</strong></span> <span class='ocrx_word' id='word_1_584' title='bbox 1893 4060 1988 4157; x_wconf 85' lang='lat' dir='ltr'><strong>qui</strong></span> <span class='ocrx_word' id='word_1_585' title='bbox 2025 4088 2094 4143; x_wconf 90' lang='lat' dir='ltr'><strong>ab</strong></span> 
     </span>
    </p>
   </div>
   <div class='ocr_carea' id='block_1_75' title="bbox 514 4155 2095 4240">
    <p class='ocr_par' dir='ltr' id='par_1_75' title="bbox 514 4155 2095 4240">
     <span class='ocr_line' id='line_1_75' title="bbox 514 4155 2095 4240; baseline 0.015 -31"><span class='ocrx_word' id='word_1_586' title='bbox 514 4155 639 4211; x_wconf 81' lang='lat' dir='ltr'><strong>aliis</strong></span> <span class='ocrx_word' id='word_1_587' title='bbox 679 4155 783 4212; x_wconf 82' lang='lat' dir='ltr'><strong>run</strong></span> <span class='ocrx_word' id='word_1_588' title='bbox 815 4161 1082 4230; x_wconf 89' lang='lat' dir='ltr'><strong>prolatus.</strong></span> <span class='ocrx_word' id='word_1_589' title='bbox 1117 4162 1318 4221; x_wconf 79' lang='lat' dir='ltr'><strong>verum</strong></span> <span class='ocrx_word' id='word_1_590' title='bbox 1361 4168 1523 4240; x_wconf 84' lang='lat' dir='ltr'><strong>longe</strong></span> <span class='ocrx_word' id='word_1_591' title='bbox 1556 4172 1692 4228; x_wconf 92' lang='lat' dir='ltr'><strong>mihi</strong></span> <span class='ocrx_word' id='word_1_592' title='bbox 1724 4155 1937 4230; x_wconf 76' lang='lat' dir='ltr'><strong>videtur</strong></span> <span class='ocrx_word' id='word_1_593' title='bbox 1973 4192 2095 4234; x_wconf 87' lang='lat' dir='ltr'><strong>esse</strong></span> 
     </span>
    </p>
   </div>
   <div class='ocr_carea' id='block_1_76' title="bbox 514 4249 2094 4339">
    <p class='ocr_par' dir='ltr' id='par_1_76' title="bbox 514 4249 2094 4339">
     <span class='ocr_line' id='line_1_76' title="bbox 514 4249 2094 4339; baseline 0.015 -38"><span class='ocrx_word' id='word_1_594' title='bbox 514 4249 849 4319; x_wconf 84' lang='lat' dir='ltr'><strong>probabilior</strong></span> <span class='ocrx_word' id='word_1_595' title='bbox 870 4255 1149 4311; x_wconf 68' lang='lat' dir='ltr'><strong>sententia:</strong></span> <span class='ocrx_word' id='word_1_596' title='bbox 1179 4256 1347 4327; x_wconf 85' lang='lat' dir='ltr'><strong>illius,</strong></span> <span class='ocrx_word' id='word_1_597' title='bbox 1374 4261 1582 4317; x_wconf 88' lang='lat' dir='ltr'><strong>scilicet</strong></span> <span class='ocrx_word' id='word_1_598' title='bbox 1607 4281 1641 4325; x_wconf 69' lang='grc' dir='ltr'>α,</span> <span class='ocrx_word' id='word_1_599' title='bbox 1660 4262 1926 4322; x_wconf 88' lang='lat' dir='ltr'><strong>Joannem</strong></span> <span class='ocrx_word' id='word_1_600' title='bbox 1955 4283 2094 4339; x_wconf 73' lang='lat' dir='ltr'><strong>prte-</strong></span> 
     </span>
    </p>
   </div>
   <div class='ocr_carea' id='block_1_77' title="bbox 2203 3337 3773 3417">
    <p class='ocr_par' dir='ltr' id='par_1_77' title="bbox 2203 3337 3773 3417">
     <span class='ocr_line' id='line_1_77' title="bbox 2203 3337 3773 3417; baseline -0.006 -16"><span class='ocrx_word' id='word_1_601' title='bbox 2203 3346 2507 3417; x_wconf 85' lang='grc' dir='ltr'>πτίσματος</span> <span class='ocrx_word' id='word_1_602' title='bbox 2560 3344 2655 3398; x_wconf 72' lang='grc' dir='ltr'>καὶ</span> <span class='ocrx_word' id='word_1_603' title='bbox 2708 3341 2810 3412; x_wconf 83' lang='grc' dir='ltr'>τῆς</span> <span class='ocrx_word' id='word_1_604' title='bbox 2860 3337 3206 3403; x_wconf 76' lang='grc' dir='ltr'>διδασκαλίας</span> <span class='ocrx_word' id='word_1_605' title='bbox 3226 3355 3242 3371; x_wconf 78' lang='grc' dir='ltr'><strong>ο</strong></span> <span class='ocrx_word' id='word_1_606' title='bbox 3287 3356 3307 3392; x_wconf 75' lang='grc' dir='ltr'><strong>ι</strong></span> <span class='ocrx_word' id='word_1_607' title='bbox 3350 3337 3604 3412; x_wconf 84' lang='grc' dir='ltr'>Ἰωάννης</span> <span class='ocrx_word' id='word_1_608' title='bbox 3658 3338 3773 3415; x_wconf 80' lang='grc' dir='ltr'>γὰρ</span> 
     </span>
    </p>
   </div>
   <div class='ocr_carea' id='block_1_78' title="bbox 2193 3425 3756 3504">
    <p class='ocr_par' dir='ltr' id='par_1_78' title="bbox 2193 3425 3756 3504">
     <span class='ocr_line' id='line_1_78' title="bbox 2193 3425 3756 3504; baseline -0.006 -18"><span class='ocrx_word' id='word_1_609' title='bbox 2193 3432 2416 3504; x_wconf 68' lang='grc' dir='ltr'>εποίησε</span> <span class='ocrx_word' id='word_1_610' title='bbox 2445 3433 2669 3503; x_wconf 84' lang='grc' dir='ltr'>σημεῖον</span> <span class='ocrx_word' id='word_1_611' title='bbox 2696 3430 2818 3485; x_wconf 81' lang='grc' dir='ltr'>οὐδὲ</span> <span class='ocrx_word' id='word_1_612' title='bbox 2838 3429 2917 3484; x_wconf 76' lang='grc' dir='ltr'><strong>ἓν·</strong></span> <span class='ocrx_word' id='word_1_613' title='bbox 2954 3447 2973 3481; x_wconf 72' lang='grc' dir='ltr'><strong>ι</strong></span> <span class='ocrx_word' id='word_1_614' title='bbox 3002 3430 3059 3485; x_wconf 83' lang='grc' dir='ltr'>ὲν</span> <span class='ocrx_word' id='word_1_615' title='bbox 3090 3427 3146 3481; x_wconf 84' lang='grc' dir='ltr'>δὲ</span> <span class='ocrx_word' id='word_1_616' title='bbox 3185 3425 3263 3497; x_wconf 83' lang='grc' dir='ltr'>τῷ</span> <span class='ocrx_word' id='word_1_617' title='bbox 3316 3426 3488 3498; x_wconf 82' lang='grc' dir='ltr'>Ἰησοῦ</span> <span class='ocrx_word' id='word_1_618' title='bbox 3527 3426 3627 3488; x_wconf 83' lang='grc' dir='ltr'>τὰς</span> <span class='ocrx_word' id='word_1_619' title='bbox 3673 3441 3756 3478; x_wconf 81' lang='grc' dir='ltr'>τε-</span> 
     </span>
    </p>
   </div>
   <div class='ocr_carea' id='block_1_79' title="bbox 2198 3514 3767 3598">
    <p class='ocr_par' dir='ltr' id='par_1_79' title="bbox 2198 3514 3767 3598">
     <span class='ocr_line' id='line_1_79' title="bbox 2198 3514 3767 3598; baseline -0.008 -20"><span class='ocrx_word' id='word_1_620' title='bbox 2198 3522 2449 3598; x_wconf 88' lang='grc' dir='ltr'>ραστίους</span> <span class='ocrx_word' id='word_1_621' title='bbox 2475 3523 2753 3593; x_wconf 83' lang='grc' dir='ltr'>δυνάμεις.</span> <span class='ocrx_word' id='word_1_622' title='bbox 2796 3520 2869 3574; x_wconf 85' lang='grc' dir='ltr'><strong>Τὸ</strong></span> <span class='ocrx_word' id='word_1_623' title='bbox 2904 3518 2950 3574; x_wconf 83' lang='grc' dir='ltr'>δ’</span> <span class='ocrx_word' id='word_1_624' title='bbox 2989 3517 3173 3590; x_wconf 85' lang='grc' dir='ltr'>ὅμοιόν</span> <span class='ocrx_word' id='word_1_625' title='bbox 3214 3533 3298 3580; x_wconf 89' lang='grc' dir='ltr'><strong>τις</strong></span> <span class='ocrx_word' id='word_1_626' title='bbox 3345 3517 3506 3587; x_wconf 88' lang='grc' dir='ltr'>φήσει</span> <span class='ocrx_word' id='word_1_627' title='bbox 3547 3514 3767 3586; x_wconf 76' lang='grc' dir='ltr'>ὑπειλη·</span> 
     </span>
    </p>
   </div>
   <div class='ocr_carea' id='block_1_80' title="bbox 2191 3603 3770 3685">
    <p class='ocr_par' dir='ltr' id='par_1_80' title="bbox 2191 3603 3770 3685">
     <span class='ocr_line' id='line_1_80' title="bbox 2191 3603 3770 3685; baseline -0.005 -18"><span class='ocrx_word' id='word_1_628' title='bbox 2191 3614 2347 3685; x_wconf 85' lang='grc' dir='ltr'>φέναι</span> <span class='ocrx_word' id='word_1_629' title='bbox 2400 3613 2527 3677; x_wconf 77' lang='grc' dir='ltr'>τοὺς</span> <span class='ocrx_word' id='word_1_630' title='bbox 2569 3612 2858 3685; x_wconf 82' lang='grc' dir='ltr'>εἰρηκότας</span> <span class='ocrx_word' id='word_1_631' title='bbox 2917 3628 2936 3662; x_wconf 73' lang='grc' dir='ltr'>ι</span> <span class='ocrx_word' id='word_1_632' title='bbox 3009 3608 3194 3663; x_wconf 84' lang='grc' dir='ltr'>Ἠλίαν</span> <span class='ocrx_word' id='word_1_633' title='bbox 3248 3606 3546 3679; x_wconf 75' lang='grc' dir='ltr'>πεφηνέναι</span> <span class='ocrx_word' id='word_1_634' title='bbox 3592 3606 3650 3659; x_wconf 82' lang='grc' dir='ltr'>ὲν</span> <span class='ocrx_word' id='word_1_635' title='bbox 3689 3603 3770 3676; x_wconf 80' lang='grc' dir='ltr'>τῷ</span> 
     </span>
    </p>
   </div>
   <div class='ocr_carea' id='block_1_81' title="bbox 2201 3695 3767 3776">
    <p class='ocr_par' dir='ltr' id='par_1_81' title="bbox 2201 3695 3767 3776">
     <span class='ocr_line' id='line_1_81' title="bbox 2201 3695 3767 3776; baseline -0.006 -19"><span class='ocrx_word' id='word_1_636' title='bbox 2201 3703 2395 3776; x_wconf 87' lang='grc' dir='ltr'>Ἰησοῦ,</span> <span class='ocrx_word' id='word_1_637' title='bbox 2428 3703 2462 3774; x_wconf 85' lang='grc' dir='ltr'>ἢ</span> <span class='ocrx_word' id='word_1_638' title='bbox 2492 3703 2777 3775; x_wconf 82' lang='grc' dir='ltr'>προφήτην</span> <span class='ocrx_word' id='word_1_639' title='bbox 2816 3700 2914 3755; x_wconf 73' lang='grc' dir='ltr'>ἕνα</span> <span class='ocrx_word' id='word_1_640' title='bbox 2955 3699 3064 3753; x_wconf 87' lang='grc' dir='ltr'><strong>τῶν</strong></span> <span class='ocrx_word' id='word_1_641' title='bbox 3111 3699 3358 3773; x_wconf 85' lang='grc' dir='ltr'>ἀρχαίων</span> <span class='ocrx_word' id='word_1_642' title='bbox 3389 3695 3705 3768; x_wconf 81' lang='grc' dir='ltr'>ὲγηγέρθαι.</span> <span class='ocrx_word' id='word_1_643' title='bbox 3743 3713 3767 3748; x_wconf 65' lang='grc' dir='ltr'>ι</span> 
     </span>
    </p>
   </div>
   <div class='ocr_carea' id='block_1_82' title="bbox 2190 3785 3765 3866">
    <p class='ocr_par' dir='ltr' id='par_1_82' title="bbox 2190 3785 3765 3866">
     <span class='ocr_line' id='line_1_82' title="bbox 2190 3785 3765 3866; baseline -0.006 -17"><span class='ocrx_word' id='word_1_644' title='bbox 2190 3796 2354 3849; x_wconf 79' lang='grc' dir='ltr'>Οὐδὲν</span> <span class='ocrx_word' id='word_1_645' title='bbox 2383 3795 2441 3849; x_wconf 80' lang='grc' dir='ltr'>δὲ</span> <span class='ocrx_word' id='word_1_646' title='bbox 2482 3795 2759 3866; x_wconf 80' lang='grc' dir='ltr'>ζητήσεως</span> <span class='ocrx_word' id='word_1_647' title='bbox 2784 3792 2965 3863; x_wconf 78' lang='grc' dir='ltr'>ἔχεται</span> <span class='ocrx_word' id='word_1_648' title='bbox 3005 3791 3067 3845; x_wconf 83' lang='grc' dir='ltr'>τὸ</span> <span class='ocrx_word' id='word_1_649' title='bbox 3096 3790 3271 3861; x_wconf 89' lang='grc' dir='ltr'>δόγμα</span> <span class='ocrx_word' id='word_1_650' title='bbox 3300 3787 3409 3842; x_wconf 87' lang='grc' dir='ltr'><strong>τῶν</strong></span> <span class='ocrx_word' id='word_1_651' title='bbox 3437 3785 3765 3858; x_wconf 85' lang='grc' dir='ltr'>εἰρηκότων,</span> 
     </span>
    </p>
   </div>
   <div class='ocr_carea' id='block_1_83' title="bbox 2194 3873 3765 3959">
    <p class='ocr_par' dir='ltr' id='par_1_83' title="bbox 2194 3873 3765 3959">
     <span class='ocr_line' id='line_1_83' title="bbox 2194 3873 3765 3959; baseline -0.006 -20"><span class='ocrx_word' id='word_1_652' title='bbox 2194 3906 2214 3939; x_wconf 75' lang='grc' dir='ltr'>ί</span> <span class='ocrx_word' id='word_1_653' title='bbox 2258 3889 2379 3940; x_wconf 88' lang='grc' dir='ltr'><strong>Ὅτι</strong></span> <span class='ocrx_word' id='word_1_654' title='bbox 2403 3888 2687 3959; x_wconf 81' lang='grc' dir='ltr'>προφήτης</span> <span class='ocrx_word' id='word_1_655' title='bbox 2716 3886 2791 3949; x_wconf 88' lang='grc' dir='ltr'><strong>ώς</strong></span> <span class='ocrx_word' id='word_1_656' title='bbox 2823 3879 2902 3947; x_wconf 81' lang='grc' dir='ltr'>εἷς</span> <span class='ocrx_word' id='word_1_657' title='bbox 2936 3882 3045 3954; x_wconf 74' lang='grc'><strong>(51)</strong></span> <span class='ocrx_word' id='word_1_658' title='bbox 3084 3881 3197 3935; x_wconf 87' lang='grc' dir='ltr'><strong>τῶν</strong></span> <span class='ocrx_word' id='word_1_659' title='bbox 3230 3878 3524 3952; x_wconf 85' lang='grc' dir='ltr'>προφητῶν</span> <span class='ocrx_word' id='word_1_660' title='bbox 3556 3873 3624 3949; x_wconf 77' lang='grc' dir='ltr'>ἦν</span> <span class='ocrx_word' id='word_1_661' title='bbox 3666 3877 3765 3948; x_wconf 87' lang='grc' dir='ltr'>Ἰη-</span> 
     </span>
    </p>
   </div>
   <div class='ocr_carea' id='block_1_84' title="bbox 2194 3968 3771 4049">
    <p class='ocr_par' dir='ltr' id='par_1_84' title="bbox 2194 3968 3771 4049">
     <span class='ocr_line' id='line_1_84' title="bbox 2194 3968 3771 4049; baseline -0.008 -17"><span class='ocrx_word' id='word_1_662' title='bbox 2194 3978 2338 4043; x_wconf 84' lang='grc' dir='ltr'>σοῦς.</span> <span class='ocrx_word' id='word_1_663' title='bbox 2384 3997 2402 4030; x_wconf 73' lang='grc' dir='ltr'><strong>ι</strong></span> <span class='ocrx_word' id='word_1_664' title='bbox 2442 3977 2658 4049; x_wconf 79' lang='grc' dir='ltr'>Ψευδὴς</span> <span class='ocrx_word' id='word_1_665' title='bbox 2692 3977 2789 4047; x_wconf 85' lang='grc' dir='ltr'>μὲν</span> <span class='ocrx_word' id='word_1_666' title='bbox 2827 3970 2917 4028; x_wconf 81' lang='grc' dir='ltr'><strong>οῦν</strong></span> <span class='ocrx_word' id='word_1_667' title='bbox 2957 3975 2986 4026; x_wconf 93' lang='lat'><strong>6</strong></span> <span class='ocrx_word' id='word_1_668' title='bbox 3032 3973 3125 4028; x_wconf 90' lang='grc' dir='ltr'><strong>τοῦ</strong></span> <span class='ocrx_word' id='word_1_669' title='bbox 3168 3971 3280 4025; x_wconf 73' lang='grc' dir='ltr'>εἴτε</span> <span class='ocrx_word' id='word_1_670' title='bbox 3337 3969 3574 4043; x_wconf 85' lang='grc' dir='ltr'>Ἡρώδου</span> <span class='ocrx_word' id='word_1_671' title='bbox 3613 3968 3771 4036; x_wconf 87' lang='grc' dir='ltr'>λόγος</span> 
     </span>
    </p>
   </div>
   <div class='ocr_carea' id='block_1_85' title="bbox 2193 4059 3773 4143">
    <p class='ocr_par' dir='ltr' id='par_1_85' title="bbox 2193 4059 3773 4143">
     <span class='ocr_line' id='line_1_85' title="bbox 2193 4059 3773 4143; baseline -0.008 -18"><span class='ocrx_word' id='word_1_672' title='bbox 2193 4073 2320 4143; x_wconf 71' lang='grc' dir='ltr'>περὶ</span> <span class='ocrx_word' id='word_1_673' title='bbox 2362 4069 2457 4123; x_wconf 88' lang='grc' dir='ltr'><strong>τοῦ</strong></span> <span class='ocrx_word' id='word_1_674' title='bbox 2507 4068 2681 4139; x_wconf 87' lang='grc' dir='ltr'>Ἰησοῦ</span> <span class='ocrx_word' id='word_1_675' title='bbox 2723 4071 2868 4122; x_wconf 79' lang='grc' dir='ltr'>ἐστιν</span> <span class='ocrx_word' id='word_1_676' title='bbox 2905 4064 3411 4137; x_wconf 83' lang='grc' dir='ltr'>ἀναγεγραμμένος,</span> <span class='ocrx_word' id='word_1_677' title='bbox 3450 4064 3560 4116; x_wconf 73' lang='grc' dir='ltr'>εἴτε</span> <span class='ocrx_word' id='word_1_678' title='bbox 3605 4062 3634 4115; x_wconf 93' lang='lat'><strong>6</strong></span> <span class='ocrx_word' id='word_1_679' title='bbox 3665 4059 3773 4114; x_wconf 74' lang='grc' dir='ltr'><strong>ὑπὸ</strong></span> 
     </span>
    </p>
   </div>
   <div class='ocr_carea' id='block_1_86' title="bbox 2189 4151 3770 4234">
    <p class='ocr_par' dir='ltr' id='par_1_86' title="bbox 2189 4151 3770 4234">
     <span class='ocr_line' id='line_1_86' title="bbox 2189 4151 3770 4234; baseline -0.008 -18"><span class='ocrx_word' id='word_1_680' title='bbox 2189 4180 2351 4217; x_wconf 85' lang='grc' dir='ltr'>τινων</span> <span class='ocrx_word' id='word_1_681' title='bbox 2378 4162 2684 4234; x_wconf 75' lang='grc' dir='ltr'>εἰρημένος.</span> <span class='ocrx_word' id='word_1_682' title='bbox 2717 4159 2863 4230; x_wconf 83' lang='grc' dir='ltr'>Πλὴν</span> <span class='ocrx_word' id='word_1_683' title='bbox 2898 4159 3046 4211; x_wconf 86' lang='grc' dir='ltr'>δοκεῖ</span> <span class='ocrx_word' id='word_1_684' title='bbox 3075 4174 3164 4229; x_wconf 89' lang='grc' dir='ltr'><strong>μοι</strong></span> <span class='ocrx_word' id='word_1_685' title='bbox 3200 4154 3398 4225; x_wconf 81' lang='grc' dir='ltr'>μᾶλλον</span> <span class='ocrx_word' id='word_1_686' title='bbox 3432 4151 3648 4223; x_wconf 74' lang='grc' dir='ltr'>ἔχεσθαι</span> <span class='ocrx_word' id='word_1_687' title='bbox 3682 4165 3770 4204; x_wconf 84' lang='grc' dir='ltr'>πι-</span> 
     </span>
    </p>
   </div>
   <div class='ocr_carea' id='block_1_87' title="bbox 2192 4256 3771 4339">
    <p class='ocr_par' dir='ltr' id='par_1_87' title="bbox 2192 4256 3771 4339">
     <span class='ocr_line' id='line_1_87' title="bbox 2192 4256 3771 4339; baseline -0.006 -18"><span class='ocrx_word' id='word_1_688' title='bbox 2192 4267 2483 4339; x_wconf 80' lang='grc' dir='ltr'>θανότητος</span> <span class='ocrx_word' id='word_1_689' title='bbox 2502 4268 2563 4321; x_wconf 82' lang='grc' dir='ltr'>τὸ</span> <span class='ocrx_word' id='word_1_690' title='bbox 2590 4266 2872 4334; x_wconf 83' lang='grc' dir='ltr'>ἀνάλογον,</span> <span class='ocrx_word' id='word_1_691' title='bbox 2906 4282 2924 4316; x_wconf 76' lang='grc' dir='ltr'><strong>ι</strong></span> <span class='ocrx_word' id='word_1_692' title='bbox 2963 4264 3023 4317; x_wconf 85' lang='grc' dir='ltr'>τὸ</span> <span class='ocrx_word' id='word_1_693' title='bbox 3046 4266 3103 4317; x_wconf 68' lang='grc' dir='ltr'>ἂν</span> <span class='ocrx_word' id='word_1_694' title='bbox 3128 4260 3395 4331; x_wconf 83' lang='grc' dir='ltr'>πνεύματι</span> <span class='ocrx_word' id='word_1_695' title='bbox 3423 4261 3518 4313; x_wconf 68' lang='grc' dir='ltr'><strong>καὶ⁵</strong></span> <span class='ocrx_word' id='word_1_696' title='bbox 3544 4256 3771 4329; x_wconf 72' lang='grc' dir='ltr'>δυνάμει</span> 
     </span>
    </p>
   </div>
   <div class='ocr_carea' id='block_1_88' title="bbox 588 4382 2090 4465">
    <p class='ocr_par' dir='ltr' id='par_1_88' title="bbox 588 4382 2078 4464">
     <span class='ocr_line' id='line_1_88' title="bbox 588 4382 2078 4464; baseline 0.011 -26"><span class='ocrx_word' id='word_1_697' title='bbox 588 4382 845 4440; x_wconf 73' lang='lat' dir='ltr'><strong>“Matth.</strong></span> <span class='ocrx_word' id='word_1_698' title='bbox 875 4401 1001 4451; x_wconf 67' lang='lat' dir='ltr'><strong>xxv,</strong></span> <span class='ocrx_word' id='word_1_699' title='bbox 1023 4387 1116 4445; x_wconf 64' lang='lat'><strong>25.</strong></span> <span class='ocrx_word' id='word_1_700' title='bbox 1190 4389 1236 4420; x_wconf 78' lang='grc'><strong>⁸⁸</strong></span> <span class='ocrx_word' id='word_1_701' title='bbox 1268 4388 1457 4447; x_wconf 79' lang='lat' dir='ltr'><strong>Matth.</strong></span> <span class='ocrx_word' id='word_1_702' title='bbox 1490 4407 1572 4459; x_wconf 68' lang='grc' dir='ltr'>ιι,</span> <span class='ocrx_word' id='word_1_703' title='bbox 1605 4392 1695 4448; x_wconf 68' lang='grc'><strong>14.</strong></span> <span class='ocrx_word' id='word_1_704' title='bbox 1771 4395 1814 4427; x_wconf 86' lang='grc'><strong>³⁷</strong></span> <span class='ocrx_word' id='word_1_705' title='bbox 1840 4394 1998 4453; x_wconf 92' lang='lat' dir='ltr'><strong>Joan.</strong></span> <span class='ocrx_word' id='word_1_706' title='bbox 2025 4416 2078 4464; x_wconf 80' lang='lat' dir='ltr'><strong>x,</strong></span> 
     </span>
    </p>
   </div>
   <div class='ocr_carea' id='block_1_89' title="bbox 2194 4382 3246 4465">
    <p class='ocr_par' dir='ltr' id='par_1_89' title="bbox 2194 4391 3246 4465">
     <span class='ocr_line' id='line_1_89' title="bbox 2194 4391 3246 4465; baseline -0.009 -9"><span class='ocrx_word' id='word_1_707' title='bbox 2194 4441 2201 4456; x_wconf 92' lang='lat'><strong>.</strong></span> <span class='ocrx_word' id='word_1_708' title='bbox 2280 4402 2324 4435; x_wconf 76' lang='grc'><strong>⁸³</strong></span> <span class='ocrx_word' id='word_1_709' title='bbox 2357 4399 2492 4457; x_wconf 89' lang='lat' dir='ltr'><strong>Luc.</strong></span> <span class='ocrx_word' id='word_1_710' title='bbox 2526 4416 2613 4465; x_wconf 73' lang='grc' dir='ltr'>ιιι,</span> <span class='ocrx_word' id='word_1_711' title='bbox 2645 4399 2699 4454; x_wconf 91' lang='grc'><strong>8.</strong></span> <span class='ocrx_word' id='word_1_712' title='bbox 2777 4397 2822 4430; x_wconf 74' lang='grc'><strong>³⁸</strong></span> <span class='ocrx_word' id='word_1_713' title='bbox 2853 4395 3019 4451; x_wconf 79' lang='lat' dir='ltr'><strong>Marc.</strong></span> <span class='ocrx_word' id='word_1_714' title='bbox 3044 4410 3121 4459; x_wconf 78' lang='lat' dir='ltr'><strong>vi,</strong></span> <span class='ocrx_word' id='word_1_715' title='bbox 3159 4391 3246 4448; x_wconf 84' lang='lat' dir='ltr'><strong>l5.</strong></span> 
     </span>
    </p>
   </div>
   <div class='ocr_carea' id='block_1_90' title="bbox 586 4525 2090 4621">
    <p class='ocr_par' dir='ltr' id='par_1_90' title="bbox 586 4525 2084 4621">
     <span class='ocr_line' id='line_1_90' title="bbox 586 4525 2084 4621; baseline 0.001 -1"><span class='ocrx_word' id='word_1_716' title='bbox 586 4525 926 4621; x_wconf 56' lang='grc' dir='ltr'><strong>(Ἦλβῖπξὲς</strong></span> <span class='ocrx_word' id='word_1_717' title='bbox 967 4525 1167 4621; x_wconf 50' lang='lat' dir='ltr'><strong>ea&quot;</strong></span> <span class='ocrx_word' id='word_1_718' title='bbox 1204 4529 1251 4609; x_wconf 80' lang='grc' dir='ltr'>.δ</span> <span class='ocrx_word' id='word_1_719' title='bbox 1297 4526 2084 4621; x_wconf 58' lang='grc' dir='ltr'><strong>λφδς.ι,ειεο,ἒὲἰι;εεξξι)πίο</strong></span> 
     </span>
    </p>
   </div>
   <div class='ocr_carea' id='block_1_91' title="bbox 2194 4525 3046 4621">
    <p class='ocr_par' dir='ltr' id='par_1_91' title="bbox 2194 4532 3046 4621">
     <span class='ocr_line' id='line_1_91' title="bbox 2194 4532 3046 4621; baseline -0.005 -31"><span class='ocrx_word' id='word_1_720' title='bbox 2194 4553 2357 4591; x_wconf 75' lang='lat' dir='ltr'><strong>ultum</strong></span> <span class='ocrx_word' id='word_1_721' title='bbox 2391 4546 2443 4592; x_wconf 90' lang='lat' dir='ltr'><strong>et</strong></span> <span class='ocrx_word' id='word_1_722' title='bbox 2466 4535 2715 4616; x_wconf 80' lang='lat' dir='ltr'><strong>eumdem</strong></span> <span class='ocrx_word' id='word_1_723' title='bbox 2746 4532 3046 4621; x_wconf 50' lang='lat' dir='ltr'><strong>Jnanlnem&#39;,</strong></span> 
     </span>
    </p>
   </div>
   <div class='ocr_carea' id='block_1_92' title="bbox 517 4594 2083 4669">
    <p class='ocr_par' dir='ltr' id='par_1_92' title="bbox 517 4594 2083 4669">
     <span class='ocr_line' id='line_1_92' title="bbox 517 4594 2083 4669; baseline 0.003 -18"><span class='ocrx_word' id='word_1_724' title='bbox 517 4594 730 4654; x_wconf 76' lang='lat' dir='ltr'><strong>Erasini</strong></span> <span class='ocrx_word' id='word_1_725' title='bbox 761 4597 1136 4669; x_wconf 69' lang='lat' dir='ltr'><strong>indiligentia;</strong></span> <span class='ocrx_word' id='word_1_726' title='bbox 1174 4597 1252 4651; x_wconf 91' lang='lat' dir='ltr'><strong>sic</strong></span> <span class='ocrx_word' id='word_1_727' title='bbox 1271 4594 1624 4655; x_wconf 21' lang='lat' dir='ltr'><strong>enim’locum</strong></span> <span class='ocrx_word' id='word_1_728' title='bbox 1654 4598 1922 4669; x_wconf 79' lang='lat' dir='ltr'><strong>integrum</strong></span> <span class='ocrx_word' id='word_1_729' title='bbox 1946 4617 2083 4656; x_wconf 89' lang='lat' dir='ltr'><strong>con-</strong></span> 
     </span>
    </p>
   </div>
   <div class='ocr_carea' id='block_1_93' title="bbox 516 4666 2091 4739">
    <p class='ocr_par' dir='ltr' id='par_1_93' title="bbox 516 4666 2091 4739">
     <span class='ocr_line' id='line_1_93' title="bbox 516 4666 2091 4739; baseline 0.003 -18"><span class='ocrx_word' id='word_1_730' title='bbox 516 4671 680 4723; x_wconf 83' lang='lat' dir='ltr'><strong>vertit</strong></span> <span class='ocrx_word' id='word_1_731' title='bbox 703 4685 769 4739; x_wconf 73' lang='lat'><strong>:_¢</strong></span> <span class='ocrx_word' id='word_1_732' title='bbox 800 4666 1107 4722; x_wconf 80' lang='lat' dir='ltr'><strong>Verisimile</strong></span> <span class='ocrx_word' id='word_1_733' title='bbox 1136 4676 1219 4721; x_wconf 88' lang='lat' dir='ltr'><strong>est</strong></span> <span class='ocrx_word' id='word_1_734' title='bbox 1247 4678 1426 4721; x_wconf 87' lang='lat' dir='ltr'><strong>autem</strong></span> <span class='ocrx_word' id='word_1_735' title='bbox 1455 4670 1599 4737; x_wconf 86' lang='lat' dir='ltr'><strong>quod</strong></span> <span class='ocrx_word' id='word_1_736' title='bbox 1638 4666 1872 4739; x_wconf 65' lang='lat' dir='ltr'><strong>populus</strong></span> <span class='ocrx_word' id='word_1_737' title='bbox 1895 4673 2091 4726; x_wconf 72' lang='lat' dir='ltr'><strong>existi~</strong></span> 
     </span>
    </p>
   </div>
   <div class='ocr_carea' id='block_1_94' title="bbox 518 4737 2149 4809">
    <p class='ocr_par' dir='ltr' id='par_1_94' title="bbox 518 4737 2149 4809">
     <span class='ocr_line' id='line_1_94' title="bbox 518 4737 2149 4809; baseline 0.003 -17"><span class='ocrx_word' id='word_1_738' title='bbox 518 4754 676 4795; x_wconf 89' lang='lat' dir='ltr'><strong>mans</strong></span> <span class='ocrx_word' id='word_1_739' title='bbox 714 4737 979 4809; x_wconf 87' lang='lat' dir='ltr'><strong>Joannem</strong></span> <span class='ocrx_word' id='word_1_740' title='bbox 1011 4752 1141 4809; x_wconf 87' lang='lat' dir='ltr'><strong>ess_e</strong></span> <span class='ocrx_word' id='word_1_741' title='bbox 1160 4753 1350 4809; x_wconf 86' lang='lat' dir='ltr'><strong>verum</strong></span> <span class='ocrx_word' id='word_1_742' title='bbox 1384 4737 1725 4807; x_wconf 72' lang='lat' dir='ltr'><strong>prophetam,</strong></span> <span class='ocrx_word' id='word_1_743' title='bbox 1756 4741 1914 4809; x_wconf 86' lang='lat' dir='ltr'><strong>cujus</strong></span> <span class='ocrx_word' id='word_1_744' title='bbox 1940 4752 2092 4797; x_wconf 88' lang='lat' dir='ltr'><strong>tanta</strong></span> <span class='ocrx_word' id='word_1_745' title='bbox 2142 4757 2149 4765; x_wconf 81' lang='lat'><em>‘</em></span> 
     </span>
    </p>
   </div>
   <div class='ocr_carea' id='block_1_95' title="bbox 518 4806 2090 4880">
    <p class='ocr_par' dir='ltr' id='par_1_95' title="bbox 518 4806 2090 4880">
     <span class='ocr_line' id='line_1_95' title="bbox 518 4806 2090 4880; baseline 0.003 -18"><span class='ocrx_word' id='word_1_746' title='bbox 518 4807 626 4880; x_wconf 71' lang='lat' dir='ltr'><strong>fuit</strong></span> <span class='ocrx_word' id='word_1_747' title='bbox 648 4808 968 4880; x_wconf 80' lang='lat' dir='ltr'><strong>multitudo,</strong></span> <span class='ocrx_word' id='word_1_748' title='bbox 995 4817 1054 4862; x_wconf 93' lang='lat' dir='ltr'><strong>ut</strong></span> <span class='ocrx_word' id='word_1_749' title='bbox 1084 4806 1349 4880; x_wconf 67' lang='lat' dir='ltr'><strong>Pharisaei</strong></span> <span class='ocrx_word' id='word_1_750' title='bbox 1383 4806 1714 4880; x_wconf 76' lang='lat' dir='ltr'><strong>metuerint;</strong></span> <span class='ocrx_word' id='word_1_751' title='bbox 1747 4821 1800 4864; x_wconf 86' lang='lat' dir='ltr'><strong>et</strong></span> <span class='ocrx_word' id='word_1_752' title='bbox 1826 4806 2090 4880; x_wconf 78' lang='lat' dir='ltr'><strong>quoniam</strong></span> 
     </span>
    </p>
   </div>
   <div class='ocr_carea' id='block_1_96' title="bbox 516 4876 2092 4947">
    <p class='ocr_par' dir='ltr' id='par_1_96' title="bbox 516 4876 2092 4947">
     <span class='ocr_line' id='line_1_96' title="bbox 516 4876 2092 4947; baseline 0.004 -17"><span class='ocrx_word' id='word_1_753' title='bbox 516 4876 803 4932; x_wconf 87' lang='lat' dir='ltr'><strong>videbatur</strong></span> <span class='ocrx_word' id='word_1_754' title='bbox 832 4878 885 4932; x_wconf 91' lang='lat' dir='ltr'><strong>id</strong></span> <span class='ocrx_word' id='word_1_755' title='bbox 914 4878 1128 4947; x_wconf 87' lang='lat' dir='ltr'><strong>placere</strong></span> <span class='ocrx_word' id='word_1_756' title='bbox 1157 4878 1358 4946; x_wconf 89' lang='lat' dir='ltr'><strong>populo</strong></span> <span class='ocrx_word' id='word_1_757' title='bbox 1380 4917 1395 4942; x_wconf 95' lang='lat'><strong>,</strong></span> <span class='ocrx_word' id='word_1_758' title='bbox 1441 4877 1757 4947; x_wconf 73' lang='lat' dir='ltr'><strong>ﬂagitarunt</strong></span> <span class='ocrx_word' id='word_1_759' title='bbox 1806 4876 2092 4937; x_wconf 58' lang='lat' dir='ltr'><strong>a&#39;Joanne</strong></span> 
     </span>
    </p>
   </div>
   <div class='ocr_carea' id='block_1_97' title="bbox 519 4947 2090 5018">
    <p class='ocr_par' dir='ltr' id='par_1_97' title="bbox 519 4947 2090 5018">
     <span class='ocr_line' id='line_1_97' title="bbox 519 4947 2090 5018; baseline 0.003 -17"><span class='ocrx_word' id='word_1_760' title='bbox 519 4961 880 5018; x_wconf 83' lang='lat' dir='ltr'><strong>responsum,</strong></span> <span class='ocrx_word' id='word_1_761' title='bbox 930 4947 1235 5016; x_wconf 87' lang='lat' dir='ltr'><strong>baptismus</strong></span> <span class='ocrx_word' id='word_1_762' title='bbox 1268 4948 1440 5018; x_wconf 89' lang='lat' dir='ltr'><strong>ipsius</strong></span> <span class='ocrx_word' id='word_1_763' title='bbox 1472 4959 1653 5003; x_wconf 87' lang='lat' dir='ltr'><strong>utrum</strong></span> <span class='ocrx_word' id='word_1_764' title='bbox 1683 4964 1715 5003; x_wconf 92' lang='lat' dir='ltr'><strong>e</strong></span> <span class='ocrx_word' id='word_1_765' title='bbox 1739 4950 1879 5004; x_wconf 63' lang='lat' dir='ltr'><strong>caelo</strong></span> <span class='ocrx_word' id='word_1_766' title='bbox 1913 4962 2090 5018; x_wconf 86' lang='lat' dir='ltr'><strong>esset,</strong></span> 
     </span>
    </p>
   </div>
   <div class='ocr_carea' id='block_1_98' title="bbox 517 5017 2091 5088">
    <p class='ocr_par' dir='ltr' id='par_1_98' title="bbox 517 5017 2091 5088">
     <span class='ocr_line' id='line_1_98' title="bbox 517 5017 2091 5088; baseline 0.003 -17"><span class='ocrx_word' id='word_1_767' title='bbox 517 5031 591 5071; x_wconf 87' lang='lat' dir='ltr'><strong>an</strong></span> <span class='ocrx_word' id='word_1_768' title='bbox 620 5032 689 5072; x_wconf 74' lang='lat' dir='ltr'><strong>ex</strong></span> <span class='ocrx_word' id='word_1_769' title='bbox 722 5017 1067 5088; x_wconf 84' lang='lat' dir='ltr'><strong>hominibus,</strong></span> <span class='ocrx_word' id='word_1_770' title='bbox 1091 5034 1199 5072; x_wconf 92' lang='lat' dir='ltr'><strong>non</strong></span> <span class='ocrx_word' id='word_1_771' title='bbox 1240 5017 1573 5088; x_wconf 80' lang='lat' dir='ltr'><strong>ignoraverit</strong></span> <span class='ocrx_word' id='word_1_772' title='bbox 1598 5034 1723 5088; x_wconf 83' lang='lat' dir='ltr'><strong>eum</strong></span> <span class='ocrx_word' id='word_1_773' title='bbox 1749 5034 1872 5075; x_wconf 88' lang='lat' dir='ltr'><strong>esse</strong></span> <span class='ocrx_word' id='word_1_774' title='bbox 1919 5021 2091 5076; x_wconf 84' lang='lat' dir='ltr'><strong>ﬁlium</strong></span> 
     </span>
    </p>
   </div>
   <div class='ocr_carea' id='block_1_99' title="bbox 518 5084 2095 5145">
    <p class='ocr_par' dir='ltr' id='par_1_99' title="bbox 518 5084 2095 5145">
     <span class='ocr_line' id='line_1_99' title="bbox 518 5084 2095 5145; baseline 0.001 -3"><span class='ocrx_word' id='word_1_775' title='bbox 518 5084 824 5143; x_wconf 63' lang='lat' dir='ltr'><strong>Zachariae.</strong></span> <span class='ocrx_word' id='word_1_776' title='bbox 856 5106 875 5139; x_wconf 73' lang='grc' dir='ltr'><strong>ι</strong></span> <span class='ocrx_word' id='word_1_777' title='bbox 927 5087 996 5140; x_wconf 86' lang='lat' dir='ltr'><strong>At</strong></span> <span class='ocrx_word' id='word_1_778' title='bbox 1042 5084 1380 5143; x_wconf 75' lang='lat' dir='ltr'><strong>meminisset</strong></span> <span class='ocrx_word' id='word_1_779' title='bbox 1418 5104 1526 5143; x_wconf 90' lang='lat' dir='ltr'><strong>non</strong></span> <span class='ocrx_word' id='word_1_780' title='bbox 1575 5106 1606 5143; x_wconf 92' lang='lat' dir='ltr'><strong>a</strong></span> <span class='ocrx_word' id='word_1_781' title='bbox 1649 5087 1858 5144; x_wconf 85' lang='lat' dir='ltr'><strong>Joanne</strong></span> <span class='ocrx_word' id='word_1_782' title='bbox 1900 5089 2095 5145; x_wconf 89' lang='lat' dir='ltr'><strong>Phari-</strong></span> 
     </span>
    </p>
   </div>
   <div class='ocr_carea' id='block_1_100' title="bbox 520 5156 2090 5228">
    <p class='ocr_par' dir='ltr' id='par_1_100' title="bbox 520 5156 2090 5228">
     <span class='ocr_line' id='line_1_100' title="bbox 520 5156 2090 5228; baseline 0 -14"><span class='ocrx_word' id='word_1_783' title='bbox 520 5172 693 5223; x_wconf 62' lang='grc' dir='ltr'>διευς,</span> <span class='ocrx_word' id='word_1_784' title='bbox 725 5158 818 5213; x_wconf 88' lang='lat' dir='ltr'><strong>sed</strong></span> <span class='ocrx_word' id='word_1_785' title='bbox 847 5157 916 5211; x_wconf 88' lang='lat' dir='ltr'><strong>ab</strong></span> <span class='ocrx_word' id='word_1_786' title='bbox 942 5156 1077 5227; x_wconf 87' lang='lat' dir='ltr'><strong>ipsis</strong></span> <span class='ocrx_word' id='word_1_787' title='bbox 1114 5156 1404 5228; x_wconf 55' lang='lat' dir='ltr'><strong>lfharisazis</strong></span> <span class='ocrx_word' id='word_1_788' title='bbox 1445 5159 1721 5215; x_wconf 80' lang='lat' dir='ltr'><strong>Christum</strong></span> <span class='ocrx_word' id='word_1_789' title='bbox 1752 5160 2090 5228; x_wconf 66' lang='lat' dir='ltr'><strong>quaesivisse,</strong></span> 
     </span>
    </p>
   </div>
   <div class='ocr_carea' id='block_1_101' title="bbox 526 5226 2092 5310">
    <p class='ocr_par' dir='ltr' id='par_1_101' title="bbox 526 5226 2092 5310">
     <span class='ocr_line' id='line_1_101' title="bbox 526 5226 2092 5310; baseline -0.001 -28"><span class='ocrx_word' id='word_1_790' title='bbox 526 5246 548 5282; x_wconf 73' lang='grc' dir='ltr'><strong>ι</strong></span> <span class='ocrx_word' id='word_1_791' title='bbox 577 5237 761 5284; x_wconf 89' lang='lat' dir='ltr'><strong>utrum</strong></span> <span class='ocrx_word' id='word_1_792' title='bbox 792 5226 1096 5298; x_wconf 85' lang='lat' dir='ltr'><strong>baptismus</strong></span> <span class='ocrx_word' id='word_1_793' title='bbox 1125 5226 1353 5310; x_wconf 74' lang='lat' dir='ltr'><strong>Joannis</strong></span> <span class='ocrx_word' id='word_1_794' title='bbox 1377 5245 1409 5284; x_wconf 92' lang='lat' dir='ltr'><strong>e</strong></span> <span class='ocrx_word' id='word_1_795' title='bbox 1441 5231 1581 5284; x_wconf 71' lang='lat' dir='ltr'><strong>caelo</strong></span> <span class='ocrx_word' id='word_1_796' title='bbox 1609 5226 1783 5310; x_wconf 72' lang='lat' dir='ltr'><strong>esset,</strong></span> <span class='ocrx_word' id='word_1_797' title='bbox 1811 5245 1878 5283; x_wconf 89' lang='lat' dir='ltr'><strong>an</strong></span> <span class='ocrx_word' id='word_1_798' title='bbox 1896 5245 1963 5310; x_wconf 41' lang='lat' dir='ltr'><strong>e‘x</strong></span> <span class='ocrx_word' id='word_1_799' title='bbox 1986 5230 2092 5310; x_wconf 79' lang='lat' dir='ltr'><strong>ho-</strong></span> 
     </span>
    </p>
   </div>
   <div class='ocr_carea' id='block_1_102' title="bbox 524 5298 2093 5369">
    <p class='ocr_par' dir='ltr' id='par_1_102' title="bbox 524 5298 2093 5369">
     <span class='ocr_line' id='line_1_102' title="bbox 524 5298 2093 5369; baseline 0.001 -16"><span class='ocrx_word' id='word_1_800' title='bbox 524 5301 814 5356; x_wconf 88' lang='lat' dir='ltr'><strong>minibus:</strong></span> <span class='ocrx_word' id='word_1_801' title='bbox 853 5318 872 5352; x_wconf 76' lang='grc' dir='ltr'><strong>ι</strong></span> <span class='ocrx_word' id='word_1_802' title='bbox 920 5314 1022 5352; x_wconf 88' lang='lat' dir='ltr'><strong>nec</strong></span> <span class='ocrx_word' id='word_1_803' title='bbox 1070 5314 1180 5366; x_wconf 72' lang='lat' dir='ltr'><strong>pra:</strong></span> <span class='ocrx_word' id='word_1_804' title='bbox 1231 5298 1431 5369; x_wconf 81' lang='lat' dir='ltr'><strong>timore</strong></span> <span class='ocrx_word' id='word_1_805' title='bbox 1483 5299 1663 5369; x_wconf 87' lang='lat' dir='ltr'><strong>populi</strong></span> <span class='ocrx_word' id='word_1_806' title='bbox 1710 5315 1877 5354; x_wconf 85' lang='lat' dir='ltr'><strong>ausos</strong></span> <span class='ocrx_word' id='word_1_807' title='bbox 1916 5298 2093 5369; x_wconf 62' lang='lat' dir='ltr'><strong>fuisse</strong></span> 
     </span>
    </p>
   </div>
   <div class='ocr_carea' id='block_1_103' title="bbox 521 5367 2088 5451">
    <p class='ocr_par' dir='ltr' id='par_1_103' title="bbox 521 5367 2088 5451">
     <span class='ocr_line' id='line_1_103' title="bbox 521 5367 2088 5451; baseline 0 -28"><span class='ocrx_word' id='word_1_808' title='bbox 521 5371 823 5451; x_wconf 58' lang='lat' dir='ltr'><strong>quaestioni</strong></span> <span class='ocrx_word' id='word_1_809' title='bbox 859 5368 1376 5451; x_wconf 59' lang='lat' dir='ltr'><strong>reaportilere.&quot;Vi_(le</strong></span> <span class='ocrx_word' id='word_1_810' title='bbox 1413 5367 1603 5451; x_wconf 55' lang='lat' dir='ltr'><strong>Matth.</strong></span> <span class='ocrx_word' id='word_1_811' title='bbox 1637 5385 1759 5450; x_wconf 67' lang='lat' dir='ltr'><strong>xxi,</strong></span> <span class='ocrx_word' id='word_1_812' title='bbox 1788 5368 1884 5451; x_wconf 51' lang='grc'><strong>24.</strong></span> <span class='ocrx_word' id='word_1_813' title='bbox 1912 5367 2088 5451; x_wconf 54' lang='lat' dir='ltr'><strong>llum:</strong></span> 
     </span>
    </p>
   </div>
   <div class='ocr_carea' id='block_1_104' title="bbox 597 5437 2092 5514">
    <p class='ocr_par' dir='ltr' id='par_1_104' title="bbox 597 5437 2092 5514">
     <span class='ocr_line' id='line_1_104' title="bbox 597 5437 2092 5514; baseline -0.005 -18"><span class='ocrx_word' id='word_1_814' title='bbox 597 5441 709 5514; x_wconf 74' lang='lat'><strong>(28)</strong></span> <span class='ocrx_word' id='word_1_815' title='bbox 769 5438 988 5514; x_wconf 38' lang='lat' dir='ltr'><strong>Eruet;</strong></span> <span class='ocrx_word' id='word_1_816' title='bbox 1026 5437 1172 5514; x_wconf 62' lang='grc' dir='ltr'><strong>ναῷ.</strong></span> <span class='ocrx_word' id='word_1_817' title='bbox 1205 5439 1385 5514; x_wconf 73' lang='lat' dir='ltr'><strong>Codex</strong></span> <span class='ocrx_word' id='word_1_818' title='bbox 1429 5438 1758 5495; x_wconf 90' lang='lat' dir='ltr'><strong>Holmiensis</strong></span> <span class='ocrx_word' id='word_1_819' title='bbox 1784 5440 1843 5493; x_wconf 82' lang='grc' dir='ltr'>ὲν</span> <span class='ocrx_word' id='word_1_820' title='bbox 1869 5437 1946 5508; x_wconf 83' lang='grc' dir='ltr'>τῷ</span> <span class='ocrx_word' id='word_1_821' title='bbox 1979 5437 2092 5510; x_wconf 84' lang='grc' dir='ltr'>λαῷ</span> 
     </span>
    </p>
   </div>
   <div class='ocr_carea' id='block_1_105' title="bbox 524 5509 2057 5589">
    <p class='ocr_par' dir='ltr' id='par_1_105' title="bbox 524 5509 2057 5589">
     <span class='ocr_line' id='line_1_105' title="bbox 524 5509 2057 5589; baseline 0.001 -24"><span class='ocrx_word' id='word_1_822' title='bbox 524 5509 1156 5589; x_wconf 65' lang='lat' dir='ltr'><strong>perperam._Vide_Luq.</strong></span> <span class='ocrx_word' id='word_1_823' title='bbox 1196 5524 1249 5589; x_wconf 82' lang='lat' dir='ltr'><strong>t_,</strong></span> <span class='ocrx_word' id='word_1_824' title='bbox 1278 5509 1369 5564; x_wconf 72' lang='lat'><strong>22.</strong></span> <span class='ocrx_word' id='word_1_825' title='bbox 1444 5581 1465 5589; x_wconf 41' lang='grc' dir='ltr'><strong><em>Α</em></strong></span> <span class='ocrx_word' id='word_1_826' title='bbox 1568 5580 1581 5589; x_wconf 35' lang='grc' dir='ltr'><strong>Ι</strong></span> <span class='ocrx_word' id='word_1_827' title='bbox 1816 5587 1821 5589; x_wconf 83' lang='lat'>_</span> <span class='ocrx_word' id='word_1_828' title='bbox 1906 5579 1927 5589; x_wconf 84' lang='lat'><em>_</em></span> <span class='ocrx_word' id='word_1_829' title='bbox 1972 5576 1995 5589; x_wconf 39' lang='grc' dir='ltr'><strong>Α</strong></span> <span class='ocrx_word' id='word_1_830' title='bbox 2024 5578 2057 5589; x_wconf 54' lang='grc' dir='ltr'>η</span> 
     </span>
    </p>
   </div>
   <div class='ocr_carea' id='block_1_106' title="bbox 599 5576 2093 5652">
    <p class='ocr_par' dir='ltr' id='par_1_106' title="bbox 599 5576 2093 5652">
     <span class='ocr_line' id='line_1_106' title="bbox 599 5576 2093 5652; baseline -0.006 -13"><span class='ocrx_word' id='word_1_831' title='bbox 599 5576 709 5652; x_wconf 61' lang='grc'><strong>(99)</strong></span> <span class='ocrx_word' id='word_1_832' title='bbox 748 5583 936 5636; x_wconf 82' lang='grc' dir='ltr'>Ποίαν</span> <span class='ocrx_word' id='word_1_833' title='bbox 965 5578 1042 5648; x_wconf 79' lang='grc' dir='ltr'>δὴ</span> <span class='ocrx_word' id='word_1_834' title='bbox 1075 5576 1187 5652; x_wconf 73' lang='grc' dir='ltr'><strong>οὖν</strong></span> <span class='ocrx_word' id='word_1_835' title='bbox 1212 5580 1334 5652; x_wconf 67' lang='grc' dir='ltr'>εχει</span> <span class='ocrx_word' id='word_1_836' title='bbox 1364 5580 1744 5652; x_wconf 79' lang='grc' dir='ltr'>πιθανότητα,</span> <span class='ocrx_word' id='word_1_837' title='bbox 1776 5587 1880 5634; x_wconf 86' lang='lat' dir='ltr'><strong>etc.</strong></span> <span class='ocrx_word' id='word_1_838' title='bbox 1906 5576 2093 5632; x_wconf 76' lang='lat' dir='ltr'><strong>Infeli-</strong></span> 
     </span>
    </p>
   </div>
   <div class='ocr_carea' id='block_1_107' title="bbox 527 5650 2094 5720">
    <p class='ocr_par' dir='ltr' id='par_1_107' title="bbox 527 5650 2094 5720">
     <span class='ocr_line' id='line_1_107' title="bbox 527 5650 2094 5720; baseline -0.002 -14"><span class='ocrx_word' id='word_1_839' title='bbox 527 5650 664 5707; x_wconf 75' lang='lat' dir='ltr'><strong>citer</strong></span> <span class='ocrx_word' id='word_1_840' title='bbox 688 5650 905 5720; x_wconf 75' lang='lat' dir='ltr'><strong>quoque</strong></span> <span class='ocrx_word' id='word_1_841' title='bbox 930 5652 982 5705; x_wconf 90' lang='lat' dir='ltr'><strong>in</strong></span> <span class='ocrx_word' id='word_1_842' title='bbox 1025 5650 1322 5720; x_wconf 69' lang='lat' dir='ltr'><strong>hujus_loci</strong></span> <span class='ocrx_word' id='word_1_843' title='bbox 1354 5651 1714 5718; x_wconf 81' lang='lat' dir='ltr'><strong>explicatione</strong></span> <span class='ocrx_word' id='word_1_844' title='bbox 1739 5658 2094 5720; x_wconf 80' lang='lat' dir='ltr'><strong>versatnsest</strong></span> 
     </span>
    </p>
   </div>
   <div class='ocr_carea' id='block_1_108' title="bbox 531 5718 2095 5787">
    <p class='ocr_par' dir='ltr' id='par_1_108' title="bbox 531 5718 2095 5787">
     <span class='ocr_line' id='line_1_108' title="bbox 531 5718 2095 5787; baseline -0.001 -13"><span class='ocrx_word' id='word_1_845' title='bbox 531 5718 831 5777; x_wconf 38' lang='lat' dir='ltr'><strong>Erasmus.‘</strong></span> <span class='ocrx_word' id='word_1_846' title='bbox 847 5719 939 5775; x_wconf 88' lang='lat' dir='ltr'><strong>Sic</strong></span> <span class='ocrx_word' id='word_1_847' title='bbox 981 5720 1069 5773; x_wconf 87' lang='lat' dir='ltr'><strong>ille</strong></span> <span class='ocrx_word' id='word_1_848' title='bbox 1097 5735 1108 5770; x_wconf 91' lang='lat'>:</span> <span class='ocrx_word' id='word_1_849' title='bbox 1142 5737 1160 5768; x_wconf 73' lang='grc' dir='ltr'><strong>ι</strong></span> <span class='ocrx_word' id='word_1_850' title='bbox 1191 5718 1422 5772; x_wconf 84' lang='lat' dir='ltr'><strong>Proinde</strong></span> <span class='ocrx_word' id='word_1_851' title='bbox 1453 5721 1727 5787; x_wconf 87' lang='lat' dir='ltr'><strong>probabile</strong></span> <span class='ocrx_word' id='word_1_852' title='bbox 1754 5728 1838 5773; x_wconf 87' lang='lat' dir='ltr'><strong>est</strong></span> <span class='ocrx_word' id='word_1_853' title='bbox 1870 5719 1956 5771; x_wconf 86' lang='lat' dir='ltr'><strong>vel</strong></span> <span class='ocrx_word' id='word_1_854' title='bbox 1989 5718 2095 5772; x_wconf 85' lang='lat' dir='ltr'><strong>lle-</strong></span> 
     </span>
    </p>
   </div>
   <div class='ocr_carea' id='block_1_109' title="bbox 528 5788 2091 5859">
    <p class='ocr_par' dir='ltr' id='par_1_109' title="bbox 528 5788 2091 5859">
     <span class='ocr_line' id='line_1_109' title="bbox 528 5788 2091 5859; baseline -0.001 -17"><span class='ocrx_word' id='word_1_855' title='bbox 528 5790 718 5845; x_wconf 74' lang='lat' dir='ltr'><strong>roJem</strong></span> <span class='ocrx_word' id='word_1_856' title='bbox 739 5831 754 5856; x_wconf 89' lang='lat'><strong>,</strong></span> <span class='ocrx_word' id='word_1_857' title='bbox 782 5790 868 5842; x_wconf 81' lang='lat' dir='ltr'><strong>vel</strong></span> <span class='ocrx_word' id='word_1_858' title='bbox 898 5789 1211 5859; x_wconf 75' lang='lat' dir='ltr'><strong>quempiam</strong></span> <span class='ocrx_word' id='word_1_859' title='bbox 1240 5803 1271 5841; x_wconf 92' lang='lat' dir='ltr'><strong>e</strong></span> <span class='ocrx_word' id='word_1_860' title='bbox 1296 5788 1451 5859; x_wconf 72' lang='lat' dir='ltr'><strong>plebe</strong></span> <span class='ocrx_word' id='word_1_861' title='bbox 1482 5788 1563 5842; x_wconf 87' lang='lat' dir='ltr'><strong>sic</strong></span> <span class='ocrx_word' id='word_1_862' title='bbox 1592 5804 1828 5859; x_wconf 77' lang='lat' dir='ltr'><strong>errasse,</strong></span> <span class='ocrx_word' id='word_1_863' title='bbox 1857 5797 1917 5841; x_wconf 90' lang='lat' dir='ltr'><strong>ut</strong></span> <span class='ocrx_word' id='word_1_864' title='bbox 1941 5788 2091 5859; x_wconf 55' lang='lat' dir='ltr'><strong>arbi-g</strong></span> 
     </span>
    </p>
   </div>
   <div class='ocr_carea' id='block_1_110' title="bbox 530 5855 2090 5933">
    <p class='ocr_par' dir='ltr' id='par_1_110' title="bbox 530 5855 2090 5933">
     <span class='ocr_line' id='line_1_110' title="bbox 530 5855 2090 5933; baseline 0 -20"><span class='ocrx_word' id='word_1_865' title='bbox 530 5867 764 5933; x_wconf 68' lang='grc' dir='ltr'>ιητομιτ</span> <span class='ocrx_word' id='word_1_866' title='bbox 788 5855 929 5933; x_wconf 55' lang='grc' dir='ltr'>ἠοιῐ</span> <span class='ocrx_word' id='word_1_867' title='bbox 955 5855 1097 5913; x_wconf 69' lang='lat' dir='ltr'><strong>duos</strong></span> <span class='ocrx_word' id='word_1_868' title='bbox 1141 5855 1310 5912; x_wconf 74' lang='lat' dir='ltr'><strong>fuisse</strong></span> <span class='ocrx_word' id='word_1_869' title='bbox 1352 5855 1613 5912; x_wconf 86' lang='lat' dir='ltr'><strong>Joannem</strong></span> <span class='ocrx_word' id='word_1_870' title='bbox 1646 5869 1699 5915; x_wconf 83' lang='lat' dir='ltr'><strong>et</strong></span> <span class='ocrx_word' id='word_1_871' title='bbox 1740 5856 1960 5923; x_wconf 84' lang='lat' dir='ltr'><strong>Jesum;</strong></span> <span class='ocrx_word' id='word_1_872' title='bbox 1996 5858 2090 5913; x_wconf 81' lang='lat' dir='ltr'><strong>sed</strong></span> 
     </span>
    </p>
   </div>
   <div class='ocr_carea' id='block_1_111' title="bbox 3094 4537 3768 4610">
    <p class='ocr_par' dir='ltr' id='par_1_111' title="bbox 3094 4537 3768 4610">
     <span class='ocr_line' id='line_1_111' title="bbox 3094 4537 3768 4610; baseline 0 -27"><span class='ocrx_word' id='word_1_873' title='bbox 3094 4537 3456 4610; x_wconf 17' lang='lat' dir='ltr'><strong>posteaquam;</strong></span> <span class='ocrx_word' id='word_1_874' title='bbox 3506 4542 3569 4581; x_wconf 84' lang='lat' dir='ltr'><strong>Sll</strong></span> <span class='ocrx_word' id='word_1_875' title='bbox 3577 4542 3700 4610; x_wconf 60' lang='grc' dir='ltr'><strong>Ἶρι</strong></span> <span class='ocrx_word' id='word_1_876' title='bbox 3707 4543 3768 4583; x_wconf 82' lang='lat' dir='ltr'><strong>e-</strong></span> 
     </span>
    </p>
   </div>
   <div class='ocr_carea' id='block_1_112' title="bbox 2197 4595 3768 4680">
    <p class='ocr_par' dir='ltr' id='par_1_112' title="bbox 2197 4595 3768 4680">
     <span class='ocr_line' id='line_1_112' title="bbox 2197 4595 3768 4680; baseline -0.006 -19"><span class='ocrx_word' id='word_1_877' title='bbox 2197 4618 2282 4662; x_wconf 87' lang='lat' dir='ltr'><strong>rat</strong></span> <span class='ocrx_word' id='word_1_878' title='bbox 2312 4624 2379 4662; x_wconf 84' lang='lat' dir='ltr'><strong>ex</strong></span> <span class='ocrx_word' id='word_1_879' title='bbox 2408 4606 2660 4666; x_wconf 87' lang='lat' dir='ltr'><strong>mortuis,</strong></span> <span class='ocrx_word' id='word_1_880' title='bbox 2707 4612 2829 4673; x_wconf 88' lang='lat' dir='ltr'><strong>post</strong></span> <span class='ocrx_word' id='word_1_881' title='bbox 2860 4595 3271 4680; x_wconf 75' lang='lat' dir='ltr'><strong>decollationem</strong></span> <span class='ocrx_word' id='word_1_882' title='bbox 3304 4595 3558 4680; x_wconf 73' lang='lat' dir='ltr'><strong>vocatum</strong></span> <span class='ocrx_word' id='word_1_883' title='bbox 3595 4595 3768 4680; x_wconf 73' lang='lat' dir='ltr'><strong>fuisse</strong></span> 
     </span>
    </p>
   </div>
   <div class='ocr_carea' id='block_1_113' title="bbox 2196 4667 3769 4741">
    <p class='ocr_par' dir='ltr' id='par_1_113' title="bbox 2196 4667 3769 4741">
     <span class='ocr_line' id='line_1_113' title="bbox 2196 4667 3769 4741; baseline -0.005 -10"><span class='ocrx_word' id='word_1_884' title='bbox 2196 4676 2405 4732; x_wconf 90' lang='lat' dir='ltr'><strong>Jesum.</strong></span> <span class='ocrx_word' id='word_1_885' title='bbox 2443 4695 2463 4728; x_wconf 73' lang='grc' dir='ltr'><strong>ι</strong></span> <span class='ocrx_word' id='word_1_886' title='bbox 2516 4667 3026 4741; x_wconf 49' lang='grc' dir='ltr'>Ροοίιόρριοερὶρίει</span> <span class='ocrx_word' id='word_1_887' title='bbox 3072 4678 3311 4723; x_wconf 88' lang='lat' dir='ltr'><strong>attentus</strong></span> <span class='ocrx_word' id='word_1_888' title='bbox 3359 4667 3529 4741; x_wconf 79' lang='lat' dir='ltr'><strong>lector</strong></span> <span class='ocrx_word' id='word_1_889' title='bbox 3563 4682 3677 4721; x_wconf 86' lang='lat' dir='ltr'><strong>non</strong></span> <span class='ocrx_word' id='word_1_890' title='bbox 3715 4668 3769 4723; x_wconf 86' lang='lat' dir='ltr'><strong>id</strong></span> 
     </span>
    </p>
   </div>
   <div class='ocr_carea' id='block_1_114' title="bbox 2198 4738 3775 4811">
    <p class='ocr_par' dir='ltr' id='par_1_114' title="bbox 2198 4738 3775 4811">
     <span class='ocr_line' id='line_1_114' title="bbox 2198 4738 3775 4811; baseline -0.006 -11"><span class='ocrx_word' id='word_1_891' title='bbox 2198 4761 2422 4801; x_wconf 90' lang='lat' dir='ltr'><strong>necesse</strong></span> <span class='ocrx_word' id='word_1_892' title='bbox 2454 4744 2711 4798; x_wconf 87' lang='lat' dir='ltr'><strong>habuisse</strong></span> <span class='ocrx_word' id='word_1_893' title='bbox 2738 4738 3038 4811; x_wconf 60' lang='lat' dir='ltr'><strong>&#39;Origenem</strong></span> <span class='ocrx_word' id='word_1_894' title='bbox 3068 4755 3134 4793; x_wconf 84' lang='lat' dir='ltr'><strong>ex</strong></span> <span class='ocrx_word' id='word_1_895' title='bbox 3178 4738 3775 4811; x_wconf 62' lang='lat' dir='ltr'><strong>praecedentibuseon-</strong></span> 
     </span>
    </p>
   </div>
   <div class='ocr_carea' id='block_1_115' title="bbox 2196 4805 3772 4889">
    <p class='ocr_par' dir='ltr' id='par_1_115' title="bbox 2196 4805 3772 4889">
     <span class='ocr_line' id='line_1_115' title="bbox 2196 4805 3772 4889; baseline -0.008 -18"><span class='ocrx_word' id='word_1_896' title='bbox 2196 4816 2457 4889; x_wconf 81' lang='lat' dir='ltr'><strong>cludere_,</strong></span> <span class='ocrx_word' id='word_1_897' title='bbox 2488 4814 2631 4881; x_wconf 88' lang='lat' dir='ltr'><strong>quod</strong></span> <span class='ocrx_word' id='word_1_898' title='bbox 2661 4805 2875 4889; x_wconf 59' lang='lat' dir='ltr'><strong>diserte</strong></span> <span class='ocrx_word' id='word_1_899' title='bbox 2895 4805 3235 4889; x_wconf 59' lang='lat' dir='ltr'><strong>scripserunt</strong></span> <span class='ocrx_word' id='word_1_900' title='bbox 3279 4807 3603 4889; x_wconf 48' lang='lat' dir='ltr'><strong>Matthasus,</strong></span> <span class='ocrx_word' id='word_1_901' title='bbox 3626 4805 3772 4889; x_wconf 45' lang='lat' dir='ltr'><strong>hiar-</strong></span> 
     </span>
    </p>
   </div>
   <div class='ocr_carea' id='block_1_116' title="bbox 2196 4874 3773 4941">
    <p class='ocr_par' dir='ltr' id='par_1_116' title="bbox 2196 4874 3773 4941">
     <span class='ocr_line' id='line_1_116' title="bbox 2196 4874 3773 4941; baseline -0.006 0"><span class='ocrx_word' id='word_1_902' title='bbox 2196 4901 2294 4941; x_wconf 88' lang='lat' dir='ltr'><strong>cns</strong></span> <span class='ocrx_word' id='word_1_903' title='bbox 2323 4894 2378 4939; x_wconf 86' lang='lat' dir='ltr'><strong>et</strong></span> <span class='ocrx_word' id='word_1_904' title='bbox 2425 4874 2623 4938; x_wconf 77' lang='lat' dir='ltr'><strong>Lucas.</strong></span> <span class='ocrx_word' id='word_1_905' title='bbox 2661 4881 2928 4936; x_wconf 58' lang='lat' dir='ltr'><strong>Praeterea</strong></span> <span class='ocrx_word' id='word_1_906' title='bbox 2977 4874 3121 4934; x_wconf 75' lang='lat' dir='ltr'><strong>unde</strong></span> <span class='ocrx_word' id='word_1_907' title='bbox 3164 4878 3215 4932; x_wconf 90' lang='lat' dir='ltr'><strong>id</strong></span> <span class='ocrx_word' id='word_1_908' title='bbox 3261 4878 3611 4933; x_wconf 87' lang='lat' dir='ltr'><strong>concluderet</strong></span> <span class='ocrx_word' id='word_1_909' title='bbox 3648 4874 3773 4931; x_wconf 84' lang='lat' dir='ltr'><strong>Ori-</strong></span> 
     </span>
    </p>
   </div>
   <div class='ocr_carea' id='block_1_117' title="bbox 2232 4945 3774 5022">
    <p class='ocr_par' dir='ltr' id='par_1_117' title="bbox 2232 4945 3774 5022">
     <span class='ocr_line' id='line_1_117' title="bbox 2232 4945 3774 5022; baseline -0.005 -13"><span class='ocrx_word' id='word_1_910' title='bbox 2232 4971 2393 5019; x_wconf 83' lang='lat' dir='ltr'><strong>enes,</strong></span> <span class='ocrx_word' id='word_1_911' title='bbox 2458 4968 2583 5008; x_wconf 89' lang='lat' dir='ltr'><strong>cum</strong></span> <span class='ocrx_word' id='word_1_912' title='bbox 2648 4949 3008 5022; x_wconf 66' lang='lat' dir='ltr'><strong>praecedentia</strong></span> <span class='ocrx_word' id='word_1_913' title='bbox 3067 4950 3400 5006; x_wconf 87' lang='lat' dir='ltr'><strong>contrarium</strong></span> <span class='ocrx_word' id='word_1_914' title='bbox 3477 4945 3774 5002; x_wconf 68' lang='lat' dir='ltr'><strong>astruant?</strong></span> 
     </span>
    </p>
   </div>
   <div class='ocr_carea' id='block_1_118' title="bbox 2197 4972 2465 5080">
    <p class='ocr_par' dir='ltr' id='par_1_118' title="bbox 2197 4972 2465 5080">
     <span class='ocr_line' id='line_1_118' title="bbox 2197 4972 2465 5079; baseline 0.004 -70"><span class='ocrx_word' id='word_1_915' title='bbox 2197 4972 2361 5079; x_wconf 57' lang='grc' dir='ltr'>ᾗοηθε</span> <span class='ocrx_word' id='word_1_916' title='bbox 2377 4995 2393 5019; x_wconf 86' lang='grc'><strong>,</strong></span> <span class='ocrx_word' id='word_1_917' title='bbox 2458 4974 2465 5004; x_wconf 83' lang='grc'><strong><em>‹</em></strong></span> 
     </span>
     <span class='ocr_line' id='line_1_119' title="bbox 2247 5040 2465 5080; baseline -0.005 -1"><span class='ocrx_word' id='word_1_918' title='bbox 2247 5040 2465 5080; x_wconf 70' lang='grc' dir='ltr'>υετιιτε.</span> 
     </span>
    </p>
   </div>
   <div class='ocr_carea' id='block_1_119' title="bbox 2267 5082 3773 5170">
    <p class='ocr_par' dir='ltr' id='par_1_119' title="bbox 2267 5082 3773 5170">
     <span class='ocr_line' id='line_1_120' title="bbox 2267 5082 3773 5170; baseline -0.003 -22"><span class='ocrx_word' id='word_1_919' title='bbox 2267 5095 2397 5170; x_wconf 37' lang='grc'>(50)-</span> <span class='ocrx_word' id='word_1_920' title='bbox 2423 5092 2542 5170; x_wconf 75' lang='grc' dir='ltr'><strong>Τὴν</strong></span> <span class='ocrx_word' id='word_1_921' title='bbox 2578 5093 2691 5163; x_wconf 84' lang='grc' dir='ltr'>τῆς</span> <span class='ocrx_word' id='word_1_922' title='bbox 2717 5082 3773 5170; x_wconf 54' lang='grc' dir='ltr'>μετενοςωματώσεωςψετξδοδιξξίᾳτ.</span> 
     </span>
    </p>
   </div>
   <div class='ocr_carea' id='block_1_120' title="bbox 2196 5155 3776 5233">
    <p class='ocr_par' dir='ltr' id='par_1_120' title="bbox 2196 5155 3776 5233">
     <span class='ocr_line' id='line_1_121' title="bbox 2196 5155 3776 5233; baseline -0.004 -16"><span class='ocrx_word' id='word_1_923' title='bbox 2196 5155 2337 5231; x_wconf 77' lang='lat' dir='ltr'><strong>Quid</strong></span> <span class='ocrx_word' id='word_1_924' title='bbox 2361 5155 2786 5233; x_wconf 49' lang='lat' dir='ltr'><strong>&#39;his&#39;oppone&#39;nt</strong></span> <span class='ocrx_word' id='word_1_925' title='bbox 2809 5203 2823 5228; x_wconf 96' lang='lat'><strong>,</strong></span> <span class='ocrx_word' id='word_1_926' title='bbox 2856 5163 2950 5232; x_wconf 87' lang='lat' dir='ltr'><strong>qui</strong></span> <span class='ocrx_word' id='word_1_927' title='bbox 2984 5155 3272 5233; x_wconf 76' lang='lat' dir='ltr'><strong>Origenem</strong></span> <span class='ocrx_word' id='word_1_928' title='bbox 3320 5155 3376 5211; x_wconf 86' lang='lat' dir='ltr'><strong>in</strong></span> <span class='ocrx_word' id='word_1_929' title='bbox 3401 5155 3645 5233; x_wconf 74' lang='lat' dir='ltr'><strong>absurda</strong></span> <span class='ocrx_word' id='word_1_930' title='bbox 3685 5157 3776 5211; x_wconf 88' lang='lat' dir='ltr'><strong>illa</strong></span> 
     </span>
    </p>
   </div>
   <div class='ocr_carea' id='block_1_121' title="bbox 2201 5227 3772 5307">
    <p class='ocr_par' dir='ltr' id='par_1_121' title="bbox 2201 5227 3772 5307">
     <span class='ocr_line' id='line_1_122' title="bbox 2201 5227 3772 5307; baseline -0.004 -20"><span class='ocrx_word' id='word_1_931' title='bbox 2201 5227 2744 5307; x_wconf 52' lang='lat' dir='ltr'><strong>ﬂerevowpoidicegog</strong></span> <span class='ocrx_word' id='word_1_932' title='bbox 2775 5227 3041 5307; x_wconf 75' lang='lat' dir='ltr'><strong>sententia</strong></span> <span class='ocrx_word' id='word_1_933' title='bbox 3079 5227 3249 5307; x_wconf 66' lang='lat' dir='ltr'><strong>fuisse</strong></span> <span class='ocrx_word' id='word_1_934' title='bbox 3289 5227 3561 5307; x_wconf 56' lang='lat' dir='ltr'><strong>creditur,</strong></span> <span class='ocrx_word' id='word_1_935' title='bbox 3608 5240 3772 5294; x_wconf 80' lang='lat' dir='ltr'><strong>quant</strong></span> 
     </span>
    </p>
   </div>
   <div class='ocr_carea' id='block_1_122' title="bbox 2198 5294 3776 5376">
    <p class='ocr_par' dir='ltr' id='par_1_122' title="bbox 2198 5294 3776 5376">
     <span class='ocr_line' id='line_1_123' title="bbox 2198 5294 3776 5376; baseline -0.006 -18"><span class='ocrx_word' id='word_1_936' title='bbox 2198 5294 2287 5359; x_wconf 79' lang='lat' dir='ltr'><strong>hic</strong></span> <span class='ocrx_word' id='word_1_937' title='bbox 2316 5314 2370 5360; x_wconf 89' lang='lat' dir='ltr'><strong>et</strong></span> <span class='ocrx_word' id='word_1_938' title='bbox 2414 5294 2553 5376; x_wconf 77' lang='lat' dir='ltr'><strong>infra</strong></span> <span class='ocrx_word' id='word_1_939' title='bbox 2584 5305 2637 5358; x_wconf 90' lang='lat' dir='ltr'><strong>in</strong></span> <span class='ocrx_word' id='word_1_940' title='bbox 2664 5294 2856 5376; x_wconf 77' lang='lat' dir='ltr'><strong>Matth.</strong></span> <span class='ocrx_word' id='word_1_941' title='bbox 2890 5318 2959 5355; x_wconf 79' lang='lat' dir='ltr'><strong>xv</strong></span> <span class='ocrx_word' id='word_1_942' title='bbox 2992 5309 3047 5355; x_wconf 90' lang='lat' dir='ltr'><strong>et</strong></span> <span class='ocrx_word' id='word_1_943' title='bbox 3079 5301 3279 5376; x_wconf 79' lang='lat' dir='ltr'><strong>diserte</strong></span> <span class='ocrx_word' id='word_1_944' title='bbox 3326 5297 3380 5349; x_wconf 90' lang='lat' dir='ltr'><strong>in</strong></span> <span class='ocrx_word' id='word_1_945' title='bbox 3415 5294 3606 5376; x_wconf 73' lang='lat' dir='ltr'><strong>Matth.</strong></span> <span class='ocrx_word' id='word_1_946' title='bbox 3640 5311 3776 5360; x_wconf 81' lang='lat' dir='ltr'><strong>xvu,</strong></span> 
     </span>
    </p>
   </div>
   <div class='ocr_carea' id='block_1_123' title="bbox 2200 5370 3772 5446">
    <p class='ocr_par' dir='ltr' id='par_1_123' title="bbox 2200 5370 3772 5446">
     <span class='ocr_line' id='line_1_124' title="bbox 2200 5370 3772 5446; baseline -0.006 -21"><span class='ocrx_word' id='word_1_947' title='bbox 2200 5376 2362 5429; x_wconf 80' lang='lat' dir='ltr'><strong>Incite</strong></span> <span class='ocrx_word' id='word_1_948' title='bbox 2392 5374 2716 5428; x_wconf 85' lang='lat' dir='ltr'><strong>Marcionem</strong></span> <span class='ocrx_word' id='word_1_949' title='bbox 2744 5375 3061 5446; x_wconf 79' lang='lat' dir='ltr'><strong>hnc_er_rore</strong></span> <span class='ocrx_word' id='word_1_950' title='bbox 3083 5370 3349 5446; x_wconf 80' lang='lat' dir='ltr'><strong>imbutum</strong></span> <span class='ocrx_word' id='word_1_951' title='bbox 3375 5370 3772 5446; x_wconf 62' lang='lat' dir='ltr'><strong>perstringens,</strong></span> 
     </span>
    </p>
   </div>
   <div class='ocr_carea' id='block_1_124' title="bbox 2195 5433 3777 5505">
    <p class='ocr_par' dir='ltr' id='par_1_124' title="bbox 2195 5433 3777 5505">
     <span class='ocr_line' id='line_1_125' title="bbox 2195 5433 3777 5505; baseline -0.007 -8"><span class='ocrx_word' id='word_1_952' title='bbox 2195 5443 2451 5498; x_wconf 80' lang='lat' dir='ltr'><strong>falsitatis</strong></span> <span class='ocrx_word' id='word_1_953' title='bbox 2486 5443 2806 5498; x_wconf 86' lang='lat' dir='ltr'><strong>insimulat?</strong></span> <span class='ocrx_word' id='word_1_954' title='bbox 2842 5441 2945 5495; x_wconf 87' lang='lat' dir='ltr'><strong>Sed</strong></span> <span class='ocrx_word' id='word_1_955' title='bbox 2980 5456 3080 5495; x_wconf 90' lang='lat' dir='ltr'><strong>nos</strong></span> <span class='ocrx_word' id='word_1_956' title='bbox 3115 5439 3228 5491; x_wconf 63' lang='lat' dir='ltr'><strong>haec</strong></span> <span class='ocrx_word' id='word_1_957' title='bbox 3278 5433 3499 5505; x_wconf 89' lang='lat' dir='ltr'><strong>copiose</strong></span> <span class='ocrx_word' id='word_1_958' title='bbox 3546 5434 3602 5488; x_wconf 91' lang='lat' dir='ltr'><strong>in</strong></span> <span class='ocrx_word' id='word_1_959' title='bbox 3628 5433 3777 5490; x_wconf 84' lang='lat' dir='ltr'><strong>Ori-</strong></span> 
     </span>
    </p>
   </div>
   <div class='ocr_carea' id='block_1_125' title="bbox 2198 5509 3676 5588">
    <p class='ocr_par' dir='ltr' id='par_1_125' title="bbox 2198 5509 3676 5588">
     <span class='ocr_line' id='line_1_126' title="bbox 2198 5509 3676 5588; baseline 0.003 -24"><span class='ocrx_word' id='word_1_960' title='bbox 2198 5515 2446 5584; x_wconf 77' lang='lat' dir='ltr'><strong>genianis</strong></span> <span class='ocrx_word' id='word_1_961' title='bbox 2478 5514 2683 5568; x_wconf 86' lang='lat' dir='ltr'><strong>nostris</strong></span> <span class='ocrx_word' id='word_1_962' title='bbox 2706 5509 3362 5588; x_wconf 50' lang='grc' dir='ltr'>νςξιιιὶΙιιιιιιιε.Ἠυετιυξ;.</span> <span class='ocrx_word' id='word_1_963' title='bbox 3387 5577 3398 5588; x_wconf 44' lang='grc'><strong>.</strong></span> <span class='ocrx_word' id='word_1_964' title='bbox 3642 5574 3676 5588; x_wconf 56' lang='grc' dir='ltr'><strong>ν</strong></span> 
     </span>
    </p>
   </div>
   <div class='ocr_carea' id='block_1_126' title="bbox 2268 5573 3775 5657">
    <p class='ocr_par' dir='ltr' id='par_1_126' title="bbox 2268 5573 3775 5657">
     <span class='ocr_line' id='line_1_127' title="bbox 2268 5573 3775 5657; baseline -0.007 -19"><span class='ocrx_word' id='word_1_965' title='bbox 2268 5585 2376 5655; x_wconf 74' lang='grc'><strong>(51)</strong></span> <span class='ocrx_word' id='word_1_966' title='bbox 2421 5585 2540 5657; x_wconf 56' lang='lat' dir='ltr'><strong>&quot;0ft</strong></span> <span class='ocrx_word' id='word_1_967' title='bbox 2566 5580 2875 5657; x_wconf 61' lang='grc' dir='ltr'>προφήτης</span> <span class='ocrx_word' id='word_1_968' title='bbox 2905 5581 2986 5657; x_wconf 80' lang='grc' dir='ltr'>ᾡς</span> <span class='ocrx_word' id='word_1_969' title='bbox 3014 5575 3136 5657; x_wconf 36' lang='grc' dir='ltr'>ιεῖς,</span> <span class='ocrx_word' id='word_1_970' title='bbox 3164 5587 3267 5657; x_wconf 64' lang='grc' dir='ltr'><strong>εις.</strong></span> <span class='ocrx_word' id='word_1_971' title='bbox 3301 5573 3402 5657; x_wconf 69' lang='grc' dir='ltr'><strong>ι]ρί</strong></span> <span class='ocrx_word' id='word_1_972' title='bbox 3432 5575 3521 5630; x_wconf 79' lang='lat' dir='ltr'><strong>alii</strong></span> <span class='ocrx_word' id='word_1_973' title='bbox 3557 5574 3775 5656; x_wconf 68' lang='lat' dir='ltr'><strong>codices</strong></span> 
     </span>
    </p>
   </div>
   <div class='ocr_carea' id='block_1_127' title="bbox 2195 5642 3770 5732">
    <p class='ocr_par' dir='ltr' id='par_1_127' title="bbox 2195 5642 3770 5732">
     <span class='ocr_line' id='line_1_128' title="bbox 2195 5642 3770 5732; baseline -0.008 -24"><span class='ocrx_word' id='word_1_974' title='bbox 2195 5642 2387 5732; x_wconf 50' lang='lat' dir='ltr'><strong>legunt</strong></span> <span class='ocrx_word' id='word_1_975' title='bbox 2418 5669 2432 5705; x_wconf 86' lang='lat'><strong>:</strong></span> <span class='ocrx_word' id='word_1_976' title='bbox 2470 5653 2552 5705; x_wconf 81' lang='grc' dir='ltr'>ὅτι</span> <span class='ocrx_word' id='word_1_977' title='bbox 2598 5642 2883 5732; x_wconf 69' lang='grc' dir='ltr'>προφήτης</span> <span class='ocrx_word' id='word_1_978' title='bbox 2912 5642 3174 5732; x_wconf 49' lang='lat' dir='ltr'><strong>ﬁeri!</strong></span> <span class='ocrx_word' id='word_1_979' title='bbox 3199 5642 3279 5732; x_wconf 57' lang='grc' dir='ltr'>εἷς</span> <span class='ocrx_word' id='word_1_980' title='bbox 3303 5644 3413 5728; x_wconf 57' lang='grc' dir='ltr'><strong>τῶν</strong></span> <span class='ocrx_word' id='word_1_981' title='bbox 3447 5643 3770 5732; x_wconf 30' lang='grc' dir='ltr'>προφητῶν-⁸</span> 
     </span>
    </p>
   </div>
   <div class='ocr_carea' id='block_1_128' title="bbox 2194 5719 3767 5796">
    <p class='ocr_par' dir='ltr' id='par_1_128' title="bbox 2194 5719 3767 5796">
     <span class='ocr_line' id='line_1_129' title="bbox 2194 5719 3767 5796; baseline -0.005 -21"><span class='ocrx_word' id='word_1_982' title='bbox 2194 5719 2286 5796; x_wconf 76' lang='lat' dir='ltr'><strong>alii</strong></span> <span class='ocrx_word' id='word_1_983' title='bbox 2314 5739 2328 5775; x_wconf 91' lang='lat'><strong>:</strong></span> <span class='ocrx_word' id='word_1_984' title='bbox 2360 5724 2442 5776; x_wconf 84' lang='grc' dir='ltr'>ὅτι</span> <span class='ocrx_word' id='word_1_985' title='bbox 2481 5719 2777 5796; x_wconf 77' lang='grc' dir='ltr'>προφήτης</span> <span class='ocrx_word' id='word_1_986' title='bbox 2816 5719 3003 5789; x_wconf 76' lang='grc' dir='ltr'>ἔστὶν,</span> <span class='ocrx_word' id='word_1_987' title='bbox 3035 5720 3069 5791; x_wconf 76' lang='grc' dir='ltr'><strong>ἢ</strong></span> <span class='ocrx_word' id='word_1_988' title='bbox 3100 5719 3177 5785; x_wconf 87' lang='grc' dir='ltr'>ὡς</span> <span class='ocrx_word' id='word_1_989' title='bbox 3201 5719 3281 5781; x_wconf 81' lang='grc' dir='ltr'>εἷς</span> <span class='ocrx_word' id='word_1_990' title='bbox 3320 5719 3428 5770; x_wconf 84' lang='grc' dir='ltr'><strong>τῶν</strong></span> <span class='ocrx_word' id='word_1_991' title='bbox 3455 5719 3767 5790; x_wconf 72' lang='grc' dir='ltr'>προφητῶν.</span> 
     </span>
    </p>
   </div>
   <div class='ocr_carea' id='block_1_129' title="bbox 2195 5793 2455 5851">
    <p class='ocr_par' dir='ltr' id='par_1_129' title="bbox 2195 5793 2455 5851">
     <span class='ocr_line' id='line_1_130' title="bbox 2195 5793 2455 5851; baseline 0.004 -4"><span class='ocrx_word' id='word_1_992' title='bbox 2195 5793 2455 5851; x_wconf 70' lang='grc' dir='ltr'>Ηυετιιιε.</span> 
     </span>
    </p>
   </div>
  </div>
