4094 6290
344 437 447 494 889

1325 437 1680 493 ΕΟΜΜΕΝΤ.
1726 438 1794 492 IN
1833 437 2252 494 MAT'lllrlilIM
2293 438 2528 496 TOMUS
2566 438 2632 492 Χ.

2974 485 3064 531 ἐν.
3492 447 3596 501 89°

347 551 534 605 Ἠλίου
559 550 973 623 προεληλυθέναι
1000 550 1091 604 τὸν
1141 552 1411 624 Ἰωάννην,
1449 572 1467 604 ι
1509 556 1619 618 τοῖς
1649 552 1743 606 νῦν
1775 554 1896 606 ὑπο-

2008 553 2238 608 cessissc
2276 553 2331 607 iu
2372 554 2564 624 spiritu
2597 551 2727 608 Elize
2750 560 2804 606 et
2828 535 3190 638 virtutwvé‘g:
3214 557 3353 614 ratio
3385 569 3438 614 et
3464 576 3598 618 eon-

346 643 644 715 νοουμένοις
690 643 816 714 περὶ
879 643 1129 696 Ἰωάννου
1176 644 1270 697 καὶ
1323 645 1495 714 Ἰησοῦ
1544 645 1648 698 ὑπὸ
1689 644 1912 700 τούτων.

361 736 506 790 Ἐπεὶ
527 735 582 789 δέ
617 733 832 806 πρῶτον
879 734 1178 806 ἐμάθομεν,
1212 734 1292 788 ὅτι
1325 735 1462 806 μετά
1493 736 1583 789 τὸν
1611 733 1916 809 πειρασμὸν

343 826 372 880 6
407 823 586 896 Σωτὴρ
620 821 879 887 ἀκούσας,
911 824 993 876 ὅτι
1029 823 1281 894 Ἰωάννης
1309 825 1610 897 παρεδόθη,
1639 825 1916 898 ἀνεχώρη-

342 928 430 966 σεν
453 914 530 976 είς
553 914 649 978 τὴν
673 913 962 968 Γαλιλαίαν
982 954 998 979 ,
1025 911 1279 985 δεύτερον
1312 914 1388 976 δὲ,
1418 915 1500 968 ὃτι
1528 917 1586 968 ἐν
1607 916 1684 988 τῷ
1712 915 1919 985 δεσμω-

336 1004 504 1074 τηρίῳ
535 1003 838 1074 τυγχάνων,
873 1007 1112 1070 ἀκούσας
1151 1005 1262 1075 (52)
1301 1005 1371 1058 τά
1403 1006 1532 1076 περὶ⁹
1566 1006 1660 1060 τοῦ
1711 1005 1911 1078 Ἰησοῦ,

340 1112 357 1142 ι
386 1093 601 1164 πέμψας
629 1095 723 1148 δύο
750 1097 858 1148 τῶν
890 1096 1146 1169 μαθητῶν
1179 1095 1366 1160 αὐτοῦ,
1405 1091 1560 1152 εἶπεν
1605 1097 1753 1168 αὐτῷ
1777 1115 1790 1128 ·
1838 1098 1911 1150 Σὺ

333 1178 384 1235 εἴ
413 1186 441 1236 6
466 1186 778 1258 ἐρχόμενος,
808 1187 840 1256 ἦ
872 1189 1056 1256 ἕτερον
1089 1189 1505 1260 προσδοκῶμεν;
1551 1209 1568 1242 ι
1611 1191 1703 1242 καὶ
1729 1189 1912 1261 τρίτον

337 1275 690 1341 ἁπαξαπλῶς,
733 1279 814 1330 ὃτι
859 1278 1104 1349 Ἡρώδης
1146 1273 1269 1332 εἷπε
1303 1279 1553 1351 περὶτοῦ
1599 1279 1793 1350 Ἰησοῦ,
1829 1280 1911 1333 ὅτι

337 1382 357 1416 ι
378 1366 548 1430 Αὐτός
573 1369 719 1421 ἐστιν
755 1369 1005 1440 Ἰωάννης
1021 1371 1048 1421 6
1064 1369 1390 1441 Βαπτιστὴς,
1405 1371 1565 1434 αὐτὸς
1581 1370 1784 1442 ἠγέρθη
1803 1369 1911 1424 ἀπὸ

329 1455 439 1506 τῶν
465 1457 696 1528 νεκρῶν,
723 1477 742 1508 ι
779 1459 1074 1530 οὐδαμόθεν
1103 1459 1160 1512 δὲ
1199 1463 1557 1533 προέγνωμεν
1586 1462 1678 1515 τὸν
1707 1463 1907 1532 τρόπον

327 1546 428 1616 τῆς
470 1547 792 1619 ἀναιρέσεως
838 1549 932 1602 τοῦ
991 1551 1330 1604 Βαπτιστοῦ·
1361 1551 1472 1607 διὰι
1495 1551 1652 1606 τοῦτο
1679 1551 1774 1607 νῦν
1813 1553 1908 1605 καὶ

328 1637 486 1690 τοῦτο
514 1639 820 1712 ἀνέγραψεν
848 1644 875 1695 6
901 1643 1197 1708 Mareaiog,
1231 1646 1324 1698 καὶ
1354 1647 1383 1698 6
1417 1645 1641 1717 Μάρκος
1669 1646 1724 1700 δὲ
1758 1647 1906 1720 αὐτῷ

330 1730 724 1802 παραπλησίως
743 1749 756 1761 °
787 1734 815 1786 6
843 1733 899 1786 δέ
925 1736 1139 1799 Λουκᾶς
1163 1735 1234 1790 τὰ
1266 1737 1436 1790 πολλὰ
1464 1739 1563 1809 τῆς
1595 1737 1746 1810 παρά
1777 1737 1905 1791 τού-ι

325 1834 442 1885 τοις
467 1823 886 1897 παρεσιώπησεν
921 1829 1178 1898 ἱστορίας.

401 1997 626 2068 Ἔχειδὲ
661 1999 832 2064 οὕτως
871 2004 904 2074 ὴ
947 2002 1042 2056 τοῦ
1083 2003 1360 2058 Ματθαίου
1405 2005 1580 2072 λέξις·
1633 2026 1650 2058 ι
1699 2007 1756 2061 '0
1792 2006 1902 2080 γάρ

335 2090 600 2162 Ἡρώδης,
648 2094 930 2164 κρατήσας
961 2094 1052 2148 τὸν
1098 2097 1370 2171 Ἰωάννην,
1419 2099 1604 2168 ἔδησεν
1643 2099 1804 2151 αὑτὸν
1841 2101 1900 2154 ἐν

321 2183 387 2252 τῇ
434 2183 673 2255 φυλακῇ.
709 2203 729 2236 ι
763 2185 858 2249 Εἰς
895 2185 1049 2239 ταῦτ’
1080 2183 1174 2242 οὗν
1199 2189 1347 2243 δοκεῖ
1381 2207 1469 2260 μοι
1516 2190 1617 2254 ὅτι,
1651 2189 1840 2261 ὥσπερ
1871 2192 1901 2244 6

320 2273 484 2344 νόμος
513 2276 606 2328 καὶ
636 2277 685 2328 οἱ
731 2279 1006 2349 προφῆται
1036 2279 1195 2350 μέχρι
1239 2281 1508 2345 Ἰωάννου,
1543 2281 1660 2352 μεθ’
1689 2281 1747 2334 ὃν
1780 2282 1902 2354 ἐλη-

321 2364 408 2430 ξεν
441 2366 479 2434 ἡ
516 2369 826 2440 προφητικὴ
859 2370 967 2423 άπὸ
1009 2371 1275 2426 Ἰουδαίων
1304 2373 1462 2444 χάρις
1483 2390 1496 2403 ·
1527 2372 1703 2437 οὕτως
1729 2376 1762 2445 ἡ
1792 2374 1900 2428 τῶν

321 2457 752 2529 βασιλευσάντων
789 2463 894 2533 (55)
935 2465 993 2516 ἐν
1029 2462 1108 2534 τῷ
1148 2463 1262 2536 λαῷ
1313 2465 1551 2531 ἐξουσία,
1606 2467 1767 2538 μέχρι
1801 2467 1895 2520 τοῦ

317 2553 564 2625 ἀναιρεῖν
615 2555 740 2619 τοὺς
780 2554 1168 2629 νομιζομένους
1211 2557 1394 2624 ἀξίους
1441 2559 1669 2612 θανάτου
1718 2560 1900 2623 αὐτοῖς

319 2644 667 2719 ὑπάρχουσα,
695 2648 800 2711 ἕως
853 2648 1102 2703 Ἰωάννου
1142 2647 1231 2722 ἦν,
1267 2651 1361 2704 καὶ
1403 2651 1778 2723 ἀναιρεθέντος
1803 2648 1896 2704 τοῦ

317 2739 626 2792 τελευταίου
652 2740 758 2793 τῶν
783 2743 1076 2812 προφητῶν
1111 2743 1439 2816 παρανόμως
1463 2746 1568 2800 ὑπὸ
1589 2745 1682 2799 τοῦ
1725 2743 1901 2817 Ἦρώ-

317 2828 436 2892 δου,
471 2829 719 2901 ἀφῃρέθη
762 2833 790 2885 6
836 2833 1104 2886 Ἰουδαίων
1135 2833 1386 2904 βασιλεὺς
1412 2835 1511 2904 τῆς
1536 2834 1628 2888 τοῦ
1656 2835 1900 2906 ἀναιρεῖν

318 2921 595 2988 ἐξουσίας·
637 2924 684 2974 εί
715 2922 823 2992 γάρ
851 2923 925 2994 μὴ
965 2923 1212 2994 ἀφῄρητο
1240 2924 1409 2995 αὐτὴν
1437 2926 1466 2977 6
1507 2924 1770 2995 Ἡρώδης,
1798 2927 1900 2980 οὐκ

315 3011 384 3064 ἂν
413 3011 658 3066 ἐδίκασεν
692 3014 720 3065 6
767 3014 996 3076 Πιλάτος
1030 3014 1121 3068 τὸν
1166 3014 1371 3086 Ἰησοῦν
1413 3014 1509 3085 τὴν
1538 3017 1629 3069 ἐπὶ
1660 3016 1896 3087 θανάτῳ,

314 3100 432 3155 ἀλλ’
481 3103 713 3173 ἤρκεσεν
759 3102 826 3156 ἂν
870 3105 951 3167 είς
991 3103 1149 3157 τοῦτο
1193 3104 1438 3176 Ἡρώδης
1479 3106 1622 3177 μετά
1653 3107 1752 3178 τῆς
1788 3107 1899 3161 τῶν

313 3193 616 3265 ἀρχιερέων
647 3193 781 3268 (5i),
811 3197 906 3249 καὶ
928 3196 1311 3269 πρεσϐυτέρων
1344 3196 1442 3251 τοῦ
1473 3198 1602 3252 λαοῦ
1633 3199 1712 3263 είς
1742 3199 1899 3254 τοῦτο

2018 645 2286 700 venientia
2312 661 2436 700 cum
2473 645 2540 700 iis
2576 662 2697 715 qu:c
2727 646 2814 700 isti
2848 648 2916 702 de
2941 631 3241 730 Ιῠῷῖῇξξξεῑ
3279 649 3407 707 Jesu
3434 669 3600 710 exco-

2016 739 2277 808 gitarunt.
2315 737 2762 806 Quandoquidem
2801 749 2979 794 autem
3007 718 3258 822 τριῖίῷἶιηι
3305 743 3598 802 didicimus

2019 832 2387 898 Servatorem,
2420 841 2709 902 postquam
2747 810 3209 903 audivisset-post
3245 839 3595 894 tentationem

2014 923 2278 978 Joannem
2327 939 2448 979 esse
2492 924 2786 988 traditum,
2839 892 3232 1011 secessgs'ésin
3275 926 3592 986 Galilaeam:

2014 1015 2209 1070 deinde
2255 1015 2548 1071 didicimus
2572 1013 2834 1068 Joannem
2885 1003 3221 1092 crtm“'essEt'
3268 1019 3321 1072 in
3355 1035 3594 1088 carcere,

2013 1121 2191 1176 eaque
2219 1106 2462 1162 audisset
2501 1122 2622 1176 qua:
2648 1108 2713 1160 de
2737 1105 2866 1162 Jesu
2895 1096 3218 1162 dicebantur
3250 1109 3315 1176 δ’,
3360 1129 3378 1162 ι
3411 1113 3596 1166 misis-

2014 1206 2205 1266 setque
2233 1197 2370 1252 duos
2411 1197 2478 1252 de
2513 1197 2797 1267 discipulis
2837 1198 2976 1264 suis,
3027 1199 3230 1283 dix'issc
3279 1201 3394 1255 illi:
3433 1210 3488 1256 tu
3534 1217 3596 1257 es
3694 1184 3705 1199 ’

2013 1289 2105 1358 qui
2151 1296 2415 1343 venturus
2453 1304 2544 1352 es,
2597 1303 2665 1341 an
2720 1288 2883 1342 alium
2935 1291 3396 1366 exspectamus?»
3435 1294 3593 1346 tertio

2011 1375 2278 1432 Herodem
2309 1378 2654 1432 solummodo
2683 1378 2889 1434 dixisse
2936 1379 3003 1433 de
3039 1377 3204 1448 Jesu,
3251 1401 3269 1433 ι
3306 1398 3431 1437 eum
3472 1398 3595 1438 esse

2009 1469 2272 1524 Joannem
2304 1469 2619 1539 Baptistam,
2649 1470 2825 1539 ipsum
2849 1472 3154 1527 surrexisse
3174 1489 3204 1526 a
3227 1476 3458 1529 mortuis
3476 1475 3540 1542 ",
3565 1493 3587 1527 ι

2010 1579 2186 1634 neque
2221 1572 2399 1616 tamen
2435 1563 2585 1632 prius
2619 1563 2978 1634 cognovimus
3015 1579 3121 1633 qua
3172 1567 3384 1623 ratione
3425 1568 3592 1622 inter-

2008 1652 2183 1710 fectus
2227 1654 2297 1709 sit
2336 1653 2608 1722 Baptista;
2656 1666 2940 1723 propterea
2991 1670 3138 1710 nunc
3191 1657 3320 1710 illud
3371 1655 3593 1726 scripsit

2005 1745 2312 1810 Matthaaus,
2344 1753 2397 1799 ct
2427 1746 2499 1799 ita
2530 1745 2921 1814 propemodum
2956 1744 3172 1802 Marcus
3199 1765 3212 1800 :
3249 1747 3422 1802 Lucas
3462 1765 3589 1802 vero

2006 1836 2302 1890 maximam
2333 1835 2452 1904 ejus
2478 1851 2600 1905 quze
2629 1835 2771 1906 apud
2802 1837 2926 1891 illos
2969 1847 3053 1892 est
3098 1838 3339 1893 historiae
3381 1849 3588 1909 partem

2003 1925 2369 1994 praetermisit.

2073 2017 2164 2071 21.
2196 2015 2285 2072 Sic
2313 2025 2492 2070 autem
2531 2031 2590 2072 se
2619 2016 2821 2070 habent
2859 2015 3099 2071 Matthazi
3125 2018 3287 2073 verba
3309 2017 3356 2050 “
3382 2036 3396 2072 :
3428 2036 3447 2070 ‹
3483 2015 3591 2074 lle-

2003 2109 2164 2164 rodes
2201 2109 2345 2164 enim
2376 2107 2547 2162 tenuit
2573 2105 2860 2170 Joannem,
2890 2119 2944 2162 et
2969 2109 3210 2179 alligavit
3238 2124 3363 2163 eum
3389 2110 3442 2164 in
3473 2125 3592 2166 car-

2003 2217 2146 2256 cere.
2181 2219 2201 2252 ι
2243 2200 2326 2255 Ad
2373 2199 2425 2255 id
2453 2200 2618 2270 igitur
2665 2201 2878 2255 videtur
2921 2199 3077 2264 mihi,
3127 2201 3587 2269 quemadmodum

2002 2294 2086 2348 lex
2106 2302 2158 2348 et
2173 2293 2446 2363 propheta:
2463 2292 2639 2347 locum
2664 2292 2975 2347 habuerunt
3000 2292 3064 2346 ad
3095 2291 3358 2348 Joannem
3389 2309 3587 2364 usque,

2001 2395 2124 2456 post
2151 2399 2311 2454 quem
2335 2384 2562 2440 recessit
2597 2401 2627 2438 a
2667 2383 2870 2439 Judazis
2916 2384 3231 2454 prophetica
3265 2383 3476 2454 gratia;
3513 2385 3587 2439 ita

2001 2473 2347 2543 regnantium
2390 2473 2444 2526 in
2494 2473 2696 2542 populo
2735 2481 3076 2542 potestatem,
3118 2488 3224 2542 qua
3270 2473 3338 2527 ad
3381 2473 3587 2528 interli-

2001 2563 2223 2619 ciendos
2256 2579 2374 2628 eos,
2416 2564 2510 2632 qui
2554 2572 2729 2618 morte
2773 2563 2920 2634 digni
2972 2562 3370 2633 judicarentur,
3420 2563 3587 2634 pulle-

2001 2656 2154 2721 bant,
2191 2654 2258 2710 ad
2292 2653 2558 2710 Joannem
2611 2669 2785 2724 usque
2834 2669 3254 2724 perseverasse;
3309 2663 3364 2708 et
3393 2665 3586 2724 praeter

2001 2746 2086 2801 fas
2118 2745 2406 2801 interfecto
2440 2745 2510 2800 ab
2558 2743 2772 2799 Herode
2822 2745 3124 2800 novissimo
3170 2746 3582 2818 prophetarum,

1999 2839 2312 2896 Judmorum
2346 2854 2523 2904 regem
2562 2846 2832 2908 potestate
2863 2838 3220 2894 interﬁciendi
3256 2839 3426 2896 fuisse
3470 2842 3584 2912 pri-

2001 2940 2208 2984 vatum.
2239 2929 2352 2984 Nisi
2387 2929 2529 2983 enim
2559 2944 2621 2982 ea
2649 2928 2944 2984 excidisset
2974 2928 3237 2994 Herodes,
3264 2930 3452 2985 Jesum
3489 2948 3584 2987 ca-

1999 3019 2110 3089 pite
2138 3033 2245 3072 non
2275 3016 2590 3073 damnasset
2621 3014 2851 3080 Pilatus,
2881 3017 2974 3070 sed
3008 3017 3142 3072 satis
3184 3019 3250 3073 ad
3295 3018 3346 3073 id
3392 3018 3588 3074 fuisset

2000 3109 2265 3174 Herodes,
2289 3123 2413 3162 cum
2442 3106 2670 3161 consilio
2691 3106 3009 3176 pontilicum
3032 3106 3198 3178 470
3223 3117 3276 3164 et
3303 3111 3584 3169 seniorum

2006 3197 2215 3268 populi.
2249 3194 2314 3250 Et
2364 3203 2516 3260 tunc,
2572 3195 2787 3263 opinor,
2845 3195 3125 3264 impletum
3156 3206 3240 3253 est
3289 3197 3341 3254 id
3377 3199 3522 3269 quod
3551 3215 3583 3256 a

379 3353 429 3389 ⁸⁸
455 3353 588 3410 Luc.
625 3371 681 3424 1,
711 3356 800 3412 l7.
877 3357 920 3390 “
951 3356 1147 3412 Matth.
1184 3374 1269 3424 ιι,
1301 3358 1356 3424 2,
1383 3360 1447 3422 ὃς
1474 3359 1608 3414 Luc.
1638 3363 1743 3427 vn,
1782 3359 1868 3428 l9,

2084 3359 2129 3391 ἰ’
2163 3357 2353 3412 Matth.
2398 3370 2521 3424 xw,
2557 3357 2614 3412 ‘2.
2710 3355 2757 3388 “
2793 3357 2924 3411 ibid.
2956 3357 3010 3411 5.

388 3537 505 3611 (52)
543 3538 662 3592 Ὅτι
705 3537 988 3611 ,Ἰωάννης
1025 3540 1322 3611 παρεδόθη
1344 3581 1359 3606 ,
1389 3542 1777 3611 ἀνεχώρησεν
1803 3544 1892 3609 εὶς

2002 3543 2147 3597 ribus
2175 3539 2377 3611 Christi
2411 3538 2560 3611 ultra
2579 3554 2735 3609 reges
2784 3537 2926 3608 apud
2967 3536 3199 3611 Judaeos
3215 3555 3322 3611 non
3359 3542 3586 3598 exsule-

306 3606 431 3682 τῂν
456 3610 824 3682 Falcidian
853 3606 1224 3682 636tspoir§é
1251 3606 1340 3665 ὅέι
1369 3611 1438 3664 ὲν
1468 3606 1548 3678 ei?»
1577 3606 1892 3682 δεσμωτηέ

301 3677 768 3749 ρίη›]υτχάνων
795 3677 1086 3746 ἀκούσας.
1139 3678 1263 3734 Hac
1286 3697 1408 3749 qua:
1439 3677 1892 3736 desiderabantur

308 3745 373 3821 in
403 3745 715 3821 .Holmiensi
773 3757 828 3802 et
875 3745 1053 3821 Regio
1107 3745 1422 3821 codicibus,
1469 3760 1632 3821 atque
1671 3751 1806 3805 adeo
1837 3751 1890 3805 in

305 3815 794 3891 llugtii‘etlitione,
821 3815 1171 3891 supplentur
1204 3835 1236 3875 e
1268 3815 1566 3887 Vaticano,
1593 3821 1893 3891 Anglicano

316 3895 375 3942 et
403 3886 699 3942 Tariniano
731 3887 891 3943 codd.
919 3886 1058 3944 mss.
1552 3886 1558 3887 ί
1634 3936 1636 3939 .

383 3956 494 4029 (53)
539 3958 739 4024 Οὕτως
762 3956 982 4029 λὴᾲτῶν
1014 3958 1560 4029 βασιλευσάντων,
1604 3968 1709 4015 etc.
1748 3959 1889 4014 Cum

312 4024 627 4099 Judaaorum
661 4024 941 4099 regislhoc
989 4029 1402 4099 locoumeminit
1447 4024 1743 4099 Origenes,
1783 4045 1894 4084 non

313 4095 535 4180 Judaeos
558 4095 774 4180 proprie
805 4097 982 4180 dictos
1014 4097 1298 4180 intellexit,
1313 4099 1438 4180 ‘sed
1487 4095 1772 4164 Galilazos,
1799 4099 1894 4180 qui

311 4163 515 4239 Judzea:
556 4163 673 4222 late
696 4179 930 4239 sumptze
949 4183 1078 4236 pars
1111 4165 1715 4239 erant.7Nonnunquam
1747 4163 1894 4223 enim

315 4233 520 4291 Judaa:
563 4236 784 4291 nomine
812 4233 1038 4291 veniunt
1071 4237 1246 4292 tribus
1275 4233 1599 4293 duodecim}
1636 4254 1894 4293 nonnun-

314 4320 480 4377 quam
504 4308 643 4377 solas
671 4307 846 4377 tribus
865 4304 1021 4362 Judae
1051 4316 1106 4362 et
1132 4305 1437 4377 Benjamin.
1462 4309 1542 4363 lta
1571 4308 1896 4364 Ptolemaeus

313 4375 456 4447 libro
488 4375 784 4447 Geograph.
829 4393 900 4447 ν,
945 4392 1068 4447 cap.
1113 4375 1510 4447 l6,'Juda2am
1557 4378 1894 4442 describens,

314 4445 819 4518 Galilmam’inea,
869 4445 1209 4511 Samariam,
1259 4446 1502 4518 Judagam
1543 4449 1762 4518 proprie
1815 4447 1896 4518 di-

313 4525 459 4587 ctam
481 4557 496 4582 ,
520 4525 574 4572 et
598 4516 902 4587 Aldurnazam
931 4519 1360 4587 comprehendit.
1394 4517 1509 4587 Hoc
1535 4516 1699 4573 sensu
1733 4516 1894 4572 intel-

313 4585 565 4654 ligendus
595 4585 814 4654 Davidis
845 4587 998 4642 locus
1027 4585 1097 4640 τ’(
1129 4585 1302 4643 Notus
1337 4588 1390 4642 in
1428 4586 1615 4643 Judaaa
1649 4587 1833 4653 Deus;
1869 4606 1890 4640 ι

314 4653 375 4709 et
398 4655 488 4726 ille
519 4672 532 4708 :
570 4673 589 4706 ι
615 4653 780 4708 Facta
809 4665 893 4709 est
932 4655 1117 4711 Judaea
1169 4657 1528 4712 sanctificatio
1567 4657 1707 4726 ejus.
1739 4677 1758 4709 ι
1797 4655 1898 4712 Mi-

314 4723 554 4799 randum
596 4738 762 4799 porro
786 4728 876 4799 est
918 4728 1198 4783 censuisse
1226 4728 1512 4799 Origenem
1552 4723 1756 4782 nullam
1787 4743 1899 4782 am-

322 4795 467 4861 plius
497 4792 720 4868 Herodi,
752 4794 981 4868 ejusque
1023 4792 1434 4854 successoribus
1459 4797 1628 4868 fuisse
1656 4806 1897 4868 potesta-

1994 3621 2144 3669 runt.
2178 3629 2197 3663 ›
2251 3609 2386 3664 Nam
2435 3607 2678 3681 Agrippa
2724 3607 2952 3681 regnum
3002 3607 3233 3681 Herodis
3287 3610 3344 3664 in
3393 3623 3576 3681 partes

1995 3691 2298 3750 sectumex
2331 3694 2454 3750 asse
2485 3676 2744 3750 pos—sedit.
2769 3676 2889 3750 Quo
2913 3688 3126 3750 mortuo
3161 3676 3339 3750 Syria;
3365 3676 3578 3749 a'djecta

1993 3761 2080 3805 est
2121 3749 2329 3804 Judaaa.
2374 3747 2530 3814 Quod
2576 3757 2756 3818 autem
2786 3747 2950 3801 habet
2983 3748 3076 3802 lib.
3117 3764 3169 3800 IV
3204 3747 3258 3802 in
3301 3747 3471 3818 Epist.
3511 3751 3580 3805 ad

1995 3819 2316 3875 Romanos:
2355 3837 2374 3870 ‹
2401 3819 2598 3872 Annon
2629 3817 2754 3884 jure
2782 3818 2983 3872 dicitur
3021 3818 3073 3870 in
3108 3818 3209 3872 hac
3243 3830 3396 3886 parte
3430 3835 3582 3875 mor-

1997 3901 2124 3944 tuus
2153 3904 2334 3945 sermo
2365 3888 2533 3958 legis,
2563 3889 2652 3958 _cui
2678 3887 2836 3958 nulla
2883 3886 3185 3958 sacriﬁcia,
3231 3888 3441 3942 nullum
3491 3905 3580 3944 sa-

1997 3959 2297 4014 cerdotium
2323 3999 2338 4024 ,
2384 3956 2530 4012 nulla
2563 3956 2787 4011 Levitici
2831 3958 3039 4012 ordinis
3073 3956 3397 4012 deferuntur
3425 3959 3583 4013 mini-

1997 4030 2202 4084 steria?
2231 4028 2568 4082 Homicidam
2603 4027 2797 4096 punire
2842 4041 2948 4080 non
2996 4034 3208 4096 potest,
3235 4042 3335 4082 nec
3364 4029 3579 4084 adulte-

1997 4115 2118 4154 rum
2154 4098 2394 4168 lapidare
2423 4113 2436 4149 :
2472 4097 2587 4168 haec
2618 4097 2767 4168 enim
2798 4096 2902 4150 sibi
2929 4097 3169 4168 vindicat
3201 4097 3576 4152 Romanorum

1996 4165 2277 4238 potestas;
2318 4176 2372 4220 et
2407 4167 2862 4238 Adubitasiadhuc
2906 4165 2953 4220 si
3001 4175 3214 4220 mortua
3267 4168 3357 4238 sit
3387 4169 3579 4223 litteras

1997 4235 2122 4292 lex?
2149 4256 2166 4288 ι
2203 4237 2256 4292 ld
2285 4236 2516 4306 pertinet
2541 4237 2609 4289 ad
2642 4236 2888 4305 Origenis
2919 4244 3155 4298 aetatem,
3190 4235 3452 4306 quahjam
3500 4253 3580 4292 re-

1997 4308 2083 4377 gia
2118 4304 2395 4377 potestas,
2430 4306 2658 4375 ejusque
2684 4304 2970 4377 potestatis
2991 4306 3188 4377 imago
3208 4304 3270 4376 in
3300 4304 3577 4363 Remanos

1999 4374 2312 4431 transierat.
2334 4374 2719 4444 Quo’tempore
2739 4375 3005 4444 quidquid
3026 4374 3339 4430 Judieorum
3363 4377 3581 4432 ethnar-

1998 4448 2114 4502 clla:
2145 4455 2417 4515 peterant,
2448 4445 2663 4500 Caesare
2691 4445 3030 4516 gratiﬁcante
3077 4447 3462 4516 impetrabant,
3493 4449 3576 4503 vel

1997 4517 2119 4586 ipso
2146 4513 2530 4586 dissimulante
2568 4517 2929 4586 attentabant.
2963 4513 3225 4586 Origenes
3264 4519 3332 4570 ad
3362 4517 3577 4572 Africa-

1998 4584 2128 4642 num
2156 4602 2170 4638 :
2205 4585 2320 4640 Νῦν
2357 4585 2488 4654 γοῦν
2520 4585 2809 4655 Ῥωμαίων
2851 4584 3274 4655 βασιλευόντων,
3306 4587 3402 4640 καὶ
3451 4587 3579 4640 Ἰου·

1996 4655 2159 4727 δαίων
2211 4655 2271 4708 τὸ
2313 4655 2582 4727 δίδραχμα
2623 4654 2806 4727 αὐτοῖς
2852 4654 3177 4727 τελούντων,
3227 4658 3327 4710 ὅσα
3373 4674 3579 4727 συγχω-

2000 4725 2238 4808 ροῦντοὶ
2252 4725 2530 4808 Καίσαρος
2563 4726 2591 4777 6
2624 4726 2901 4808 ἐθνάρχης
2935 4727 3065 4797 παρ’
3098 4726 3282 4808 αὑτρῖς
3313 4725 3572 4808 δύναται,

1997 4794 2071 4860 ὦς
2117 4796 2281 4867 μηδὲν
2308 4794 2584 4868 διαφέρειν
2623 4794 2998 4868 βασιλεύοντος
3020 4794 3133 4868 ’τοῦ
3162 4794 3348 4868 ἔθνους
3366 4837 3381 4862 ,
3411 4797 3575 4868 ίσμεν

314 4872 421 4918 tem
471 4863 934 4938 animadvertendi
969 4866 1021 4938 in
1051 4883 1211 4933 reos;
1244 4885 1366 4923 nam
1404 4869 1470 4923 ad
1501 4863 1769 4924 Herodem
1801 4865 1891 4923 Je-

2002 4868 2044 4921 oi.
2073 4863 2496 4938 πεπειραμένοιό
2522 4863 2729 4938 γίνεται
2753 4864 2823 4938 δὲΔ
2844 4866 2957 4938 καί
2974 4865 3234 4938 κριτήρια
3273 4863 3574 4938 λεληθότως

320 4945 436 4986 eum
465 4933 614 4988 misit
653 4931 886 5008 Pilatus,
911 4935 1004 5003 qui
1035 4931 1226 5008 capitis
1251 4953 1476 4993 causam
1506 4954 1688 4995 coram
1715 4953 1780 4993 eo
1803 4938 1888 4994 di-

2002 4936 2138 5008 κατά
2163 4931 2254 4990 τὸν
2292 4931 2490 5008 νόμον,
2526 4931 3298 5008 καὶλκαταδικάζονταίξτινες
3339 4931 3438 5008 τῆν
3460 4931 3574 5008 ἐπὶ

314 5013 488 5078 ceret,
516 5013 808 5078 postquam
865 5006 1009 5078 hunc
1042 5003 1318 5078 Galilaeam
1348 5024 1503 5074 esse,
1547 5009 1616 5063 ad
1659 5009 1887 5078 ejusque

314 5073 574 5148 ditionem
592 5074 929 5148 _pertinere_
969 5074 1290 5148 intellegit,
1321 5087 1380 5132 ut
1424 5073 1506 5131 est
1549 5073 1703 5148 apud~
1749 5073 1882 5134 Luc.

312 5155 472 5203 mu,
501 5143 552 5197 7.
590 5144 656 5197 Et
703 5144 772 5197 ab
804 5158 870 5196 eo
899 5143 1212 5198 damnando
1244 5145 1364 5200 ideo
1395 5163 1452 5201 se
1481 5143 1688 5202 tantum
1716 5149 1888 5202 absti-

313 5215 432 5287 n‘uit
478 5212 756 5287 Herodes,
801 5223 858 5287 et
901 5215 968 5267 ad
1011 5212 1512 5287 Pilatumremisit,
1543 5219 1624 5273 vel
1653 5234 1762 5287 quo
1788 5233 1887 5286 par

311 5283 430 5349 ejus
464 5283 706 5338 comitati
735 5282 980 5346 referret,
1005 5284 1264 5352 velquod
1306 5287 1574 5340 insontem
1604 5282 1884 5341 Christum

285 5354 598 5424 _reperiret.
622 5353 857 5421 Agrippa
884 5354 1071 5424 etiam,
1097 5351 1327 5424 Herodis
1348 5356 1556 5424 Antipze
1573 5373 1880 5423 successor,

311 5421 541 5489 ejusque
577 5420 759 5477 fratris
795 5420 968 5486 lilius,
999 5421 1263 5478 Jacobum
1296 5420 1540 5479 Zebedéei
1594 5427 1761 5480 lilium
1799 5420 1890 5481 ca-

313 5495 422 5564 pite
452 5493 769 5564 plexuit,_ut
799 5493 953 5548 docet
986 5495 1127 5548 idem
1163 5492 1297 5548 Luc.
1321 5499 1439 5564 Act.
1474 5512 1571 5560 xu,
1596 5497 1649 5550 2.
1674 5495 1884 5564 Integra

312 5559 481 5624 igitur
515 5560 612 5634 fuit
649 5561 754 5634 illis
787 5573 839 5616 et
872 5564 1032 5632 plane
1072 5565 1216 5634 regia
1249 5573 1374 5634 post
1397 5559 1623 5620 Joannis
1655 5559 1882 5620 mortem

311 5643 453 5704 reos
482 5630 737 5704 prmiendi
785 5630 1044 5704 pot—cstas.
1098 5630 1278 5689 Nihilo
1324 5638 1494 5704 magis
1529 5652 1712 5690 verum
1763 5646 1882 5703 est,

313 5701 457 5767 quod
489 5701 594 5772 lib._
625 5714 684 5772 tv
703 5702 846 5772 Περὶ
877 5702 1097 5772 ἀρχῶν,
1132 5720 1252 5772 cap.
1289 5705 1338 5768 l,
1363 5701 1582 5759 disserit
1607 5701 1881 5758 Adaman4

318 5773 462 5824 tius:
498 5769 986 5844 «‘Manifeslissime
1014 5769 1260 5844 enimex
1306 5777 1422 5843 ipsa
1456 5775 1677 5830 historia
1714 5791 1881 5844 appa-

313 5850 396 5896 ret
426 5854 494 5894 ex
528 5839 616 5894 his
640 5855 763 5912 quae
799 5840 959 5896 hodie
996 5839 1380 5913 pcrvidenlur,
1415 5845 1542 5915 quia
1575 5862 1638 5900 ex
1673 5839 1880 5915 tempo-

1995 5007 2210 5080 θανάτῳ
2229 5047 2244 5071 ,
2261 5003 2421 5080 *οὕτεῌ
2433 5006 2575 5080 μετά
2597 5004 2695 5080 τῆς
2724 5004 2907 5080 πάντη
2928 5003 3195 5080 είςῇτοῦτο
3227 5003 3539 5080 παρρησίας
3554 5047 3570 5071 ,

1995 5021 2210 5077 υανατῳ
2229 5047 2244 5071 ,
2278 5021 2400 5060 ουτε
2433 5021 2571 5078 μετα
2597 5021 2695 5074 της
2724 5021 2863 5057 παντ
2928 5021 3006 5068 εις
3038 5021 3195 5058 τουτο
3227 5021 3570 5080 παρρησιας,

1991 5076 2114 5130 οῦτε
2149 5077 2286 5146 μετὰ
2332 5076 2424 5129 τοῦ
2453 5074 2734 5146 λανθάνειν
2766 5021 3261 5146 τδνγβασιλεύοντα·
3298 5077 3574 5131 καὶτοῦτο

1993 5150 2052 5201 ἐν
2086 5143 2167 5219 τῇΔ
2186 5147 2342 5218 χώρᾳ
2383 5146 2478 5200 τοῦ
2527 5144 2713 5219 ἔθνους
2748 5143 2917 5198 πολὺν
2959 5145 3338 5219 διατρίψαντες
3381 5147 3572 5219 χρόνον

1995 5215 2415 5289 μεμᾱθῆκάμενν
2457 5215 2550 5289 aui
2587 5215 3144 5289 πεπληροφορήμεθαο
3180 5215 3444 5289 "timuii-

2087 5288 2177 5356 54)
2204 5285 2378 5342 ’Μετὰ
2405 5287 2516 5354 τῆς
2539 5285 2660 5339 τῶν
2688 5285 3030 5354 ἀρχιερέων,
3048 5296 3170 5356 _etc.
3223 5285 3375 5356 Licet
3398 5285 3571 5356 Syne-
3630 5295 3632 5298 '

1990 5353 2095 5413 dri'i
2125 5353 2448 5427 potestatem
2469 5353 2638 5410 valde
2682 5353 3015 5427 inlirmassct
3047 5353 3288 5427 Herodes
3319 5353 3570 5427 Magnus,

1991 5425 2174 5504 aliqua
2212 5438 2392 5482 tamen
2425 5427 2669 5495 pristinae
2702 5426 2849 5480 illius
2876 5426 3218 5480 auctoritatis
3243 5435 3297 5504 et
3332 5425 3568 5504 dignita-

1993 5499 2062 5553 tis
2091 5494 2290 5567 imago
2325 5494 2611 5566 supererat
2655 5514 2670 5550 :
2714 5508 3118 5567 proptereaque
3160 5494 3570 5567 tantijnoniinis
3633 5498 3650 5555 τῇ

1989 5583 2141 5622 reum
2170 5563 2543 5636 Je'rosolj'mae,
2571 5569 2673 5620 hoc
2699 5563 2783 5620 est
2809 5563 2861 5619 in
2890 5563 3060 5633 ipsius
3082 5563 3335 5636 rSynedrii
3361 5564 3570 5636 ditione
3631 5567 3635 5572 “

1987 5653 2095 5691 non
2132 5635 2448 5691 damnasset
2506 5636 2778 5700 Herodes,
2829 5636 2975 5688 illius
3017 5635 3270 5700 injussu,
3297 5635 3380 5687 vel
3419 5642 3569 5687 certe

1985 5707 2080 5760 illo
2121 5708 2474 5768 adversante,
2511 5707 2600 5763 cui
2645 5714 2853 5759 tantum
2885 5704 3159 5759 tribuebat
3185 5704 3301 5773 ipse
3335 5703 3566 5766 Pilatus,

1985 5787 2045 5852 ut
2087 5776 2289 5830 Christi
2333 5791 2556 5852 causam
2605 5776 2704 5847 ipsi
2764 5774 3146 5847 disputandam
3191 5775 3543 5852 relinqueret.

1982 5845 2138 5902 Joan.
2167 5861 2323 5916 mu,
2351 5847 2438 5900 3|.
2470 5849 2548 5902 lu.
