4094 6290
308 337 409 390 807

1300 333 1657 388 COMMENT.
1702 331 1766 387 IN
1809 329 2222 388 ΜΑΤΤΙῘᾸΞΠΜ
2267 331 2502 390 TOMUS
2538 333 2604 387 Χ.

3462 336 3568 392 898

307 457 432 513 δοῦν
469 457 663 530 ὅρκους
704 455 795 509 ἐπὶ
824 454 1138 526 παρανομία
1172 456 1653 525 παραληφθέντας,
1689 455 1882 524 λέγων,

1991 466 2118 506 cens
2149 465 2258 505 non
2288 467 2408 506 esse
2434 462 2859 508 consentaneum
2903 462 2961 508 ut
3005 453 3212 524 quaevis
3252 453 3566 523 iuramenta

309 549 392 604 δτι
451 551 512 605 ού
560 550 709 602 πᾶσα
758 550 988 620 τήρησις
1038 548 1218 618 ὅρκων
1255 547 1386 599 -ἐστὶ
1432 546 1766 618 καθήκουσα,
1818 547 1894 611 ὡς

275 643 435 712 ἰοὺδὲ
485 640 580 694 τοῦ
641 637 900 710 Ἡρώδου.
960 640 1081 692 Ἔτι
1135 639 1191 692 δὲ
1223 639 1480 710 πρόσχες,
1521 639 1604 692 ὅτι
1642 639 1702 692 οὐ
1755 639 1892 709 μετὰ

281 713 641 806 )παῤῥησίας,
669 730 804 784 ἀλλὰ
841 730 1025 802 κρύφα
1067 732 1160 784 καὶ
1191 732 1248 784 ἐν
1287 731 1501 801 φυλακῇ
1547 730 1760 801 φονεύει
1801 730 1892 784 τὸν

315 732 641 806 παρρησίας,
669 730 804 784 ἀλλὰ
841 730 1025 802 κρύφα
1067 732 1160 784 καὶ
1191 732 1248 784 ἐν
1287 731 1501 801 φυλακῇ
1547 730 1760 801 φονεύει
1801 730 1891 784 τὸν

263 729 574 968 ΙἸωάννην
605 825 634 876 ό
675 821 938 894 Ἡρώδης.
981 823 1089 876 Καὶ
1128 821 1236 894 γὰρ
1279 823 1341 875 οὐ
1393 821 1533 893 μετά
1578 822 1891 894 stupenda;

313 915 553 968 ἀρνεῖται
593 915 620 968 ό
652 913 746 968 νῦν
795 913 1065 967 Ἰουδαίων
1095 913 1250 968 λόγος
1282 911 1382 968 τὰς
1411 915 1767 968 προφητείας.
1803 914 1891 967 δυ-

255 911 299 970 .)
313 915 553 987 ἀρνεῖται
593 915 620 968 ό
652 913 746 968 νῦν
795 913 1065 967 Ἰουδαίων
1095 913 1250 981 λόγος
1282 911 1382 976 τὰς
1411 915 1767 984 προφητείας,
1803 914 1892 967 δυ-

302 1006 470 1075 νάμει
512 1004 570 1058 δὲ
611 1003 724 1075 (47)
759 1005 851 1057 καὶ
890 1005 949 1056 ἐν
999 1002 1226 1074 κρυπτῷ
1267 1003 1436 1066 αὐτὰς
1485 1005 1748 1075 ἀρνεῖται,
1797 1005 1891 1058 καὶ

308 1095 590 1166 ἐλέγχεται
623 1097 812 1162 αὐταῖς
834 1095 1097 1150 ἀπιστῶν.
1127 1097 1336 1168 Ὠσπερ
1361 1096 1489 1170 γὰρ,
1521 1100 1570 1151 εί
1607 1099 1889 1151 ἐπίστευον

286 1187 540 1260 ’Μωῦσῇ,
589 1187 668 1258 τῷ
712 1188 888 1259 Ἰησοῦ
927 1187 1256 1243 ἐπίστευσαν
1304 1188 1391 1242 ἄν·
1437 1188 1628 1254 οὕτως,
1678 1191 1725 1243 εί
1773 1192 1890 1244 ἐπί-

309 1293 500 1336 στευον
532 1280 646 1342 τοῖς
685 1279 1023 1355 προφήταις,
1070 1279 1413 1350 προσήκαντο
1445 1279 1509 1334 ἂν
1540 1280 1631 1334 τὸν
1674 1299 1888 1352 προφη-

306 1370 620 1441 τευόμενον.
683 1369 1065 1433 Ἀπιστοῦντες
1109 1369 1165 1422 δὲ
1211 1370 1406 1441 τούτῳ,
1457 1372 1732 1436 κάκείνοις
1764 1373 1890 1426 ἀπι-

311 1461 518 1526 στοῦσι,
559 1462 650 1515 καὶ
680 1460 1071 1531 ἀποτέμνουσιν
1116 1461 1174 1512 ἐν
1199 1460 1410 1531 φυλακῇ
1440 1461 1889 1527 κατακλείσαντες

307 1549 406 1604 τὸν
441 1549 596 1618 λόγον
627 1549 716 1604 τὸν
750 1550 1103 1621 προφητικὸν,
1132 1550 1227 1603 καὶ
1249 1550 1460 1621 ἔχουσιν
1488 1551 1648 1606 αὑτὸν
1674 1554 1884 1624 νεκρὸν,

309 1642 407 1694 καὶ
439 1640 794 1712 διαιρεθέντα,
828 1641 922 1693 καὶ
953 1641 1203 1712 μηδαμοῦ
1235 1641 1384 1710 ὑγιᾶ,
1417 1643 1538 1697 ἐπεὶ
1572 1643 1646 1715 μὴ
1679 1644 1888 1698 νοοῦσιν

309 1732 497 1786 αὐτόν.
540 1733 676 1784 Ἀλλ’
717 1734 880 1803 ἡμεῖς
929 1731 1219 1803 ὀλόκληρον
1265 1732 1458 1804 ἔχομεν
1508 1735 1599 1788 τὸν
1658 1736 1884 1807 Ἰησοῦν,

310 1823 695 1894 πληρωθείσης
719 1823 820 1892 τῆς
858 1823 984 1894 περὶ
1016 1822 1180 1876 αὐτοῦ
1219 1823 1483 1896 λεγούσης
1515 1828 1853 1898 προφητείας
1873 1845 1884 1858 ·

307 1932 337 1966 4
381 1913 604 1968 Ὀστοῦν
632 1915 690 1968 οὐ
727 1913 1157 1984 συντριϐήσεται,
1199 1933 1218 1966 ι

381 2006 444 2059 Ol
475 2005 713 2076 μαθηταὶ
756 2005 813 2059 δέ
855 2005 1098 2069 ἐλθόντες
1139 2004 1234 2059 τοῦ
1296 2007 1542 2060 Ἰωάννου
1597 2007 1890 2064 θάπτουσιν

301 2095 474 2149 αὖτοῦ
513 2095 572 2149 τὸ
608 2095 878 2164 λείψανον,
937 2115 956 2146 ι
998 2095 1092 2148 καὶ
1141 2095 1388 2159 ἐλθόντες
1431 2097 1772 2169 ἀπήγγειλαν
1813 2099 1891 2170 τῷ

319 2187 518 2258 Ἰησοῦ.
569 2207 587 2238 ι
656 2187 714 2240 '0
757 2187 812 2240 δὲ
855 2185 1203 2258 ἀνεχώρησεν
1254 2189 1335 2250 είς
1375 2187 1579 2258 ἔρημον
1613 2189 1796 2256 τόπον,
1823 2190 1892 2244 τὰ

299 2278 436 2351 ἔθνη
480 2278 610 2350 (48)·
663 2278 759 2332 καὶ
814 2277 950 2350 μετὰ
986 2278 1084 2349 τὴν
1123 2277 1232 2332 τῶν
1280 2279 1574 2352 προφητῶν
1613 2281 1892 2353 ἀναίρεσιν

307 2369 455 2440 δχλοι
489 2367 637 2439 αύτῷ
670 2367 1036 2439 ἠκολούθησαν
1065 2368 1174 2422 ἀπὸ
1213 2368 1320 2421 τῶν
1354 2370 1630 2440 πανταχοῦ
1663 2371 1888 2439 πόλεων,

309 2463 494 2515 ὅντινα
526 2462 690 2516 πολὺν
741 2462 869 2514 ὄντα
916 2461 1266 2532 θεασάμενος,
1308 2461 1735 2533 ἐσπλαγχνίσθη,
1797 2466 1891 2519 καὶ

310 2552 646 2627 ἐθεράπευσε
675 2556 800 2618 τοὺς
841 2553 1155 2626 ἀρρώστους
1199 2555 1399 2620 αὐτῶν,
1441 2557 1535 2608 καὶ
1571 2557 1709 2626 μετά
1738 2557 1894 2612 τοῦτο

309 2648 503 2718 τρέφει
545 2650 656 2710 τοῖς
702 2647 1037 2718 εὖλογηθεῖσι
1087 2648 1182 2700 καὶ
1225 2647 1580 2700 πλεονάσασιν
1613 2647 1672 2712 ἐξ
1695 2645 1893 2718 ὀλίγων

301 2735 493 2804 ἄρτων
528 2737 654 2798 τοὺς
695 2735 1165 2808 ἀκολουθήσαντας
1196 2735 1364 2806 αὐτῷ.
1407 2755 1425 2788 ι
1473 2737 1736 2801 Ἀκούσας
1775 2739 1831 2792 δὲ
1865 2742 1894 2792 ὀ

317 2825 534 2895 ’Ἰησοῦς
559 2825 901 2897 ἀνεχώρησεν
934 2829 991 2880 ἐν
1019 2826 1186 2897 πλοίῳ
1217 2826 1425 2880 ἐκεῖθεν
1453 2830 1533 2892 είς
1565 2829 1768 2900 ἔρημον
1803 2831 1894 2883 τό-

304 2933 418 2970 στον
448 2920 566 2970 κατ’
607 2918 760 2972 ἰδίαν.
800 2939 816 2970 ι
854 2918 925 2972 Th
968 2919 1067 2990 μὲν
1102 2919 1260 2990 ῥητὸν
1304 2919 1542 2974 διδάσκει
1584 2921 1697 2993 (49)
1745 2923 1894 2993 ἡμᾶς

301 3009 414 3078 ὗση
439 3009 664 3080 δύναμις
697 3012 804 3066 ἀπὸ
835 3013 942 3066 τῶν
971 3012 1292 3075 διωκόντων,
1321 3011 1414 3064 καὶ
1448 3012 1547 3082 τῆς
1568 3013 1893 3084 προσδοκίας

299 3095 406 3149 τοῦ
435 3096 521 3149 διὰ
550 3098 656 3152 τῶν
687 3099 858 3168 λόγων
891 3100 1351 3170 ἐπιϐουλεύεσθαι,
1388 3106 1707 3176 ἀναχωρείνο
1739 3104 1895 3159 τοῦτο

315 3187 416 3257 μὲν
438 3189 546 3261 γὰρ
574 3191 715 3243 κατὰ
756 3191 1064 3261 εὐλόγιστον
1094 3194 1290 3261 γένοιτ’
1325 3196 1412 3250 ἄν’
1453 3195 1542 3249 τὸν
1567 3195 1624 3249 δὲ
1657 3196 1891 3268 δυνάμε-
1922 3182 1961 3236 C

305 3294 404 3330 νον
433 3277 541 3344 ἔξω
563 3274 702 3333 εἶναι
727 3279 834 3334 τῶν
867 3282 1265 3353 περιστατικῶν
1289 3284 1454 3355 ὁμόσε
1481 3289 1678 3357 χωρεῖν
1711 3287 1890 3350 αὐτοῖς

311 3372 585 3444 προπετές
618 3373 737 3425 ἐστι
765 3375 860 3427 καὶ
887 3373 1081 3447 θρασύ.
1129 3378 1221 3442 Τίς
1265 3379 1322 3432 δέ
1361 3379 1440 3433 ἔτι
1479 3378 1778 3450 ἁμφιϐἀλοι
1823 3378 1890 3432 ἂν

311 3467 442 3538 mp‘t
487 3464 580 3518 τοῦ
626 3465 891 3521 ἐκκλίνειν
936 3467 1006 3521 τὰ
1043 3469 1288 3536 τοιαῦτα,
1339 3472 1399 3524 οὐ
1447 3473 1604 3542 μόνον
1659 3472 1750 3524 ἐπὶ
1779 3475 1890 3536 τοῖς

309 3557 458 3611 κατὰ
491 3557 580 3612 τὸν
627 3559 877 3633 Ἰωάννην
906 3561 1001 3614 τοῦ
1037 3561 1211 3635 Ἰησοῦ
1237 3565 1710 3636 ἀναχωρήσαντος,
1754 3564 1889 3618 ἀλλά

311 3651 413 3704 καὶ
437 3650 791 3716 διδάσκοντος,
820 3653 914 3707 καὶ
947 3653 1213 3722 λέγοντος
1247 3673 1264 3707 ι
1305 3655 1430 3709 Ἐὰν
1456 3655 1723 3711 διώκωσιν
1747 3658 1890 3728 ὑμᾶς

306 3744 374 3797 ἐν
405 3747 470 3815 τῇ
503 3742 652 3798 πόλει
677 3745 869 3819 ταύτῃ,
903 3747 1130 3815 φεύγετε
1167 3749 1247 3810 είς
1277 3747 1376 3818 τὴν
1403 3748 1614 3819 ἐτέραν.
1649 3767 1668 3800 t
1703 3748 1892 3802 Ἐπελ-

310 3835 476 3889 θύσω
513 3837 610 3908 μὲν
653 3834 746 3892 οὖν
793 3839 853 3891 ού
903 3841 1032 3910 παρ’
1075 3841 1221 3909 ἡμᾶς
1255 3841 1558 3910 πειρασμὸν
1595 3841 1890 3909 ἀναγκαῖον

313 3929 608 3999 ὒπομένειν
640 3930 874 3999 εὐγενῶς
896 3930 1016 3986 λίαν
1048 3931 1142 3985 καὶ
1164 3930 1596 4003 τεθαρρηκότως
1633 3933 1807 4004 παρὸν
1832 3932 1889 3985 δὲ

311 4021 602 4088 ἐκκλίνειν,
622 4022 778 4076 τοῦτο
810 4023 884 4096 μὴ
924 4028 1093 4077 ποιεῖν
1122 4023 1413 4097 τολμηρόν.
1464 4025 1616 4078 Ἐπεὶ
1656 4025 1712 4079 δὲ
1753 4025 1890 4096 μετά

310 4114 377 4166 τὸ
417 4115 573 4186 ρητδν
619 4116 713 4169 καὶ
754 4116 895 4172 κατά
923 4116 1214 4188 ἀναγωγὴν
1249 4117 1340 4170 τὸν
1366 4117 1529 4171 τόπον
1555 4117 1894 4184 ἐξεταστέον,

312 4206 553 4278 λεκτέον,
597 4211 680 4265 ὅτι
723 4209 1196 4282 ἐπιϐουλευθείσης
1252 4207 1432 4280 παράλ
1473 4208 1746 4273 Ἰουδαίοις
1789 4210 1888 4279 τῆς

1996 551 2294 614 serventur,
2335 545 2662 613 quemadmo
2682 547 2790 599 ‘utn
2816 561 2913 600 nec
2938 545 3025 599 illa
3054 543 3304 601 Herodis.
3333 545 3568 600 Adverte

1993 633 2216 706 insuper
2257 650 2365 690 non
2411 637 2588 706 palam
2630 647 2688 691 et
2727 638 3086 704 conﬁdenter,
3114 639 3207 693 sed
3237 638 3376 694 clam
3423 647 3477 693 et
3512 639 3567 692 in

1985 742 2212 785 carcere
2255 727 2523 785 Herodem
2579 731 2883 785 interficere
2925 729 3215 785 Joannem.
3263 728 3373 784 Nec
3420 729 3567 784 enim

1989 827 2176 888 aperte
2205 819 2502 874 hodiernus
2547 818 2858 875 Iudaeorum
2907 836 3087 875 sermo
3115 819 3426 890 prophetias
3482 833 3569 873 re-

1990 912 2160 980 spuit,
2189 911 2396 981 respuit
2425 920 2602 964 autem
2636 928 2842 978 revera,
2872 922 2927 968 et
2950 913 3114 978 clam,
3141 911 3319 981 iisque
3344 911 3570 965 minime

1991 1004 2150 1057 fidem
2167 1004 2369 1059 habere
2383 1006 2650 1075 arguitur.
2666 1004 3139 1071 Quemadmodum
3163 1004 3307 1059 enim
3333 1004 3377 1059 si
3396 1001 3568 1075 Moysi

1990 1095 2372 1159 credidissent,
2399 1094 2528 1150 Jesu
2560 1097 2919 1152 credidissent
2949 1096 3028 1162 ";
3077 1096 3151 1150 ita
3193 1095 3238 1150 si
3287 1094 3571 1164 prophetis

1989 1186 2372 1250 credidissent,
2418 1203 2540 1242 eum
2588 1189 2920 1257 recepissent
2968 1187 3062 1258 qui
3108 1186 3283 1242 fuerat
3314 1186 3570 1242 aJudceis

1989 1279 2410 1347 praenuntiatus.
2445 1276 2582 1334 Huic
2612 1287 2794 1334 autem
2835 1295 2958 1334 cum
2988 1279 3146 1334 fidem
3175 1295 3283 1334 non
3312 1279 3570 1348 habeant,

1992 1387 2096 1427 nec
2132 1371 2332 1426 habent
2359 1372 2486 1437 illis,
2517 1381 2569 1427 et
2595 1388 2902 1428 sermonem
2930 1373 3310 1442 propheticum
3335 1373 3406 1426 'in
3445 1388 3569 1427 car-

1988 1479 2112 1518 cere
2159 1465 2545 1520 concludentes
2602 1464 2964 1528 obtruncant,
3014 1479 3249 1534 eumque
3294 1475 3566 1519 mortuum

1988 1554 2212 1618 habent,
2246 1562 2297 1608 et
2331 1555 2588 1618 divisum,
2631 1562 2686 1607 et
2715 1554 2937 1609 minime
2971 1567 3187 1618 sanum,
3224 1554 3568 1626 quandoqui-

1988 1647 2107 1701 dem
2143 1663 2241 1700 nec
2271 1646 2578 1716 intelligunt
2611 1647 2784 1700 illutn.
2819 1644 2924 1698 Sed
2961 1661 3058 1698 nos
3093 1645 3362 1714 integrum
3403 1645 3570 1699 hahe-

1991 1755 2113 1793 ntus
2151 1737 2337 1793 Jesum
2358 1782 2372 1806 ,
2424 1739 2642 1808 impleta
2678 1737 2961 1806 prophetia
2991 1736 3057 1791 de
3090 1737 3183 1792 illo
3227 1737 3443 1792 dicente
3475 1737 3522 1769 ⁸⁷
3550 1754 3566 1791 :

1999 1846 2016 1880 ι
2049 1828 2122 1884 Os
2147 1845 2253 1883 non
2289 1831 2710 1884 comminuetur.
2745 1847 2762 1880 ι

2059 2026 2222 2098 473
2250 2027 2341 2082 25.
2368 2025 2594 2081 Joannis
2627 2035 2808 2079 autem
2840 2024 3118 2079 venientes
3155 2022 3406 2092 discipuli
3436 2023 3566 2076 reli-

1991 2122 2151 2191 quias
2181 2121 2327 2174 illius
2377 2117 2667 2188 scpeliunt,
2719 2136 2737 2167 ‹
2772 2126 2825 2170 et
2865 2116 3143 2170 venientes
3177 2117 3568 2170 nuntiaverunt

1991 2213 2117 2268 Jesu
2149 2213 2228 2280 ⁸³;
2281 2231 2300 2264 ι
2346 2213 2392 2266 is
2433 2219 2612 2264 autem
2669 2209 2894 2264 secessit
2941 2209 2994 2262 in
3046 2209 3222 2262 locum
3259 2209 3560 2272 desertum,

1993 2305 2198 2360 scilicet
2239 2304 2304 2357 ad
2349 2313 2554 2373 gentes,
2602 2310 2658 2354 ct
2689 2310 2810 2369 post
2843 2301 3230 2370 prophetarum
3266 2315 3452 2354 necem
3481 2315 3572 2356 se-

1992 2405 2130 2452 cuta:
2153 2403 2281 2450 sunt
2323 2395 2473 2448 illum
2511 2393 2683 2446 turbae
2703 2408 2766 2446 ex
2799 2391 3052 2446 omnibus
3088 2391 3445 2461 undequaque
3474 2407 3567 2444 ur-

1992 2487 2187 2553 bibus;
2224 2500 2385 2556 quatn
2426 2499 2551 2538 cum
2582 2482 2804 2536 vidisset
2824 2495 2945 2536 esse
2973 2479 3330 2550 frequentem,
3372 2481 3566 2535 miscr-

1995 2587 2081 2632 tus
2112 2585 2215 2644 est,
2239 2589 2522 2646 aegr-osque
2551 2573 2642 2644 qni
2693 2573 2745 2626 in
2797 2587 2860 2626 ea
2889 2579 3043 2625 erant
3087 2573 3320 2636 sanavit,
3379 2579 3434 2624 et
3470 2585 3565 2625 eos

1993 2681 2180 2742 postea
2216 2669 2308 2739 qui
2364 2683 2421 2723 se
2472 2667 2645 2723 secuti
2705 2665 2921 2719 fuerant
2963 2664 3152 2732 paucis
3197 2664 3429 2734 panibus
3467 2663 3565 2719 alit

1995 2759 2296 2818 benedictis
2344 2767 2398 2812 et
2446 2756 2838 2826 multiplicatis.
2879 2773 2898 2806 ι
2956 2755 3108 2821 Quod
3157 2772 3278 2810 cum
3327 2755 3567 2812 audisset

1993 2849 2172 2915 Jesus,
2198 2847 2423 2903 secessit
2456 2847 2581 2899 inde
2620 2846 2672 2898 in
2717 2844 2964 2898 navicula
2999 2845 3051 2898 in
3079 2844 3255 2898 locum
3291 2845 3563 2899 desertum

1996 2956 2240 2994 seorsum
2271 2939 2335 2989 δ’.
2387 2957 2406 2990 ι
2445 2935 2746 2989 Vexatores
2791 2935 3000 3006 fugere,
3043 2946 3097 2990 ct
3133 2947 3443 3006 perspectas
3468 2937 3565 2992 de-

1996 3033 2166 3085 vitarc
2189 3029 2434 3092 insidias,
2464 3044 2585 3098 quze
2617 3042 2715 3096 per
2741 3041 3022 3082 sermones
3066 3037 3351 3082 struuntur
3383 3029 3562 3094 nobis,

1994 3131 2256 3192 quantum
2288 3120 2574 3181 conducat,
2612 3118 2695 3171 bis
2719 3117 2901 3171 verbis
2933 3116 3301 3175 addocemur:
3338 3119 3388 3173 id
3421 3122 3565 3174 enim

1996 3214 2248 3284 prudenti
2281 3221 2335 3267 ct
2369 3223 2517 3267 certo
2548 3210 2778 3267 consilio
2809 3207 2900 3276 ﬁt;
2944 3211 3215 3264 temerarii
3266 3221 3443 3264 autem
3483 3221 3569 3265 est

1995 3313 2049 3358 et
2076 3301 2404 3373 prmlidentis
2437 3301 2604 3355 animi
2646 3315 2768 3370 qua:
2811 3299 2948 3353 mala
2978 3299 3251 3354 declinare
3283 3300 3476 3370 possit,
3502 3314 3565 3354 ea

1995 3395 2283 3450 adversum
2336 3393 2433 3447 ire.
2479 3391 2612 3458 Quis
2651 3400 2832 3446 autem
2874 3391 3128 3462 deinceps
3156 3392 3394 3462 ambigat
3433 3391 3564 3462 quin

1993 3484 2121 3538 talia
2165 3483 2416 3538 evitanda
2466 3483 2594 3547 sint,
2649 3496 2772 3536 cum
2824 3497 2930 3536 non
2975 3482 3150 3536 solum
3180 3492 3302 3551 post
3339 3498 3401 3537 ea
3446 3499 3569 3554 qua

1993 3568 2190 3626 Joanni
2221 3570 2580 3640 contigerunt,
2614 3567 2772 3624 Iesus
2811 3571 3116 3634 secesserit,
3149 3571 3241 3626 sed
3271 3573 3433 3626 etiam
3465 3573 3568 3627 do-

1988 3670 2116 3720 ceat
2146 3670 2200 3715 et
2234 3661 2378 3715 dicat
2406 3661 2449 3691 ‘°
2484 3678 2498 3714 :
2536 3679 2552 3711 ι
2589 3658 2646 3712 Si
2685 3661 2957 3729 persecuti
2992 3659 3195 3715 fuerint
3220 3677 3316 3736 vos
3346 3663 3398 3716 in
3431 3664 3568 3718 civi-

1995 3761 2105 3807 tate
2133 3753 2256 3817 ista,
2289 3751 2456 3821 fugite
2481 3752 2534 3806 in
2565 3752 2765 3805 aliam?
2801 3771 2820 3804 ι
2852 3752 3192 3824 ingruentem
3224 3769 3353 3822 ergo
3392 3763 3568 3810 tenta-

1996 3844 2220 3912 tionem,
2245 3861 2366 3915 qua:
2391 3845 2442 3898 in
2465 3853 2726 3915 potestate
2751 3852 2937 3900 nostra
2968 3861 3074 3900 non
3096 3855 3198 3910 est,
3233 3861 3457 3910 necesse
3484 3855 3568 3902 est

1997 3935 2210 3992 fortiter
2235 3946 2289 3994 et
2319 3937 2653 3994 confidenter
2687 3940 2988 4005 sustinere;
3019 3953 3140 3992 cum
3177 3947 3356 3992 autem
3379 3937 3568 4009 fugere

1995 4029 2144 4094 licet,
2175 4029 2526 4084 temerarium
2558 4039 2640 4084 est
2667 4030 2719 4084 id
2749 4045 2856 4084 non
2881 4028 3080 4082 facere.
3113 4028 3563 4100 Quandoquidem

1996 4132 2174 4177 autem
2199 4130 2320 4192 post
2344 4137 2407 4177 ea
2429 4137 2549 4192 quae
2573 4123 2714 4176 dicta
2745 4135 2889 4186 sunt,
2922 4121 3075 4176 locus
3105 4122 3267 4175 etiant
3300 4123 3386 4176 hic
3413 4122 3563 4193 juxta

1997 4227 2278 4284 anagogen
2303 4223 2386 4268 est
2412 4212 2830 4276 examinandos,
2865 4211 3152 4268 dicendum
3201 4225 3282 4268 est
3317 4223 3439 4284 post
3472 4230 3568 4284 ap-

391 4352 620 4424 ffloan.
668 4371 723 4419 ν,
747 4355 835 4410 46.
909 4356 954 4387 ⁸⁷
988 4353 1164 4414 Exod.
1216 4369 1318 4418 ιιι,
1374 4352 1482 4420 46;
1521 4350 1684 4410 Νυιηο
1739 4369 1814 4421 ικν
1875 4355 1891 4409 ί

2022 4354 2183 4413 Joan.
2231 4373 2348 4422 XIX,
2396 4354 2486 4411 36.
2565 4355 2610 4388 "
2643 4307 2846 4409 Matth:
2886 4321 2996 4421 sit,
3043 4351 3130 4407 l2.
3208 4351 3252 4384 ⁸³
3299 4352 3432 4406 ibid.
3477 4352 3562 4406 15.

315 4423 361 4454 ⁸⁸
393 4421 582 4481 Hatth.
621 4443 678 4490 ς,
709 4427 798 4482 25.

391 4519 501 4587 (47)
530 4519 782 4589 Δυνάμει
812 4520 897 4575 δέ.
931 4521 1121 4576 Revera
1144 4537 1163 4575 :
1189 4520 1262 4576 ita
1297 4519 1574 4585 Erasmus,
1609 4535 1768 4589 quem
1803 4536 1886 4574 se-
1919 4523 1964 4576 D
1995 4521 2108 4574 mil.
2137 4519 2170 4574 9
2193 4516 2486 4589 inJudic.‘:
2517 4533 2536 4567 ι
2572 4515 2722 4589 Licet
2753 4513 3121 4589 tamenetjam
3159 4504 3262 4566 hoc
3286 4512 3339 4566 in
3372 4511 3562 4589 militia

312 4590 426 4644 cuti
453 4605 665 4654 sumus,
697 4592 819 4660 beet
849 4591 1050 4660 aliquid
1081 4591 1227 4646 aliud
1276 4604 1469 4646 sonare
1499 4589 1745 4643 videatur
1782 4605 1885 4643 vox

315 4662 545 4733 graeca;
582 4661 674 4714 sed
703 4659 896 4715 Latina
923 4659 1084 4718 verba
1108 4677 1231 4733 quae
1261 4660 1625 4731 respondeant
1660 4675 1766 4714 non
1797 4660 1893 4714 ba-

317 4731 441 4785 beo.
481 4727 742 4784 Huni-us.

391 4797 501 4872 (48)
541 4799 935 4872 Ἀνεχώρησεν
959 4803 1044 4872 εὶς
1069 4802 1288 4872 ἔρημον
1299 4803 1506 4866 τόπον,
1532 4799 1604 4854 τὰ
1616 4800 1781 4872 {Ora}.
1805 4797 1893 4872 Irt-

391 4821 501 4872 (ιιο)
547 4821 935 4868 Λνεχωρησεν
959 4821 1044 4868 εις
1069 4821 1172 4871 ερη
1217 4821 1288 4856 ον
1299 4821 1506 4866 fauor,
1532 4821 1604 4854 τα
1619 4821 1781 4866 sum.
1807 4821 1892 4852 In-

319 4874 401 4929 fra
418 4889 431 4924 :
469 4870 834 4943 :Avaxwpsiﬁs
851 4872 931 4932 είς
946 4870 1148 4941 ἔρημον
1165 4821 1299 4943 gae?)
1318 4872 1467 4943 παρὰ
1486 4874 1598 4943 τοῖς
1612 4869 1787 4943 ἔθνεσι
1805 4869 1892 4922 τό-

321 4960 442 4996 πον.
473 4939 643 5011 ltent;
673 4939 781 4995 Kal.
820 4944 867 4994 οἱ
919 4939 987 4993 ἐν’
1019 4939 1128 5004 τοῖς
1179 4939 1588 5011 ἔθνεσινδχλοι
1627 4939 1892 5011 ἀκούσαν-

320 5031 430 5077 τες,
461 5023 565 5066 etc.
605 5010 785 5066 Locus
825 5011 912 5065 ille
953 5019 1075 5065 erat

323 5098 403 5146 Ix.
433 5081 516 5136 10.
540 5081 885 5137 Bcthsaidam
913 5095 1042 5134 vero
1068 5079 1299 5134 Galil:cte
1325 5082 1512 5134 urbem
1540 5081 1708 5133 fuisse
1730 5093 1890 5133 nemo

311 5153 514 5212 iuescit.
543 5152 668 5207 Haec
692 5160 874 5206 autem
897 5151 1014 5205 loca
1042 5151 1290 5217 gentibus
1314 5151 1542 5204 habitari
1560 5150 1748 5204 scribit
1769 5147 1888 5201 Ori-

323 5238 507 5294 genes,
537 5223 682 5292 quod
711 5237 962 5294 magnam
1006 5220 1240 5276 Galilaeze
1286 5232 1488 5288 partem
1524 5221 1634 5290 jam
1685 5218 1809 5294 inde
1856 5233 1886 5272 a

327 5286 633 5348 Salomonis
685 5286 1022 5361 temporibus
1089 5286 1300 5361 gentes"
1340 5286 1687 5358 occuparent.
1749 5286 1885 5361 Cum

325 5365 470 5417 enim
515 5363 659 5434 ligna
707 5358 1023 5434 cedrinaet
1062 5358 1731 5434 abicgna,_ingetttet_uque
1764 5358 1884 5434 auri

325 5434 536 5503 copiam
557 5425 630 5486 ad
653 5432 1118 5489 constructionem
1154 5425 1336 5498 te'mpli
1365 5425 1764 5499 suppedita‘sset
1799 5425 1888 5479 lli-

327 5521 441 5558 ram
468 5519 558 5557 rex
584 5502 748 5574 Tyri;
792 5501 1098 5574 vigintj__-ill_i
1136 5499 1354 5574 Oppida
1378 5500 1431 5574 in
1454 5497 1884 5574 _terra_(}_alilzeze

325 5574 594 5629 concessit
632 5567 918 5633 Salomon.
957 5571 1022 5625 Ill
1063 5567 1422 5642 Regiam“.
1454 5569 1579 5623 Inde
1607 5567 1880 5642 Qalilazam

327 5645 561 5714 gentium
593 5645 790 5699 dictam
813 5638 1232 5714 lsaietx,_l,'et
1270 5640 1460 5695 Matth.
1488 5656 1561 5703 tv,
1600 5638 1684 5702 15,
1728 5639 1883 5692 docet

328 5711 509 5772 aanior
534 5731 658 5785 pars
687 5715 1058 5785 interpretum.
1082 5711 1160 5785 lo.

398 5787 506 5859 (49)
536 5775 618 5840 ’Τὸ
645 5785 761 5856 μὲν
784 5775 974 5852 {inter
1012 5781 1298 5848 διδάσκει,
1337 5791 1441 5837 etc.
1478 5777 1738 5850 Origenes
1779 5775 1878 5830 ho-

1124 5027 1288 5080 pt-Opc
1339 5007 1708 5075 Bellisaidam,
1754 5007 1886 5064 Luc.

1993 4591 2219 4652 Christi,
2255 4597 2314 4642 ttt
2349 4587 2394 4641 si
2428 4585 2564 4641 forte
2610 4585 2902 4656 aliquando
2938 4585 3250 4638 inferiorem
3283 4593 3333 4636 te
3356 4581 3565 4656 viribus

1993 4662 2232 4715 senseris
2264 4661 2317 4711 in
2349 4653 2839 4726 persecutionibus,
2868 4665 2922 4726 et
2957 4668 3303 4726 nongaqugnm
3333 4653 3429 4706 tibi
3459 4655 3560 4706 ad-

1993 4746 2210 4784 versum
2249 4722 2621 4782 crudelitatem
2667 4725 3012 4796 tyrannipcr
3038 4722 3405 4796 _fragi|i_tatettt
3442 4738 3564 4796 cor-

1990 4802 2138 4870 poris
2166 4799 2380 4870 ivideris
2401 4813 2521 4870 esse
2540 4791 2852 4870 certamen,
2877 4791 3008 4870 dare
3037 4791 3215 4870 locum
3240 4792 3354 4856 ira},
3386 4791 3560 4870 etfu-

1991 4862 2118 4938 gere
2149 4869 2217 4923 de
2257 4869 2377 4922 loco
2418 4867 2483 4920 ad
2540 4867 2742 4938 locum,
2772 4878 2879 4938 nec
2915 4863 3022 4938 tibi
3054 4863 3106 4916 in
3140 4862 3243 4938 hoc
3270 4862 3560 4938 ascribitur

1993 4932 2226 4992 inilitare
2254 4939 2628 4991 commissum.
2664 4934 2986 5001 Designatur
3011 4933 3112 4986 hoc
3136 4935 3298 4986 etiam
3341 4933 3393 4986 in
3425 4932 3557 5000 legi-

1991 5009 2094 5063 bus
2121 5007 2321 5062 Christi
2363 5006 2594 5060 dicentis
2621 5023 2634 5059 :
2662 5002 2722 5057 Si
2763 5019 2849 5072 vos
2880 5004 3136 5072 persecuti
3160 5003 3354 5071 fuerint
3378 5004 3431 5059 in
3461 5003 3561 5056 hac

1991 5080 2223 5146 civitate,
2269 5078 2435 5146 fugite
2485 5077 2557 5146 in,
2586 5075 2774 5146 aliam.
2810 5071 3035 5126 Summa
3073 5089 3309 5141 namque
3336 5074 3411 5129 rei
3438 5081 3556 5146 est,

1987 5145 2172 5203 Iesum
2201 5137 2360 5217 quem
2399 5145 2563 5202 semel
2581 5144 2879 5217 confessus
2905 5159 2986 5203 es,
3025 5158 3132 5217 non
3171 5137 3388 5217 negare.
3429 5137 3561 5217 Cerf

1988 5228 2103 5272 tum
2149 5211 2232 5274 est
2273 5220 2416 5271 enim
2450 5215 2593 5286 quod
2635 5211 3261 5286 Christum_confitetur’
3309 5212 3416 5275 ille,
3447 5211 3559 5286 _qui

1988 5228 2103 5272 tum
2149 5228 2232 5274 est
2273 5226 2416 5271 enim
2450 5226 2593 5286 quod
2635 5226 2910 5268 unrtstum
2966 5226 3251 5267 comitetur
3309 5226 3416 5275 ttte,
3468 5226 3556 5334 qui

1988 5298 2270 5358 propterea
2329 5287 2501 5358 fugit,
2533 5301 2602 5339 ne
2637 5293 2813 5354 neget.
2848 5281 2986 5358 λεί
3031 5283 3084 5358 in
3121 5281 3307 5358 Joan._
3336 5297 3411 5358 κέ,
3444 5281 3476 5334 5
3541 5298 3556 5334 :

1987 5350 2173 5412 Ταῦτα
2195 5358 2289 5411 καὶ
2316 5350 2621 5418 τά’τούτοις
2655 5350 3007 5475 παραπ).1ἐσια
3037 5350 3448 5422 ἀναγεγράφθαι
3471 5367 3558 5402 νο·
3604 5357 3608 5372 ¹

1991 5429 2130 5475 nam
2183 5425 2500 5475 ϐουλομένου
2545 5425 2638 5475 τοῦ
2686 5424 2844 5475 λόγου
2923 5423 3237 5475 πιστοέφειν
3272 5421 3415 5475 ἡμᾶς
3454 5417 3562 5472 ἀπὺ

1989 5429 2130 5500 μέζω
2181 5425 2500 5500 βουλομένου
2533 5417 2638 5500 ⁸τοῦ
2686 5417 2844 5500 λόγου
2891 5417 3415 5500 ἐπιστρέφειῇήμρς
3454 5417 3562 5500 an?

1983 5488 2078 5570 τοῦ
2108 5488 2432 5570 θερμότερον
2461 5488 3278 5570 καξμάλογιστότειρονἐπιπηδᾷν
3399 5489 3456 5540 ἐν
3483 5488 3560 5560 τῷ

1983 5569 2088 5631 ἕως
2121 5559 2352 5622 θανάτου
2382 5559 2745 5634 ἀγωνίζεσθαι
2780 5559 2909 5634 περϊ
2943 5559 3200 5630 ἀληθείας
3207 5559 3315 5634 ἔα)
3355 5559 3562 5634 μαρτυέ

1988 5625 2120 5710 ρεῖῖ),
2154 5649 2258 5760 ἳιο.
2295 5625 2442 5691 Ideni
2473 5625 2673 5690 habent
2711 5625 3074 5705 Hieronymus
3121 5640 3173 5685 et
3207 5625 3552 5701 Tlteo'ph'yla-

1988 5719 2123 5760 cttts.
2180 5725 2234 5760 ι).

1983 5719 2123 5765 ctus.
2159 5719 2234 5762 In.
