4094 6290
558 275 664 331 83‘.)
2055 273 2213 331 ()RIG
2223 271 2378 329 ENIS
3729 273 3828 332 900

551 408 642 466 pet
668 405 778 452 tam
831 395 1044 452 insidiis
1082 392 1418 464 prophetiam
1473 391 1616 462 apud
1658 390 1897 459 Judueos,
1944 393 2125 448 subla-

2233 391 2590 464 προφητείας,
2620 391 2716 446 καὶ
2754 389 3154 463 ἀναιρεθείσης,
3190 390 3280 445 διὰ
3307 389 3366 445 τὸ
3400 392 3668 464 τιμᾶσθαι
3701 398 3821 465 περ·

553 501 798 559 tamque,
831 496 1114 558 propterea
1159 485 1306 556 quod
1356 501 1441 541 res
1477 487 1544 539 ad
1587 486 1831 540 natalitia
1861 486 2125 555 pertinent

2242 490 2424 551 αὐτοῖς
2455 488 2522 542 τά
2553 488 2817 556 γενέσεως
2859 486 3180 560 πράγματα,
3231 488 3324 541 καὶ
3370 487 3510 542 κατὰ
3560 489 3832 562 ἀποδοχὴν

554 590 638 633 tes
681 578 826 648 apud
873 577 996 630 iilos
1038 575 1370 640 colerentur,
1408 583 1462 629 et
1495 589 1590 644 per
1620 575 2011 630 admissionem
2048 591 2125 628 va-

2242 579 2414 632 κενῶν
2449 578 2766 650 κινημάτων
2795 579 3198 650 γεγενημένων,
3228 577 3303 642 ὡς
3326 579 3423 650 μὲν
3445 581 3576 652 παρ’
3606 580 3836 652 ἀληθείᾳ

557 687 750 726 norum
781 679 1048 732 motuum,
1083 667 1312 722 veritate
1349 667 1568 737 quidem
1609 667 1815 738 judice,
1857 669 2139 737 incompo-

553 765 784 816 sitorum
818 768 873 814 et
912 768 1416 826 extranumcrum,
1447 761 1562 829 sed,
1594 770 1654 814 ut
1685 761 1962 815 existimat
1991 760 2140 830 prin-

549 869 676 922 ceps
713 854 1086 922 improborum
1137 853 1367 922 ejusque
1419 854 1678 917 convivat,
1720 854 2135 918 concinnorum,

550 943 765 1010 illisque
805 943 1160 1011 placentium,
1217 943 1469 997 secedere
1507 941 1693 997 Jesnm
1730 960 1758 997 a
1801 944 1919 998 loco
1953 945 2004 997 in
2029 958 2139 1013 quo

547 1035 828 1104 prophetia
879 1050 974 1104 per
1030 1033 1259 1088 insidias
1303 1035 1665 1090 condemnata
1712 1047 1833 1102 cst;
1886 1036 2140 1092 secedere

545 1136 727 1180 autem
783 1128 840 1180 in
893 1127 1074 1180 locum
1127 1125 1238 1179 Deo
1278 1141 1512 1180 vacuum
1549 1127 1690 1196 apud
1717 1137 1922 1198 gentes,
1959 1137 2015 1181 nt
2043 1126 2137 1181 Dei

548 1213 806 1278 Verbum,
851 1216 1032 1270 ablato
1076 1215 1145 1269 ab
1196 1216 1277 1272 eis
1310 1231 1498 1285 regno,
1543 1215 1778 1286 datoque
1819 1235 1837 1268 ι
1875 1217 2018 1286 genti
2052 1216 2137 1271 fa-

545 1306 709 1359 cienti
745 1305 956 1360 fructus
979 1304 1100 1372 ejus
1123 1305 1188 1370 “,
1230 1324 1248 1356 ›
1287 1306 1338 1359 in
1378 1305 1629 1374 gentibus
1664 1307 1755 1371 sit,
1801 1315 1854 1360 et
1885 1323 1980 1377 per
2005 1307 2137 1362 illud

545 1398 728 1466 plures
759 1398 870 1452 sint
910 1416 928 1447 ‹
967 1397 1063 1451 tilii
1099 1397 1330 1452 deserta:
1363 1399 1432 1464 °’,
1477 1416 1494 1448 ι
1533 1413 1711 1467 neque
1738 1399 1931 1468 legem,
1963 1415 2139 1469 neque

544 1488 843 1557 prophetas
863 1487 1088 1552 edoctae,
1119 1506 1138 1539 ‹
1157 1504 1321 1558 quam
1347 1488 1466 1558 ejus
1489 1503 1612 1558 qua:
1635 1489 1812 1542 virum
1838 1489 1999 1544 habet
2021 1489 2086 1555 ⁸³,
2113 1509 2131 1542 ι

547 1595 745 1649 nempe
795 1580 988 1650 legem.
1019 1578 1156 1634 Cum
1205 1581 1352 1634 enim
1397 1581 1525 1634 olim
1568 1579 1805 1636 Verbum
1843 1591 1960 1636 erat
1993 1583 2134 1652 apud

543 1672 784 1738 Judazos,
810 1689 918 1726 non
942 1675 1012 1728 ita
1029 1683 1149 1730 erat
1171 1673 1312 1742 apud
1339 1673 1479 1739 illos,
1506 1673 1962 1742 quemadmodum
1993 1674 2135 1745 apud

2239 667 2558 740 δικαζούσῃ,
2582 667 2881 740 ἀρῤύθμων
2915 670 3010 722 καὶ
3036 669 3304 740 ἐκμελῶν,
3340 669 3416 733 ὡς
3443 669 3490 722 δ’
3518 671 3819 742 ὑπολαμϐά·

2241 776 2318 812 νει
2343 762 2370 812 6
2397 760 2506 812 τῶν
2537 760 2755 830 φαύλων
2785 760 2966 832 ἄρχων
2999 761 3092 813 καὶ
3125 763 3172 814 οἱ
3209 763 3624 833 συνεστιώμενοι
3659 765 3822 838 αύτῷ,

2238 849 2546 922 εὐρύθμων,
2578 852 2671 905 καὶ
2705 848 3046 923 ἀρεσκόντων
3075 853 3326 918 ἐκείνοις,
3359 855 3635 926 ἀναχωρεῖ
3655 859 3684 911 6
3723 859 3822 929 Ἰη-

2241 943 2366 1005 σοῦς
2399 943 2507 995 ἀπὸ
2537 943 2630 997 τοῦ
2664 945 2828 998 τόπου
2864 945 2920 999 ἐν
2962 938 3006 1013 ᾧ
3041 945 3345 1017 προφητεία
3387 947 3822 1005 ἐπιϐουλευθεῖσα

2239 1035 2622 1107 κατεδικάσθη·
2663 1037 2939 1109 ἀναχωρεῖ
2985 1037 3042 1090 δὲ
3074 1040 3154 1102 είς
3180 1039 3271 1092 τὸν
3310 1039 3516 1112 ἔρημον
3548 1041 3682 1096 Θεοῦ
3712 1043 3818 1115 (50)

2239 1127 2391 1198 παρὰ
2419 1131 2533 1190 τοῖς
2561 1129 2738 1184 ἔθνεσι
2763 1129 2946 1195 τόπον,
2981 1132 3068 1185 ἵνα
3098 1135 3127 1186 ό
3155 1133 3248 1187 τοῦ
3284 1134 3421 1188 Θεοῦ
3444 1137 3639 1204 Λόγος,
3672 1139 3815 1209 αίρο-

2241 1219 2408 1290 μένης
2462 1221 2563 1292 τῆς
2618 1221 2894 1292 βασιλείας
2945 1223 3039 1277 ἀπ’
3084 1225 3328 1291 ἐκείνων,
3392 1224 3487 1280 καὶ
3542 1224 3822 1300 διδομένης

2245 1329 2262 1362 ι
2299 1309 2439 1364 ἔθνει
2477 1311 2718 1367 ποιοῦντι
2761 1315 2888 1378 τοὺς
2935 1319 3181 1387 καρποὺς
3214 1317 3404 1388 αὐτῆς,
3449 1337 3468 1370 ι
3501 1319 3726 1390 γένηται
3767 1323 3820 1376 ἐν

2235 1400 2349 1460 τοῖς
2375 1398 2575 1465 ἔθνεσι,
2612 1403 2706 1454 καὶ
2737 1401 2806 1454 δι’
2841 1403 3004 1458 αὑτὸν
3037 1403 3204 1458 πολλὰ
3238 1405 3462 1476 γένηται
3499 1426 3516 1458 ι
3559 1407 3630 1461 τὰ
3656 1409 3817 1462 τέκνα

2237 1491 2335 1561 τῆς
2357 1493 2563 1564 ἐρήμου
2595 1513 2613 1544 ι
2643 1494 2864 1564 μᾶλλον,
2903 1496 3041 1567 μήτε
3063 1497 3223 1567 νόμον
3258 1499 3396 1569 μήτε
3425 1501 3710 1572 προφήτας
3735 1502 3816 1556 δε-

2235 1582 2582 1655 διδαγμένης,
2617 1604 2635 1636 ‹
2673 1585 2706 1656 ἢ
2739 1587 2838 1657 τῆς
2863 1587 3095 1659 ἐχούσης
3117 1588 3207 1642 τὸν
3235 1590 3426 1661 ἄνδρα,
3465 1609 3484 1642 ι
3519 1592 3611 1644 τὸν
3635 1592 3812 1663 νόμον.

2241 1672 2369 1725 Ὅτε
2405 1674 2503 1744 μὲν
2533 1671 2625 1730 οῦν
2655 1675 2822 1730 πάλαι
2856 1679 2884 1730 6
2913 1677 3086 1745 Λόγος
3118 1678 3270 1751 παρὰ
3308 1681 3580 1746 Ἰουδαίοις
3610 1677 3700 1754 ἦν,
3727 1684 3819 1756 οὐχ

546 1773 756 1836 gentes.
796 1765 1032 1820 Proinde
1058 1767 1264 1820 dictum
1291 1774 1396 1829 est,
1428 1765 1482 1818 in
1526 1766 1797 1830 navicula,
1827 1766 1992 1838 474
2030 1769 2125 1822 hoc

2233 1762 2406 1827 οὕτως
2429 1761 2496 1835 ἦν
2525 1767 2656 1836 παρ’
2680 1768 2882 1832 αὐτοῖς,
2913 1767 2989 1831 ὡς
3017 1768 3170 1840 παρὰ
3209 1773 3322 1836 τοῖς
3367 1771 3565 1826 ἔθνεσι·
3615 1775 3696 1828 διὸ
3743 1776 3820 1829 λέ-

545 1867 648 1922 cst,
685 1858 739 1911 in
776 1872 1022 1927 corpore,
1059 1857 1112 1910 in
1147 1857 1326 1910 locum
1359 1856 1634 1910 desertum
1667 1872 1913 1910 seorsum
1946 1858 2130 1920 ivisse,

542 1958 831 2019 postquam
884 1949 1162 2018 propheta:
1202 1949 1678 2017 interemptionem
1720 1949 1946 2018 accepit.
1994 1949 2124 2004 Cum

543 2050 724 2095 autem
774 2042 840 2095 ad
885 2040 1162 2094 desertum
1216 2040 1570 2109 pervenisset,
1625 2055 1872 2094 seorsum
1910 2049 2026 2096 erat
2075 2043 2128 2096 in

543 2131 658 2189 illo,
686 2130 830 2198 quod
865 2139 1018 2184 extra
1062 2145 1272 2182 morem
1329 2139 1476 2183 esset
1514 2130 1660 2186 illius
1700 2147 1902 2196 sermo,
1936 2134 2133 2187 doctri-

543 2236 724 2289 naque
752 2221 872 2290 ejus
903 2230 1098 2290 praeter
1125 2221 1556 2276 consuetudines
1581 2231 1632 2276 et
1656 2222 1969 2278 sanctiones
2000 2240 2130 2294 gen-

539 2313 697 2364 tium.
734 2311 797 2365 Et
828 2313 1106 2366 hominum
1135 2312 1426 2367 multitudo
1455 2328 1575 2382 qua:
1601 2325 1718 2368 erat
1745 2315 1888 2384 apud
1915 2327 2123 2385 gentes,

541 2421 664 2458 cum
717 2405 1014 2460 audivisset
1053 2403 1290 2459 Verbum
1318 2405 1513 2458 azlesse
1547 2405 1600 2456 in
1646 2420 1749 2459 suo
1790 2407 2030 2473 deserto,
2063 2407 2126 2460 il-

541 2496 743 2565 ludque
765 2512 885 2551 esse
924 2511 1196 2562 seorsum,
1232 2496 1309 2548 uti
1353 2511 1517 2564 supra
1555 2496 1902 2562 tradidimus,
1936 2498 2066 2553 illud
2096 2515 2125 2556 a

541 2584 778 2657 prOpriis
807 2586 1034 2640 urbibus
1056 2595 1242 2640 secuta
1273 2593 1375 2649 est,
1407 2585 1551 2654 quod
1588 2585 1968 2656 trinisquisqne
2002 2589 2128 2641 reli-

540 2678 750 2745 quisset
773 2679 978 2746 patrias
1009 2677 1292 2748 religionis
1320 2678 1768 2740 consuetudines,
1796 2687 1848 2732 et
1877 2680 2025 2748 quod
2057 2682 2123 2735 ad

539 2769 744 2824 Christi
784 2771 954 2840 legem
1005 2773 1345 2824 accessisset.
1399 2766 1633 2823 Pedibus
1686 2779 1889 2833 autem,
1936 2786 2042 2824 non
2071 2771 2124 2825 in

539 2861 794 2916 navicula
833 2862 976 2916 hunc
1009 2871 1195 2916 secuta
1230 2871 1337 2927 est,
1369 2871 1552 2932 utpote
1579 2877 1689 2916 non
1730 2879 1980 2933 corpore,
2029 2863 2124 2920 sed

540 2954 686 3008 nudo
716 2955 900 3008 animo
931 2964 983 3008 et
1014 2955 1246 3010 consilio
1282 2970 1312 3008 a
1348 2952 1529 3010 Verbo
1567 2965 1820 3024 suscepto
1864 2954 1960 3009 Dei
1991 2954 2124 3011 ima-

539 3049 720 3118 ginem
747 3055 932 3103 secuta
973 3067 988 3100 :
1024 3053 1078 3100 et
1104 3046 1170 3098 ad
1207 3046 1354 3099 illam
1387 3045 1604 3115 quidem
1633 3044 1793 3101 Jesus
1827 3047 2123 3117 egreditur,

541 3156 665 3194 cum
705 3140 820 3209 ipsa
866 3153 974 3192 non
1012 3142 1187 3206 possit
1227 3136 1293 3190 ad
1339 3152 1464 3190 eum
1499 3136 1774 3203 accedere,
1803 3147 1861 3190 ut
1899 3153 2023 3193 cum
2055 3140 2122 3194 ad

540 3247 637 3286 eos
672 3232 764 3302 qui
811 3230 944 3284 foris
995 3238 1153 3283 erant
1204 3228 1504 3292 introisset,
1547 3243 1644 3283 eos
1675 3229 1768 3297 qui
1805 3229 2122 3285 crantforis

542 3324 934 3377 introduceret.
968 3320 1269 3375 Numerosa
1294 3329 1476 3374 autem
1526 3319 1681 3374 turba
1721 3331 1804 3375 est
1857 3321 1924 3375 ad
1957 3338 2122 3392 quam

541 3414 637 3470 Dei
671 3416 782 3472 exit
837 3413 1094 3480 Verbum,
1135 3424 1189 3468 et
1227 3413 1510 3467 iﬂ‘undens
1553 3413 1604 3467 in
1645 3413 1792 3466 illam
1820 3414 2003 3469 lumen
2033 3416 2123 3470 in-

540 3509 838 3580 spectionis
872 3523 984 3563 suae
1004 3507 1303 3570 viditeam,
1344 3516 1398 3561 et
1425 3507 1612 3561 videns
1653 3506 1775 3560 illos
1807 3506 1989 3576 potius
2015 3506 2121 3560 mi-

518 3605 814 3660 .seratione
860 3604 1077 3673 dignos,
1114 3601 1258 3671 quod
1297 3601 1353 3655 in
1393 3601 1593 3654 talibus
1634 3608 2002 3663 versarentur,
2038 3608 2123 3654 ut-

540 3707 668 3768 pote
700 3696 985 3751 hominum
1027 3710 1242 3758 amans,
1281 3709 1377 3762 per
1406 3692 1812 3747 miserationem
1845 3691 1990 3746 illam
2026 3693 2124 3746 ali-

534 3789 670 3860 quid
693 3803 887 3858 passus
912 3795 996 3842 est
1023 3785 1069 3841 is
1095 3785 1191 3856 qui
1219 3784 1603 3840 affectionibus
1629 3783 1852 3838 minime
1880 3792 1997 3838 erat
2021 3785 2122 3838 ob-

539 3881 760 3945 noxius,
795 3893 897 3932 nec
923 3878 1214 3932 miseratus
1260 3885 1344 3931 est
1384 3875 1581 3937 solum,
1613 3874 1708 3930 sed
1747 3889 1922 3941 aegros
1953 3875 2117 3928 etiam

538 3971 756 4025 illorum
785 3967 1020 4035 sanavit,
1043 3965 1212 4022 variis
1241 3975 1295 4020 et
1326 3963 1631 4035 omnigenis
1653 3978 1719 4018 ex
1750 3962 1953 4016 malitia
1977 3978 2123 4018 mor-

539 4062 626 4117 bis
657 4062 991 4116 laborantes.

608 4156 696 4210 24.
745 4153 800 4208 Si
837 4163 1018 4208 autem
1050 4153 1233 4208 videre
1257 4151 1338 4205 vis
1371 4149 1561 4220 quales
1584 4147 1690 4202 sint
1722 4145 1890 4201 animi
1921 4144 2118 4211 morbi,

538 4248 719 4316 cogita
747 4245 880 4300 mihi
910 4259 1125 4308 avaros,
1165 4252 1218 4298 et
1245 4243 1346 4313 gloz
1365 4242 1534 4306 iosos,
1560 4250 1614 4294 et
1639 4253 1932 4308 puerorum
1971 4252 2122 4290 ama-

541 4353 708 4404 tores,
732 4347 785 4393 ct
811 4337 856 4393 si
887 4337 1012 4407 quis
1039 4345 1121 4390 est
1158 4335 1490 4388 mulierosus
1519 4350 1532 4386 :
1571 4331 1668 4384 hos
1690 4330 1838 4384 enim
1869 4331 1920 4382 in
1947 4329 2122 4382 turbis

539 4431 749 4495 videns,
781 4437 835 4483 et
859 4442 1051 4483 eorum
1083 4427 1340 4480 misertus
1366 4422 1598 4477 sanavit.
1630 4419 1748 4473 Non
1789 4435 1920 4474 vero
1945 4419 2124 4473 existi-

540 4521 803 4577 mandum
839 4526 926 4574 est
963 4531 1125 4570 omne
1156 4524 1434 4584 peccatum
1472 4512 1720 4564 morbum
1751 4524 1893 4572 esse,
1929 4509 2020 4563 sed
2061 4509 2124 4562 il-

539 4615 632 4670 lud
652 4613 798 4684 quod
827 4610 925 4665 toti
962 4609 1148 4664 animo
1178 4605 1446 4660 incubuit.
1489 4604 1567 4658 ita
1597 4603 1742 4656 enim
1791 4601 1971 4656 videre
1999 4600 2122 4655 licet

539 4723 737 4764 avaros
767 4715 909 4761 totos
938 4710 1184 4774 argento,
1211 4699 1439 4769 ejusque
1471 4693 1870 4750 conservationi
1905 4702 1959 4748 et
1991 4707 2110 4748 coa-

541 4797 839 4854 cervationi
886 4797 1170 4852 intentos:
1215 4791 1535 4846 ambitiosos
1586 4787 1860 4860 gloriola;
1908 4785 2123 4841 inhiant

1707 4960 1750 4990 ⁸³
1776 4957 1894 5014 Gal.
1926 4973 1999 5024 IV,
2028 4956 2120 5018 27.

615 4969 656 5000 "
684 4966 872 5022 Matth.
898 4983 1016 5034 ιιι,
1042 4967 1131 5020 45.
1209 4965 1254 4998 ⁶¹
1289 4963 1393 5018 lsa.
1427 4977 1540 5029 LIV,
1574 4960 1628 5015 1.

613 5133 729 5212 (⁵ο)
779 5130 1090 5212 “ramea?
1124 5129 1192 5212 δὲ
1213 5131 1359 5212 ,εις
1385 5127 1492 5182 τὸν
1541 5126 1764 5212 ἔρημον
1786 5120 2110 5212 ἕὲἒῦιξὲᾖ

541 5197 804 5276 Origenes
832 5197 1016 5276 hoinil.
1051 5202 1085 5256 9
1124 5203 1176 5276 in
1213 5199 1386 5276 Levit.
1427 5218 1441 5253 :
1475 5217 1492 5248 ι
1551 5197 1702 5276 Finis
1748 5197 1913 5276 sortis
1953 5197 2114 5276 istius

543 5267 759 5334 ereinus
794 5285 897 5339 est,
931 5275 982 5327 id
1007 5282 1111 5334 est,
1149 5273 1303 5326 locus
1344 5273 1614 5332 desertus,
1650 5267 1899 5339 desertus
1945 5267 2119 5315 virtu-

543 5333 724 5413 tibus,
776 5333 1028 5401 desertus
1073 5333 1180 5397 Deo
1210 5384 1225 5407 ,
1277 5341 1527 5395 desertus
1567 5338 1824 5413 justitia,_
1861 5333 2116 5413 desertus

543 5405 780 5482 Christo,
833 5417 1100 5485 desertus,
1127 5405 1272 5465 ouini
1299 5405 1581 5485 _bon_o._‘i'
1622 5405 2059 5485 Theopltylat-tus
2095 5417 2114 5485 ι

555 5472 849 5558 ᾎναχωρεί
867 5486 1050 5539 λοιπὸν
1078 5484 1109 5558 ῥ
1144 5481 1357 5558 [Ιησοῦς
1387 5483 1470 5558 εἰς
1497 5479 1593 5558 ἔρῃ
1605 5494 1700 5548 μον
1731 5472 1914 5558 τόπον,
1942 5473 2020 5532 εἰς
2043 5472 2120 5558 IT?

546 5539 980 5628 :M'a‘ampa
1013 5554 1106 5628 τοῦ
1135 5539 1290 5606 Θεοῦ.
1324 5539 1353 5601 «⁷
1387 5539 1615 5605 Ιὶὲροὶιίῖ
1653 5544 2011 5628 postmodum
2031 5539 2124 5628 de-

547 5616 718 5742 :ps'in
742 5616 1013 5684 desertum
1046 5627 1248 5691 locum,
1282 5632 1469 5693 gentes
1493 5616 1685 5688 nempe
1712 5616 1821 5670 Deo
1852 5626 2072 5676 vacuas-
2100 5627 2116 5660 ³

601 5707 811 5742 υΕτΙῙῘΞ.

601 5707 811 5752 υετιυε.

2233 1851 2418 1907 λεκται
2455 1856 2512 1908 ἐν
2540 1855 2729 1924 πλοίῳ,
2760 1859 3004 1912 τουτέστι
3033 1859 3112 1929 τῷ
3146 1859 3379 1931 σώματι,
3404 1865 3481 1927 είς
3504 1864 3595 1918 τὸν
3616 1865 3817 1936 ἔρημον

2233 1943 2396 1997 τόπον
2429 1947 2548 1998 κατ’
2575 1947 2711 1999 ἰδίαν
2735 1948 3036 2016 γεγονέναι,
3061 1949 3374 2006 ἀκούσαντα
3400 1955 3528 2025 περὶ
3553 1955 3651 2026 τῆς
3677 1957 3820 2009 ἀναι-

2236 2035 2436 2106 ρέσεως
2465 2037 2558 2090 τοῦ
2594 2041 2873 2112 προφήτου
2917 2041 3051 2111 (5|).
3085 2044 3220 2096 Κατ’
3257 2043 3393 2097 ίδίαν
3435 2045 3494 2098 δὲ
3532 2049 3818 2119 γενόμενος

2229 2126 2310 2188 είς
2339 2125 2436 2196 τὴν
2465 2125 2692 2197 ἔρημον,
2722 2124 2790 2199 ἦν
2833 2131 2890 2183 ἐν
2933 2129 3091 2200 αὐτῇ,
3132 2129 3209 2201 τῷ
3249 2129 3514 2195 ἰδιάζοντα
3547 2129 3682 2186 εἶναι
3727 2135 3816 2188 τὸν

2230 2213 2410 2282 λόγον,
2430 2218 2526 2270 καὶ
2557 2217 2658 2290 τὴν
2691 2217 3040 2273 διδασκαλίαν
3065 2221 3229 2274 αὑτοῦ
3257 2223 3408 2293 παρὰ
3435 2223 3501 2276 τὰ
3533 2224 3813 2295 εἰθισμένα

2230 2308 2287 2360 ἐν
2319 2311 2431 2373 τοῖς
2461 2307 2641 2364 ἔθνεσι.
2681 2311 2925 2380 γίνεσθαι
2959 2313 3053 2367 καὶ
3096 2316 3475 2386 νενομισμένα.
3520 2317 3629 2370 Καὶ
3667 2319 3712 2370 οἱ
3757 2320 3812 2370 ἐν

2229 2401 2341 2463 τνΐς
2369 2398 2578 2454 ξθνεσιν
2603 2401 2748 2473 δχλοι
2774 2404 3108 2470 ἀκούσαντες
3142 2408 3314 2477 Λόγον
3353 2409 3810 2481 ἐπιδεδημηκέναι

2229 2492 2293 2556 τῆ
2323 2490 2515 2569 ἐρήμῳ
2543 2493 2742 2558 αὐτῶν,
2789 2495 2883 2548 καὶ
2928 2495 3118 2550 τοῦτον
3166 2499 3283 2552 κατ’
3321 2498 3456 2552 ίδίαν
3498 2501 3807 2570 τυγχάνειν,

2227 2581 2298 2643 ὡς
2359 2583 2906 2656 προαποδεδώλαμεν,
2964 2589 3332 2660 ἠκολούθησαν
3369 2591 3516 2662 αὐτῷ
3567 2592 3674 2646 ἀπὸ
3707 2593 3812 2646 τῶν

2232 2669 2374 2723 ἰδίων
2403 2671 2607 2725 πόλεων
2629 2674 2762 2745 (52),
2790 2677 2867 2748 τῷ
2889 2677 3117 2734 ἕκαστον
3145 2682 3588 2738 καταλελοιπέναι
3613 2685 3682 2739 τὰ
3712 2688 3813 2740 πά-

2229 2778 2354 2832 τρια
2368 2763 2465 2834 τῆς
2488 2763 2907 2836 δεισιδαιμονίας
2927 2768 3044 2840 ἔθη,
3064 2771 3156 2824 καὶ
3173 2771 3249 2842 τῷ
3272 2772 3365 2826 τοῦ
3387 2775 3621 2847 Χριστοῦ
3647 2793 3813 2850 προσ-

2231 2855 2544 2926 εληλυθέναι
2589 2858 2758 2931 νόμῳ.
2791 2861 2938 2934 nam
2973 2863 3029 2916 δὲ
3062 2863 3230 2934 αὐτῷ,
3265 2866 3357 2918 καὶ
3406 2868 3504 2921 οὐκ
3542 2869 3599 2921 ἐν
3642 2869 3810 2941 πλοίῳ

2229 2947 2626 3020 ἠκολούθησαν,
2669 2950 2763 3004 ἆτε
2812 2953 2886 3024 μὴ
2925 2953 3003 3024 τῷ
3051 2957 3283 3027 σώματι,
3338 2959 3474 3012 ἀλλὰ
3510 2965 3687 3032 γυμνῇ
3742 2966 3808 3032 τῇ

2226 3039 2372 3113 ψυχῇ
2410 3044 2503 3096 καὶ
2554 3046 2620 3114 τῇ
2673 3045 2781 3098 ἀπὸ
2827 3045 2917 3098 τοῦ
2957 3047 3130 3115 Λόγου
3178 3049 3460 3123 πεισθείσῃ
3495 3053 3806 3122 προαιρέσει

2153 3109 2194 3167 C
2231 3109 2656 3206 ἠκολουθηκότες
2679 3139 2746 3209 τῇ
2770 3137 2933 3192 εἰκόνι
2954 3109 3056 3190 τοῦ.
3068 3138 3201 3192 Θεοῦ
3235 3138 3371 3212 (5'5).
3394 3109 3502 3195 ιξὲιι
3525 3109 3804 3213 πρὸςιτού-

2229 3243 2355 3289 τους
2375 3243 2439 3295 γε
2465 3227 2496 3279 6
2540 3227 2744 3299 Ἰησοῦς
2767 3227 3062 3300 ἐξέρχεται,
3091 3231 3164 3300 μὴ
3186 3231 3496 3300 χωροῦντας
3525 3233 3808 3304 προσιέναι

2230 3319 2368 3392 πρὸς
2400 3319 2584 3384 αὑτὸν,
2621 3323 2728 3386 ἵνα,
2765 3324 2876 3384 τοῖς
2911 3321 3014 3388 ἔξω
3045 3323 3352 3392 γενόμενος,
3405 3323 3510 3377 ἐσω
3541 3327 3666 3390 τοὺς
3702 3326 3809 3390 ἔξω

2232 3413 2517 3487 είσαγάγῃ.
2554 3414 2728 3477 Πολὺς
2761 3414 2818 3467 δὲ
2852 3415 2881 3467 6
2918 3413 3023 3480 ἐξω
3057 3415 3234 3485 ὄχλος,
3267 3416 3345 3478 είς
3378 3416 3435 3470 ὃν
3469 3416 3746 3488 ἐξέρχεται
3781 3420 3811 3470 6

2229 3504 2322 3558 τοῦ
2357 3505 2489 3558 Θεοῦ
2518 3505 2708 3574 Λόγος,
2756 3507 2850 3560 καὶ
2893 3506 3086 3578 ἐκχέας
3118 3507 3178 3561 τὸ
3211 3507 3324 3576 φῶς
3371 3509 3467 3578 τῆς
3509 3509 3813 3579 ἐπισκοπῆς

2228 3596 2390 3650 αὑτοῦ
2419 3600 2497 3662 είς
2522 3598 2703 3666 αὐτὸν,
2728 3596 2865 3654 εἶδεν
2898 3599 3078 3665 αὑτὸν,
3110 3601 3205 3653 καὶ
3247 3599 3368 3653 ίδὼν
3416 3600 3509 3654 τοῦ
3545 3601 3811 3654 ἐλεεῖσθαι

2234 3687 2430 3758 μᾶλλον
2466 3690 2660 3753 αὐτοὺς
2687 3689 2888 3754 ἀξίους,
2917 3690 3007 3744 διὰ
3037 3690 3096 3744 τὸ
3129 3692 3186 3744 ἐν
3228 3691 3452 3745 τοιοῖσδέ
3477 3708 3616 3744 τισιν
3651 3687 3808 3756 εἶναι,

2231 3779 2306 3843 ὡς
2349 3779 2750 3853 φιλάνθρωπος,
2790 3781 3058 3836 πέπονθεν
3097 3784 3126 3836 6
3157 3783 3373 3854 ἀπαθὴς
3412 3782 3472 3836 τὸ
3513 3783 3810 3852 σπλαγχνι-

2232 3870 2442 3942 σθῆναι,
2480 3873 2574 3926 καὶ
2612 3874 2671 3926 ού
2717 3873 2876 3945 μόνον
2920 3874 3343 3948 ἐσπλαγχνίσθη,
3380 3876 3515 3929 ἀλλὰ
3561 3876 3654 3928 καὶ
3684 3877 3809 3938 τοὺς

2230 3961 2547 4034 ἀρρώστους
2586 3963 2764 4019 αὐτῶν
2804 3965 3168 4038 ἐθεράπευσεν
3201 3967 3419 4038 ἔχοντας
3459 3967 3679 4022 ποικίλα
3717 3969 3810 4022 καὶ

2230 4055 2545 4112 παντοδαπά
2569 4057 2676 4111 ἀπὸ
2702 4057 2803 4128 τῆς
2835 4059 3034 4122 κακίας
3065 4060 3493 4132 ἀρρωστήματα.

2302 4148 2366 4200 El
2395 4148 2452 4201 δὲ
2487 4148 2660 4214 θέλεις
2701 4151 2829 4203 ίδεῖν
2865 4151 2993 4205 ποῖά
3039 4152 3153 4204 ἐστι
3190 4151 3257 4204 τὰ
3285 4152 3381 4222 τῆς
3411 4151 3589 4224 ψυχῆς
3625 4153 3809 4223 ἀρῤω-

2231 4240 2499 4310 στήματα,
2529 4242 2781 4296 κατανόει
2818 4259 2907 4312 μοι
2953 4243 3078 4305 τοὺς
3123 4241 3509 4313 φιλαργύρους,
3556 4243 3649 4296 καὶ
3682 4245 3810 4306 τοὺς

2230 4333 2558 4403 φιλοδόξους,
2589 4333 2684 4386 καὶ
2715 4335 2843 4396 τοὺς
2875 4331 3219 4403 φιλόπαιδας,
3249 4331 3343 4384 καὶ
3385 4333 3438 4385 εί
3463 4351 3546 4396 τις
3577 4333 3690 4385 ἐστὶ
3721 4350 3812 4403 φι-

2229 4425 2472 4493 λόγυνος·
2529 4425 2623 4478 καὶ¹
2661 4426 2880 4491 τούτους
2911 4426 3019 4497 γάρ
3073 4429 3130 4480 ἐν
3175 4429 3286 4489 τοῖς
3322 4425 3500 4496 ὄχλοις
3545 4423 3683 4490 ἰδὼν,
3714 4426 3810 4478 καὶ

2234 4515 2653 4586 σπλαγχνισθεὶς
2697 4518 2784 4570 ἐπ’
2835 4517 3016 4579 αὐτοῖς
3059 4515 3442 4587 ἐθεράπευσεν.
3491 4517 3564 4570 Οὐ
3613 4517 3717 4569 πᾶν
3750 4515 3807 4568 δὲ

2230 4608 2532 4678 ἁμάρτημα
2549 4608 2828 4679 νομιστέον
2861 4609 3169 4681 ἀρρωστίαν
3191 4604 3350 4673 εἶναι,
3373 4608 3486 4661 ἀλλ’
3502 4609 3637 4678 ὅπερ
3653 4610 3811 4662 ἐναπ-

2231 4700 2470 4771 έσκηψεν
2528 4702 2624 4774 ὅλῃ
2659 4705 2724 4773 τῇ
2767 4703 2934 4773 ψυχῇ.
2971 4702 3155 4766 Οὕτως
3177 4702 3322 4755 ἐστιν
3369 4702 3478 4774 γὰρ
3513 4703 3640 4756 ίδείν
3682 4703 3809 4766 τοὺς

2232 4791 2331 4862 μὲν
2367 4791 2735 4864 φιλαργύρους
2773 4793 2929 4857 ὅλους
2954 4795 3282 4864 τεταμένους
3310 4795 3402 4846 ἐπὶ
3431 4793 3490 4846 τὸ
3523 4791 3807 4864 ἀργύριον,

2298 5117 2410 5240 (ὅέ)
2456 5116 2567 5172 Τοῦ
2612 5115 2946 5186 προφήτου.
2982 5113 3218 5180 Legebat
3254 5111 3518 5166 Erasmus
3542 5109 3640 5181 τῆς
3670 5125 3806 5180 προ-

2303 5207 2362 5240 τε
2387 5206 2472 5240 ας.

2225 5206 2472 5261 φητειας.

2297 5247 2448 5331 l52)'
2495 5247 2959 5331 Ἢᾳρλούθησαγ
2986 5250 3156 5331 gon;
3197 5251 3312 5305 ἀπὸ
3350 5248 3678 5331 τῷν-,ἰδίων
3703 5249 3806 5301 πό-

2223 5319 2402 5391 λεὼνξ
2433 5339 2537 5383 etc.
2574 5327 2696 5382 Haec
2731 5319 2962 5394 arripuit
2985 5321 3350 5394 Hieronymus
3384 5319 3804 5394 indicit/trgum:

2298 5385 2410 5469 (55')
2476 5385 2974 5469 Ἠκολουθηκότες
3010 5392 3086 5469 τῇ
3120 5385 3334 5469 μεὶὲιόνε
3376 5391 3483 5445 τοῦ
3537 5387 3708 5469 Θεοῦ.
3758 5385 3809 5469 ἸΙ

2227 5459 2355 5524 (Ζάν.
2386 5459 2460 5533 ἰν,
2492 5471 2526 5522 4
2547 5485 2561 5534 ;
2586 5459 2798 5522 (Σοιοεεζ
2825 5483 2878 5538 l,_
2900 5459 2999 5538 15;
3037 5459 3197 5538 llebr.
3237 5478 3276 5525 ι,
3302 5462 3364 5538 ζ),
3389 5459 3804 5538 qu‘oreferenx’a

2233 5527 2506 5609 suntquae
2549 5527 2808 5608 leguntur
2834 5527 3141 5609 Sapientiae
3171 5527 3643 5609 vn,_26.'t.)‘_rig‘en.
3684 5527 3804 5583 fuse

2233 5602 2480 5682 super'ea
2506 5625 2564 5664 re
2590 5602 2685 5663 lib.
2709 5602 3101 5675 Περιάρχὼν,
3140 5615 3193 5660 et
3231 5603 3325 5658 lib.
3356 5617 3429 5668 Iv,
3463 5603 3516 5656 in
3547 5602 3672 5656 tine.
