4094 6290
318 331 416 390 961

1323 331 1658 389 COMMENT
1694 332 1761 389 IN
1796 335 2211 392 MATTUIEUM
2252 333 2486 393 Τολίυὸ
2522 333 2589 391 Χ.

3479 341 3584 397 902

319 454 418 507 καὶ
436 450 534 525 τὴν
562 451 755 507 τούτου
792 450 1035 523 φρουρὰν
1062 451 1158 505 καὶ
1179 453 1517 523 συναγωγήν·
1553 453 1679 516 τοὺς
1704 452 1904 521 φιλοδό-

2003 453 2148 509 enim
2176 455 2242 509 ad
2268 455 2457 509 laudes
2483 452 2649 522 vulgi,
2686 452 3081 522 hominumque
3101 467 3168 508 ex
3201 452 3385 508 inﬁma
3409 454 3584 523 plebe.

321 544 450 612 ξους
477 544 572 600 ἐπὶ
597 544 658 598 τὸ
675 543 938 615 δοξάριονο
974 543 1237 614 κεχήνασι
1272 544 1381 614 γὰρ
1402 544 1528 614 περὶ
1551 543 1644 599 τὸν
1669 545 1777 599 ἀπὸ
1798 545 1908 600 τῶν

322 636 533 693 πολλῶν
560 638 654 691 καὶ
688 635 1052 708 χυδαιοτέρων
1091 634 1332 688 ἔπαινον.
1383 635 1496 689 Καὶ
1536 635 1599 690 τὺ
1645 635 1907 705 ἀνάλογον

323 730 537 803 νοήσεις
567 730 651 800 ἐφ’
688 722 764 782 ὧν
805 726 1172 800 ὠνομάσαμεν
1213 726 1436 792 λοιπῶν,
1468 727 1564 782 καὶ
1601 726 1656 780 ετ
1695 746 1750 781 τι
1781 728 1908 782 ἀλλο

330 820 533 884 τούτοις
575 820 692 873 ἐστὶ
736 821 1141 893 παραπλήσιον.
1217 819 1371 874 Ἐπεὶ
1415 815 1508 874 οὖν
1563 820 1905 892 διηγούμενοι

324 911 404 966 τό·
442 929 462 962 t
503 909 868 982 Ἐθεράπευσε
890 911 1020 974 τοὺς
1052 910 1369 983 ἀρρώστους
1395 910 1594 977 αὐτῶν,
1631 930 1650 963 ι
1681 911 1905 984 εἴπομεν

318 1004 399 1076 μὴ
431 1005 541 1057 πᾶν
570 1003 876 1076 ἁμάρτημα
911 997 1049 1058 εἶναι
1078 1002 1439 1076 ἀρρώστημα,
1477 1002 1627 1073 ἀξιον
1667 1007 1776 1061 ἀπὸ
1806 1008 1906 1079 τῆς

313 1095 547 1166 Γραφῆς
579 1094 677 1150 καὶ⁵
710 1099 840 1167 περὶ
863 1096 961 1167 τῆς
989 1095 1249 1166 διαφορᾶς
1277 1095 1480 1149 τούτων
1514 1098 1907 1169 παραμυθήσα-

313 1183 468 1240 σθαι.
529 1185 671 1256 Φησὶ
721 1185 786 1257 δὴ
830 1187 860 1239 ό
918 1184 1239 1250 Ἀπόστολος
1297 1185 1626 1257 Κορινθίοις,
1685 1187 1905 1242 ποικίλα

312 1274 538 1347 ἔχουσιν
576 1276 972 1348 ἁμαρτήματα,
1015 1276 1261 1348 γράφων·
1313 1295 1332 1328 ι
1369 1277 1470 1332 Διά
1501 1276 1656 1332 τοῦτο
1688 1281 1745 1332 ἐν
1775 1279 1904 1351 ύμῖν

313 1366 509 1421 πολλοὶ
544 1368 808 1434 ἀσθενεῖς,
851 1368 946 1423 καὶ
990 1369 1282 1440 ἄρρωστοι,
1323 1369 1418 1422 καὶ
1454 1370 1749 1440 κοιμῶνται
1781 1373 1894 1425 ἱκα-

314 1457 422 1513 νοί.
454 1476 476 1510 ι
504 1460 702 1512 ΙἌκουε
733 1458 842 1530 γὰρ
874 1460 932 1514 ἐν
950 1457 1158 1523 τούτοις
1188 1459 1282 1513 τοῦ
1312 1460 1406 1514 καὶ
1433 1459 1724 1532 σύνδεσμον
1768 1461 1899 1515 πλέ-

316 1564 533 1615 κοντος,
566 1549 666 1603 xui.
696 1548 1190 1622 συμπεπλεγμένον
1219 1550 1500 1615 ποιοῦντος
1532 1553 1597 1606 ἐκ
1631 1553 1901 1626 διαφόρων

317 1641 756 1712 ἁμαρτημάτων,
793 1640 928 1695 καθὸ
960 1641 1010 1694 nl
1048 1640 1147 1712 μέν
1174 1644 1311 1696 εἰσιν
1334 1641 1600 1709 ἀσθενεῖς,
1635 1644 1810 1717 ἕτεροι
1843 1646 1901 1700 δὲ

302 1731 592 1803 ἀῤῥωστοι
621 1732 782 1786 πλέον
809 1732 842 1805 ἢ
870 1732 1146 1797 ἀσθενεῖς,
1174 1735 1267 1789 καὶ
1305 1733 1454 1788 ἄλλοι
1497 1737 1628 1808 παρ’
1661 1737 1900 1807 ἀμφοτέ-

306 1793 452 1894 ,ρους
486 1824 535 1878 οἱ
574 1793 923 1896 κοιμώμενοι.
984 1825 1048 1878 Οἰ
1082 1793 1181 1895 μέν
1212 1824 1321 1898 γάρ
1361 1793 1660 1898 ὀλισθηρῶς
1800 1827 1896 1900 τὴν
1928 1793 1969 1848 Β

313 1915 419 1986 τῆς
443 1916 622 1989 ψυχῆς
660 1916 959 1987 ἀδυναμίαν
993 1916 1130 1988 πρὸς
1158 1915 1221 1970 τὸ
1251 1916 1533 1971 ὁτιποτοῦν
1561 1917 1896 1989 ἁμαρτάνειν

314 2005 553 2078 ἔχοντες,
583 2006 786 2080 κᾶνμὴ
826 2004 936 2062 ὅλοι
963 2001 1095 2062 ὦσιν
1120 2008 1293 2072 εἴδους
1318 2006 1462 2071 τινὸς
1493 2008 1785 2080 ἁμαρτίας,
1821 2008 1898 2073 ὡς

310 2099 360 2149 οἱ
386 2097 681 2169 ἄρρωστοι,
713 2098 960 2162 ἀσθενεῖς
984 2099 1089 2150 είσι
1119 2096 1298 2168 μόνον’
1328 2098 1377 2150 οἱ
1424 2096 1480 2150 δὲ
1508 2096 1607 2170 ὅλῃ
1632 2096 1777 2168 ψυχῇ
1805 2097 1898 2149 καὶ

304 2186 411 2261 ὅλῃ
436 2187 633 2260 καρδίᾳ
665 2189 761 2242 καὶ
787 2187 884 2263 ὅλῃ
920 2187 1147 2260 διανοίᾳ,
1184 2188 1304 2243 ἀντὶ
1350 2187 1441 2241 τοῦ
1469 2187 1561 2242 τὸν
1601 2187 1732 2241 Θεὸν
1759 2188 1897 2257 ἀγα-

311 2281 445 2351 πᾷν,
496 2281 818 2349 ἀγαπῶντες
864 2280 1125 2353 ἀργύρια,
1158 2280 1191 2353 ἢ
1230 2278 1473 2351 δοξάρια,
1506 2279 1538 2351 ἢ
1578 2278 1895 2351 γυναῖκα,ἢ

306 2371 534 2435 παῖδας,
562 2366 705 2426 οὗτοι
734 2370 894 2424 πλέον
921 2370 953 2441 ἢ
985 2370 1267 2435 ἀσθενείας
1290 2370 1611 2435 πεπόνθασι,
1644 2369 1738 2424 καὶ
1761 2371 1898 2424 εἰσὶν

306 2461 608 2534 ἄρρωστοι.
627 2462 942 2535 Κοιμῶνται
971 2462 1027 2515 δὲ
1059 2465 1127 2527 οἱ,
1156 2461 1274 2517 δέον
1307 2461 1596 2534 προσέχειν
1623 2461 1718 2516 καὶ
1736 2463 1900 2534 ἐγρη-

312 2553 541 2626 γορέναι
575 2558 642 2627 τῇ
682 2554 850 2627 ψυχῇ,
882 2552 1039 2607 τοῦτο
1074 2553 1172 2624 μέν
1222 2552 1283 2606 οὐ
1340 2552 1640 2616 ποιοῦντες,
1686 2552 1794 2607 ἀπὸ
1841 2552 1898 2605 δὲ

318 2647 523 2719 πολλῆς
556 2643 881 2719 ἀπροσεξίας
904 2645 1256 2710 νυστάζοντες
1289 2643 1388 2717 τὴν
1422 2644 1762 2717 προαίρεσιν,
1803 2643 1898 2697 καὶ

316 2736 691 2800 ύπνώττοντες
727 2739 838 2801 τοῖς
879 2737 1179 2808 λογισμοῖς
1208 2736 1404 2800 οἵτινες
1453 2733 1897 2805 ἐνυπνιαζόμενοι

319 2827 507 2899 σάρκα
537 2828 634 2898 μὲν
674 2827 965 2903 μιαίνουσι,
991 2826 1327 2899 κυριώτατον
1355 2826 1413 2880 δέ
1439 2824 1713 2890 ἀθετοῦσι,
1741 2823 1898 2890 δόξας

313 2916 375 2972 δὲ
405 2916 835 2989 βλασφημοῦσιν.
863 2912 1020 2973 Οὗτοι
1041 2918 1098 2972 δὲ
1119 2917 1208 2972 διὰ
1235 2917 1296 2972 τὸ
1320 2916 1613 2989 κοιμᾶσθαι
1634 2918 1695 2970 ἐν
1717 2918 1898 2980 κεναῖς

315 3011 425 3063 εἱσι
449 3011 787 3081 φαντασίαις,
821 3010 916 3064 καὶ
938 3010 1443 3082 παραϐαλλομέναις
1465 3008 1755 3073 ἐνυπνίοις,
1779 3009 1898 3072 ταῖς

315 3100 588 3201 περιτῶν
626 3100 969 3201 πραγμάτιον
997 3100 1257 3201 (Ξλίγατὰ.
1288 3102 1386 3173 μὲν
1417 3101 1566 3174 ὕπαρ
1593 3100 1687 3155 καὶ
1719 3098 1894 3171 ἀληθῆ
1924 3142 1967 3201 C

315 3189 419 3242 οὐκ
441 3189 844 3260 ἀποδεχόμενοι,
877 3187 982 3242 ὑπὸ
1006 3187 1062 3242 δὲ
1091 3188 1199 3246 τῶν
1239 3190 1299 3243 ἐν
1329 3193 1452 3256 ταῖς
1488 3192 1670 3253 κεναῖς
1698 3206 1898 3259 φαντα-

316 3281 462 3345 σίαις
494 3281 860 3353 ἀπατώμενοι·
896 3285 1023 3357 περὶ¹
1042 3276 1116 3337 ὢν
1142 3283 1236 3337 καὶ
1258 3283 1316 3336 ἐν
1343 3281 1423 3352 τῷ
1466 3282 1663 3353 Ἡσαΐᾳ
1682 3281 1898 3351 λέγεται

314 3373 395 3428 τό’
423 3392 443 3425 t
474 3374 570 3427 Ὃν
595 3374 793 3446 τρόπον
819 3376 1195 3440 ἐνυπνιάζεται
1214 3375 1242 3427 ό
1262 3373 1430 3445 διψῶν
1448 3373 1524 3438 ὡς
1546 3374 1574 3426 ὁ
1597 3373 1781 3435 πίνων,
1806 3373 1900 3426 καὶ

310 3466 621 3534 ἐξαναστὰς
647 3467 727 3521 ἔτι
762 3468 912 3541 διψᾷ,
945 3471 978 3540 ή
1011 3469 1069 3522 δὲ
1090 3466 1235 3539 ψυχὴ
1272 3464 1436 3522 αὐτοῦ
1467 3469 1548 3531 εἰς
1575 3465 1729 3520 κενὸν
1749 3464 1897 3536 ἧλπι-

314 3574 431 3613 σεψ
463 3557 633 3623 οὕτως
662 3558 814 3614 ἐσται
856 3560 886 3614 ό
912 3559 1140 3623 πλοῦτος
1174 3559 1392 3613 πάντων
1429 3557 1537 3611 τῶν
1564 3555 1753 3619 ἐθνῶν,
1787 3556 1899 3609 ὅσοι

304 3648 755 3722 ἐπεστράτευσαν
787 3654 845 3704 ἐν
889 3648 1245 3724 Ἰερουσαλήμ
1278 3647 1414 3720 (55).
1449 3664 1469 3699 ›
1501 3648 1567 3700 Et
1599 3647 1693 3701 καὶ
1714 3646 1898 3711 ἐδόξα-

312 3757 415 3813 μεν
440 3737 536 3796 οὖν
564 3740 1055 3815 παραϐεϐηκέναι,
1078 3738 1422 3812 διηγούμενοι
1442 3736 1705 3808 διαφορὰν
1733 3735 1895 3790 ἀσθε-

308 3833 443 3899 νῶν,
474 3834 568 3888 καὶ
592 3832 907 3906 ἀρρώστων,
930 3832 1024 3886 καὶ
1044 3822 1516 3903 κοιμωμένων,διὰ
1531 3826 1593 3881 τὸ
1617 3825 1725 3897 τὸν(
1739 3825 1899 3879 Ἀπό-

315 3927 507 3982 στολον
541 3927 599 3981 ἐν
616 3928 683 3998 τῇ
713 3924 849 3996 πρὸς
869 3922 1189 3996 Κορινθίους
1216 3918 1495 3994 είρηκέναι
1516 3917 1554 3975 ἃ
1579 3916 1896 3989 ἐᾷθέμεθα,

307 4016 410 4090 τὴν
439 4015 779 4090 παρέκϐασιν
820 4011 1185 4086 πεποιήμεθα,
1230 4009 1580 4083 βουληθέντες
1619 4010 1903 4083 παραστῆ-

314 4124 407 4162 σαι
437 4108 494 4162 τί
529 4107 850 4181 σημαίνεται
872 4106 1065 4180 νοητδν
1103 4106 1171 4160 ἐκ
1204 4102 1321 4158 τοῦ·
1365 4122 1385 4156 ι
1425 4103 1538 4157 Καὶ
1562 4100 1899 4175 ἐθεράπευσε

308 4201 445 4266 τοὺς
475 4199 789 4274 ἀρρώστους
820 4198 1017 4254 αὐτῶν.
1055 4216 1075 4250 ι

386 4293 545 4349 Μετά
564 4292 720 4347 τοῦτό
740 4307 904 4364 φησιν
922 4292 950 4346 ὁ
964 4289 1140 4360 λόγος,
1161 4288 1267 4353 ὅτι,
1289 4305 1309 4339 t
1327 4286 1487 4357 ὀψίας
1502 4287 1560 4341 δὲ
1578 4285 1898 4358 γενομένης,

319 4384 624 4458 προσῆλθον
645 4384 793 4457 αὐτῷ
819 4386 869 4439 oi.
902 4381 1141 4455 μαθηταὶ
1160 4379 1324 4435 αὑτοῦ
1354 4378 1619 4450 λέγοντες·
1656 4377 1901 4448 Ἔρημός

2013 541 2204 599 Simile
2242 543 2370 598 item
2403 542 2605 598 senties
2637 541 2703 596 de
2739 541 2950 596 caeteris
2982 555 3120 611 quos
3154 542 3583 608 nominavimus,

2008 640 2063 687 et
2103 633 2148 688 si
2196 632 2326 702 quid
2367 631 2516 687 aliud
2559 630 2665 686 illis
2699 629 2855 684 aliine
2885 639 2987 686 est.
3023 629 3292 704 Quoniam
3323 633 3490 704 igitur
3519 651 3585 690 ea

2008 722 2173 777 verba
2205 723 2542 792 explicantes
2572 721 2618 754 “
2645 741 2657 776 :
2693 738 2712 773 ι
2744 721 2971 777 Curavit
2999 723 3287 793 languidos
3313 737 3521 791 eorum,
3558 744 3580 779 ι

2008 824 2117 865 non
2150 825 2312 865 omne
2340 819 2622 880 peccatum
2661 824 2783 865 esse
2836 809 3093 863 morbum
3142 809 3404 877 diximus,
3449 826 3586 866 con-

2009 910 2325 956 sentaneum
2352 909 2438 956 est
2472 916 2537 956 ex
2580 899 2863 970 Scriptura
2902 901 2969 955 de
3012 900 3230 955 illorum
3265 901 3587 959 diﬁ‘crentiis

2006 990 2172 1046 verba
2201 989 2403 1047 facere.
2431 991 2521 1046 Ait
2552 991 2772 1061 quidem
2804 991 3104 1061 Apostolus
3136 991 3455 1060 Corinthiis,
3490 994 3587 1064 qui

2004 1083 2174 1138 variis
2205 1092 2362 1138 erant
2390 1084 2629 1152 peccatis
2654 1082 2843 1147 dediti,
2875 1082 3122 1138 scribens
3156 1084 3201 1116 ”
3236 1102 3249 1139 :
3281 1102 3301 1136 ι
3343 1083 3473 1140 Ideo
3497 1087 3585 1140 in-

2009 1181 2090 1229 tcr
2129 1189 2226 1231 vos
2273 1175 2426 1229 multi
2475 1173 2696 1238 inﬁrmi,
2733 1180 2788 1227 et
2839 1174 3159 1240 imbecilles,
3208 1183 3263 1230 et
3307 1176 3589 1234 dormiunt

2004 1265 2183 1321 multi.
2232 1285 2251 1317 ›
2294 1264 2437 1320 Audi
2480 1265 2746 1335 siquidem
2798 1264 2853 1318 in
2911 1265 2998 1320 his
3043 1280 3243 1320 nexum
3285 1274 3582 1333 texentem,

2004 1364 2429 1425 contextumque
2470 1370 2501 1409 e
2555 1355 2723 1409 variis
2765 1354 3005 1424 peccatis
3047 1354 3373 1425 facientem,
3420 1356 3580 1427 juxta

2003 1459 2165 1513 quem
2195 1444 2247 1497 hi
2279 1443 2496 1513 quidem
2520 1452 2646 1496 sunt
2667 1441 2887 1507 inﬁrmi,
2913 1440 3003 1495 alii
3042 1450 3224 1496 autem
3261 1443 3578 1512 imbecilles,

2006 1533 2129 1601 plus
2163 1548 2325 1602 quam
2356 1530 2577 1593 inﬁrmi,
2602 1536 2657 1584 et
2674 1529 2764 1584 alii
2787 1537 2983 1599 praeter
3012 1540 3291 1601 utrosque,
3314 1534 3409 1604 qui
3448 1535 3578 1589 dor-

2004 1624 2198 1679 miunt.
2225 1621 2388 1694 475
2417 1620 2521 1688 Qui
2547 1621 2693 1676 enim
2718 1630 2937 1691 propter
2963 1621 3131 1676 animi
3152 1623 3483 1681 debilitatem
3512 1629 3579 1681 ad

2003 1714 2232 1786 quodvis
2258 1723 2540 1782 peccatum
2580 1712 2738 1782 proni
2783 1721 2934 1778 sunt,
2979 1728 3080 1769 nec
3117 1714 3214 1769 toti
3249 1716 3409 1771 alicui
3434 1728 3580 1775 certe

2004 1802 2213 1874 peccati
2236 1802 2418 1874 generi
2466 1801 2664 1856 addicti
2692 1809 2842 1863 sunt.
2866 1802 3014 1856 velut
3034 1801 3351 1869 imbecilles,
3380 1803 3581 1861 inﬁrmi

2004 1905 2132 1951 sunt
2166 1903 2410 1960 tantum;
2441 1893 2534 1962 qui
2573 1907 2702 1947 vero
2728 1908 2852 1947 eum
2883 1891 3051 1947 Deum
3096 1908 3281 1950 amare
3321 1896 3583 1952 deberent

2007 1996 2117 2042 toto
2140 1987 2342 2052 animo,
2371 1996 2486 2040 toto
2521 1984 2684 2039 corde
2720 1995 2774 2038 et
2803 1995 2913 2040 tota
2943 1997 3142 2054 mente,
3171 1997 3452 2057 argentum
3482 2004 3581 2058 pro

2003 2095 2069 2136 eo
2095 2080 2179 2135 vel
2211 2079 2518 2151 gloriolam,
2549 2079 2633 2133 vel
2667 2078 2973 2148 mulierem,
3001 2092 3091 2138 aut
3128 2099 3327 2153 pueros
3369 2094 3576 2153 amant,

2004 2171 2285 2242 patiuntur
2308 2171 2361 2224 hi
2390 2170 2595 2240 aliquid
2624 2171 2941 2228 inﬁrmitate
2981 2175 3159 2244 pejus,
3190 2186 3243 2230 et
3282 2178 3580 2234 imbecilles

2005 2267 2151 2313 sunt.
2183 2257 2466 2313 Dormiunt
2511 2268 2690 2314 autem
2724 2263 2814 2330 qui
2851 2279 2974 2318 cum
3009 2263 3240 2319 debeant
3269 2265 3452 2319 animi
3496 2279 3580 2321 at-

2009 2349 2226 2402 tendere
2253 2355 2306 2402 et
2332 2349 2574 2418 vigilare,
2611 2351 2660 2404 id
2689 2353 2906 2423 quidem
2942 2368 3047 2406 non
3084 2352 3311 2419 iaciunt,
3349 2357 3441 2411 sed
3467 2372 3580 2426 pra:

2004 2438 2171 2493 nimia
2218 2440 2445 2510 segnitie
2479 2442 2751 2497 voluntate
2795 2452 3009 2511 nutant,
3055 2453 3109 2499 et
3160 2447 3578 2516 cogitationibus

2003 2530 2295 2585 dormitant
2332 2550 2345 2586 :
2382 2532 2474 2602 qui
2524 2535 2862 2589 somniantes
2914 2551 3133 2590 carnem
3181 2538 3466 2607 polluant;
3523 2539 3578 2593 id

2004 2637 2133 2676 vero
2156 2623 2300 2693 quod
2334 2624 2626 2679 maximam
2657 2626 2819 2680 habet
2839 2627 3217 2682 auctoritatem
3248 2627 3576 2699 improbant,

2003 2720 2058 2767 et
2093 2713 2319 2782 gloriam
2362 2715 2579 2783 probris
2613 2716 2915 2770 incessunt.
2954 2715 3019 2770 lli
3051 2718 3268 2788 quidem
3292 2729 3577 2789 propterea

2004 2803 2150 2874 quod
2178 2802 2474 2870 dormiunt,
2512 2821 2681 2860 vanas
2708 2806 2910 2862 habent
2940 2822 3126 2862 rerum
3165 2808 3581 2880 imaginationcs

2005 2895 2237 2950 somniis
2290 2911 2549 2965 perquam
2595 2897 2822 2963 similes,
2873 2913 3000 2952 vera
3040 2899 3258 2968 quidem
3302 2899 3414 2955 visa
3468 2917 3578 2960 non

2004 2986 2374 3051 admittentes,
2422 2987 2676 3041 inaniI-us
2726 2997 2907 3043 autem
2954 2990 3434 3059 imaginationibus
3481 2992 3580 3051 de-

2004 3077 2144 3148 cepti
2179 3094 2193 3131 :
2217 3079 2282 3131 de
2307 3078 2506 3148 quibus
2535 3089 2589 3133 et
2619 3078 2669 3132 id
2698 3079 2898 3134 dicitur
2930 3079 2984 3134 in
3008 3079 3148 3135 lsaia
3168 3082 3214 3113 “
3247 3098 3261 3135 :
3299 3100 3317 3133 ι
3346 3080 3414 3137 Ει
3436 3083 3581 3139 sicut

1999 3169 2237 3225 somniat
2268 3170 2478 3236 sitiens,
2505 3178 2558 3226 et
2586 3171 2740 3237 bibit,
2766 3181 2818 3227 et
2851 3182 3138 3242 postquam
3172 3172 3335 3229 fuerit
3377 3188 3573 3246 exper-

1997 3261 2261 3335 gefactus,
2297 3261 2478 3317 adhuc
2509 3262 2645 3325 sitit,
2689 3271 2741 3318 et
2775 3262 2956 3317 anima
3003 3263 3121 3333 ejus
3161 3262 3359 3319 frustra
3394 3278 3580 3334 spera.

1996 3353 2103 3419 vit;
2135 3352 2215 3408 sic
2249 3360 2410 3407 erunt
2438 3352 2641 3408 divitiae
2670 3355 2914 3408 omnium
2942 3355 3206 3425 gentium,
3236 3369 3576 3425 quaecunque

2001 3443 2370 3498 militaverunt
2414 3443 2469 3498 in
2501 3443 2823 3499 Jerusalem.
2869 3465 2888 3498 ι
2932 3443 3047 3501 Etsi
3076 3461 3206 3516 ergo
3246 3445 3579 3515 explicantes

1997 3532 2353 3588 differentiam
2394 3533 2760 3599 inﬁrmorum,
2786 3534 3186 3589 imbecillorum
3216 3544 3269 3589 et
3298 3535 3576 3590 dormien-

1998 3622 2155 3685 tium,
2177 3622 2461 3676 divertisse
2502 3623 2800 3690 videamur,
2834 3625 2954 3678 ideo
2991 3624 3382 3693 digressionem
3433 3625 3577 3681 hanc

1998 3711 2246 3778 fecimus,
2274 3711 2420 3782 quod
2474 3726 2537 3765 ea
2570 3712 2769 3767 dixerit
2811 3713 3107 3782 Apostolus
3144 3713 3197 3766 in
3226 3706 3467 3782 Epistola
3507 3714 3577 3770 ad

1998 3804 2333 3867 Corinthios,
2393 3819 2515 3874 quae
2569 3805 2950 3872 exposuimus,
3001 3798 3245 3858 volente’s
3291 3806 3577 3861 ostendere

1998 3897 2128 3969 quid
2182 3896 2269 3952 bis
2308 3896 2488 3951 verbis
2520 3895 2930 3965 intelligendum
2966 3895 3300 3965 signiﬁcetur
3322 3894 3365 3927 ⁸⁷
3398 3912 3414 3950 :
3455 3914 3476 3950 ο
3513 3895 3579 3951 Et

1997 3987 2208 4044 curavit
2226 3987 2517 4060 languidos
2546 4002 2756 4045 eorum.
2793 4005 2813 4039 ι

2071 4274 2164 4330 25.
2223 4272 2418 4329 Postea
2476 4273 2559 4328 sic
2623 4271 2786 4327 habet
2828 4271 3101 4327 sermonis
3148 4281 3433 4329 contextus
3472 4273 3519 4306 “'
3556 4290 3572 4328 :

2005 4385 2026 4419 ι
2068 4365 2302 4437 Vespere
2330 4374 2509 4420 autem
2545 4364 2710 4430 facto,
2752 4372 3102 4418 accesserunt
3141 4365 3207 4420 ad
3248 4382 3372 4420 eum
3405 4366 3575 4423 disci-

314 4456 470 4531 ἐστιν
489 4456 526 4531 Ϋὸ
560 4476 746 4541 τόπος,
768 4456 881 4530 καὶ
926 4475 960 4546 ἡ
999 4472 1121 4545 ὥρα
1161 4468 1437 4542 παρῆλθεν
1474 4469 1596 4542 ήδη·
1631 4466 1900 4521 ἀπόλυσον

2005 4461 2113 4533 puli
2143 4460 2262 4530 ejus
2290 4459 2574 4514 dicentes:
2609 4456 2864 4514 Desertus
2897 4464 2979 4512 est
3012 4457 3190 4523 locus,
3226 4465 3280 4512 et
3306 4459 3438 4513 hora
3465 4458 3573 4528 iam

320 4562 415 4624 οὖν
446 4568 572 4631 τοὺς
592 4567 800 4638 ὄχλους,
828 4566 935 4632 ἵνα,
961 4562 1285 4626 ἀπελθόντες
1302 4561 1383 4626 εἰς
1404 4559 1503 4625 τὰς
1527 4557 1740 4631 κώμας,
1769 4559 1900 4627 ἀγο-

318 4659 566 4729 ράσωσιν
596 4658 807 4719 ἐαυτοῖς
839 4653 1119 4727 βρώματα.
1162 4673 1182 4707 ι
1219 4652 1330 4708 Καὶ
1359 4650 1574 4724 πρῶτόν
1622 4666 1687 4718 γε
1728 4650 1901 4722 τήρη-

324 4763 439 4812 σον,
482 4746 585 4809 ὃτι,
625 4744 832 4817 μέλλων
873 4744 998 4809 τοὺς
1037 4746 1138 4816 τῆς
1175 4742 1425 4812 εὐλογίας
1465 4741 1661 4814 ἄρτους
1698 4739 1898 4795 διδόναι

321 4839 435 4901 τοῖς
457 4835 747 4910 μαθηταῖς,
771 4836 857 4890 ἵνα
878 4835 1164 4908 παραθῶσι
1190 4838 1302 4900 τοῖς
1329 4834 1526 4905 ὄχλοις,
1563 4831 1895 4903 ἐθεράπευσε

322 4923 448 4995 τοὺς
501 4926 841 5000 ἀρρώστους,
889 4927 977 4981 ἵνα
1012 4927 1333 4996 ὑγιάναντες
1367 4924 1477 4981 τῶν
1505 4926 1603 4996 τῆς
1649 4922 1897 4992 εὐλογίας

329 5017 708 5086 μεταλάϐωσιν
726 5017 927 5090 ἀρτωνο
949 5017 1009 5070 οὐ
1039 5016 1148 5087 γὰρ
1175 5016 1427 5070 δύνανται
1451 5017 1500 5070 οἱ
1525 5015 1606 5068 ἔτι
1628 5014 1898 5087 ἄρρωστοι

325 5109 571 5182 χωρῆσαι
603 5111 731 5174 τοὺς
757 5110 855 5181 τῆς
899 5107 1074 5179 Ἰησοῦ
1106 5107 1355 5177 εὐλογίας
1371 5107 1587 5179 ἄρτους.
1628 5104 1786 5158 Ἀλλὰ
1806 5105 1899 5158 καὶ

325 5197 421 5256 Ην
450 5216 553 5270 τις,
584 5202 701 5257 δέον
739 5200 955 5257 ἀκούειν
983 5197 1100 5255 τοῦ·
1147 5219 1167 5252 ι
1202 5197 1550 5271 Δοκιμαξέτω
1575 5197 1633 5251 δὲ
1669 5197 1899 5260 ἕκαστος

400 5407 447 5442 ⁸⁸
476 5408 665 5466 Matth.
693 5425 806 5478 xiv,
836 5409 921 5464 M.
1000 5408 1044 5440 ⁸⁸
1077 5407 1091 5461 l
1116 5390 1241 5462 Cor.
1270 5421 1346 5468 xr,
1374 5404 1463 5459 50.
1541 5402 1707 5456 “lsa.
1738 5414 1888 5464 xxix,
1923 5398 1977 5454 8.

334 5657 378 5714 Ε
401 5588 513 5662 (54)
552 5588 682 5657 Ταῖς
705 5589 834 5658 περὶ
858 5586 976 5643 τῶν
999 5581 1372 5656 πραγμάτων.
1408 5576 1532 5634 Ιῐεεε
1556 5574 1900 5648 praetermisit

381 5674 611 5714 rasmus.
1834 5713 1839 5714 ,

381 5674 611 5715 I‘ISHIIIS.

403 5713 515 5791 (55)
552 5713 1103 5798 νἘπεστράτευσαν
1162 5725 1233 5780 ὲν
1309 5715 1714 5791 Ἰερουσαλήμ.
1793 5713 1895 5790 Ms.
1940 5803 1953 5807 ‘

2004 4552 2294 4624 praeteriit;
2352 4550 2562 4605 dimitte
2605 4550 2832 4617 turbas,
2889 4557 2948 4603 ut
2986 4561 3179 4604 euntes
3229 4551 3283 4604 in
3330 4550 3573 4616 castella,

2003 4652 2189 4700 emant
2224 4643 2328 4699 sibi
2350 4657 2528 4698 escas.
2563 4661 2583 4695 ι
2613 4641 2693 4698 Αε
2722 4643 2899 4712 primo
2921 4644 3139 4713 quidem
3171 4642 3396 4696 observa
3429 4642 3577 4697 hunc

2004 4749 2226 4791 sanasse
2264 4748 2458 4804 aegros,
2497 4747 2622 4789 cum
2661 4749 2831 4804 panes
2872 4733 3264 4788 benedictionis
3292 4718 3577 4801 discipulis

2002 4827 2230 4882 daturus
2253 4833 2420 4889 esset,
2472 4840 2614 4895 quos
2653 4824 2828 4880 turbis
2872 4833 3224 4894 apponerent,
3266 4832 3326 4878 ut
3358 4822 3578 4880 sanitati

2002 4916 2240 4973 restituti
2277 4931 2476 4987 panum
2546 4915 2943 4971 benedictionis
2997 4913 3191 4970 ﬁerent
3244 4914 3574 4986 participes;

2005 5022 2105 5064 nec
2133 5007 2279 5062 enim
2315 5008 2409 5077 qui
2456 5006 2755 5060 etiamnum
2788 5006 2988 5060 inﬁrmi
3037 5015 3184 5073 sunt,
3214 5021 3383 5076 panes
3414 5008 3580 5063 bene-

2004 5098 2262 5155 dictionis
2291 5096 2420 5153 Jesu
2454 5112 2646 5167 capere
2674 5106 2924 5168 possunt.
2958 5097 3065 5154 Sed
3109 5109 3159 5154 et
3205 5099 3249 5154 si
3289 5099 3415 5169 quis
3451 5114 3576 5154 cum

2005 5191 2119 5247 haec
2153 5190 2345 5246 audire
2369 5188 2590 5245 deberet
2623 5207 2639 5244 :
2682 5206 2703 5241 ι
2740 5188 2939 5245 Probet
2982 5196 3166 5246 autem
3200 5191 3582 5261 unusquisque

2054 5396 2098 5427 "'
2128 5395 2321 5449 Matth.
2350 5408 2462 5459 xlv,
2492 5395 2578 5450 M.
2652 5395 2696 5426 ⁸⁸
2721 5392 2853 5449 Ibid.
2878 5393 2969 5452 15.

2002 5572 2406 5642 Alexandrinus
2444 5613 2458 5627 .
2520 5572 2646 5625 Ἐπὶ
2701 5569 3056 5642 Ἰερουσαλὴμ
3095 5570 3190 5625 καὶ
3226 5565 3425 5642 sunt
3450 5568 3574 5642 ὅρος

2002 5642 2160 5696 Σιών.
2197 5641 2353 5710 Quod
2384 5650 2605 5697 secutus
2629 5648 2713 5696 est
2745 5640 2941 5694 Arabs.
2983 5640 3223 5710 Reliquae
3263 5640 3529 5697 editiones
3559 5688 3573 5702 λ

2008 5731 2030 5766 ι
2057 5713 2260 5771 Contra
2285 5719 2527 5769 montem
2559 5711 2712 5768 Sion.
2748 5729 2767 5762 ι
2805 5710 3115 5773 ωσι-[ωε.
