4094 6290
572 233 680 287 903
1932 270 1939 275 ν’
2038 249 2102 308 01

2211 247 2367 347 ΕΝΙξ
3724 270 3832 327 9οι

566 350 838 421 seipsum,
865 358 920 409 et
947 350 1025 410 sic
1057 354 1125 409 de
1154 357 1398 424 paneillo
1419 357 1545 414 edat
1564 360 1633 424 ",
1669 378 1686 412 ι
1714 370 1768 416 et
1808 371 2026 430 cmtera,
2058 367 2102 422 hi

2208 407 2220 432 ι
2255 362 2467 436 ἑαυτὸν,
2493 375 2587 425 καὶ
2618 373 2789 438 οὕτως
2833 376 3056 431 ἐσθιέτω
3097 380 3161 432 ὲκ
3199 379 3294 434 τοῦ
3334 382 3498 453 ἄρτου
3520 422 3535 447 ,
3571 401 3591 435 ι
3624 384 3722 438 καὶ
3760 387 3831 441 τὰ

568 452 680 540 non
706 442 1038 512 obtemperat
1062 444 1304 514 quidem,
1343 451 1438 503 sed
1478 459 1681 507 temere
1706 469 1899 524 panem
1928 456 2102 513 Domit

2252 457 2436 525 λοιπὰ,
2460 460 2664 516 τούτων
2690 465 2787 535 μὲν
2809 465 2884 536 μὴ
2899 468 3198 542 κατακούῃ,
3214 471 3291 535 ὡς
3306 442 3460 544 ἔτυχε
3555 476 3809 547 μεταλαμ

566 527 796 638 ejusque
834 532 1058 586 calicem
1090 535 1278 600 sumit,
1304 536 1628 607 imbecillus,
1674 546 1759 601 vel
1787 548 2036 604 infirmus
2068 551 2099 605 li

2254 549 2392 623 ϐἀνῃ
2426 550 2589 622 ἄρτου
2630 527 2978 628 κυρίου,’καὶ
3016 527 3287 633 ποττίρίου*
3321 527 3823 638 αὑζοῦ,έσθενίιςτῖί

566 618 648 673 vel
673 617 947 676 dormiens
978 638 1044 677 ex
1081 639 1167 689 ea,
1196 635 1255 681 ut
1289 628 1361 684 ita
1391 631 1592 702 dicam,
1631 638 1827 707 capitis
1857 641 2102 708 grav-edin

2365 617 2392 623 --
2468 617 2478 622 -
2722 617 2735 628 .
2843 617 2853 622 -
3142 617 3173 633 ιι
3493 617 3756 638 """‘I'
3798 617 3822 623 "

2254 639 2534 712 ἄρρωστος
2566 645 2793 712 γίνεται,
2820 648 2852 718 ἢ
2882 650 2975 702 καὶ
3001 651 3066 705 ἐκ
3091 652 3207 717 τοῦ,
3235 654 3301 707 ἶν’
3326 654 3496 720 οὕτως
3531 658 3692 720 εἴπω,
3726 675 3829 712 κα-

563 724 727 779 quam
754 727 784 766 a
812 711 861 766 vi
894 715 1054 783 panis
1078 720 1354 776 contrahit

2257 711 2481 804 ροῦσθαι
2508 711 2615 788 ὑπὸ
2636 736 2736 807 τῆς
2762 711 2855 792 τοῦἱ
2878 740 3046 813 ἄρτου
3068 711 3369 815 δυνάμεως,
3392 711 3757 819 κοιμώμενος.

591 909 3799 962 ——_____.._____________________________

1796 1104 2180 1193 ΤΟΜΟΣ
2225 1106 2349 1191 ΙΑ¹
2413 1097 2567 1194 (⁵6).

1568 1454 1977 1547 TOMUS
2063 1459 2605 1554 UNDECIM
2630 1468 2801 1557 US.

627 1661 854 1735 4761.
867 1683 885 1716 ι
909 1663 1143 1733 Vespere
1162 1675 1344 1721 autem
1359 1665 1527 1736 facto,
1549 1680 1899 1726 accesserunt
1918 1672 1986 1727 ad
2003 1689 2102 1728 eun

2277 1696 2328 1772 ἰ
2367 1678 2556 1772 ἒοψίας
2586 1680 2641 1734 δὲ
2660 1685 2978 1755 γενομένης,
3005 1687 3308 1760 προσῆλθον
3323 1692 3471 1765 αὐτῷ
3494 1695 3545 1749 oi
3574 1698 3812 1772 μαθηταὶ

551 1755 802 1827 discipuli
832 1758 952 1829 ejus
976 1760 1022 1792 ⁷⁸
1048 1779 1062 1814 :
1101 1779 1119 1812 ι
1146 1760 1252 1816 hoc
1282 1770 1388 1828 est,
1428 1761 1484 1816 in
1512 1765 1985 1820 consummatione
2024 1782 2102 1821 sae

2230 1768 2417 1822 αὑτοῦ·
2462 1789 2480 1822 ι
2505 1773 2783 1828 τουτέστιν
2804 1778 2897 1830 ἐπὶ
2925 1780 3208 1853 συντελείᾳ
3227 1783 3322 1836 τοῦ
3348 1785 3564 1853 αίῶνος,
3594 1792 3717 1845 καθ’
3751 1792 3811 1848 δν

548 1848 681 1914 culi,
726 1849 793 1904 de
828 1866 938 1919 quo
964 1861 1269 1922 Opportune
1307 1853 1489 1908 dicere
1515 1854 1641 1909 licet
1676 1855 1730 1911 id
1769 1858 1915 1927 quod
1948 1867 2101 1913 exsta

2229 1859 2375 1914 ἔστιν
2403 1861 2673 1935 εὐκαίρως
2706 1868 2877 1922 εἰπεῖν
2902 1870 2984 1924 τόο
3013 1889 3034 1923 ι
3076 1848 3309 1946 Ἔσχάτη
3331 1876 3451 1950 ὥρα
3494 1848 3662 1949 ἐστὶν,
3702 1906 3722 1936 ι
3751 1886 3809 1939 ὲν

551 1939 605 1994 in
657 1940 893 2007 Epistola
951 1941 1179 1999 Joannis
1213 1945 1300 1998 '“:
1349 1963 1368 1996 ι
1409 1943 1717 2003 Novissima
1766 1950 1899 2004 hora
1938 1958 2054 2017 est;
2100 1970 2102 2002 ς

2225 1953 2290 2022 τῇ
2352 1953 2595 2009 Ἰωάννου
2651 1956 2939 2032 Ἐπιστολῇ
2973 1939 3240 2035 κείμενον·
3297 1939 3524 2037 οἵτινες,
3579 1939 3808 2047 μηδέπω

546 2033 642 2102 qui
680 2033 919 2088 nondum
956 2034 1452 2092 animadvertentes
1493 2039 1623 2105 quid
1664 2037 1937 2095 facturum
1978 2057 2100 2097 esse

2225 2044 2474 2136 νοοῦντες
2494 2046 2522 2099 ὃ
2553 2046 2744 2119 ἔμελλε
2795 2056 2970 2108 ποιεῖν
3013 2057 3042 2108 6
3068 2033 3269 2125 λόγος,
3326 2061 3489 2129 φασὶν
3511 2033 3692 2136 exitii),
3723 2069 3805 2122 ὅτι

548 2124 806 2191 Verbum,
842 2126 1031 2181 dicunt
1059 2126 1136 2181 illi
1176 2145 1198 2178 ι
1234 2127 1509 2183 desertum
1561 2145 1683 2186 esse
1725 2131 1926 2197 locum,
1974 2153 1992 2185 ν
2044 2133 2102 2188 vi-

2229 2151 2249 2184 ι
2291 2133 2494 2206 ἔρημός
2515 2137 2660 2191 ἐστιν
2693 2139 2721 2191 6
2748 2139 2931 2207 τόπος,
2972 2160 2993 2194 ›
3029 2124 3261 2214 ὁρῶντες
3280 2124 3380 2217 τήν
3405 2145 3499 2200 τοῦ
3524 2124 3691 2217 Θεοῧ,
3712 2153 3804 2206 καὶ

540 2213 735 2272 dentes
760 2219 1084 2273 vacuitatem
1122 2234 1154 2273 a
1198 2217 1330 2285 Deo,
1367 2227 1421 2274 et
1464 2221 1598 2292 lege,
1629 2233 1683 2277 et
1714 2221 1892 2280 Verbo
1930 2225 1983 2278 in
2005 2225 2102 2295 ple-

2221 2218 2407 2290 νόμου,
2439 2221 2534 2274 καῖ¹
2556 2223 2730 2292 Λόγου
2759 2227 2992 2299 ἐρημίαν
3015 2213 3072 2283 ὲν
3110 2234 3223 2296 τοῖς
3254 2213 3490 2300 πολλοῖςο
3515 2213 3733 2306 λέγουσι
3756 2239 3802 2295 δ’

541 2306 756 2378 risque;
781 2308 973 2365 dicunt
999 2318 1182 2365 autem
1212 2310 1317 2364 hoc
1346 2310 1454 2364 illi:
1487 2331 1506 2363 ι
1543 2311 1609 2367 Ει
1635 2314 1767 2368 hora
1795 2315 2072 2385 praeteriit,
2097 2336 2102 2368 1

2220 2309 2370 2381 αὐτῷ
2391 2311 2470 2365 τόο
2505 2331 2524 2364 ι
2554 2312 2666 2367 Καὶ
2690 2317 2722 2386 ἡ
2750 2315 2870 2388 ὥρα
2898 2319 3195 2390 παρῆλθεν,
3222 2344 3241 2377 ι
3268 2326 3429 2380 οἱονεὶ
3463 2329 3803 2401 παρελήλυθε

541 2400 812 2466 videlicet,
847 2402 1101 2471 praeteriit
1131 2404 1524 2473 tempestivitas
1557 2405 1691 2476 legis
1728 2414 1783 2460 et
1825 2407 2121 2477 propheta-

540 2508 687 2550 rum.
719 2491 973 2550 Fortasse
998 2510 1126 2550 vero
1157 2495 1287 2549 illud
1323 2496 1599 2563 dixerunt,
1643 2498 1711 2552 ad
1743 2499 1795 2553 id
1823 2499 2120 2558 referentes

542 2597 879 2652 sermonem,
903 2587 1046 2656 quod
1077 2597 1301 2658 propter
1326 2599 1669 2659 amputatum
1698 2587 1895 2644 Joanni
1930 2599 2115 2661 caput,

536 2682 591 2728 et
617 2673 724 2740 lex,
751 2685 804 2731 et
833 2677 1126 2746 prophetae,
1156 2678 1248 2748 qui
1276 2678 1346 2734 ad
1371 2678 1635 2734 Joannem
1669 2694 1842 2749 usque
1881 2678 2115 2749 fuerant,

536 2766 821 2824 desierint.
866 2768 1127 2824 Praeteriit
1186 2770 1374 2842 igitur,
1414 2772 1687 2842 inquiunt,
1737 2772 1892 2838 hora,
1939 2787 2117 2843 neque

535 2858 694 2915 adest
713 2860 890 2927 cibus,
920 2861 1064 2929 quod
1095 2871 1308 2931 tempus
1334 2862 1478 2918 illius
1500 2879 1605 2917 non
1629 2863 1863 2933 amplius
1885 2862 1956 2918 sit
1977 2879 2116 2934 prae—

535 2966 689 3020 sens,
721 2960 782 3007 ut
812 2953 848 3007 ii
882 2953 976 3023 qui
1024 2954 1079 3007 in
1125 2955 1341 3010 deserto
1396 2964 1447 3009 te
1496 2955 1667 3010 secuti
1708 2962 1856 3022 sunt,
1908 2955 2011 3025 legi
2061 2963 2116 3011 et

2217 2401 2280 2455 τὸ
2302 2401 2558 2476 εὔκαιρον
2582 2405 2748 2477 νόμου
2775 2411 2869 2464 καὶ
2891 2414 3208 2484 προφητῶν.
3243 2417 3395 2488 Τάχα
3426 2419 3485 2473 δὲ
3510 2419 3668 2474 τοῦτο
3686 2422 3802 2476 ἔλε-

2216 2509 2333 2563 γον,
2371 2495 2733 2569 ἀναφέροντες
2757 2499 2847 2555 τὸν
2875 2500 3051 2572 λόγον,
3072 2506 3166 2559 καὶ
3194 2506 3283 2562 διὰ
3314 2509 3375 2562 τὸ
3406 2509 3498 2565 τὸν
3544 2513 3801 2586 Ἰωάννην

2216 2585 2736 2657 ἀποκεκεφαλίσθαι,
2759 2591 2854 2645 καὶ
2881 2593 2973 2648 τὸν
3007 2596 3171 2667 νόμον
3208 2599 3302 2653 καὶ
3331 2601 3459 2665 τοὺς
3493 2585 3800 2675 προφήτας,

2213 2678 2264 2732 οἳ
2308 2676 2450 2752 ἦσαν
2497 2683 2657 2755 μέχρι
2704 2684 2974 2753 Ἰωάννου,
3010 2690 3340 2747 πεπαῦσθαι.
3369 2694 3657 2767 Παρῆλθεν
3684 2693 3799 2763 οὖν.

2216 2770 2378 2841 φασὶν
2401 2770 2538 2843 (57),
2558 2776 2591 2844 ἡ
2616 2771 2755 2844 ὥρα,
2780 2776 2875 2830 καὶ
2893 2777 2955 2830 οὐ
2987 2781 3216 2853 πάρεστι
3246 2783 3441 2855 τροφὴ,
3472 2783 3552 2857 τῷ
3568 2785 3659 2840 τὸν
3680 2804 3801 2841 και-

2217 2863 2306 2935 ρὸν
2344 2865 2512 2935 αὐτῆς
2548 2865 2745 2936 μηκέτι
2778 2869 3144 2942 ἐνεστηκέναι,
3182 2873 3249 2928 ἵν’
3273 2876 3320 2927 οί
3369 2875 3428 2928 ὲν
3473 2876 3541 2947 τῇ
3583 2878 3797 2949 ἐρήμῳ,

2216 2952 2681 3026 ἀκολουθήσαντές
2741 2974 2841 3023 σοι,
2888 2958 3038 3029 νόμῳ
3078 2962 3171 3013 καὶ
3224 2964 3530 3033 προφήταις
3577 2964 3796 3018 δουλεύ-

534 3042 817 3113 prophetis
864 3042 1125 3098 serviant.
1173 3043 1439 3099 Praeterea
1489 3045 1679 3099 dicunt
1723 3045 1973 3115 discipuli
2000 3046 2045 3078 ’τί
2096 3065 2102 3101 :

2219 3059 2372 3096 σωσι.
2421 3046 2529 3099 Καὶ
2564 3044 2643 3101 ἔτι
2680 3047 2841 3116 φασὶν
2870 3048 2920 3100 oi
2951 3048 3205 3118 μαθηταί⁸
3258 3030 3545 3106 ’Ἀπόλυσον
3576 3048 3669 3106 οὖν
3694 3054 3792 3107 αὐ-

535 3131 757 3187 Dimitte
785 3148 916 3203 ergo
959 3133 1100 3200 illos,
1145 3141 1204 3188 ut
1237 3134 1638 3206 unusquisque,
1680 3135 1726 3190 si
1766 3135 1835 3190 ab
1884 3135 2112 3191 urbibus

535 3240 645 3280 non
674 3233 874 3296 potest,
928 3235 1075 3280 certe
1115 3242 1145 3281 a
1182 3227 1339 3287 vicis,
1377 3215 1512 3282 locis
1552 3241 1747 3296 nempe
1778 3227 2113 3298 ignobiliori-

535 3317 661 3384 bus,
697 3318 902 3373 cibaria
949 3328 1113 3373 emat.
1156 3317 1283 3374 Haec
1320 3319 1540 3389 quidem
1575 3318 1830 3373 dicebant
1859 3319 2111 3387 discipuli

533 3423 631 3480 per
664 3410 1079 3466 dissolutionem
1128 3413 1414 3482 scripturae
1458 3410 1594 3482 legis
1645 3420 1700 3466 et
1747 3410 2109 3466 cessationem

531 3501 942 3572 prophetiarum
973 3503 1326 3573 desperantes
1355 3506 1531 3560 turbis
1553 3502 1778 3573 reperiri
1807 3517 1969 3573 posse
1999 3518 2108 3558 non

527 3603 872 3665 exspectatus
919 3604 975 3649 et
1024 3610 1197 3651 novos
1230 3597 1402 3651 cibos.
1442 3596 1545 3652 Sed
1587 3598 1708 3651 vide
1765 3596 1895 3666 quid
1948 3593 2107 3651 Jesus

527 3685 812 3755 discipulis
860 3687 1202 3756 responderit
1259 3696 1466 3742 tantum
1522 3703 1631 3742 non
1685 3687 2016 3753 vociferans,
2053 3694 2108 3741 et

526 3786 712 3847 aperte
740 3778 929 3834 dicens
968 3797 981 3833 :
1015 3777 1355 3835 Existimatis
1376 3780 1593 3850 quidem
1618 3794 1736 3845 vos,
1759 3778 1806 3833 si
1842 3779 2107 3833 discesse-

527 3870 658 3922 rita
695 3885 783 3924 me
836 3870 1025 3938 ingens
1072 3872 1186 3926 lucc
1230 3873 1520 3926 multitudo
1560 3871 1684 3926 cibo
1714 3870 1982 3939 indigens,
2019 3885 2106 3924 re-

526 3969 804 4028 perturam
830 3962 1011 4031 potius
1040 3962 1094 4016 in
1119 3962 1274 4025 vicis,
1308 3979 1471 4033 quam
1504 3962 1646 4032 apud
1682 3976 1801 4028 me;
1833 3969 1887 4014 et
1911 3961 1963 4014 in
1987 3975 2103 4016 cm-

531 4048 673 4104 tibus
720 4050 1001 4106 hominum
1057 4068 1165 4107 non
1208 4054 1564 4120 urbanorum,
1599 4058 1692 4111 sed
1740 4072 2098 4129 paganorum,

527 4142 710 4211 potius
737 4158 901 4212 quam
930 4144 977 4199 si
1020 4146 1162 4215 apud
1200 4161 1288 4201 me
1334 4147 1598 4201 manserit
1633 4165 1647 4201 :
1678 4164 1778 4218 ego
1796 4164 1926 4204 vero
1947 4151 2101 4206 vobis

523 4235 817 4306 pronuntio
867 4250 932 4291 ea
982 4251 1041 4291 re
1091 4253 1200 4291 non
1239 4237 1481 4308 indigere
1520 4238 1644 4293 illos
1696 4256 1802 4310 qua
1856 4241 2099 4313 indigere

2213 3134 2361 3200 τοὺς,
2417 3135 2483 3189 ἶν’
2525 3137 2776 3201 ἕκαστος,
2807 3138 2852 3189 εί
2895 3138 2969 3210 μὴ
3015 3138 3236 3194 δύναται
3282 3141 3388 3195 ἀπὸ
3413 3142 3524 3196 τῶν
3559 3144 3788 3213 πόλεων,

2212 3225 2328 3280 ἀλλ’
2357 3226 2465 3280 ἀπὸ
2495 3227 2605 3281 τῶν
2639 3227 2862 3300 κωμῶν,
2896 3229 3003 3282 τῶν
3034 3230 3367 3304 ἀτιμοτέρων
3391 3235 3627 3306 χωρίων,
3649 3236 3793 3308 ὠνή-

2213 3335 2372 3389 σηται
2399 3317 2682 3389 βρώματα.
2713 3319 2897 3374 Ταῦτα
2932 3321 3028 3391 μὲν
3051 3320 3283 3392 ἔφασκον
3304 3324 3353 3375 oi
3383 3324 3643 3396 μαθηταὶ,
3662 3330 3796 3383 ἀπο-

2209 3406 2566 3477 γινώσκοντες
2590 3410 2704 3473 τοῖς
2731 3410 2908 3481 ὄχλοις
2936 3411 3349 3484 εὑρεθήσεσθαι,
3419 3416 3560 3486 μετὰ
3592 3418 3654 3472 τὸ
3694 3436 3796 3474 κα-

2207 3497 2532 3553 ταλελύσθαι
2585 3499 2648 3552 τὸ
2685 3502 2920 3572 γράμμα
2967 3501 3062 3555 τοῦ
3115 3502 3304 3576 νόμου,
3350 3506 3445 3558 καὶ
3480 3508 3792 3565 πεπαῦσθαι

2209 3586 2566 3657 προφητείας,
2604 3587 2938 3658 παραδόξους
2962 3591 3057 3643 καὶ
3092 3592 3282 3655 καινὰς
3306 3595 3530 3666 τροφάς.
3593 3597 3730 3651 Ἀλλ’
3760 3601 3790 3653 ό

2219 3679 2425 3749 Ἰησοῦς
2451 3679 2553 3751 ὅρα
2578 3679 2630 3732 τί
2658 3681 3008 3752 ἀποκρίνεται
3033 3684 3146 3747 τοῖς
3182 3683 3471 3756 μαθηταῖς,
3504 3690 3786 3761 μονονουχὶ

2208 3766 2346 3838 βοῶν
2367 3769 2460 3821 καὶ
2485 3768 2672 3838 σαφῶς
2691 3769 2885 3838 λέγων·
2921 3769 3110 3842 Ὑμεῖς
3137 3774 3235 3844 μὲν
3254 3774 3663 3847 ὑπολαμϐάνετε
3681 3780 3783 3843 ὅτι,

2207 3858 2302 3912 ἐὰν
2325 3859 2631 3914 ἀπέλθωσιν
2660 3863 2755 3915 ἀπ’
2778 3860 2912 3932 ἐμοῦ
2941 3863 2970 3914 6
2997 3864 3164 3928 πολὺς
3187 3865 3342 3935 ὄχλος
3359 3867 3651 3938 χρῄζοντες
3673 3870 3784 3943 (58)

2202 3951 2439 4021 τροφῶν,
2462 3951 2666 4015 ταύτας
2697 3954 3018 4025 εὑρήσουσιν
3044 3958 3104 4009 ὲν
3135 3955 3349 4027 κώμαις
3372 3960 3623 4032 μᾶλλονῆ
3654 3965 3784 4034 παρ’

2202 4041 2347 4113 ἐμοὶ,
2374 4044 2468 4096 καὶ
2498 4045 2556 4096 ὲν
2589 4041 2929 4115 συστήμασιν
2960 4045 3262 4118 ἀνθρώπων
3288 4049 3348 4101 οὐ
3379 4050 3631 4116 πολιτῶν,
3649 4052 3784 4106 ἀλλά

2201 4135 2472 4206 κωμητῶν
2501 4135 2769 4207 μᾶλλον,ἢ
2794 4139 2874 4189 ὅτι
2905 4140 3277 4210 παραμενοῦσι
3313 4158 3423 4212 μοι’
3448 4141 3560 4211 ἐγὼ
3577 4143 3633 4196 δὲ
3653 4145 3780 4216 ὑμῖν

2199 4226 2589 4298 ἀποφαίνομαι,
2619 4228 2701 4281 ὅτι
2740 4223 3384 4312 οὗνμξνδπολαμϐἀνετε
3417 4232 3638 4305 χρῄζειν
3678 4234 3779 4287 αὑ-

524 4323 774 4381 creditis:
805 4341 906 4380 nec
931 4326 1075 4380 enim
1105 4327 1341 4381 abitione
1372 4329 1477 4383 illis
1499 4345 1637 4394 opus
1659 4339 1743 4384 est
1774 4349 1787 4383 :
1830 4346 1937 4400 qua
1965 4347 2095 4386 vero

2208 4319 2343 4383 τοὺς,
2377 4319 2438 4371 οὐ
2469 4318 2775 4390 χρῄζουσιν⁸
2808 4320 2869 4373 οὗ
2889 4307 3213 4392 ἰᾖδιᾷδζρείαν
3235 4322 3447 4393 ἔχουσιν
3483 4322 3576 4377 τοῦ
3614 4324 3781 4378 ἀπελ-

523 4427 583 4475 re
605 4428 711 4466 non
744 4429 902 4483 egere
930 4414 1051 4467 illos
1080 4415 1426 4481 existimatis,
1475 4433 1560 4472 me
1601 4420 1866 4485 videlicet,
1901 4431 1960 4475 ut
1999 4423 2092 4491 qui

2208 4410 2330 4464 Θεῖν’
2366 4406 2428 4465 οὗ
2459 4414 2516 4467 δὲ
2551 4414 2800 4485 νομίζετε
2837 4415 3036 4478 αὐτοὺς
3086 4416 3160 4488 μὴ
3191 4416 3335 4487 ἔχειν
3363 4417 3572 4491 χρείαν,
3596 4417 3770 4471 τουτέ-

522 4510 648 4570 pote
676 4503 797 4558 illos
827 4501 1037 4557 nutrire
1070 4519 1177 4556 non
1219 4506 1444 4573 possint,
1474 4523 1537 4561 ea
1576 4518 1773 4577 praeter
1812 4519 2094 4580 exspecta-

522 4591 724 4671 tionem
750 4601 981 4646 vestram
1011 4608 1148 4663 epas
1181 4592 1404 4647 habent.
1439 4593 1890 4667 Quandoquidem
1929 4600 2093 4671 igitur

2199 4521 2314 4557 στιν
2346 4505 2504 4576 ἐμοῦ,
2538 4507 2613 4571 ὡς
2638 4507 2712 4577 μὴ
2732 4506 3028 4577 δυναμένου
3066 4508 3264 4574 αὐτοὺς
3294 4512 3532 4582 τρέφειν,
3560 4510 3772 4572 τούτου.

2198 4596 2350 4668 παρά
2375 4598 2474 4668 τὴν
2500 4597 2768 4669 ὑμετέραν
2793 4597 3139 4669 προσδοκίαν,
3166 4601 3353 4671 χρείαν
3375 4602 3606 4672 ἔχουσιν.
3623 4600 3773 4655 Ἐπεὶ

523 4682 812 4737 instituens
835 4699 930 4737 vos
957 4684 1180 4740 idoneos
1212 4685 1417 4740 reddidi
1448 4688 1514 4741 ad
1540 4688 1777 4743 dandum
1805 4690 2090 4761 egentibus

2208 4684 2286 4742 ›ὖν
2309 4688 2600 4753 παιδεύσας
2625 4689 2786 4760 ὑμᾶς,
2823 4691 3040 4754 ίκανοὺς
3071 4690 3300 4761 ἐποίησα
3326 4692 3460 4764 πρὸς
3483 4692 3545 4746 τὺ
3577 4692 3779 4746 διδόναι

522 4769 840 4826 rationabile
877 4775 1308 4831 nutrimentum:
1345 4777 1472 4832 date
1503 4794 1602 4834 vos
1629 4780 1733 4850 ipsi
1765 4783 1939 4837 turbis
1969 4797 2092 4852 quae

2208 4784 2308 4847 τοῖς
2334 4783 2606 4853 δεομένοις
2644 4784 2866 4856 λογικὴν
2904 4785 3111 4858 τροφὴν
3145 4786 3280 4860 (59),
3326 4788 3484 4858 ὑμεῖς
3509 4787 3626 4841 δότε
3662 4791 3776 4854 τοῖς

522 4877 610 4915 me
626 4872 825 4917 secuta:
849 4873 997 4931 sunt,
1022 4866 1169 4936 quod
1192 4866 1356 4923 edant
1385 4886 1398 4922 :
1439 4869 1652 4926 habetis
1685 4871 1828 4926 enim
1855 4881 2095 4942 potesta-

2199 4873 2593 4944 ἀκολουθήσασί
2633 4891 2723 4947 μοι
2752 4874 2932 4946 δχλοις
2964 4880 3178 4948 φαγεῖνο
3211 4877 3364 4950 ἔχετε
3399 4878 3510 4950 γὰρ
3543 4877 3769 4947 δύναμιε

588 5041 674 5096 ⁸³1
703 5040 830 5097 Cor.
856 5058 931 5109 ιι,
956 5042 1049 5099 28.
1123 5044 1168 5077 "'
1195 5043 1387 5102 Matth.
1420 5062 1531 5114 xlv,
1582 5046 1669 5102 l5.
1741 5032 1786 5078 ’ί
1827 5046 1848 5101 Ῑ
1883 5034 2094 5104 ,ἰοειοέι

2208 5048 2290 5105 l8.
2365 5050 2411 5081 "
2444 5048 2632 5105 Matth.
2665 5068 2776 5119 xw,
2805 5055 2889 5109 15.
2966 5057 3010 5087 ⁷³
3043 5057 3174 5113 ibid.
3213 5058 3295 5115 16,

582 5204 698 5276 (36)
740 5206 922 5273 Τόμος
953 5207 1066 5276 1Α’.
1103 5204 1277 5262 Codd.
1303 5204 1599 5260 Vaticanus
1647 5213 1701 5262 et
1742 5204 2075 5261 Tarinianus

2195 5208 2346 5288 torni,
2377 5208 2592 5291 decimi,
2624 5216 2894 5274 undecimi
2925 5228 2980 5276 et
3010 5223 3312 5280 duodecimi
3348 5226 3547 5287 limites
3577 5234 3646 5289 ab
3677 5230 3764 5291 in-

511 5275 657 5337 hunc
686 5276 900 5349 titulum
930 5275 1206 5349 exhibent,
1240 5284 1296 5329 et
1325 5291 1390 5330 ex
1415 5277 1770 5349 sequentibus
1805 5277 1991 5346 Ὀψίας
2018 5276 2076 5349 δὲ
2191 5276 2363 5349 vicem
2391 5275 2592 5349 optime
2622 5275 3001 5345 secernuntur.

509 5348 1007 5417 Tavoptvqgetc"
1060 5343 1348 5417 ordiuntur
1396 5343 1615 5417 toniunt
1661 5347 1807 5401 hunc
1855 5343 2079 5401 undecio

511 5414 684 5469 mum.
718 5414 774 5469 In
792 5416 1031 5471 editione
1061 5414 1235 5469 lluetii
1262 5415 1442 5470 nullus
1466 5425 1550 5473 est
1570 5416 1837 5485 ejusmodi
1864 5417 2073 5482 titulus,

511 5499 613 5556 nec
632 5486 844 5553 signum
880 5485 1190 5555 incipientis
1213 5487 1366 5556 tomi,
1402 5487 1544 5539 unde
1565 5486 2076 5556 colligebatpraece-

508 5553 691 5607 dentia
721 5569 831 5609 non
862 5553 1248 5616 esse'decimi,
1287 5556 1377 5609 sed
1424 5553 1716 5610 undecimi’
1737 5555 1891 5618 tomi,
1922 5555 2067 5610 alitet

510 5635 647 5674 sane
674 5623 1106 5685 existimaturos,
1152 5624 1198 5677 si
1234 5626 1286 5677 in
1337 5626 1477 5679 duos
1519 5627 1682 5680 hosce
1729 5625 1946 5677 codices
1981 5637 2077 5677 no—

2265 5345 2375 5428 ςξὶξῖ)
2398 5345 2638 5428 ραοςζν.
2692 5354 2766 5428 Ita
2821 5369 2968 5416 recte
3015 5362 3178 5419 habet
3226 5366 3396 5422 codex
3446 5367 3759 5428 Vaticanus.

2193 5412 2375 5495 Edim
2398 5419 2597 5495 "Julii.
2626 5426 2809 5495 φησίν·

2264 5486 2390 5574 (53).
2414 5486 2756 5574 ἔρήζτὶνὶέςο
2787 5496 3060 5574 δίποδα-
3079 5499 3419 5574 Anglicanus
3461 5515 3518 5564 et
3548 5509 3754 5567 Vatica.

2190 5558 2531 5638 nusml‘élditio
2562 5558 2761 5638 lluetii,
2793 5563 3109 5638 χρήσοντες.

2289 5624 2948 5722 βθλιξοῃικ-ᾐζξρέᾂήὶο.
2978 5624 3168 5722 Ife".
3195 5658 3257 5712 ll,
3284 5644 3339 5718 Ξ,
3362 5645 3575 5720 λογικὸν
3600 5651 3741 5722 γάλα

508 5696 659 5743 strue
690 5690 989 5756 incidisset,
1022 5692 1296 5757 inquibus
1327 5694 1609 5749 manifeste
1647 5694 2079 5757 uniuscujusque
2201 5686 2400 5763 γυι.,’‹
2438 5686 2759 5760 rationabile
2934 5686 3245 5770 ἶ-Ιίιτὶἶίυέλ

2092 5805 2137 5827 ’μ’μ-
