4094 6290
516 411 628 468 907

1977 403 2299 467 ORIGENIS

3685 409 3794 467 903

519 537 723 604 quibus
767 534 1044 589 hominum
1097 530 1340 600 quinque
1385 531 1554 586 millia
1588 533 1658 587 ali
1693 533 1997 601 debebant,
2045 545 2100 589 et

2207 536 2419 608 τρέφειν
2455 535 2580 598 τοὺς
2614 534 3109 606 πεντακισχιλίους,
3144 536 3238 590 καὶ
3271 534 3409 608 μετὰ
3443 535 3601 589 τοῦτο
3632 535 3792 608 ηὐλό-

519 636 708 698 postea
739 625 1010 680 benedixit
1041 625 1286 694 quinque
1307 623 1541 693 panibus
1592 634 1646 678 et
1685 625 1900 680 duobus
1934 626 2104 696 pisci-

519 722 649 785 bus,
674 732 926 774 sermone
948 724 1002 770 et
1029 714 1405 772 benedictione
1430 731 1637 787 augens
1659 725 1713 771 et
1734 715 2103 786 multiplicans

518 811 668 876 illos,
701 819 756 864 et
791 809 950 862 tertio
983 806 1234 862 dividens
1260 813 1315 860 et
1332 804 1592 876 frangens
1619 806 1768 861 dedit
1797 806 2100 876 discipulis,

515 909 580 955 ut
611 899 714 970 ipsi
739 898 914 953 turbis
935 904 1299 967 apponerent;
1333 903 1465 950 tunc
1508 894 2030 965 suﬂ'eceruntpanes
2051 903 2106 949 et

518 988 794 1057 piscesmt
813 987 1161 1041 comederent
1188 998 1382 1038 omnes
1401 991 1456 1038 et
1486 984 1836 1050 satiarentur,
1868 991 1922 1038 et
1938 999 2105 1052 quos-

519 1079 648 1134 dam
690 1093 720 1133 e
743 1076 993 1148 panibus
1025 1074 1327 1130 bonedictis
1356 1074 1519 1128 edere
1559 1088 1667 1127 non
1715 1082 1959 1144 possent.
1993 1073 2104 1129 δατ

520 1177 779 1241 pererant
807 1168 952 1224 enim
986 1168 1165 1223 turbis
1203 1175 1318 1222 tam
1355 1166 1547 1231 multa,
1581 1181 1703 1235 quae
1731 1165 1874 1235 apud
1914 1165 2104 1220 turbas

519 1262 741 1332 quidem
767 1275 876 1315 non
906 1268 1084 1326 erant,
1110 1257 1204 1314 se'd
1233 1257 1374 1328 apud
1402 1255 1724 1326 discipulos,
1767 1255 1957 1310 tollere
2005 1270 2104 1309 va-

519 1356 696 1410 lentes
731 1352 1013 1410 residuum
1047 1351 1504 1422 fragmentorum,
1546 1358 1601 1405 et
1633 1350 1688 1404 in
1715 1350 1980 1419 cophinos
2012 1348 2107 1403 de-

519 1460 727 1516 ponere
769 1445 1127 1515 reliquiarum
1182 1443 1376 1512 plenos
1405 1481 1420 1507 ,
1469 1442 1564 1513 qui
1596 1441 1820 1496 t0tidem
1877 1455 2105 1494 numero

520 1545 703 1601 erant,
737 1542 874 1605 quot
921 1533 1100 1588 tribus
1133 1531 1327 1586 Israel.
1354 1531 1431 1585 De
1460 1529 1658 1600 Joseph
1711 1531 1928 1601 quidem
1970 1530 2108 1586 scri-

521 1638 677 1697 ptum
711 1635 795 1682 est
820 1625 876 1680 in
907 1623 1143 1681 Psalmis
1167 1624 1214 1656 ⁷⁹
1247 1641 1259 1677 :
1311 1641 1330 1674 ι
1387 1621 1580 1678 Manus
1627 1622 1747 1691 ejus
1775 1623 1828 1676 in
1867 1622 2105 1692 cephino

525 1719 872 1784 servierunt;
917 1736 936 1770 ι
970 1717 1038 1771 de
1060 1714 1344 1786 discipulis
1377 1729 1506 1769 vero
1537 1712 1688 1780 Jesu,
1723 1717 2014 1772 sustulisse
2043 1718 2107 1770 il-

524 1816 608 1868 los
639 1811 916 1866 residuum
938 1809 1365 1880 fragmentorum
1384 1824 1400 1873 ;
1418 1807 1726 1872 duodecim,
1747 1809 1961 1878 opinor,
1979 1809 2110 1864 duo-

525 1904 704 1959 decim
750 1903 1041 1973 cophinos,
1078 1915 1185 1954 non
1243 1898 1573 1968 semiplenos
1602 1939 1616 1963 ,
1659 1899 1752 1954 sed
1782 1900 1973 1968 plenos
2009 1919 2023 1955 :
2052 1911 2106 1956 et

525 2004 677 2059 sunt,
710 2002 863 2064 puto,
895 1992 1097 2056 adhuc,
1157 1999 1212 2046 et
1248 1989 1316 2044 ad
1359 1990 1894 2045 consummationem
1929 2006 2106 2062 usque

524 2085 733 2147 saeculi,
757 2083 900 2153 apud
936 2083 1238 2152 discipulos
1266 2081 1396 2139 Jesu
1448 2081 1624 2138 turbis
1653 2082 1930 2146 meliores,
1960 2081 2106 2152 pleni

521 2176 816 2233 duodecim
850 2173 1432 2246 cophini-fragmentis
1457 2174 1618 2245 panis
1646 2174 1881 2230 viventis
1905 2215 1920 2240 ,
1965 2189 2105 2244 quos

515 2271 698 2326 turbae
730 2268 1018 2326 comedere
1045 2283 1157 2322 non
1193 2277 1444 2338 possunt.
1472 2266 1577 2336 Qui
1612 2266 1976 2322 comedebant
2006 2283 2105 2321 au-

520 2374 632 2418 tem
654 2362 724 2417 de
745 2363 988 2432 quinque
1018 2359 1275 2430 panibus,
1299 2361 1394 2429 qui
1419 2360 1572 2432 prius
1589 2359 1805 2415 fuerant
1827 2375 1993 2430 quam
2019 2374 2106 2414 re-

519 2454 831 2511 dundarent
848 2453 1135 2509 duodecim
1169 2451 1414 2523 cophini,
1448 2452 1666 2525 cognati
1687 2461 1846 2508 erant
1875 2467 2106 2507 numero

521 2548 812 2614 quinm-io:
842 2546 912 2602 ad
931 2545 1166 2601 sensilia
1199 2558 1370 2614 usque
1395 2555 1758 2616 pervenerant
1790 2544 1886 2616 qui
1921 2558 2107 2600 come-

522 2641 738 2706 derant,
766 2639 1209 2710 quandoquidem
1239 2645 1300 2692 et
1318 2637 1386 2692 ab
1417 2652 1485 2692 eo
1515 2639 1608 2706 qui
1636 2636 1888 2708 suspexit
1912 2637 1966 2692 in
1995 2651 2108 2692 coe-

521 2732 661 2794 lum,
686 2729 984 2797 benedixit,
1011 2738 1066 2784 et
1097 2727 1256 2799 fregit
1297 2728 1443 2792 illos,
1465 2728 1658 2784 hialiti
1691 2736 1841 2795 sunt,
1883 2735 1938 2782 et
1995 2743 2106 2782 non

521 2822 701 2891 pueri,
726 2837 829 2878 nec
859 2820 1097 2886 feminae,
1131 2821 1225 2875 sed
1256 2821 1381 2877 viri.
1411 2821 1553 2876 Sunt
1581 2821 1750 2886 enim,
1781 2820 1977 2890 opinor
2001 2861 2016 2887 ,
2053 2827 2108 2874 et

508 2914 583 2968 .rin
614 2914 912 2969 sensilibus
943 2913 1082 2968 cibis
1111 2912 1464 2979 differentiae;
1496 2913 1569 2967 ita
1600 2922 1659 2967 ut
1688 2914 1909 2984 quidam
1942 2928 2009 2968 ex
2041 2912 2108 2968 iis

519 3004 640 3059 sint
663 3018 854 3058 eorum
871 3005 965 3074 qui
983 3023 1000 3056 ι
1025 3012 1427 3058 evacuaverunt
1448 3020 1568 3074 qum
1591 3003 1969 3074 erantparvuli
1993 3004 2058 3072 ⁸ο,
2085 3023 2104 3058 ι

520 3092 909 3162 ηυίίιοῐιιννετο
941 3107 1130 3147 eorum
1165 3093 1259 3161 qui
1295 3093 1591 3148 etiamnum
1631 3101 1771 3148 sunt
1796 3093 2009 3164 parvuli
2057 3101 2112 3150 et

527 3183 779 3238 carnales
812 3182 864 3236 in
887 3181 1125 3236 Christo.

598 3408 653 3463 5.
687 3405 754 3461 Et
790 3407 906 3461 haec
926 3402 1146 3474 quidem
1171 3417 1202 3455 a
1238 3400 1395 3456 nobis
1428 3399 1570 3454 dicta
1599 3406 1727 3454 sunt
1750 3405 1973 3469 propter
1995 3396 2111 3451 haec

504 3501 690 3558 verba
721 3499 768 3532 "
806 3517 821 3554 :
861 3516 882 3551 ι
915 3475 1361 3552 Manducantium
1390 3490 1494 3546 fuit
1541 3505 1805 3547 numerus
1862 3489 2107 3560 quinque

528 3591 696 3649 millia
718 3591 998 3654 virorum,
1045 3583 1288 3657 exceptis
1318 3582 1641 3639 mulieribus
1671 3589 1727 3637 et
1770 3581 2032 3652 parvulis,
2082 3597 2101 3631 ι

516 3683 673 3755 quod
701 3680 1020 3751 ambiguum
1049 3688 1168 3743 est;
1191 3674 1276 3730 vel
1305 3673 1450 3729 enim
1464 3672 1560 3745 qui
1575 3673 1926 3728 comederant
1952 3676 2111 3726 erant

523 3773 955 3848 viriquinquies
989 3770 1157 3837 mille,
1183 3781 1238 3824 et
1270 3768 1454 3823 nullus
1496 3767 1637 3821 inter
1693 3764 1917 3820 edentes
1973 3776 2109 3834 puer

524 3877 662 3931 erat,
696 3879 791 3922 aut
833 3863 1077 3930 femina;
1126 3861 1212 3916 vel
1259 3868 1540 3931 propterea
1585 3856 1733 3928 quod
1785 3855 1887 3910 viri
1929 3855 2109 3910 solum

516 3960 821 4031 quinquies
857 3956 1004 4011 mille
1037 3953 1258 4018 fuerint,
1282 3968 1393 4007 non
1417 3949 1722 4006 numeratis
1747 3947 2014 4018 pueriset
2033 3945 2114 4001 fe-

518 4053 713 4109 minis.
743 4051 975 4119 Quidam
995 4048 1180 4119 igitur,
1219 4044 1407 4115 utjam
1432 4043 1692 4107 diximus,
1725 4039 1805 4096 sic
1831 4037 2114 4093 intellexe—

507 4158 676 4215 runt,
712 4163 822 4202 non
844 4143 1086 4201 adfuisse
1109 4155 1308 4212 pueros
1337 4138 1419 4193 vel
1454 4137 1688 4193 feminas
1715 4173 1729 4199 ,
1771 4133 1841 4188 iis
1873 4146 1996 4202 qua:
2044 4146 2112 4185 ex

517 4243 770 4312 quinque
793 4237 1029 4310 panibus
1051 4242 1107 4290 et
1130 4235 1346 4289 duobus
1372 4231 1618 4301 piscibus
1644 4235 1807 4282 aucta
1841 4234 1894 4281 et
1919 4224 2111 4280 multi-

2207 648 2345 702 γησε
2377 632 2502 694 τοὺς
2550 629 2714 684 πέντε
2756 629 2974 701 ἄρτους,
3025 629 3120 684 καὶ
3165 630 3291 692 τοὺς
3319 627 3412 682 δύο
3455 629 3665 698 ἰχθύας,
3709 628 3792 700 τῷ

2207 720 2350 792 λόγῳ
2382 719 2477 774 καὶ
2509 721 2575 791 τῇ
2616 717 2838 791 εὐλογίᾳ
2868 718 3071 785 αὔξων,
3113 720 3209 772 καὶ
3235 719 3524 791 πληθύνων
3566 720 3786 785 αὐτοὺς,

2207 813 2302 866 καὶ
2330 812 2514 884 τρίτον
2547 811 2806 883 μερίζων,
2839 812 2934 864 καὶ
2967 811 3112 864 κλῶν
3140 811 3310 865 ἔδωκε
3342 813 3456 874 τοῖς
3493 810 3787 882 μαθηταῖς,

2209 902 2275 955 ἵν’
2309 903 2505 955 ἐκεῖνοι
2533 904 2646 965 τοῖς
2677 899 2853 972 ὄχλοις
2896 899 3187 971 παραθῶσι
3207 916 3220 928 ·
3253 899 3374 952 τότε
3406 899 3701 970 διήρκεσαν
3739 900 3791 953 οἱ
3844 949 3852 957 ,

2207 993 2361 1066 ἄρτοι
2401 992 2511 1065 (64)
2556 991 2651 1045 καὶ
2685 993 2733 1045 οἱ
2780 990 2984 1062 ἰχθύες,
3050 992 3126 1055 ὡς
3181 994 3374 1061 φαγεῖν
3421 990 3649 1054 πάντας,
3696 992 3792 1043 καὶ

2207 1080 2555 1154 κορεσθῆναι,
2591 1081 2684 1134 καί
2716 1097 2868 1144 τινας
2904 1080 3013 1134 τῶν
3045 1080 3449 1152 εὐλογηθέντων
3495 1081 3674 1151 ἀρτων
3715 1081 3790 1151 μὴ

2207 1174 2456 1245 χωρῆσαι
2498 1175 2709 1242 φαγεῖν.
2752 1174 3140 1245 Ἐπερίσσευσε
3171 1173 3278 1246 γὰρ
3315 1176 3429 1237 τοῖς
3457 1173 3632 1244 ὄχλοις
3671 1170 3793 1226 τοσ-

2208 1268 2368 1333 αῦτα,
2400 1267 2436 1322 ἃ
2465 1267 2608 1324 κατά
2635 1268 2734 1338 μὲν
2779 1267 2904 1331 τοὺς
2941 1266 3132 1337 ὄχλους
3163 1267 3264 1320 οὐκ
3295 1262 3384 1338 ἦν,
3413 1267 3554 1320 κατά
3583 1267 3641 1320 δὲ
3667 1267 3792 1329 τοὺς

2207 1360 2540 1432 δυναμένους
2584 1357 2832 1430 μαθητὰς
2871 1354 3002 1430 ἆραι
3038 1358 3100 1412 τὸ
3141 1359 3461 1430 περισσεῦον
3505 1358 3614 1412 τῶν
3657 1360 3792 1412 κλαοι

2210 1454 2453 1526 σμάτων,
2501 1452 2595 1506 καὶ
2624 1449 2928 1505 ἀποθέσθαι
2957 1453 3038 1516 είς
3081 1453 3332 1520 κοφίνους
3377 1451 3791 1523 πληρουμένους

2207 1547 2318 1601 τῶν
2364 1543 2844 1617 περισσευμάτων,
2893 1544 3054 1608 ὄντας
3099 1545 3192 1599 τὸν
3233 1544 3467 1617 ἀριθμὸν
3501 1543 3791 1606 τοσούτους

2209 1641 2330 1693 ὅσαι
2357 1641 2412 1692 αἱ
2435 1637 2600 1708 φυλαὶ
2628 1635 2726 1689 τοῦ
2768 1636 3002 1708 Ἰσραήλ.
3039 1637 3176 1709 Περὶ
3202 1638 3300 1708 μὲν
3325 1634 3418 1691 οὖν
3449 1637 3542 1690 τοῦ
3591 1639 3790 1709 Ἰωσὴφ

2211 1735 2269 1785 ὲν
2291 1731 2540 1800 Ψαλμοῖς
2567 1728 2899 1800 γέγραπται·
2931 1747 2950 1780 ι
2976 1729 3044 1781 Αἱ
3081 1731 3261 1799 χεῖρες
3299 1728 3463 1782 αὑτοῦ
3499 1731 3557 1781 ὲν
3590 1728 3668 1798 τῷ
3701 1745 3793 1782 κο-

2209 1825 2348 1895 φίνῳ
2377 1823 2715 1876 ὲδούλευσανο
2763 1840 2781 1872 ι
2818 1821 2946 1892 περὶ
2968 1820 3024 1874 δὲ
3047 1819 3155 1873 τῶν
3195 1820 3368 1891 Ἰησοῦ
3402 1819 3681 1892 μαθητῶν,
3707 1821 3792 1873 ὅτι

2207 1911 2350 1987 ἦραν
2380 1915 2441 1967 τὸ
2469 1911 2791 1985 περισσεῦον
2822 1911 2929 1971 τῶν
2968 1911 3320 1982 κλασμάτων,
3367 1915 3416 1964 οἱ
3447 1911 3671 1978 δώδεκα,
3707 1909 3791 1967 οἷ-

2213 2022 2330 2077 μαι,
2357 2001 2563 2056 δώδεκα
2590 2001 2866 2070 κοφίνους,
2908 1999 3007 2070 οὐχ
3045 1998 3342 2070 ἡμιτελεῖς,
3374 1998 3511 2052 ἀλλά
3538 1999 3788 2072 πλήρειςο

2208 2096 2302 2150 καί
2325 2097 2483 2158 εἰσιν,
2516 2089 2692 2165 οἶμαι,
2730 2093 2890 2165 μέχρι
2918 2092 3014 2146 τοῦ
3045 2089 3224 2164 δεῦρο,
3255 2093 3351 2148 καὶ
3395 2093 3501 2156 ἕως
3530 2092 3630 2163 τῆς
3660 2109 3791 2146 συν-

2209 2187 2420 2249 τελείας
2450 2184 2546 2238 τοῦ
2580 2184 2793 2247 αἰῶνος,
2829 2185 2878 2236 οἰ
2914 2183 3144 2255 πλήρεις
3179 2183 3390 2252 κόφινοι
3427 2182 3636 2238 δώδεκα
3679 2181 3792 2236 τῶν

2209 2276 2537 2347 κλασμάτων
2568 2275 2738 2348 ἄρτου
2777 2273 2997 2340 ζῶντος,
3043 2275 3135 2340 οὓς
3170 2276 3245 2348 μὴ
3277 2277 3534 2330 δύνανται
3561 2277 3609 2329 οῖ
3642 2273 3792 2344 ὄχλοι

2209 2369 2430 2436 ἐσθίειν,
2479 2369 2630 2441 παρά
2673 2370 2786 2431 τοῖς
2832 2367 2939 2421 τῶν
2984 2367 3155 2439 ὄχλων
3201 2370 3477 2442 κρείττοσι
3521 2367 3791 2440 μαθηταῖς

2208 2463 2304 2517 τοῦ
2347 2461 2545 2534 Ἰησοῦ.
2594 2457 2771 2515 τΗσαν
2821 2457 2878 2511 δὲ
2922 2461 2972 2512 οί
3011 2460 3285 2526 ἐσθίοντες
3325 2460 3433 2515 ἀπὸ
3473 2460 3582 2514 τῶν
3630 2460 3791 2513 πέντε

2210 2556 2410 2626 ἀρτων,
2449 2554 2556 2607 τῶν
2601 2554 2707 2624 πρὸ
2748 2552 2856 2607 τῶν
2894 2553 3366 2626 περισσευσάντων
3410 2552 3646 2621 κοφίνων
3691 2550 3794 2604 δώ-

2209 2648 2359 2714 δεκα,
2393 2649 2671 2718 συγγενεῖς
2701 2644 2780 2716 τῷ
2805 2646 2968 2700 πέντε
2994 2645 3232 2718 ἀριθμῷ·
3269 2646 3430 2718 μέχρι
3461 2645 3570 2698 τῶν
3604 2643 3794 2715 alo-01}-

2209 2743 2318 2797 τῶν
2362 2741 2603 2813 ἔφθασαν
2640 2742 2690 2794 οί
2732 2740 3018 2811 φαγόντες,
3064 2738 3186 2792 ἐπεὶ
3217 2739 3313 2792 καὶ
3359 2732 3505 2792 οὗτοι
3544 2736 3655 2791 ἀπὸ
3697 2734 3793 2788 τοῦ

2211 2835 2612 2908 ἀναϐλέψαντος
2647 2835 2728 2897 είς
2767 2831 2996 2906 οὐρανὸν
3038 2831 3373 2904 ἐτράφησαν,
3421 2830 3515 2883 καὶ
3565 2829 3794 2898 εὐλογη-

2215 2945 2425 2993 σαντος,
2460 2927 2554 2980 καὶ
2585 2926 2884 2990 κλάσαντος
2929 2925 3142 2989 αὐτοὺς,
3174 2922 3269 2978 καὶ
3309 2923 3372 2975 οὐ
3418 2921 3626 2986 παῖδες,
3672 2920 3790 2975 οὐδὲ

2212 3022 2490 3090 γυναῖκες,
2530 3017 2666 3072 ἀλλά
2710 3015 2920 3087 ἄνδρες.
2964 3013 3086 3067 Είσὶ
3115 3012 3222 3084 γὰρ
3259 3013 3354 3067 καὶ
3383 3014 3441 3064 ὲν
3480 3009 3786 3080 αίσθηταῖς,

2213 3105 2388 3182 οἶμαι,
2423 3113 2649 3182 τροφαῖς
2681 3106 2951 3179 διαφοραὶ,
2985 3105 3061 3170 ὡς
3103 3103 3256 3167 τινὰς
3297 3104 3394 3174 μὲν
3427 3100 3608 3156 αὐτῶν
3644 3097 3788 3154 εἶναι

2135 3227 2184 3290 C
2221 3222 2239 3256 ι
2261 3201 2726 3274 καταργησάντων
2741 3198 2808 3252 τὰ
2821 3197 2914 3252 τοῦ
2936 3198 3150 3269 νηπίου,
3173 3215 3192 3248 ι
3211 3194 3362 3259 τινάς
3381 3194 3436 3248 δὲ
3462 3193 3541 3248 ἔτι
3564 3192 3672 3247 τῶν
3691 3209 3791 3265 νη-

2214 3296 2356 3350 πίων
2389 3294 2485 3348 καὶ
2519 3293 2792 3365 σαρκίνων
2823 3292 2880 3344 ὲν
2911 3288 3152 3363 Χριστῷ.

2283 3390 2395 3443 Καὶ
2425 3388 2599 3443 ταῦτα
2627 3388 2686 3442 δὲ
2717 3388 2847 3458 ἡμῖν
2881 3385 3127 3440 λέλεκται
3157 3383 3244 3437 διὰ
3275 3381 3338 3435 τό
3357 3399 3368 3412 ·
3421 3400 3440 3432 ι
3490 3379 3794 3444 Ἑσθίοντες

2211 3476 2352 3552 ἦσαν
2378 3479 2568 3552 ἄνδρες
2602 3475 3048 3546 πεντακισχίλιοι,
3083 3475 3250 3546 χωρὶς
3293 3471 3518 3527 παιδίων
3564 3469 3660 3524 καὶ
3697 3486 3795 3537 γυ-

2212 3572 2435 3636 ναικῶν,
2471 3592 2490 3624 ι
2521 3572 2659 3642 ὅπερ
2704 3568 3003 3640 ἀμφίϐολόν
3032 3569 3197 3620 ἐστιν·
3231 3566 3266 3637 ἢ
3296 3563 3404 3637 γὰρ
3436 3565 3485 3616 οἱ
3531 3562 3794 3632 φαγόντες

2210 3663 2349 3740 ἦσαν
2393 3665 2584 3736 ἄνδρες
2630 3661 3078 3733 πεντακισχίλιοι,
3129 3657 3227 3713 καὶ
3264 3659 3438 3722 οὐδεὶς
3473 3653 3540 3729 ἦν
3584 3658 3640 3708 ὲν
3685 3657 3796 3716 τοῖς

2211 3760 2451 3814 ἐσθίουσι
2487 3756 2696 3811 παιδίον
2733 3757 2766 3828 ἢ
2799 3755 2956 3826 γυνή’
2983 3752 3017 3825 ἢ
3050 3754 3132 3806 ὅτι
3167 3751 3327 3823 μόνον
3359 3749 3550 3820 ἄνδρες
3600 3763 3797 3802 «avra-

2214 3853 2470 3926 κισ-χίλιοι
2494 3847 2655 3924 ἦσαν,
2687 3849 2762 3922 μὴ
2788 3847 3206 3921 ἀριθμουμένων
3243 3847 3380 3916 μήτε
3415 3843 3619 3898 παίδων
3657 3842 3796 3913 μήτε

2213 3943 2510 4016 γυναικῶν.
2535 3941 2705 4005 ’Τινὲς
2741 3940 2839 4011 μὲν
2870 3936 2985 4004 οὖν,
3018 3939 3094 4002 ὼς
3135 3935 3438 4006 φθάσαντες
3472 3934 3794 4005 εἰρήκαμεν,

2213 4035 2385 4098 οὕτως
2412 4031 2782 4104 ὲξειλήφασιν,
2824 4029 2906 4082 ὅτι
2949 4026 3074 4082 οὔτε
3115 4026 3324 4089 παιδία,
3374 4023 3498 4078 οῦτε
3539 4025 3800 4092 γυναῖκες

2214 4125 2472 4198 παρῆσαν
2504 4126 2616 4186 τοῖς
2644 4121 2908 4193 ηὐξηκόσι
2940 4120 3033 4174 καὶ
3060 4114 3528 4187 πεπληθυσμένοις
3557 4112 3666 4169 ἀπὸ
3687 4111 3797 4164 τῶν

2214 4219 2374 4273 πέντε
2406 4217 2586 4288 ἀρτων
2615 4213 2708 4268 καὶ
2737 4211 2845 4266 τῶν
2871 4211 2964 4265 δύο
3007 4209 3222 4282 ίχθύων.
3252 4209 3407 4261 Εἴποι
3435 4206 3478 4258 δ’
3507 4207 3572 4260 ἄν
3592 4221 3676 4268 τις
3690 4204 3796 4268 ὅτι,

529 4298 727 4401 plicata
774 4298 923 4385 sunt.
967 4325 1122 4380 Dicat
1173 4298 1632 4389 autem—aliquis,
1662 4331 1788 4372 cum
1823 4314 1980 4370 multi
2011 4328 2107 4384 pro

2207 4307 2423 4371 ,πολλῶν
2449 4306 2754 4376 φαγόντων,
2784 4303 2879 4358 καὶ
2905 4301 3026 4356 κατ’
3051 4299 3206 4365 ἀξίαν
3233 4299 3326 4352 καὶ
3351 4298 3580 4368 δύναμιν
3612 4311 3799 4366 μετει-

511 4387 726 4478 .incrito
762 4428 818 4475 et
871 4417 1079 4472 viribus
1129 4411 1470 4468 comederint
1492 4387 1517 4474 ,v
1557 4417 1610 4464 et
1653 4406 1945 4476 participes
1985 4403 2107 4460 facti

2214 4398 2464 4469 ληφότων
2507 4397 2616 4450 ἀπὸ
2656 4393 2764 4449 τῶν
2807 4395 2906 4465 τῆς
2943 4391 3192 4460 εὐλογίας
3224 4391 3425 4461 ἄρτων,
3460 4388 3510 4442 οί
3542 4387 3640 4459 μὲν
3677 4388 3802 4457 ἀρι-

515 4514 964 4584 fuerintpanum
997 4503 1411 4568 benedictionis,
1447 4517 1540 4557 eos
1571 4500 1666 4571 qui
1700 4513 1931 4554 numero
1961 4497 2107 4567 digni

2217 4487 2370 4560 θμῶν
2413 4488 2554 4554 ἄξιοι
2600 4487 2735 4559 (65),
2783 4485 3044 4554 ἀνάλογον
3095 4485 3211 4547 τοῖς
3263 4485 3322 4536 ὲν
3364 4485 3429 4554 τῇ
3477 4481 3643 4552 βίόλῳ
3689 4480 3800 4533 τῶν

526 4616 704 4674 erant,
725 4573 1190 4675 quemadmodum
1213 4595 1251 4649 ii
1275 4593 1369 4664 qui
1412 4593 1598 4662 viginti
1623 4606 1798 4647 annos
1821 4591 1933 4644 nati
1966 4590 2021 4643 in
2043 4589 2107 4644 li-

2228 4582 2508 4653 Ἀριθμῶν
2566 4580 2946 4655 ἀριθμηθεῖσιν
3005 4579 3396 4641 είκοσαέτεσιν,
3467 4573 3802 4647 Ἰσραηλῖται

528 4702 626 4754 bro
658 4697 1024 4753 Numerorum
1068 4687 1281 4746 recensi
1315 4694 1446 4742 sunt
1492 4685 1578 4752 “,
1632 4683 1911 4739 lsraelitas
1964 4683 2107 4737 viros

2218 4675 2408 4745 ἄνδρες
2447 4670 2606 4744 ἦσαν·
2641 4675 2692 4726 oi
2722 4673 2779 4726 δὲ
2825 4671 2899 4743 μὴ
2942 4668 3081 4735 ἄξιοι
3127 4668 3448 4750 τηλικούτου
3482 4666 3593 4740 (66)
3638 4667 3804 4734 λόγου

532 4792 703 4846 fuisse
745 4809 758 4844 :
803 4789 897 4859 qui
946 4799 1078 4841 vero
1114 4780 1282 4854 479
1315 4778 1464 4848 digni
1504 4791 1615 4832 non
1667 4783 1825 4830 erant
1878 4789 2107 4845 quorum

2220 4764 2316 4819 καὶ
2347 4764 2604 4837 ἀριθμοῦ,
2636 4764 2825 4827 παῖδες
2857 4759 2998 4834 ἦσαν
3034 4762 3127 4815 καὶ
3156 4763 3431 4831 γυναῖκες.
3467 4758 3806 4830 Τροπολογεῖ

537 4890 684 4936 tanta
715 4881 854 4934 ratio
888 4886 941 4933 et
969 4890 1230 4948 numerus
1261 4872 1574 4938 haberetur,
1625 4882 1825 4940 pueros
1863 4867 2034 4922 fuisse
2063 4875 2107 4920 el

2220 4857 2276 4910 δέ
2303 4858 2512 4929 μοικαὶ
2556 4856 2682 4920 τοὺς
2725 4853 2943 4920 παῖδας,
2981 4851 3124 4906 κατὰ
3163 4851 3251 4906 τόο
3303 4870 3320 4901 ι
3374 4850 3488 4905 Οὐκ
3530 4847 3808 4921 ἠδυνήθην

600 5045 648 5078 ³ο
670 5043 817 5100 Psal.
849 5057 1010 5107 ωαχ,
1040 5041 1090 5094 7.
1165 5039 1210 5071 ⁸³)
1236 5036 1254 5092 1
1279 5037 1405 5094 Cor.
1439 5052 1559 5099 xm,
1596 5034 1680 5088 ll.
1759 5034 1802 5064 ⁸¹
1836 5031 2022 5086 Matth.
2054 5047 2104 5084 ιιι

2207 5030 2282 5082 2|.
2361 5027 2406 5058 ”
2432 5023 2590 5078 Num.
2627 5036 2664 5086 ι,
2702 5020 2754 5074 3.

602 5189 714 5263 (οι)
751 5187 889 5263 Τότε
919 5184 1249 5252 διήρκεσαν
1272 5185 1326 5237 οὶ
1360 5181 1544 5263 ἄρτος.
1569 5178 1647 5263 lta
1685 5175 2032 5263 corlmllplm.‘
2053 5185 2107 5263 et

2213 5172 2360 5243 quod
2384 5169 2569 5225 retulit
2587 5165 2774 5220 Dinias
2795 5180 2808 5216 :
2828 5161 2918 5216 cui
2939 5159 3123 5213 allusit
3141 5154 3488 5244 Theocritus,
3507 5151 3654 5223 idyll.
3676 5164 3806 5205 xiv:

525 5247 732 5319 Catena
770 5261 822 5312 in
855 5247 1107 5318 Lucitx,
1140 5269 1261 5324 quae
1297 5247 1407 5322 ms.
1434 5251 1662 5305 habetur
1698 5249 1751 5302 in
1784 5247 2107 5301 bibliotheca

534 5329 919 5415 λιειιειηίιιίεθηιι-
950 5323 1176 5422 “de?”
1201 5324 1357 5422 re:
1381 5317 2104 5422 9311‘!Et?.§f??.‘.'§‘.‘i?fi‘i"3

2217 5291 2430 5359 Ἀμμες
2457 5284 2510 5338 δ’
2543 5282 2682 5336 οὔτε
2706 5279 2864 5358 λέγω
2900 5272 3067 5339 τινὸς
3087 5269 3263 5336 ἄξιοι,
3297 5269 3426 5323 οὔτ’
3458 5261 3772 5334 ἀριθματοί
3787 5298 3807 5329 ,

2213 5361 2507 5413 Δύστιινοι
2537 5356 2842 5422 Μεγαρηες
2864 5363 2882 5379 ⁸
3747 5389 3760 5396 ,

529 5406 608 5459 sic
629 5406 773 5458 enim
807 5400 923 5470 ipse
953 5396 1147 5451 vertit:
1182 5413 1200 5445 ι
1225 5405 1353 5449 tunc
1380 5391 1753 5461 suscipiebant
1774 5388 1850 5442 illi
1874 5402 2098 5458 panes.»

530 5455 794 5528 libertus.
829 5455 844 5470 ⁵
1185 5534 1190 5535 ν
1299 5533 1305 5535 _
1496 5455 1550 5535 ,ξ
1669 5531 1690 5535 __
1720 5529 1729 5535 _
1766 5528 1799 5535 __
1877 5455 1888 5458 ’
2214 5484 2268 5528 ει
2299 5468 2690 5530 επιιξιιλιςωιιιιε,
2713 5464 3036 5535 epigramm.
3059 5459 3126 5513 de
3148 5455 3452 5526 CalliglIOlO
3482 5470 3496 5507 :

602 5524 813 5614 bl
833 5543 963 5614 per:
989 5534 1250 5607 ἀριθμῶν
1269 5533 1444 5598 ἄξιοι.
1496 5528 1622 5585 Ιιιθο
1657 5528 1890 5584 fideliter
1924 5524 2107 5578 retulit

2675 5577 2752 5614 σιξ

602 5573 713 5614 tua}
749 5573 813 5596 υι
833 5573 937 5609 μοι
989 5573 1234 5607 ιιμνυμυυι
1269 5573 1444 5598 υνιμυ..
1496 5573 1622 5585 -..νυ
1657 5573 1879 5584 -..ηιμ-ν-
1928 5573 2107 5578 ,κα-,-

540 5616 921 5682 Hieronymus.
947 5609 1044 5682 lo.»
1130 5676 1191 5682 ___
1411 5677 1427 5682 Α
1552 5673 1563 5682 _
1791 5679 1799 5682 Δ
1912 5665 1954 5682 ν
1999 5677 2010 5682 _
2093 5681 2104 5682 ί

2333 5625 2348 5640 .
2376 5625 2389 5640 .
2421 5625 2434 5638 .
2462 5623 2477 5638 .
2501 5623 2512 5634 .
2543 5623 2555 5635 .
2583 5621 2598 5634 .
2621 5621 2636 5634 .
2675 5577 2789 5646 Τῆς
2818 5573 2886 5628 δὲ
2913 5573 3204 5638 ταλαίνης

1115 5676 1271 5754 ᾅξιοι
1317 5673 1710 5754 τηᾼικούζοςυ,
1751 5679 1864 5746 etc.
1912 5665 2110 5720 Notum
2229 5680 2500 5748 Νύμφης,
2528 5673 2610 5739 ὡς
2641 5665 2978 5738 Μεγαρέων,
3005 5665 3077 5718 οὺ
3109 5661 3313 5731 λόγος,
3350 5657 3472 5713 οὔτ’
3493 5653 3765 5726 ἀριθμός.

533 5743 739 5825 ίὛίιήίθ
769 5743 1094 5820 ¹⁰⁵¹³⁰¹¹ἐ¹¹ί¹¹
1122 5743 1749 5815 Μθίέίηθυδὼυδνὼωω
1777 5757 1791 5792 ³
1859 5743 1864 5746 Ι
2229 5743 2620 5838 ΙΙΑξονοδροχὶι
2645 5759 2834 5833 procul
2859 5756 3026 5812 dubio
3048 5753 3332 5822 Origenes.
3362 5750 3628 5808 lius'rtus.

539 5868 725 5936 Ὑμεῖς
741 5864 815 5929 δ’,
838 5859 1200 5930 ὦΜεγτιρε-ῖς,
1218 5855 1338 5909 οὔτ’
1361 5854 1428 5906 ἐι·
1452 5854 1628 5920 λόγῳ,
1647 5851 1770 5904 οὔτ’
1786 5849 1852 5901 ἐν
1881 5846 2124 5913 ἁμά-μῆλ’
