4094 6290
343 436 447 491 909
1303 424 1658 481 COMMENT.
1707 424 1770 479 IN
1812 423 2224 479 MATTHrEUM
2267 422 2504 480 TOMUS
2545 422 2633 479 XI.
3493 429 3600 482 9m

341 555 472 624 ὑμῖν
487 544 715 622 λαλῆσαι
729 547 804 612 ὡς
823 548 1234 619 πνευματικοῖς,
1257 548 1372 604 ἀλλ’
1389 549 1466 613 ὡς
1484 548 1758 620 σαρκίνοις
1783 547 1915 618 (67),

2022 545 2270 600 feminas.
2288 543 2418 600 Mihi
2438 553 2616 601 autem
2635 543 2969 615 tropOIOgice
2985 544 3194 615 explica
3213 544 3602 616 pueros,juvta

339 645 417 710 ὡς
450 643 661 716 νηπίοις
684 644 742 696 ἐν
769 640 1022 713 Χριστῷ⁹
1067 661 1086 693 ι
1121 642 1216 696 καὶ
1240 641 1337 707 τὰς
1367 644 1630 712 γυναῖκας
1663 641 1804 695 κατὰ
1828 641 1915 693 τό·

2027 637 2158 692 illud
2187 636 2266 691 “z
2309 655 2327 688 ι
2353 633 2468 691 Non
2484 636 2636 706 potui
2656 635 2810 691 vobis
2843 634 2990 706 loqui
3012 635 3171 706 quasi
3201 634 3600 706 spiritualibus,

340 737 608 808 Βούλομαι
649 735 706 788 δὲ
754 736 882 798 τοὺς
926 733 1136 798 πάντας
1182 735 1329 804 ὑμᾶς
1371 753 1390 786 ι
1439 733 1708 806 παρθένον
1751 732 1915 804 ἁγνὴν

2023 730 2118 785 sed
2149 729 2462 786 carnalibus
2487 769 2502 794 ,
2537 740 2796 799 tanquam
2850 729 3092 798 parvulis
3119 729 3172 783 in
3203 728 3454 794 Christo;
3490 747 3508 781 ι
3532 739 3590 786 et

339 826 688 899 παραστῆσαι
713 824 790 898 τῷ
822 824 1064 898 Χριστῷο
1105 845 1123 877 ι
1175 827 1303 890 τοὺς
1330 826 1388 880 δὲ
1419 825 1619 899 ἄνδρας
1653 827 1796 880 κατὰ
1835 827 1914 881 τό·

2023 821 2256 876 feminas
2307 821 2465 892 juxta
2526 821 2660 876 illud
2693 821 2776 875 ἐς
2816 819 2954 875 Volo
3009 829 3192 874 autem
3258 835 3358 874 vos
3410 836 3603 878 omnes

339 939 361 974 ι
399 920 524 972 Ὄτε
565 917 767 987 γέγονα
799 917 959 989 ἀνὴρ,
1010 919 1341 990 κατήργηκα
1382 917 1452 973 τὰ
1491 918 1587 972 τοῦ
1634 913 1850 990 νηπίου.
1897 941 1914 972 ι

2027 937 2046 970 ι
2077 915 2341 988 virginem
2369 925 2577 972 castam
2607 913 2866 969 exhibere
2893 912 3144 978 Christo;
3171 930 3191 964 ι
3223 911 3372 967 viros
3415 920 3598 966 autem

331 1011 422 1082 Μὴ
446 1009 810 1082 παρέλθωμεν
839 1010 1134 1081 ἀδιήγητον
1167 1011 1260 1064 καὶ
1285 1011 1375 1064 τόν
1416 1031 1435 1064 t
1473 1011 1751 1076 Κελεύσας
1792 1015 1915 1075 τοὺς

2015 1008 2172 1078 juxta
2195 1007 2328 1062 illud
2350 1007 2396 1039 ⁸⁸
2423 1025 2436 1062 :
2475 1025 2494 1058 ‹
2527 1003 2757 1072 Quando
2778 1013 2960 1059 autem
2991 1002 3170 1058 factus
3190 1017 3311 1058 sum
3343 1001 3447 1070 vir,
3482 1016 3604 1056 eva-

329 1103 524 1174 δχλους
562 1101 922 1174 ἀνακλιθῆναι
950 1103 1046 1158 ἐπὶ
1081 1103 1176 1156 τοῦ
1206 1105 1400 1177 χόρτου
1425 1104 1559 1176 (68),
1589 1104 1771 1159 λαϐὼν
1792 1107 1919 1168 τοὺς

331 1190 494 1244 πέντε
517 1189 718 1264 ἄρτους
746 1192 843 1246 καὶ
879 1193 1004 1256 τοὺς
1031 1192 1126 1246 δύο
1151 1192 1360 1263 ἰχθύας,
1387 1194 1696 1265 ἀναϐλέψας
1723 1197 1803 1259 είς
1826 1195 1918 1249 τὸν

227 1277 230 1280 ’
327 1281 561 1354 οὐρανὸν
599 1282 890 1353 ηὐλόγησε,
929 1282 1024 1336 καὶ
1055 1282 1261 1346 κλάσας
1301 1283 1468 1338 ἔδωκε
1496 1287 1608 1348 τοῖς
1651 1284 1917 1357 μαθηταῖς

327 1375 458 1438 τοὺς
494 1374 714 1446 ἄρτους,
759 1376 805 1427 oi
833 1374 892 1428 δὲ
927 1375 1168 1446 μαθηταὶ
1219 1378 1335 1438 τοῖς
1361 1375 1558 1447 ὄχλοις,
1589 1379 1684 1433 κα)⁵
1713 1377 1918 1447 ἔφαγον

327 1466 556 1528 ⁴πάντες.
591 1485 610 1518 ι
643 1465 708 1519 Τί
729 1467 837 1538 γὰρ
861 1467 1117 1538 σημαίνοι
1137 1467 1217 1520 τόο
1248 1487 1266 1517 ι
1300 1469 1411 1522 Καὶ
1436 1469 1687 1534 ἐκέλευσε
1712 1469 1918 1534 πάντας

328 1561 458 1624 τοὺς
502 1548 691 1628 ὄχλους
737 1559 1090 1630 ἀνακλιθῆναι
1125 1560 1218 1613 ἐπὶ
1252 1560 1346 1614 τοῦ
1391 1561 1608 1632 χόρτου,
1660 1581 1678 1614 ι
1735 1565 1830 1616 καὶ
1859 1562 1916 1615 τί

326 1650 484 1716 ἄξιόν
509 1651 625 1703 ὲστι
651 1651 750 1721 τῆς
776 1649 1080 1716 κελεύσεως
1118 1651 1295 1722 Ἰησοῦ
1315 1652 1508 1723 νοῆσαι
1541 1654 1680 1708 κατὰ
1707 1655 1796 1708 τὸν
1826 1655 1917 1708 τό-

330 1757 470 1806 πον;
503 1741 726 1814 Νομίζω
744 1741 821 1805 δὲ,
848 1743 930 1796 ὅτι
954 1743 1082 1806 τοὺς
1111 1735 1303 1814 ὄχλους
1329 1743 1439 1815 (69)
1475 1744 1762 1799 ἐκέλευσεν
1785 1746 1916 1799 ἀνα-
1951 1818 1953 1820 η

324 1832 581 1905 κλιθῆναι
611 1836 668 1886 έν
700 1832 778 1903 τῷ
810 1833 991 1906 χόρτῳ
1015 1834 1106 1890 διὰ
1131 1835 1192 1888 τὸ
1223 1837 1282 1889 ὲν
1320 1835 1520 1906 Ἡσαΐᾳ
1565 1835 1910 1907 λελεγμένον·

2019 1099 2179 1154 cuavi
2205 1115 2329 1171 quae
2351 1107 2508 1155 erant
2535 1097 2766 1169 parvuli.
2810 1115 2828 1149 ι
2863 1094 2940 1150 Ne
2975 1105 3364 1166 praetereamus
3385 1103 3439 1149 et
3468 1092 3602 1147 illud

2019 1192 2227 1263 absque
2260 1191 2622 1263 explicatione
2643 1190 2725 1245 ":
2755 1209 2775 1243 ι
2804 1189 2940 1245 Cum
2961 1188 3217 1260 jussisset
3251 1187 3465 1242 turbam
3491 1184 3602 1239 dis-

2019 1283 2279 1338 cumbere
2326 1298 2492 1353 super
2537 1281 2767 1346 faenum,
2804 1281 3043 1351 acceptis
3072 1279 3316 1350 quinque
3338 1276 3600 1348 panibus,

2018 1383 2073 1428 et
2100 1373 2324 1430 duobus
2351 1375 2616 1444 piscibus,
2645 1375 2941 1444 respiciens
2966 1373 3018 1426 iu
3041 1372 3242 1428 caelum
3276 1367 3555 1426 benedixit
3581 1407 3600 1435 ,

2017 1473 2074 1520 et
2093 1464 2272 1536 fregit,
2302 1473 2357 1520 et
2379 1465 2529 1520 dedit
2557 1464 2842 1534 discipulis
2875 1479 3080 1532 panes;
3113 1462 3367 1534 discipuli
3417 1471 3601 1516 autem

2019 1555 2214 1619 turbis,
2239 1563 2294 1610 et
2317 1555 2784 1610 manducaverunt
2811 1570 3022 1609 omnes.
3065 1573 3084 1606 ι
3131 1553 3272 1620 Quid
3319 1553 3464 1608 enim
3494 1551 3600 1607 sibi

2015 1645 2145 1701 velit
2183 1645 2314 1700 illud
2341 1663 2356 1700 :
2398 1663 2416 1697 ι
2447 1643 2514 1700 Ει
2538 1645 2706 1715 jussit
2725 1661 2916 1700 omnes
2938 1645 3280 1702 discumbere
3302 1660 3466 1716 super
3496 1643 3602 1700 la:-

2016 1753 2172 1804 num,
2212 1755 2231 1789 ι
2265 1746 2320 1792 et
2359 1738 2488 1807 quid
2520 1737 2624 1792 hoc
2653 1736 2774 1792 loco
2810 1737 3033 1808 dignum
3083 1737 3342 1792 mandato
3389 1735 3600 1791 Christi

2018 1828 2434 1900 intelligendum
2476 1827 2898 1885 est?Existimo
2947 1838 3128 1885 autem
3179 1829 3415 1900 jussisse
3441 1827 3600 1882 illum

330 1941 353 1974 ο
392 1923 552 1976 Πᾶσα
593 1921 730 1994 σὰρξ
767 1924 980 1995 χόρτος,
1015 1944 1034 1977 ι
1071 1925 1351 1979 τουτέστιν
1383 1927 1639 1982 ὑποκάτω
1681 1926 1910 1996 ποιῆσαι

2016 1922 2205 1976 turbas
2234 1921 2580 1976 discumbere
2602 1936 2764 1991 super
2781 1921 3010 1989 Renum,
3034 1932 3255 1993 propter
3284 1919 3338 1976 id
3359 1919 3508 1991 quod
3540 1919 3598 1973 in

323 2014 426 2086 τὴν
449 2015 650 2087 σάρκα,
674 2017 768 2070 καὶ
794 2015 1060 2081 ὑποτάξαι
1093 2036 1113 2069 ι
1140 2017 1201 2071 τὸ
1224 2017 1479 2089 φρόνημα
1503 2017 1604 2088 τῆς
1624 2018 1846 2090 σαρκὸς,
1887 2037 1906 2069 ι

323 2106 394 2159 {v‘
421 2107 565 2161 οὕτω
609 2125 693 2172 τις
729 2109 931 2181 δυνηθῇ
965 2103 1042 2164 ὧν
1081 2109 1298 2179 εὑλογεϊ
1341 2108 1520 2182 άρτων
1569 2109 1780 2180 Ἰησοῦς
1813 2126 1912 2181 με-

324 2198 603 2254 ταλαϐεῖν.
635 2195 770 2256 Εἶτα
811 2202 936 2254 ἐπεὶ
968 2202 1228 2274 τάγματα
1257 2200 1490 2272 διάφορά
1519 2201 1635 2254 ἐστι
1661 2201 1768 2254 τῶν
1799 2200 1915 2254 δεο-

326 2291 510 2361 μένων
541 2294 641 2365 τῆς
661 2294 772 2348 ἀπὸ
815 2291 990 2366 Ἰησοῦ
1014 2295 1241 2366 τροφῆς,
1272 2295 1348 2365 μὴ
1381 2295 1600 2349 πάντων
1632 2296 1746 2358 τοῖς
1776 2293 1913 2357 ῐσοις

325 2384 507 2454 λόγοις
534 2385 905 2457 τρεφομένων,
939 2385 1028 2439 διὰ
1057 2386 1216 2440 τοῦτο
1248 2381 1402 2456 οἶμαι
1431 2385 1524 2439 τὸν
1554 2385 1655 2456 μὲν
1685 2385 1913 2456 Μάρκον

325 2475 689 2546 πεποιηκέναι
717 2475 864 2547 (70)·
903 2493 922 2528 ι
955 2476 1066 2530 Καὶ
1092 2473 1356 2540 ἐπέταξεν
1389 2476 1574 2540 αὐτοῖς
1595 2475 1762 2528 πᾶσιν
1788 2475 1915 2528 ἅνα-

325 2566 582 2638 κλιθῆναι
624 2567 902 2638 συμπόσια
937 2566 1217 2638 συμπόσια
1244 2567 1339 2621 ἐπὶ
1369 2565 1446 2637 τῷ
1477 2565 1670 2637 χλωρῷ
1708 2567 1911 2640 χόρτῳ,

326 2656 424 2708 καὶ
458 2656 722 2710 ἀνέπεσον
761 2657 993 2727 πρασιαὶ
1037 2656 1270 2728 πρασιαὶ
1301 2657 1405 2710 ἀνὰ
1443 2655 1639 2710 ἑκατὸν
1665 2658 1760 2710 καὶ
1787 2674 1915 2711 πεν-

321 2750 584 2815 τήκοντα·
621 2765 640 2797 ι
672 2747 763 2800 τὸν
794 2747 851 2800 δὲ
885 2748 1100 2801 Λουκᾶν
1121 2765 1134 2778 ο
1176 2766 1194 2798 ‹
1224 2743 1360 2801 Eia-ca
1399 2747 1456 2801 δὲ
1485 2747 1622 2820 πρὸς
1650 2750 1777 2810 τοὺς
1810 2764 1916 2820 μα-

327 2836 504 2908 θητὰς
529 2838 718 2902 αὑτοῦ,
749 2840 1126 2894 Κατακλίνατε
1156 2841 1352 2904 αὐτοὺς
1388 2841 1602 2904 κλισίας
1633 2841 1766 2895 ὡσεὶ
1811 2840 1914 2895 ἀνὰ

329 2931 692 3001 πεντήκοντα.
726 2950 745 2983 ι
795 2932 941 2985 Ἔδει
985 2935 1096 3006 γὰρ
1137 2935 1264 2997 τοὺς
1305 2933 1784 3004 άναπαυσομένους
1819 2933 1914 2986 ἐπὶ

333 3022 460 3083 ταῖς
494 3022 666 3091 Ἰησοῦ
689 3025 916 3093 τροφαῖς
940 3024 1058 3094 ἦτοι
1085 3026 1144 3077 ὲν
1165 3025 1402 3095 τάγματι
1423 3021 1560 3078 εἶναι
1580 3023 1672 3078 τοῦ
1695 3024 1909 3090 ἑκατὸν,

331 3110 481 3181 ἱεροῦ
513 3112 752 3185 ἀριθμοῦ
782 3114 916 3184 (7i),
942 3115 1036 3169 καὶ
1061 3115 1140 3186 τῷ
1163 3115 1281 3187 Θεῷ
1307 3115 1396 3170 διὰ
1426 3115 1524 3188 τὴν
1557 3115 1762 3186 μονάδα
1782 3116 1914 3170 ἀνα-

334 3207 614 3293 κειμένου,
663 3207 696 3278 ἢ
739 3209 798 3260 ὲν
842 3209 1086 3278 τάγματι
1142 3208 1250 3261 τῶν
1291 3209 1648 3279 πεντήκοντα,
1692 3203 1980 3308 emensa

325 3299 636 3370 περιέχοντι
662 3299 761 3372 τὴν
803 3300 998 3369 ἄφεσιν
1045 3301 1181 3370 (72),
1207 3300 1358 3355 κατὰ
1391 3300 1452 3352 τὸ
1485 3300 1782 3372 μυστήριον
1811 3299 1906 3352 τοῦ

337 3391 680 3465 Ἰωσηλαίου,
715 3393 1000 3464 γινομένου
1039 3393 1126 3447 διὰ
1159 3390 1649 3464 πεντηκονταετίας
1687 3389 1909 3461 καὶτῆς

396 3508 444 3540 ⁸³
475 3509 638 3564 ICor.
661 3525 743 3574 ιιι,
765 3509 814 3563 Ι.
892 3511 938 3542 ⁸⁸
968 3507 1008 3562 ll
1039 3509 1167 3564 Cor.
1199 3526 1274 3572 xu,
1299 3510 1355 3564 ἓ.
1431 3509 1478 3541 ⁸⁸
1506 3509 1523 3563 Ι
1551 3509 1678 3564 Cor.
1713 3523 1832 3573 xm,
1863 3506 1950 3561 H.

325 3577 416 3633 16.
489 3579 536 3612 ⁸⁹
579 3579 747 3635 Marc.
787 3595 861 3647 vi,
887 3579 977 3644 39,
1001 3580 1090 3634 Ml.
1168 3581 1214 3612 "
1247 3579 1378 3635 Luc.
1409 3595 1486 3644 ix,
1522 3579 1610 3635 Η.

397 3699 517 3782 (67)
579 3700 732 3782 Ἀλζ
889 3702 1227 3782 σαρκίνοιςῖ
1267 3699 1634 3782 Itaprigenes
1673 3700 1802 3756 inl'r.
1853 3700 1912 3753 in

323 3768 533 3826 nam.
555 3787 649 3843 _x_tx
695 3768 771 3825 Ita
787 3780 842 3826 et
863 3768 1251 3827 ms.‘Alexand.
1277 3768 1492 3841 Reliqui
1515 3771 1755 3836 codices,
1776 3787 1910 3843 σαρ-

321 3844 525 3904 κικοῖς.
556 3840 818 3897 Ηιτετιυε.
1169 3850 1177 3856 ”

321 3980 338 4033 Ι
392 3912 515 3983 (68)
558 3912 687 3968 Ἐπί
721 3911 827 3966 τοῦ
860 3913 1099 3985 χόρτου.
1144 3912 1317 3983 Vulgo
1356 3913 1448 3966 ἐπὶ
1491 3912 1618 3997 τοὺς
1655 3911 1906 3983 χόρτους.

345 3997 397 4033 n.

395 4050 515 4122 (69)
548 4051 774 4125 Νομίζω
795 4051 864 4106 δὲ
889 4053 980 4108 ὅτι
1000 4054 1143 4121 τοὺς
1163 4054 1412 4125 ὄχλους,
1428 4062 1534 4109 etc.
1560 4052 1907 4125 Alnbﬁqsius,

322 4121 418 4178 lib.
463 4121 812 4248 ιῖθξιῖἰιιοη
847 4125 913 4180 ad
957 4140 1080 4195 cap.
1114 4121 1563 4196 txj'llieronym.
1609 4126 1664 4178 in
1707 4121 1903 4177 Matth.

331 4209 450 4248 ιιν.
522 4231 574 4248 ..
625 4211 676 4248 n.

331 4209 450 4256 ιιν,
487 4209 574 4249 ut.
601 4209 676 4248 ID.

394 4263 514 4335 (70)
563 4266 668 4336 Διά
704 4264 880 4319 τοῦτο
915 4261 1075 4335 οἶμαι
1112 4267 1220 4320 τὸν
1245 4266 1362 4336 μὲν
1383 4265 1627 4334 Μάρκον
1663 4278 1910 4336 πεποιη-

325 4334 544 4411 ιιέιξτραιζ
573 4335 876 4411 Erasmus:
927 4334 1410 4411 tlfropterea,__ni
1459 4337 1649 4411 lallorl
1691 4334 1920 4411 Marcus.

325 4405 472 4459 dixit
510 4404 798 4460 Dominum
844 4406 949 4462 hoc
991 4404 1208 4462 fecisse.
1245 4427 1263 4458 ι
1317 4406 1518 4463 Verte:
1557 4425 1576 4458 ι
1614 4404 1906 4476 Propterea

325 4475 586 4548 existimo
628 4476 869 4548 Marcum
927 4479 1147 4548 quidem
1195 4479 1464 4548 posuisse.
1509 4496 1528 4530 ι
1578 4475 1733 4530 Ποιῶ
1755 4477 1902 4548 enim

327 4559 427 4613 pro
461 4546 650 4618 τίθημι
683 4545 996 4618 frequenter
1023 4545 1274 4618 usurpari
1313 4549 1495 4604 sciunt
1537 4546 1901 4618 grammatici,

328 4627 383 4670 et
417 4616 722 4688 saepissime
757 4618 900 4688 apud
929 4616 1214 4688 Origenein
1237 4619 1530 4673 observare
1555 4619 1701 4688 licet.
1735 4616 1812 4670 In.

401 4684 523 4758 $71)
567 4684 851 4758 ᾙκατὸν,
914 4684 1074 4754 ἱεροῦ
1133 4688 1383 4758 ἀριθμοῦ
1409 4730 1423 4753 ,
1483 4698 1588 4743 etc.
1645 4687 1908 4758 Origenes

330 4755 466 4832 intr.
500 4757 555 4832 in
583 4755 780 4832 Matth.
813 4772 967 4832 xviii,
1004 4759 1066 4810 2|
1095 4777 1108 4812 :
1146 4755 1310 4832 ﬁne}.
1337 4759 1394 4832 δὲ
1422 4761 1478 4813 αἱ
1509 4759 1650 4832 κατὰ
1675 4755 1775 4823 τάξ
1797 4776 1908 4832 μο-

330 4825 498 4902 νάδας
522 4825 743 4902 δεκάδες
781 4829 874 4902 καςι
905 4825 1267 4902 ἑκατοντάδες
1293 4829 1448 4898 λόγον
1484 4831 1593 4902 μέν,
1627 4847 1749 4884 τινα
1783 4825 1912 4902 ἄνα-

330 4894 519 4974 λογίας
544 4896 738 4974 έχουσι⁶
767 4897 905 4974 πρδς
944 4898 1035 4950 τὸν
1057 4894 1376 4974 ένμμονάσιν
1398 4894 1650 4974 ᾁρίθμόν,
1688 4911 1793 4974 etc.
1829 4901 1912 4954 Ab

335 4969 546 5022 unitate
576 4967 656 5021 ad
707 4967 988 5038 decadein,
1039 4984 1069 5022 a
1103 4967 1306 5025 decade
1353 4967 1870 5026 ad'hecatontadem
1895 5012 1910 5038 ,

336 5039 404 5091 ab
443 5039 530 5111 illa
556 5042 623 5111 ad
658 5037 946 5092 chiliadem
973 5038 1238 5111 naturalis
1267 5048 1351 5094 est
1395 5057 1748 5096 numerorum
1786 5037 1914 5111 pro?-

338 5110 579 5173 grcssio:
615 5109 687 5163 ita
722 5117 782 5162 ut
820 5124 942 5161 cum
966 5111 1032 5162 ad
1055 5108 1337 5173 dcc-adem,
1368 5111 1451 5164 vel
1485 5113 1551 5165 ad
1591 5108 1912 5166 hecatonta-

337 5180 460 5232 dem
491 5181 831 5234 numerando
873 5190 1096 5233 ventum
1132 5189 1234 5246 est,
1263 5182 1511 5235 videatur
1557 5183 1914 5236 ratiocinator

340 5248 705 5320 adruuitatem
758 5249 983 5314 revolvi,
1020 5265 1332 5319 novumque
1369 5251 1638 5306 calculum
1673 5267 1910 5320 ponere;

342 5319 604 5392 unitatem
624 5320 921 5392 enim_il|a3
959 5322 1311 5392 proportione
1330 5335 1569 5392 servata
1611 5319 1912 5392 repraesen-

341 5395 476 5444 tanl.
502 5390 660 5447 Ovid.
690 5406 749 5444 ιιι
772 5389 1124 5452 Fast.,vcrs.
1157 5390 1282 5455 125,
1319 5391 1418 5444 126
1447 5408 1459 5443 :

342 5499 446 5556 Seu
476 5506 615 5575 quod
645 5502 714 5556 ad
745 5521 906 5574 usque
935 5504 1110 5559 decem
1133 5522 1348 5559 numero
1389 5519 1648 5562 crescente
1685 5508 1910 5575 venitur,

482 5574 817 5645 Principium
843 5577 1030 5648 spatiis
1060 5578 1290 5630 sumitur
1318 5578 1439 5630 inde
1473 5580 1638 5635 noris.

339 5684 474 5742 Cum
504 5703 635 5759 ergo
657 5687 838 5743 unitas
868 5689 1003 5744 adeo
1038 5691 1254 5760 propria
1287 5689 1378 5744 Dei
1411 5692 1500 5756 sit,
1536 5702 1594 5746 ut
1622 5710 1651 5748 a
1688 5694 1911 5752 Philone

339 5766 393 5811 et
422 5761 698 5834 glemcnte
732 5761 1026 5834 Alexandr.
1051 5763 1252 5834 inuitati
1291 5761 1429 5815 Deus
1463 5776 1830 5834 comparetur,
1859 5776 1912 5822 et

338 5841 369 5879 a
430 5828 664 5901 Syuesio
701 5829 874 5898 prima
917 5833 1158 5884 omnium
1212 5833 1480 5886 imitatum
1539 5828 1718 5890 unitas
1773 5828 1912 5891 Deus

342 5901 665 5968 appelletur,
710 5901 1010 5970 doceatque
1057 5901 1206 5954 Theo
1243 5903 1555 5975 ειμι-νηπίω
1611 5907 1660 5961 in
1702 5908 1910 5963 unitate

1935 4637 1987 4698 ο

2016 2011 2154 2068 Isaia
2184 2013 2394 2068 dictum
2423 2021 2509 2068 est
2524 2014 2568 2045 ⁸⁷
2600 2031 2614 2068 :
2647 2031 2666 2064 ι
2695 2012 2887 2070 Omnis
2920 2029 3050 2069 caro
3074 2013 3305 2078 foenum,
3332 2031 3352 2065 ι
3380 2018 3482 2067 hoc
3512 2021 3599 2068 est

2015 2121 2235 2160 carnem
2260 2105 2602 2174 submittere,
2630 2114 2684 2162 et
2714 2107 2985 2177 subjicere
3024 2126 3042 2159 ι
3096 2106 3442 2178 prudentiam
3475 2121 3598 2160 car-

2014 2198 2103 2253 nis
2123 2197 2171 2230 ⁸⁸
2193 2239 2209 2265 ,
2244 2217 2263 2251 ι
2306 2206 2364 2254 ιιι
2393 2199 2465 2254 ita
2518 2198 2791 2270 quispiam
2840 2199 3013 2270 possit
3047 2199 3170 2270 ﬁeri
3194 2199 3468 2270 particeps
3502 2213 3598 2268 pa-

2015 2303 2148 2343 num
2189 2287 2391 2358 quibus
2420 2289 2896 2346 benedixitJesus.
2925 2289 3127 2345 Deinde
3151 2290 3597 2360 quandoquidem

2013 2377 2150 2432 varii
2177 2386 2308 2434 sunt
2338 2379 2558 2434 ordines
2573 2395 2764 2435 eorum
2789 2380 2883 2450 qui
2905 2388 3065 2451 egent
3089 2381 3424 2436 nutrimento
3449 2382 3598 2452 quod

2015 2487 2046 2526 a
2079 2468 2210 2526 Jesu
2234 2479 2338 2540 est,
2371 2487 2496 2528 cum
2525 2487 2633 2528 non
2658 2487 2850 2529 omnes
2901 2473 3204 2543 mqualibus
3248 2474 3600 2530 sermonibus

2015 2565 2350 2630 nutriantur,
2383 2573 2672 2636 propterea
2702 2564 2948 2621 Marcum
2985 2566 3181 2637 opinor
3224 2566 3476 2636 posuisse
3498 2555 3594 2622 "I:

2021 2672 2040 2705 ι
2073 2652 2140 2706 Ει
2167 2653 2421 2723 praecepit
2444 2654 2551 2708 illis
2584 2655 2845 2710 omnibus
2880 2664 2941 2710 ut
2991 2655 3600 2711 accumberentsecun-

2015 2747 2146 2802 dum
2183 2748 2542 2802 contubernia
2574 2763 2737 2818 super
2758 2747 2964 2804 fanum
3001 2748 3195 2816 viride,
3225 2758 3279 2804 et
3299 2748 3600 2804 discubue»

2015 2850 2146 2895 runt
2168 2840 2221 2894 in
2257 2849 2439 2910 partes
2465 2855 2561 2910 per
2586 2848 2848 2896 centenos
2881 2851 2934 2896 et
2981 2841 3419 2912 quinquagenos.
3464 2860 3483 2894 ι
3531 2839 3601 2896 Ει

2015 2930 2192 2986 Lucas
2212 2933 2299 2985 ’°:
2341 2950 2360 2983 ι
2397 2930 2485 2986 Ait
2530 2941 2711 2987 autem
2751 2933 2817 2987 ad
2861 2933 3159 3004 discipulos
3194 2950 3364 2990 suos:
3413 2933 3601 2990 Facite

2014 3037 2111 3078 eos
2135 3022 2478 3078 discumbere
2505 3038 2600 3094 per
2631 3025 2883 3080 convivia
2914 3025 3070 3095 quasi
3097 3026 3534 3098 quinquagenos.
3571 3046 3591 3078 ν

2013 3113 2311 3184 Oportebat
2339 3115 2485 3170 enim
2522 3129 2616 3171 eos
2643 3117 2736 3186 qui
2765 3116 2819 3170 in
2850 3115 3122 3173 alimentis
3139 3115 3268 3173 Jesu
3295 3117 3597 3188 acquieturi

2013 3215 2192 3274 erant,
2223 3205 2308 3261 vel
2333 3206 2388 3260 in
2423 3207 2618 3262 ordine
2647 3217 3004 3264 centenorum
3036 3223 3180 3276 esse,
3216 3209 3309 3280 qui
3334 3226 3599 3266 numerus

2017 3309 2175 3351 sacer
2199 3301 2307 3361 est,
2336 3302 2391 3349 et
2412 3292 2525 3350 Deo
2548 3303 2770 3365 propter
2799 3295 3062 3352 unitatem
3107 3309 3482 3367 consecratus,
3513 3301 3601 3356 vel

2018 3387 2074 3442 in
2097 3387 2290 3442 ordine
2320 3387 2853 3459 quinquagenorum,
2881 3391 2976 3461 qui
3022 3407 3285 3450 numerus
3314 3395 3597 3452 remissio-

2027 3507 2074 3538 ³⁸
2101 3504 2293 3561 Matth.
2325 3521 2439 3572 11v,
2464 3504 2552 3574 i9,
2581 3505 2671 3562 20.
2749 3507 2794 3540 ⁸⁷
2824 3507 2930 3564 lsa.
2961 3525 3049 3576 XL,
3089 3509 3145 3566 6.
3219 3511 3266 3544 ⁸⁸
3280 3511 3439 3570 Rom.
3467 3529 3598 3582 vm,

2015 3698 2186 3754 Deum
2220 3712 2463 3764 manere,
2502 3709 2556 3755 et
2594 3698 2806 3756 Psellus
2851 3702 3114 3758 unitatem
3140 3703 3194 3758 in
3233 3716 3293 3757 se
3333 3702 3426 3758 Dei
3459 3705 3602 3761 ima-

2015 3769 2195 3842 ginem
2245 3769 2558 3832 continere,
2609 3779 2663 3842 et
2705 3787 2734 3825 a
2785 3771 3166 3842 Pythagoricis
3220 3774 3433 3838 unitas,
3465 3773 3600 3839 Θεός

2015 3839 2317 3913 appelletur
2340 3841 2733 3913 ;_centenarius
2765 3839 3011 3913 profecto
3047 3858 3335 3907 numerus,
3355 3845 3447 3913 qui
3474 3846 3566 3899 uni

2013 3908 2114 3963 tati
2142 3908 2457 3979 reSpondet,
2499 3926 2730 3979 eamque
2759 3908 2957 3975 refert,
3001 3913 3112 3966 Deo
3157 3928 3316 3967 sacer
3345 3908 3468 3969 esse
3502 3915 3599 3969 de-

2015 3979 2153 4033 buit.
2180 3981 2259 4033 Ita
2285 3980 2366 4051 de
2381 3980 2472 4034 illo
2499 3980 2628 4034 alibi
2650 3979 2949 4051 Origenes:
2979 4001 2999 4034 ι
3029 3982 3390 4039 Centenarius
3412 3995 3594 4040 autem

2017 4064 2280 4126 numerus
2320 4049 2513 4118 plenus
2546 4051 2615 4126 i_I_i_
2641 4049 2899 4106 omnibus
2933 4061 2988 4106 et
3038 4053 3328 4126 perfectus
3354 4055 3596 4126 ostendi;

2019 4127 2124 4172 tur.
2159 4137 2177 4170 ι
2211 4117 2432 4190 Etmox
2463 4137 2477 4174 :
2510 4138 2528 4171 ι
2553 4118 2653 4172 llic
2695 4137 2826 4190 ergo
2865 4117 3214 4178 centonarius
3238 4125 3404 4180 totius
3437 4117 3592 4181 cret;

2015 4197 2151 4261 tura:
2200 4189 2482 4261 rationalis
2527 4189 2808 4253 numerus,
2837 4195 3095 4261 quoniam
3133 4210 3241 4248 non
3282 4210 3344 4248 ex
3391 4206 3595 4251 semct-

2015 4259 2136 4330 ipso
2176 4259 2459 4330 subsistit,
2499 4261 2593 4314 sed
2637 4275 2706 4314 ex
2763 4259 3027 4317 Trinitate
3075 4263 3378 4330 descendit,
3412 4285 3430 4317 ι
3486 4277 3592 4322 etc.

2015 4329 2360 4395 Ambrosius,
2390 4329 2466 4384 De
2509 4330 2614 4398 ﬁde
2644 4334 3044 4386 resurrectionis
3068 4350 3087 4388 :
3141 4353 3161 4385 ι
3195 4334 3250 4388 In
3279 4329 3596 4392 centesimis

2015 4414 2239 4470 quoque
2267 4408 2322 4454 et
2374 4400 2425 4454 in
2476 4402 2780 4458 millesimis
2824 4406 2968 4459 sacri
3019 4405 3332 4461 observatio
3377 4409 3594 4462 numeri

2015 4470 2242 4524 minime
2262 4471 2623 4548 praeteritur.»
2647 4471 3050 4548 Hieronymus:
3087 4473 3271 4548 {Tunc
3307 4492 3401 4546 per
3434 4478 3596 4548 quiu-

2014 4540 2333 4614 quagenarii
2374 4541 2587 4614 numeri
2629 4540 3003 4612 ptenitentiam
3043 4545 3109 4599 ad
3141 4540 3597 4614 perfectum-cen-

2014 4610 2192 4688 tesi_mi
2225 4610 2438 4688 numeri
2478 4610 2694 4688 culmen
2735 4618 3052 4688 ascendant.
3081 4637 3098 4668 ι
3120 4610 3376 4688 Cyrinus,
3401 4619 3491 4673 lib.
3519 4634 3595 4673 xu

2013 4682 2068 4756 in
2097 4679 2258 4756 Joan.
2278 4680 2442 4756 ;_To§
2477 4681 2575 4752 μὲν
2612 4683 2826 4756 ἑκατὸν,
2854 4685 2930 4750 ὥς
2957 4685 3020 4754 γέ
3063 4679 3463 4756 μοι’φαίνεται,
3501 4689 3598 4744 καὶ

2011 4753 2160 4806 δοκεῖ
2204 4750 2384 4833 καλῷς
2419 4750 2582 4833 έχειν,
2623 4753 2685 4807 τὸ
2720 4750 2994 4833 πλήρωμα
3017 4750 3149 4833 ’τῶν
3188 4750 3357 4833 ἔθνῷν
3397 4750 3599 4833 σημαί-

2011 4839 2247 4899 νονςιτοςοΔ
2262 4822 2634 4899 πληρέστατος
2673 4825 2783 4898 γὰρ
2815 4822 2852 4878 ’ὀ
2875 4822 3073 4899 Διξᾷιατδν
3113 4828 3374 4899 ἀριθμὸς,
3417 4822 3486 4885 ἐξ
3512 4830 3626 4883 δε-·

2015 4893 2192 4968 κάδων
2222 4892 2791 4968 δέκασυγκείμενος,
2811 4915 2828 4946 ι
2860 4892 3190 4968 Ceutenario
3234 4892 3495 4968 uulnere,
3525 4912 3598 4956 ut

2015 4964 2150 5017 mihi
2203 4966 2423 5041 quidem
2463 4964 2668 5041 optime
2698 4983 2757 5020 se
2781 4967 2986 5041 habere
3028 4969 3264 5041 videtur,
3301 4964 3598 5041 plenitudi-

2015 5049 2139 5088 nem
2164 5035 2408 5116 geutium
2442 5035 2819 5116 signiﬁcante:
2847 5038 3200 5116 plenissimus
3233 5035 3434 5114 quippe
3463 5061 3580 5100 cen-

2014 5107 2260 5159 tenarius
2304 5119 2607 5171 numerus,
2657 5107 2842 5161 decem
2893 5107 3189 5164 decadibus
3251 5107 3536 5171 constans.
3571 5135 3590 5166 ›

2016 5173 2388 5246 AtOrigenes,
2413 5175 2601 5230 homil.
2629 5176 2696 5230 16
2722 5178 2775 5230 in
2809 5176 3006 5244 Levit.,
3031 5180 3084 5233 in
3103 5181 3300 5235 malam
3322 5184 3506 5239 itidem
3539 5197 3600 5240 ut

2015 5245 2220 5324 bonam
2242 5256 2475 5324 partem,
2507 5249 2882 5302 centenarium
2924 5255 3384 5324 numerumisumi
3435 5269 3599 5324 posse

2017 5317 2248 5372 scribit:
2287 5335 2304 5368 ι
2342 5316 2704 5384 Quiuquenus
2743 5335 3006 5376 numerus
3033 5329 3086 5375 et
3130 5323 3186 5375 in
3227 5316 3598 5379 laudabilibus

2016 5387 2258 5461 ponitur,
2290 5396 2345 5440 et
2388 5389 2440 5439 in
2481 5387 2868 5456 culpabilihus.
2893 5429 2907 5444 .
2929 5431 2974 5444 ..
3016 5392 3108 5445 Sic
3141 5407 3273 5461 ergo
3320 5404 3373 5448 et
3407 5403 3596 5451 cente--

2017 5457 2520 5539 narius_numerus
2583 5460 2652 5514 ad
2700 5469 2988 5532 utramque
3029 5457 3237 5532 partem
3273 5466 3448 5538 accipi
3493 5481 3596 5539 po-

2019 5535 2144 5582 test.
2177 5545 2196 5579 ι
2228 5531 2307 5583 lo.

2089 5597 2210 5678 (72)-
2237 5600 2653 5678 Πιιςίιτήκοντᾳζ
2682 5601 2906 5678 cipit?th
2945 5604 3282 5678 περιέχοντι
3308 5605 3426 5678 τὴν
3454 5606 3600 5678 ἄφιε

2014 5682 2139 5724 σιν.
2188 5667 2362 5724 Levit.
2389 5667 2555 5746 _i.\'v,_
2593 5673 2693 5746 li);
2718 5667 3240 5746 'Orft'geuesfhoinil.
3273 5679 3309 5733 2
3356 5667 3409 5734 in
3432 5667 3600 5746 ϐὅτι,

2015 5753 2136 5826 cap.
2175 5755 2252 5806 Vl,
2287 5750 2342 5824 et
2389 5743 2578 5826 homil.
2612 5744 2655 5826 5
2681 5754 2734 5826 et
2779 5743 2850 5801 25
2883 5747 2934 5800 in
2969 5747 3166 5814 Num.;
3202 5743 3592 5826 Hieronymus,

2016 5809 2135 5865 loco
2167 5813 2415 5881 proxime
2441 5813 2678 5869 laudato.
2717 5815 2788 5870 ln.
