4094 6290
545 428 645 484 9H

2024 421 2347 479 ORIGENIS

3705 423 3816 480 952

549 564 674 605 nem
699 547 972 610 continet,
999 543 1154 612 Juxta
1205 544 1523 615 mysterium
1557 540 1791 605 Iuhilaei,
1821 542 1914 610 qui
1953 543 2011 596 lit
2065 543 2114 597 iu

2224 542 2364 596 κατὰ
2389 542 2487 613 τὴν
2533 541 2913 613 Πεντηκοστὴν
2943 541 3137 614 ἑορτῆς
3169 542 3299 610 (75).
3347 539 3519 610 Οἶμαι
3539 541 3618 604 δὲ,
3646 542 3728 594 ὅτι
3761 543 3815 596 οἱ
3872 583 3875 588 .

544 639 708 694 annis
758 635 1152 706 quinquaginta
1190 674 1205 699 ,
1246 635 1328 688 vel
1381 634 1505 690 festi
1548 634 1692 705 quod
1725 633 2030 688 celebratur
2063 634 2117 686 in

547 729 885 784 Pentecoste.
940 726 1206 782 Existimo
1252 734 1434 781 autem
1501 725 1789 780 duodecim
1855 723 2120 794 cophinos

543 820 710 875 fuisse
735 816 878 888 apud
897 816 1196 887 discipulos
1228 816 1429 886 quibus
1479 816 1687 870 dictum
1728 823 1812 870 est
1835 815 1878 846 ⁹¹
1909 831 1926 868 :
1966 831 1986 866 ι
2023 810 2120 866 Se-

542 909 738 965 debitis
765 923 930 978 super
959 907 1116 964 sedes
1147 907 1455 972 duodecim,
1472 904 1959 979 mjudicantes
1982 903 2122 958 duo—

541 1001 717 1058 decim
747 1002 922 1058 tribus
954 999 1144 1057 Israel.
1183 1020 1201 1053 ι
1237 999 1304 1055 Ει
1327 999 1789 1070 quemadmodum
1818 996 1925 1052 dici
1947 997 2123 1067 possit

543 1095 699 1152 sedes
724 1092 1022 1163 judicantis
1045 1092 1245 1148 tribum
1268 1092 1483 1158 Ruben,
1518 1105 1641 1147 esse
1671 1087 1996 1161 mysterium
2022 1103 2039 1155 ;
2061 1097 2122 1143 et

538 1185 698 1242 sedes
719 1184 1019 1255 judicantis
1078 1183 1282 1238 tribum
1341 1181 1616 1253 Symeon,
1671 1190 1728 1236 et
1781 1178 1889 1235 alia
1915 1179 2118 1235 tribum

537 1275 698 1342 Juda,
731 1285 786 1332 et
820 1276 895 1331 ita
928 1275 1220 1345 deinceps;
1254 1276 1333 1331 sic
1362 1275 1530 1330 etiam
1569 1274 1641 1328 sit
1665 1272 1934 1343 cophinus
1968 1270 2120 1326 ciba-

2225 632 2434 686 δώδεκα
2463 632 2672 702 κόφινοι
2711 629 2853 704 ἦσαν
2883 632 3036 706 παρὰ
3068 637 3180 697 τοῖς
3216 632 3508 704 μαθηταῖς,
3551 632 3688 704 πρὸς
3717 632 3813 697 οὓς

2225 724 2458 795 εῖρηταν
2498 743 2515 774 ι
2548 723 2865 795 Καθήσεσθε
2896 726 2990 778 ἐπὶ
3024 724 3233 779 δώδεκα
3259 725 3504 798 θρόνους,
3534 727 3816 798 κρίνοντες

2226 815 2325 878 τὰς
2358 814 2425 867 ιδ’
2471 814 2644 883 φυλὰς
2672 815 2766 869 τοῦ
2809 815 3048 888 Ἰσραήλ.
3084 835 3102 868 ι
3140 817 3254 871 Kal.
3292 817 3482 890 ὥσπερ
3507 817 3720 887 λέγοιτο
3748 819 3816 874 ἂν

2231 905 2528 976 μυστήριον
2571 901 2712 961 εἶναι
2749 905 2941 979 θρόνος
2980 907 3262 980 κρίνοντος
3307 908 3481 980 φυλὴν
3529 909 3813 983 Ῥουϐεὶμ,

2227 994 2322 1047 καὶ
2348 994 2535 1065 θρόνος
2562 996 2842 1068 κρίνοντος
2863 997 3039 1069 φυλὴν
3058 998 3303 1069 Συμεὼν,
3331 1000 3426 1053 καὶ
3447 999 3608 1064 ἄλλος
3640 1001 3816 1074 φυλὴν

2241 1085 2432 1151 Ἰούδα,
2455 1089 2552 1142 καὶ
2581 1089 2726 1143 οὕτω
2756 1089 2994 1162 καθεξῆς
3013 1108 3028 1123 ’
3064 1089 3239 1156 οὕτως
3257 1093 3343 1166 είη
3369 1093 3436 1148 ἂν
3471 1094 3566 1148 καὶ
3592 1096 3816 1165 κόφινος

2227 1179 2435 1251 τροφῆς
2504 1181 2782 1254 Ῥουϐεὶμ,
2838 1183 2935 1237 καὶ
2993 1184 3154 1248 ἄλλος
3205 1185 3460 1258 Συμεὼν,
3507 1189 3603 1242 καὶ
3653 1188 3815 1252 ἄλλος

2229 1271 2383 1326 Acut.
2421 1272 2497 1326 Οὐ
2527 1273 2668 1327 κατά
2700 1275 2792 1328 τὸν
2822 1276 3066 1348 παρόντα
3097 1276 3157 1330 δέ
3177 1279 3292 1332 ἐστι
3318 1277 3478 1347 λόγον
3499 1278 3594 1333 νῦν
3625 1280 3816 1334 τοσοῦ-

539 1370 749 1424 riorum
777 1367 992 1432 Ruben,
1022 1375 1076 1421 et
1096 1367 1237 1422 alius
1266 1366 1501 1437 Symeon
1525 1407 1540 1433 ,
1575 1373 1629 1421 et
1649 1365 1792 1421 alius
1820 1363 1975 1419 Levi.
2010 1362 2114 1419 Sed

2218 1378 2316 1416 τον
2343 1363 2570 1436 ἐκϐῆναι
2590 1364 2685 1419 τοῦ
2715 1369 3101 1438 προκειμένου,
3126 1371 3202 1434 ὠς
3231 1373 3556 1442 συναγαγεῖν
3577 1372 3648 1425 τά
3672 1375 3803 1444 περὶ

538 1478 650 1518 non
684 1469 770 1518 est
792 1459 1073 1532 praesentis
1099 1467 1363 1514 tractatus
1393 1473 1568 1528 usque
1589 1457 1727 1512 adeo
1753 1471 1901 1512 nunc
1933 1471 1965 1510 a
1989 1470 2118 1527 pro-

536 1549 718 1621 posito
739 1550 1028 1612 divertere,
1065 1555 1127 1601 ut
1157 1561 1222 1602 ea
1261 1554 1628 1616 congerantur
1649 1560 1773 1616 quae
1804 1545 1872 1600 de
1907 1544 2115 1599 duode-

2220 1455 2338 1509 τιῦν
2369 1456 2438 1509 ιδ’
2469 1457 2672 1526 φυλῶν,
2701 1460 2797 1513 καὶ
2829 1460 2938 1532 ἰδίᾳ
2959 1461 3030 1516 τὰ
3062 1462 3192 1534 περὶ
3221 1463 3460 1533 ἑκάστης
3488 1463 3690 1530 αὐτῶν,
3720 1467 3814 1518 καὶ

2215 1544 2396 1598 εἰπεῖν
2432 1545 2518 1610 τίς
2544 1547 2753 1621 ἑκάστη
2781 1549 2878 1604 τοῦ
2902 1551 3121 1624 Ἰσραὴλ
3147 1551 3312 1624 φυλή.

539 1645 648 1698 cim
673 1644 923 1698 tribubus
943 1641 1049 1696 dici
1081 1648 1332 1710 possunt,
1367 1648 1422 1695 et
1463 1653 1712 1694 seorsum
1745 1637 1813 1694 de
1851 1637 2084 1709 singulis
2109 1679 2125 1703 ,
2180 1645 2236 1692 et
2290 1654 2542 1708 quaenam
2588 1640 2753 1699 fuerit
2803 1659 3146 1715 unaquaeque
3206 1645 3388 1701 tribus
3433 1646 3602 1702 Israel
3647 1661 3811 1718 expo-

543 1750 694 1792 nere.

613 1827 670 1882 4.
707 1845 724 1877 ι
768 1824 831 1880 Et
863 1826 1044 1880 statim
1076 1824 1339 1894 compulit
1373 1824 1672 1896 discipulos
1724 1823 2022 1880 ascendere
2063 1825 2114 1877 in

2305 1839 2324 1871 ‹
2361 1820 2476 1873 Kal.
2505 1815 2707 1883 εὐθέως
2735 1820 3016 1891 ἠνάγκασε
3039 1821 3168 1884 τοὺς
3197 1820 3446 1893 μαθητὰς
3467 1821 3702 1892 ἐμϐῆναι
3733 1821 3814 1884 είς

539 1917 847 1975 naviculam
868 1958 884 1984 ,
947 1927 1001 1973 et
1031 1918 1335 1989 praecedere
1379 1931 1508 1970 eum
1566 1925 1718 1972 trans
1748 1915 1947 1971 fretum
1973 1954 1988 1981 ,
2024 1915 2122 1970 do-

539 2026 643 2067 nec
668 2010 962 2064 dimitteret
986 2009 1176 2064 turbas
1198 2009 1265 2060 θ’.
1288 2027 1306 2061 ι
1329 2007 1741 2064 Observandum
1767 2016 1871 2073 est,
1906 2007 2122 2078 quoties

537 2103 598 2156 in
625 2101 817 2156 iisdem
849 2099 986 2156 locis
1013 2100 1220 2155 dictum
1251 2107 1336 2155 est
1360 2099 1709 2164 vocabulum,
1749 2117 1767 2150 ι
1809 2099 2001 2163 turbae,
2034 2106 2123 2153 tet

535 2190 688 2247 aliud
719 2191 1066 2258 vocabulum,
1101 2209 1119 2241 ι
1142 2191 1427 2262 discipuli;
1473 2209 1492 2244 ι
1531 2200 1592 2246 ut
1617 2206 1686 2246 ex
1715 2191 2118 2256 observatione,

537 2289 596 2336 et
646 2295 838 2336 eorum
894 2281 1290 2336 vocabulorum
1339 2280 1660 2336 collectione
1717 2282 2118 2351 perspiciatur,

538 2370 720 2428 fuisse
752 2372 1101 2441 evangelistis
1134 2371 1478 2442 propositum
1510 2386 1609 2442 per
1639 2372 2010 2443 evangelicam
2037 2372 2121 2426 hi-

537 2464 764 2521 storiam
795 2463 1128 2520 diﬂ‘erentias
1151 2479 1341 2519 eorum
1391 2463 1488 2535 qui
1519 2463 1586 2519 ad
1614 2461 1802 2519 Iesum
1853 2464 2122 2521 accedunt

537 2556 854 2622 declarare;
886 2571 1124 2627 quorum
1155 2555 1193 2610 ii
1232 2556 1453 2627 quidem
1479 2564 1608 2612 sunt
1637 2555 1830 2620 turbae,
1867 2562 1924 2610 et
1953 2554 2121 2612 disci-

537 2647 653 2718 puli
684 2661 795 2703 non
817 2647 1192 2717 appellantur;
1223 2647 1316 2702 alii
1338 2661 1466 2702 vero
1502 2645 1778 2716 discipuli,
1801 2645 1976 2701 turbis
2001 2660 2118 2700 me-

2223 1915 2286 1968 τὺ
2316 1913 2518 1977 πλοῖον,
2551 1912 2646 1966 καὶ
2681 1913 2944 1984 προάγειν
2977 1913 3139 1968 αὐτὸν
3170 1915 3251 1978 είς
3289 1913 3350 1966 τὸ
3388 1913 3583 1985 πέραν,
3617 1912 3726 1977 ἕως
3750 1909 3812 1968 οὗ

2219 2003 2468 2076 ἀπολύσῃ
2496 2005 2621 2069 τοὺς
2639 2003 2851 2075 ὄχλους.
2873 2023 2898 2056 ο
2931 2005 3356 2077 Παρατηρητέον
3389 2005 3623 2069 ποσάκις
3655 2005 3810 2078 εῐρηο

2219 2113 2312 2150 ται
2343 2095 2488 2150 κατὰ
2510 2097 2639 2159 τοὺς
2671 2088 2869 2160 αὐτοῦς
2889 2089 3091 2159 τόπους
3109 2095 3170 2148 τὸ
3195 2095 3388 2168 ὄνομα,
3439 2115 3457 2147 ι
3484 2097 3536 2150 oi
3577 2094 3744 2166 ὄχλοι,
3782 2114 3803 2144 ι

2234 2187 2329 2240 καὶ
2367 2187 2494 2240 ἄλλο
2545 2187 2742 2258 ὄνομα,
2773 2204 2796 2238 ι
2831 2188 2881 2240 ei
2931 2187 3192 2259 μαθηταί,
3230 2206 3250 2241 ι
3306 2188 3371 2240 ἵν’
3399 2189 3466 2241 ὲκ
3492 2188 3591 2257 τῆς
3631 2205 3811 2260 παρα-

2224 2277 2515 2349 τηρήσεως
2551 2277 2647 2330 καὶ
2676 2277 2779 2348 τῆς
2803 2278 2932 2350 περὶ
2955 2277 3146 2332 τούτου
3177 2279 3498 2350 συναγωγῆς
3529 2278 3806 2351 θεωρηθῇ,

2213 2369 2303 2422 ⁴ὅτι
2344 2369 2407 2422 τὸ
2458 2369 2816 2440 προκείμενον
2851 2372 2966 2434 τοῖς
3005 2370 3420 2440 εὐαγγελισταῖς
3458 2368 3528 2443 ἦν
3574 2372 3665 2428 διὰ
3708 2372 3809 2444 τῆς

2221 2458 2583 2529 εὐαγγελικῆς
2642 2458 2884 2531 ἱστορίας
2959 2460 3310 2532 παραστῆσαι
3381 2460 3645 2532 διαφορὰς
3696 2460 3808 2514 τῶν

2222 2552 2678 2623 προσερχομένων
2705 2550 2785 2622 τῷ
2817 2550 3012 2622 Ἰησοῦ·
3037 2544 3114 2606 ὧν
3137 2554 3186 2606 oi
3219 2553 3316 2623 μέν
3345 2554 3482 2608 εἰσιν
3514 2553 3680 2624 ὄχλοι,
3715 2555 3809 2608 καὶ

2220 2641 2280 2694 οὐ
2300 2637 2696 2712 χρηματίζουσι
2715 2640 2974 2711 μαθηταὶ,
2995 2641 3173 2714 ἕτεροι
3188 2643 3246 2696 δὲ
3264 2642 3314 2695 of.
3329 2642 3598 2714 μαθηταὶ,
3631 2644 3809 2715 κρείτ-

535 2739 723 2796 liores.
749 2737 960 2794 Subicit
990 2747 1174 2794 autem
1197 2737 1253 2792 in
1283 2737 1574 2808 praesentia
1607 2752 1782 2807 pauca
1806 2736 1973 2792 verba
2017 2751 2114 2793 nos

2218 2750 2346 2796 τους
2399 2733 2760 2802 τυγχάνοντες
2802 2733 2910 2787 τῶν
2959 2734 3152 2806 ὄχλων.
3211 2737 3400 2806 Ἀρκεῖ
3447 2736 3506 2789 δὲ
3555 2737 3656 2790 ἐπὶ
3711 2736 3808 2792 τοῦ

535 2830 809 2902 proferre,
832 2838 895 2885 ut
922 2830 992 2886 ab
1021 2830 1090 2884 iis
1122 2829 1394 2884 excitatus
1424 2827 1698 2899 quispiam
1736 2829 1914 2884 simile
1955 2827 2114 2884 faciat

2221 2824 2492 2895 παρόντος
2515 2824 2671 2894 ὀλίγα
2704 2825 2843 2897 ῥητὰ
2865 2826 3014 2897 ἡμᾶς
3043 2826 3404 2898 παραθέσθαι,
3437 2829 3524 2883 ἵνα
3549 2829 3658 2883 ἀπὸ
3683 2829 3809 2884 τού-

532 2923 597 2977 -in
623 2921 881 2977 omnibus
907 2919 1233 2991 Evangeliis.
1265 2917 1433 2984 Quasi
1465 2919 1640 2975 turbis
1665 2919 1831 2990 igitur
1857 2918 2114 2976 inferiore

2219 2932 2328 2968 των
2379 2914 2619 2988 κινηθείς
2671 2934 2755 2980 τις
2791 2917 2852 2970 τὸ
2887 2917 3072 2989 ὅμοιον
3121 2920 3327 2994 ποιήσῃ
3365 2921 3460 2973 ἐπὶ
3506 2921 3645 2974 ὅλων
3691 2921 3808 2975 τῶν

539 3013 664 3067 loco
688 3010 1058 3074 manentibus,
1086 3024 1212 3064 cum
1237 3007 1489 3076 discipuli
1517 3007 1582 3062 ad
1616 3006 1825 3076 Iesum,
1850 3009 1945 3080 qui
1961 3025 2114 3066 mon-

2220 3004 2587 3075 Εὒαγγελίων.
2624 3005 2936 3078 Γέγραπται
2967 3007 3167 3072 τοίνυν,
3205 3009 3283 3071 ὼς
3316 3009 3466 3062 κάτω
3489 3009 3600 3063 τῶν
3625 3009 3802 3079 ὄχλων

539 3111 651 3156 tem
672 3098 1094 3164 conscenderat,
1127 3099 1278 3153 adi-re
1301 3106 1547 3167 possent,
1577 3113 1693 3168 quo
1727 3099 1901 3155 turbae
1918 3114 2114 3170 perve-

2218 3096 2617 3166 τυγχανόντων,
2651 3096 2758 3150 τῶν
2785 3095 2842 3148 δὲ
2874 3095 3130 3168 μαθητῶν
3175 3097 3434 3152 ἀναϐάντι
3474 3099 3554 3161 είς
3585 3098 3647 3151 τὸ
3675 3098 3802 3169 ὄρος

541 3191 662 3246 nire
683 3205 792 3245 non
823 3162 1118 3259 poterant,
1164 3162 1535 3260 haec-scripta
1566 3162 1697 3244 sunt
1725 3189 1774 3222 ⁸³
1804 3207 1820 3244 νε
1854 3208 1873 3242 ι
1912 3162 2114 3248 iidem

2222 3162 2533 3260 τῷἯἸησοῦ
2580 3162 2891 3260 δυναμένων
2931 3162 3269 3260 προσελθεῖν,
3301 3187 3428 3242 ἔνθα
3471 3189 3573 3260 οὐχ
3609 3162 3802 3244 οἷοίτε

541 3291 727 3338 autem
752 3279 915 3336 Iesus
942 3281 1156 3348 turbas,
1185 3280 1433 3336 ascendit
1483 3280 1539 3335 in
1568 3289 1810 3337 montem
1843 3298 1859 3349 ;
1893 3289 1949 3337 et
1994 3298 2114 3339 cum

2221 3275 2364 3352 ἦσαν
2411 3281 2463 3333 οἱ
2509 3278 2656 3350 ὄχλοι
2693 3279 2965 3348 γενέσθαι,
2994 3279 3250 3334 τοιαῦτα·
3310 3299 3328 3332 ι
3387 3280 3534 3334 Ἰδὼν
3575 3282 3634 3335 δὲ
3672 3284 3805 3348 τοὺς

540 3373 796 3439 sedisset,
836 3379 1189 3428 accesserunt
1211 3371 1278 3425 ad
1304 3385 1429 3425 eum
1457 3371 1711 3442 discipuli
1740 3372 1884 3442 ejus,
1910 3380 1965 3428 et
1991 3387 2114 3444 ape-

2219 3371 2432 3443 ὄχλους,
2482 3373 2648 3444 ἀνέϐη
2694 3375 2778 3437 εις
2808 3373 2869 3426 τὸ
2907 3375 3052 3445 ὄρος·
3103 3374 3196 3428 καὶ
3246 3373 3570 3438 καθίσαντος
3611 3375 3803 3440 αὐτοῦ,

542 3467 692 3522 riens
718 3479 783 3522 os
814 3479 974 3520 suum
1003 3462 1238 3520 docebat
1255 3476 1372 3526 eos,
1396 3462 1587 3520 dicens
1624 3480 1637 3517 :
1671 3461 1819 3520 Beati
1852 3478 2114 3536 pauperes

2221 3465 2525 3536 προσῆλθον
2556 3465 2704 3535 αὐτῷ
2752 3466 2801 3517 oi
2833 3465 3070 3537 μαθηταὶ
3121 3466 3309 3533 αὑτοῦ,
3353 3470 3449 3523 καὶ
3483 3469 3712 3535 ἀνοίξας
3745 3473 3807 3526 τὸ

539 3558 760 3630 spiritu,
799 3575 820 3609 ι
857 3565 912 3611 et
961 3569 1082 3625 quae
1129 3561 1454 3624 sequuntur.
1485 3554 1552 3609 Et
1599 3571 1790 3612 rursus
1821 3557 1929 3612 alio
1957 3556 2114 3624 loco,

2222 3555 2397 3627 στόμα
2426 3555 2590 3610 αὐτοῦ
2636 3556 2915 3611 ἐδίδασκεν
2943 3558 3138 3623 αὐτοὺς
3179 3558 3351 3628 λέγων
3377 3577 3390 3590 ·
3439 3561 3719 3636 Μακάριοι
3755 3564 3803 3617 οἱ

537 3666 668 3708 cum
696 3647 1034 3704 multitudini
1061 3647 1275 3704 sanatio
1302 3661 1444 3718 opus
1469 3646 1648 3716 foret,
1677 3648 1886 3704 dictum
1917 3657 2002 3706 est
2030 3648 2114 3703 ’λε

2220 3647 2426 3718 πτωχοὶ
2450 3646 2529 3718 τῷ
2563 3647 2871 3720 πνεύματι,
2906 3668 2926 3701 ι
2970 3649 3068 3705 ,καὶ
3097 3651 3168 3704 τὰ
3213 3650 3360 3722 ἑξῆς.
3393 3651 3506 3706 Καὶ
3553 3652 3714 3707 πάλιν
3743 3653 3801 3706 ὲν

544 3761 565 3794 ι
600 3741 787 3798 Secuti
817 3749 944 3796 sunt
977 3754 1103 3794 eum
1133 3740 1312 3808 multi,
1342 3750 1396 3797 et
1432 3740 1645 3797 curavit
1679 3755 1893 3796 omnes.
1942 3758 1960 3792 ι
1996 3739 2114 3796 Non

2218 3739 2362 3811 ἄλλῳ
2388 3740 2560 3812 τόπῳ,
2593 3740 2669 3804 ὡς
2701 3740 2809 3794 τῶν
2841 3739 3015 3811 ὄχλων
3041 3743 3316 3812 δεομένων
3354 3742 3674 3816 θεραπείας,
3707 3744 3796 3797 λέ-

537 3833 845 3904 reperimus
867 3839 1052 3886 autem
1076 3831 1342 3902 scriptum
1369 3831 1437 3886 de
1459 3830 1745 3901 discipulis
1776 3841 1999 3887 sanatos
2015 3831 2114 3888 hos

2218 3829 2424 3884 λεκται·
2461 3848 2481 3882 ι
2532 3830 2931 3902 Ἦκολούθησαν
2965 3832 3113 3904 αὐτῷ
3143 3833 3289 3904 ὄχλοι
3319 3834 3522 3898 πολλοὶ,
3560 3835 3655 3888 καὶ
3682 3834 3799 3888 ὲθε-

535 3923 733 3990 fuisse,
761 3924 892 3995 quia
924 3923 970 3978 si
1000 3923 1123 3994 quis
1142 3923 1258 3994 jam
1297 3933 1382 3978 est
1408 3922 1713 3992 discipulus
1741 3919 1871 3976 Iesu
1899 3961 1914 3987 ,
1973 3923 2114 3978 valet

2219 3921 2491 3992 ράπευσεν
2534 3921 2752 3987 αὐτούς.
2797 3942 2816 3975 ι
2859 3925 2973 3995 Οὐχ
3021 3924 3253 3996 εῦρομεν
3281 3925 3338 3978 δὲ
3372 3927 3499 3997 περὶ
3544 3925 3800 3998 μαθητῶν

535 4014 650 4081 ille,
684 4023 738 4071 et
765 4024 912 4071 recte
936 4029 996 4070 se
1029 4014 1239 4070 habens
1263 4028 1402 4083 opus
1428 4012 1593 4068 habet
1619 4010 1767 4078 Iesu,
1783 4026 1890 4066 non
1917 4021 1978 4067 ut
2001 4028 2116 4068 me-

536 4105 686 4174 dico,
725 4105 823 4162 sed
880 4113 1104 4176 propter
1150 4103 1286 4160 alias
1311 4102 1432 4174 ejus
1475 4102 1725 4158 virtutes.
1759 4102 1972 4159 Rursus
2006 4103 2114 4160 alio

531 4200 660 4255 loco
687 4198 735 4231 ”
764 4215 778 4253 :
820 4215 839 4250 ι
877 4196 1159 4268 Loqueute
1182 4210 1249 4251 eo
1277 4196 1344 4252 ad
1364 4195 1576 4264 turbas,
1595 4205 1768 4252 mater
1788 4194 1907 4265 ejus
1925 4203 1979 4250 et
2010 4193 2118 4249 l‘ra-

527 4301 651 4348 tres
673 4290 893 4347 stabant
925 4288 1061 4344 foris
1117 4293 1425 4357 quaerentes
1459 4285 1610 4356 loqui
1651 4287 1742 4354 ei;
1782 4305 1801 4339 »
1838 4285 1985 4357 quod
2037 4286 2114 4342 illi

525 4383 903 4456 signiﬁcatum
926 4389 1011 4436 est
1037 4380 1106 4434 ab
1133 4380 1338 4448 aliquo,
1362 4377 1453 4433 cui
1469 4377 1751 4448 respondit
1772 4396 1790 4429 ι
1815 4377 2116 4433 extendens

531 4489 782 4540 manum,
817 4492 835 4525 ι
866 4485 975 4526 non
1010 4471 1065 4525 in
1096 4469 1308 4534 turbas,
1336 4467 1430 4523 sed
1459 4487 1478 4518 ι
1518 4468 1573 4522 in
1604 4465 2113 4537 discipulos,dixit-

2216 4013 2712 4085 ἀναγεγραμμένην
2752 4012 3071 4086 θεραπείαν
3117 4015 3262 4079 ἐπεὶ,
3301 4015 3357 4068 εἴ
3395 4017 3480 4079 τίς
3510 4017 3659 4069 ἐστιν
3697 4015 3799 4088 ήδη

2220 4101 2468 4175 μαθητὴς
2513 4103 2607 4156 τοῦ
2662 4103 2859 4177 Ἰησοῦ,
2905 4105 3142 4175 ὑγιαίνει
3191 4106 3422 4169 ἐκεῖνος,
3467 4107 3563 4160 καὶ
3617 4106 3800 4170 καλῶς

2215 4193 2355 4266 ἔχων
2391 4193 2562 4249 δεῖται
2595 4193 2692 4248 τοῦ
2747 4193 2946 4266 Ἰησοῦ,
2976 4195 3097 4265 οὐχὶ
3129 4195 3334 4266 ἰατροῦ,
3369 4195 3506 4249 ἀλλὰ
3532 4196 3676 4251 κατὰ
3701 4196 3801 4260 τὰς

2215 4284 2381 4350 ἄλλας
2413 4285 2579 4339 αὑτοῦ
2611 4284 2889 4356 δυνάμεις.
2923 4286 3090 4340 Πάλιν
3121 4285 3177 4338 ἐν
3218 4285 3362 4356 ἄλλῳ
3405 4285 3575 4357 τόπῳο
3623 4305 3641 4338 ι
3682 4289 3799 4340 Λα-

2216 4377 2434 4442 λοῦντος
2471 4377 2639 4432 αὑτοῦ
2682 4380 2796 4442 τοῖς
2830 4377 3027 4447 ὄχλοις,
3075 4379 3110 4448 ὴ
3165 4378 3350 4449 μήτηρ
3395 4377 3560 4432 αὑτοῦ
3605 4379 3700 4432 καὶ
3749 4381 3800 4433 οἱ

2218 4470 2435 4540 ἀδελφώ⁸
2465 4471 2812 4542 είστήκεισαν
2844 4471 2949 4535 ἔξω
2987 4469 3276 4540 ζητοῦντες
3303 4470 3533 4542 λαλῆσαι
3562 4470 3732 4541 αὐτῷ·
3775 4491 3794 4522 ι

530 4583 642 4640 que
665 4585 679 4622 :
705 4564 846 4621 Ecce
873 4570 1049 4618 mater
1078 4575 1198 4616 mea
1229 4571 1284 4615 et
1311 4557 1508 4614 fratres
1535 4558 1640 4614 mei
1665 4574 1680 4624 ;
1723 4577 1742 4609 ι
1783 4565 1838 4613 et
1865 4558 2111 4614 testimo-

2218 4533 2534 4634 ὅπερ-αὑτῷ
2573 4533 2838 4634 ἐδηλώθη,
2875 4533 3012 4632 πρὸς
3037 4533 3094 4616 θν
3125 4533 3457 4634 ἀπεκρίνατο
3493 4581 3511 4614 ι
3549 4533 3800 4628 ἐκτείνας

532 4661 686 4716 nium
719 4654 1013 4728 perhibens
1041 4653 1108 4708 de
1141 4650 1428 4720 discipulis
1453 4690 1468 4716 ,
1502 4658 1562 4704 ut
1579 4649 1674 4719 qui
1713 4667 1734 4701 ι
1771 4649 2106 4705 voluntatem

532 4749 713 4805 Patris
754 4767 772 4801 ι
809 4746 1051 4803 facerent
1084 4763 1103 4797 ι
1140 4743 1234 4815 qui
1285 4743 1342 4797 in
1375 4741 1528 4797 caelis
1558 4749 1681 4796 est:
1718 4742 1839 4812 Ipse
1870 4756 2026 4798 meus
2057 4753 2112 4798 et

532 4839 723 4906 frater,
757 4847 811 4894 et
840 4853 1019 4903 soror,
1051 4845 1107 4892 et
1127 4844 1302 4892 mater
1331 4842 1434 4890 est.
1459 4852 1476 4885 ι
1497 4831 1565 4888 Ει
1588 4848 1782 4890 rursus
1808 4833 1938 4889 alibi
1967 4834 2106 4890 scri-

531 4935 685 4998 ptum
709 4933 791 4981 est
809 4926 854 4958 °°
883 4944 897 4980 :
935 4943 954 4977 ι
982 4923 1210 4980 Omnem
1243 4923 1457 4979 turbam
1489 4922 1704 4978 stetisse
1732 4923 1787 4977 in
1821 4923 2022 4991 littore,
2055 4932 2110 4980 et

530 5017 774 5073 locutum
824 5015 996 5071 fuisse
1039 5015 1209 5070 multa
1239 5014 1295 5069 in
1327 5013 1648 5084 parabolis;
1689 5032 1712 5065 ο
1751 5011 1950 5070 deinde
1981 5025 2106 5084 post

530 5107 845 5180 parabolam
869 5107 1118 5171 sationis,
1142 5107 1461 5163 accedentes
1489 5123 1598 5162 non
1622 5105 1737 5174 jam
1767 5106 1978 5173 turbas,
2012 5109 2106 5163 sed

528 5199 851 5271 discipulos,
879 5197 1085 5254 dixisse
1104 5197 1177 5263 ei,
1203 5211 1312 5251 non
1346 5215 1360 5252 :
1396 5195 1558 5268 481
1590 5215 1608 5248 ι
1641 5195 1823 5263 Quare
1855 5198 1910 5251 in
1943 5213 2105 5268 para-

529 5295 670 5351 bolis
721 5293 962 5365 loqueris
1007 5292 1206 5348 nobis?
1242 5311 1263 5344 ι
1296 5292 1388 5348 sed
1418 5310 1432 5346 :
1464 5313 1483 5342 ι
1522 5289 1704 5359 Quare
1743 5293 1796 5346 in
1831 5293 2106 5363 parabolis

523 5383 772 5458 loqueris
787 5386 865 5442 eis
887 5383 970 5437 ’τί
1008 5402 1026 5436 ι
1062 5381 1182 5449 Quo
1206 5391 1449 5452 tempore
1475 5383 1815 5452 respondens
1831 5383 1970 5439 dixit
1994 5400 2103 5440 non

2211 4654 2312 4726 τὴν
2337 4657 2515 4725 χεῖρα,
2542 4673 2561 4707 ι
2588 4656 2691 4708 οὐκ
2711 4655 2804 4708 ἐπὶ
2828 4653 2954 4717 τοὺς
2982 4653 3192 4724 ὄχλους,
3225 4654 3340 4708 ἀλλ’
3367 4673 3386 4706 ι
3413 4655 3506 4708 ἐπὶ
3527 4654 3654 4718 τοὺς
3685 4671 3796 4726 μα·-

2210 4743 2402 4814 θητὰς,
2433 4743 2530 4796 καὶ
2563 4739 2744 4797 εἶπεν·
2769 4762 2788 4795 ι
2822 4742 2955 4796 Ἰδοὺ
2980 4743 3013 4814 ή
3044 4743 3227 4815 μήτηρ
3255 4760 3354 4814 μου
3377 4745 3471 4796 καὶ
3498 4744 3550 4796 oi
3579 4744 3798 4815 ἀδελφοί

2214 4853 2316 4907 μου
2339 4853 2351 4864 ·
2392 4855 2409 4886 ι
2450 4836 2544 4889 καὶ
2579 4834 2872 4908 μαρτυρῶν
2900 4838 3014 4899 τοῖς
3055 4834 3341 4907 μαθηταῖς,
3382 4835 3458 4899 ὡς
3493 4836 3705 4890 ποιοῦσι
3735 4838 3800 4891 τὸ

2212 4927 2423 5000 θέλημα
2444 4927 2539 4981 τοῦ
2571 4927 2783 5000 Πατρὸς
2803 4925 2898 4981 τοῦ
2927 4929 2984 4982 ὲν
3008 4929 3120 4991 τοῖς
3149 4927 3414 4998 οὐρανοῖς·
3443 4948 3461 4980 ι
3485 4928 3656 4994 Αὐτός
3690 4946 3797 5000 μου

2209 5019 2304 5072 xal.
2335 5017 2584 5087 ἀδελφὸς,
2614 5017 2712 5072 καὶ
2730 5017 2953 5090 ἀδελφὴ,
2987 5019 3085 5073 καὶ
3112 5019 3295 5091 μήτηρ
3318 5021 3454 5073 ἐστί.
3496 5040 3515 5073 ι
3547 5022 3659 5076 Καὶ
3689 5022 3797 5076 πά-

2209 5108 2292 5162 λιν
2318 5111 2375 5162 ὲν
2410 5109 2556 5181 ἄλλῳ
2578 5110 2732 5180 τόπῳ
2759 5110 3093 5181 γέγραπται,
3124 5111 3226 5176 ὅτι,
3271 5130 3288 5162 ι
3321 5111 3438 5175 Πᾶς
3461 5113 3490 5166 ὁ
3518 5112 3670 5184 ὄχλος
3699 5113 3796 5167 ἐπὶ

2207 5204 2298 5258 τὸν
2333 5203 2577 5272 αἰγιαλὸν
2617 5204 2885 5274 εἱστήκει,
2931 5203 3026 5257 καὶ
3061 5202 3320 5275 ἐλάλησεν
3364 5204 3420 5257 ἐν
3455 5204 3794 5276 παραϐολαῖς

2208 5296 2390 5360 αὐτοῖς
2426 5295 2627 5350 πολλάο
2667 5315 2686 5348 ι
2717 5293 2836 5349 εἶτα
2877 5294 3017 5367 μετὰ
3051 5295 3150 5368 τὴν
3187 5294 3283 5348 τοῦ
3312 5297 3514 5370 σπόρου
3548 5298 3794 5371 τκιραϐο-

2207 5389 2305 5459 λὴν
2340 5388 2729 5467 προσελθόντες
2769 5388 2952 5442 οὐκέτι
2994 5388 3045 5441 οἱ
3087 5387 3256 5458 ὄχλοι,
3301 5388 3414 5442 ἀλλ’
3440 5390 3493 5444 oi
3529 5387 3788 5462 μαθηταὶ,

590 5525 631 5556 ἰ
653 5521 860 5596 _l_lat_th.
893 5522 1146 5596 X71528;
1177 5521 1309 5578 Luc.
1347 5525 1605 5596 unum.
1677 5525 1721 5596 ιε
1755 5524 1947 5581 Matth.
1976 5541 2087 5592 xlv,
2120 5526 2209 5581 22.
2308 5528 2353 5560 ⁸³
2379 5528 2564 5584 Matth.
2598 5546 2648 5596 v,
2685 5530 2734 5596 l,
2771 5529 2826 5596 2,
2858 5528 2912 5584 3.
2987 5529 3034 5561 "‘
3059 5528 3249 5585 Matth.
3275 5545 3374 5596 xu,
3403 5529 3491 5586 15.
3569 5530 3616 5563 "
3645 5529 3779 5586 ibid.

523 5592 616 5659 46,
639 5593 730 5659 47,
754 5594 843 5648 49.
919 5594 965 5625 ’⁸
990 5593 1176 5649 Matth.
1208 5609 1330 5661 xm,
1355 5595 1411 5648 2.
1487 5595 1533 5626 "
1557 5594 1747 5651 Matth.
1780 5613 1901 5663 XIII,
1937 5597 2024 5652 10.

600 5751 715 5825 (T5)
748 5751 863 5825 Τῆς
899 5753 1050 5825 κατὰ
1088 5755 1203 5825 τὴν
1245 5755 1677 5823 Πεντηκοστὴν
1703 5754 1932 5825 ἑορτῆς.
1962 5753 2096 5810 Illud

525 5832 610 5876 est
635 5820 1098 5876 hebdomadarum
1124 5820 1346 5888 festum,
1370 5820 1438 5878 de
1465 5842 1575 5893 quo
1605 5820 1776 5880 Levit.
1815 5820 1970 5894 xii”,
2003 5827 2092 5890 15,

2207 5766 2259 5810 et
2285 5756 2437 5813 Deut.
2458 5773 2575 5829 _xvr,
2606 5761 2659 5826 9,
2679 5758 2998 5815 Pentecoste
3018 5760 3346 5829 appellatum
3366 5761 3406 5815 ll
3425 5760 3561 5818 Mac.
3589 5764 3782 5829 Μηδὲ.

2215 5840 2267 5883 et
2291 5830 2430 5896 apud
2451 5825 2671 5901 Ioseph.
2704 5831 2798 5888 lib.
2831 5846 2868 5884 ιι
2904 5830 2978 5884 De
3016 5825 3148 5884 bello
3182 5831 3337 5896 Jud.,
3363 5848 3412 5886 e.
3439 5833 3494 5887 2.
3535 5825 3803 5890 Ηυετιυε.
