4094 6290
331 424 442 480 913

1292 423 1647 481 ΟΟΜΜΕΝΤ.
1691 425 1760 482 ΙΝ
1797 421 2215 484 ΜΑΤΤΗᾸΞΗΜ
2257 419 2495 481 TOMUS
2531 418 2624 476 II.

3485 420 3601 476 οη

333 534 493 593 εἷπον
530 538 700 610 αὐτῷ,
727 539 813 602 οὐ,
868 558 889 593 ι
921 541 1019 595 Διά
1059 541 1113 594 τί
1155 543 1214 595 ὲν
1257 541 1596 614 παραεολαῖς
1634 543 1747 613 (74)
1785 547 1916 616 ἡμῖν

2023 544 2224 611 turbis,
2257 543 2350 602 sed
2375 541 2661 612 discipulis
2683 539 2729 572 "'
2757 558 2768 593 :
2807 557 2824 591 ι
2857 536 3025 594 Vobis
3056 543 3241 593 datum
3297 545 3381 593 est
3430 552 3591 594 nosse

335 630 546 698 λαλεῖς;
585 651 605 684 ι
649 631 806 686 sua.
849 651 868 684 ι
912 632 1012 687 Διά
1047 634 1100 687 τί
1137 635 1196 688 ὲν
1238 634 1576 706 παραόολαῖς
1609 635 1790 701 λαλεῖς
1821 638 1918 692 αὐ-

335 723 484 787 τοτςς
525 741 544 774 ι
598 725 688 777 ὅτε
721 723 818 778 καὶ
860 724 1183 798 ἀποκριθεὶς
1221 724 1402 792 εἶπεν,
1452 728 1512 780 οὐ
1563 731 1676 791 τοῖς
1717 728 1915 799 ὄχλοις,

301 809 319 825 ’
337 813 475 868 ἀλλά
505 817 620 879 τοῖς
670 807 942 886 μαθηταῖς
970 817 1058 871 τόο
1107 835 1126 869 ι
1171 819 1332 889 Ὑμῖν
1364 818 1570 873 δέδοται
1613 819 1815 888 γνῶναι
1850 820 1920 874 τά

340 905 613 978 μυστήρια
639 907 740 978 τῆς
784 907 1060 978 βασιλείας
1087 910 1194 963 τῶν
1223 911 1490 983 οὐρανῶν·
1537 931 1562 964 ι·
1586 915 1700 976 τοῖς
1724 912 1782 966 δὲ
1809 912 1919 966 λοι-

335 1001 455 1061 ποῖς
481 1000 541 1051 ἐν
575 999 934 1072 παραϐολαῖς.
968 1002 1177 1056 Οὐκοῦν
1209 1001 1322 1056 τῶν
1352 1003 1810 1078 προσερχομένων
1841 1003 1919 1075 τῷ

331 1087 560 1160 ὀνόματι
584 1091 678 1144 τοῦ
722 1093 898 1165 Ἰησοῦ
927 1095 976 1147 οί
1009 1094 1108 1165 μὲν
1149 1093 1509 1163 γινώσκοντες
1537 1097 1612 1151 τὰ
1643 1099 1917 1170 μυστήρια

334 1179 435 1251 τῆς
469 1179 750 1251 βασιλείας
790 1183 899 1237 τῶν
943 1185 1208 1257 οὐρανῶν,
1254 1184 1493 1257 μαθηταὶ
1531 1185 1917 1259 χρηματίζοιεν

334 1271 421 1326 ἄν⁹
451 1268 534 1336 οἷς
564 1273 623 1327 δὲ
655 1275 716 1327 τὸ
756 1274 997 1330 τοιοῦτον
1023 1277 1086 1330 οὐ
1124 1277 1356 1342 δέδοται,
1387 1276 1556 1348 ὄχλοι,
1583 1279 1634 1332 οῖ
1673 1277 1781 1333 τῶν
1816 1296 1919 1349 μα-

335 1359 517 1431 θητῶν
557 1363 753 1433 ⁴ῐλττους
792 1363 1019 1434 λέγοιντ’
1061 1364 1148 1420 ἄν.
1185 1366 1430 1437 Πρόσχες
1469 1366 1578 1436 γὰρ
1618 1368 1915 1438 ἐπιμελῶς,

337 1453 421 1506 ὅτι
451 1455 564 1519 τοῖς
592 1454 856 1526 μαθηταῖς
877 1452 999 1510 εἴη
1030 1459 1110 1511 τό·
1147 1476 1166 1509 ι
1202 1459 1364 1530 Ὑμῖν
1383 1459 1594 1513 δέδοται
1617 1459 1820 1528 γνῶναι
1850 1462 1919 1516 τά

341 1545 615 1616 μυστήρια
645 1546 743 1617 τῆς
775 1547 1050 1618 βασιλείας
1077 1549 1186 1604 τῶν
1213 1551 1480 1623 οὐρανῶν,
1515 1571 1536 1604 ι
1571 1553 1697 1624 περὶ
1724 1552 1782 1606 δὲ
1807 1553 1918 1608 τῶν

334 1633 510 1706 ὄχλων
531 1637 610 1691 τόο
639 1655 660 1689 ι
683 1639 942 1703 Ἐκείνοις
957 1639 1015 1694 δὲ
1037 1641 1098 1694 οὐ
1116 1641 1343 1696 δέδοται.
1365 1661 1384 1695 ι
1406 1643 1520 1696 Καὶ
1538 1645 1596 1696 ὲν
1614 1642 1919 1717 ἀλλῳτὸταρ

334 1726 528 1799 ἀφίησι
555 1729 656 1799 μὲν
676 1731 801 1794 τοὺς
815 1731 1027 1802 ὄχλους,
1056 1751 1076 1784 ι
1106 1733 1201 1786 καὶ
1218 1732 1434 1805 ἔρχεται
1453 1734 1535 1798 είς
1549 1733 1647 1807 τὴν
1670 1737 1867 1801 οίκίαν,
1892 1755 1911 1789 ι

333 1818 458 1889 οὐχὶ
507 1818 563 1872 δὲ
603 1821 731 1884 τοῦς
775 1821 1043 1893 μαθητάςο
1099 1825 1194 1878 καὶ
1245 1826 1326 1888 είς
1373 1824 1471 1896 τήν
1523 1825 1700 1880 οίκίαν
1751 1825 1917 1881 αὐτοῦ

2022 636 2276 706 mysteria
2306 636 2460 707 regni
2482 635 2777 699 cmlorum;
2818 650 2837 685 ι
2866 630 3089 702 reliquis
3132 638 3313 685 autem
3348 630 3403 684 in
3436 644 3598 701 para-

2021 727 2179 782 bolis.
2212 727 2382 798 Igitur
2403 742 2594 782 eorum
2624 724 2718 796 qui
2745 723 2812 779 ad
2837 738 3034 778 nomen
3066 720 3196 778 Jesu
3227 721 3514 785 accedunt,
3557 721 3592 775 ii

2020 820 2363 890 appellentur
2382 819 2677 891 discipuli,
2731 818 2823 889 qui
2855 824 3092 873 noscunt
3136 814 3395 886 mysteria
3443 815 3595 884 regni

2019 910 2282 965 caelorum
2309 911 2554 981 ;.quibus
2581 917 2767 965 autem
2800 907 2906 963 tale
2948 906 3078 978 quid
3108 905 3295 960 datum
3329 919 3442 960 non
3467 911 3549 958 est
3577 944 3594 966 ,

2018 1001 2216 1068 turbae,
2238 1017 2360 1071 quaa
2381 1001 2666 1072 discipulis
2713 1000 3012 1056 deteriores
3053 999 3162 1054 dici
3195 998 3432 1068 possint.
3479 998 3594 1052 Ad-

2016 1101 2170 1148 verte
2190 1093 2336 1150 enim
2359 1093 2647 1163 diligenter
2671 1093 2822 1148 illum
2851 1092 3058 1147 dirisse
3075 1091 3358 1162 discipulis
3389 1109 3404 1145 :
3438 1110 3460 1142 ε
3495 1089 3598 1145 Vo-

2017 1183 2106 1240 bis
2133 1184 2321 1240 datum
2349 1193 2436 1240 est
2474 1199 2642 1241 nosse
2671 1183 2926 1255 mysteria
2958 1182 3111 1253 regni
3139 1181 3404 1238 caelorum
3432 1200 3447 1248 ;
3480 1201 3498 1234 ι
3531 1181 3600 1237 de

2019 1273 2196 1330 turbis
2237 1283 2424 1331 autem
2447 1276 2493 1308 ⁹⁹
2531 1294 2544 1330 :
2583 1293 2603 1326 ι
2637 1273 2751 1330 Illis
2797 1274 2988 1328 datum
3017 1287 3127 1328 non
3163 1281 3265 1330 est.
3309 1292 3328 1324 ι
3354 1271 3420 1326 Ει
3445 1271 3595 1339 alibi,

2018 1364 2246 1421 dimittit
2267 1366 2488 1436 quidem
2519 1366 2731 1430 turbas,
2779 1384 2798 1418 ι
2833 1375 2889 1422 ει
2939 1366 3088 1420 venit
3139 1364 3194 1419 in
3243 1364 3466 1420 domum
3493 1365 3534 1430 ⁸,
3573 1382 3592 1415 ι

2019 1471 2134 1513 non
2163 1467 2346 1512 autem
2376 1457 2716 1530 discipulos;
2745 1466 2799 1512 et
2827 1457 2882 1512 in
2925 1457 3070 1512 illius
3099 1457 3322 1510 domum
3352 1475 3374 1507 ι
3407 1469 3598 1510 acces-

2018 1557 2210 1605 serunt
2230 1549 2464 1614 adeum,
2498 1566 2517 1599 ι
2547 1562 2657 1603 non
2692 1547 2885 1616 turbas,
2917 1549 3010 1604 sed
3038 1566 3057 1599 ε
3093 1547 3344 1617 discipuli
3364 1546 3484 1617 ejus
3510 1546 3598 1600 di-

2017 1651 2204 1699 centes
2252 1659 2267 1696 :
2333 1639 2589 1696 Edissere
2641 1640 2801 1695 nobis
2864 1639 3178 1710 parabolam
3261 1638 3602 1694 zizaniorum.

2019 1733 2203 1802 agri'.
2245 1751 2264 1784 ι
2305 1729 2412 1786 Sed
2440 1740 2495 1786 et
2542 1730 2715 1795 alibi,
2747 1730 2966 1800 quando
3013 1729 3219 1786 auditis
3263 1729 3335 1785 iis
3367 1744 3490 1800 qua:
3527 1729 3605 1801 ad

2018 1820 2281 1878 Joannem
2314 1820 2682 1892 pertinebant,
2728 1839 2748 1873 ι
2783 1820 3010 1878 secessit
3038 1839 3057 1872 ι
3091 1818 3250 1877 Iesus
3282 1839 3300 1872 ι
3343 1821 3397 1874 in
3442 1822 3598 1874 navi--

341 1925 367 1956 ο
403 1906 707 1978 προσῆλθον
739 1909 907 1980 αὐτῷ,
950 1930 969 1962 ι
1006 1911 1128 1981 οὐχὶ
1159 1913 1209 1966 οἱ
1237 1911 1405 1983 ὄχλοι,
1441 1912 1557 1966 ἀλλ’
1593 1929 1618 1966 ι
1651 1914 1702 1967 οί
1737 1913 1915 1986 μαθη-

2019 1911 2174 1977 cula,
2208 1911 2263 1964 in
2302 1910 2487 1966 locum
2517 1910 2795 1965 desertum
2849 1925 3098 1965 seorsum
3125 1949 3145 1975 ,
3195 1910 3368 1964 turbae
3401 1919 3601 1964 scene}:

335 1998 428 2050 ταὶ
453 1996 614 2052 αὐτοῦ
643 1998 920 2068 λέγοντες*
947 2002 1158 2074 Φράσον
1182 2005 1314 2074 ἡμῖν
1337 2005 1444 2076 τὴν
1462 2004 1786 2076 παραδολὴν
1806 2005 1916 2061 τῶν

334 2089 590 2155 ζιζανίων
610 2091 703 2146 τοῦ
718 2093 910 2165 ἀγροῦ.
943 2113 964 2147 ι
997 2095 1158 2151 Ἀλλά
1181 2096 1278 2153 καὶ
1310 2099 1370 2150 ὲν
1391 2097 1536 2169 ἄλλῳ
1557 2099 1728 2170 τόπῳ,
1753 2099 1918 2171 ἡνίκα

331 2180 573 2246 ἀκούσας
605 2184 673 2239 τά
717 2186 846 2257 περὶ
903 2186 1151 2240 Ἰωάννου
1183 2189 1214 2240 ὁ
1255 2188 1465 2261 Ἰησοῦς
1512 2208 1530 2242 ι
1570 2189 1918 2263 ἀνεχώρησεν

332 2273 394 2324 ἐν
427 2272 597 2345 πλοίῳ
627 2276 708 2339 είς
751 2276 954 2348 ἔρημον
989 2279 1152 2332 τόπον
1181 2279 1303 2332 κατ’
1337 2279 1494 2344 ίόίαν,
1526 2281 1575 2334 οἱ
1609 2281 1754 2351 ὄχλοι
1784 2283 1918 2352 ἡκοο

332 2364 605 2437 λούθησαν
635 2368 806 2440 αὐτῷ,
843 2388 862 2421 ι
899 2370 1010 2434 ὅτε,
1059 2388 1080 2421 ι
1116 2369 1348 2435 ἐξελθὼν
1380 2366 1489 2425 εἶδε
1533 2371 1701 2427 πολὺν
1739 2372 1918 2443 ὄχλον,

334 2455 430 2509 καλ⁵
459 2457 884 2528 σπλαγχνισθεὶς
915 2462 1006 2514 ἐπ’
1045 2461 1252 2524 αὐτοῖς,
1294 2460 1631 2534 ἐθεράπευσε
1663 2463 1788 2527 τοὺς
1813 2464 1915 2535 ἀρ-

334 2545 576 2617 ρώστους
609 2549 807 2616 αὐτῶν,
847 2569 867 2603 ι
915 2551 1023 2606 τῶν
1067 2551 1264 2623 ὄχλων,
1315 2553 1439 2624 οὐχὶ
1479 2553 1596 2607 τῶν⁴
1637 2553 1914 2625 μαθητῶν.

339 2659 358 2690 ε
415 2639 602 2704 Ὀψίας
646 2641 704 2694 δὲ
741 2642 1042 2715 γενομένης
1087 2644 1390 2716 προσῆλθον
1436 2644 1606 2717 αὐτῷ,
1655 2664 1681 2698 ις
1721 2647 1820 2717 οὐχ
1867 2647 1917 2699 οἱ

333 2729 504 2799 ὄχλοι,
539 2731 654 2784 ἀλλ’
696 2751 716 2783 ι
750 2733 800 2786 oi
835 2732 1072 2805 μαθηταὶ
1116 2733 1393 2803 λέγοντες,
1435 2752 1455 2786 ι
1489 2735 1566 2798 ὡς
1593 2734 1772 2807 ἕτεροι
1809 2734 1921 2788 τῶν

334 2821 530 2890 ὄχλων·
572 2841 593 2874 ι
640 2825 934 2880 Ἀπόλυσον
967 2828 1093 2892 τοὺς
1121 2827 1332 2899 ὄχλους,
1361 2828 1454 2882 ἵνα
1477 2827 1804 2893 ἀπελθόντες
1837 2829 1918 2892 είς

337 2914 437 2976 τὰς
473 2913 667 2986 κώμας
698 2918 1299 2991 ἀγοράσωσινιωυτοῖς
1348 2918 1631 2991 βρώματα.
1679 2939 1698 2972 ι
1759 2918 1919 2973 Ἀλλά

337 3003 434 3055 καὶ
475 3003 636 3074 ἡνίκα
689 3025 710 3056 ε
745 3006 928 3062 λαϐὼν
975 2989 1102 3073 τούς
1145 3009 1312 3062 πέντε
1352 2989 1596 3081 γάρτους,
1658 3008 1752 3062 καὶ
1792 3007 1919 3074 τοδς

333 3092 430 3146 δύο
461 3096 673 3165 ἰχθύας,
694 3098 1006 3170 ἀναϐλέψας
1031 3101 1112 3165 είς
1137 3101 1230 3154 τὸν
1261 3100 1488 3171 οὐρανὸν
1506 3099 1790 3171 εὐλόγησε,
1820 3103 1920 3156 καὶ

332 3184 543 3250 κλάσας
583 3188 710 3252 τοὺς
741 3189 970 3260 άρτους,
1012 3210 1030 3242 ι
1075 3193 1136 3244 οὐ
1181 3194 1292 3255 τοῖς
1333 3191 1532 3262 ὄχλοις,
1581 3191 1717 3246 ἀλλά
1756 3209 1775 3246 ι
1805 3194 1918 3260 τοῖς

2019 2011 2148 2058 sunt
2169 2016 2336 2069 eum;
2368 2020 2387 2053 ι
2419 2015 2530 2072 quo
2553 2009 2794 2072 tempore
2819 2017 2837 2052 ι
2869 2000 3054 2056 exiens
3070 1999 3432 2056 viditturbam
3460 2003 3602 2057 mul-

2021 2099 2153 2158 tam,
2181 2104 2234 2147 et
2255 2092 2512 2148 misertus
2562 2092 2644 2146 eis
2675 2090 2891 2148 sanavit
2915 2091 3208 2162 languidos
3241 2107 3427 2147 eorum
3462 2092 3483 2123 ³
3511 2131 3526 2158 ,
3576 2111 3595 2142 ι

2017 2185 2301 2242 turbarum
2329 2183 2558 2251 scilicet,
2590 2199 2698 2238 non
2728 2183 3144 2254 discipulorum.
3188 2203 3207 2236 ι
3242 2183 3479 2255 Vespere
3499 2201 3598 2240 au-

2019 2285 2127 2333 tem
2182 2275 2328 2330 facto
2357 2283 2703 2330 accesserunt
2730 2274 2796 2328 ad
2842 2289 2964 2328 eum
2989 2315 3005 2342 ,
3049 2293 3067 2326 ι
3108 2291 3214 2328 non
3245 2277 3418 2330 turba:
3450 2315 3464 2340 ,
3503 2278 3598 2330 sed

2024 2386 2043 2420 ι
2081 2366 2334 2436 discipuli
2357 2366 2480 2436 ejus
2507 2365 2770 2434 dicentes,
2809 2386 2827 2417 ι
2864 2375 3052 2436 utpote
3085 2366 3286 2422 diversi
3315 2381 3346 2420 a
3378 2367 3552 2421 turbis
3581 2384 3596 2419 :

2025 2475 2046 2512 ι
2081 2457 2299 2512 Dimitte
2329 2457 2540 2521 turbas,
2571 2468 2629 2511 ut
2675 2467 2865 2512 euntes
2914 2459 2968 2510 in
3009 2457 3232 2512 castella
3258 2468 3443 2512 emant
3494 2457 3598 2512 sibi

2018 2569 2175 2609 escas
2214 2552 2255 2609 ⁸.
2289 2570 2309 2605 ι
2349 2551 2490 2618 Quin
2528 2562 2580 2607 et
2612 2567 2738 2607 cum
2779 2570 2798 2600 ι
2833 2553 3069 2621 acceptis
3086 2553 3328 2622 quinque
3364 2551 3603 2622 panibus

2018 2654 2073 2699 et
2105 2645 2321 2699 duobus
2344 2643 2604 2714 piscibus,
2633 2643 2905 2713 aspiciens
2929 2643 2982 2696 in
3001 2644 3200 2698 caelum
3229 2642 3526 2708 benedixit,
3546 2652 3603 2696 et

2019 2736 2200 2807 fregit,
2229 2745 2286 2790 et
2313 2734 2497 2798 dedit,
2537 2755 2555 2787 ι
2594 2751 2701 2791 non
2745 2734 2941 2799 turbis,
2977 2735 3071 2790 sed
3111 2753 3132 2787 ι
3169 2733 3451 2803 discipulis
3503 2748 3602 2804 pa-

2018 2843 2116 2883 nes
2143 2830 2188 2893 ',
2222 2849 2240 2881 ι
2272 2837 2332 2883 ιιι
2362 2827 2614 2899 discipuli
2638 2829 2831 2884 darent
2851 2828 3028 2883 turbis
3057 2844 3179 2899 qua:
3208 2843 3436 2897 capaces
3487 2843 3596 2883 non

2016 2927 2174 2973 erant
2195 2919 2265 2973 ab
2294 2919 2389 2974 illo
2414 2918 2739 2989 accipiendi,
2769 2918 2864 2974 sed
2895 2917 2984 2972 vix
3011 2918 3260 2988 accipere
3283 2925 3533 2987 poterant
3567 2934 3596 2971 a

2017 3007 2303 3080 discipulis
2351 3025 2520 3080 panes
2574 3007 2966 3064 benedictionis
2991 3006 3118 3062 Jesu
3148 3049 3163 3074 ,
3191 3024 3288 3063 nec
3318 3024 3448 3063 vero
3503 3022 3601 3063 eos

2018 3111 2210 3154 omnes
2241 3099 2631 3164 comederunt;
2660 3105 2917 3154 saturata:
2941 3097 3084 3152 enim
3119 3098 3290 3152 turbae
3318 3097 3597 3152 residuum

2019 3189 2360 3260 reliquerunt
2387 3190 2444 3245 in
2465 3173 2754 3246 duodecim
2786 3185 3056 3260 cupliinis,
3085 3187 3179 3256 qui
3206 3188 3426 3258 quidem
3455 3187 3604 3260 pleni

335 3273 612 3346 μαθηταῖς
634 3277 856 3343 ἔδωκεν,
890 3299 909 3332 ι
949 3281 1036 3334 ἵνα
1068 3281 1118 3334 οί
1142 3280 1384 3352 μαθηταὶ
1413 3280 1544 3334 δῶσι
1568 3283 1680 3344 τοῖς
1708 3279 1908 3350 ὄχλοις,
1937 3268 1980 3327 C
2013 3291 2187 3335 erant.

331 3367 413 3438 μὴ
443 3369 709 3441 χωροῦσιν
738 3372 834 3426 ἀπ’
859 3372 1024 3426 αὐτοῦ
1053 3373 1259 3437 λαϐεῖν,
1301 3373 1438 3428 ἀλλά
1484 3373 1643 3443 μόγις
1673 3372 1761 3426 διὰ
1805 3371 1923 3433 τῶν
1955 3372 2211 3445 μαθητῶν
2235 3373 2545 3446 δεχομένοις
2579 3375 2704 3438 τοὺς
2739 3374 2840 3445 τῆς
2860 3374 3108 3444 εὐλογίας
3146 3371 3320 3446 Ἰησοῦ
3379 3371 3599 3444 ἄρτους,

329 3461 430 3514 καὶ
467 3461 588 3520 οὐδὲ
629 3461 852 3528 τούτους
894 3465 1104 3531 πάντας
1133 3465 1402 3524 ὲσθίουσι’
1448 3467 1840 3540 χορτασθέντες
1871 3466 1977 3540 γὰρ
2023 3470 2072 3522 οἱ
2119 3469 2267 3540 ὄχλοι
2308 3469 2733 3525 καταλελοίπασι
2781 3470 2844 3524 τὸ
2893 3468 3214 3542 περισσεῦον
3261 3470 3318 3524 ὲν
3359 3468 3600 3538 κοφίνοις

325 3552 454 3610 οὖσι
483 3557 714 3630 πλήρεσι
743 3558 971 3616 δώδεκα.

406 3645 484 3705 Οὖ
514 3652 572 3706 δὲ
615 3653 801 3708 ἕνεκεν
829 3654 1033 3720 ταύτας
1077 3656 1494 3728 παρειλήφαμεν
1524 3657 1660 3727 (75),
1701 3657 1818 3711 ἐστὶ
1855 3657 1918 3710 τὸ

327 3741 696 3814 προκείμενον
727 3744 831 3806 ὅτι,
863 3744 1105 3815 χωρίσας
1145 3747 1174 3799 ὁ
1213 3745 1418 3816 Ἰησοῦς
1445 3745 1554 3798 τῶν
1577 3746 1750 3817 ὄχλων
1791 3746 1920 3809 τοὺς

229 3906 238 3915 θ
331 3830 610 3903 μαθητάς,
643 3851 660 3884 ι
690 3832 1002 3902 ἠνάγκασεν
1035 3835 1233 3898 αὐτοὺς
1258 3835 1495 3906 ὲμόῆναι
1522 3839 1603 3900 εἰς
1630 3837 1691 3890 τὸ
1712 3837 1915 3901 πλοῖον,

329 3922 433 3976 καὶ
475 3924 740 3994 προάγειν
785 3925 948 3980 αὐτὸν
982 3927 1064 3990 είς
1092 3926 1154 3979 τὸ
1194 3927 1389 3999 πέραν,
1422 3927 1530 3993 ἕως
1574 3925 1636 3983 οὗ
1668 3930 1916 4006 ἀπολύσῃ

329 4013 500 4078 αὐτὸς
525 4015 652 4078 τοὺς
674 4014 884 4085 ὄχλουςο
919 4035 938 4068 ι
975 4013 1036 4068 οὐ
1066 4015 1175 4087 γάρ
1212 4015 1466 4072 ἐδύναντο
1491 4019 1540 4071 oi
1565 4017 1712 4089 ὄχλοι
1743 4019 1824 4083 είς
1854 4019 1917 4073 τὸ

331 4103 521 4174 πέραν
546 4103 822 4168 ἀπελθεῖν,
871 4105 948 4169 ὡς
992 4106 1052 4160 οὐ
1096 4105 1375 4177 μυστικῶς
1428 4106 1685 4178 Ἑϐραῖοι,
1720 4109 1917 4172 οἵτινες

333 4186 732 4268 ἑρμηνεύονται
761 4197 1054 4269 Περατικοι
1107 4195 1244 4269 (76)’
1285 4196 1422 4252 ἀλλά
1468 4197 1626 4252 τοῦτο
1655 4199 1817 4272 ἔργον
1846 4195 1915 4271 ἦν

333 4289 446 4343 τῶν
480 4289 654 4362 Ἰησοῦ
685 4287 962 4360 μαθητῶν⁸
994 4289 1137 4359 λέγω
1167 4289 1225 4343 δὲ
1247 4291 1326 4354 εις
1350 4289 1410 4343 τὸ
1431 4288 1606 4362 πέραν
1635 4290 1914 4357 ἀπελθεῖν,

337 4383 434 4435 καὶ
461 4381 764 4454 ὑπερϐῆναι
779 4383 850 4437 τὰ
872 4383 1178 4454 βλεπόμενα
1205 4382 1300 4435 καὶ
1322 4381 1629 4452 σωματικὰ,
1655 4382 1730 4446 ὼς
1752 4384 1920 4455 πρόση

336 4491 535 4546 καιρα,
576 4475 778 4546 φθάσαι
809 4476 868 4530 δὲ
908 4477 1003 4530 ἐπὶ
1025 4473 1094 4528 τά
1121 4472 1196 4545 μὴ
1223 4473 1552 4544 βλεπόμενα,
1575 4474 1671 4528 καὶ
1700 4473 1916 4532 αίώνια.

338 4567 640 4640 Εὐεργεσία
669 4563 763 4622 οὖν
787 4568 1066 4640 αὐτάρκης
1089 4561 1159 4638 ἦν
1188 4567 1302 4629 τοῖς
1331 4563 1510 4635 ὄχλοις
1537 4565 1644 4619 ἀπὸ
1673 4566 1768 4620 τοῦ
1814 4568 1920 4638 Ἰη-

2097 3657 2152 3710 5.
2189 3654 2243 3708 Id
2287 3662 2468 3709 autem
2517 3663 2737 3724 propter
2763 3653 2909 3722 quod
2940 3654 3056 3708 haec
3085 3654 3503 3726 assumpsimus,
3535 3653 3601 3706 il-

2024 3747 2114 3801 lnd
2145 3755 2230 3801 est
2256 3744 2324 3801 de
2361 3760 2474 3816 quo
2515 3761 2661 3800 nunc
2685 3745 2888 3815 agitur,
2911 3745 3056 3815 quod
3083 3759 3278 3814 nempe
3306 3759 3598 3800 secernens

2021 3836 2184 3892 Jesus
2209 3837 2510 3907 discipulos
2557 3852 2588 3891 a
2634 3836 2841 3906 turbis,
2880 3854 2899 3888 ι
2935 3835 3202 3904 compulit
3237 3835 3358 3890 illos
3405 3850 3598 3890 ascen-

2022 3931 2150 3986 dere
2177 3931 2233 3985 in
2274 3929 2604 3994 naviculam,
2629 3938 2682 3985 et
2703 3929 3006 3999 praecedere
3025 3944 3150 3983 eum
3186 3937 3339 3983 trans
3373 3925 3596 3994 fretum,

2021 4022 2196 4077 donec
2219 4023 2332 4092 ipse
2353 4020 2650 4075 dimitteret
2673 4019 2861 4074 turbas
2882 4018 2904 4050 ⁸
2933 4037 2948 4073 :
2983 4038 3002 4068 ι
3033 4035 3134 4074 nec
3171 4019 3316 4074 enim
3344 4027 3599 4090 poterant

2021 4111 2196 4167 turba:
2227 4111 2284 4166 in
2303 4110 2615 4165 ulteriorem
2641 4110 2817 4178 ripam
2851 4109 3106 4170 transire,
3131 4118 3322 4178 utpote
3351 4125 3474 4179 qua:
3487 4125 3595 4163 non

2019 4211 2205 4258 essent
2235 4203 2465 4274 mystice
2492 4199 2704 4256 Hebraei
2717 4200 2810 4271 qui
2840 4210 3209 4270 exponuntur,
3250 4200 3546 4272 Trajectitii
3579 4217 3596 4268 ;

2021 4294 2116 4350 sed
2141 4295 2193 4350 id
2222 4310 2360 4365 opus
2380 4301 2498 4349 erat
2528 4293 2919 4363 discipulorum
2968 4291 3132 4358 Jesu;
3160 4293 3284 4348 dico
3310 4301 3514 4359 autem,
3541 4292 3596 4347 in

2021 4388 2335 4444 ulteriorem
2360 4389 2534 4457 ripam
2562 4389 2814 4454 transire,
2853 4395 2908 4442 ct
2926 4401 2990 4441 ea
3024 4401 3147 4456 qua:
3171 4386 3443 4452 videntur,
3473 4401 3596 4442 cor-

2021 4495 2297 4551 poreaque
2322 4488 2470 4546 sunt,
2506 4487 2694 4551 utpote
2721 4480 3067 4550 temporaria,
3099 4479 3402 4549 transgredi
3428 4495 3442 4545 ;
3474 4493 3598 4548 per-

2020 4572 2206 4627 venire
2249 4583 2428 4628 autem
2480 4573 2549 4628 ad
2600 4587 2664 4628 ca
2705 4589 2828 4644 quin
2859 4589 2970 4628 non
3015 4575 3306 4639 videntur,
3364 4579 3420 4626 et
3470 4578 3600 4626 sunt

339 4661 436 4715 σοῦ
467 4660 651 4724 αὐτοῖς
697 4660 970 4732 διδομένη,
1014 4659 1088 4731 μὴ
1131 4657 1469 4730 δυναμένοις,
1498 4657 1586 4713 διὰ
1625 4659 1688 4712 τὸ
1728 4659 1916 4731 ὄχλους

2021 4671 2243 4718 aeterna.
2275 4662 2607 4719 Beneﬁcium
2650 4663 2817 4736 igitur
2857 4663 3130 4719 suilleicns
3183 4671 3302 4718 erat
3352 4661 3524 4717 turbis
3568 4678 3597 4715 a

339 4749 500 4818 εἶναι,
548 4753 805 4808 ἀπελθεῖν
839 4755 919 4817 εἰς
945 4753 1007 4807 τὸ
1047 4753 1242 4826 πέραν,
1283 4753 1620 4825 ἀπολυθῆναι
1669 4753 1782 4810 ἀπὸ
1822 4753 1918 4809 τοῦ

2022 4754 2151 4812 Jesu
2182 4755 2238 4810 in
2263 4755 2382 4811 illas
2404 4756 2820 4822 collatum,cum
2847 4772 2953 4810 non
2980 4765 3200 4824 possent
3219 4754 3383 4827 482
3419 4764 3599 4812 trans-

412 4893 458 4925 ’⁸
491 4891 682 4949 Matth.
711 4892 938 4958 31",“.
1004 4892 1050 4926 ”
1079 4891 1211 4946 ibid.
1247 4893 1264 4924 ¹
1294 4892 1425 4949 ibid.
1455 4892 1544 4948 36.
1612 4894 1634 4925 ³
1667 4892 1799 4947 Ibid.
1868 4892 1890 4924 ³

2019 4891 2108 4947 Lth.
2135 4907 2246 4959 xw,
2283 4891 2369 4960 I3,
2401 4893 2486 4947 14.
2550 4892 2571 4924 ⁸
2593 4892 2725 4950 ibid.
2760 4892 2847 4947 15.
2912 4892 2934 4923 ⁸
2962 4890 3095 4949 ibid.
3126 4891 3214 4949 19.
3293 4892 3314 4923 ⁸
3343 4881 3472 4950 ibid.
3501 4893 3592 4948 22.

415 5003 527 5073 (74)
567 5003 672 5058 Διὰ
703 5004 760 5057 τί
781 5005 850 5058 ἐν
869 5003 1254 5072 παραϐολαῖς,
1277 5014 1382 5060 etc.
1408 5007 1468 5060 In
1492 5004 1795 5062 Holmiensi
1818 5023 1912 5063 co-

349 5075 467 5128 dice
517 5074 580 5128 οὐ
618 5075 882 5146 insertum
924 5084 1043 5128 erat
1084 5089 1248 5146 manu
1302 5077 1590 5146 recentiori
1621 5095 1634 5130 :
1670 5078 1908 5146 optime;

348 5160 478 5215 nam
502 5155 559 5215 et
592 5159 790 5215 sensus
828 5143 897 5215 id
925 5143 1271 5215 postulat,“
1302 5143 1566 5215 Erasmus
1613 5143 1903 5215 expressit.

349 5213 407 5268 In
433 5214 714 5270 codicibus
746 5211 1066 5286 Anglicauo,
1089 5211 1350 5269 Vaticano
1381 5223 1436 5269 ct
1471 5211 1766 5272 Tarinia'no
1795 5216 1909 5286 pri-

351 5300 434 5339 tua
463 5300 629 5339 manu
655 5285 916 5352 scriptum
938 5293 1040 5338 est.

419 5354 535 5424 (75.)
574 5351 799 5419 Ταύταζν
830 5351 1311 5424 παρειλήφαμεν.
1351 5351 1648 5410 Erasmus:
1685 5374 1704 5408 ι
1741 5354 1914 5412 (ἔπιες

351 5437 468 5496 rum
499 5423 658 5492 cujus
677 5424 862 5496 gratia
898 5423 996 5478 bas
1019 5424 1401 5478 adnotationes
1438 5424 1614 5496 obiter
1645 5426 1912 5496 adjunxe—

351 5495 543 5566 rimus.
589 5513 608 5545 ι
659 5494 759 5566 An
779 5493 1018 5566 aliquam
1059 5507 1249 5566 vocem
1290 5494 1649 5566 supplendam
1695 5493 1918 5566 reliquit

349 5562 630 5636 Origenes,
657 5573 717 5636 ut
741 5563 1117 5636 διασαφήσας,
1141 5561 1449 5636 ἐξηγήσεις,
1463 5561 1912 5636 ,ἐπισημειώσειθ

353 5632 609 5702 vel’quid
658 5633 878 5688 simile?
933 5632 1014 5687 An
1062 5649 1163 5688 nos
1199 5632 1651 5690 inexscribendo
1684 5636 1912 5690 nimium

353 5704 656 5776 prmeipites
685 5719 869 5776 vocem
908 5703 1151 5776 aliquam
1183 5704 1778 5776 p_raaterniisinius?_An
1814 5721 1914 5776 pro

355 5771 555 5842 ταύτας
579 5814 594 5839 ,
632 5774 913 5842 legendum
947 5771 1155 5828 ταῦταῖ
1185 5771 1390 5827 Viderit
1428 5773 1614 5828 lector.
1651 5771 1911 5830 Ηυετῐυε.

357 5841 506 5897 -Ιιι
552 5841 910 5899 exscribenda
974 5843 1198 5898 nimium
1246 5859 1483 5914 praeceps
1536 5861 1643 5900 non
1692 5846 1794 5900 fuit
1834 5846 1916 5900 vir

2017 5008 2381 5078 clarissimus,
2417 5007 2684 5078 siquidem
2719 5007 2770 5078 in
2792 5005 2952 5078 codd.
2977 5006 3302 5078 Anglicani»,
3329 5008 3595 5067 Vaticano

2017 5089 2073 5133 et
2092 5077 2411 5142 Tariniano,
2431 5077 2596 5132 simili
2619 5077 2780 5131 modo
2803 5077 3000 5147 legitur
3023 5077 3226 5143 ταύτας
3258 5082 3590 5153 παρειλήφα-

2021 5165 2142 5220 μεν.

2091 5217 2204 5295 (πὲ)
2251 5216 2518 5295 Ἑᾷραῖρρο
2551 5216 2768 5282 οἵτινες
2813 5215 3236 5295 ἐρέξηνεξξοτςτρι
3261 5219 3588 5295 Περατικοί.

2017 5285 2302 5357 Origenes,
2329 5289 2386 5340 in
2433 5285 2594 5358 Napi.
2621 5301 2669 5341 c.
2710 5301 2860 5358 xxiv,
2896 5287 3095 5358 νιιοιιιὶνι.
3133 5288 3232 5344 l9:
3265 5307 3284 5346 ι
3320 5285 3425 5346 Iste
3461 5303 3594 5358 ergo

2019 5355 2252 5428 populus
2297 5358 2458 5414 etiam
2495 5355 2758 5411 Ilebrazus
2803 5357 3036 5428 dicitur,
3076 5359 3221 5428 quia
3253 5358 3497 5428 transiitd
3521 5355 3590 5415 de

2023 5425 2261 5498 Egypto
2295 5429 2362 5482 ad
2413 5436 2610 5498 terram
2650 5425 3112 5496 repromissionis.
3141 5447 3160 5479 ι
3203 5425 3259 5498 Id
3296 5444 3422 5482 cum
3462 5425 3589 5482 Ori-

2022 5497 2179 5567 gene
2201 5505 2490 5553 senserunt
2535 5497 2638 5550 viri
2673 5511 2870 5567 graves
2901 5497 3331 5567 Διιιιέιιιιιιιιιιῆιιιίς
3377 5498 3491 5564 sed,
3523 5514 3590 5552 ne

2022 5565 2112 5622 llic
2143 5582 2362 5637 operam
2389 5581 2564 5637 meam
2594 5566 2799 5628 ludam,
2827 5565 3212 5637 videWaltoni
3239 5567 3539 5637 prolegom.
3557 5568 3591 5622 5

2023 5639 2089 5692 ad
2128 5636 2270 5690 Bibl.
2314 5635 2647 5708 Polygloua,
2678 5645 2744 5708 ct
2773 5636 3198 5708 eruditissimum
3240 5635 3592 5708 Geographie:

2023 5722 2190 5760 sacra:
2216 5722 2376 5774 Opus,
2413 5703 2503 5759 lib.
2535 5721 2596 5772 ιι,
2641 5722 2690 5760 c.
2729 5703 2814 5777 M',
2847 5715 2983 5777 part.
3019 5723 3054 5760 I.
3097 5705 3316 5762 Interim
3342 5703 3590 5764 animad-

2022 5786 2170 5830 verte
2203 5792 2422 5847 vocem,
2458 5776 2778 5846 Ιῐερατικοξ,
2817 5776 2941 5832 eum
2987 5777 3114 5834 alibi
3153 5777 3266 5835 fere
3313 5779 3588 5847 dicantur,

2023 5849 2280 5918 Περάται.
2313 5845 2576 5904 liuentis.
