4094 6290
501 342 607 398 915

1989 336 2310 396 ORIGENIS

3661 336 3767 392 {H6

498 459 583 514 ire
611 457 667 511 in
697 456 1009 514 ulteriorem
1043 459 1241 529 ripam,
1269 456 1416 528 quod
1467 456 1639 513 turbae
1658 465 1860 518 essent,
1889 472 1919 511 a
1949 455 2037 512 Jes

2138 467 2154 518 ι
2195 452 2394 525 Ὶησοῖν
2418 453 2610 523 ἥντινα
2629 448 2890 504 ἀπόλυσιν
2908 447 3084 511 οὐδεὶς
3099 446 3213 518 ἔχει
3232 441 3478 511 ἐξουσίαν
3489 441 3769 504 ἀπολύειν.

496 546 701 603 dimitti
735 568 749 602 :
781 565 888 619 qua
914 547 1235 604 dimissione
1265 549 1450 604 nullus
1473 550 1635 605 habet
1661 547 1965 606 dimittendi
1988 563 2037 617 pt

2180 545 2214 618 ἦ
2249 547 2278 599 6
2303 543 2539 615 Χριστὸς
2570 541 2750 612 μόνος⁹
2786 541 2882 593 καὶ
2911 539 3012 610 οὑχ
3035 534 3145 592 οἷόν
3169 542 3230 594 τέ
3258 541 3408 591 ἐστιν
3433 533 3769 606 ἀπολυθῆναί

495 647 747 696 testatem
776 651 972 710 prazter
1002 657 1171 697 unum
1206 641 1526 710 Christum;
1561 659 1664 699 nec
1703 643 1962 713 possibile
1996 653 2081 699 est

493 731 695 786 dimitti
722 747 1053 803 quemquam
1081 775 1095 801 ,
1150 735 1245 806 qui
1279 749 1386 790 non
1432 735 1585 806 prius
1621 751 1791 806 panes
1823 737 2063 792 comede-

495 822 585 887 rit,
608 823 807 893 quibus
833 824 994 882 Jesus
1016 827 1318 896 benedicit;
1345 845 1443 884 nec
1461 843 1588 884 vero
1611 829 1868 900 possibile
1883 844 2077 899 quem-

491 930 658 986 quam
691 931 861 986 panes
899 917 1296 976 benedictionis
1322 919 1452 976 Jcsu
1497 921 1806 986 comedere,
1837 923 1930 992 qui
1963 935 2072 974 non

489 1009 567 1065 ita
604 1008 794 1066 fecerit
823 1013 966 1068 sicut
1005 1013 1172 1083 jussit
1223 1014 1404 1083 Jcsus,
1445 1026 1628 1071 etnon
1653 1033 1818 1087 supra
1860 1017 2070 1072 faenum

487 1102 850 1174 discubuerit,
882 1114 942 1160 ut
967 1107 1312 1165 tradidimus.
1349 1108 1453 1165 Sed
1483 1123 1657 1180 neque
1682 1109 1787 1166 hoc
1809 1109 2071 1181 possibile

483 1207 571 1254 est
598 1197 779 1255 facere
811 1200 1021 1267 turbas,
1044 1216 1167 1271 qua:
1197 1217 1306 1257 non
1345 1219 1377 1259 e
1424 1205 1542 1261 suis
1585 1205 1812 1260 urbibus
1866 1215 2069 1261 secutae

483 1289 690 1346 fuerint
715 1291 902 1348 Jesum
931 1295 1272 1349 secedentem
1308 1297 1361 1351 in
1390 1298 1666 1353 desertum
1691 1298 1872 1354 locum
1909 1314 2063 1355 seor-

483 1397 628 1438 sum.
663 1383 731 1439 Et
750 1385 987 1455 primum
1016 1387 1236 1456 quidem
1270 1399 1491 1460 rogatus
1517 1407 1546 1445 a
1583 1392 1865 1461 discipulis
1891 1401 1950 1447 ut
1983 1393 2065 1448 di-

482 1475 724 1530 mitteret
767 1475 992 1542 turbas,
1045 1492 1151 1531 non
1201 1478 1442 1546 dimisit,
1495 1479 1670 1536 donec
1733 1497 1827 1538 eas
1867 1483 2064 1540 aluerit

482 1567 720 1635 panibus
749 1567 1143 1625 benedictionis
1171 1588 1184 1637 ;
1227 1586 1374 1626 nunc
1406 1581 1589 1628 autem
1620 1573 1864 1642 dimittit,
1910 1587 2061 1646 post-

479 1673 649 1726 quam
675 1659 854 1730 coegit
876 1659 1176 1731 discipulos
1205 1662 1385 1717 navim
1414 1665 1816 1730 conscendere,
1869 1675 1923 1721 et
1976 1668 2061 1722 di-

398 1801 400 1805 .
479 1751 648 1806 mittit
677 1767 771 1810 eas
804 1753 1006 1810 alicubi
1058 1757 1111 1810 in
1169 1756 1354 1811 intimo
1411 1757 1533 1813 loco
1567 1769 1878 1827 versantes;
1917 1759 2054 1816 infra

476 1845 679 1916 quippe
739 1855 857 1901 erat
899 1846 1218 1916 desertum;
1275 1849 1390 1919 ipse
1431 1858 1612 1905 autem
1654 1871 1672 1902 ‹
1711 1853 1958 1908 ascendit
2000 1855 2053 1909 in

475 1946 664 1992 monte
687 1952 846 1993 orare
883 1939 924 1992 ⁷.
961 1959 979 1990 ι
1007 1937 1069 2014 id
1102 1955 1230 1996 vero
1276 1941 1677 1996 observandum
1704 1952 1818 2009 est,
1870 1946 2053 2000 statim

471 2029 806 2098 compulisse
829 2029 1016 2085 Jesum
1051 2031 1350 2102 discipulos
1378 2051 1397 2085 ι
1430 2035 1724 2089 ascendere
1761 2035 1813 2089 in
1844 2037 2049 2101 navim,

465 2129 524 2175 et
549 2123 853 2192 praecedere
885 2139 1008 2179 eum
1041 2132 1189 2180 trans
1213 2125 1411 2182 fretum
1435 2127 1478 2195 ⁸,
1511 2148 1529 2180 ι
1565 2137 1856 2198 postquam
1887 2129 2052 2199 quin-

466 2222 575 2275 que
604 2207 888 2264 hominum
923 2212 1094 2268 millia
1139 2214 1294 2271 aluit.
1332 2215 1532 2271 Verum
1596 2233 1706 2272 non
1754 2227 2049 2288 potuerunt

464 2300 716 2370 discipuli
750 2302 1057 2374 praecedere
1085 2303 1274 2361 Jesum
1300 2308 1352 2361 in
1384 2308 1697 2364 ulteriorem
1729 2311 1924 2381 ripam,
1951 2311 2046 2366 sed

465 2416 556 2468 ubi
593 2417 657 2470 ad
693 2434 869 2488 usque
906 2421 1142 2476 medium
1177 2424 1343 2478 maris
1371 2424 1782 2494 pervenissent,
1807 2426 2046 2496 jactare-

461 2513 660 2574 turque
689 2509 865 2570 navis,
895 2509 1040 2578 quod
1072 2513 1381 2568 contrarius
1421 2514 1556 2584 ipsis
1611 2524 1758 2571 esset
1803 2525 1997 2572 ventus
2023 2559 2039 2583 ,

458 2601 658 2654 timore
688 2601 922 2669 perculsi
961 2611 1110 2668 sunt,
1141 2619 1266 2659 cum
1297 2606 1444 2662 circa
1475 2619 1723 2677 quartam
1752 2612 1930 2667 noctis
1956 2613 2038 2667 vi-

459 2687 644 2758 giliam
682 2690 920 2746 venisset
945 2691 1013 2747 ad
1039 2693 1161 2750 illos
1184 2693 1364 2752 Jesus.
1392 2696 1460 2752 Et
1507 2699 1611 2755 nisi
1651 2699 1811 2757 Jesus
1843 2718 2036 2758 navem

456 2783 888 2852 conscendisset,
913 2799 1093 2856 neque
1116 2789 1499 2861 navigantibus
1519 2791 1801 2864 discipulis
1847 2796 2038 2851 adver-

459 2889 556 2929 sus
635 2883 832 2932 ventus
894 2879 1246 2948 remisisset,
1332 2899 1508 2954 neque
1581 2887 1636 2941 in
1721 2887 2034 2946 ulteriorem

457 2967 654 3036 ripam,
701 2978 826 3038 post
851 2971 1136 3040 trajectum
1168 2989 1340 3042 mare,
1384 2978 1706 3050 navigantes
1732 2981 2029 3040 venissent.

453 3055 522 3111 Et
549 3058 734 3114 volens
785 3059 1023 3118 fortasse
1065 3067 1442 3135 experimento
1470 3070 1666 3126 docere
1699 3073 1822 3131 illos
1847 3117 1862 3140 ,
1924 3093 2030 3132 non

452 3163 618 3217 posse
649 3149 859 3220 absque
901 3168 961 3208 se
1009 3163 1162 3210 trans
1200 3157 1381 3214 lacum
1422 3159 1524 3227 ire,
1555 3181 1574 3213 ι
1611 3167 1875 3235 compulit
1904 3170 2022 3238 qui-
2059 3158 2106 3222 C

450 3242 576 3295 dem
609 3245 906 3301 ascendere
949 3246 1004 3301 in
1039 3250 1381 3316 naviculam,
1432 3263 1488 3308 et
1528 3269 1588 3311 se
1634 3266 1785 3314 trans
1831 3258 2028 3316 fretum

448 3335 793 3403 praecedere;
828 3355 848 3389 ι
879 3352 1004 3394 cum
1041 3355 1151 3396 non
1180 3354 1406 3412 possent
1427 3356 1609 3402 autem
1639 3349 1714 3404 illi
1746 3352 1884 3406 ultra
1917 3369 2032 3409 me-

450 3425 600 3480 dium
633 3428 801 3484 maris
821 3431 1076 3500 progredi
1102 3473 1117 3497 ,
1147 3448 1440 3505 apparens,
1466 3447 1520 3493 et
1557 3454 1621 3494 ea
1650 3457 1772 3512 qua:
1825 3445 2026 3515 scripta

449 3527 576 3572 sunt
611 3517 839 3588 faciens,
865 3525 1106 3580 ostendit
1127 3542 1254 3582 eum
1286 3531 1380 3600 qui
1410 3540 1564 3588 trans
1596 3549 1745 3590 mare
1767 3552 2026 3605 pervene-

449 3607 540 3676 rit,
569 3608 698 3666 Jcsu
727 3611 893 3669 simul
923 3631 1048 3672 cum
1080 3617 1174 3673 illo
1204 3620 1497 3693 navigante
1536 3625 1664 3681 illuc
1687 3629 2022 3696 pervenisse.

445 3703 732 3769 Quodnam
766 3715 849 3763 est
871 3717 1054 3766 autem
1087 3713 1387 3785 navigium,
1417 3717 1562 3786 quod
1597 3718 1898 3790 discipulos
1933 3720 2025 3778 Je-

445 3812 543 3852 sus
581 3799 842 3869 compulit
862 3804 1355 3860 conscendere?an
1386 3806 1622 3863 fortasse
1659 3813 2022 3868 tentationum

442 3894 500 3940 et
523 3887 875 3948 adlictionum
906 3904 1202 3962 certamen,
1233 3897 1287 3951 in
1319 3900 1462 3969 quod
1488 3899 1713 3957 aVerbo
1742 3903 1862 3974 quis
1879 3919 2024 3961 com-

443 3980 656 4050 pulsus,
699 3993 753 4039 et
782 3988 940 4056 quasi
976 3988 1181 4046 invitus
1203 3993 1371 4058 venit,
1398 3993 1612 4050 volente
1646 3994 1935 4053 Servatore
1965 3998 2020 4054 in

434 4073 644 4143 jactato
667 4076 759 4130 illo
779 4078 995 4150 navigio
1027 4097 1057 4136 a
1082 4080 1357 4151 ﬂuctibus,
1393 4093 1448 4139 et
1476 4097 1637 4142 vento
1676 4090 1906 4144 adverso
1937 4088 2022 4144 di-

442 4164 684 4233 scipulos
713 4171 1008 4226 exercere?
1039 4170 1311 4238 Quoniam
1355 4165 1538 4232 autem
1577 4195 1595 4229 ι
1639 4179 1821 4233 statim
1866 4195 2020 4235 com-

441 4255 578 4324 pulit
604 4257 901 4329 discipulos
917 4263 1213 4319 ascendere
1237 4265 1291 4318 in
1309 4265 1617 4322 naviculam
1641 4279 1695 4322 ct
1715 4271 2020 4339 praecedere

438 4363 565 4401 eum
603 4359 754 4406 trans
791 4349 990 4406 fretum
1020 4394 1035 4418 ,
1073 4373 1091 4406 ι
1126 4355 1417 4413 immutata
1461 4360 1738 4430 paulisper
1765 4377 2019 4417 sermone

2176 653 2319 700 τινα,
2374 634 2449 704 μὴ
2501 631 2766 703 πρότερον
2808 631 3054 699 φαγόντα
3107 630 3308 700 ἀρτων,
3349 622 3424 680 ὧν
3466 630 3496 681 6
3555 625 3768 696 Ἰησοῦς

2175 728 2407 795 εὐλογεῖ*
2437 725 2536 795 οὐχ
2569 718 2681 777 οἷον
2711 722 2769 776 δέ
2801 719 2997 793 φαγεῖν
3027 722 3136 776 τῶν
3167 720 3349 791 ἄρτων
3379 721 3480 791 τῆς
3512 718 3768 788 εὐλογίας

2187 816 2386 888 Ἰησοῦ,
2421 818 2470 869 εἰ
2508 813 2582 887 μὴ
2607 815 2683 878 ὡς
2705 815 2989 869 ἐκέλευσεν
3011 816 3040 868 ὁ
3080 813 3290 884 Ἰησοῦς
3321 815 3642 883 ποιήσαντα,
3669 811 3764 865 καὶ

2173 905 2535 960 ἀνακλιθέντα
2606 905 2701 959 ἐπὶ
2751 904 2848 959 τοῦ
2906 905 3125 977 χόρτου,
3185 906 3262 969 ὼς
3319 901 3758 973 ἀποδεδώκαμεν.

2186 997 2322 1051 ’Δλλ’
2352 997 2472 1050 οὐδὲ
2501 997 2659 1050 τοῦτο
2687 993 2798 1051 οἷόν
2823 1014 2881 1050 τε
2907 997 3130 1068 ποιῆσαι
3155 997 3282 1061 τοὺς
3310 995 3501 1068 δχλους
3539 995 3613 1066 μὴ
3638 995 3764 1048 ἀκο-

2171 1087 2538 1160 λουθήσαντας
2570 1089 2649 1160 τῷ
2693 1088 2870 1161 Ἰησοῦ
2901 1089 3012 1142 ἀπὸ
3049 1088 3157 1146 τῶν
3187 1089 3331 1142 ἰδίων
3365 1087 3595 1150 πόλεων,
3627 1087 3759 1140 ἀνα-

2169 1183 2482 1254 χωρήσαντι
2524 1184 2604 1246 εἰς
2640 1181 2847 1256 ἔρημον
2884 1181 3049 1234 τόπον
3083 1181 3203 1235 κατ’
3236 1181 3392 1234 ἰδίαν.
3427 1179 3538 1232 Καὶ
3566 1178 3756 1252 πρότε-

2172 1289 2264 1344 ρον
2290 1274 2389 1344 μὲν
2421 1273 2739 1344 ἀξιούμενος
2759 1272 2866 1326 ὑπὸ
2902 1271 3009 1326 τῶν
3042 1271 3299 1343 μαθητῶν
3334 1267 3602 1324 ἀπολῦσαι
3629 1269 3755 1331 τοὺς

2166 1364 2375 1434 ὄχλους,
2407 1366 2507 1418 οὐκ
2554 1364 2844 1426 ἀπέλυσεν,
2879 1363 2984 1427 ἓως
3031 1363 3226 1434 ἔθρεψε
3272 1365 3384 1425 τοῖς
3429 1362 3614 1432 ἄρτοις
3654 1359 3752 1428 τῆς

2165 1453 2433 1522 εὐλογίας·
2482 1454 2577 1506 νῦν
2625 1453 2681 1506 δὲ
2717 1453 2966 1516 ἀπολύει,
3019 1453 3127 1505 τῶν
3180 1451 3436 1523 μαθητῶν
3485 1451 3750 1521 πρότερον

2163 1543 2617 1614 ἀναγκασθέντων
2655 1544 2890 1615 ἐμϐῆναι
2924 1547 3005 1607 εἰς
3042 1543 3103 1596 16
3150 1543 3353 1605 πλοῖον,
3387 1543 3481 1596 καὶ
3526 1541 3749 1594 ἀπολύει

2162 1636 2362 1699 αὐτοὺς
2391 1636 2541 1689 κάτω
2566 1653 2668 1688 που
2706 1635 3096 1706 τυγχάνοντας
3133 1636 3284 1689 κάτω
3309 1633 3417 1706 γὰρ
3441 1637 3472 1706 ἡ
3507 1633 3713 1706 ἕρημος
3731 1652 3748 1667 ο

2160 1727 2322 1790 αὐτὸς
2353 1727 2410 1779 δέ
2451 1745 2469 1777 ι
2513 1727 2682 1798 ἀνέϐη
2716 1729 2794 1791 είς
2834 1727 2895 1780 16
2931 1727 3056 1797 ὅρος
3097 1726 3520 1799 προσεύξασθαι.
3575 1745 3594 1777 ι
3635 1726 3747 1779 Καὶ

2092 1801 2134 1856 Β
2158 1817 2315 1872 τοῦτο
2354 1818 2411 1871 δέ
2442 1818 2879 1890 παρατηρητέον,
2915 1819 2998 1871 ὅτι
3029 1818 3233 1882 εὐθέως
3265 1817 3403 1890 μετά
3433 1818 3493 1871 τὸ
3527 1818 3744 1888 τραφῆ-

2157 1927 2242 1962 ναι
2275 1911 2400 1973 τοὺς
2430 1909 2905 1980 πεντακισχιλίους
2933 1909 3246 1980 ἠνάγκασεν
3277 1912 3306 1964 6
3360 1908 3569 1981 Ἰησοῦς
3610 1911 3742 1974 τοὺς

2158 1999 2406 2071 μαθητὰς
2441 2019 2460 2052 ι
2494 2001 2730 2071 ἐμϐῆναι
2769 2001 2850 2064 είς
2884 1998 2945 2052 τὸ
2974 2000 3180 2062 πλοῖον,
3216 2001 3310 2053 καὶ
3339 2001 3605 2071 προάγειν
3635 1999 3740 2051 αὑ-

2150 2087 2242 2142 τὸν
2274 2091 2354 2152 είς
2381 2089 2441 2142 τὸ
2486 2090 2681 2160 πέραν.
2721 2109 2739 2141 ι
2778 2088 2926 2160 Πλὴν
2955 2089 3016 2142 οὐ
3061 2089 3379 2160 δεδύνηνται
3413 2089 3461 2141 οἱ
3499 2088 3742 2159 μαθηταὶ

2149 2181 2412 2252 προάγειν
2453 2181 2544 2234 16v
2595 2180 2803 2253 Ἰησοῦν
2842 2181 2923 2244 είς
2949 2180 3012 2234 16
3041 2180 3235 2253 πέραν,
3277 2179 3413 2235 ἀλλά
3450 2180 3610 2251 μέχρι
3642 2180 3738 2233 τοῦ

2151 2272 2320 2341 μέσου
2353 2271 2455 2343 τῆς
2501 2273 2781 2344 θαλάσσης
2814 2270 3140 2342 φθάσαντες,
3190 2270 3608 2344 βασανιζομένου
3639 2273 3736 2326 τοῦ

2147 2361 2334 2414 πλοίου
2367 2360 2445 2433 τῷ
2471 2361 2563 2416 τὸν
2598 2362 2798 2433 ἄνεμον
2828 2362 3012 2426 αὐτοῖς
3049 2358 3188 2416 εἶναι
3237 2363 3501 2427 ἐναντίον,
3537 2361 3738 2433 ἐφοϐή-

2145 2451 2339 2524 θησαν,
2370 2454 2500 2526 περὶ
2543 2456 2812 2527 τετάρτην
2856 2453 3101 2526 φυλακὴν
3128 2456 3229 2526 τῆς
3259 2453 3452 2517 νυκτὸς
3485 2453 3734 2517 ἐλθόντος

2144 2547 2283 2620 πρὸς
2323 2548 2522 2611 αὐτοὺς
2554 2547 2647 2602 τοῦ
2693 2547 2888 2618 Ἰησοῦ.
2926 2548 3036 2602 Καὶ
3079 2551 3130 2602 εί
3180 2548 3254 2621 μὴ
3289 2548 3620 2620 ἀναϐεϐήκει
3648 2551 3729 2612 είς

2139 2639 2202 2693 16
2229 2638 2412 2693 πλοῖον
2438 2641 2466 2693 6
2506 2639 2735 2711 Ἰησοῦς,
2769 2638 2882 2693 οὔτ’
2913 2639 2979 2694 ἂν
3008 2642 3036 2694 ὁ
3061 2643 3173 2704 τοῖς
3199 2640 3422 2694 πλέουσι
3459 2639 3732 2712 μαθηταῖς

2142 2732 2552 2803 ἐναντιούμενος
2599 2731 2877 2787 ἐπαύσατο
2919 2733 3141 2804 ἄνεμος,
3189 2731 3299 2786 οὔτ’
3356 2733 3421 2787 ἂν
3461 2733 3725 2804 διαπερά-

2140 2842 2331 2889 σαντες
2376 2821 2539 2898 ἦλθον
2587 2827 2668 2890 εἰς
2705 2826 2767 2878 16
2805 2825 2980 2898 πέραν
3018 2829 3066 2880 οἱ
3124 2825 3407 2895 πλέοντες’
3455 2825 3547 2878 καὶ
3583 2825 3728 2895 τάχα

2139 2917 2462 2989 βουλόμενος
2494 2919 2558 2988 τῇ
2600 2917 2766 2989 πείρᾳ
2795 2918 2994 2980 αὐτοὺς
3017 2916 3244 2981 διδάξαι,
3279 2917 3360 2969 ὃτι
3389 2915 3486 2984 οὐχ
3519 2910 3629 2967 οἷόν
3658 2931 3719 2966 τε

2136 3011 2255 3064 ἐστὶ
2285 3012 2455 3081 χωρὶς
2489 3009 2652 3063 αὑτοῦ
2690 3009 2938 3063 ἀπελθεῖν
2977 3009 3057 3071 είς
3082 3007 3144 3060 τὸ
3173 3008 3368 3078 πέραν,
3393 3025 3410 3058 ι
3439 3005 3715 3076 ἠνάγκασε

2139 3102 2240 3173 μὲν
2280 3101 2514 3172 ἐμϐῆναι
2545 3103 2626 3166 είς
2670 3101 2730 3154 16
2783 3099 2982 3164 πλοῖον,
3014 3101 3109 3152 καὶ
3155 3097 3419 3170 προάγειν
3445 3095 3605 3151 αὐτὸν
3635 3097 3716 3159 είς

2239 3194 2432 3264 πέραν·
2467 3212 2485 3244 ι
2525 3193 2598 3265 μὴ
2631 3192 2905 3263 δυνηθεῖσι
2935 3192 2978 3245 δ’
3009 3192 3188 3255 αὐτοῖς
3230 3189 3394 3243 πλέον
3422 3189 3516 3243 τοῦ
3548 3189 3714 3261 μέσου

2131 3287 2230 3357 τῆς
2279 3285 2552 3356 θαλάσσης
2595 3285 2841 3348 διελθεῖν,
2895 3284 3175 3354 ἐπιφανεὶς
3225 3283 3316 3336 καὶ
3363 3283 3594 3354 ποιήσας
3646 3278 3720 3335 τὰ

2129 3377 2513 3446 γεγραμμένα,
2551 3375 2748 3440 ἔδειξεν
2789 3376 2872 3429 ὅτι
2905 3377 2933 3428 6
2965 3375 3044 3438 είς
3089 3375 3150 3426 16
3192 3374 3365 3446 πέραν
3398 3373 3720 3443 γιγνόμενος

2142 3466 2318 3536 Ἰησοῦ
2381 3467 2530 3538 αὐτῷ
2593 3466 2962 3538 συμπλέοντος
3019 3465 3210 3536 φθάνει
3255 3467 3391 3519 ἐκεῖ.
3443 3465 3508 3518 Τί
3552 3465 3609 3518 δὲ
3655 3465 3721 3518 16

2127 3557 2312 3613 πλοῖον
2334 3561 2412 3623 είς
2455 3560 2483 3612 ὃ
2507 3559 2820 3630 ἠνάγκασεν
2845 3560 3084 3630 ἐμϐῆναι
3118 3560 3244 3622 τοὺς
3278 3557 3524 3629 μαθητὰς
3549 3560 3577 3611 ὁ
3615 3559 3718 3628 ἰη-

2129 3648 2291 3716 σοῦς;
2330 3649 2364 3722 ἢ
2427 3650 2569 3720 τάχα
2614 3653 2642 3703 6
2685 3649 2794 3702 τῶν
2838 3649 3160 3722 πειρασμῶν
3204 3650 3297 3702 καὶ
3343 3649 3716 3721 περιστάσεων

2125 3740 2295 3809 ἀγὼν,
2327 3743 2406 3806 είς
2439 3742 2499 3794 ὃν
2535 3739 2981 3812 άναγκαζόμενός
3012 3758 3097 3805 τις
3124 3742 3230 3794 ὑπὸ
3260 3739 3354 3793 τοῦ
3391 3740 3585 3809 Λόγου,
3620 3739 3714 3792 καὶ

2123 3835 2288 3890 οἱονεὶ
2335 3837 2433 3907 οὐχ
2467 3834 2609 3888 ἐκὼν
2655 3834 2895 3906 ἔρχεται,
2946 3832 3269 3904 βουλομένου
3315 3829 3410 3884 τοῦ
3463 3831 3713 3902 Σωτῆρος

2123 3927 2507 3998 γυμνάσασθαι
2557 3929 2684 3991 τοὺς
2745 3925 2994 3998 μαθητὰς
3046 3928 3104 3980 ἐν
3164 3926 3243 3996 τῷ
3299 3923 3711 3996 βασανιζομένῳ

2120 4019 2296 4090 τούτῳ
2336 4019 2506 4090 πλοίῳ
2554 4020 2657 4072 ὑπὸ
2704 4019 2811 4072 τῶν
2857 4020 3116 4090 κυμάτων
3155 4017 3250 4072 τοῦ
3290 4016 3536 4072 ἐναντίου
3588 4017 3704 4089 (77)

2121 4110 2348 4180 ἀνέμου.
2380 4109 2676 4181 Ἐπειδὴδέ
2704 4127 2722 4159 ι
2746 4108 2947 4172 εὐθέως
2975 4109 3255 4178 ἠνάγκασε
3287 4109 3416 4171 τοὺς
3452 4102 3702 4180 μαθητὰς

2121 4196 2356 4267 ἐμϐῆναι
2389 4198 2470 4259 είς
2507 4195 2570 4249 τὸ
2617 4196 2823 4260 πλοῖον,
2873 4196 2969 4250 καὶ
3003 4195 3266 4267 προάγειν
3312 4193 3476 4247 αὐτὸν
3509 4195 3591 4257 είς
3640 4194 3702 4245 16

2121 4285 2315 4358 πέραν,
2353 4306 2370 4338 ι
2409 4287 2590 4356 ὀλίγον
2623 4285 2914 4351 ἐναλλάξας
2942 4286 3040 4359 τὴν
3073 4286 3216 4352 λέξιν
3241 4286 3517 4359 ἀνέγραψε
3550 4286 3642 4338 καὶ
3675 4288 3705 4338 6

2119 4379 2366 4449 Μάρκος,
2393 4381 2645 4450 ποιήσας
2685 4398 2703 4430 ι
2741 4379 2851 4432 Καὶ
2883 4378 3085 4443 εὐθέως
3117 4379 3397 4449 ἠνάγκασε
3448 4379 3571 4442 τοὺς
3602 4394 3709 4448 μαη

438 4441 661 4512 scripsit
683 4443 900 4501 Marcus
920 4447 940 4478 ’
973 4465 984 4500 :
1021 4466 1039 4499 ι
1073 4446 1140 4501 Et
1156 4450 1340 4504 statim
1367 4453 1545 4522 coegit
1565 4453 1866 4525 discipulos
1884 4471 2016 4512 suos

2138 4441 2292 4543 ὶητάς
2321 4441 2484 4524 αὑτοῦ
2511 4441 2627 4542 ξ78)
2669 4471 2902 4542 ἐμϐῆναι
2948 4473 3029 4534 είς
3066 4441 3152 4523 τὸ·
3180 4441 3383 4537 πλοῖον,
3429 4471 3522 4524 καὶ
3565 4441 3705 4540 προ-

436 4535 731 4590 ascendere
755 4536 961 4605 navim,
989 4548 1048 4593 ut
1076 4541 1443 4610 praecederent
1468 4559 1593 4600 eum
1630 4555 1781 4602 trans
1819 4545 2014 4603 fretum

2138 4535 2280 4632 ίγειν
2308 4564 2467 4617 αὑτὸν
2498 4535 2578 4628 εἰς
2602 4535 2664 4617 16
2695 4535 2866 4636 πέραν
2899 4565 2980 4628 εἰς
3011 4561 3305 4634 Βηθσαῖδᾶ·
3347 4535 3377 4613 ι.
3407 4535 3704 4630 ἀναγκαῖον

435 4625 500 4678 ad
528 4625 913 4697 Bethsaidam;
947 4651 966 4684 ι
996 4647 1221 4688 necesse
1245 4643 1330 4690 est
1359 4635 1633 4705 explicare
1659 4640 1812 4706 itlud,
1851 4659 1868 4692 ι
1891 4656 2017 4696 coe-

432 4723 531 4788 git,
575 4741 594 4772 ι
628 4726 846 4791 quando
910 4730 1063 4798 prius
1111 4730 1410 4789 viderimus
1459 4749 1523 4789 ea
1567 4751 1690 4805 quae
1741 4735 1906 4809 483
1947 4739 2012 4794 ad

429 4813 686 4881 exiguam
736 4816 902 4874 Marci
955 4823 1377 4893 discrepantiam
1431 4829 1742 4896 pertinent,
1790 4833 1882 4901 qui
1908 4832 2012 4886 ali-

497 4930 516 4958 "
548 4929 737 4987 Matth.
775 4950 888 4999 xw,
919 4935 1009 4992 23.
1109 4941 1130 4972 ⁸
1159 4939 1289 4996 ibid.
1316 4942 1406 4996 22.
1484 4946 1504 4976 ⁸
1540 4943 1707 5002 Marc.
1732 4963 1806 5015 vt,
1841 4949 1931 5004 45.

509 5049 618 5119 (77)
645 5050 755 5105 Τοῦ
774 5050 1072 5108 ἐναντίου.
1116 5055 1472 5113 Scribendum
1496 5061 1592 5115 καὶ
1619 5061 1714 5115 τοῦ
1748 5064 2011 5119 ἐναντίου.

507 5120 616 5202 ςῖὃ)
663 5123 775 5178 Καὶ
815 5123 1032 5202 εὐθέωής
1069 5124 1381 5202 ἠνάγκασε
1423 5131 1568 5202 τοὺς
1604 5135 1876 5202 μαθητὰς
1910 5139 2016 5190 αὐ-

426 5195 690 5275 _t_017._etc.
707 5233 722 5259 ,
739 5208 915 5275 usque
939 5194 1183 5275 σιξ-τρίχα
1197 5194 1334 5275 οὖν.
1352 5199 1484 5275 lude
1515 5194 1682 5270 liquet
1703 5194 2008 5275 legendum,

426 5264 618 5346 Matth.
659 5281 791 5346 διν,
834 5264 1338 5346 ᾖς’-Κανεύθέως
1365 5264 1677 5346 ῂνάγκασεν
1721 5264 1782 5325 όν
1805 5264 2012 5346 Ἰησοῦς

421 5337 551 5408 ’τοὺς
577 5335 828 5408 μαθητάς
853 5337 1089 5408 ἐμϐῆναι
1121 5339 1203 5403 είς
1230 5340 1292 5392 τὸ
1325 5335 1525 5396 πλοῖον.
1558 5341 1676 5398 Non
1722 5353 1784 5398 ut
1817 5335 2010 5402 omnes

421 5405 723 5483 editidnes;
745 5405 948 5483 Graecae
973 5405 994 5476 ,’
1020 5408 1184 5483 τοὺς-
1196 5410 1446 5483 μαθητὰς
1477 5413 1643 5467 αὐτοῦ
1662 5454 1676 5478 ,
1712 5423 1767 5470 et
1791 5429 2004 5480 omnes,

643 5476 958 5597 sVulgatam
1030 5488 1084 5534 et
1152 5476 1452 5548 Persicam,
1503 5476 1999 5556 interpretationes.

453 5585 467 5596 .
513 5561 542 5597 ε
609 5561 639 5597 u
677 5589 690 5597 .

453 5559 690 5602 lUB‘l‘lUS.

495 5613 606 5684 (79)
654 5616 999 5694 Ὠρισμένον
1031 5624 1246 5676 πλεῖόν
1279 5627 1359 5694 τι·
1403 5625 1804 5694 ἐμφαίνοντος
1827 5670 1841 5694 ,
1893 5638 1998 5682 etc.

424 5683 726 5740 Erasmus:
750 5706 768 5737 ι
791 5683 1008 5744 Certam
1033 5694 1214 5747 navim
1250 5683 1610 5762 signiﬁcantis
1634 5712 1729 5769 per
1755 5683 1998 5753 additum

2125 4655 2412 4726 ἐπιστῆσαι
2443 4655 2522 4726 τῷ
2560 4675 2580 4708 ι
2611 4657 2943 4726 ἠνάγκασεν,
2978 4675 2997 4708 ι
3034 4653 3172 4708 ἐπὰν
3206 4655 3470 4727 πρότερον
3506 4654 3706 4725 ἴδωμεν

2119 4744 2190 4798 τὰ
2214 4747 2314 4818 τῆς
2365 4746 2555 4818 ὀλίγης
2588 4748 2947 4820 παραλλαγῆς
2989 4745 3083 4800 τοῦ
3117 4746 3367 4816 Μάρκου,
3401 4745 3702 4817 ὡρισμένον

2120 4839 2300 4893 πλεῖόν
2329 4857 2380 4894 τι
2404 4841 2756 4911 ἐμφαίνοντος
2784 4839 2894 4912 (79)
2918 4839 3006 4893 διὰ
3037 4839 3135 4911 τῆς
3170 4838 3271 4892 τοῦ
3293 4837 3495 4911 ἄρθρου
3529 4854 3702 4909 προσ-

2120 5069 2445 5141 articulum;
2479 5088 2498 5122 ι
2529 5070 2972 5141 Ιεεθτοι-πλοῖον,
3004 5070 3341 5141 putabatque
3366 5068 3421 5141 in
3465 5083 3546 5141 eo
3562 5070 3700 5141 verti

2118 5139 2541 5209 disputationem
2567 5138 2706 5196 hanc
2722 5138 3164 5212 Origenig‘quod
3184 5138 3475 5212 vocabulo,
3494 5138 3701 5206 πλοῖον,

2118 5212 2375 5280 pradixus
2401 5219 2546 5265 esset
2582 5210 2883 5277 articulus,
2915 5211 3005 5276 16,
3039 5210 3201 5280 apud
3243 5210 3522 5275 Marcum;
3571 5225 3699 5263 nam

2117 5279 2198 5352 sic
2225 5289 2289 5352 et,
2317 5281 2406 5334 ille
2435 5296 2599 5350 supra
2621 5301 2695 5352 -_c
2720 5281 2938 5352 Marcus
2982 5279 3203 5352 paulum
3241 5281 3542 5352 immutatis
3579 5292 3701 5352 ver-

2114 5348 2201 5404 bis
2248 5350 2328 5405 sic
2371 5348 2594 5420 posuit:
2635 5350 2702 5406 Et
2745 5348 3033 5407 confestim
3086 5351 3352 5420 compulit
3401 5349 3703 5484 disci6ulos

2116 5434 2247 5474 suos
2277 5421 2484 5484 ingredi
2507 5423 2588 5484 εἰς
2616 5421 2678 5474 16
2700 5423 2906 5484 πλοῖον,
2939 5422 2989 5475 id
3013 5432 3116 5484 est,
3150 5421 3203 5474 in
3239 5435 3451 5474 navem.
3477 5439 3496 5472 ι
3579 5433 3700 5473 uasr

2116 5434 2247 5474 suos
2277 5421 2484 5491 ingredi
2507 5423 2588 5485 εἰς
2616 5421 2678 5474 16
2700 5423 2906 5484 πλοῖον,
2939 5422 2989 5475 id
3013 5432 3116 5485 est,
3135 5421 3203 5491 in
3239 5435 3451 5474 navem.
3477 5421 3700 5491 :_Quasi

2115 5504 2221 5544 non
2245 5488 2408 5545 etia'm
2435 5493 2714 5559 praeﬁxum
2741 5494 2830 5556 sit,
2861 5493 2942 5555 16,
2963 5492 3104 5558 apud
3131 5489 3464 5545 Matthaeum.
3494 5488 3699 5543 Deinde

2113 5561 2393 5630 quomodo
2419 5563 2759 5616 cohaererent
2795 5578 2919 5616 cum
2967 5561 3073 5614 illis
3100 5561 3385 5630 sequentia
3414 5561 3530 5630 haec
3557 5577 3570 5612 :
3615 5559 3692 5610 οὐ

2111 5629 2222 5702 γάρ
2267 5630 2461 5702 ταυτὸν
2500 5633 2820 5702 ἐμφαίνεται
2863 5629 3086 5702 ἀπὸτοῦ
3115 5648 3134 5682 ι
3172 5629 3378 5702 εὐθέως
3414 5629 3693 5702 ἠνάγκασε

2110 5696 2236 5764 τοῦς
2274 5696 2545 5772 μαθητάςῖ
2573 5696 2596 5752 ί
2630 5702 2740 5772 ἔχει
2767 5703 2894 5756 δέτι
2928 5701 3111 5755 πλεῖον
3141 5702 3222 5768 16,
3249 5719 3265 5753 ι
3292 5701 3419 5764 τοὺς
3440 5696 3696 5772 ’μαθητάς

493 5803 510 5824 ⁹
535 5799 769 5853 Voculam
799 5822 851 5877 τι,
865 5818 1010 5867 quam
1036 5808 1082 5856 in
1107 5811 1238 5858 nolis
1261 5808 1500 5860 exhibent
1523 5812 1701 5864 Ituaeus
1725 5813 2059 5881 llueliusque,
2083 5819 2130 5870 in
2158 5824 2298 5869 textu
2321 5817 2806 5869 rcslituimus..limr.
2833 5817 3046 5869 PATROL.
