4094 6290
426 393 536 453 917

1421 391 1779 453 COMMENT.
1817 393 1883 453 IN
1917 389 2340 452 MATTHEUM
2381 384 2620 446 TOMUS
2658 385 2751 442 XI.

3585 389 3692 446 M8

423 511 608 583 θήκης
630 525 643 538 ο
670 506 731 559 οὖ
765 505 872 577 γὰρ
899 504 1091 558 ταύτὸν
1125 504 1448 577 ἐμφαίνεται
1470 509 1578 562 ἀπὸ
1609 508 1717 562 τῶν
1755 529 1773 560 ι
1813 507 2005 571 εὐθέως

2121 505 2248 576 quid
2283 505 2454 577 magis
2482 501 2822 574 praeﬁnitum"
2858 516 2951 572 per
2977 499 3190 556 articuli
3237 484 3569 555 additionth
3617 500 3699 555 si-

424 601 710 671 ἡνάγκασε
731 597 855 659 τοὺς
883 593 1152 666 μαθητάς·
1186 615 1205 647 ι
1236 593 1351 665 ἔχει
1370 595 1428 650 δέ
1452 615 1504 650 τι
1539 597 1722 651 πλεῖον
1739 598 1821 662 τὸ,
1851 617 1869 649 t
1891 598 2018 660 τοὺς

428 689 686 764 μαθητὰς
728 687 917 751 αὐτοῦ,
961 706 978 738 ›
1034 686 1189 760 παρὰ
1227 688 1306 762 τῷ
1347 690 1560 762 Μάρκῳ
1609 689 2014 761 γεγραμμένον,

430 782 581 854 παρὰ
601 780 662 834 τὺ
692 779 902 842 ἁπλῶς,
942 798 960 830 ε
992 780 1118 843 τοὺς
1151 779 1418 853 μαθητάς.
1453 801 1472 833 ι
1506 781 1658 852 Τάχα
1686 777 1778 835 οὖν
1807 782 1892 835 ῖνα
1923 781 2017 835 καὶ

423 877 492 944 τῇ
518 873 660 939 λέξει
685 871 1054 944 παραστῶμεν
1089 871 1222 943 (80),
1257 875 1308 926 οἱ
1349 873 1448 944 μὲν
1483 873 1740 944 μαθηταὶ,
1774 872 2015 927 δυσαπο-

424 962 684 1028 σπάστως
711 963 924 1034 ἔχοντες
947 963 1040 1018 τοῦ
1073 964 1246 1034 Ἰησοῦ
1275 963 1412 1037 (81),
1439 965 1559 1018 οὐδὲ
1588 965 1727 1020 κατὰ
1763 966 1824 1019 τὸ
1854 965 2014 1036 τυχδν

423 1053 590 1107 αὐτοῦ
655 1053 988 1124 χωρίζεσθαι
1048 1052 1320 1118 δύνανται,
1389 1054 1701 1127 βουλόμενοι
1761 1059 2013 1129 παρεῖναι

422 1145 594 1216 αὐτῷ·
647 1146 676 1198 6
707 1145 766 1198 δὲ
815 1145 1007 1217 κρίνας
1034 1146 1232 1210 αὐτοὺς
1275 1149 1470 1217 πεῖραν
1517 1147 1703 1202 λαϐεῖν
1753 1149 2013 1220 κυμάτων

422 1238 519 1291 καὶ
547 1238 794 1292 ἐναντίου
817 1237 1043 1308 ἀνέμου,
1066 1238 1167 1291 οὐκ
1191 1236 1259 1291 ἂν
1285 1239 1597 1309 γενομένου,
1626 1242 1675 1293 εἰ
1701 1235 1842 1311 ἦσαν
1875 1239 2012 1311 μετὰ

417 1328 519 1382 τοῦ
583 1329 780 1401 Ἰησοῦ,
827 1329 1074 1400 ἀνάγκην
1115 1331 1298 1395 αὐτοῖς
1345 1331 1620 1402 ἐπήρτησε
1667 1332 2013 1404 χωρισθεῖσιν

424 1420 591 1474 αὐτοῦ
637 1421 870 1492 ἐμϐῆναι
903 1422 984 1484 είς
1016 1420 1222 1474 πλοῖον.
1261 1419 1587 1492 Ἀναγκάζει
1621 1423 1720 1494 μὲν
1752 1420 1844 1478 οῦν
1883 1424 2012 1487 τοὺς

426 1512 677 1584 μαθητὰς
710 1511 942 1584 ἐμϐῆναι
963 1515 1044 1577 εἰς
1063 1513 1126 1566 τὸ
1152 1513 1332 1567 πλοῖον
1363 1514 1472 1568 τῶν
1499 1515 1823 1588 πειρασμῶν
1845 1518 1873 1570 6
1899 1516 2012 1569 Σω-

423 1603 551 1674 τὴρ,
580 1603 673 1656 καὶ
705 1601 965 1673 προάγειν
994 1601 1157 1656 αὐτὸν
1178 1605 1259 1667 είς
1283 1604 1344 1656 τὸ
1374 1605 1570 1674 πέραν,
1609 1608 1701 1660 καὶ
1751 1607 2011 1660 ἐπέκεινα

421 1697 536 1760 τῶν
573 1699 944 1770 περιστάσεων
984 1697 1072 1753 διὰ
1117 1699 1180 1753 τὸ
1213 1702 1367 1772 νικᾷν
1413 1702 1607 1766 αὐτοὺς
1644 1701 1918 1772 γενέσθαι·
1959 1703 2008 1754 οἱ

421 1789 484 1842 δὲ
517 1789 596 1854 εὶς
625 1789 687 1843 τὸ
717 1790 878 1861 μέσον
901 1790 1002 1861 τῆς
1031 1789 1328 1863 θαλάσσης,
1357 1794 1450 1846 καὶ
1467 1793 1578 1847 τῶν
1600 1795 1657 1846 ἐν
1680 1794 2008 1866 πειρασμοῖς

423 1880 707 1950 γενόμενοι
742 1881 1020 1951 κυμάτων,
1058 1883 1153 1936 καὶ
1185 1862 1294 1936 τῶν
1343 1883 1598 1936 ἐναντίων
1630 1862 1847 1953 ἀνέμων
1891 1862 2005 1936 σιω-
2039 1862 2079 1918 Β

421 1968 658 2024 λυόντων
700 1972 897 2035 αὐτοὺς
930 1973 1187 2027 ἀπελθεῖν
1226 1975 1307 2038 εἰς
1358 1974 1420 2028 τὸ
1451 1974 1643 2046 πέραν,
1689 1973 2007 2037 παλαίοντες

418 2061 484 2114 οὑ
518 2059 829 2133 δεδύνηνται
863 2063 1032 2135 χωρὶς
1073 2063 1166 2116 τοῦ
1226 2064 1400 2135 Ἰησοῦ
1431 2064 1651 2135 νικῆσαι
1683 2063 1752 2117 τά
1788 2063 2008 2134 κύματα

419 2154 514 2207 καὶ
546 2154 637 2208 τὺν
669 2156 911 2209 ἐναντίον
945 2157 1166 2228 ἄνεμον,
1205 2158 1301 2210 καὶ
1345 2156 1549 2226 φθάσαι
1593 2158 1672 2220 είς
1704 2155 1765 2208 τὸ
1810 2155 2003 2226 πέραν.

419 2246 621 2318 Διόπερ
653 2248 882 2320 ἐλεήσας
910 2250 1108 2314 αὐτοὺς
1137 2252 1165 2303 6
1191 2250 1382 2319 Λόγος,
1412 2252 1589 2304 πάντα
1617 2249 1686 2303 τὰ
1720 2250 1849 2321 παρ’
1883 2250 2010 2302 ἐαυ-

420 2340 545 2402 τοὺς
593 2341 926 2410 πράξαντας,
990 2341 1076 2394 ἵνα
1120 2342 1201 2406 εἰς
1243 2341 1306 2394 τὸ
1338 2342 1509 2414 πέραν
1554 2341 1838 2409 γένωνται,
1871 2335 2006 2410 ἦλθε

421 2430 560 2501 πρὸς
593 2432 791 2495 αὐτοὺς
825 2431 1142 2503 περιπατῶν
1177 2433 1270 2486 ἐπὶ
1293 2432 1392 2504 τὴν
1426 2433 1722 2496 θάλασσαν,
1755 2431 1903 2503 αὐτῷ
1931 2431 2006 2502 μὴ

417 2522 650 2592 ἔχουσαν
698 2524 941 2594 κύματα,
976 2524 1097 2578 οὐδέ
1133 2525 1332 2596 ἄνεμον
1371 2524 1744 2578 ἐναντιοῦσθαι
1775 2524 2009 2594 δυνάμε-

417 2631 531 2678 νον,
566 2616 614 2668 εί
643 2617 738 2669 καὶ
758 2616 1026 2670 ἐϐούλετοο
1063 2617 1154 2670 καὶ
1191 2617 1300 2688 γὰρ
1334 2617 1394 2670 οὐ
1422 2617 1748 2688 γέγραπται,
1786 2636 1804 2669 ι
1833 2612 2007 2670 Ἱῐλθε

418 2706 558 2776 πρὸς
584 2706 782 2771 αὐτοὺς
801 2708 1116 2780 περιπατῶν
1145 2709 1238 2762 ἐπὶ
1267 2707 1337 2762 τὰ
1363 2708 1603 2780 κύματα,
1628 2729 1646 2761 ι
1684 2708 1820 2774 ἀλλ’,
1863 2727 1882 2759 ι
1915 2708 2008 2761 ἐπὶ

418 2797 491 2847 τὰ
512 2794 698 2850 ὕδατα·
727 2817 746 2850 ι
777 2797 966 2870 ὥσπερ
998 2802 1026 2854 6
1079 2800 1284 2871 Πέτρος
1327 2801 1462 2871 (82),
1507 2802 1677 2865 ὅστις,
1723 2798 1862 2854 κατά
1907 2798 2007 2864 τὰς

417 2886 598 2958 ἀρχὰς
629 2891 874 2955 εἰπόντος
904 2890 1052 2962 αὐτῷ
1082 2891 1177 2944 τοῦ
1225 2887 1399 2963 Ἰησοῦ
1420 2909 1433 2922 ·
1473 2911 1492 2944 ‹
1532 2892 1713 2945 Ἐλθέο
1763 2890 2007 2956 καταϐὰς

415 2979 529 3032 άπὸ
553 2979 646 3034 τοῦ
674 2981 879 3046 πλοίου,
906 2985 1332 3055 περιεπάτησεν,
1366 3003 1384 3035 ι
1430 2983 1530 3036 οὐκ
1553 2983 1645 3035 ἐπὶ
1667 2981 1736 3035 τά
1763 2980 2002 3053 κύματα,

414 3071 534 3123 ἀλλ’
575 3091 593 3123 ¢
643 3073 736 3126 ἐπὶ
780 3072 850 3127 τά
899 3073 1090 3139 ὕδατα,
1135 3093 1153 3125 ι
1213 3073 1386 3128 ἐλθεῖν
1433 3073 1570 3146 πρὸς
1614 3071 1708 3126 τὸν
1772 3070 2003 3143 Ἰησοῦνο

413 3164 541 3217 ἐπεὶ
571 3163 626 3218 δὲ
648 3165 946 3231 ἐδίστασεν,
969 3161 1107 3219 εἶδεν
1135 3167 1354 3237 ἰσχυρὸν
1375 3166 1466 3219 τὸν
1496 3166 1719 3236 ἄνεμον,
1744 3164 1844 3217 οὐκ
1872 3163 2001 3216 ὄντα
2030 3193 2076 3254 C

411 3256 638 3330 ῖσχυρδν
686 3256 766 3329 τῷ
825 3256 1150 3332 ἀποθεμένῳ
1203 3259 1302 3331 τὴν
1344 3257 1719 3328 ὀλιγοπιστίαν
1763 3257 1859 3311 καὶ
1908 3257 2004 3311 τὸν

409 3347 731 3421 δισταγμόν.
769 3352 878 3405 Καὶ
909 3353 1210 3417 ἀναϐάντος
1253 3352 1350 3406 τοῦ
1393 3350 1570 3424 Ἰησοῦ
1609 3351 1747 3422 μετά
1791 3350 1998 3423 Πέτρου

409 3442 495 3504 είς
527 3441 586 3494 τὸ
632 3441 834 3506 πλοῖον,
889 3443 1161 3498 ἐκόπασεν
1193 3446 1221 3498 6
1267 3443 1487 3515 ἄνεμος,
1526 3441 1693 3515 μηδὲν
1735 3441 1817 3494 ἐτι
1843 3440 2002 3494 δυνά-

416 3547 577 3602 μενος
609 3534 872 3606 ἐνεργεῖν,
909 3537 989 3600 είς
1025 3537 1156 3590 αὐτὸ
1196 3537 1496 3599 ἀναϐάντος
1527 3534 1619 3588 τοῦ
1671 3533 1870 3606 Ἰησοῦ.

2120 596 2418 668 gniﬂcavit.
2455 594 2575 650 Non
2621 595 2766 649 enim
2819 594 2958 648 idem
2993 591 3300 647 declaratur
3343 592 3427 646 his
3472 589 3688 645 verbis:

2125 708 2144 741 ι
2176 688 2372 744 Statim
2403 687 2665 757 compulit
2694 685 3030 755 discipulos;
3076 703 3095 735 ι
3141 684 3303 738 habet
3331 697 3462 738 vero
3491 683 3697 752 aliquid

2091 779 2354 849 amplius
2379 819 2393 843 ,
2429 799 2449 831 ε
2481 778 2782 848 discipulos
2828 791 2979 843 suos,
3010 794 3028 828 ι
3080 791 3109 829 a
3162 774 3346 844 Marco
3393 775 3656 843 scriptum
3679 813 3694 836 .

2115 886 2281 942 quam
2333 870 2690 940 simpliciter,
2745 889 2762 920 ι
2792 869 3112 938 discipulos.
3159 887 3178 920 ι
3220 867 3474 922 Fortasse
3508 866 3694 937 igitur,

2116 972 2177 1018 ut
2206 963 2272 1018 ad
2307 963 2448 1018 hanc
2479 962 2783 1017 orationem
2830 962 3072 1016 animum
3120 961 3489 1026 advertamus,
3529 959 3699 1016 disci-

2114 1057 2224 1127 puli
2261 1056 2492 1110 ﬁrmiter
2524 1056 2793 1111 luet-entes
2818 1055 2969 1121 JeSu,
3001 1070 3106 1109 non
3148 1054 3341 1124 quavis
3376 1054 3499 1108 data
3539 1068 3701 1109 occa-

2115 1148 2270 1202 sione
2301 1148 2371 1202 ab
2412 1148 2505 1202 illo
2538 1148 2777 1217 separari
2816 1156 3070 1217 possunt,
3103 1148 3345 1201 volentes
3374 1145 3566 1201 adesse
3599 1147 3697 1200 illi.

2113 1238 2164 1294 ls
2189 1247 2370 1295 autem
2399 1257 2523 1296 cum
2567 1239 2899 1295 decrevisset
2939 1251 2996 1295 ut
3062 1240 3136 1294 illi
3179 1239 3441 1293 ﬂuctuum
3481 1238 3700 1308 pericu-

2113 1332 2224 1386 lum
2254 1331 2514 1394 facerent,
2545 1341 2599 1387 et
2626 1332 2840 1386 adversi
2872 1331 3040 1396 venti,
3072 1331 3165 1400 qui
3191 1330 3370 1384 nullus
3404 1329 3617 1392 luisset,
3651 1328 3699 1384 si

2112 1442 2235 1481 cum
2265 1424 2396 1479 Iesu
2423 1423 2676 1487 fuissent,
2708 1423 2969 1491 imposuit
2998 1423 3106 1477 illis
3143 1423 3524 1477 necessitatem
3564 1437 3699 1477 con-

2111 1517 2404 1574 scendendi
2431 1516 2635 1580 navim,
2675 1524 2964 1584 postquam
3002 1529 3032 1568 a
3077 1527 3135 1567 se
3163 1511 3396 1568 fuissent
3439 1512 3696 1582 separati.

2111 1604 2268 1674 COgit
2295 1603 2460 1672 igitur
2486 1601 2746 1658 Servator
2779 1602 3080 1672 discipulos
3119 1602 3491 1657 conscendere
3522 1609 3701 1658 tenta-

2112 1695 2319 1750 tionum
2357 1695 2654 1764 navigium,
2681 1704 2735 1750 et
2764 1696 3068 1765 praecedere
3099 1709 3157 1748 se
3189 1695 3241 1748 in
3284 1693 3596 1748 ulteriorem
3625 1695 3700 1747 ri-

2111 1803 2258 1857 pam,
2299 1796 2352 1842 et
2374 1803 2468 1858 per
2489 1804 2678 1843 earum
2715 1788 3022 1852 victoriam,
3052 1787 3191 1842 ultra
3220 1785 3540 1841 aﬂlictiones
3569 1799 3701 1840 con-

2110 1881 2323 1936 sistere.
2339 1880 2415 1936 Illi
2437 1890 2618 1937 autem
2638 1896 2761 1936 cum
2791 1881 2857 1936 ad
2877 1882 3116 1937 medium
3142 1881 3330 1946 maris,
3358 1890 3411 1935 ct
3432 1879 3699 1936 ﬂuctuum

2109 1975 2202 2044 qui
2222 1975 2273 2029 in
2295 1974 2682 2028 tentationibus
2704 1983 2850 2040 sunt,
2871 1973 3268 2043 pervenissent,
3285 1971 3700 2042 prohibentibus

2109 2065 2352 2121 adversis
2387 2065 2560 2121 ventis
2587 2079 2655 2119 ne
2685 2073 2834 2118 trans
2856 2065 3032 2119 lacum
3065 2064 3222 2130 irent,
3243 2079 3349 2118 non
3383 2073 3699 2134 potuerunt,

2110 2155 2317 2225 absque
2345 2153 2472 2210 Jesu
2516 2154 2896 2219 colluctantes,
2948 2155 3166 2210 vincere
3194 2155 3414 2222 ﬂuctus,
3466 2165 3520 2211 et
3566 2172 3699 2212 ven-

2111 2255 2224 2301 tum
2258 2247 2581 2312 adversum,
2627 2257 2681 2300 et
2728 2246 2793 2301 ad
2825 2246 3138 2301 ulteriorem
3168 2247 3342 2316 ripam
3389 2248 3696 2316 pervenire.

2109 2338 2402 2408 Pmpterea
2433 2339 2718 2394 misertum
2754 2353 2944 2393 eorum
2978 2336 3239 2401 Verbum,
3269 2338 3363 2406 qui
3391 2338 3574 2393 omnia
3599 2354 3699 2407 pro

2111 2428 2321 2483 viribus
2371 2426 2634 2494 facerent,
2677 2436 2737 2482 ut
2779 2428 2844 2482 ad
2887 2427 3040 2482 littus
3093 2428 3406 2499 oppositum
3446 2429 3700 2498 perveni-

2110 2529 2264 2587 rent,
2320 2520 2388 2575 ad
2443 2536 2540 2576 eos
2591 2521 2740 2575 venit
2794 2521 3084 2576 ambulans
3139 2535 3303 2591 super
3338 2521 3705 2590 mare,quod.

2089 2611 2308 2666 ﬂuctus
2341 2626 2447 2665 non
2479 2612 2730 2678 habebat,
2763 2627 2863 2667 nec
2893 2621 3112 2666 ventum
3141 2613 3188 2666 ei
3217 2611 3497 2666 adversari
3521 2611 3700 2665 valen-

2089 2715 2254 2771 tem,
2287 2705 2500 2760 etiamsi
2533 2705 2812 2761 voluisset.
2857 2704 2965 2761 Nec
3003 2706 3146 2760 enim
3184 2705 3448 2775 scriptum
3497 2713 3584 2759 est
3608 2704 3694 2759 ‘°:

2118 2816 2136 2851 ‹
2174 2797 2332 2852 Venit
2363 2798 2429 2852 ad
2455 2812 2548 2852 eos
2579 2798 2869 2852 ambulans
2910 2813 3075 2867 super
3109 2797 3328 2860 ﬂuctus,
3362 2813 3381 2847 ›
3421 2795 3516 2850 sed
3557 2813 3576 2845 ι
3605 2811 3700 2850 su-

2106 2905 2205 2960 per
2236 2905 2432 2960 aquas,
2464 2909 2483 2942 ›
2521 2890 2982 2961 quemadmodum
3010 2889 3206 2944 Petrus
3233 2889 3348 2959 qui,
3380 2904 3504 2942 cum
3539 2888 3697 2941 initio

2107 2981 2337 3037 dixisset
2378 2981 2426 3045 ei
2469 2979 2630 3036 Jesus
2656 2981 2694 3012 ¹¹
2736 2999 2748 3034 :
2799 2999 2817 3032 ι
2860 2978 3030 3045 Veni;
3064 2981 3400 3035 descendens
3439 2979 3505 3033 de
3541 2980 3696 3033 navi-

2109 3075 2264 3140 cula,
2298 3074 2640 3140 ambulabat,
2674 3092 2692 3126 ι
2737 3088 2846 3127 non
2879 3088 3042 3143 super
3086 3073 3304 3138 ﬂuctus,
3353 3073 3445 3127 sed
3480 3090 3497 3123 ι
3533 3087 3700 3140 super

2108 3181 2299 3237 aquas,
2336 3185 2354 3218 ι
2384 3175 2445 3220 ut
2469 3166 2538 3220 ad
2575 3164 2760 3220 Jesum
2811 3165 2950 3232 iret;
2993 3173 3280 3235 postquam
3321 3173 3502 3220 autem
3538 3163 3697 3217 dubi-

2112 3257 2264 3323 tavit,
2290 3257 2426 3311 vidit
2452 3257 2686 3312 validum
2711 3273 2835 3312 esse
2857 3265 3101 3324 ventum,
3125 3257 3219 3327 qui
3247 3257 3459 3312 validus
3488 3257 3559 3310 illi
3585 3271 3695 3309 non
3765 3284 3767 3286 -

2109 3358 2226 3403 erat
2255 3348 2349 3418 qui
2401 3349 2653 3419 exiguam
2690 3349 2851 3404 [idem
2899 3359 2953 3403 et
2993 3349 3388 3403 dubitationem
3428 3349 3698 3418 deposue-

2109 3451 2211 3496 rat.
2257 3439 2322 3496 Et
2364 3441 2694 3512 simulatque
2737 3457 2862 3496 cum
2907 3441 3065 3497 Petro
3120 3441 3393 3512 navigium
3429 3456 3694 3497 conscen-

2106 3534 2184 3589 dit
2239 3532 2428 3601 Jesus,
2491 3535 2702 3590 remisit
2747 3543 2971 3601 ventus,
3019 3535 3155 3589 nihil
3210 3536 3444 3605 amplius
3484 3536 3538 3590 in
3596 3549 3694 3590 na-

410 3636 536 3678 vem
596 3641 756 3696 agere
815 3627 1033 3694 valens,
1079 3637 1368 3700 postquam
1425 3644 1548 3685 eam
1596 3628 1991 3684 conscenderat
2019 3625 2198 3684 Jesus.

489 3765 598 3818 Καὶ
635 3766 756 3820 τότε
795 3769 844 3821 οἱ
880 3769 1138 3841 μαθηταὶ,
1173 3789 1193 3823 ‹
1231 3772 1684 3846 διαπεράσαντες,
1727 3767 1887 3844 ἦλθον
1916 3773 1996 3836 εἰς

411 3853 513 3927 τὴν
545 3858 646 3929 γῆν
668 3859 976 3933 Γενησαρέτ
1002 3862 1137 3936 (85),
1170 3882 1189 3918 ι
1219 3857 1287 3936 ἧς
1315 3865 1410 3937 τὴν
1433 3865 1729 3936 ἑρμηνείαν
1756 3866 1804 3918 εί
1831 3864 1997 3934 ἐγνω-

488 3973 532 4006 ²⁶
570 3972 760 4030 Matth.
798 3992 910 4042 le,
939 3976 1028 4032 25.
1143 3978 1182 4009 ⁸⁸
1212 3978 1344 4033 ibid.
1376 3979 1468 4034 29.
1552 3982 1594 4011 "
1626 3979 1757 4034 ibid.
1791 3980 1881 4036 54.

410 4091 600 4172 aito},
639 4108 658 4142 ι
686 4091 836 4176 παρὰ
860 4091 940 4163 τῷ
990 4093 1202 4166 Μάρκῳ
1253 4095 1670 4176 γεγραμμένον,
1733 4095 1886 4177 παρά
1921 4095 1993 4178 .τρ

407 4161 658 4242 ἀπλως,.‹
683 4179 809 4242 τους
839 4163 1109 4242 μαθητάς.
1145 4163 1420 4242 :_Omnn_to
1445 4165 1728 4242 E-rasruum
1759 4167 1895 4242 fugit
1920 4166 1995 4242 tbi

412 4231 587 4295 ratio;
614 4231 896 4307 legendum
936 4231 1085 4307 enim,
1112 4253 1125 4288 :
1159 4235 1464 4307 ὡρισμένον
1495 4235 1676 4289 πλεῖόν
1705 4254 1759 4290 τι
1799 4231 1997 4307 ἐμφαί-

413 4300 776 4376 νοντος-.-νιιιι
810 4303 967 4376 enim,
998 4300 1260 4375 Origenes
1298 4300 1533 4375 amplius
1573 4300 1852 4376 quidpiam
1886 4300 1996 4361 vlta-

411 4370 542 4426 bere
587 4369 828 4448 marcum
877 4375 972 4443 qui
1031 4369 1286 4448 scripsit,
1334 4369 1463 4448 τοῖος
1497 4369 1743 4448 μαθητὰς
1791 4376 1992 4448 αὑτοῦ,

410 4458 576 4518 quam
626 4441 938 4499 Matthaeum
993 4448 1107 4516 qui,
1147 4441 1284 4509 ’τοὺς
1317 4441 1598 4518 μαθητάς,
1631 4441 1991 4518 ἐἰιιιιιιίοἰιθτ.

2175 3770 2227 3825 6.
2273 3771 2335 3826 Ει
2363 3782 2494 3826 tunc
2521 3771 2774 3842 discipuli
2807 3791 2824 3826 ο
2855 3787 2981 3828 cum
3016 3772 3480 3839 transfretassent,
3522 3788 3692 3828 vene-

2105 3872 2233 3919 runt
2261 3865 2316 3919 in
2341 3872 2540 3919 terram
2562 3864 2892 3920 Genesareth
2916 3866 2980 3932 ",
3004 3866 3162 3936 cujus
3188 3865 3693 3936 interpretationem

2174 4095 2284 4164 (85)
2314 4099 2417 4166 Εἰς
2439 4097 2553 4168 τὴν
2572 4096 2690 4168 γῆν
2703 4094 3070 4168 Γενησζιρὲτ,
3093 4089 3188 4164 ἧς,
3205 4103 3307 4148 etc.
3325 4094 3684 4168 {_‘awqcrapér,

2104 4164 2403 4240 Γεννησὰρ,
2429 4164 2748 4240 censeam
2792 4177 2845 4221 et
2891 4167 3204 4240 Gennesar,
3251 4164 3398 4240 regio
3441 4164 3495 4220 et
3535 4164 3688 4240 lacus

2104 4235 2313 4304 regioni
2339 4235 2570 4293 vicinus.
2608 4236 2764 4293 Nulla
2790 4245 2971 4292 exstat
3009 4235 3161 4292 vocis
3189 4235 3353 4304 hujus
3389 4237 3596 4304 mentio
3627 4239 3684 4293 in

2104 4303 2315 4364 Veteris
2341 4307 2676 4363 Testamenti
2705 4307 2973 4379 Hebraico
3000 4303 3318 4379 contextu;
3338 4306 3391 4360 in
3415 4303 3557 4379 Novi
3580 4306 3686 4379 Sy-

2101 4379 2251 4433 riaca
2290 4379 2530 4434 editione
2569 4379 2649 4434 sic
2705 4377 2965 4434 scribitur
2995 4384 3192 4438 noua:
3233 4376 3392 4446 cujus
3424 4376 3685 4446 dictionis

2103 4447 2370 4530 originem
2411 4447 2622 4530 referre
2675 4451 2915 4530 spissum
2952 4445 3370 4530 estnnegotiuin.
3420 4445 3686 4530 Hierony-

411 4511 522 4568 Nec
551 4511 1153 4600 quemquam'movere
1183 4511 1343 4600 delia}
1374 4511 1696 4599 vocabulum
1719 4557 1732 4581 ,
1759 4511 1989 4600 ἄρθρου,
2026 4517 2070 4574 D
2101 4511 2246 4600 mus,
2278 4519 2372 4575 lib.
2399 4518 2481 4600 D_e_
2505 4536 2646 4573 nom.
2684 4511 2936 4600 Hebraic.
2957 4535 2976 4573 :
3004 4537 3022 4568 ‹
3042 4511 3306 4600 Genesar,
3331 4511 3684 4600 ortus,_prin-

409 4583 590 4657 quasi,
625 4584 725 4657 τό,
776 4585 848 4639 sit
890 4586 1126 4657 ἄρθρον,
1171 4586 1337 4641 αὐτοῦ
1374 4603 1484 4642 non
1526 4588 1635 4655 sit;
1686 4583 1812 4642 non"
1843 4583 1989 4644 enim

410 4654 598 4708 stricte
629 4653 832 4726 ἄρθρον
856 4653 1274 4728 _su'tnpsit,'sed
1319 4658 1498 4713 laxius
1544 4653 1792 4728 paulum,
1839 4667 1894 4713 et
1921 4658 1990 4713 ad

410 4738 585 4794 usque
618 4725 942 4799 pronomina
980 4725 1432 4798 signiticationen'i
1481 4725 1654 4799 ipsius
1704 4731 1987 4784 extendit:

408 4809 664 4868 magnam
694 4797 913 4868 quippe,
932 4797 1055 4852 esse
1083 4814 1384 4868 pronomen
1413 4797 1556 4854 inter
1597 4808 1652 4855 et
1695 4800 1987 4854 articulum

407 4862 725 4938 aﬂliiitateni
767 4862 1053 4938 perhibent
1083 4862 1474 4938 'grammatici,
1529 4871 1589 4924 ut
1637 4870 1840 4925 mirum
1879 4885 1988 4925 non

411 4935 486 4989 sit
519 4935 817 5006 utrumque
865 4937 1068 5010 ἄρθρον
1093 4935 1372 5009 appellari.
1405 4940 1664 4997 Hunnus.

483 5026 598 5096 (80)
641 5027 799 5103 Τάχα
831 5023 946 5103 οὖν
969 5029 1070 5083 ἵνα
1114 5029 1212 5084 καὶ
1252 5029 1329 5101 τῇ
1363 5031 1528 5098 λέξει
1573 5030 1986 5103 παραστῶμεν.

414 5093 675 5171 Erasmus
711 5093 822 5154 vult
852 5100 1044 5154 horum
1071 5116 1196 5171 cum
1225 5093 1666 5171 praecedentibus
1686 5093 1991 5159 unam'esse

409 5169 644 5240 seriem,
706 5171 1015 5240 vertitque:
1063 5189 1082 5222 ι
1116 5169 1388 5228 Fortassis
1420 5182 1480 5228 ut
1529 5174 1692 5228 etiam
1735 5174 1991 5228 dictionis

413 5239 575 5294 modo
606 5239 1106 5313 immoraremur.)
1138 5241 1208 5296 At
1233 5258 1297 5298 ea
1339 5243 1610 5313 pertinere
1640 5245 1897 5299 existimo
1922 5244 1990 5298 ad

410 5311 714 5384 sequentia,
745 5319 800 5365 et
845 5319 972 5366 ante
1007 5312 1170 5384 τάχα,
1215 5311 1595 5370 ascrihendam
1623 5315 1834 5368 τελείαν
1879 5331 1991 5368 στι-

409 5381 578 5452 γμήν,
604 5396 712 5437 non
752 5391 882 5461 post
915 5381 1306 5456 παραστῶμεν.
1334 5384 1412 5439 In.

481 5474 694 5559 (⁷81)-οι
718 5475 1140 5559 ιεὲνμᾳθηταὶ,
1180 5476 1708 5559 δυσαποσίξάστως
1746 5478 1990 5559 ἔχοντες

408 5546 516 5599 τοῦ
569 5546 793 5615 Ἰησοῦ.
834 5546 935 5602 Adi
980 5546 1404 5621 Hieronymum,
1451 5546 1905 5621 Chrysostomum
1937 5557 1991 5605 et

408 5613 782 5672 Euthvmium.

887 5689 1192 5770 d_11étpo_¢.
1227 5687 1321 5745 Hae
1350 5689 1768 5770 voces‘deerant
1788 5691 1842 5746 in
1872 5690 1989 5747 edi-

411 5767 558 5881 llton_e
585 5756 940 5839 ‘Huetii,’sed
987 5756 1305 5831 supplentur
1342 5777 1388 5817 ρο
1438 5760 1595 5818 codd.
1633 5763 1898 5820 Vaticano
1936 5771 1991 5817 et

459 5843 728 5883 .irtmano.

2098 4589 2324 4713 ciﬁium.
2354 4609 2372 4642 ι
2424 4589 2483 4644 id
2527 4591 2781 4645 emendat
2825 4589 3021 4643 Santes
3056 4587 3365 4658 Pagninus,
3407 4598 3461 4642 et
3513 4589 3679 4658 legit:

2100 4677 2117 4710 ι
2197 4668 2351 4713 ortus
2389 4661 2721 4713 nrincinum.
2749 4680 2766 4712 ι
2801 4669 2963 4713 ειν-πω
2998 4667 3068 4713 7:.
3113 4658 3502 4713 Interpretatur
3552 4676 3679 4713 υνδε·

2100 4677 2117 4710 ‹
2148 4658 2351 4716 Hortus
2389 4661 2721 4731 principum,
2749 4680 2766 4712 ι
2801 4669 2963 4719 ειν-πω
2998 4667 3068 4741 μ.
3113 4658 3502 4728 Interpretatur
3552 4676 3684 4727 prae.

2097 4761 2241 4807 terea
2265 4751 2583 4825 Pagninus:
2612 4772 2630 4804 ‹
2658 4753 2930 4809 Protectio
2963 4751 3246 4824 principis,
3276 4771 3294 4804 ›
3326 4767 3356 4805 a
3401 4760 3478 4840 ’ρει
3517 4771 3534 4803 ε
3564 4768 3682 4822 p20-

2096 4846 2244 4900 texit.
2270 4865 2288 4897 ι
2315 4845 2419 4901 Sed
2445 4846 2732 4916 legendum
2755 4845 2978 4900 omnino
3004 4844 3058 4896 in
3083 4841 3445 4916 Hieronymo:
3469 4842 3681 4916 (Ortus

2094 4917 2400 4986 principum
2424 4933 2440 4982 ;
2461 4936 2480 4969 ι
2503 4914 2817 4987 Hesychius
2836 4933 2849 4968 :
2868 4914 3228 4986 Γεννησαρὲτ,
3265 4915 3460 4986 πατρὶς
3482 4915 3680 4987 ἀρχόν-

2093 5025 2222 5075 των,
2257 5024 2288 5063 a
2319 5009 2574 5065 Chaldaeo
2611 5020 2706 5070 DJJ
2749 5017 2803 5062 et
2840 5016 3020 5068 Ε’Ἶω.
3059 5005 3316 5062 Derivant
3345 5009 3437 5062 alii
3484 5025 3513 5062 a
3547 5018 3678 5068 ’κη

2091 5109 2221 5162 -πιτι,
2255 5101 2400 5169 quod
2437 5100 2861 5170 interpretantur
2888 5117 2907 5151 ι
2931 5099 3090 5155 vallis
3121 5098 3348 5155 ﬂorida:
3380 5119 3398 5151 ι
3436 5101 3675 5160 mallem.

2099 5187 2117 5219 ι
2147 5170 2305 5224 vallis
2344 5171 2577 5224 consita.
2604 5189 2623 5222 ›
2651 5180 2758 5224 ‘11::
2791 5171 2992 5224 uuinne
3032 5171 3312 5224 surculum
3369 5170 3676 5224 sianiﬁcat:

2099 5187 2117 5219 ι
2147 5171 2305 5225 vallis
2344 5171 2577 5230 consita.
2604 5189 2623 5222 ›
2651 5180 2758 5229 ἽἙὲ
2791 5171 2992 5241 quippe
3032 5171 3312 5226 surculum
3369 5171 3676 5241 signiﬁcat:

2095 5239 2330 5297 feracem
2380 5242 2525 5312 enim
2575 5256 2698 5312 esse
2742 5243 3016 5312 regionem
3065 5242 3205 5295 hanc
3238 5241 3313 5312 _ad
3360 5240 3676 5312 prodigium

2097 5311 2637 5383 usqueitestiiicatur
2656 5309 2950 5383 Josephus,
2986 5311 3080 5383 lib.
3116 5327 3178 5364 ιιι
3221 5310 3295 5364 Ite
3318 5310 3471 5383 _bell.
3495 5309 3675 5383 _Jud..

2094 5379 2215 5452 cap.
2248 5382 2338 5448 18,
2371 5392 2425 5438 et
2449 5380 2673 5452 Iosephi
2707 5379 3002 5452 perpetuus
3040 5381 3283 5452 imitator
3315 5379 3676 5452 Hegesippus,

2093 5450 2190 5507 lib'.
2234 5468 2294 5508 nt
2350 5452 2543 5508 Excid.
2582 5450 2880 5516 Hiefosol.,
2923 5467 3043 5523 cap.
3085 5451 3175 5505 26.
3210 5452 3254 5503 A
3291 5461 3435 5510 Ira:
3469 5450 3675 5507 factum

2092 5545 2402 5616 coniectant
2437 5546 2661 5616 quidam
2691 5555 2849 5607 non:
2871 5588 2886 5610 ,
2920 5553 3132 5616 mutato
3156 5560 3185 5598 a
3217 5544 3487 5616 Chaldaeis
3522 5544 3674 5616 Caph

2093 5618 2148 5686 in
2200 5615 2397 5677 Gimel.
2456 5615 2505 5670 et
2566 5618 2776 5672 inserto
2829 5615 3102 5670 Samech:
3139 5615 3284 5686 quod
3334 5630 3523 5673 verum
3557 5615 3670 5686 est.

2094 5685 2281 5757 Itaque
2312 5687 2516 5757 passim
2556 5688 2610 5742 in
2649 5686 2826 5743 Veteri
2851 5685 3203 5742 Testamento
3237 5687 3510 5757 regionem
3537 5685 3673 5742 Cin-

2096 5755 2283 5830 nereth
2311 5755 2342 5812 a
2367 5757 2640 5830 Chaldaeis
2689 5757 3062 5830 paraphrastis
3090 5755 3350 5830 Genesar
3377 5767 3432 5812 et
3458 5755 3673 5814 Genna-

2099 5828 2285 5885 Sareth
2328 5828 2652 5900 appellatam
2695 5828 3050 5884 nanciscaris.
3086 5829 3142 5883 ln
3178 5844 3240 5883 ea
3277 5838 3454 5883 autem
3490 5830 3674 5898 appel-
