4094 6290
460 343 565 399 θιο

1949 346 2271 409 ORIGENIS

3622 350 3734 407 930

460 457 630 532 484
670 461 720 518 si
767 462 1062 529 sciremus,
1105 465 1173 519 ab
1208 465 1301 520 illa
1334 465 1653 536 juvaremur
1700 468 2044 539 aliquatenus

2150 486 2269 541 μεν,
2303 470 2397 523 καὶ
2442 470 2538 524 ἀπ’
2573 467 2743 540 αὐτῆς
2790 466 3051 539 ὠνάμεθα
3087 467 3152 522 ἄν
3200 485 3251 520 τι
3300 468 3434 540 πρὸς
3479 469 3578 541 τὴν
3621 471 3733 523 τῶν

462 553 534 610 ad
561 569 775 620 eorum,
801 557 868 613 de
885 556 1083 627 quibus
1102 559 1337 629 agimus,
1361 562 1775 633 expositionem.
1802 563 2043 619 Observa

461 653 668 721 autem,
700 647 1141 718 quandoquidem
1175 651 1348 708 ﬁdelis
1375 662 1461 709 est
1501 653 1666 721 Deus,
1709 670 1817 713 non
1857 656 2043 713 sinens

460 736 660 792 tentari
695 736 884 794 turbas
919 754 1084 810 supra
1119 742 1172 797 id
1204 743 1349 815 quod
1392 758 1642 815 possunt,
1677 762 1783 817 qua
1833 748 2045 803 ratione

463 824 633 883 Filius
650 828 744 884 Dei
763 830 1063 902 discipulos
1089 837 1328 906 coegerit
1355 838 1631 909 navigium
1654 841 2042 909 conscendere,

462 926 522 973 ut
551 918 644 990 qui
680 918 934 979 fortiores
953 934 1162 991 essent,
1182 928 1533 1000 valentesque
1561 930 1629 986 ad
1666 932 1906 987 medium
1929 947 2044 988 ma-

459 1011 539 1067 ris
565 1014 885 1082 pervenire,
927 1024 983 1072 et
1026 1017 1304 1076 sustinere
1354 1020 1620 1077 ﬂuctuum
1658 1023 2041 1094 jactationem,

457 1103 633 1160 donec
667 1104 815 1177 digni
847 1109 1148 1166 evasissent
1189 1111 1376 1169 divino
1421 1115 1653 1183 auxilio,
1686 1124 1741 1171 et
1776 1117 2044 1173 vidissent

457 1195 670 1265 Jesum,
699 1199 1091 1273 audissentque
1123 1221 1249 1261 eum
1284 1216 1576 1278 postquam
1610 1209 1965 1273 ascendisset,
1989 1217 2044 1265 et

458 1288 727 1359 trajicere,
768 1300 824 1346 et
863 1293 918 1347 in
961 1303 1160 1350 terram
1200 1296 1531 1354 Genesareth
1572 1300 1874 1369 pervenire.
1924 1319 1943 1352 ι
1979 1300 2045 1355 Et

457 1378 704 1436 dimissis
747 1383 926 1440 turbis
950 1384 1015 1449 ¹³,
1053 1404 1071 1437 ι
1118 1403 1240 1457 quae
1277 1397 1462 1458 utpote
1495 1388 1914 1455 imbecilliores,
1946 1406 2045 1444 na-

458 1466 610 1539 vigii,
638 1476 694 1524 et
723 1469 1010 1537 ﬂuctuum,
1054 1484 1111 1530 et
1141 1476 1286 1531 venti
1332 1478 1546 1533 adversi
1589 1479 1891 1548 periculum
1933 1495 2040 1534 non

458 1557 724 1628 fecerant,
757 1580 778 1615 ι
807 1567 1053 1620 ascendit
1074 1567 1128 1621 in
1156 1578 1394 1625 montem
1422 1570 1572 1626 solus
1597 1586 1755 1627 orare
1786 1573 1849 1624 ιι.
1885 1591 1903 1623 ι
1931 1570 2043 1627 Pro

459 1666 572 1719 quo
602 1660 784 1709 autem
822 1657 1018 1712 orare?
1051 1674 1121 1713 an
1156 1658 1387 1718 fortasse
1428 1677 1527 1731 pro
1558 1665 1751 1731 turbis,
1792 1672 1852 1719 ut
1892 1673 2042 1734 post-

444 1759 629 1813 .quam
671 1745 916 1804 dimissae
962 1760 1091 1806 sunt
1139 1767 1264 1807 cum
1316 1755 1548 1820 panibus
1607 1756 2040 1821 benedictionis,

2146 560 2522 633 προκειμένων
2551 559 2821 631 διήγησιν.
2856 559 3172 633 Παρατήρει
3211 559 3288 625 δὲ,
3323 561 3447 615 ἐπεὶ
3482 560 3675 623 πιστὸς
3703 563 3733 613 6

2145 649 2298 715 Θεὸς,
2322 650 2422 703 οὐκ
2463 647 2567 702 ἐῶν
2600 647 2964 720 πειρασθῆναι
2996 650 3121 711 τοὺς
3149 648 3338 719 ὄχλους
3377 649 3517 721 ὑπὲρ
3540 644 3615 706 ὧν
3641 649 3732 703 δύ-

2146 757 2354 803 νανται,
2380 740 2500 793 τίνα
2521 738 2722 810 τρόπον
2749 741 2779 792 6
2806 739 2933 802 Υἱὸς
2961 738 3056 792 τοῦ
3086 737 3221 792 Θεοῦ
3252 742 3377 803 τοὺς
3410 739 3509 810 μὲν
3550 738 3730 811 μαθη-

2144 834 2247 898 τάς
2274 832 2587 903 ἠνάγκασεν
2614 830 2851 902 ἐμϐῆναι
2880 833 2960 894 είς
2999 830 3060 884 τὸ
3100 830 3302 899 πλοῖον,
3334 831 3411 894 ὡς
3447 831 3727 902 ἰσχυροτέ-

2151 937 2298 993 ρους,
2344 920 2438 973 καὶ
2477 919 2806 990 δυναμένους
2848 921 2941 972 ἐπὶ
2978 920 3039 973 τὸ
3092 919 3256 992 μέσον
3302 921 3401 992 τῆς
3450 920 3735 992 θαλάσσης

2148 1009 2371 1081 φθάσαι,
2402 1009 2496 1063 καὶ
2526 1009 2815 1080 ὑπομεῖναι
2841 1007 2939 1080 τὴν
2971 1007 3082 1063 ἀπὸ
3108 1008 3217 1065 τῶν
3250 1008 3509 1081 κυμάτων
3555 1009 3728 1080 βάσασ

2146 1119 2268 1168 νον,
2310 1101 2416 1166 ἕως
2461 1100 2600 1166 ἄξιοι
2639 1101 2742 1172 τῆς
2789 1100 2940 1165 θείας
2987 1101 3238 1174 βοηθείας
3289 1103 3582 1171 γένωνται,
3634 1104 3731 1156 καὶ

2148 1194 2297 1248 ἴδωσι
2325 1194 2416 1249 τὸν
2463 1192 2691 1265 Ἰησοῦν,
2721 1194 2815 1247 καὶ
2843 1193 3150 1248 ἀκούσωσιν
3196 1194 3495 1260 ἀναϐάντος
3540 1195 3727 1260 αὑτοῦ,

2146 1284 2497 1359 διαπερᾶσαι,
2520 1286 2614 1339 καὶ
2642 1284 2816 1339 ἐλθεῖν
2837 1287 2916 1349 είς
2938 1284 3037 1357 τὴν
3059 1286 3164 1356 γῆν
3186 1286 3493 1358 Γενησαρέτ
3510 1303 3523 1317 ·
3555 1306 3574 1338 ι
3603 1287 3731 1351 τοὺς

2146 1377 2204 1432 δέ
2235 1378 2424 1448 ὄχλους
2460 1378 2756 1443 ἀπολύσας,
2788 1397 2807 1430 ι
2833 1379 2895 1432 οὐ
2923 1377 3185 1443 λαϐόντας
3212 1382 3428 1452 πεῖραν,
3457 1379 3534 1443 ὡς
3566 1379 3727 1433 ἀσθε-

2147 1469 2452 1542 νεστέρους,
2508 1470 2694 1524 πλοίου
2743 1469 2839 1528 καὶ
2884 1471 3142 1542 κυμάτων
3181 1470 3277 1524 καὶ
3319 1471 3728 1543 ἐναντιουμένου

2148 1562 2371 1635 ἀνέμου,
2409 1582 2427 1613 ‹
2485 1562 2652 1634 ἀνέϐη
2698 1564 2778 1627 εἰς
2812 1562 2874 1616 τὸ
2921 1562 3048 1634 ὅρος
3085 1562 3205 1616 κατ’
3242 1562 3379 1618 ίδίαν
3422 1564 3730 1636 προσεύξα-

2151 1652 2294 1709 σθαι.
2333 1671 2351 1701 ι
2382 1650 2516 1723 Περὶ
2538 1650 2682 1714 τίνος
2704 1650 2762 1704 δὲ
2786 1651 3218 1724 προσεύξασθαις
3244 1653 3278 1724 ἢ
3302 1653 3442 1724 τάχα
3466 1655 3598 1726 περὶ
3630 1656 3728 1726 μὲν

2149 1741 2257 1796 τῶν
2289 1741 2482 1813 ὄχλων,
2517 1741 2625 1805 ἴνα,
2650 1740 3010 1805 ἀπολυθέντες
3036 1741 3175 1812 μετά
3206 1742 3332 1806 τοὺς
3358 1743 3458 1814 τῆς
3483 1742 3732 1812 εὐλογίας

460 1835 601 1891 nihil
631 1840 970 1898 contrarium
1006 1841 1210 1899 faciant
1245 1846 1554 1903 dimissioni
1587 1864 1618 1902 a
1646 1847 1801 1906 Jesu?
1833 1865 1932 1919 pro
1956 1850 2044 1904 di-

2149 1836 2365 1908 ἀρτους,
2407 1833 2572 1906 μηδὲν
2602 1833 2844 1888 ἐναντίον
2871 1836 2937 1904 τῇ
2974 1834 3081 1888 ἀπὸ
3112 1833 3206 1887 τοῦ
3253 1833 3428 1906 Ἰησοῦ
3471 1834 3731 1889 ἀπολύσει

461 1927 689 1998 scipulis
713 1946 863 1999 vero,
892 1942 973 2003 ut,
1003 1950 1032 1989 a
1062 1950 1121 1991 se
1149 1938 1323 1992 coacti
1354 1939 1629 2011 navigium
1655 1942 2042 2007 conscendere,

459 2029 517 2072 et
548 2034 608 2075 se
633 2021 689 2076 in
717 2023 1036 2081 ulteriorem
1075 2027 1248 2098 ripam
1289 2031 1616 2099 prarcedere,
1661 2031 1794 2087 nihil
1822 2032 1877 2087 in
1906 2034 2046 2088 mari

442 2113 758 2181 patiantur,
804 2131 906 2173 nec
951 2133 981 2172 a
1017 2122 1293 2178 contrario
1338 2125 1543 2179 vento?
1585 2124 1667 2180 Ac
1697 2140 1797 2196 ego
1825 2127 2046 2196 quidem

458 2206 795 2262 conﬁdenter
824 2208 1078 2275 dixerim,
1108 2222 1326 2283 propter
1358 2213 1488 2270 Jesu
1516 2231 1706 2285 preces
1729 2217 1796 2272 ad
1827 2215 2044 2275 Patrem

462 2312 564 2363 pro
596 2298 902 2369 discipulis,
938 2303 1075 2357 nihil
1106 2304 1228 2359 illos
1277 2321 1469 2374 passos
1513 2322 1657 2373 esse,
1685 2316 1741 2362 et
1781 2308 1942 2372 mari,
1992 2318 2048 2367 et

457 2390 754 2456 ﬂuctibus,
803 2404 858 2449 et
906 2397 1182 2452 contrario
1219 2408 1383 2455 vento
1429 2399 1560 2469 ipsis
1605 2400 2043 2459 adversantibus.

462 2481 796 2551 Simpliciori
843 2485 1065 2555 quidem
1113 2486 1346 2544 sufﬁciat
1407 2488 1524 2543 haec
1565 2490 1901 2553 explicatio:
1944 2506 2046 2548 nos

460 2580 643 2628 autem
673 2574 720 2630 si
743 2577 964 2646 quando
989 2578 1045 2633 in
1077 2580 1442 2635 tentatiouum
1475 2580 1931 2651 periclitationem
1964 2583 2047 2638 in-

461 2663 746 2734 cidamus,
782 2669 1197 2725 meminerimus
1238 2670 1424 2726 Jesum
1462 2673 1708 2743 coegisse
1761 2689 1863 2730 nos
1915 2690 2047 2730 con-

462 2757 725 2814 sceudere
762 2759 981 2816 illarum
1016 2762 1293 2832 navigium
1318 2804 1334 2830 ,
1380 2762 1648 2818 volentem
1696 2779 1798 2819 nos
1842 2780 2044 2834 przece-

463 2848 592 2903 dere
618 2864 739 2905 sese
761 2849 817 2905 in
848 2850 1164 2907 ulteriorem
1197 2853 1394 2924 ripam.
1415 2852 1528 2910 Nec
1554 2857 1702 2912 enim
1728 2856 1843 2911 ﬁeri
1871 2865 2048 2927 potest

461 2947 527 2994 ut
551 2940 647 3010 qui
678 2942 1010 2999 tentationes
1048 2944 1313 3000 ﬂuctuum
1360 2957 1414 3002 et
1456 2948 1605 3003 venti
1637 2949 1897 3004 contrarii
1935 2964 2044 3003 non

464 3030 849 3097 sustinuerint,
879 3033 947 3088 ad
975 3034 1292 3091 ulteriorem
1318 3035 1490 3106 ripam
1514 3038 1852 3107 perveniant.
1887 3038 2048 3093 Dein-

2138 1922 2431 1996 ,πράξωση
2461 1924 2591 1996 περὶ
2613 1924 2671 1978 δὲ
2702 1922 2811 1978 τῶν
2843 1923 3118 1995 μαθητῶν,
3147 1924 3257 1991 ἵνα,
3290 1925 3731 1994 ἀναγκασθέντες

2148 2017 2238 2071 ὑπ’
2273 2014 2438 2070 αὐτοῦ
2464 2016 2696 2088 ἐμϐῆναι
2720 2019 2799 2081 είς
2825 2016 2887 2069 τὸ
2918 2015 3120 2079 πλοῖον,
3144 2017 3238 2070 καὶ
3272 2018 3535 2089 προάγειν
3568 2019 3731 2072 αὐτὸν

2147 2110 2227 2172 εἰς
2258 2107 2319 2160 τὸ
2353 2106 2544 2178 πέραν,
2586 2106 2750 2178 μηδὲν
2791 2107 3034 2161 πάθωσιν
3077 2108 3135 2159 ἐν
3181 2109 3249 2178 τῇ
3297 2106 3557 2182 θαλάττῃ,
3605 2107 3738 2180 μηδ’

2149 2200 2252 2253 ὑπὸ
2274 2198 2365 2252 τοῦ
2394 2198 2637 2253 ἐναντίου
2669 2199 2868 2268 ἀνέμου
2898 2214 2911 2261 ;
2945 2198 3053 2250 Καὶ
3085 2196 3367 2271 θαρρήσας
3394 2197 3605 2268 εἴποιμι
3638 2197 3729 2262 ἂν,

2146 2291 2228 2344 ὅτι
2254 2291 2343 2346 διὰ
2374 2290 2471 2363 τὴν
2502 2289 2598 2344 τοῦ
2638 2288 2812 2359 Ἰησοῦ
2841 2289 2975 2360 πρὸς
3004 2288 3223 2361 Πατέρα
3251 2289 3381 2361 περὶ
3407 2287 3515 2343 τῶν
3547 2288 3723 2361 μαθηυ

2145 2380 2253 2433 τῶν
2279 2380 2467 2452 εὐχὴν,
2488 2378 2639 2433 οὐδὲν
2657 2377 2993 2432 πεπόνθασιν
3015 2369 3181 2443 οὗτοι,
3215 2377 3489 2449 θαλάσσης
3520 2378 3613 2433 καί⁸
3640 2396 3737 2433 κν·

2150 2496 2335 2567 μάτων
2360 2496 2456 2550 καὶ
2485 2494 2728 2550 ἐναντίου
2772 2493 2973 2566 ἀνέμου
3002 2493 3184 2557 αὐτοῖς
3223 2493 3723 2566 ἀντιπρασσόντων.

2160 2589 2218 2642 '0
2252 2589 2349 2660 μὲν
2377 2585 2472 2642 οὖν
2501 2587 2868 2659 ἁπλούστερος
2889 2586 3164 2659 ἀρκείσθω
3199 2588 3265 2658 τῇ
3298 2585 3510 2659 ἱστορίᾳ
3529 2603 3543 2617 ο
3571 2588 3732 2658 ἡμεῖς

2146 2682 2224 2745 δέ,
2247 2681 2300 2737 εἴ
2323 2698 2456 2737 ποτε
2487 2682 2698 2752 ἀνάγκη
2733 2679 3054 2751 πειρασμῶν
3083 2680 3511 2752 περιπίπτομεν,
3534 2681 3720 2751 ἀναμι-

2151 2771 2541 2845 μνῃσκώμεθα,
2570 2773 2653 2826 ὅτι
2685 2772 2992 2843 ἠνάγκασεν
3024 2773 3171 2843 ἡμᾶς
3191 2775 3221 2826 6
3259 2772 3467 2844 Ἰησοῦς
3498 2773 3732 2845 ἐμϐῆναι

2148 2868 2227 2929 είς
2258 2866 2319 2919 τὸ
2350 2865 2530 2920 πλοῖον
2566 2865 2767 2929 αὐτῶν,
2811 2864 3131 2936 βουλόμενος
3162 2866 3309 2935 ἡμᾶς
3355 2866 3617 2937 προάγειν
3649 2867 3730 2930 εἰς

2147 2957 2208 3013 τὸ
2253 2956 2444 3029 πέραν.
2478 2956 2554 3013 Οὐ
2601 2957 2708 3027 γὰρ
2753 2956 2978 3017 δυνατὸν
3023 2956 3096 3027 μὴ
3129 2956 3469 3027 πειρασμοὺς
3503 2957 3722 3025 ὑπομειο

2151 3064 2348 3111 ναντας
2385 3047 2644 3118 κυμάτων
2673 3046 2766 3101 καὶ
2796 3046 2998 3117 ἀνέμου
3033 3045 3296 3110 ἐναντίου,
3332 3047 3414 3108 εἰς
3440 3043 3503 3097 τὸ
3553 3044 3726 3115 πέραν

463 3122 535 3177 de
558 3137 684 3177 cum
719 3123 1017 3181 viderimus
1042 3141 1143 3182 nos
1167 3127 1512 3182 multitudine
1541 3143 1725 3183 rerum
1747 3127 2044 3185 diﬂicilium

467 3213 847 3239 n:nn--M-cnn:n:
901 3224 944 3239 ,ιι
981 3217 1325 3239 ---ριξΑ--ει,...
1355 3218 1660 3239 ι-ι.---,--.--
1691 3236 1740 3239 Α--
1787 3220 1946 3239 ,ις-μ-.
1970 3229 2010 3239 ι-

2150 3141 2374 3212 φθάσαι.
2409 3136 2524 3194 Εἶτ’
2553 3139 2770 3196 ἐπειδὰν
2806 3139 2999 3211 ἴδωμεν
3030 3137 3201 3191 πολλὰ
3231 3137 3300 3190 τὰ
3328 3135 3724 3239 περιεστηκότα

463 3213 872 3282 circumveniri,
897 3224 951 3270 et
980 3217 1326 3272 mediocriter
1353 3218 1663 3274 laborantes
1684 3236 1748 3274 ea
1781 3220 2045 3291 aliquate-

2154 3230 2304 3300 ἡμᾶς
2338 3230 2659 3302 πράγματα,
2682 3227 2778 3283 καὶ
2798 3226 3029 3298 χαλεπὰ,
3053 3226 3146 3279 καὶ
3167 3226 3462 3294 κάμνοντες
3492 3223 3725 3296 μετρίως

464 3318 574 3360 nus
603 3307 1004 3364 tranaverimus
1024 3351 1041 3376 ,
1069 3309 1371 3380 cogitemus
1405 3311 1681 3381 navigium
1714 3320 1961 3367 nostrum
1991 3313 2047 3367 in

465 3396 649 3452 medio
684 3398 819 3453 mari
849 3414 993 3466 esse,
1028 3410 1159 3457 tunc
1184 3402 1449 3472 jactatum
1477 3418 1506 3456 a
1541 3401 1820 3467 ﬂuctibus,
1853 3404 2045 3458 volen-

463 3488 616 3544 tibus
648 3504 751 3545 nos
779 3490 926 3547 circa
961 3491 1119 3548 ﬁdem
1146 3502 1241 3549 aut
1264 3494 1502 3565 aliquam
1533 3510 1563 3549 e
1587 3495 1880 3552 virtutibus
1909 3511 2046 3550 nau-

465 3576 701 3650 fragium
729 3579 929 3637 facere.
966 3584 1072 3638 Sed
1106 3592 1395 3655 postquam
1423 3585 1677 3655 spiritum
1720 3586 1851 3640 mali
1889 3586 2044 3642 vide-

465 3669 642 3726 rimus
662 3672 826 3729 rebus
844 3675 1048 3732 nostris
1061 3677 1462 3742 adversantem,
1495 3683 1630 3734 tunc
1650 3677 1810 3734 nobis
1827 3686 2049 3733 contra-

464 3760 611 3817 rium
633 3777 757 3820 esse
781 3775 1003 3822 ventum
1034 3767 1089 3823 in
1116 3769 1363 3825 animum
1386 3771 1730 3827 inducamus.
1747 3767 1854 3825 Ubi
1880 3770 2048 3841 igitur

465 3853 521 3909 id
549 3857 913 3925 perpetientes
941 3861 1284 3931 exegerimus
1319 3869 1428 3918 tres
1461 3862 1675 3933 vigilias
1706 3861 1902 3933 noctis,
1943 3862 2049 3917 hoc

464 3956 571 4010 est.
598 3949 970 4019 tenebrarum,
995 3968 1117 4023 qua
1139 3961 1270 4009 sunt
1307 3954 1361 4008 in
1390 3955 1802 4018 tentationibus,
1832 3969 1933 4024 pro
1966 3953 2049 4009 vi-

466 4036 623 4094 ribus
654 4042 868 4112 egregie
895 4042 1258 4113 decertantes,
1291 4057 1655 4118 caventesque
1687 4063 1718 4102 a
1754 4045 2044 4116 naufragio

465 4128 613 4184 circa
632 4128 789 4187 ﬁdem
820 4141 916 4189 aut
941 4134 1178 4206 aliquam
1212 4152 1244 4193 e
1272 4138 1596 4206 virtutibus;
1641 4138 1871 4208 primam
1904 4137 2045 4209 vigi-

468 4219 600 4277 liam
633 4219 800 4294 485
826 4225 1090 4283 adversus
1130 4237 1341 4298 patrem
1378 4231 1723 4285 tenebrarum
1765 4238 1819 4285 et
1846 4228 2048 4300 iniqui-

468 4314 933 4380 tatis,secundam
965 4318 1230 4379 adversus
1255 4319 1427 4376 ﬁlium
1452 4321 1594 4392 ejus,
1627 4340 1645 4373 ι
1667 4320 1763 4390 qui
1794 4321 2049 4377 adversa-

551 4427 595 4460 ⁸³
614 4426 808 4483 Matth.
841 4444 956 4494 xw,
984 4432 1075 4487 25.
1153 4432 1199 4465 ⁸⁵
1226 4430 1362 4488 ibid.

2154 3320 2294 3375 αὐτά
2338 3322 2431 3374 ἐπὶ
2471 3320 2635 3374 ποσὸν
2680 3315 3088 3388 διανηξώμεθα,
3131 3314 3495 3387 λογιζώμεθα,
3539 3318 3621 3370 ὅτι
3665 3317 3728 3368 τδ

2154 3409 2335 3464 πλοῖον
2371 3410 2528 3482 ήμῶν
2559 3410 2722 3482 μέσον
2753 3409 2870 3464 ἐστὶ
2893 3409 2991 3479 τῆς
3021 3408 3314 3479 θαλάσσης,
3348 3409 3469 3461 τότε
3505 3408 3730 3478 βασανι-

2153 3502 2377 3573 ζόμενον
2405 3503 2508 3556 ὑπὸ
2559 3503 2667 3556 τῶν
2699 3503 2980 3573 κυμάτων,
3027 3501 3362 3572 βουλομένων
3402 3502 3548 3572 ἡμᾶς
3598 3519 3730 3555 ναυ-

2150 3592 2352 3663 αγῆσαι
2370 3593 2500 3665 περ)⁴
2521 3593 2620 3665 τὴν
2646 3592 2848 3655 πίστιν,
2867 3593 2900 3663 ἦ
2930 3610 3053 3646 τινα
3076 3591 3184 3646 τῶν
3200 3591 3430 3665 ἀρετῶν
3449 3591 3562 3646 ἀλλ’
3588 3592 3728 3647 ἐπὰν

2150 3684 2211 3738 τὸ
2235 3684 2451 3756 πνεῦμα
2475 3684 2569 3739 τοῦ
2611 3682 2849 3755 πονηροῦ
2890 3683 3157 3754 βλέπομεν
3185 3683 3547 3754 ἀντιπρᾶττον
3572 3682 3731 3753 ἡμῶν

2148 3780 2262 3840 τοῖς
2291 3777 2633 3849 πράγμασιν,
2666 3776 3029 3847 ἐννοήσωμεν,
3064 3775 3147 3827 ὅτι
3176 3773 3298 3826 τότε
3328 3775 3459 3845 ἡμῖν
3491 3773 3729 3837 ἐναντίος

2148 3868 2297 3921 ἐστὶν
2340 3870 2369 3922 6
2417 3867 2636 3939 ἄνεμος.
2688 3866 2855 3921 Ἐπάν
2898 3859 2991 3919 οὖν
3019 3863 3193 3919 ταῦτα
3239 3864 3541 3936 πάσχοντες
3584 3867 3730 3935 τρεῖς

2152 3955 2398 4026 φυλακὰς
2419 3958 2517 4027 τῆς
2547 3956 2760 4020 νυκτὸς,
2787 3954 2880 4009 τοῦ
2906 3955 2964 4007 ὲν
2992 3956 3109 4018 τοῖς
3129 3957 3451 4026 πειρασμοῖς
3482 3955 3728 4019 σκότους,

2151 4048 2510 4119 διανύσωμεν,
2552 4046 2695 4102 κατά
2736 4046 2799 4100 τὸ
2839 4044 3062 4101 δυνατὸν
3111 4045 3499 4116 ἀγωνιζόμενοι
3526 4045 3729 4110 καλῶς,

2152 4139 2246 4193 καὶ
2286 4137 2578 4210 τηροῦντες
2615 4136 2839 4200 ἑαυτοὺς
2881 4135 3018 4207 πρὸς
3057 4134 3121 4188 τὸ
3152 4136 3227 4206 μὴ
3267 4135 3572 4205 ναυαγῆσαι
3601 4136 3730 4205 περὶ

2151 4230 2250 4301 τὴν
2280 4230 2460 4283 πίστιν
2496 4230 2529 4301 ἡ
2556 4245 2677 4282 τινα
2707 4227 2815 4281 τῶν
2837 4225 3064 4298 ἀρετῶν·
3090 4226 3314 4298 πρώτην
3342 4226 3606 4297 φυλακὴν,
3638 4226 3729 4280 τὸν

2156 4321 2366 4392 πατέρα
2391 4320 2481 4375 τοῦ
2516 4321 2740 4382 σκότους
2769 4317 2880 4390 (84)
2909 4319 3002 4372 καὶ
3033 4318 3132 4387 τῆς
3160 4316 3378 4383 κακίας,
3414 4317 3509 4372 καὶ
3547 4316 3729 4372 δευτέ-

468 4544 677 4617 iatione
701 4543 1026 4617 placuerunt
1067 4544 1194 4613 sibi,
1229 4546 1375 4615 quod
1403 4562 1522 4612 sua,
1554 4555 1614 4603 ut
1644 4547 1782 4612 dixi,
1811 4546 2046 4605 dialeeto
2079 4552 2123 4608 D
2152 4544 2660 4617 patrem_peccati,g
2687 4544 2860 4617 ipsius
2901 4543 3093 4617 ﬁlium,
3129 4550 3185 4617 et
3227 4539 3478 4617 spiritum
3517 4542 3728 4617 malum

470 4614 846 4687 signiﬁcaret:
892 4633 911 4667 ‹
955 4614 1146 4687 Ortum
1191 4614 1547 4686 principum;
1601 4637 1620 4669 ι
1664 4630 1720 4673 et
1775 4634 1842 4677 ex
1901 4620 2045 4675 tribu

470 4684 784 4758 Nephthali,
813 4701 936 4756 qua}
963 4686 1037 4758 ibi
1062 4684 1167 4741 sila
1193 4684 1312 4758 est,
1329 4684 1480 4742 mille
1508 4688 1783 4758 principes
1817 4689 2047 4757 profecti

454 4754 734 4828 invident
782 4754 1190 4822 convenissent,
1224 4754 1247 4809 ι
1282 4755 1408 4812 Par.
1437 4754 1536 4821 ιη’,
1568 4757 1657 4813 δι.
1684 4754 1870 4828 Longe
1917 4774 2048 4814 vero

472 4826 816 4901 ineptissima
847 4828 1445 4901 estgsive_etymologia,
1476 4829 1591 4901 sive
1626 4826 1843 4894 allusio,
1877 4844 2047 4896 quam

474 4898 598 4972 loco
623 4895 842 4972 laudato
870 4899 1027 4956 aﬂ‘ert
1070 4895 1440 4972 Hegesippus:
1484 4918 1503 4951 ι
1534 4898 1820 4972 Genesar,
1846 4895 2044 4970 inquit,

464 4966 677 5042 dicitur
700 4964 890 5042 Graeco
917 4964 1203 5042 vocabulo,
1238 4964 1398 5042 quasi
1428 4985 1695 5042 generatis
1720 4964 1825 5042 sibi
1853 4964 2045 5042 auram

472 5053 617 5112 aqua
645 5034 844 5112 dulcis,
873 5047 928 5112 et
963 5041 1030 5094 ad
1057 5034 1355 5112 potandum
1379 5034 1598 5096 habilis.
1649 5059 1669 5094 ι
1708 5039 1849 5112 Cum
1876 5041 2043 5112 igitur

473 5105 626 5181 vocis
660 5105 1079 5181 hujusobscura
1106 5111 1620 5181 sitgorigo,minime
1646 5111 1845 5181 mirum
1873 5105 2042 5165 insci-

473 5179 606 5235 tiam
638 5192 797 5235 suam
825 5179 913 5234 hic
946 5189 1132 5252 aperte
1145 5178 1454 5252 AOrigenem
1486 5181 1750 5252 proﬁteri.
1780 5178 2044 5252 Hierony-

472 5266 599 5308 mus
623 5257 892 5322 vero__tam
916 5248 1105 5322 stricte
1132 5248 1351 5322 Origéni
1377 5248 1635 5316 adhaeret,
1658 5260 1717 5305 ut
1740 5251 1857 5319 ipsa
1881 5248 2044 5322 etiam

471 5321 638 5376 verba
666 5319 868 5390 quibus
912 5319 1276 5392 ignorantiam
1325 5337 1479 5378 suam
1518 5322 1609 5376 hic
1651 5328 1916 5386 testatur,
1956 5319 2048 5392 ille

471 5389 979 5461 repraesentaverit';
1005 5392 1085 5447 sic
1116 5393 1259 5446 enim
1284 5394 1474 5448 habet:
1507 5391 1595 5446 «Si
1630 5393 1896 5447 sciremus
1916 5389 2048 5458 quid

474 5461 530 5515 in
563 5470 750 5517 nostra
781 5463 968 5529 lingua
999 5471 1284 5519 resonaret
1322 5463 1678 5528 Genesaretb,
1712 5461 2045 5529 intelligere-

460 5545 600 5604 auius
645 5532 921 5604 quomodo
976 5532 1139 5589 Jesus
1174 5549 1270 5604 per
1310 5542 1498 5603 typum
1557 5533 1970 5604 apostolorum,
1994 5539 2048 5584 et

474 5600 993 5666 navis,’Ecclesiam
1019 5605 1088 5660 de
1120 5600 1502 5673 persecutione
1521 5613 1574 5659 et
1593 5600 1884 5673 naufragio
1917 5600 2053 5655 libe-

478 5677 655 5744 ratam
684 5676 1006 5732 transducat
1036 5675 1104 5730 ad
1118 5675 1308 5744 ilittus,
1327 5684 1381 5729 et
1409 5674 1860 5744 tranquillissime
1889 5679 2053 5744 portu

473 5738 1032 5811 {adigircquiescerm
1067 5765 1086 5797 ι
1116 5743 1381 5799 Hunnus.

2151 4611 2351 4688 opponi
2377 4611 2491 4672 Deo
2517 4614 2686 4677 Patri,
2710 4611 2854 4669 Filio
2878 4623 2933 4669 et
2956 4613 3178 4683 Spiritui
3202 4611 3410 4667 sancto.
3437 4611 3723 4683 Origenes,

2151 4689 2204 4738 in
2244 4687 2556 4738 Matthazum
2609 4702 2721 4738 κνι.
2752 4684 2817 4738 21
2849 4703 2861 4737 :
2909 4685 3059 4738 Ἵνα.
3107 4681 3409 4738 ῥυσάμενος
3445 4681 3723 4738 (Χριστὸς)

2149 4681 2205 4743 in
2226 4681 2556 4743 'Matthaeum
2609 4702 2722 4750 XVI,
2752 4684 2817 4738 21
2849 4681 3059 4764 ευἼναα,
3107 4681 3409 4770 ῥυσάμενος
3445 4681 3723 4763 (Χριστὸς)

2150 4757 2260 4828 ἀπὸ
2289 4755 2384 4811 τοῦ
2405 4755 2663 4828 πονηροῦ,
2693 4756 2913 4828 καὶτοῦΔ
2937 4755 3054 4807 υίου
3085 4753 3347 4828 αὑτουκέν
3367 4768 3412 4819 ῳ
3442 4750 3731 4828 τρᾼψευδος

2148 4823 2238 4940 ἦρ,
2262 4829 2358 4882 καὶ
2380 4830 2413 4900 ὴ
2440 4820 2750 4888 ἀδικίαζκαὶ
2780 4826 2808 4878 6
2830 4824 3084 4895 πόλεμος,
3103 4823 3198 4876 καὶ
3224 4823 3401 4877 πάντα
3427 4820 3496 4876 τὰ
3512 4822 3731 4876 ἐναντία

2150 4916 2179 4940 η
2204 4917 2232 4940 ρ
2265 4902 2411 4940 ἐστιν
2440 4898 2468 4940 ὁ
2496 4895 2749 4940 Xanthe-
2776 4894 2857 4940 ἔτι
2888 4894 2947 4940 δὲ
2986 4892 3081 4940 τοῦ
3119 4890 3729 4940 ιιετασντιιιατιζοιιένου

2150 4890 2234 4964 οἷς
2265 4890 2413 4971 ἐστιν
2440 4895 2762 4971 ὁδριῌστδς,
2776 4894 2947 4971 ἔτιδὲ
2967 4890 3081 4947 ’τοῦ
3118 4890 3729 4971 μετασχηματιζομένου

2150 4963 2232 5034 εἰς
2283 4969 2437 5038 ἆγιον
2481 4963 2979 5038 ΠνεῦμιιιηβεὸῄλουΔ
3011 4963 3319 5038 πνεόματος
3343 4963 3732 5038 ,περιποιήσει

2148 5031 2263 5112 τοῖς
2283 5031 2525 5112 ῥὺσθεϊσι
2557 5031 3259 5112 βλαᾶῖτίξεσθαι-τδ-πνεβμα,
3281 5032 3377 5112 για),
3394 5031 3727 5112 Ξὴὲ.ψὶ)χὴν;

2150 5049 2263 5104 τοῖς
2283 5049 2525 5112 ρυσθεῐσι
2557 5049 2912 5106 βατπιςεσυαι
2934 5049 2996 5087 το
3022 5050 3259 5104 πνευμα,
3281 5049 3377 5086 και
3394 5049 3499 5154 ΡΨ
3524 5049 3727 5112 {Dx-qv,

2150 5111 2246 5164 καὶ
2273 5108 2335 5161 τὸ
2352 5108 2532 5176 σῶμα,
2552 5108 2628 5176 εἰς
2653 5105 2826 5176 ὄνομα
2849 5103 2944 5159 τοῦ
2967 5105 3201 5176 Πατρός,
3222 5104 3314 5158 καὶ
3328 5119 3441 5176 του.
3503 5104 3605 5163 ίου,
3631 5103 3730 5176 καὶ

2148 5179 2242 5232 τοῦ
2265 5177 2421 5246 ἁγίου
2437 5172 2951 5246 Πνεῦματος“.ῐ)οιϊο
2971 5172 3246 5246 diabolum
3271 5172 3731 5246 appellatrra'cépa

2151 5249 2247 5302 τοῦ
2279 5242 2524 5309 σκότους.
2578 5242 2670 5314 Sic
2702 5244 2937 5309 Paulus,
2978 5244 3181 5314 Ephes.
3212 5259 3305 5314 vt,
3335 5242 3590 5314 12.30%
3616 5242 3730 5314 jo-

2155 5319 2548 5390 σμοκράιτοραιςΔ
2577 5313 2690 5390 τοῦΔ
2720 5315 2943 5390 σκότους
2981 5310 3076 5368 τοῦ
3126 5313 3319 5378 αίῶνος
3348 5311 3572 5390 [τούτου.
3605 5310 3731 5390 Qri-

2154 5382 2338 5460 genes,
2380 5382 2572 5463 homil.
2607 5385 2733 5463 8__in
2774 5385 2970 5463 Exod"
3010 5400 3130 5454 cap.
3163 5401 3265 5463 35.x:
3289 5401 3317 5463 ,ε
3348 5383 3419 5438 Ut
3463 5382 3727 5463 quoniam

2154 5453 2358 5528 patres,
2395 5456 2451 5512 id
2493 5464 2596 5521 est,
2621 5456 2873 5528 diabolus
2932 5463 2988 5510 et
3036 5453 3212 5524 angeli
3253 5453 3396 5523 ejus,
3436 5453 3730 5528 cretcrique

2193 5529 2428 5598 rincipes
2484 5526 2689 5598 mundi
2719 5526 2883 5598 hujus
2904 5565 2927 5598 _,
2976 5535 3032 5579 et
3090 5523 3326 5579 rcctores
3377 5523 3727 5598 tenebrarum

2193 5544 2428 5598 rmcnpes
2484 5544 2674 5582 multa!
2719 5544 2927 5594 nujus,
2976 5544 3032 5579 el.
3090 5544 3326 5579 I'ecwres
3378 5544 3727 5578 tenemurqu

2153 5544 2373 5679 Rarum,
2398 5598 2446 5679 ei
2470 5596 2571 5666 ipsi
2607 5597 2754 5678 enim
2780 5596 3090 5677 eﬂiciuntur
3117 5604 3301 5679 patres
3320 5592 3552 5679 peccaii,
3588 5595 3730 5679 sicut

2154 5677 2210 5725 et
2240 5668 2525 5734 diabolus;
2560 5668 2820 5737 quoniam
2843 5705 2856 5727 .
2890 5668 3113 5734 inquam
3135 5705 3151 5730 ,
3185 5672 3371 5734 patres
3409 5668 3522 5724 isti,
3553 5680 3572 5714 ι
3616 5670 3724 5716 etc.

2152 5739 2265 5795 Καὶ
2293 5737 2405 5806 τῆς
2432 5736 2665 5803 κακίας,
2689 5748 2794 5806 etc.
2818 5735 3148 5806 Mattb._xui,
3171 5732 3276 5806 38;
3304 5731 3462 5806 Joan.
3486 5747 3603 5795 vm,
3630 5731 3726 5806 «id;

552 5803 672 5879 (84)
716 5802 828 5869 Τὸν
877 5813 1098 5888 πατέρα
1141 5813 1248 5869 τοῦ
1282 5812 1573 5879 σκότους,
1613 5820 1719 5867 etc.
1774 5810 1909 5867 Nola
1965 5811 2045 5868 hic

2156 5802 2422 5875 Actaxni,
2453 5806 2539 5875 10,
2559 5802 2666 5862 οιι
2705 5805 2859 5861 Joan.
2894 5820 2978 5873 ιιι,
3010 5804 3064 5875 8,
3095 5805 3150 5872 9,
3190 5804 3274 5859 ιο.
3309 5802 3594 5875 Origenes,
3635 5802 3726 5857 ho-
