4094 6290
494 448 499 452 .
538 394 647 450 9'23

2015 388 2341 446 ORIGENIS

3713 396 3820 453 926

542 514 748 573 queute
795 514 847 563 et
900 507 1146 563 dicente:
1192 526 1211 560 ι
1246 506 1507 571 Domine,
1553 509 1760 564 salvmn
1808 525 1893 565 me
1941 506 2061 572 fac,
2098 525 2116 559 3

2224 503 2406 576 αὐτῷ·
2442 522 2461 557 ι
2498 503 2693 577 Κύριε,
2733 505 2908 561 σῶσόν
2940 524 3009 579 με
3031 523 3045 538 ’
3075 525 3092 560 3
3132 502 3231 562 εἶτ’
3256 508 3458 575 εὐθέως
3488 510 3569 564 ἔτι
3600 509 3824 563 λαλοῦν-

541 600 793 653 extendet
845 613 1068 652 manum
1108 596 1366 665 Verbum,
1413 599 1677 655 auxilium
1726 599 1993 670 ejusmodi
2030 599 2130 653 ho-

543 685 677 742 mini
712 688 981 757 praebens,
1004 705 1240 759 eumque
1261 688 1428 762 486
1448 691 1672 760 jamjam
1699 691 1865 761 mergi
1888 699 2126 761 emptum

541 778 932 848 apprehendet,
961 788 1016 834 et
1042 781 1296 853 exiguam
1329 784 1405 837 illi
1436 784 1595 839 ﬁdem
1626 798 1691 838 ac
1731 782 2125 839 dubitationem

536 871 914 937 exprobrabit.
971 871 1363 929 Verumtamen
1406 876 1632 931 ol‘serva
1663 892 1772 929 non
1818 875 2023 931 dixisse
2061 877 2128 931 il-

539 959 651 1014 lum
679 961 722 993 *⁸
750 979 764 1016 :
800 981 820 1014 ι
854 964 1157 1030 lncredule,
1190 984 1209 1018 3
1243 966 1359 1031 sed,
1403 985 1421 1016 ι
1458 967 1685 1022 modica:
1729 967 1849 1022 ﬁdei
1880 987 1899 1019 3
1938 967 2040 1029 vir,
2072 974 2129 1022 et

541 1053 747 1106 dictum
779 1070 899 1108 esse
929 1073 941 1109 :
978 1076 997 1107 ι
1032 1055 1175 1122 Quid
1197 1058 1499 1112 dubitasti?
1528 1079 1547 1109 3
1577 1068 1759 1128 utpote
1783 1060 1876 1129 qui
1906 1059 2128 1115 haberet

540 1145 760 1213 quidem
791 1148 1040 1202 nonnihil
1066 1148 1214 1216 ﬁdei,
1234 1157 1479 1220 vergeret
1508 1160 1689 1205 autem
1715 1155 1768 1207 in
1792 1152 2125 1208 contrariam

540 1245 775 1307 partem.

614 1326 666 1383 τ.
702 1326 895 1383 Postea
929 1338 1109 1385 autem
1141 1340 1195 1386 et
1226 1331 1385 1388 Iesus
1417 1344 1470 1389 et
1507 1333 1703 1390 Petrus
1747 1349 1941 1390 navem
1987 1349 2124 1390 con-

539 1418 825 1483 scendent,
853 1430 908 1475 et
938 1430 1136 1477 ventus
1174 1425 1413 1480 cessabit
1438 1443 1452 1480 :
1481 1445 1500 1477 ι
1532 1425 1634 1492 Qui
1668 1435 1848 1481 autem
1886 1426 1939 1480 in
1973 1424 2125 1503 navi-

536 1511 660 1564 cula
701 1520 864 1566 erunt
887 1512 951 1578 ιο,
986 1532 1004 1563 3
1041 1514 1405 1587 intelligentes
1451 1532 1482 1571 a
1527 1517 1727 1587 quibus
1773 1517 1883 1572 sint
1926 1517 2121 1572 servati

539 1600 819 1667 periculis,
854 1619 874 1653 ι
908 1603 1216 1659 adorabunt
1259 1605 1522 1667 dicentes,
1556 1627 1574 1659 3
1610 1623 1717 1662 non
1761 1608 2120 1677 simpliciter:

436 1726 439 1729 .
543 1705 562 1737 ε
599 1687 770 1743 Filius
803 1687 893 1743 Dei
920 1705 1003 1755 es,
1037 1710 1056 1742 3
1084 1694 1541 1760 quemadmodum
1564 1705 1618 1750 et
1641 1697 1750 1752 duo
1778 1697 2119 1765 dasmoniaci,

501 1788 505 1792 '
538 1780 634 1834 sel
662 1796 675 1833 :
704 1798 723 1832 ι
759 1778 897 1836 Vere
921 1781 1093 1839 Filius
1118 1782 1210 1839 Dei
1244 1800 1304 1841 es
1327 1786 1393 1854 ¹⁰;
1432 1807 1451 1840 3
1482 1788 1624 1856 quod
1650 1789 1839 1844 dicunt
1868 1789 2120 1861 discipuli

2226 611 2319 659 τος
2342 595 2441 648 τοῦ
2471 595 2714 650 τοιούτου
2736 597 2970 670 Πέτρου,
2998 600 3095 652 καὶ
3120 598 3369 668 λέγοντος
3387 618 3402 632 ο
3435 620 3454 653 ι
3487 599 3681 673 Κύριε,
3713 602 3820 655 σώ-

2229 685 2320 738 σόν
2372 702 2460 756 με,
2500 704 2519 738 3
2571 687 2783 739 ἐκτενεϊ
2816 686 2915 758 τὴν
2965 690 3126 760 χεῖρα
3163 691 3193 743 6
3243 691 3435 759 Λόγος,
3482 691 3693 763 ὀρέγων
3741 691 3822 763 τῷ

2225 775 2453 847 τοιούτῳ
2496 776 2770 849 βοήθειαν,
2804 779 2899 832 καὶ
2941 780 3264 853 ἐπιλήψεται
3299 782 3465 837 αὐτοῦ
3511 784 3818 855 ἀρξαμένου

2227 870 2737 935 καταποντίζεσθαι,
2764 871 2859 924 καὶ
2894 872 3143 925 ὀνειδίσει
3178 872 3328 944 αὐτῷ
3354 873 3446 927 ἐπὶ
3477 877 3543 947 τῇ
3571 874 3818 944 ὀλιγοπι-

2227 959 2352 1033 στίᾳ
2386 962 2480 1015 καὶ
2518 961 2596 1034 τῷ
2623 961 2931 1034 δισταγμῷ.
2982 964 3131 1036 Πλὴν
3160 965 3337 1038 τήρει,
3382 967 3466 1020 ὅτι
3507 967 3608 1021 οὐκ
3640 961 3816 1034 εἶπεν,

2232 1069 2253 1104 ι
2301 1053 2519 1117 ἄπιστε,
2562 1073 2580 1106 3
2620 1054 2777 1119 ἀλλὰ,
2810 1074 2828 1106 ι
2865 1055 3199 1124 ὀλιγόπιστε,
3238 1077 3257 1109 3
3297 1057 3392 1111 καὶ
3425 1059 3508 1112 δτι
3537 1058 3816 1114 λέλεκται’

2231 1161 2250 1195 ι
2284 1144 2378 1207 Εἰς
2402 1144 2454 1197 τί
2488 1144 2815 1213 ἐδίστασαςς
2859 1165 2878 1198 3
2908 1146 3047 1219 ἔχων
3078 1147 3178 1219 μέν
3206 1164 3260 1202 τι
3289 1149 3393 1220 τῆς
3420 1149 3675 1216 πίστεως,
3703 1151 3822 1207 κλί-

2224 1252 2332 1288 νων
2356 1234 2414 1289 δὲ
2435 1235 2531 1291 καὶ
2561 1236 2698 1308 πρὸς
2726 1237 2787 1290 τὸ
2816 1238 3059 1293 ἐναντίον
3089 1239 3250 1312 αὐτῇ.

2295 1326 2406 1380 Καὶ
2450 1326 2544 1381 ἐπὶ
2574 1327 2786 1392 τούτοις
2821 1344 2887 1397 γε
2934 1330 3031 1383 καὶ
3068 1332 3098 1384 6
3137 1328 3368 1401 Ἰησοῦς,
3409 1329 3507 1384 καὶ
3544 1330 3575 1383 6
3613 1329 3819 1403 Πέτρος

2225 1417 2558 1490 ἀναϐήσεται
2609 1420 2691 1482 εἰς
2741 1418 2803 1471 τὸ
2845 1417 3050 1485 πλοῖον,
3105 1419 3201 1473 καὶ
3241 1418 3479 1473 κοπάσει
3521 1419 3553 1471 6
3579 1420 3814 1491 ἄνεμος·

2231 1529 2249 1561 ι
2282 1510 2394 1563 Καὶ
2413 1511 2462 1564 οί
2488 1511 2547 1564 ἐν
2569 1509 2650 1580 τῷ
2672 1510 2841 1581 πλοίῳ
2863 1529 2881 1562 3
2905 1511 3257 1581 ἐννοήσαντες
3285 1512 3380 1581 ἀφ’
3409 1512 3536 1565 οἴων
3557 1511 3818 1584 διεσώθη-

2227 1618 2324 1655 σαν
2380 1600 2660 1668 κινδύνων,
2707 1620 2726 1653 ι
2777 1602 3218 1674 προσκυνήσουσι
3271 1602 3522 1672 λέγοντες
3548 1643 3564 1669 ,
3638 1622 3657 1657 3
3720 1606 3816 1675 οὐχ

2226 1692 2435 1756 ἁπλῶς,
2476 1713 2496 1745 ‹
2535 1693 2673 1747 Θεοῦ
2703 1693 2833 1757 Υἱὸς
2859 1689 2930 1757 εῐ,
2968 1713 2986 1745 3
3018 1694 3094 1759 ώς
3122 1694 3216 1747 καὶ
3249 1696 3300 1747 οἱ
3320 1692 3413 1747 δύο
3447 1694 3819 1768 δαιμονιζόμε·

2224 1800 2328 1846 νοι,
2357 1781 2494 1848 ἀλλ’,
2522 1800 2541 1834 ι
2582 1781 2822 1854 Ἀληθῶς
2842 1780 2975 1835 Θεοῦ
3002 1781 3131 1845 Υίδς
3159 1777 3228 1834 εἴ·
3264 1801 3283 1834 3
3309 1783 3448 1853 ὅπερ
3482 1780 3736 1850 λέγουσιν
3767 1784 3816 1835 οἱ

537 1869 632 1936 qui
662 1880 791 1924 sunt
823 1871 877 1925 in
911 1873 1033 1926 navi
1059 1891 1074 1940 ;
1107 1888 1206 1928 nec
1236 1876 1379 1930 enim
1404 1877 1541 1932 alios
1564 1877 1863 1949 discipulos
1885 1879 2119 1935 arbitror

2225 1875 2283 1929 ἐν
2325 1872 2402 1944 τῷ
2432 1872 2602 1945 πλοίῳ
2648 1849 2923 1946 μαθηταί·
2956 1872 3017 1927 ού
3047 1871 3155 1944 γάρ
3186 1871 3378 1936 ἄλλους
3409 1849 3519 1926 τῶν
3561 1872 3817 1945 μαθητῶν

536 1960 590 2012 ίιί
617 1957 842 2015 dixisse.
877 1960 1168 2033 Postquam
1213 1974 1393 2022 autem
1446 1968 1501 2022 in
1555 1969 1815 2025 omnibus
1847 1971 1915 2026 iis
1959 1970 2128 2027 fueri-

538 2066 662 2129 mus
688 2052 908 2117 versati,
944 2053 1185 2124 trajectis
1220 2057 1287 2113 iis
1312 2061 1377 2112 ad
1404 2067 1604 2113 terram
1628 2061 1987 2131 appellemus,
2017 2078 2127 2134 quo

531 2143 842 2211 praecedere
890 2159 951 2201 se
990 2146 1221 2216 jusserit
1286 2165 1386 2205 nos
1437 2148 1620 2206 Jesus.
1686 2151 1944 2209 Fortasse
1996 2170 2128 2210 vero

532 2236 776 2305 aperitur
805 2226 1065 2293 arcanum
1106 2239 1326 2310 aliquod
1378 2252 1432 2297 et
1481 2242 1759 2298 occultum
1808 2245 2126 2316 mysterium

530 2329 600 2381 de
631 2330 910 2384 nonnullis
932 2332 1024 2402 qui
1050 2347 1080 2387 a
1104 2331 1233 2388 Jesu
1264 2334 1465 2390 servati
1494 2344 1645 2399 sunt,
1673 2351 1772 2406 per
1796 2352 1860 2392 ea
1888 2338 1930 2369 ²¹
1961 2356 1973 2391 :
2011 2356 2030 2389 ι
2062 2336 2128 2393 Et

530 2436 656 2473 rum
690 2424 1079 2492 cognovissent
1106 2440 1230 2479 eum
1256 2425 1358 2479 viri
1391 2425 1495 2481 loci
1520 2426 1689 2492 illius,
1713 2447 1732 2480 3
1754 2442 1949 2498 nempe
1979 2428 2127 2485 illius

532 2512 630 2580 qui
664 2523 748 2568 est
779 2514 833 2569 in
864 2516 1121 2571 ulteriore
1163 2517 1302 2586 ripa,
1336 2536 1356 2570 ‹
1389 2518 1660 2574 miserunt
1706 2519 1761 2574 in
1812 2521 2126 2576 universam

531 2605 818 2661 ﬁnitimam
842 2609 1118 2679 regionem
1146 2609 1315 2678 illam,
1342 2628 1362 2662 3
1383 2610 1669 2666 ﬁnitimam
1691 2596 1823 2682 ripa-3
1853 2612 2124 2669 ulteriori.

532 2713 641 2752 non
671 2697 722 2751 in
753 2698 867 2768 ipsa
900 2700 1330 2771 ulterioreripa,
1355 2703 1450 2756 sed
1489 2703 1635 2757 circa
1685 2703 1854 2771 illam,
1886 2723 1905 2755 ι
1933 2712 1989 2759 et
2023 2705 2125 2761 ob-

530 2789 775 2844 tulerunt
798 2790 846 2845 ei
887 2807 1077 2847 omnes
1123 2793 1265 2847 male
1300 2784 1583 2849 habentes.
1619 2814 1637 2847 3
1682 2794 1782 2851 Hic
1813 2804 1995 2851 autem
2023 2797 2126 2853 ob-

530 2896 689 2935 serva
735 2882 836 2937 hos
873 2884 1141 2941 obtulisse
1184 2886 1259 2939 illi
1302 2900 1412 2939 non
1458 2886 1660 2942 multos
1705 2887 1884 2942 solum
1915 2907 1935 2940 ι
1983 2889 2123 2946 male

533 2972 818 3039 habentes,
854 2993 872 3025 3
903 2977 994 3031 sed
1032 2995 1051 3028 ι
1090 2993 1280 3032 omnes
1318 2996 1336 3030 3
1365 2993 1460 3031 eos
1492 2978 1586 3048 qui
1618 2980 1853 3034 erantin
1891 2980 2122 3037 ﬁnitima

531 3067 628 3120 illa
675 3067 918 3136 regione.
963 3068 1028 3123 lli
1060 3078 1243 3125 autem
1281 3070 1375 3141 qui
1420 3072 1587 3127 oblati
1633 3070 1847 3130 fuerant
1885 3075 1936 3129 ei
1978 3075 2120 3132 male

2227 1964 2431 2037 νομίζω
2468 1965 2628 2019 τοῦτο
2669 1965 2968 2036 εἰρηκέναι.
3022 1965 3191 2019 Ἐπάν
3237 1964 3294 2017 δέ
3327 1967 3387 2018 ἐν
3421 1962 3637 2027 τούτοις
3675 1964 3818 2029 ὅλοις

2226 2055 2535 2127 γενώμεθα,
2573 2055 3023 2127 διαπεράσαντες,
3060 2054 3395 2125 ἐλευσόμεθα
3435 2057 3516 2118 είς
3558 2055 3659 2127 τήν
3690 2056 3815 2126 γῆν.

2227 2144 2354 2200 ἔνθα
2376 2144 2639 2217 προάγειν
2666 2146 2800 2216 ἡμῖν
2829 2143 3111 2198 ἐκέλευσεν
3135 2144 3164 2196 6
3200 2143 3429 2216 Ἰησοῦς.
3454 2143 3608 2214 Τάχα
3639 2143 3695 2196 δὲ
3721 2143 3818 2198 καὶ

2225 2238 2478 2311 δηλοῦταί
2509 2256 2563 2292 τι
2608 2237 2920 2310 ἀπόρρητον
2952 2236 3048 2290 καὶ
3087 2235 3488 2307 κεκρυμμένον·
3521 2236 3819 2307 μυστήριον

2227 2331 2357 2403 περί
2380 2346 2540 2384 τινων
2568 2327 2927 2399 σεσωσμένων
2950 2326 3063 2398 (87)
3088 2325 3194 2379 ὑπὸ
3216 2325 3311 2379 τοῦ
3348 2326 3546 2396 Ἰησοῦ,
3566 2326 3673 2380 ἀπὸ
3687 2326 3781 2380 τοῦ
3795 2341 3813 2357 ·

2230 2440 2250 2474 ι
2272 2422 2384 2475 Καὶ
2412 2418 2728 2489 ἐπιγνόντες
2744 2417 2909 2472 αύτδν
2924 2419 2973 2471 οἱ
3000 2417 3193 2490 ἄνδρες
3222 2416 3318 2470 τοῦ
3334 2417 3502 2471 τόπου
3533 2417 3764 2482 ἐκείνου,
3790 2437 3811 2469 3

2227 2512 2385 2585 δῆλον
2414 2511 2458 2564 δ’
2483 2511 2565 2565 ὅτι
2593 2509 2688 2563 τοῦ
2726 2512 2785 2562 ἐν
2819 2507 2900 2580 τῷ
2936 2507 3132 2580 πέραν,
3168 2525 3186 2558 ι
3222 2506 3550 2561 ἀπέστειλαν
3583 2509 3663 2570 εἰς
3687 2505 3817 2576 ὃλην

2226 2602 2325 2673 τὴν
2362 2600 2670 2672 περίχωρον
2695 2599 2934 2671 ἐκείνην,
2967 2617 2988 2650 3
3030 2598 3338 2671 περίχωρον
3364 2597 3460 2652 τοῦ
3491 2599 3686 2672 πέραν,
3712 2598 3820 2651 οὐκ

2226 2695 2286 2749 ἐν
2317 2693 2470 2766 αὐτῷ
2494 2692 2691 2766 πέραν,
2723 2690 2860 2746 ἀλλὰ
2888 2690 3018 2762 περὶ
3048 2690 3200 2755 αὐτὸ,
3240 2710 3260 2743 ι
3308 2693 3404 2745 καὶ
3434 2691 3818 2763 προσήνεγκαν

2226 2784 2372 2858 αὐτῷ
2407 2785 2616 2849 πάντας
2648 2784 2775 2848 τοὺς
2822 2781 3011 2847 κακῶς
3039 2781 3283 2854 ἔχοντας.
3337 2801 3356 2835 3
3403 2783 3492 2837 Ἐν
3536 2781 3712 2853 τούτῳ
3755 2780 3820 2834 δὲ

2225 2879 2404 2952 τήρει,
2425 2879 2509 2934 ὅτι
2532 2876 2647 2950 (88)
2670 2876 3052 2948 προσήνεγκαν
3072 2875 3224 2947 αὐτῷ
3244 2875 3305 2929 οὐ
3332 2874 3559 2940 πολλοὺς
3581 2893 3599 2926 ι
3629 2875 3821 2938 κακῶς

2225 2970 2448 3043 ἔχοντας
2476 2989 2497 3022 3
2527 2969 2709 3042 μόνον,
2751 2968 2888 3022 ἀλλὰ
2926 2987 2946 3020 ι
2979 2968 3189 3030 πάντας
3242 2986 3261 3019 3
3306 2967 3433 3028 τοὺς
3469 2967 3527 3018 ἐν
3558 2967 3622 3037 τῇ
3654 2981 3809 3035 περι-

2224 3060 2390 3135 χώρῳ
2443 3061 2662 3135 ἐκείνη*
2716 3061 2766 3114 οἱ
2812 3059 2871 3112 δὲ
2923 3057 3376 3130 προσενεχθέντες
3420 3054 3571 3126 αὐτῷ
3621 3054 3818 3120 κακῶς

534 3156 821 3224 habentes,
850 3177 870 3210 ι
906 3161 1171 3231 rogabant
1204 3176 1328 3216 eum
1362 3171 1420 3217 ut
1446 3163 1531 3218 vel
1561 3163 1827 3220 ﬁmbriam
1849 3167 2114 3223 duntaxat

2225 3155 2441 3228 ἔχοντες
2476 3171 2496 3206 ι
2538 3151 2877 3226 παρεκάλουν
2900 3149 3083 3213 αὐτὸν,
3116 3150 3203 3203 ἵνα
3240 3147 3343 3202 κᾶν
3373 3147 3532 3220 μόνον
3562 3146 3811 3218 ᾰψωνται
3865 3212 3877 3221 θ

535 3248 841 3303 vestimenti
870 3249 990 3320 ejus
1025 3260 1307 3321 tangerent
1333 3256 1398 3320 “,
1432 3273 1450 3305 3
1489 3254 1632 3310 hanc
1663 3257 1731 3310 ab
1757 3257 1849 3312 illo
1880 3260 2107 3329 gratiam

2222 3246 2309 3303 τοῦ
2329 3245 2635 3319 κρασπέδου
2655 3243 2749 3298 τοῦ
2767 3240 3182 3329 ἱματίουαύτοῦ,
3209 3261 3228 3294 3
3243 3241 3404 3313 χάριν
3424 3240 3518 3294 ἀπ’
3542 3240 3819 3329 αὐτοῦᾲαί-

532 3341 893 3410 postulautes,
935 3344 1378 3415 quandoquidem
1413 3347 1547 3403 tales
1576 3365 1682 3403 non
1729 3327 1904 3419 erant,
1934 3353 2112 3422 qualis

2222 3336 2434 3399 τοῦντες
2462 3334 2688 3405 ταύτην,
2724 3333 2848 3388 ἐπεὶ
2885 3331 2961 3405 μὴ
2980 3327 3120 3403 ἦσαν
3139 3331 3334 3385 ὁποίας
3363 3331 3409 3422 ἡΔ
3434 3327 3819 3422 αἱμορροοῦσα.

537 3452 558 3485 ι
591 3434 789 3489 mulier
819 3451 940 3505 quae
979 3437 1263 3507 sanguinis
1305 3438 1513 3494 ﬂuxum
1551 3440 1859 3510 patiebatur
1904 3444 2113 3500 duode-

528 3525 638 3580 cim
695 3527 889 3595 annis,
940 3539 996 3583 et
1038 3530 1280 3585 accessit
1326 3542 1493 3596 retro,
1540 3543 1593 3587 et
1640 3533 1811 3603 tetigit
1843 3533 2112 3590 ﬁmbriam

529 3617 835 3674 vestimenti
870 3619 1014 3690 ejus,
1043 3636 1167 3677 eum
1194 3624 1425 3679 dixisset
1471 3624 1614 3678 intra
1645 3639 1703 3680 se
1738 3641 1751 3674 :
1791 3624 1848 3679 Si
1887 3625 2115 3698 tetigero

527 3716 740 3763 tantum
785 3711 1169 3767 vestimentum
1206 3714 1346 3784 ejus,
1396 3714 1546 3770 salva
1591 3730 1687 3769 ero
1712 3715 1779 3770 “.
1814 3733 1831 3766 3
1873 3715 2115 3772 Observa

525 3800 672 3855 enim
703 3817 766 3856 ea
799 3818 922 3872 qua:
961 3801 1030 3858 de
1074 3804 1286 3859 ﬁmbria
1327 3806 1636 3861 vestimenti
1681 3806 1800 3876 ejus
1832 3807 2114 3872 dicuntur,

528 3893 672 3948 unde
695 3894 877 3949 statim
914 3896 1235 3965 proﬂuvium
1269 3897 1557 3966 sanguinis
1585 3897 1757 3953 stetit.
1795 3898 1899 3965 Qui
1934 3909 2115 3955 autem

523 3997 558 4034 e
589 3982 789 4038 vicinia
818 3992 977 4040 terra:
1000 3984 1337 4041 Genesareth
1370 3996 1653 4055 venerant,
1696 3990 1762 4042 ad
1800 4005 1964 4058 quam
2006 3998 2120 4045 tra-

519 4072 669 4142 jo-cto
701 4074 836 4129 mari
862 4076 1146 4146 appulerat
1166 4075 1347 4145 Iesus,
1381 4077 1665 4149 ipsiusque
1689 4079 1966 4150 discipuli,
2008 4095 2116 4135 non

526 4180 598 4219 ex
633 4180 755 4221 sese
778 4168 845 4221 ad
866 4166 1056 4223 Jesum
1079 4179 1454 4235 accesserunt,
1478 4171 1572 4225 sed
1597 4172 1666 4226 ab
1684 4172 1751 4226 iis
1773 4172 1867 4243 qui
1898 4172 2119 4230 nuntios

528 4257 798 4312 miserant
817 4259 1038 4315 adducti
1063 4270 1228 4329 sunt;
1257 4263 1458 4333 quippe
1480 4278 1545 4317 ex
1570 4278 1693 4319 sese
1718 4264 1978 4319 accedere
2008 4279 2116 4320 non

531 4360 773 4419 possent,
807 4352 953 4422 quod
983 4352 1140 4407 valde
1170 4354 1311 4408 male
1350 4354 1651 4410 haberent:
1684 4358 1778 4411 sed
1804 4371 1979 4426 neque
2016 4356 2119 4412 soli

531 4439 806 4494 ﬁmbriam
852 4439 1154 4510 attigerunt
1173 4470 1222 4507 ,ο
1244 4441 1391 4495 velut
1414 4443 1504 4496 illa
1553 4441 1820 4513 proﬂuvio
1863 4443 2120 4500 laborans

2216 3428 2353 3500 γυνὴ
2382 3428 2453 3482 τὰ
2486 3429 2552 3482 ιδ’
2572 3427 2690 3498 ἐτη,
2725 3426 2821 3480 καὶ
2855 3422 3228 3497 προσελθοῦσα
3257 3420 3505 3487 ὄπισθεν,
3547 3424 3641 3476 καὶ
3667 3420 3816 3491 ἁψα-

2219 3521 2354 3594 μένη
2380 3520 2473 3577 τοῦ
2508 3519 2813 3595 κρασπέδου
2840 3518 2936 3572 τοῦ
2963 3517 3178 3588 ἱματίου
3212 3516 3398 3582 αὑτοῦ,
3429 3517 3519 3570 ὅτε
3541 3515 3720 3584 ἔλεγεν
3751 3516 3813 3569 ἐν

2216 3615 2413 3686 ἑαυτῇ·
2461 3615 2525 3668 Et
2576 3613 2735 3685 μόνον
2781 3610 3007 3682 ἅψωμαι
3056 3608 3151 3664 τοῦ
3202 3608 3419 3680 ἱματίου
3471 3607 3636 3663 αὐτοῦ
3673 3606 3810 3680 (89),

2221 3708 2563 3779 σωθήσομαι.
2606 3725 2627 3758 3
2661 3705 2829 3776 Τήρει
2860 3702 2968 3776 γὰρ
2998 3703 3057 3756 ἐν
3089 3705 3203 3768 τοῖς
3231 3702 3360 3773 περὶ
3379 3699 3473 3755 τοῦ
3499 3699 3811 3773 κρασπέδου

2216 3799 2310 3854 τοῦ
2346 3800 2563 3872 ἱματίου
2597 3796 2780 3863 αὑτοῦ,
2808 3796 2888 3851 διὸ
2914 3795 3258 3868 παραχρῆμα
3292 3793 3422 3867 ἐστη
3452 3795 3485 3866 ή
3513 3792 3675 3870 ῥύσις
3713 3791 3811 3847 τοῦ

2220 3895 2451 3966 αἵματος
2494 3892 2687 3964 αὐτῆς.
2723 3892 2786 3946 Οί
2828 3889 2888 3943 δὲ
2916 3889 3023 3944 ἀπὸ
3066 3888 3161 3942 τοῦ
3211 3888 3523 3961 περιχώρου
3564 3887 3665 3958 τῆς
3703 3886 3811 3958 γῆς

2220 3985 2551 4060 Γενησαρέτ,
2587 3987 2667 4049 είς
2708 3985 2775 4057 ἢν
2800 3981 3230 4054 διαπεράσαντες
3271 3976 3434 4054 ἦλθον
3476 3978 3683 4051 Ἰησοῦς
3714 3980 3812 4032 καὶ

2219 4081 2269 4132 οἱ
2299 4077 2540 4151 μαθηταὶ
2560 4076 2744 4140 αὑτοῦ,
2768 4077 2870 4130 οὐκ
2895 4076 2988 4144 ἀφ’
3014 4074 3221 4128 ἑαυτῶν
3250 4071 3556 4147 προσῆλθον
3586 4071 3666 4143 τῷ
3704 4071 3814 4143 Ἰη-

2222 4169 2337 4232 σοῦ,
2356 4168 2493 4225 ἀλλὰ
2522 4166 2915 4241 προσήχθησαν
2947 4164 3053 4219 ὑπὸ
3089 4163 3200 4218 τῶν
3235 4160 3809 4225 άποστειλάντων,ἆτε

2225 4263 2298 4336 μὴ
2341 4260 2650 4333 δυνάμενοι,
2680 4258 2770 4313 διὰ
2800 4258 2862 4312 τὸ
2904 4256 3108 4329 σφόδρα
3147 4255 3336 4318 κακῶς
3378 4253 3541 4323 ἐχειν,
3577 4249 3811 4323 προσελ-

2222 4355 2335 4409 θεῖν
2354 4355 2446 4425 άφ’
2460 4353 2668 4409 ἑαυτῶν
2688 4369 2703 4385 ο
2719 4352 2815 4406 καὶ
2831 4351 2951 4404 οὐδέ
2974 4350 3123 4421 μόνοι
3141 4348 3349 4420 ἥψαντο
3365 4346 3456 4402 τοῦ
3476 4345 3806 4420 κρασπέδου,

2221 4447 2299 4510 ὡς
2340 4448 2375 4519 ή
2419 4442 2813 4518 αἱμορροοῦσα,
2836 4441 2973 4495 ἀλλὰ
3015 4439 3512 4512 παρακαλεσάντων
3559 4436 3803 4492 ἐκείνων.

530 4530 745 4592 mulier.
764 4529 859 4586 sed
884 4530 1307 4585 adhortantibus
1327 4532 1452 4586 illis.
1475 4531 1671 4588 Verum
1689 4549 1755 4589 ex
1786 4533 1854 4590 iis
1874 4534 1974 4600 “,c
1997 4534 2119 4605 qui-

2224 4537 2373 4610 Πλὴν
2402 4538 2498 4591 καὶ
2522 4535 2726 4589 τούτων
2757 4553 2775 4586 ι
2815 4535 2928 4588 ὅσοι
2958 4533 3186 4605 ἥψαντο,
3214 4529 3568 4602 διεσώθησαν.
3604 4547 3623 4580 3
3661 4529 3726 4582 Εἰ
3748 4528 3807 4583 δέ

523 4638 744 4694 cunque
784 4623 1113 4694 tetigerunt,
1144 4622 1281 4678 salvi
1329 4621 1456 4677 facti
1497 4633 1644 4678 sunt.
1676 4643 1695 4676 3
1725 4626 1994 4680 Cteterum
2042 4641 2113 4682 an

521 4715 706 4784 aliqua
732 4714 802 4769 sit
843 4713 1152 4770 diﬂ‘erentia
1189 4713 1339 4768 verbi
1382 4713 1547 4779 illius,
1583 4714 1936 4788 διεσώθησαν,
1967 4717 2112 4788 quod

522 4807 591 4859 de
626 4806 735 4861 illis
763 4805 968 4862 dictum
1007 4815 1111 4871 est,
1144 4806 1215 4861 ab
1247 4806 1340 4862 illo
1386 4807 1572 4874 verbo,
1618 4808 1855 4880 σωθῆναι
1886 4810 2111 4882 (dictum

523 4904 610 4951 est
632 4896 775 4951 enim
795 4898 1010 4953 mulieri
1037 4898 1321 4969 sanguinis
1343 4898 1549 4953 ﬂux‘um
1571 4902 1790 4970 patienti
1810 4903 1886 4957 '5:
1911 4922 1930 4956 ι
1954 4903 2113 4960 Fides

524 4999 617 5043 tua
643 4987 849 5041 σέσωκέ
875 4991 1014 5060 σε),›
1035 4990 1151 5059 ipse
1180 4990 1425 5045 animum
1454 4989 1725 5046 advortes.

2170 4620 2174 4624 Δ
2221 4646 2306 4694 τις
2347 4627 2580 4699 διαφορὰ
2622 4625 2735 4699 (90)
2785 4624 2903 4691 τοῦ,
2943 4644 2962 4678 ι
3002 4622 3359 4697 διεσώθησαν,
3397 4642 3416 4676 3
3470 4625 3563 4677 ἐπί
3601 4622 3806 4678 τούτων

2220 4722 2487 4795 εἰρημένη
2525 4720 2660 4792 (91),
2693 4719 2830 4792 πρὸς
2870 4717 2952 4786 τὸ,
3004 4737 3021 4770 ι
3060 4715 3320 4788 σωθῆναι,
3363 4735 3381 4767 3
3420 4716 3653 4789 (εἴρηται
3699 4714 3805 4786 γὰρ

2220 4814 2356 4886 πρὸς
2375 4811 2474 4885 τὴν
2493 4810 2920 4884 αἱμορῤοοῦσανο
2954 4827 2973 4861 ι
3014 4809 3080 4863 Ἢ
3106 4807 3289 4872 πίστις
3317 4824 3411 4862 σου
3434 4807 3643 4862 σέσωκέ
3666 4824 3747 4861 σε·
3778 4825 3798 4859 3

2220 4906 2315 4961 xui.
2340 4904 2502 4969 αὐτὸς
2535 4904 2868 4983 ἐπιστήσεις.

584 5102 629 5137 ⁸⁸
663 5095 853 5152 Matth.
883 5114 995 5164 xw,
1037 5100 1125 5156 1’31.
1202 5100 1246 5133 ¹⁹
1277 5100 1407 5157 ibid.
1431 5101 1521 5156 55.
1597 5103 1644 5134 ¹⁰
1676 5104 1807 5159 ibid.
1840 5106 1930 5163 55.
2008 5113 2049 5144 ²¹
2072 5113 2119 5172 ib

2239 5112 2330 5170 ιδ.
2410 5109 2454 5142 ³³
2479 5106 2610 5163 ibid.
2645 5104 2736 5160 '56.
2795 5100 3251 5170 “Matth.t.\',20.
3310 5100 3802 5166 “Matth.xrv.36.

592 5194 705 5266 (87)
743 5194 1171 5272 Σεσωσμένων.
1203 5198 1262 5252 (Σ.
1314 5195 1380 5251 ll.
1420 5198 1654 5253 habebat
1686 5200 1985 5272 ἐσομένων,
2011 5210 2107 5265 sed

522 5265 768 5346 aderam
793 5267 1082 5346 recentiori
1116 5284 1281 5346 manu
1309 5276 1568 5346 notatum
1582 5278 1722 5346 erat,
1757 5265 2106 5346 σεσωμένων.

522 5334 685 5407 Lege,
716 5336 1101 5412 σεσωσμένων.
1145 5337 1448 5395 Erasmus:
1483 5357 1501 5390 ι
1531 5338 1608 5393 De
1638 5334 1724 5398 his
1766 5343 1863 5412 qui
1906 5334 2114 5403 servati

522 5406 669 5460 sunt.
698 5425 719 5459 3
753 5406 1017 5463 HUETIUS.

591 5475 703 5549 (88)
742 5477 1203 5555 ΠρρρηήνεπκανΔ
1220 5477 1383 5555 αὐπῷ
1433 5479 1854 5555 πάντας-τοὺς
1914 5487 2114 5555 κακῶς

522 5544 803 5624 ἔχοις-τας.
833 5550 930 5603 Ἐν
954 5544 1242 5624 τούτῳ.
1270 5544 1455 5624 τήρει,
1500 5552 1611 5607 ὅτι.
1641 5544 1774 5610 llaec
1796 5544 1923 5624 quae
1962 5544 2116 5612 vide;

525 5625 620 5694 rat_
646 5615 928 5694 E_r_asmus,
957 5621 1009 5694 in
1035 5615 1463 5694 codicibusfsuis
1491 5638 1599 5677 non
1625 5615 1827 5694 reperit
1852 5624 2109 5693 Huetius,

527 5685 624 5765 sed
676 5687 764 5743 hic
814 5690 1138 5765 supplentur
1174 5705 1205 5745 e
1241 5692 1433 5765 coilda
1462 5685 1766 5765 Anglica'no
1789 5734 1805 5756 .
1843 5685 2110 5754 Vaticano

524 5762 577 5841 et
609 5758 1270 5841 apographo'fariniano.
1290 5759 1475 5841 _l"at_tlo
1506 5758 1798 5841 post-vobs
1819 5766 1886 5841 ev
1905 5771 1973 5841 τῇ
2011 5787 2111 5823 πε-

528 5825 767 5896 ριχώρῴ.
795 5825 872 5879 lia
899 5827 1064 5896 habet
1087 5830 1257 5885 codex
1284 5825 1608 5888 Vaticanus.
1632 5833 1687 5886 In
1711 5825 1835 5891 aliis
1857 5825 2008 5895 deest
2030 5842 2106 5896 ἐν.

600 5895 715 5965 (89)
742 5896 879 5951 Ὅτε
901 5895 1113 5968 ἔλεγεν
1127 5897 1196 5955 ἐν
1211 5898 1414 5971 ἑαυτῆ·
1442 5905 1507 5958 El
1530 5903 1721 5973 μόνον
1742 5904 1978 5979 ἅψωμαι
2010 5913 2111 5968 τοῦ

2218 5206 2453 5280 ἱμαζζου
2480 5198 3068 5280 ᾳύτοῦηριηίεεφιιωη
3092 5205 3221 5280 sunt
3245 5196 3298 5251 in
3331 5195 3518 5280 codice
3538 5211 3648 5280 quo
3670 5212 3806 5252 usus

2223 5267 2312 5334 est
2339 5275 2590 5338 lluetius,
2618 5282 2674 5327 et
2697 5271 2787 5327 hic
2819 5270 3184 5325 restituuntur
3217 5284 3249 5324 e
3284 5267 3443 5323 codd.
3479 5267 3805 5336 Anglicano,

2224 5348 2515 5407 Vaticano,
2551 5341 2943 5417 etapograpbo
2965 5338 3291 5417 Tariniano.
3358 5405 3399 5417 ﬂ
3700 5406 3712 5417 _
3789 5407 3801 5417 _

2294 5418 2405 5488 (90)
2461 5405 2528 5471 Erl
2582 5405 2676 5488 δέξ
2702 5405 3111 5488 τῖςβιαφρρὰ.
3162 5408 3320 5479 Fugit
3358 5405 3668 5488 Erasmunl
3700 5406 3805 5461 loci

2224 5474 2400 5557 hujus
2437 5484 2737 5560 sen_t_e_ntia;
2766 5474 2880 5560 :sie_
2912 5474 3057 5560 enirn
3095 5474 3489 5560 interpretatur
3503 5495 3531 5560 ἑ
3572 5474 3807 5560 «JPorro

2223 5547 2354 5613 nu'm
2384 5571 2491 5627 qua
2514 5547 2818 5627 differentia
2836 5551 2910 5606 sit
2933 5551 3098 5620 hujus
3121 5547 3267 5605 verbi
3284 5567 3304 5627 _:
3332 5549 3475 5627 salvi
3501 5547 3626 5627 facti
3649 5556 3805 5615 sunt,

2221 5628 2366 5700 quod
2393 5619 2460 5682 de
2484 5626 2567 5700 his
2589 5625 2792 5700 dictum
2814 5631 2914 5700 est.
2932 5619 3206 5700 quantum
3232 5620 3296 5700 ad
3319 5619 3549 5700 salutem
3580 5620 3801 5700 datam;

2222 5688 2348 5755 nam
2384 5696 2652 5763 proﬂuvio
2688 5688 2978 5763 sanguinis
3021 5689 3292 5763 laboranti
3338 5688 3555 5763 luminae
3592 5689 3803 5742 dictum

2222 5714 2348 5755 nam
2422 5714 2652 5751 rouuv-to
2688 5714 2978 5763 sanguluts
3021 5714 3292 5746 latmruuu
3339 5714 3555 5743 lL'lllIlWl'
3592 5714 3803 5742 uiuum

2220 5779 2348 5825 est:
2382 5714 2542 5823 leides
2584 5775 2675 5837 tua
2709 5774 2762 5820 te
2802 5763 3008 5820 salvam
3041 5762 3191 5827 fecit,
3240 5763 3357 5831 ipse
3406 5759 3570 5813 etiam
3624 5774 3718 5829 per
3750 5769 3805 5813 te

2222 5837 2513 5912 tlispic‘ies.‘
2535 5856 2553 5887 3
2590 5836 2854 5912 "manus.
2947 5903 2956 5912 _
3172 5902 3181 5912 .

2294 5896 2406 5982 (ῦι)
2448 5905 2769 5978 Εἱρημένη.
2800 5903 3036 5961 Omnino
3078 5902 3451 5969 scribendum,
3482 5896 3799 5972 εἰρημένου.
