4094 6290
336 372 445 427 99.5

1306 364 1662 422 COMMENT.
1707 365 1770 420 ΙΝ
1813 365 2232 423 ΜΑΤΤΗᾸΞΗΜ
2272 366 2507 424 TOMUS
2550 365 2634 420 Kl.

3491 369 3598 425 936

341 486 483 557 Περὶ
510 485 632 568 τῶν
648 481 1108 568 προσελθόντων
1125 481 1234 568 ςθῖ)
1255 484 1718 568 Φαρισαίωννκοιὶ
1746 501 1928 568 me”-

2038 483 2198 558 487
2233 483 2700 568 UenPItarisqaiset
2733 481 2934 568 Scribis
2958 482 3047 551 qui
3079 493 3403 568 accesserunt
3427 483 3607 568 dicen.-

408 552 641 639 ῥαςέων
670 552 770 608 καὶ
799 552 1324 639 ἐξερωτησάνςωνσ
1371 573 1389 604 ι
1555 554 1613 606 τί
1641 557 1716 632 οἱ⁵
1729 552 1923 622 paen-

410 622 512 682 ται
541 643 657 748 O'éov
687 622 1126 691 παραϐαίνουσι
1148 623 1263 691 τὴν
1289 623 1624 692 παράδοσιν
1647 622 1766 678 τῶν
1792 640 1930 692 πρε-

414 699 569 752 σϐυτ
592 709 754 763 pter;
796 711 818 745 ι

417 854 439 889 ι
480 835 613 888 Τότε
644 832 1036 906 προσέρχονται
1072 829 1220 901 αὐτῷ
1253 830 1360 884 ἀπὸ
1404 830 1792 902 Ἰεροσολύμων
1823 831 1931 884 Φα-

345 929 545 1001 ρισαῖοι
583 925 678 980 καὶ
709 925 1066 996 γραμματεῖς
1089 921 1370 989 λέγοντεςο
1407 921 1507 975 Διά
1531 922 1583 975 τί
1607 923 1656 975 οί
1690 920 1931 994 μαθηταί

345 1036 440 1074 σου
477 1017 878 1090 παραϐαίνουσι
909 1017 1010 1088 τὴν
1043 1017 1340 1087 παράδοσιν
1365 1015 1473 1068 τῶν
1507 1016 1929 1088 πρεσϐυτέρων;

343 1111 406 1164 οὐ
432 1109 541 1182 γὰρ
573 1109 850 1162 νίπτονται
887 1107 984 1171 τὰς
1026 1109 1234 1179 χεῖρας,
1264 1108 1393 1160 ὅταν
1433 1108 1596 1179 ἄρτον
1627 1106 1867 1160 ἐσθίωσι.
1908 1124 1926 1157 ι

344 1203 752 1274 Παρατηρήσας
769 1201 906 1254 κατά
927 1205 1075 1254 ποῖον
1099 1200 1290 1271 καιρὸν
1315 1199 1621 1272 προσῆλθον
1644 1198 1721 1269 τῷ
1757 1195 1930 1268 Ἰησοῦ

345 1294 457 1348 ἀπὸ
499 1293 886 1366 Ἱεροσολύμων
931 1295 1211 1364 Φαρισαῖοι
1250 1293 1346 1346 καὶ
1376 1295 1721 1364 γραμματεῖς
1758 1291 1936 1359 λέγον-

345 1405 470 1452 τες·
501 1406 520 1440 ι
551 1386 652 1440 Διά
675 1386 725 1440 τί
747 1388 796 1439 οἱ
826 1384 1064 1458 μαθηταί
1093 1403 1184 1439 σου
1211 1386 1610 1458 παραϐαίνουσι
1634 1385 1733 1456 τὴν
1757 1385 1934 1456 παρά-

345 1479 496 1532 δοσιν
521 1478 627 1532 τῶν
659 1477 1042 1549 πρεσϐυτέρων
1069 1495 1082 1543 ;
1121 1498 1138 1528 ι
1179 1480 1272 1531 καὶ
1313 1478 1383 1532 τά
1415 1459 1564 1548 ἐξῆς,
1595 1479 1821 1543 εἴσεται,
1852 1478 1934 1530 ὅτι

349 1566 664 1637 ἀναγκαίως
706 1569 734 1620 6
776 1567 1048 1632 Ματθαῖος
1084 1569 1181 1640 οὐχ
1212 1569 1396 1632 ἁπλῶς
1442 1568 1717 1639 ἀνέγραψε
1761 1584 1934 1638 προσ-

349 1659 665 1732 εληλυθέναι
723 1660 848 1722 τοὺς
909 1659 1017 1713 ἀπὸ
1064 1661 1449 1732 Ἰεροσολύμων
1475 1660 1798 1732 Φαρισαίους
1841 1661 1935 1714 καὶ

349 1754 699 1823 γραμματεῖς
726 1749 804 1821 τῷ
828 1750 1041 1822 Σωτῆρι
1076 1751 1512 1822 πυνθανομένους
1539 1751 1700 1804 αὐτοῦ
1737 1752 1807 1805 τὰ
1839 1753 1932 1804 ὲκ-

2103 553 2176 607 ιεε
2203 570 2222 608 :
2253 574 2270 605 ι
2301 554 2476 618 Quare
2520 554 2773 624 discipuli
2811 553 2889 607 tui
2945 553 3402 622 transgrediuntur
3439 554 3610 606 tradi-

2102 625 2294 700 tionem
2329 626 2597 678 seniorum
2618 625 2642 679 .’
2671 642 2688 676 ι

2103 850 2157 902 8.
2198 866 2216 900 ι
2248 845 2405 904 Tunc
2451 858 2803 904 accesserunt
2849 849 2914 904 ad
2967 864 3092 904 eum
3145 849 3213 903 ab
3257 845 3609 918 Jerosolymis

2030 939 2291 996 Pharisaei
2335 950 2390 995 et
2440 939 2645 996 Scriba:
2685 942 2930 997 dicentes
2967 959 2980 994 :
3025 939 3204 1007 Quare
3243 938 3493 1006 discipuli
3530 937 3610 992 tui

2031 1033 2516 1101 transgrediuntur
2564 1034 2909 1088 traditionem
2966 1030 3282 1087 seniorum?
3317 1045 3424 1083 non
3464 1029 3610 1082 enim

2030 1123 2217 1178 lavant
2247 1141 2442 1180 manus
2473 1141 2603 1180 suas
2625 1141 2749 1179 cum
2777 1140 2968 1195 panem
3002 1121 3419 1176 manducant“.
3453 1139 3470 1172 ι
3504 1118 3610 1185 Qui

2033 1215 2403 1270 observaverit
2430 1231 2539 1284 quo
2583 1224 2824 1285 tempore
2857 1222 3209 1269 accesserunt
3245 1213 3313 1266 ab
3341 1209 3614 1280 Jerosoly—

2034 1301 2138 1355 mis
2163 1300 2422 1357 Pharisaei
2449 1313 2504 1358 et
2535 1303 2740 1358 Scriba:
2775 1304 3017 1357 dicentes
3046 1320 3058 1356 :
3097 1321 3114 1353 ι
3145 1304 3326 1368 Quare
3358 1299 3610 1370 discipuli

2034 1391 2110 1444 tui
2141 1392 2617 1460 transgrediuntur
2649 1391 2994 1445 traditionem
3021 1391 3342 1445 seniorum?
3369 1409 3386 1443 ι
3415 1400 3472 1445 et
3489 1403 3614 1458 qua)

2036 1490 2378 1550 sequuntur,
2440 1482 2574 1536 sciet
2637 1483 2726 1536 ille
2778 1481 3091 1536 necessario
3142 1479 3454 1533 Matthaaum
3503 1493 3613 1534 non

2036 1571 2354 1641 simpliciter
2379 1573 2665 1643 scripsisse
2685 1572 2995 1628 Pharisaeos
3017 1584 3071 1626 et
3094 1571 3181 1626 SCI
3198 1572 3313 1626 ibas
3330 1586 3395 1625 ea
3420 1570 3614 1625 scisci-

2037 1671 2212 1718 tantes
2258 1665 2326 1718 ah
2374 1680 2440 1719 eo
2493 1681 2614 1734 quae
2658 1665 2860 1734 scripta
2908 1672 3152 1731 exstant,
3187 1663 3281 1718 sed
3326 1663 3612 1733 posuisse:

2044 1770 2062 1802 ι
2097 1750 2248 1807 Tunc
2276 1762 2628 1808 accesserunt
2648 1755 2713 1808 ad
2744 1770 2868 1808 eum
2895 1755 2962 1808 ab
2987 1752 3362 1825 Jerosolymis.
3389 1771 3406 1803 ι
3431 1752 3617 1818 Quan-

350 1845 602 1914 κείμενα,
651 1842 786 1896 ἀλλά
839 1843 1140 1914 πεποίηκε’
1201 1863 1220 1894 ι
1260 1844 1392 1896 Τότε
1443 1843 1773 1916 ἀπέρχονται
1822 1843 1932 1914 (95)

2038 1841 2105 1895 do
2137 1841 2300 1912 igitur
2347 1843 2502 1908 illud,
2552 1862 2569 1895 ι
2602 1853 2754 1908 tunc,
2803 1862 2822 1896 ι
2870 1824 3280 1912 intelligendum
3324 1842 3440 1897 est?
3477 1841 3614 1896 Cum

350 1934 500 2005 αὐτῷ
529 1935 637 1990 ἀπὸ
687 1933 1093 2006 Ἱεροσολύμων.
1145 1953 1164 1986 ι
1198 1935 1336 1988 Πότε
1373 1930 1487 2001 οὖν,
1527 1956 1545 1988 ι
1580 1937 1726 1999 τότε,
1767 1955 1785 1986 ι
1831 1953 1932 1989 κα-

348 2025 668 2097 τανοητέον;
709 2025 901 2079 Ἡνίκα
928 2026 1359 2098 διαπεράσαντες
1389 2023 1552 2098 ἦλθον
1584 2030 1664 2090 εἰς
1696 2027 1794 2097 τὴν
1832 2028 1934 2098 γῆν

351 2119 658 2191 Γενησαρέτ
695 2117 774 2190 τῷ
817 2118 984 2190 πλοίῳ
1033 2120 1062 2171 6
1101 2118 1327 2190 Ἰησοῦς,
1361 2121 1452 2174 καὶ
1480 2121 1530 2173 οἱ
1564 2117 1804 2190 μαθηταὶ
1835 2119 1934 2171 αὐ-

349 2209 463 2274 τοῦ,
507 2210 845 2274 κοπάσαντος
887 2210 981 2264 τοῦ
1029 2211 1256 2282 ἀνέμου,
1303 2213 1398 2281 ἀφ’
1440 2207 1501 2266 οὗ
1538 2210 1864 2282 ἐπιϐέϐηκεν
1907 2211 1936 2263 6

363 2301 571 2372 Ἰησοῦς
619 2302 698 2372 τῷ
747 2302 951 2372 πλοίῳ·
1000 2302 1094 2355 καὶ
1123 2304 1234 2366 ὅτε,
1285 2321 1304 2353 ι
1345 2288 1656 2372 ἐπιγνόντες
1687 2303 1848 2356 αὑτὸν
1886 2303 1933 2354 οί

349 2394 540 2465 ἄνδρες
585 2394 680 2447 τοῦ
721 2393 886 2446 τόπου
933 2395 1164 2458 ἐκείνου,
1193 2394 1517 2447 ἀπέστειλαν
1568 2396 1650 2457 είς
1678 2394 1805 2465 ὃλην
1835 2393 1935 2464 τὴν

350 2487 660 2558 περίχωρον
709 2486 945 2557 ἐκείνην,
988 2485 1083 2538 καὶ
1117 2489 1497 2558 προσήνεγκαν
1535 2485 1683 2556 αὑτῷ
1729 2485 1935 2549 πάντας

347 2578 475 2640 τοὺς
503 2578 688 2642 κακῶς
727 2577 968 2647 ἔχοντας,
1001 2577 1092 2630 καὶ
1132 2579 1475 2650 παρεκάλουν
1509 2579 1594 2632 ἵνα
1627 2577 1730 2632 κᾶν
1776 2577 1934 2649 μόνον

351 2672 596 2741 ἅψωνται
635 2672 726 2723 τοῦ
758 2670 1064 2742 κρασπέδου
1100 2671 1192 2724 τοῦ
1226 2672 1445 2742 ἱματίου
1476 2670 1670 2726 αὐτοῦ’
1699 2672 1792 2725 καὶ
1823 2673 1935 2726 ὅσοι

349 2763 560 2833 ἥψαντο
584 2759 937 2832 διεσώθησαν.
967 2761 1174 2833 Τηνίκα
1199 2763 1500 2835 προσῆλθον
1525 2763 1672 2835 αὐτῴ
1698 2763 1805 2818 ἀπὸ
1839 2763 1937 2818 Ἰε-

355 2854 668 2926 ροσολύμων
707 2855 986 2924 Φαρισαῖοι
1048 2855 1142 2916 καὶ
1183 2859 1565 2927 γραμματεῖς,
1616 2856 1690 2926 μὴ
1757 2873 1934 2910 κατα-

353 2945 655 3013 πλαγέντες
681 2945 777 3016 τὴν
807 2947 865 2997 ἐν
888 2944 962 3015 τῷ
1002 2946 1175 3014 Ἰησοῦ
1208 2945 1456 3016 δύναμιν,
1486 2947 1784 3018 ίασαμένην
1807 2949 1934 3012 τοὺς

351 3035 458 3091 κᾶν
487 3037 647 3107 μόνον
681 3036 775 3090 τοῦ
802 3036 1109 3108 κρασπέδου
1137 3037 1228 3090 τοῦ
1271 3038 1486 3108 ἱματίου
1517 3038 1682 3092 αὑτοῦ
1719 3038 1935 3110 ἁψαμέ-

352 3143 498 3191 νους,
551 3124 832 3195 φιλαιτίως
877 3125 932 3178 δὲ
985 3126 1344 3194 ἐγκαλοῦντες
1401 3129 1493 3180 ἐπὶ
1546 3127 1639 3180 τοῦ
1685 3129 1936 3183 διδασκά-

354 3215 449 3268 λου
485 3215 616 3286 (94),
659 3216 718 3268 οὐ
767 3215 896 3286 περὶ
941 3216 1305 3287 παραϐάσεως
1339 3218 1556 3290 ἐντολῆς
1599 3218 1755 3283 Θεοῦ,
1799 3219 1936 3274 ἀλλά

355 3309 704 3380 παραδόσεως
731 3309 861 3380 μιᾶς
899 3308 1201 3362 Ἰουδαϊκῶν
1223 3310 1626 3382 πρεσϐυτέρων.
1660 3312 1770 3365 Καὶ
1791 3313 1937 3376 είκὸς

353 3401 438 3454 ὅτι
469 3401 600 3454 αὐτὸ
637 3399 698 3453 τὸ
738 3399 848 3454 τῶν
887 3399 1169 3469 φιλαιτίων
1200 3401 1449 3473 ἔγκλημα
1494 3402 1790 3476 παρίστησι
1836 3406 1937 3476 τὴν

355 3491 464 3544 τῶν
507 3492 761 3562 μαθητῶν
820 3492 994 3564 Ἰησοῦ
1025 3493 1331 3559 εὐλάϐειαν,
1370 3496 1636 3567 μηδεμίαν
1685 3498 1938 3569 ἀφορμὴν

356 3580 606 3634 διδόντων
649 3581 976 3653 ἐπιλήψεως,
1011 3584 1087 3648 ὡς
1131 3586 1259 3655 περ)⁵
1305 3585 1670 3656 παραϐάσεως
1710 3586 1939 3641 ἐντολῶν

357 3671 493 3725 Θεοῦ
519 3675 631 3735 τοῖς
669 3674 981 3745 Φαρισαίοις
1013 3676 1106 3728 καὶ
1138 3676 1576 3747 γραμματεῦσιν,
1619 3678 1816 3742 οἵτινες
1838 3680 1941 3733 οὐκ

359 3762 428 3818 ἂν
469 3763 912 3835 προσηνέγκαντο
953 3765 1080 3836 περὶ
1125 3765 1488 3836 παραϐάσεως
1532 3770 1640 3830 τοῖς
1675 3769 1940 3840 μαθηταῖς

360 3854 631 3928 ἔγκλημα,
663 3856 737 3920 ὼς
768 3856 1161 3926 παραϐαίνουσι
1197 3857 1295 3928 τὴν
1326 3857 1544 3928 ἐντολὴν
1574 3859 1679 3912 τῶν
1705 3859 1941 3931 πρεσϐυ-

357 3949 554 4020 τέρων,
589 3950 745 4020 εἴπερ
789 3944 931 4018 εἶχον
971 3948 1434 4020 ἐπιλαμϐάνεσθαι
1467 3951 1575 4004 τῶν
1603 3951 1942 4024 ἐγκαλουμέ-

360 4059 487 4105 νων,
517 4042 610 4094 καὶ
635 4040 1015 4094 ἀποδεικνύναι
1037 4042 1231 4104 αὐτοὺς
1258 4041 1695 4114 παραϐαίνοντας
1720 4044 1939 4115 ἐντολὴν

360 4133 516 4185 Θεοῦ.
565 4133 654 4204 Μὴ
692 4133 920 4204 νομίσῃς
965 4132 1022 4185 δέ
1065 4131 1239 4186 ταῦτα
1287 4135 1761 4188 κατασκευαστικά
1801 4134 1938 4190 εἶναι

359 4223 454 4276 τοῦ
496 4222 604 4275 δεῖν
645 4222 930 4293 τηρεῖσθαι
971 4223 1063 4275 τὸν
1106 4221 1247 4275 κατὰ
1291 4223 1351 4275 τὸ
1383 4223 1617 4295 γράμμα
1662 4226 1941 4292 Μωῦσέως

359 4315 548 4384 νόμον,
584 4313 706 4366 ἐπεὶ
753 4314 802 4366 oi
831 4313 924 4367 τοῦ
969 4311 1144 4386 Ἰησοῦ
1183 4314 1422 4385 μαθηταὶ
1459 4315 1563 4379 ἕως
1607 4317 1728 4368 τότε
1777 4317 1940 4372 αὐτὸν

361 4405 692 4474 ἐψύλαττοψ
735 4405 796 4457 οὐ
849 4405 960 4478 γὰρ
1007 4406 1115 4478 πρὸ
1160 4404 1251 4458 τοῦ
1302 4406 1492 4461 παθεῖν
1537 4425 1556 4458 ι
1609 4406 1939 4478 ἐξηγόρασεν

2036 1933 2243 1986 scilicet
2279 1932 2505 2002 trajecta
2527 1933 2688 1998 mari,
2717 1933 2842 1988 navi
2882 1940 3150 1988 venerunt
3189 1931 3242 1986 in
3283 1941 3482 1985 terram
3511 1930 3616 1985 Ge-

2036 2022 2290 2076 nesareth
2340 2021 2522 2084 Jesus,
2565 2022 2845 2092 ipsiusque
2887 2021 3162 2090 discipuli,
3198 2022 3387 2076 sedato
3431 2031 3613 2086 vento,

2035 2126 2100 2167 ex
2134 2129 2243 2182 quo
2270 2129 2462 2167 navem
2493 2114 2810 2168 conscendit
2850 2111 3045 2176 Jesus;
3081 2122 3134 2166 et
3167 2112 3410 2182 quando,
3439 2131 3457 2163 ι
3489 2128 3614 2167 cum

2036 2205 2418 2275 Cognovissent
2447 2221 2571 2260 eum
2614 2205 2712 2258 viri
2743 2205 2848 2260 loci
2879 2205 3047 2269 illius,
3078 2204 3344 2259 miserunt
3392 2205 3448 2258 in
3495 2205 3618 2258 uni.

2036 2314 2248 2353 versam
2269 2299 2542 2370 regionem
2566 2300 2734 2365 illam,
2765 2306 2819 2353 et
2848 2299 3164 2353 obtulerunt
3190 2299 3239 2352 ei
3263 2311 3454 2352 omnes
3477 2296 3618 2350 male

2037 2391 2318 2457 habentes,
2345 2401 2400 2446 et
2454 2392 2716 2464 rogabant
2763 2402 2823 2448 ut
2863 2393 2947 2447 vel
2989 2391 3256 2446 ﬁmbriam
3309 2390 3617 2444 vestimenti

2035 2481 2156 2551 ejus
2186 2492 2500 2553 tangerent;
2531 2493 2584 2539 et
2620 2485 2934 2554 quicunque
2965 2483 3288 2554 tetigerunt,
3325 2481 3458 2536 salvi
3489 2479 3616 2536 facti

2038 2575 2252 2628 sunt".
2289 2574 2444 2630 Tunc
2469 2584 2819 2632 accesserunt
2869 2577 2936 2631 ad
2989 2591 3113 2630 eum
3164 2575 3232 2629 ab
3261 2573 3617 2645 Jerosolymis

2040 2661 2244 2719 Scriba:
2298 2674 2353 2722 et
2393 2666 2650 2722 Pharisaei
2696 2668 2762 2735 ’⁸,
2805 2682 2911 2723 non
2977 2669 3310 2722 admirantes
3359 2667 3614 2724 virtutem

2038 2774 2161 2824 qua:
2206 2767 2324 2812 erat
2371 2757 2423 2812 in
2484 2756 2635 2820 Jcsu,
2689 2774 2811 2828 quae
2875 2774 2971 2814 eos
3035 2768 3324 2814 sanaverat
3377 2759 3470 2830 qui
3532 2759 3617 2813 vel

2037 2850 2310 2904 ﬁmbriam
2364 2859 2572 2903 tantum
2621 2851 2930 2904 vestimenti
2981 2850 3102 2920 ejus
3143 2851 3470 2920 tetigissent,
3523 2851 3616 2906 sed

2037 2940 2218 2995 animo
2268 2939 2482 2994 rixandi
2526 2940 2705 3006 avido,
2761 2941 3059 3011 discipulos
3099 2943 3243 3012 apud
3294 2943 3618 3012 magistrum

2037 3041 2398 3099 accusantes,
2465 3048 2572 3086 non
2642 3034 3094 3103 transgressionis
3151 3034 3404 3103 praecepti
3477 3032 3616 3101 Dei,

2039 3125 2131 3178 sed
2205 3125 2365 3179 unius
2432 3124 2736 3181 traditionis
2814 3123 3126 3180 Judzeorum
3177 3125 3476 3180 seniorum.
3550 3124 3620 3182 Et

2022 3216 2336 3279 verisimile
2395 3227 2480 3272 est
2560 3217 2702 3272 hanc
2785 3218 3096 3273 rixosorum
3175 3217 3616 3283 accusationem,

2039 3307 2170 3364 Jesu
2214 3309 2607 3379 discipulorum
2655 3311 2904 3380 pietatem
2941 3312 3204 3381 probare,
3238 3311 3439 3365 nullam
3477 3310 3616 3364 dan-

2042 3401 2174 3454 tium
2210 3399 2652 3469 reprehensionis
2677 3415 2890 3466 ansam,
2924 3401 3071 3455 velut
3095 3401 3162 3455 de
3185 3402 3620 3470 transgressione

2043 3493 2427 3547 mandatorum
2461 3492 2580 3560 Dei,
2607 3491 2900 3548 Pharisaeis
2919 3501 2973 3547 et
3003 3491 3242 3556 Scribis;
3271 3491 3364 3562 qui
3395 3491 3616 3560 quidem

2042 3583 2109 3638 de
2138 3584 2573 3652 transgressione
2599 3584 2897 3653 discipulos
2926 3599 3033 3639 non
3063 3593 3434 3646 accusassent,
3458 3584 3618 3652 quasi

2043 3675 2505 3746 transgredientes
2535 3685 2868 3745 praeceptum
2897 3676 3200 3740 seniorum,
3224 3675 3268 3728 si
3301 3673 3618 3729 facultatem

2044 3767 2365 3822 habuissent
2427 3767 2758 3837 corripiendi
2806 3783 2901 3823 eos
2951 3768 3043 3837 qui
3095 3765 3526 3826 accusabantur,
3563 3773 3620 3818 et

2043 3860 2358 3914 ostendendi
2395 3861 2701 3931 transgredi
2731 3860 2854 3914 illos
2883 3859 3200 3914 mandatum
3223 3855 3338 3912 Dei.
3358 3855 3434 3911 No
3461 3866 3618 3926 putes

2043 3960 2223 4005 autem
2275 3951 2360 4006 his
2414 3952 2635 4022 probari
2695 3952 3018 4007 servandam
3052 3965 3173 4005 esse
3207 3951 3378 4021 legem
3417 3948 3620 4020 Moysis

2038 4041 2193 4110 juxta
2227 4041 2488 4103 litteram,
2515 4041 2645 4110 quia
2673 4040 2927 4095 videlicet
2966 4039 3220 4108 discipuli
3262 4037 3392 4094 Jesu
3415 4039 3481 4094 ad
3515 4039 3621 4093 hoc

2046 4149 2223 4203 usque
2249 4142 2465 4203 tempus
2497 4149 2618 4188 eam
2649 4133 2976 4199 servabant;
3015 4147 3116 4185 nec
3147 4133 3292 4186 enim
3326 4140 3618 4202 antequam

2044 4233 2342 4296 pateretur,
2376 4243 2395 4277 ι
2429 4240 2528 4280 nos
2574 4225 2807 4281 redemit
2843 4224 2911 4279 de
2967 4222 3258 4278 maledicto
3316 4223 3486 4293 legis,
3518 4241 3537 4275 ι
3572 4223 3620 4278 is

2041 4314 2158 4385 qui,
2199 4315 2454 4385 patiendo
2482 4331 2582 4387 pro
2615 4316 2949 4381 hominibus,
2977 4333 2995 4366 ι
3020 4314 3200 4370 factus
3227 4324 3312 4370 est
3343 4330 3442 4384 pro
3461 4315 3619 4371 nobis

2043 4407 2392 4463 maledictum
2428 4408 2496 4462 ”.
2532 4427 2552 4461 ι
2587 4407 2692 4463 Sed
2740 4406 3201 4478 quemadmodum
3237 4407 3620 4462 convenienter

361 4499 507 4568 ἡμᾶς
552 4499 616 4550 ἐκ
658 4497 756 4566 τῆς
787 4497 1027 4568 κατάρας
1073 4497 1167 4552 τοῦ
1209 4498 1376 4569 νόμου
1414 4517 1432 4549 ι
1483 4499 1512 4552 6
1544 4499 1600 4552 ἐν
1631 4497 1709 4569 τῷ
1753 4499 1935 4552 παθεῖν

2045 4499 2247 4555 Paulus
2279 4499 2483 4557 Iudaeis
2517 4501 2695 4557 factus
2729 4513 2812 4556 est
2864 4519 2882 4552 ι
2911 4500 3161 4565 Iudaeus,
3201 4507 3259 4553 ut
3295 4496 3511 4553 Judaeos
3536 4498 3622 4552 lu-

359 4589 502 4658 ὑπὲρ
543 4585 844 4657 ἀνθρώπων
876 4604 894 4636 ι
941 4580 1230 4658 γενόμενος
1278 4589 1416 4659 ὑπὲρ
1447 4588 1602 4660 ἡμῶν
1630 4589 1862 4662 κατάρα.
1912 4609 1932 4642 ι

367 4678 532 4732 Ἀλλὰ
577 4677 819 4749 ὡσπερεὶ
865 4679 1212 4750 καθηκόντως
1245 4680 1341 4734 καὶ
1390 4680 1604 4745 Παῦλος
1644 4685 1759 4746 τοῖς
1809 4683 1940 4736 Ἰου-

355 4770 526 4832 δαίοις
563 4785 583 4819 ι
635 4767 886 4832 Ἰουδαῖος
919 4768 1157 4836 ἐγένετο,
1181 4770 1267 4824 ἵνα
1311 4770 1600 4836 Ἰουδαίους
1619 4773 1880 4845 κερδήσῃ,
1913 4792 1932 4826 ι

357 4864 408 4916 τί
439 4863 642 4917 ἄτοπον
675 4860 802 4924 τοὺς
836 4859 1164 4926 ἀποστόλους
1197 4865 1254 4917 ἐν
1286 4862 1560 4929 Ἰουδαίοις
1587 4865 1939 4936 ποιουμένους

358 4958 454 5019 τὶς
490 4953 798 5028 διατριϐάς,
830 4954 932 5008 κᾶν
962 4954 1029 5008 τὰ
1062 4955 1404 5026 πνευματικά
1431 4957 1594 5010 νοῶσι
1631 4957 1723 5010 τοῦ
1749 4957 1934 5027 νόμου,

360 5043 588 5114 χρῆσθαι
632 5047 700 5116 τῇ
747 5044 1154 5116 συμπεριφορᾷ,
1187 5043 1262 5108 ὼς
1292 5045 1386 5098 καὶ
1418 5044 1629 5111 Παῦλος
1677 5048 1938 5118 Τιμόθεον

2041 4599 2288 4645 craretur
2312 4591 2379 4658 ³⁰;
2425 4611 2445 4644 ι
2485 4592 2616 4662 quid
2665 4591 2959 4648 absurdum
3007 4599 3091 4646 est
3130 4589 3404 4659 apostolos
3452 4586 3623 4660 488

2043 4682 2184 4738 inter
2216 4681 2434 4739 Judazos
2459 4693 2887 4748 commorantes,
2925 4685 3029 4738 etsi
3063 4681 3322 4753 mysticos
3346 4681 3480 4751 legis
3501 4696 3621 4735 sen-

2045 4786 2139 4828 sus
2179 4773 2458 4839 callerent,
2493 4789 2616 4831 sese
2663 4777 2843 4828 tanien
2893 4773 2961 4828 ad
3006 4772 3237 4826 alienam
3285 4771 3618 4825 voluntatem

2044 4866 2512 4935 accommodasse,
2545 4865 3004 4937 quemadmodum
3039 4873 3093 4919 et
3125 4862 3326 4920 Paulus
3353 4879 3477 4918 cum
3521 4863 3618 4918 Ti-

2045 4953 2325 5010 motheum
2374 4957 2738 5020 circumcidit,
2772 4965 2826 5011 et
2870 4955 3197 5011 sacrilicium
3240 4954 3392 5025 juxta
3432 4963 3617 5010 votum

2025 5045 2317 5125 quoddam
2374 5049 2543 5120 legale
2590 5051 2806 5119 obtulit,
2857 5061 2916 5106 ut
2953 5051 3007 5105 in
3056 5051 3203 5106 Actis
3247 5049 3616 5120 apostolorum

434 5242 696 5325 2fmllatth.
727 5259 800 5311 ιι,
829 5243 919 5298 22.
989 5244 1035 5276 ³⁸
1056 5241 1247 5297 Matth.
1284 5257 1374 5309 xv,
1407 5241 1460 5308 ‘l,
1489 5240 1546 5294 2.
1621 5241 1667 5273 ’⁷
1689 5241 1875 5298 ΜιιιιΙι.
1908 5262 1935 5300 x

2054 5248 2145 5318 55,
2179 5253 2269 5308 56.
2333 5257 2380 5289 ⁸⁸
2410 5255 2602 5311 Matth.
2633 5258 2767 5325 xv,l
2872 5257 2915 5287 ²⁹
2954 5254 3070 5310 Gal.
3101 5269 3185 5316 ιιι,
3221 5250 3308 5304 l5.
3383 5249 3614 5305 "lCor.

362 5329 435 5375 tv,
463 5314 553 5368 ‘20.

435 5516 546 5586 (9'2)
590 5517 728 5587 Περί
762 5517 882 5571 τῶν
921 5515 1416 5587 προσελθόντων,
1451 5524 1558 5587 etc.
1605 5513 1702 5571 Hic
1750 5516 1938 5574 titulus

2120 5535 2236 5605 (94)
2286 5536 2412 5588 Ἐπὶ
2444 5536 2549 5589 τοῦ
2586 5537 2979 5591 διδασκάλου.
3015 5533 3240 5605 Huetius
3270 5528 3612 5605 scribendum

365 5590 417 5641 in
448 5587 688 5678 editiqne
708 5586 894 5678 'l'luerii
940 5585 1050 5642 non
1085 5597 1400 5656 comparet,
1440 5585 1532 5642 sed
1563 5587 1844 5657 suppletur
1870 5603 1935 5644 ex

2042 5585 2953 5678 putastis;magis};
2968 5585 3324 5678 seeae...
3346 5598 3616 5678 sei-cos;

362 5658 674 5726 apographo
708 5657 1024 5712 Tariniano.

431 5727 544 5850 (θεὲ)
597 5726 1006 5797 Ἀπέρχονται.
1045 5727 1358 5801 Legendum
1407 5727 1620 5783 videtur
1655 5735 1715 5782 ut
1751 5740 1938 5797 supra,

431 5814 502 5849 ne
538 5814 772 5850 ογονται.

370 5812 772 5867 τρυσεργονται.

2045 5667 2293 5755 μαθητάς
2336 5679 2389 5755 i_n
2417 5667 2577 5755 nullo
2604 5667 2797 5755 'coilice
2837 5674 3210 5755 υκαι-«ψιεινξοἐ
3246 5671 3428 5755 Codex
3454 5667 3614 5724 τοισί-

2042 5740 2240 5803 hiantis
2277 5747 2438 5803 habet
2469 5747 2983 5830 synaloﬁwsgﬁap‘t
3011 5740 3103 5800 τοῦ
3134 5740 3470 5798 διδασκάλου.
