4094 6290
315 416 418 472 929

1311 401 1667 461 COMMENT.
1711 399 1778 456 lN
1819 398 2234 454 MATTHA'LUM
2275 397 2513 454 TOMUS
2551 398 2642 452 XI.

3501 419 3604 478 950

317 533 559 604 νοητέον.
591 530 704 586 Καὶ
732 531 761 584 ὁ
797 528 896 600 μὲν
929 527 1062 590 Θεὸς
1103 519 1224 580 εἷπε
1246 542 1259 554 ·
1321 545 1339 575 ι
1371 526 1517 595 Τίμα
1565 523 1658 575 τὸν
1701 523 1909 593 πατέρα

2016 526 2113 570 est.
2139 516 2216 570 Ac
2245 515 2384 569 Deus
2408 516 2625 584 quidem
2646 515 2784 570 dixit
2803 516 2881 570 ³⁵ε
2912 533 2930 567 ι
2964 514 3180 570 llonora
3204 525 3410 586 patrem
3441 525 3596 571 tuum

321 642 416 678 σου
452 623 546 677 καὶ
579 623 677 693 τὴν
709 619 922 692 μητέρα
946 636 1063 683 σου,
1101 637 1120 669 ι
1150 617 1414 670 διδάσκων
1451 618 1549 687 τὴν
1581 615 1802 668 δέουσαν
1832 633 1910 668 τι-

321 716 428 786 μὴν
444 713 738 783 ἀπονέμειν
761 709 979 780 γονεῦσι
1006 709 1099 763 τὸν
1115 707 1173 775 ἐξ
1188 707 1367 761 αὐτῶν
1391 707 1749 778 γεννώμενον.
1767 705 1910 759 Ταύ-

316 821 418 875 της
445 804 545 874 τῆς
574 801 710 873 πρὸς
738 801 862 864 τοὺς
883 802 1063 868 γονεῖς
1089 798 1255 868 τιμῆς
1283 799 1357 868 (5)
1399 799 1566 869 μέρος
1606 794 1674 868 ἦν
1721 799 1816 851 κα)⁸
1847 799 1908 850 τὸ

319 895 592 950 κοινωνεῖν
629 893 813 958 αὐτοῖς
845 891 952 945 τῶν
975 889 1243 962 βιωτικῶν
1276 889 1473 960 χρειῶν
1504 891 1584 952 εἰς
1615 889 1909 961 διατροφὰς

320 987 417 1042 καὶ
449 985 814 1057 σκεπάσματα
833 1023 847 1047 ,
895 983 992 1038 καὶ
1043 982 1099 1036 εἴ
1130 999 1183 1035 τι
1213 981 1340 1037 ἄλλο
1364 975 1476 1044 οἷός
1502 998 1561 1034 τε
1595 977 1663 1051 ἦν
1692 980 1912 1052 χαρίζε-

324 1079 447 1132 σθαι
485 1081 598 1142 τοῖς
643 1075 838 1132 ἐαυτοῦ
875 1073 1159 1143 γονεῦσιν·
1207 1075 1258 1127 οἱ
1295 1072 1354 1125 δέ
1389 1075 1674 1144 Φαρισαῖοι
1722 1073 1815 1126 καὶ
1859 1072 1910 1125 οἱ

322 1171 674 1242 γραμματεῖς
701 1166 956 1238 τοιαύτην
988 1164 1406 1235 ἐναντιουμένην
1430 1163 1509 1235 τῷ
1541 1164 1692 1235 νόμῳ
1735 1164 1913 1235 παρά-

321 1259 468 1315 δοσιν
516 1258 883 1313 ἐκδεδὼκασιν
909 1297 924 1321 ,
970 1257 1340 1327 ἀσαφέστερον
1379 1258 1438 1309 ἐν
1484 1254 1565 1327 τῷ
1600 1254 1914 1325 Εύαγγελίῳ

323 1350 607 1421 κειμένην,
711 1349 818 1402 οὐδ’
846 1347 1001 1401 αὐτοὶ
1025 1345 1466 1418 ἐπιϐεϐλήκαμεν
1495 1347 1580 1410 ἂν,
1612 1348 1662 1399 εἰ
1695 1347 1768 1418 μὴ
1803 1345 1914 1399 τῶν

335 1440 607 1514 Ἐϐραίων
655 1457 738 1503 τις
783 1438 1109 1492 ἐπιδέδωκεν
1152 1438 1282 1508 ἡμῖν
1325 1436 1395 1492 τά
1434 1437 1574 1492 κατά
1613 1438 1706 1491 τὸν
1749 1438 1913 1490 τόπον

323 1530 498 1594 οὕτως
537 1529 746 1600 ἔχοντα.
782 1527 931 1582 Ἔσθ⁹
965 1529 1086 1591 ὅτε,
1131 1527 1315 1598 φησὶν,
1352 1527 1402 1580 οἱ
1434 1527 1730 1591 δανεισταὶ,
1785 1527 1915 1580 δυσ-

324 1621 619 1694 τραπέλοις
650 1619 1068 1692 περιπίπτοντες
1111 1617 1431 1689 χρεώσταις.
1481 1619 1574 1672 καὶ
1598 1618 1916 1688 δυναμένοις

331 1711 452 1781 μὲν,
487 1710 561 1781 μὴ
593 1709 932 1780 βουλομένοις
963 1708 1018 1761 δὲ
1046 1707 1356 1762 ἀποδιδόναι
1400 1708 1462 1761 τὸ
1496 1708 1653 1782 χρέος
1675 1749 1691 1772 ,
1739 1707 1916 1762 ἀνετί-

329 1799 494 1854 Οεσαν
520 1800 579 1853 τὸ
601 1799 949 1869 ὀφειλόμενον
981 1799 1061 1861 εἰς
1087 1797 1180 1850 τὸν
1200 1796 1308 1850 τῶν
1339 1800 1586 1866 πενήτων
1626 1797 1804 1866 λόγον,
1833 1791 1916 1860 οἷς

2010 616 2063 660 et
2092 616 2320 659 matrem
2357 615 2530 668 tuam,
2554 625 2572 656 ›
2605 607 2808 661 docens
2838 605 3099 661 honorem
3123 608 3365 661 debitum
3394 621 3595 677 parcu-

2012 697 2158 751 tibus
2195 697 2526 750 reddendmn
2567 712 2690 752 esse
2723 697 2789 752 ab
2830 712 2896 752 eo
2954 698 3046 766 qui
3075 713 3142 752 ex
3190 698 3322 767 ipsis
3382 697 3599 768 genitus

2011 795 2118 841 est.
2154 784 2328 854 llujus
2363 796 2542 841 autem
2587 802 2714 856 erga
2747 799 2996 856 parentes
3029 788 3254 842 honoris
3291 804 3419 857 pars
3451 801 3595 852 erat,

2013 875 2136 932 vita:
2166 877 2449 931 commoda
2491 877 2557 930 ad
2603 877 2803 930 victum
2835 885 2888 932 et
2924 877 3182 932 vestitum
3229 878 3434 931 habere
3467 893 3595 931 cum

2012 966 2120 1020 illis
2147 967 2486 1031 communia,
2518 975 2573 1021 et
2615 967 2662 1022 si
2713 983 2877 1036 quam
2927 968 3089 1021 aliam
3145 984 3256 1021 rem
3305 968 3598 1038 gratiticari

2018 1057 2337 1127 parentibus
2383 1058 2500 1112 suis
2546 1067 2776 1128 poterat.
2807 1057 3067 1112 Pharisrei
3091 1066 3273 1111 autem
3307 1066 3362 1111 et
3396 1058 3603 1113 Scriba:

2019 1149 2178 1201 talem
2208 1149 2312 1220 legi
2342 1149 2670 1203 contrariam
2705 1149 3049 1204 traditionem
3090 1149 3468 1218 prodiderunt,
3502 1151 3604 1204 ob-

2017 1238 2235 1292 scurius
2269 1239 2322 1292 in
2354 1237 2648 1310 Evangelia
2676 1256 3012 1310 expressam,
3045 1256 3206 1310 quam
3241 1258 3307 1296 ne
3338 1257 3438 1296 nos
3471 1241 3598 1311 qui-

2015 1327 2138 1382 dem
2188 1327 2487 1384 fuissemus
2534 1331 2792 1396 assecuti,
2842 1329 2947 1383 nisi
3003 1330 3200 1399 aliquis
3249 1347 3314 1386 ex
3359 1330 3603 1386 Hebraeis

2017 1418 2332 1472 tradidisset
2361 1419 2519 1473 nobis
2557 1434 2618 1472 ea
2650 1434 2772 1487 qua:
2803 1419 2866 1472 ad
2906 1419 3050 1473 hunc
3087 1421 3266 1474 locum
3302 1423 3600 1491 pertinent,

2015 1510 2095 1564 sic
2129 1525 2188 1564 se
2227 1509 2500 1564 habentia.
2537 1510 2815 1581 Contingit
2857 1527 3270 1581 nonnunquam,
3313 1514 3512 1584 inquit,
3542 1525 3603 1569 ut

2019 1599 2358 1656 feneratores
2422 1617 2546 1655 cum
2607 1602 2659 1655 in
2715 1603 2961 1658 difficiles
3013 1605 3288 1661 debitores
3331 1608 3600 1671 incidunt,

2021 1690 2114 1759 qui
2147 1699 2379 1758 possunt
2424 1691 2666 1760 quidem,
2704 1693 2796 1747 sed
2833 1693 3026 1747 nolunt
3071 1694 3312 1748 debitum
3352 1696 3600 1760 reddere,

2019 1779 2260 1833 debitum
2291 1780 2346 1833 in
2384 1795 2683 1850 pauperum
2717 1781 2987 1837 rationem
3023 1795 3364 1851 consecrent,
3399 1787 3600 1856 quibus

327 1892 583 1945 ἐϐάλλετο
612 1893 692 1955 είς
711 1889 771 1944 τὸ
798 1887 1197 1959 γαζοφυλάκιον
1237 1888 1326 1958 ὑφ’
1371 1889 1598 1943 ἑκάστου
1619 1929 1633 1951 ,
1682 1889 1757 1952 ὡς
1799 1888 1910 1941 ἐδύ-

2021 1869 2073 1923 in
2109 1869 2560 1940 gazophylacium
2610 1871 2842 1940 pecunia
2891 1874 3208 1928 mittebatur
3257 1889 3356 1944 pro
3396 1877 3603 1931 viribus

327 1999 476 2047 νατο,
503 1981 610 2036 τῶν
645 1981 981 2052 βουλομένων
1008 1981 1195 2044 αὐτοῖς
1233 1982 1529 2036 κοινωνεῖν.
1563 1980 1789 2048 Ἔλεγον
1819 1977 1912 2034 οῦν

329 2072 440 2126 ἔσθ’
465 2073 552 2126 ὅτε
584 2075 699 2136 τοῖς
728 2072 1001 2142 ὀφείλουσι
1044 2070 1185 2125 κατά
1224 2071 1322 2142 τὴν
1362 2070 1566 2124 οἰκείαν
1612 2071 1910 2124 διάλεκτον’

329 2162 548 2233 Κορϐᾶν
592 2163 738 2215 ἐστιν
790 2160 818 2213 ὃ
863 2158 1099 2228 ὀφείλεις
1138 2175 1264 2230 μοι,
1294 2158 1561 2222 τουτέστι,
1592 2157 1765 2227 δῶρον
1798 2157 1871 2227 (Il)
1897 2173 1910 2188 ο

329 2252 569 2324 ἀνέθηκα
602 2251 711 2324 γάρ
743 2249 876 2304 αὐτὸ
900 2251 979 2313 εἰς
1005 2249 1161 2316 λόγον
1191 2249 1292 2318 τῆς
1321 2249 1402 2311 εἰς
1459 2247 1591 2300 Θεὸν
1633 2246 1918 2311 εὐσεϐείας

328 2345 442 2406 τοῖς
474 2342 720 2413 πένησιν.
754 2341 886 2395 Εἶτα
910 2341 939 2392 ὁ
976 2336 1292 2409 χρεώστης,
1343 2339 1418 2401 ὡς
1462 2338 1657 2407 μηκέτι
1703 2336 1915 2409 ἀνθρώ-

331 2451 474 2500 ποις,
501 2433 636 2488 ἀλλά
657 2433 734 2504 τῷ
760 2432 878 2502 Θεῷ
907 2432 1134 2500 ὀφείλων
1159 2471 1172 2494 ,
1204 2431 1298 2482 καὶ
1328 2431 1393 2500 τῇ
1440 2431 1520 2491 εἰς
1568 2428 1730 2482 αὑτὸν
1765 2429 1918 2481 εὐσε-

331 2522 455 2595 ϐείᾳ
473 2563 487 2586 ,
525 2523 686 2577 οἱονεὶ
714 2521 1050 2576 συνεκλείετο
1070 2519 1205 2592 πρὸς
1235 2519 1318 2585 τὸ,
1350 2519 1442 2572 καὶ
1475 2517 1548 2589 μὴ
1576 2517 1914 2588 βουλόμενος,

331 2610 623 2666 ἀποδοῦναι
655 2611 716 2665 τὸ
746 2611 928 2683 χρέος,
957 2610 1139 2663 οὐκέτι
1165 2610 1262 2680 μὲν
1295 2609 1372 2678 τῷ
1395 2608 1646 2679 δανειστῇ
1670 2649 1684 2672 ,
1731 2610 1830 2680 ἤδη
1861 2609 1917 2662 δὲ

331 2704 413 2767 είς
442 2704 534 2757 τὸν
557 2703 712 2771 λόγον
733 2703 842 2755 τῶν
866 2703 1114 2772 πενήτων
1141 2699 1216 2772 τῷ
1247 2699 1364 2771 Θεῷ
1385 2741 1400 2764 ,
1437 2700 1495 2766 ἐξ
1537 2699 1797 2771 ὀνόματος
1822 2699 1916 2754 τοῦ

331 2789 633 2844 δανειστοῦ.
668 2792 844 2862 Ὅπερ
872 2787 963 2844 οὖν
984 2792 1012 2844 ὁ
1040 2790 1319 2862 δανειστὴς
1349 2791 1521 2844 ἐποίει
1544 2789 1620 2863 (5)
1644 2791 1720 2862 τῷ
1743 2790 1918 2863 χρεώ-

339 2899 460 2953 στῃ,
495 2881 650 2935 τοῦτό
693 2881 823 2935 ποτέ
862 2899 1005 2944 τινες
1053 2881 1160 2935 τῷν
1207 2881 1336 2936 υίῷν
1373 2885 1485 2946 τοῖς
1529 2881 1779 2950 γονεῦσι,
1823 2883 1916 2936 καὶ

339 2970 521 3039 ἔλεγον
549 2973 750 3036 αὐτοῖς,
781 2973 882 3035 ὅτι,
917 2973 982 3026 Ὃ
1017 2971 1082 3025 ἂν
1114 2972 1174 3036 ἐξ
1200 2972 1332 3043 ἐμοῦ
1365 2971 1650 3042 ὠφεληθῇς
1672 2971 1770 3043 (6),
1806 2974 1916 3025 πά-

314 3057 429 3129 ’τερ
454 3059 486 3129 ἦ
520 3060 724 3131 μῆτερ,
768 3059 925 3113 τοῦτο
954 3059 1063 3113 ἴσοι
1096 3060 1204 3114 ἀπὸ
1228 3061 1320 3113 τοῦ
1351 3059 1570 3132 Κορϐᾶν
1595 3059 1911 3132 λαμϐάνειν,

335 3151 400 3202 ἐκ
445 3149 538 3202 τοῦ
583 3150 740 3220 λόγου
782 3152 889 3204 τῶν
936 3151 1054 3222 Θεῷ
1096 3153 1470 3222 ἀνακειμένων
1503 3153 1751 3224 πενήτων
1809 3152 1908 3223 (7).

2026 1957 2096 2011 ab
2130 1974 2462 2028 unoquoque
2493 1974 2681 2013 eorum
2732 1960 2824 2029 qui
2871 1961 3122 2016 volebant
3160 1979 3283 2017 cum
3319 1963 3423 2018 illis
3462 1965 3603 2019 bona

2018 2049 2450 2105 communicare.
2485 2050 2747 2105 Dicebant
2786 2064 2965 2106 autem
3011 2069 3405 2124 nonnunquam
3444 2057 3604 2112 debi~

2017 2160 2230 2215 toribus
2250 2176 2348 2216 sua
2373 2160 2559 2232 lingua
2593 2178 2606 2214 :
2635 2159 2851 2215 Corban
2883 2171 2966 2217 est
2995 2163 3045 2217 id
3071 2166 3213 2234 quod
3248 2167 3380 2220 mihi
3409 2167 3596 2232 debes,

2026 2249 2128 2304 hoc
2153 2261 2257 2318 est,
2281 2251 2518 2316 donum;
2553 2251 2794 2306 dedicari
2826 2255 2969 2306 enim
3005 2254 3135 2308 illud
3172 2257 3505 2326 pauperibus
3539 2259 3594 2313 in

2019 2341 2286 2396 rationem
2319 2343 2538 2412 pietatis
2569 2358 2696 2414 erga
2734 2343 2923 2398 Deum.
2967 2343 3170 2402 Deinde
3204 2349 3436 2413 debitor,
3472 2357 3593 2403 tan-

2025 2446 2189 2499 quam
2239 2447 2346 2486 non
2397 2432 2709 2487 hominibus
2761 2435 3016 2503 amplius,
3062 2438 3156 2492 sed
3211 2436 3322 2492 Deo
3374 2439 3600 2505 debens,

2023 2536 2244 2590 sumque
2273 2537 2400 2592 erga
2448 2522 2599 2576 illum
2638 2523 2850 2592 pietati,
2885 2526 3051 2580 veluti
3090 2527 3218 2582 illuc
3245 2531 3604 2584 concludeba—

2026 2619 2134 2676 tur,
2166 2621 2226 2666 ut
2251 2613 2416 2667 etiam
2449 2614 2642 2670 nolens
2681 2617 2920 2670 debitum
2951 2618 3198 2687 referret,
3223 2637 3330 2674 non
3362 2625 3601 2692 amplius

2023 2701 2314 2757 feneratori
2342 2744 2358 2768 ,
2408 2703 2502 2758 sed
2549 2705 2662 2773 jam
2717 2705 2824 2761 Deo
2876 2709 2928 2762 in
2970 2711 3233 2765 rationem
3277 2728 3597 2782 pauperum,

2018 2793 2241 2847 nomine
2273 2793 2618 2849 feneratoris.
2664 2798 2817 2862 Quod
2853 2798 3020 2869 igitur
3054 2799 3328 2856 fenerator
3365 2803 3601 2862 faciebat

2025 2902 2306 2969 creditori,
2333 2903 2462 2958 illud
2493 2904 2633 2958 idem
2670 2908 2919 2962 nonnulli
2947 2910 3275 2981 quandoque
3309 2914 3400 2968 lilii
3436 2913 3603 2972 facie-

2024 2991 2155 3046 bant
2199 2993 2538 3061 parentibus,
2573 2995 2935 3067 dicebantque
2963 2999 3072 3054 illis
3102 3018 3114 3052 :
3148 3003 3284 3056 Illud
3316 3020 3425 3072 quo
3455 3021 3484 3059 a
3516 3023 3602 3061 me

2021 3081 2241 3149 adjutus
2265 3082 2483 3148 fuisses,
2513 3093 2665 3154 pater
2680 3085 2764 3138 vel
2796 3098 2984 3152 mater,
3006 3089 3142 3142 scito
3169 3104 3220 3144 te
3248 3102 3598 3160 aecepturum

2019 3183 2049 3222 e
2081 3170 2297 3224 Corban
2325 3171 2391 3224 de
2412 3173 2623 3226 ratione
2655 3189 2952 3242 pauperum
2981 3175 3093 3230 Deo
3123 3192 3595 3238 consecratorum.

336 3237 467 3294 Εἶτα
495 3241 781 3307 ἀκούοντες
809 3244 859 3296 οἱ
885 3247 1082 3313 γονεῖς,
1105 3245 1185 3297 ὅτι
1212 3243 1427 3316 Κορϐἄν
1452 3246 1598 3298 ἐστιν
1627 3245 1910 3316 ἀνακείμε-

2021 3257 2232 3314 Deinde
2267 3262 2550 3318 audientes
2579 3275 2834 3335 parentes
2863 3267 3080 3323 Corban
3115 3285 3236 3326 esse
3268 3271 3379 3328 Deo
3406 3289 3604 3348 conse-

334 3346 423 3385 νον
450 3331 528 3402 τῷ
547 3330 662 3400 Θεῷ
679 3331 740 3385 τὸ
757 3331 1027 3402 διδόμενον
1051 3334 1252 3397 αὐτοῖς,
1275 3335 1459 3388 οὐκέτι
1482 3334 1763 3389 ἐϐούλοντο
1789 3335 1918 3408 λαμ-

337 3421 539 3488 ϐἀνειν,
570 3425 616 3476 εί
643 3423 736 3476 καὶ
764 3425 903 3478 πάνυ
932 3425 1160 3497 ἔχρῃζον
1183 3425 1288 3478 τῶν
1309 3426 1640 3495 ἀναγκαίων,
1679 3429 1788 3482 ἀπὸ
1809 3428 1916 3481 τῶν

337 3514 512 3567 υἱέων.
565 3517 628 3568 Oi
667 3510 760 3568 οῦν
799 3516 1153 3587 πρεσϐύτεροι
1201 3516 1452 3587 τοιαύτην
1499 3519 1798 3590 παράδοσιν
1832 3520 1913 3582 είς

335 3607 460 3670 τοὺς
490 3606 598 3660 ἀπὺ
628 3607 721 3661 τοῦ
755 3607 883 3662 λαοῦ
915 3608 1118 3679 ἔλεγον,
1155 3609 1259 3672 ὅτι,
1299 3611 1485 3674 Ὅστις
1514 3611 1578 3666 ἂν
1606 3612 1684 3683 τῷ
1711 3613 1909 3684 πατέρι

336 3697 371 3768 ἢ
402 3700 467 3769 τῇ
512 3699 710 3771 μητέρι
749 3700 876 3770 εἴπῃ
923 3699 983 3753 τὸ
1022 3701 1297 3770 διδόμενόν
1334 3719 1441 3755 τινι
1483 3701 1663 3758 αὐτῶν
1692 3705 1912 3776 Κορόἄν

336 3783 496 3855 εἶναι,
542 3791 633 3845 καὶ
659 3790 849 3860 δῶρον,
879 3785 1032 3854 οὗτος
1079 3792 1260 3845 οὐκέτι
1293 3792 1575 3865 ὀφειλέτης
1610 3795 1728 3849 ἐστὶ
1775 3796 1912 3868 πρὸς

1749 3879 1788 3904 ς

414 3952 458 3982 ³³
498 3953 668 4008 Exod.
699 3970 800 4021 xit,
828 3954 934 4021 20;
965 3953 1180 4010 Denter.
1213 3972 1267 4023 τ,
1293 3958 1381 4013 16.

407 4106 484 4192 (ᾗ)
527 4110 753 4192 Ταύτης
790 4107 1094 4192 τῆς-,πρὸς
1136 4111 1281 4178 τοὺς
1311 4112 1508 4192 τρνεῖς
1551 4114 1759 4185 τιμῆς,
1797 4126 1904 4176 etc.

337 4175 880 4258 Eademnluegbabet
915 4175 1296 4258 I‘licronymus.
1321 4175 1589 4239 Hua'rius.

409 4250 486 4318 (4)
520 4249 752 4318 Κορϐᾶν
793 4251 966 4322 ἐστιν,
1009 4249 1042 4303 ὃ
1070 4249 1351 4322 ,ὀφείλεις
1407 4271 1540 4322 μοι,
1590 4257 1862 4311 τουτέστι
1891 4297 1907 4321 ,

335 4317 546 4388 δῶρον.
753 4338 772 4373 ι
795 4321 1029 4384 Oblatio,
1051 4317 1278 4389 donum,
1314 4317 1660 4378 sacrificium.
1685 4346 1702 4377 ι
1735 4317 1912 4381 Theo;

337 4409 646 4494 phylactus,
665 4414 719 4466 in
740 4411 929 4494 Μέιξηι.
953 4427 1053 4494 κν,
1073 4412 1145 4494 δέ
1178 4412 1398 4494 ξορϐᾶν
1431 4415 1583 4494 ἐστιν
1619 4414 1647 4468 ὃ
1678 4417 1909 4494 ὀφείλεις

343 4495 431 4549 μοι
447 4520 470 4554 ,_
496 4481 738 4554 τουτέστι
779 4481 970 4554 δῷρονμ
985 4481 1064 4554 τῷ
1105 4481 1223 4554 Θεῷ
1264 4481 1780 4554 ἀνατεθειμένονίό
1818 4481 1911 4544 οὖν

339 4549 638 4673 gregari}?
663 4553 739 4616 ὡς
767 4553 845 4622 τῷ
859 4549 982 4624 Θεῷ
1003 4549 1457 4623 ἐκτοτέόφείλων,
1486 4549 1588 4610 καὶ
1615 4558 1762 4611 ἄκων
1787 4576 1920 4612 κατ-

404 4639 438 4673 α
505 4639 552 4673 ε.
606 4639 659 4673 n.

404 4639 552 4673 αΑΑε.
584 4639 636 4674 ID
647 4662 659 4675 .

412 4691 489 4759 (5)
525 4691 709 4760 Ὅπερ
753 4687 867 4746 οὖν
894 4694 926 4746 ὁ
967 4691 1290 4761 δανειστὴς
1332 4693 1552 4760 ἐποίει,
1597 4705 1700 4751 etc.
1741 4692 1916 4754 Fene-

339 4769 492 4815 rator
537 4763 922 4834 ut_pecuniam
952 4763 1226 4834 creditam
1271 4766 1568 4834 reciperet.
1624 4767 1764 4822 hanc
1803 4768 1915 4824 Deo

340 4831 716 4908 consecrabat,
750 4841 910 4908 atque
950 4832 1182 4908 ita__eam
1223 4848 1325 4888 suo
1373 4831 1592 4908 nomine
1637 4837 1690 4890 in
1744 4853 1912 4908 gazo-

339 4901 650 4976 phylacium
694 4900 893 4976 inferre
926 4900 1517 4976 creditoremucogebat
1541 4948 1556 4972 ,
1606 4900 1772 4976 quod'
1797 4918 1915 4964 erat

340 4970 460 5024 eain
498 4970 846 5046 aliquantodo
876 4972 1132 5046 recipere.
1166 4970 1286 5024 Filii
1310 4970 1511 5046 autem,
1538 4970 1602 5028 ne
1623 4970 1908 5046 pecuniam

341 5041 659 5115 parentibus
686 5041 922 5115 debitam
966 5043 1201 5115 _dare_nt_,_
1229 5056 1348 5115 eam
1380 5043 1492 5115 Deo
1539 5041 1742 5115 pariter
1779 5064 1910 5102 con-

343 5112 648 5165 secrabant.
697 5109 866 5179 Igitur
908 5110 1121 5164 etiamsi
1139 5111 1382 5179 diversis
1412 5113 1478 5168 de
1520 5109 1723 5179 causis,
1766 5118 1907 5172 idem

345 5189 526 5253 tamen
576 5181 674 5253 lilii
718 5178 800 5253 illi
842 5194 1076 5253 nequam
1126 5178 1396 5253 faciebant
1447 5199 1511 5237 ac
1564 5178 1904 5253 creditores;

341 5249 558 5319 utrique
591 5251 734 5305 enim
761 5248 976 5304 Corban
1001 5249 1402 5307 causabantur:
1430 5253 1530 5316 illi,
1565 5265 1625 5307 ut
1653 5248 1904 5311 mutuum

342 5321 660 5442 reciperent,
687 5321 783 5387 illi,
808 5334 876 5375 ne
903 5321 1030 5403 quid
1054 5322 1366 5400 parentibus
1382 5323 1590 5378 darent.
1615 5323 1692 5404 in.

414 5389 433 5442 (
477 5391 492 5442 i
531 5391 601 5442 Ὃ
629 5390 707 5442 ἂν
730 5390 798 5442 ἐξ
823 5391 967 5442 ἐιιου
997 5392 1329 5442 ωφεληθηο.
1357 5399 1460 5442 etc.
1509 5391 1635 5442 LOCI
1664 5409 1692 5442 ο

414 5388 492 5463 (6)
531 5391 601 5442 Ὃ
629 5390 707 5463 ἂν
725 5390 798 5463 εξ
823 5388 967 5459 ἐμοῦ
991 5388 1460 5463 -ᾠφεληθῇςχοιο,
1509 5391 1635 5448 Loci
1664 5393 1901 5463 obscuri,

340 5460 597 5530 raricque
630 5461 698 5514 ab
725 5460 1109 5530 interpretibus
1143 5461 1346 5530 accepti
1393 5463 1538 5517 clara
1570 5463 1683 5518 haec
1708 5473 1791 5519 est
1849 5460 1903 5520 et

338 5528 574 5582 dilucida
609 5528 881 5599 expositio
902 5548 916 5584 :
940 5547 973 5601 ξ
1004 5529 1121 5596 Qua
1150 5545 1208 5585 re
1235 5528 1385 5586 ante
1426 5532 1646 5601 adjutus
1676 5533 1896 5599 fuisses,

338 5615 375 5651 υ
399 5605 571 5678 pater,
589 5613 649 5653 ea
682 5598 768 5654 res
795 5600 908 5678 jam
939 5598 1047 5678 Deo
1072 5611 1389 5678 consecrata
1409 5598 1525 5678 est;
1557 5604 1672 5678 sive
1699 5598 1898 5678 munus
2001 5598 2093 5678 '55,

338 5677 423 5742 est
445 5669 496 5722 id
515 5684 628 5742 quo
651 5685 681 5724 a
704 5668 1094 5742 mcjuvareris.
1123 5688 1143 5742 ι
1173 5668 1454 5742 Origenes.
1474 5675 1527 5725 in
1557 5672 1750 5725 Matth.
1783 5689 1893 5737 xw,

341 5738 429 5804 ὅθί,
447 5755 513 5793 ex
537 5740 738 5810 Catena
769 5755 901 5794 mss.
941 5740 1186 5795 biblioth.
1209 5738 1338 5810 iteg.
1358 5760 1371 5795 :
1391 5743 1747 5796 Ἐπαίδευσαν
1771 5745 1896 5808 τοὺς

345 5815 490 5874 νέους
516 5809 793 5872 εὐσεϐείας
836 5810 1071 5881 σχήματι
1114 5809 1469 5882 καταφρονεῖν
1512 5813 1620 5864 τῶν
1657 5813 1888 5881 γονέων·

2025 3359 2258 3417 cratum,
2307 3351 2359 3406 id
2400 3353 2545 3422 quod
2590 3355 2692 3409 sibi
2721 3355 2960 3411 dandum
2992 3367 3132 3426 erat,
3163 3376 3272 3415 non
3307 3365 3540 3434 amplius
3568 3380 3600 3419 a

2023 3440 2148 3496 filiis
2194 3445 2440 3513 accipere
2487 3445 2765 3509 volebant,
2811 3449 3024 3504 etiamsi
3073 3451 3238 3508 rebus
3276 3459 3602 3513 necessariis

2021 3547 2353 3602 magnopere
2383 3534 2707 3604 indigerent.
2742 3533 2928 3593 Talem
2961 3555 3091 3609 ergo
3129 3544 3474 3602 traditionem
3510 3564 3598 3604 se-

2019 3621 2201 3676 niores
2224 3625 2364 3693 apud
2391 3624 2630 3694 plebeios
2659 3627 3007 3696 proferebant
3033 3651 3045 3686 :
3073 3632 3238 3704 490
3269 3635 3598 3710 Quicunque

2023 3713 2221 3768 dixerit
2247 3722 2386 3784 patri
2419 3717 2501 3771 vel
2545 3719 2726 3783 matri,
2763 3720 2816 3773 in
2845 3723 2988 3792 quod
3029 3724 3192 3779 alicui
3237 3744 3427 3783 eorum
3459 3732 3601 3786 dan-

2020 3801 2150 3856 dmn
2179 3815 2290 3858 crat
2317 3805 2533 3859 Corban
2568 3822 2690 3862 esse
2738 3816 2791 3863 et
2821 3811 3048 3877 donum,
3076 3831 3198 3869 eum
3228 3833 3332 3872 non
3364 3821 3602 3890 amplius

2012 4115 2125 4203 οἷον
2147 4119 2269 4203 εἷπε
2299 4122 2377 4203 τῷ
2412 4123 2526 4203 ἰδίῳ
2567 4122 2696 4203 υἱῷ·
2853 4142 2943 4196 μοι
2971 4127 3032 4182 τὸ
3071 4131 3341 4203 πρόϐατον
3372 4134 3532 4190 τοῦτο
3567 4137 3598 4190 ὃ

2013 4193 2185 4279 ἔχεις,
2208 4193 2240 4263 ἢ
2263 4192 2360 4279 τὸν
2718 4192 2922 4275 me}:
2971 4192 3242 4279 τοιοῦέτο-νο
3263 4203 3426 4279 -ἐλεγε
3460 4207 3602 4279 πρὸς

2013 4211 2185 4315 εέεις,
2208 4211 2240 4263 η
2270 4211 2360 4245 τον
2401 4211 2622 4275 μόσχον,
2653 4211 2684 4266 η
2718 4211 2922 4275 αλλοξι
2971 4214 3242 4282 τοιουτον·
3275 4211 3426 4272 ἔλεγε
3460 4211 3600 4279 πρὸς

2012 4279 2044 4343 τ
2079 4263 2587 4343 νηπατέραλᾼωρόν
2631 4266 2752 4343 ἐστι.
2786 4282 2945 4343 τρυτο
2981 4270 3236 4343 τῳμθεῷ,
3260 4273 3288 4325 δ
3327 4274 3500 4338 θέλεις
3537 4275 3600 4343 ἐξ

2017 4331 2150 4404 ἐμοῦ
2177 4331 2545 4404 ὠφεληθῆναι,
2577 4334 2667 4386 καὶ
2701 4335 2761 4387 ού
2807 4331 3040 4391 δύνασαί
3076 4331 3279 4395 λαϐεῖν.
3317 4359 3336 4394 ι
3361 4331 3602 4401 ,ιιινὲηθέ

2017 4403 2588 4477 docuerunt_pieta_tis
2636 4406 2858 4477 obtentu
2919 4421 3172 4477 parentes
3224 4422 3599 4470 contemnere.

2019 4471 2181 4526 Verbi
2212 4472 2427 4542 gratia,
2474 4474 2612 4528 dixit
2637 4473 2749 4528 lilio
2795 4471 2937 4532 suo?
2974 4477 3050 4534 Da
3087 4481 3220 4537 mihi
3263 4494 3415 4540 ovem
3455 4485 3598 4541 hanc

1951 4543 1997 4598 D
2025 4557 2189 4625 quam
2229 4543 2544 4625 habeshvel
2588 4545 2851 4625 vitulum,
2891 4551 2972 4625 vel
3004 4552 3149 4605 aliud
3202 4553 3330 4622 quid
3375 4554 3592 4625 simile;

2023 4612 2162 4693 dixit
2191 4613 2330 4694 patri
2362 4631 2375 4666 :
2415 4615 2620 4698 Donum
2648 4616 2779 4670 illud
2817 4629 2898 4675 est
2932 4618 3070 4698 Deo,
3102 4612 3280 4694 (ιιιοέ
3311 4643 3398 4681 me
3434 4612 3594 4698 adju;

2018 4681 2136 4766 vari
2180 4682 2419 4766 risk-nec
2461 4686 2706 4766 accipere
2753 4698 2922 4766 potes.
2949 4711 2983 4766 :_
3008 4681 3158 4749 Han'c
3197 4681 3591 4766 expositionem

2018 4752 2242 4806 retinuit
2265 4752 2692 4825 Chrysostomus
2720 4752 2799 4810 ι“‹
2829 4760 2984 4825 Quod
3019 4779 3047 4817 a
3081 4780 3167 4818 me
3201 4752 3590 4823 inlutilitatem

2017 4829 2166 4902 tuam
2195 4823 2353 4890 petis,
2381 4822 2578 4890 Pater,
2606 4827 2718 4896 jam
2753 4822 2899 4882 dono
2932 4831 3040 4902 Deo
3078 4833 3316 4890 dicatum
3347 4845 3452 4902 est,
3492 4853 3595 4894 nec

2016 4890 2144 4973 illud
2184 4890 2624 4973 sumerepotesi
2653 4916 2670 4946 ι
2704 4907 2757 4950 et
2785 4908 2901 4973 ppst
2932 4890 3594 4973 (Σιπγεοειοηιιιηῖ’ῙῖὴεόΖ

2316 4980 2356 5050 ηε
2394 4963 2575 5050 Δῷρόν
2608 4961 2849 5050 ἐστινίῶ
2882 4961 3078 5043 πάτερ,
3106 4973 3335 5050 δ-ζητεῑς
3364 4977 3423 5042 ἐξ
3455 4961 3592 5050 ἐμοῦ

2011 5029 2383 5114 ὠφεληθῆναι.
2404 5051 2431 5114 ,ι
2457 5029 2798 5114 Donum_est,
2828 5055 2871 5114 ρ
2900 5029 3074 5110 pater,
3104 5029 3335 5114 id'quod
3365 5029 3591 5103 έλήίὲἶιὶ

2011 5104 2364 5182 commodum
2400 5113 2552 5157 tuum
2579 5104 2938 5182 pe_tis._i‘Qu'o
2973 5104 3147 5182 magis
3177 5104 3346 5170 miror
3373 5119 3592 5172 venisse

2014 5169 2070 5249 in
2097 5180 2353 5249 Vnientem,
2368 5183 2448 5226 tot
2478 5169 2691 5249 magnis
2719 5169 2863 5233 viris'
2888 5196 3024 5249 quos
3049 5169 3234 5237 laudat
3266 5169 3502 5240 Thomas
3533 5169 3587 5240 in

2009 5239 2310 5325 Caten.,_ut
2341 5248 2452 5325 tam
2480 5239 2620 5299 maie
2643 5245 2821 5325 locum
2851 5239 2997 5325 hunc
3029 5239 3372 5323 torquerent,
3387 5239 3590 5325 quibus

2007 5311 2319 5390 praesertim
2342 5310 2514 5390 facem
2548 5317 2859 5390 praetulerat
2888 5310 3170 5390 Origenes.
3212 5310 3448 5379 Causam
3479 5327 3586 5380 dif-

2007 5378 2470 5463 ficultatisfuissc
2500 5378 2631 5452 puto
2663 5389 2914 5463 voculam
2963 5378 3082 5462 ε’ἆν,
3117 5378 3238 5463 quat
3269 5378 3368 5463 pro
3393 5378 3459 5450 ἀν
3487 5378 3588 5452 hic

2005 5458 2060 5502 et
2081 5457 2386 5519 saepissime
2409 5465 2726 5521 usurpatur.
2759 5457 2836 5511 In.

2077 5539 2152 5665 (ρ
2174 5539 2321 5624 θτῶν
2349 5543 2470 5624 Θεῷ
2494 5544 2902 5618 ἀνακειμένων
2935 5552 3228 5620 πενήτων.
3259 5553 3463 5612 Psalm.
3497 5573 3575 5626 lx,

2079 5652 2093 5665 .
2153 5611 2187 5665 Ξ)
2214 5629 2228 5665 :
2266 5611 2419 5665 [sane
2452 5630 2598 5665 XLIX.
2625 5617 2728 5665 l5:
2758 5618 2874 5665 Jan-
2911 5638 2968 5665 u_
2997 5623 3050 5665 Ξ-
3079 5623 3371 5665 Μρηηιιριι
3394 5645 3407 5657 ο

2214 5629 2228 5675 ;
2266 5617 2419 5668 [sane
2452 5630 2598 5677 xux,
2625 5617 2730 5685 l5;
2758 5618 2874 5676 Jac.
2911 5638 2972 5689 ιι,
2997 5623 3051 5678 5.
3075 5617 3407 5680 Menander:

2114 5723 2230 5776 Ἀεὶ
2254 5724 2540 5793 νομίζονθ³
2568 5730 2622 5782 οι
2653 5731 2906 5800 πένητες
2937 5734 3054 5789 τῶν
3078 5736 3248 5794 θεῶν.

2102 5815 2316 5885 Semper
2341 5818 2715 5876 existimantur
2743 5841 2992 5896 pauperes
3024 5831 3238 5886 deorum
3266 5849 3395 5888 esse.
3428 5832 3508 5891 ιι).
