4094 6290
531 352 640 410 955

2023 345 2349 402 οιιιιιιικιε

3712 356 3814 413 956

532 462 713 529 patris
741 469 792 516 et
825 457 1048 520 matris;
1075 456 1352 526 quomodo
1382 455 1543 524 igitur
1569 455 1968 512 Phariszeorum
1997 470 2105 513 tra-

2218 461 2386 512 σαίων
2415 460 2712 532 παράδοσις
2735 462 2931 532 άκυροῖ
2951 462 3045 514 καὶ
3075 461 3166 515 τὸν
3197 460 3425 529 λέγοντα
3445 480 3457 492 '
3491 483 3509 515 ι
3561 463 3619 520 ὐ
3652 485 3814 526 κακο-

529 552 666 608 ditio
696 561 750 605 et
782 564 905 604 eum
933 547 1159 617 abrogat
1197 562 1504 602 sermonem
1531 547 1800 602 dicentem
1825 549 1873 581 “
1907 567 1919 602 :
1954 568 1974 600 ‹
2002 548 2105 615 Qui

529 640 874 699 maledixerit
903 638 1046 709 patri
1080 637 1166 692 vel
1197 639 1381 704 matri,
1404 647 1580 692 morte
1611 639 1914 694 moriatur?
1948 658 1966 690 ι
2003 637 2108 693 Sed

529 731 763 788 fortasse
794 729 889 799 qui
923 727 1121 784 dixerit
1145 729 1285 798 patri
1314 728 1396 783 vel
1429 725 1585 782 matri
1616 745 1630 782 :
1665 747 1683 779 ι
1717 727 1915 784 Μιιιιιιε
1941 737 2026 783 est
2057 726 2110 782 id

527 839 638 893 quo
681 839 711 878 a
757 838 844 877 me
876 822 1099 891 adjutus
1149 820 1368 885 fuisses,
1410 839 1428 872 ι
1467 821 1608 890 patri
1656 829 1712 875 et
1745 821 1906 875 matri
1951 819 2110 890 quasi

525 915 838 970 convicium
882 913 1044 986 492
1103 912 1252 977 facit,
1304 913 1452 968 velut
1505 913 1798 982 sacrilegos
1832 916 2112 986 appellans

525 1015 802 1074 parentes,
839 1006 932 1076 qui
972 1021 1037 1060 ea
1075 1005 1350 1075 accipiunt
1393 1019 1515 1074 quae
1544 1004 1758 1058 Corban
1789 1015 2110 1062 consecrata

524 1106 676 1160 sunt,
726 1096 795 1150 ab
835 1111 902 1150 eo
946 1095 1040 1166 qui
1081 1095 1198 1150 haec
1249 1094 1324 1147 illi
1361 1094 1724 1150 consecrarit.
1774 1093 1949 1150 Juda-i
1981 1112 2112 1166 ergo

523 1187 667 1243 filios
703 1197 963 1256 tanquam
1017 1185 1404 1240 maledicentes
1451 1185 1590 1254 patri
1636 1185 1718 1239 vel
1763 1187 1924 1241 matri
1953 1185 2111 1255 juxta

524 1277 695 1348 legem
722 1278 978 1347 puniunt,
1006 1277 1099 1346 qui
1128 1277 1320 1330 dicunt
1348 1274 1487 1344 patri
1517 1275 1604 1328 vel
1634 1276 1795 1330 matri
1821 1295 1835 1331 :
1869 1295 1890 1328 ι
1916 1275 2113 1334 Munus

522 1379 607 1424 est
629 1370 680 1424 id
707 1370 853 1439 quod
885 1385 915 1424 a
945 1384 1031 1425 me
1063 1368 1262 1423 fuisses
1298 1367 1551 1436 adjutus;
1590 1385 1607 1417 ι
1641 1381 1740 1422 vos
1782 1381 1964 1423 autem
2006 1385 2112 1424 una

523 1469 705 1514 vestra
747 1458 1040 1513 traditione
1068 1458 1178 1512 duo
1209 1456 1465 1510 mandata
1500 1454 1596 1509 Dei
1629 1457 1969 1523 rescinditis;
2013 1474 2114 1515 nec

521 1552 720 1606 deinde
769 1551 935 1619 pudet
992 1564 1092 1604 vos
1146 1547 1444 1616 discipulos
1485 1561 1636 1602 meos
1689 1547 1992 1613 criminari,
2045 1561 2113 1606 ne

526 1659 698 1697 unum
729 1643 948 1712 quidem
981 1639 1298 1694 mandatum
1329 1637 1618 1701 violantes,
1656 1637 1937 1692 ambulant
1967 1640 2112 1694 enim

527 1734 583 1788 in
614 1735 872 1790 omnibus
898 1731 1172 1788 mandatis
1201 1729 1322 1799 ejus
1342 1736 1398 1782 et
1424 1728 1655 1797 justitiis
1676 1727 1794 1783 sine
1820 1730 2114 1798 reprehen-

526 1825 720 1890 sione;
775 1823 1251 1894 transgrediuntur
1301 1828 1482 1874 autem
1537 1819 1819 1873 seniorum
1857 1820 2109 1876 traditio-
2143 1798 2186 1853 Β

523 1930 674 1983 nem,
707 1933 774 1971 ne
799 1915 1267 1987 transgrediantur
1291 1912 1604 1967 mandatum
1636 1911 1766 1978 Dei;
1796 1913 1940 1981 quod
1965 1913 2107 1969 idem

524 2007 575 2062 si
615 2008 771 2062 vobis
811 2014 955 2062 esset
993 2005 1359 2075 propositum,
1415 2001 1733 2056 mandatum
1779 2003 1848 2057 de
1898 2004 2110 2059 honore

521 2111 653 2166 erga
681 2106 888 2166 patrem
922 2102 976 2148 et
1011 2102 1240 2147 matrem
1274 2091 1703 2158 observassetis;
1736 2099 1791 2146 ct
1817 2093 1951 2147 illud
1979 2095 2110 2150 item

521 2187 878 2258 quod,habet
912 2204 926 2240 :
965 2204 986 2236 ‹
1025 2185 1129 2252 Qui
1183 2184 1529 2238 maledixerit
1585 2185 1727 2254 patri
1782 2186 1868 2240 vel
1924 2189 2106 2254 matri,

524 2289 705 2334 morte
735 2279 1040 2344 moriatur;
1082 2296 1100 2328 ι
1143 2276 1416 2331 mandatis
1461 2286 1643 2330 autem
1675 2276 1782 2331 illis
1807 2279 2110 2335 adversan-

520 2381 635 2427 tem
671 2371 950 2426 seniorum
988 2369 1334 2424 traditionem
1367 2383 1476 2421 non
1510 2367 1929 2424 observassetis.

595 2485 683 2538 ll.
723 2482 857 2538 Post
890 2483 1011 2538 illas
1040 2491 1244 2548 autem,
1277 2494 1468 2536 omnes
1514 2481 1650 2536 alias
1683 2497 1804 2551 qua:
1839 2485 1982 2554 apud
2007 2482 2110 2540 Ju-

517 2576 668 2631 dteos
690 2586 817 2631 sunt
853 2576 1132 2632 seniorum
1169 2574 1488 2629 traditiones
1539 2589 1606 2628 ex
1653 2577 1932 2645 prophetis
1975 2578 2110 2634 insi-

521 2668 732 2724 mulare
756 2669 966 2733 volens,
991 2666 1046 2721 id
1069 2667 1214 2737 quod
1241 2666 1307 2721 ab
1332 2666 1471 2722 lsaia
1498 2667 1703 2723 dictum
1729 2679 1812 2724 est
1835 2671 2107 2740 apposuit,

518 2758 666 2827 quod
700 2757 833 2827 ipsis
862 2758 1044 2812 verbis
1088 2757 1167 2812 sic
1207 2772 1266 2812 se
1298 2758 1462 2812 habet
1485 2759 1530 2790 ’⁸⁵
1560 2778 1572 2814 :
1609 2778 1628 2810 ι
1663 2758 1730 2814 Et
1762 2761 1898 2816 dixit
1924 2762 2108 2818 Domi-

520 2865 628 2904 nus
657 2868 670 2904 :
704 2849 1120 2919 Appropinquat
1149 2848 1284 2902 mihi
1317 2849 1552 2919 populus
1583 2850 1684 2904 iste
1721 2866 1814 2906 ore
1842 2868 1964 2915 suo,
2004 2873 2022 2906 ι
2055 2865 2110 2912 et

518 2953 643 3006 quae
689 2947 1017 3006 sequuntur.
1065 2937 1146 2991 Ac
1206 2945 1365 2990 antea
1416 2937 1638 3006 quidem
1699 2938 1940 2996 diximus
1997 2960 2106 3000 non

519 3028 714 3082 iisdem
771 3027 954 3082 verbis
1001 3028 1181 3082 locum
1240 3029 1387 3083 hunc
1434 3028 1717 3098 Propheta:
1770 3047 1799 3086 a
1855 3031 2108 3092 Matthmo

520 3119 695 3174 fuisse
741 3119 1098 3188 descriptum.
1138 3117 1196 3172 Si
1229 3134 1362 3174 vero
1401 3121 1758 3191 explicandus
1785 3125 1874 3180 ille
1895 3137 1979 3182 est
2009 3143 2108 3198 pro
2134 3149 2178 3206 ρ

519 3210 752 3276 viribus,
796 3217 1020 3280 prepter
1053 3209 1411 3280 Erangclium
1441 3211 1587 3281 quod
1629 3227 1695 3268 eo
1726 3215 1915 3281 utitur,
1941 3219 2106 3276 verba

517 3318 642 3372 qua:
687 3302 1004 3373 pramedunt
1043 3317 1410 3368 resumemus,
1441 3303 1668 3371 utiliter,
1702 3320 1856 3376 puto,
1886 3324 1916 3363 a
1943 3311 2103 3368 nobis

517 3400 828 3459 observata,
859 3394 926 3448 ad
955 3395 1367 3449 enarrationem
1399 3410 1589 3451 eorum
1626 3413 1747 3467 qua:
1774 3398 1831 3453 in
1861 3398 2104 3473 Evange-

519 3487 595 3540 lio
625 3501 657 3540 ιι
708 3484 980 3556 Propheta
1020 3486 1188 3554 petita
1221 3496 1367 3541 sunt.
1415 3485 1509 3542 Sic
1538 3497 1716 3543 autem
1754 3506 1814 3546 se
1844 3492 2005 3548 habet
2034 3495 2103 3550 ab

517 3576 675 3631 initio
710 3575 762 3631 id
796 3577 944 3646 quod
991 3578 1199 3633 dictum
1241 3587 1327 3633 est
1353 3579 1406 3632 in
1437 3578 1576 3634 Isaia
1605 3582 1651 3612 ⁸⁸
1683 3599 1695 3636 :
1727 3601 1745 3634 ί
1781 3581 2020 3653 Deticite,
2048 3595 2104 3642 et

511 3670 906 3741 obstupescite,
945 3671 1294 3726 inebriamini
1353 3688 1462 3727 non
1515 3688 1546 3727 a
1603 3673 1799 3741 sicera,
1849 3692 2026 3748 neque
2065 3694 2097 3734 a

513 3761 675 3828 vino;
701 3761 830 3832 quia
864 3763 1162 3833 potandum
1187 3764 1344 3819 vobis
1373 3765 1523 3820 dedit
1557 3763 1822 3823 Dominus
1842 3769 2097 3839 spiritum

515 3853 978 3922 compunctionis,
998 3862 1052 3909 et
1066 3853 1283 3910 claudet
1299 3855 1488 3912 oculos
1512 3871 1724 3924 eorum,
1749 3867 1802 3914 et
1818 3860 2100 3930 propheta-

516 3960 638 4000 rum
667 3960 881 4012 eorum,
903 3955 952 4000 et
975 3946 1285 4017 principum
1304 3961 1517 4013 eorum,
1535 3949 1629 4018 qui
1648 3949 1832 4005 vident
1860 3952 2097 4008 occulta.

517 4031 586 4087 Et
613 4044 776 4088 erunt
802 4035 959 4090 vobis
993 4035 1156 4090 verba
1192 4036 1306 4091 haec
1330 4038 1515 4092 omnia
1542 4037 1682 4094 sicut
1702 4039 1864 4094 verba
1886 4041 2008 4096 libri
2025 4041 2102 4099 si-

579 4167 629 4196 “
655 4162 830 4219 Levit.
860 4178 952 4227 xx,
981 4165 1036 4218 9.
1115 4163 1159 4194 ⁸⁸
1183 4162 1290 4218 lsa.
1323 4177 1475 4228 XXIX,
1508 4162 1597 4217 13.

503 4308 629 4376 teri,
650 4305 842 4376 διπλῆς
862 4303 1049 4376 τιμῆς,
1068 4304 1274 4376 duplici
1299 4304 1508 4376 honore
1532 4304 1681 4374 digni
1704 4304 2013 4376 habeantur
2033 4322 2085 4370 ;l

504 4373 623 4433 huc
651 4384 768 4442 est,
793 4373 996 4444 duplici
1042 4374 1335 4440 stipendio.
1368 4374 1571 4428 Eodem
1596 4373 1772 4427 ’Sensu
1819 4373 1982 4428 Prov.
2008 4390 2092 4438 ιιι,

501 4451 538 4504 9
567 4465 582 4501 :
623 4466 643 4500 ι
677 4443 900 4501 Honora
934 4443 1220 4496 Dominum
1249 4444 1316 4496 de
1348 4453 1439 4497 tua
1467 4444 1805 4507 substantia;
1847 4461 1866 4495 ι
1897 4445 1948 4498 id
1988 4454 2093 4509 est,

503 4519 733 4587 largire.
768 4511 1186 4587 Elegantissime
1229 4512 1421 4566 Cicero
1455 4513 1592 4587 dixit
1623 4531 1635 4566 :
1673 4531 1693 4564 ι
1727 4513 1895 4567 Curio
1927 4513 2088 4578 misi,

503 4597 566 4643 ut
590 4581 809 4643 'medico
841 4581 1014 4636 honos
1049 4581 1370 4654 haberetur;
1410 4601 1428 4632 ι
1460 4583 1564 4637 hoc
1594 4593 1712 4648 est,
1738 4597 1923 4654 operte
1963 4600 2089 4654 pre-

502 4659 641 4714 tium
678 4653 1015 4711 redderetur.
1050 4651 1177 4705 Inde
1215 4669 1232 4701 ι
1272 4652 1644 4706 honorarium.
1684 4671 1702 4704 ι
1738 4651 2003 4709 Hunnus.

577 4726 690 4796 (18)
717 4723 921 4796 Omnes
961 4721 1134 4796 codd._
1174 4737 1342 4796 mss.,
1394 4721 1560 4796 ὑμᾶς,
1610 4720 1838 4796 _V_id_etur
1866 4725 2092 4796 “legisse

504 4791 768 4851 Erasmus
798 4791 968 4857 υἱούς,
1003 4791 1164 4864 vertit
1188 4793 1356 4859 enim,
1394 4812 1412 4844 ι
1436 4791 1625 4848 Judaei
1651 4791 1814 4864 igitur
1845 4791 2020 4864 ﬁlios;
2065 4813 2085 4847 ι

501 4864 824 4939 qua;_le¢_tio_
847 4862 1134 4939 ver_i_ss_im_a
1159 4872 1264 4939 est.

572 4935 687 5007 (19)
715 4933 898 5007 Codex
925 4931 1276 5007 liolmiensis,
1310 4930 1604 5007 ij_pq-§pdg.

572 5002 697 5080 (20)?
721 5002 1016 5080 Ἀπὸ-τῶν
1041 5003 1421 5080 (φρενιτικῶν
1439 5002 1822 5080 ,βουλόμενος
1845 5005 2094 5080 ἀπελέγ-

499 5071 596 5147 {at
619 5071 840 5147 λόγων.
873 5073 1143 5147 ltacodd.
1165 5073 1460 5147 Vaticanus
1480 5083 1535 5127 et
1551 5071 1920 5147 Tarjnianus;
1952 5071 2094 5130 Huc-

500 5143 648 5206 tiana
683 5143 862 5203 autem
910 5144 1096 5206 editio,
1125 5146 1235 5216 ἀπο
1281 5143 1390 5198 τῶν
1416 5143 1716 5216 προφητῶν
1765 5145 2091 5216 βουλόμενος

498 5219 826 5286 διαϐάλλειν,
872 5217 1028 5285 λόγον
1071 5213 1357 5286 παρέθετο.
1405 5211 1550 5281 ριιῶ
1582 5211 1873 5286 Ιέοιξρεει
1921 5211 2087 5270 etiam

499 5293 707 5348 codicis
739 5283 911 5360 Regii,
937 5283 1033 5360 qui
1062 5283 1237 5360 solum
1270 5294 1444 5340 mutat
1471 5283 1768 5360 προφητῶν
1800 5286 1853 5339 in
1879 5303 2092 5360 προφη-

497 5365 688 5428 τικῶν,
741 5354 850 5416 non
893 5354 1067 5421 male,
1099 5357 1263 5411 modo
1304 5364 1492 5428 postea
1544 5371 1645 5428 pro
1685 5354 1844 5428 λόγον
1882 5354 2090 5425 legatur

498 5425 694 5501 λόγων,
729 5441 783 5485 et
813 5432 966 5487 locus
993 5428 1081 5501 hic
1108 5425 1574 5501 sicconcipiatur,
1603 5425 1711 5479 άπὸ
1739 5425 1847 5480 τῶν
1875 5443 2090 5498 προφη-

495 5495 666 5556 τικῶν
681 5495 690 5499 ⁷
703 5501 1024 5573 βουλόμενος
1055 5497 1356 5573 διαϐάλλειν
1385 5495 1578 5573 λόγωνἶ

570 5565 1016 5645 (Ἅγιζνεῦματι
1045 5567 1446 5645 κατανύξεως.
1485 5565 1646 5645 Hebr.
1682 5578 1888 5645 nam
1937 5577 2039 5645 Πξίτι
2071 5583 2086 5620 :

499 5638 706 5712 optime
736 5638 996 5723 Yulgata,
1033 5660 1054 5723 ε
1082 5641 1334 5723 spiritum
1391 5638 1603 5719 soporis
1694 5657 1713 5690 ι
1747 5648 1822 5723 ,ει
1847 5639 2050 5723 _Aquila
2070 5678 2086 5702 ,

498 5708 818 5782 καταφορᾶς
847 5708 872 5762 ’ἀ
946 5708 1215 5766 rarissimi
1255 5710 1526 5778 torporis;
1564 5728 1583 5763 ι
1617 5709 1761 5779 quod
1809 5708 1949 5762 idem
1987 5709 2086 5764 ha-

498 5778 594 5836 bet
645 5779 854 5853 Syrus;
899 5729 1204 5849 fonathan,
1252 5800 1271 5834 ι
1328 5779 1582 5846 spiritum
1629 5779 1999 5849 deceptionis;
2059 5797 2079 5833 ›

1675 4163 1720 4194 ⁵⁸
1749 4162 1882 4218 ibid.
1915 4163 1948 4219 9
1979 4171 2035 4218 et
2063 4175 2178 4234 seq.

2211 550 2382 620 λογῶν
2411 552 2626 624 πατέρα
2656 553 2690 624 ἢ
2736 553 2949 623 μητέρα
2981 553 3196 625 Θανάτῳ
3222 556 3560 626 τελευτάτω;
3588 579 3608 612 ›
3661 563 3815 618 Ἀλλά

2217 643 2425 713 μήποτε
2467 645 2527 707 ὃς
2565 643 2656 696 ἐάν
2682 643 2812 717 εἴπῃ
2841 642 2919 714 τῷ
2966 649 3134 716 πατρὶ
3163 647 3196 717 ἢ
3224 651 3290 718 τῇ
3330 649 3517 721 μητρί·
3558 671 3576 703 ι
3607 653 3811 724 Δῶρον,

2211 733 2241 786 ὃ
2271 732 2329 799 ἐξ
2360 734 2496 805 ἐμοῦ
2518 733 2830 806 ὠφεληθῇς,
2855 754 2873 786 ι
2901 733 3142 806 ὡσπερεὶ
3165 736 3436 807 λοιδορίαν
3463 742 3718 815 ἐπιφέρει
3737 747 3812 819 τῷ

2213 827 2429 898 πατρὶῆ
2461 830 2526 898 τῇ
2557 827 2745 898 μητρὶ,
2774 824 2886 878 οἷον
2914 827 3228 898 ἱεροσύλους
3257 829 3432 899 λέγων
3458 833 3587 897 τοὺς
3613 841 3808 904 γονεῖς,

2213 917 2588 988 λαμϐάνοντας
2635 920 2703 972 τά
2759 919 3096 988 ἀνακείμενα
3153 919 3232 991 τῷ
3267 922 3512 994 Κορδᾶν,
3556 926 3667 980 ἀπὸ
3719 930 3810 982 τοῦ

2214 1007 2621 1074 ἀνατεθεικότος
2666 1011 2806 1064 αὐτὰ
2839 1010 3008 1082 αὐτῷ.
3058 1011 3302 1065 Ἰουδαῖοι
3350 1010 3442 1069 οὖν
3493 1016 3639 1087 ὑμᾶς
3677 1017 3810 1090 (18),

2213 1102 2289 1165 ὡς
2327 1102 2755 1171 κακολογοῦντας
2792 1103 3006 1176 πατέρα
3037 1104 3070 1175 ἢ
3111 1105 3359 1176 μητέρα,
3396 1109 3525 1172 τοὺς
3556 1109 3812 1178 λέγοντας

2214 1193 2292 1265 τῷ
2323 1195 2545 1266 πατρὶῆ
2572 1198 2636 1266 τῇ
2672 1195 2858 1266 μητρί’
2901 1215 2920 1246 ι
2955 1195 3161 1267 Δῶρον,
3189 1197 3218 1249 ὂ
3245 1197 3340 1250 ἐὰν
3363 1198 3422 1262 ἐξ
3443 1200 3580 1270 ἐμοῦ
3603 1201 3812 1276 ὠφελη-

2215 1284 2334 1356 θῇς,
2377 1306 2396 1340 ι
2447 1286 2732 1350 κολάζουσι
2783 1287 2926 1340 κατὰ
2961 1286 3053 1340 τὸν
3087 1288 3280 1358 νόμον·
3323 1290 3482 1360 ὑμεῖς
3526 1293 3585 1346 δὲ
3615 1295 3682 1365 τῇ
3714 1297 3812 1369 μιᾷ

2217 1378 2368 1448 ὑμῶν
2423 1377 2722 1449 παραδόσει
2774 1378 2869 1431 δύο
2902 1378 3124 1442 ἐντολάς
3174 1379 3266 1432 τοῦ
3327 1380 3465 1435 Θεοῦ
3515 1383 3806 1456 άκυροῦτε.

2214 1465 2348 1521 Εἶτα
2383 1470 2483 1522 οὐκ
2517 1469 2753 1523 αἰδεῖσθε
2783 1470 3146 1538 ἐγκαλοῦντες
3179 1474 3291 1534 τοῖς
3316 1474 3472 1544 ἐμοῖς
3517 1476 3806 1548 μαθηταῖς,

2213 1560 2466 1631 οὐδεμίαν
2497 1561 2594 1631 μὲν
2624 1561 2845 1632 ἐντολὴν
2877 1561 3277 1632 παραϐαίνουσι
3297 1581 3310 1594 ⁶
3350 1567 3674 1636 πορεύονται
3703 1571 3809 1644 γὰρ

2215 1655 2273 1708 ἐν
2301 1655 2501 1718 πάσαις
2531 1658 2651 1718 ταῖς
2672 1656 2913 1718 ἐντολαῖς
2938 1655 3104 1709 αὐτοῦ
3129 1656 3222 1709 καὶ
3244 1656 3608 1728 δικαιώμασιν
3632 1661 3810 1733 ἀμέμη

2217 1763 2396 1810 πτως·
2431 1747 2827 1818 παραϐαίνουσι
2861 1747 2919 1800 δὲ
2953 1747 3340 1818 πρεσϐυτέρων
3383 1749 3682 1819 παράδοσιν
3721 1751 3808 1805 εύ-

2212 1838 2405 1910 λα6είᾳ
2431 1838 2525 1891 τοῦ
2563 1837 2638 1910 μὴ
2671 1838 2985 1910 παραϐῆναι
3015 1837 3232 1910 ἐντολὴν
3254 1838 3419 1891 Θεοῦ’
3455 1841 3591 1912 ὅπερ
3633 1843 3682 1894 εί
3715 1841 3808 1895 καὶ

2212 1931 2340 2001 ὑμῖν
2370 1929 2677 2000 προέκειτο,
2704 1929 2803 2001 τὴν
2836 1931 2932 2001 μὲν
2955 1931 3084 2001 περὶ
3120 1931 3285 2002 τιμῆς
3329 1933 3535 2004 πατρὸς
3567 1933 3662 1986 καὶ
3699 1950 3804 2005 μηδ

2211 2021 2338 2093 τρὸς
2369 2021 2480 2092 (19)
2526 2019 2744 2092 ἐντολὴν
2780 2019 3084 2090 ἐφυλάξατε
3112 2020 3200 2083 ἂν,
3240 2021 3333 2074 καὶ
3365 2021 3458 2092 τὴν
3505 2021 3800 2092 λέγουσανο

2218 2132 2236 2164 ι
2268 2114 2325 2166 '0
2343 2113 2654 2182 κακολογῶν
2677 2113 2937 2185 πατέραῆ
2963 2113 3196 2184 μητέρα,
3213 2113 3427 2185 θανάτῳ
3439 2113 3760 2170 τελευτάτω·
3775 2135 3797 2170 ι

2210 2204 2307 2276 τὴν
2333 2205 2390 2257 δὲ
2420 2203 2841 2275 ἐναντιουμένην
2862 2207 2983 2268 ταῖς
3014 2204 3254 2269 ἐντολαῖς
3279 2205 3505 2269 ταύταις
3536 2206 3644 2261 τῶν
3672 2224 3804 2281 πρε-

2213 2296 2492 2370 σϐυτέρων
2528 2296 2827 2370 παράδοσιν
2854 2297 2955 2350 οὐκ
2985 2296 3050 2350 ἂν
3073 2295 3396 2366 ἐφυλάξατε.

2282 2470 2438 2527 Μετὰ
2475 2471 2532 2524 δέ
2584 2472 2807 2536 ταύτας,
2862 2473 2992 2536 ὅλας
3043 2475 3144 2536 τάς
3178 2472 3330 2544 παρὰ
3394 2474 3669 2538 Ἰουδαίοις
3693 2474 3801 2529 τῶν

2210 2563 2596 2638 πρεσϐυτέρων
2630 2565 2956 2637 παραδόσεις
2992 2566 3101 2618 ἀπὸ
3139 2566 3248 2620 τῶν
3288 2569 3645 2638 προφητικῶν
3679 2569 3802 2640 βου-

2210 2655 2437 2728 λόμενος
2470 2657 2762 2726 ἀπελέγξαι
2795 2657 2970 2727 λόγων
3010 2657 3146 2729 (20),
3197 2658 3468 2730 παρέθετο
3505 2660 3668 2731 ῥητὸν
3695 2662 3802 2716 άπδ

2209 2749 2304 2802 τοῦ
2343 2749 2585 2814 Ἡσαΐου,
2616 2751 2754 2821 ὅπερ
2781 2750 2970 2814 αὑταῖς
2994 2749 3202 2814 λέξεσιν
3236 2750 3411 2816 οὕτως
3453 2751 3565 2822 ἔχει
3591 2770 3604 2782 ·
3635 2773 3654 2804 ι
3693 2753 3800 2806 Καὶ

2211 2837 2332 2894 εἷπε
2348 2841 2550 2912 Κύριος
2569 2859 2581 2871 ·
2615 2843 2850 2910 Ἐγγίζει
2888 2859 2975 2912 μοι
3002 2843 3030 2894 ὁ
3054 2842 3179 2906 λαὸς
3203 2834 3360 2907 οὗτος
3384 2846 3442 2897 ἐν
3466 2844 3545 2915 τῷ
3571 2845 3801 2916 στόματι

2210 2932 2411 2999 αὐτῶν,
2449 2952 2468 2985 ι
2512 2935 2606 2988 καὶ
2649 2934 2719 2987 τά
2745 2934 2889 3005 ἑξῆς.
2923 2934 3033 2988 Καὶ
3076 2936 3410 3006 προείπομεν
3443 2953 3526 3003 γε,
3561 2937 3644 2989 ὅτι
3694 2938 3796 2990 οὐκ

2212 3026 2402 3090 αὑταῖς
2433 3025 2642 3092 λέξεσιν
2665 3025 2971 3096 ἀνέγραψεν
2997 3029 3026 3080 ὁ
3056 3026 3326 3092 Ματθαῖος
3346 3027 3405 3080 τὸ
3431 3027 3768 3098 προφητικόν

2212 3117 2275 3170 Εἰ
2305 3117 2360 3170 δὲ
2391 3117 2491 3182 δεῖ,
2519 3118 2608 3172 διὰ
2640 3118 2700 3172 τὸ
2734 3119 3058 3188 Εὐαγγέλιον
3081 3119 3418 3190 χρησάμενον
3451 3117 3623 3190 αὐτῷ,
3648 3120 3795 3174 κατὰ

2209 3208 2270 3262 τὸ
2295 3208 2516 3263 δυνατὸν
2538 3210 2668 3263 αὐτὸ
2687 3209 3072 3282 διηγήσασθαι,
3099 3209 3521 3286 προσληψόμεθα
3537 3209 3636 3282 τὴν
3651 3211 3796 3266 ἀνω-

2211 3302 2355 3372 τέρω
2373 3300 2538 3367 λέξιν,
2574 3303 2877 3374 χρησίμως,
2913 3298 3095 3373 οἶμαι,
3123 3304 3256 3374 ἡμῖν
3304 3303 3684 3374 τετηρημένην
3717 3303 3801 3368 είς

2209 3393 2461 3465 διήγησιν
2492 3393 2593 3464 τῆς
2620 3396 2678 3446 ἐν
2730 3395 2807 3466 τῷ
2858 3394 3176 3465 Εύαγγελίῳ
3231 3395 3341 3448 ἀπὸ
3368 3394 3461 3447 τοῦ
3508 3395 3798 3467 Προφήτου

2210 3486 2565 3559 εἰλημμένης.
2627 3487 2780 3558 Ἔχει
2824 3486 2881 3540 δὲ
2933 3485 3104 3550 οὕτως
3155 3485 3249 3539 ἀπ’
3283 3486 3462 3556 ἀρχῆς
3509 3485 3570 3540 τὸ
3613 3489 3672 3540 ἐν
3720 3488 3796 3558 τῷ

2221 3579 2415 3650 Ἡσαΐᾳ
2446 3578 2639 3650 ρητάνο
2679 3598 2696 3632 ς
2745 3577 3056 3648 Ἐκλύθητεν
3085 3579 3179 3632 καὶ
3212 3579 3463 3649 έκστητεν
3489 3580 3796 3652 κραιπαλή’

2211 3689 2342 3727 σατε
2379 3672 2481 3726 οὐκ
2511 3671 2621 3725 άπὸ
2654 3671 2866 3742 σίκερα,
2897 3670 3005 3724 οὐδ’
3030 3671 3137 3724 ἀπὸ
3162 3672 3333 3725 οἴνου·
3370 3673 3452 3725 ὅτι
3499 3673 3793 3726 πεπότικεν

2207 3766 2354 3837 ὑμᾶς
2383 3765 2586 3838 Κύριος
2614 3764 2883 3835 πνεύματι
2915 3763 3257 3830 κατανύξεως
3288 3765 3424 3837 (21),
3447 3765 3541 3820 καὶ
3571 3765 3793 3836 καμμύ⁸

2210 3874 2292 3910 σει
2318 3857 2444 3921 τοὺς
2472 3856 2782 3928 ὀφθαλμοὺς
2804 3857 3006 3920 αὐτῶν,
3029 3859 3123 3912 καὶ
3145 3857 3253 3910 τῶν
3269 3858 3564 3930 προφητῶν
3591 3857 3790 3921 αὐτῶν,

2211 3950 2306 4004 καὶ
2335 3950 2386 4002 oi.
2408 3949 2518 4003 τῶν
2547 3949 2823 4022 ἀρχόντων
2853 3948 3030 4004 αὐτῶν
3057 3949 3292 4021 ὁρῶντες
3324 3951 3390 4004 τὰ
3420 3952 3658 4023 κρυπτά.
3686 3950 3792 4004 Καὶ

2208 4044 2360 4098 ἔσται
2387 4045 2515 4115 ὑμῖν
2547 4043 2616 4096 τὰ
2643 4043 2863 4115 ῥήματα
2879 4043 3053 4099 ταῦτα
3085 4043 3281 4111 πάντα,
3320 4043 3397 4108 ὡς
3422 4045 3472 4098 οἱ
3499 4043 3650 4115 λόγοι
3691 4041 3790 4100 ιιιυῦ

2204 4308 2401 4372 Arabs,
2443 4325 2462 4359 ι
2496 4305 2744 4376 spiritum
2775 4303 3128 4376 abiectionis;
3164 4323 3193 4376 ιν
3216 4301 3559 4376 Tgheodotion
3583 4304 3786 4375 ἐκστή-

2206 4395 2365 4443 σεως,
2397 4379 2480 4432 vel
2523 4373 2730 4446 potius,
2772 4375 3098 4446 ἐκστάσεως.
3137 4375 3220 4428 Ab
3255 4374 3358 4446 hac
3390 4373 3790 4446 significatione

2207 4464 2330 4503 cum
2357 4442 2587 4502 multum
2613 4446 2867 4501 recedere
2899 4445 3146 4498 videatur
3179 4442 3789 4515 πνεῦμακατανύξεως,

2205 4517 2314 4572 Leo
2346 4517 2596 4573 Castrius
2641 4515 2925 4585 legendum
2953 4523 3139 4585 censet
3174 4513 3512 4584 apud‘LXX,
3552 4531 3790 4568 κατανυ-

2196 4588 2464 4652 στάσεως,
2492 4589 2586 4643 sed
2619 4584 2861 4650 fallitur;
2907 4601 3032 4639 nam
3067 4584 3269 4639 Paulus
3298 4585 3446 4640 hunc
3486 4585 3670 4639 locum
3703 4600 3786 4638 rc-

2195 4669 2406 4729 pctens,
2438 4659 2568 4728 legit
2597 4675 2611 4712 :
2651 4655 2920 4729 πνεύματι
2945 4654 3509 4729 κατανύξεως-30111.
3542 4670 3618 4720 ιι,
3648 4654 3702 4717 8,
3733 4664 3787 4708 et

2197 4725 2286 4782 hic
2313 4725 2625 4784 constanter
2651 4725 2932 4796 Origenes.
2968 4725 3280 4796 Hellenisms
3306 4725 3584 4790 dixerunt,
3617 4741 3788 4796 κατα⁴

2194 4799 2398 4858 νύσσω,
2433 4813 2553 4867 pro,
2585 4792 2999 4860 κατανυστάζω.
3033 4799 3112 4851 lta
3138 4795 3282 4851 Psal.
3320 4811 3472 4858 nix,
3512 4796 3578 4850 i5
3605 4792 3782 4867 :_¢___l_lt

2193 4877 2379 4924 cantet
2410 4863 2508 4923 tibi
2545 4868 2715 4938 gloria
2743 4883 2886 4932 mea,
2927 4875 2982 4922 et
3021 4883 3129 4921 non
3159 4881 3515 4936 compnngar.
3555 4883 3574 4917 ι
3615 4863 3779 4929 LXX,

2195 4965 2289 5018 καὶ
2319 4963 2379 5016 ού
2407 4963 2480 5035 μὴ
2505 4961 2810 5029 κατανυγῶ.
2840 4959 3006 5016 llebr.
3043 4967 3184 5018 D‘h?
3209 4941 3300 5018 N51
3319 4999 3333 5022 ,
3368 4973 3479 5012 non
3519 4965 3581 5013 ut
3621 4957 3780 5027 Vulgo

2196 5056 2394 5126 legitur
2430 5074 2443 5109 :
2492 5065 2591 5114 ειν
2625 5041 2750 5118 8'71,
2775 5068 2938 5122 quam
2980 5057 3264 5108 lectionem
3301 5062 3481 5106 tamen
3527 5050 3782 5120 sequitur

2193 5145 2492 5215 Thai-gum.
2529 5143 2597 5199 Et
2623 5145 2756 5215 Dan.
2791 5160 2846 5209 κ,
2875 5143 2948 5198 9:
2986 5161 3004 5194 ι
3036 5142 3102 5197 Et
3128 5141 3626 5215 audiensjacebam
3651 5156 3787 5196 con-

2192 5209 2469 5272 Sternatus
2503 5231 2666 5286 super
2701 5213 2894 5268 faciem
2929 5229 3134 5286 meant.
3171 5232 3190 5265 ι
3224 5209 3397 5286 LXX,
3424 5213 3576 5282 ήμην
3609 5228 3782 5286 ita.er-

2190 5285 2534 5356 νενυγμένος·
2563 5282 2706 5344 ΕΠἫ
2741 5293 2891 5344 mm
2923 5293 3056 5344 ’JN't.
3090 5282 3395 5356 Utrobique
3442 5293 3564 5356 DTj
3598 5282 3782 5356 reddi-

2191 5353 2390 5410 derunt
2437 5371 2534 5425 per
2589 5359 2812 5410 verbum
2837 5397 2860 5425 ,ί
2903 5354 3267 5408 κατανύσσωο
3311 5353 3780 5425 quemadmodum

2187 5437 2398 5488 ΠῸἸἻΠ
2421 5423 2565 5495 quod
2597 5441 2661 5480 ex
2693 5436 2812 5484 D'h
2842 5424 3046 5478 factum
3065 5433 3150 5479 est
3179 5439 3275 5494 per
3300 5423 3521 5495 nomen,
3543 5423 3778 5476 κατάνυ-

2191 5495 2294 5563 εις.
2311 5494 2512 5553 Vereor
2531 5505 2890 5567 prmtereagut.
2907 5495 3330 5567 κατανύστασις,
3353 5494 3504 5567 ullibi
3531 5507 3777 5567 unquam

2189 5569 2379 5638 legerit
2438 5563 2713 5638 Cas—tritis.
2766 5565 3035 5638 Caeterum
3091 5565 3215 5620 cod.
3282 5565 3465 5638 Hohn.
3535 5563 3780 5638 habebat

2189 5633 2432 5708 πνεῦμα,
2465 5637 2847 5708 rescripsimtis
2879 5634 3175 5708 πνεύματι,
3211 5650 3336 5690 nam
3363 5634 3504 5708 infra
3517 5633 3774 5708 legitur;

2191 5703 2615 5779 πεποτισμένων
2639 5703 2910 5779 πνεύματι
2940 5703 3305 5779 κατανύξεως,
3341 5715 3396 5758 et
3421 5703 3586 5779 ΙιΧξ,
3614 5705 3783 5779 πεπύτ

2190 5795 2340 5834 τικεν
2372 5768 2526 5850 oga;
2540 5777 2741 5848 Κύριος
2768 5768 3040 5847 πνεύματι
3069 5768 3433 5845 κατανύξεως.
3506 5775 3787 5830 "uerius:
