4094 6290
269 369 388 428 95⁸7

1254 372 1605 432 ΕΟΜΜΕΝΤ.
1643 376 1710 432 ΙΝ
1749 376 2161 433 ΜΔΤΤΗᾹΞΒΜ
2204 377 2438 434 TOML'S
2476 377 2565 435 XI.

3427 388 3528 444 953

273 490 487 560 βιϐλίου
507 490 599 545 τοῦ
622 490 1062 563 ἐσφραγισμένου
1081 489 1259 563 (22>,ὂ
1289 494 1385 548 ἐὰν
1413 494 1572 550 δῶσιν
1594 496 1725 551 αὐτὸ
1760 498 1845 551 ἀν·

1958 497 2124 568 gnati,
2147 513 2309 568 quem
2336 497 2384 553 si
2407 497 2655 553 dederint
2672 498 2879 554 homini
2899 499 3331 572 scientilittcras,
3349 505 3530 565 dicen.

271 577 484 652 θρώπῳ
506 580 854 652 ἐπισταμένῳ
877 580 1204 651 γράμματα,
1234 582 1480 651 λέγοντες
1500 601 1514 614 ’
1564 584 1857 655 Ἀνάγνωθι

268 671 451 727 ταῦτα
473 690 486 702 ·
519 673 612 726 καὶ
641 674 784 742 ἐρεῖ*
822 673 897 726 Οὐ
927 671 1161 744 δύναμαι
1218 674 1558 745 ἀναγνῶναι·
1588 680 1856 750 ἐσφράγι-

270 779 399 817 σται
428 762 555 834 γάρ.
584 763 694 816 Καὶ
728 762 1014 834 δοθήσεται
1045 764 1106 818 τὸ
1136 764 1339 835 βιϐλίον
1364 767 1521 822 τοῦτο
1558 771 1636 833 είς
1668 773 1855 842 χεῖρας

269 852 564 924 ἀνθρώπου
591 852 664 924 μὴ
691 853 1057 926 ἐπισταμένου
1083 858 1406 928 γράμματα,
1434 860 1526 913 καὶ
1549 860 1663 932 ἐρεῖ
1685 860 1852 930 αὐτῷ’

284 944 584 1013 ’Δνάγνωθι
616 944 773 998 τοῦτο
794 962 807 975 ·
854 944 952 999 καὶ
986 945 1104 1019 ἐρεῖ
1125 964 1138 978 ·
1177 950 1291 1002 Οὐκ
1324 949 1621 1022 ἐπίσταμαι
1671 951 1854 1024 γράμ-

274 1054 441 1108 ματα.
476 1039 587 1091 Καὶ
611 1033 731 1090 εἷπε
764 1037 968 1110 Κύριος
989 1056 1003 1070 ·
1049 1040 1284 1109 Ἐγγίζει
1311 1043 1450 1112 μοιὸ
1475 1042 1601 1107 λαὸς
1629 1035 1804 1107 οὗτος,
1827 1064 1846 1096 ι

270 1130 372 1185 καὶ
396 1131 464 1184 τὰ
496 1128 624 1198 ἑξῆς
652 1129 756 1192 ἕως
784 1129 877 1183 τοῦ
900 1146 914 1160 ⁸
944 1149 962 1181 ι
998 1131 1133 1184 Οὐαὶ
1156 1133 1207 1185 oi.
1230 1134 1288 1186 ἐν
1312 1137 1491 1204 κρυφῇ
1521 1134 1715 1206 βουλὴν
1745 1152 1855 1189 ποι-

266 1219 481 1284 οῦντες,
510 1220 603 1275 καὶ
630 1220 783 1275 ἔσται
815 1221 874 1274 ἐν
907 1221 1085 1275 σκότει
1111 1222 1181 1276 τὰ
1211 1221 1347 1292 ἔργα
1379 1224 1576 1280 αὐτῶν.
1622 1243 1641 1277 ι
1679 1227 1854 1297 Προσ-

268 1311 454 1367 λαδὼν
482 1313 661 1366 τοίνυν
698 1314 796 1385 τὴν
823 1315 1189 1387 προκειμένην
1222 1318 1281 1369 ἐν
1315 1317 1392 1389 τῷ
1425 1318 1738 1391 Εὑαγγελίῳ
1767 1319 1853 1373 λέ-

272 1401 380 1470 ξιν,
418 1402 622 1475 ἐθέμην
646 1404 766 1459 τινὰ
802 1405 910 1459 τῶν
946 1405 1054 1478 πρὸ
1086 1407 1271 1478 αὐτῆς,
1306 1407 1398 1461 καί
1433 1424 1554 1463 τινα
1580 1409 1686 1462 τῶν
1726 1408 1852 1481 ἑξῆς

269 1495 468 1565 αὐτῆς,
500 1496 585 1550 ἵνα
614 1497 1047 1568 παραστήσωμεν
1073 1497 1194 1552 τίνα
1220 1498 1419 1570 τρόπον
1458 1499 1674 1554 ἀπειλεῖ
1705 1518 1850 1572 καμ-

273 1586 472 1656 μύσειν
510 1588 636 1663 τοὺς
667 1586 976 1658 ὀφθαλμοὺς
1006 1587 1112 1641 τῶν
1154 1589 1262 1643 ἀπὸ
1292 1589 1386 1649 τοῦ
1425 1589 1552 1645 λαοῦ
1598 1591 1627 1642 ό
1670 1591 1847 1661 λόγος,

266 1678 602 1743 ἐκστάντων,
637 1680 732 1732 καὶ
761 1678 1271 1751 κραιπαλησάντων,
1306 1680 1398 1735 καὶ
1431 1681 1845 1753 πεποτισμένων

269 1770 547 1842 πνεύματι
604 1770 948 1838 κατανύξεως
972 1788 986 1802 ·
1047 1773 1259 1826 ἀπειλεῖ
1303 1772 1361 1826 δὲ
1410 1774 1700 1845 καμμύσαι
1755 1776 1852 1829 καὶ

1962 596 2041 644 tes
2061 608 2074 643 :
2097 586 2238 658 Lege
2259 590 2404 655 haec;
2437 598 2490 644 et
2523 590 2696 645 dicet:
2718 588 2835 645 Non
2865 607 3086 660 possum
3116 593 3313 664 legere,
3345 595 3530 668 signa-

1959 686 2047 733 tus
2067 679 2214 733 enim
2236 689 2339 735 est.
2364 678 2428 734 Et
2452 679 2670 736 dabitur
2695 680 2833 736 liber
2866 683 2955 738 ille
2979 683 3032 737 in
3064 700 3259 744 manus
3290 686 3529 747 hominis

1955 765 2118 838 493
2144 764 2436 823 nescientis
2459 768 2688 835 litteras,
2716 778 2769 824 et
2795 769 2938 827 dicet
2967 773 3016 827 ei
3050 791 3064 827 :
3089 772 3231 845 Lege
3263 776 3446 844 hunc;
3472 789 3529 834 et

1957 856 2102 911 dicet
2134 873 2149 910 :
2181 853 2379 911 Nescio
2412 855 2638 913 litteras.
2675 856 2741 913 Et
2772 859 2847 913 ait
2870 858 3134 918 Dominus
3162 881 3175 918 :
3215 863 3527 936 ApprOpin~

1957 955 2089 1016 quat
2113 946 2244 1001 mihi
2274 947 2510 1018 populus
2539 947 2649 1013 ille,
2686 967 2705 1001 ι
2744 958 2797 1003 ει
2843 960 3056 1019 caetera,
3109 969 3280 1024 usque
3328 955 3395 1011 ad
3428 956 3480 1013 id
3510 975 3525 1014 :

1964 1056 1983 1089 ι
2019 1035 2113 1092 Vae
2152 1036 2246 1108 qui
2290 1036 2346 1090 in
2384 1037 2601 1093 occulto
2624 1040 2913 1095 consilium
2946 1042 3172 1109 faciunt,
3202 1054 3255 1101 et
3285 1046 3525 1103 eruntin

1956 1128 2193 1184 tenebris
2219 1143 2384 1199 opera
2411 1144 2625 1185 eorum.
2656 1149 2672 1182 ι
2709 1129 3006 1189 Assnmens
3034 1134 3197 1204 igitur
3219 1152 3525 1200 sermonem

1956 1219 2049 1288 qui
2084 1227 2262 1275 exstat
2288 1219 2343 1274 in
2373 1219 2684 1290 Evangelio,
2738 1223 2965 1293 apposui
3019 1227 3280 1282 nonnulla
3335 1242 3526 1287 eorum

1954 1323 2078 1377 quae
2108 1311 2418 1378 praecedunt
2452 1311 2627 1379 illum,
2659 1321 2712 1366 et
2757 1315 3017 1369 nonnulla
3052 1331 3241 1373 eorum
3276 1334 3398 1389 quae
3437 1335 3524 1376 se-

1954 1408 2218 1470 qnuntur,
2270 1409 2328 1455 ut
2384 1400 2678 1457 doceamus
2710 1417 2819 1472 quo
2846 1412 3006 1474 pacto
3055 1405 3297 1463 minetur
3344 1424 3527 1466 sermo

1956 1490 2208 1545 claudere
2239 1491 2426 1545 oculos
2457 1491 2674 1548 illorum
2707 1492 2774 1547 de
2805 1494 3024 1563 populo,
3083 1498 3175 1566 qui
3229 1499 3524 1570 obstupue-

1954 1591 2101 1649 runt,
2156 1591 2211 1637 et
2242 1582 2492 1637 inebriati
2524 1592 2673 1650 sunt,
2715 1591 2769 1637 et
2806 1585 2921 1653 poti
2953 1593 3079 1641 sunt
3127 1589 3321 1658 spiritu
3369 1607 3523 1647 eom-

1952 1672 2293 1743 punctionis;
2320 1675 2558 1728 minatur
2576 1681 2630 1727 et
2652 1673 2903 1731 claudere
2923 1677 3110 1733 oculos
3139 1679 3526 1749 prophetarum

1954 1776 2166 1826 eorum,
2210 1772 2265 1817 et
2301 1762 2606 1835 principum
2648 1765 2839 1819 eorum
2869 1767 2964 1837 qui
2994 1767 3319 1843 proﬁtentur
3349 1786 3410 1826 se
3438 1774 3525 1826 vi~

265 1862 403 1925 τοὺς
449 1863 731 1935 προφήτας
776 1862 976 1927 αὐτῶν,
1024 1864 1119 1917 καὶ
1163 1867 1292 1931 τοὺς
1343 1865 1845 1937 ἐπαγγελλομένους

1953 1852 2081 1907 dere
2121 1854 2370 1922 occulta;
2424 1873 2565 1926 quae,
2598 1860 2814 1928 opinor,
2847 1865 3213 1930 contigerunt,
3243 1871 3365 1931 post
3394 1860 3525 1917 Ser-

262 1953 404 2033 ὁρςξν
424 1953 492 2006 τὰ
524 1953 738 2025 κρυπτὰ
763 1954 1027 2028 ἄρχοντας
1051 1956 1232 2013 αὐτῶν
1249 1974 1265 1989 ο
1292 1958 1455 2029 ἅπερ,
1489 1954 1665 2029 οἶμαι,
1692 1958 1851 2028 γεγέ-

263 2060 427 2114 νηται
476 2045 611 2116 μετὰ
644 2045 741 2117 τὴν
781 2046 876 2101 τοῦ
925 2048 1175 2121 Σωτῆρος
1198 2049 1489 2121 ἐπιδημίαν
1519 2054 1577 2104 ἐν
1611 2050 1689 2121 τῷ
1735 2049 1850 2121 λαῷ

264 2137 495 2209 ἐκείνῳ·
533 2140 722 2209 γέγονε
760 2140 866 2212 γὰρ
906 2141 1089 2207 αὐτοῖς
1130 2143 1306 2196 πάντα
1350 2143 1418 2195 τὰ
1462 2143 1682 2213 ῥήματα
1713 2141 1848 2195 ὅλων

265 2228 507 2299 μδνητῶν
539 2231 790 2303 Γραφῶν,
815 2232 907 2287 καὶ
934 2231 1028 2291 τοῦ
1068 2231 1289 2287 Ἡσαΐου
1323 2232 1400 2295 δὲ,
1439 2252 1458 2283 ι
1495 2233 1572 2296 ὡς
1594 2232 1742 2300 λόγοι
1768 2231 1848 2302 βι-

263 2306 418 2372 ϐλίου
461 2321 918 2393 ἐσφραγισμένου.
958 2340 978 2374 ι
1017 2321 1090 2375 Th
1122 2321 1199 2385 δὲ,
1250 2341 1268 2373 ι
1319 2322 1778 2393 ἐσφραγισμένοι»,
1823 2341 1841 2374 ι

259 2409 498 2481 εἴρηται,
520 2412 682 2464 οίονεὶ
710 2411 1094 2483 κεκλεισμένον
1117 2416 1184 2483 τῇ
1207 2412 1464 2485 ἀσαφείᾳ,
1487 2414 1583 2466 καὶ
1612 2414 1687 2485 μὴ
1709 2415 1848 2484 ἠνοι-

258 2499 466 2569 γμένου
497 2504 562 2573 τῇ
599 2503 864 2574 σαφηνείᾳ
884 2519 898 2532 ο
934 2502 1071 2575 ὅπερ
1101 2504 1296 2575 ἐπίσης
1322 2508 1434 2569 τοῖς
1471 2505 1604 2576 μηδὲ
1629 2504 1726 2578 τὴν
1750 2507 1849 2579 ἀρ-

257 2589 388 2662 χὴν,
425 2590 512 2644 διὰ
548 2592 610 2647 τδ
657 2592 731 2663 μὴ
768 2593 966 2647 είδέναι
992 2595 1313 2666 γράμματα,
1356 2597 1667 2667 ἀναγνῶναι
1711 2599 1846 2654 αὐτὸ

255 2678 602 2752 δυναμένοις,
633 2683 726 2736 καὶ
752 2685 863 2747 τοῖς
905 2683 1395 2758 ἐπαγγελλομένοις
1432 2688 1628 2745 εἰδέναι
1661 2691 1846 2764 γράμ-

260 2785 436 2841 ματα,
480 2771 628 2826 ἐστὶν
664 2772 889 2843 ἀσαφὲς,
930 2773 990 2827 οὐ
1024 2775 1351 2844 γινώσκουσι
1381 2779 1474 2833 τὸν
1516 2781 1571 2834 ἐν
1603 2784 1716 2846 τοῖς
1756 2799 1848 2851 γε·

257 2865 605 2936 γραμμένοις
630 2864 772 2921 νοῦν.
798 2866 993 2933 Καλῶς
1018 2864 1112 2924 οὖν
1137 2872 1385 2944 ἐπιφέρει
1417 2876 1550 2939 τοῖς,
1576 2875 1680 2939 ὅτι,
1708 2876 1844 2930 ἐπὰν

261 2952 515 3017 ἐκλυθεὶς
544 2955 653 3008 ἀπὸ
683 2955 791 3009 τῶν
821 2957 1233 3030 ἁμαρτημάτων
1272 2964 1300 3016 ό
1331 2961 1477 3026 λαὸς,
1510 2964 1606 3016 καὶ
1645 2964 1846 3028 ἐκστὰς

260 3045 414 3114 μανῇ
464 3043 584 3096 κατ’
630 3044 815 3110 αὐτοῦ,
856 3041 937 3109 οἷς
975 3048 1070 3101 καὶ
1113 3049 1474 3122 κραιπαλήσει
1514 3051 1632 3106 κατ’
1678 3050 1843 3108 αὐτοῦ

259 3133 536 3207 πνεύματι
575 3135 941 3203 κατανύξεως,
970 3138 1000 3192 δ
1031 3141 1414 3212 ποτισθήσεται
1453 3142 1559 3197 ὑπὸ
1597 3140 1690 3197 τοῦ
1731 3146 1844 3198 Κυο
1872 3195 1912 3215 η

263 3226 405 3299 ρίου,
452 3224 797 3298 καμμύοντος
825 3229 1004 3286 αὐτῶν
1040 3233 1167 3297 τοὺς
1208 3233 1542 3305 ὀφθαλμοὺς,
1588 3235 1666 3300 ὡς
1706 3237 1841 3290 ἀνα-

260 3320 409 3387 ξίους
429 3319 524 3374 τοῦ
552 3317 787 3391 βλέπειν,
816 3322 909 3376 καὶ
937 3323 1044 3378 τῶν
1071 3326 1365 3397 προφητῶν
1392 3327 1593 3392 αὐτῶν,
1615 3328 1711 3381 καὶ
1737 3326 1844 3382 τῶν

259 3411 539 3484 ἀρχόντων
584 3411 783 3476 αὐτῶν,
831 3413 938 3467 τῶν
984 3415 1469 3488 ἐπαγγελλομένων
1514 3417 1729 3488 βλέπειν
1775 3418 1845 3475 τὰ

259 3503 481 3577 κρυπτὰ
509 3502 618 3557 τῶν
644 3505 704 3558 ἐν
735 3508 856 3569 ταῖς
885 3506 1057 3571 θείαις
1079 3504 1323 3583 Γραφᾳῖς
1364 3511 1680 3581 μυστηρίων
1702 3525 1717 3544 ’
1749 3512 1844 3565 καὶ

258 3592 402 3649 ἐπὰν
440 3593 800 3665 καμμύσωσιν
847 3594 1025 3650 αὐτῶν
1067 3599 1119 3651 οἱ
1160 3598 1446 3670 ὀφθαλμοὶ,
1492 3599 1613 3652 τότε
1659 3600 1845 3665 αὐτοῖς

258 3685 417 3738 ἔσται
447 3683 519 3739 τὰ
543 3686 857 3758 προφητικὰ
885 3688 1105 3760 ῥήματα
1132 3678 1682 3760 ἐσφραγισμένα,’καὶ
1720 3691 1844 3744 ἐπι-

258 3772 625 3845 κεκρυμμένα
650 3790 664 3807 ·
690 3776 827 3846 ὅπερ
855 3776 1191 3831 πεπόνθασιν
1221 3779 1250 3830 ό
1278 3775 1407 3843 λαὸς
1438 3778 1466 3832 ὁ
1493 3780 1604 3836 τῶν
1644 3783 1720 3854 μὴ
1754 3798 1844 3835 πι-

260 3866 563 3921 στευόντων
589 3868 669 3928 είς
696 3865 787 3921 τὸν
820 3865 1026 3937 Ἰησοῦν
1057 3862 1135 3929 ὡς
1163 3868 1415 3938 Χριστόν.
1469 3869 1637 3926 Ἐπὰν
1662 3871 1719 3928 δὲ
1751 3871 1846 3941 γέο

258 3974 419 4029 νηται
444 3958 514 4012 τὰ
541 3956 849 4030 προφητικὰ
878 3959 1061 4020 αὐτοῖς
1091 3975 1109 4008 ι
1139 3957 1214 4022 ὡς
1241 3958 1388 4028 λόγοι
1412 3959 1615 4029 βιϐλίου
1637 3963 1845 4034 ἐσφρα-

258 4047 549 4119 γισμένου,
588 4067 606 4099 ι
642 4048 704 4104 οὐ
739 4046 900 4119 μόνον
927 4049 1040 4110 τοῖς
1077 4048 1152 4118 μὴ
1183 4048 1403 4115 είδόσιν,
1440 4050 1576 4107 ἀλλὰ
1607 4052 1842 4116 καὶτοῖς

258 4135 752 4207 ἐπαγγελλομένοις
778 4135 976 4190 εἰδέναι
999 4135 1320 4209 γράμματα,
1352 4139 1473 4192 τότε
1500 4134 1654 4194 εἶπεν
1679 4143 1709 4194 ό
1731 4140 1844 4194 Κύ-

260 4241 380 4299 ριος
418 4225 564 4298 μόνῳ
604 4225 685 4299 τῷ
727 4226 954 4297 στόματι
1000 4225 1240 4295 ἐγγίζειν
1272 4227 1364 4281 τὸν
1408 4228 1535 4284 λαὸν
1566 4229 1680 4301 (25)
1731 4231 1842 4285 τῶν

271 4322 544 4377 Ἰουδαίων
591 4320 669 4393 τῷ
717 4318 865 4392 Θεῷ·
904 4323 998 4375 καὶ
1048 4324 1162 4384 τοῖς
1205 4321 1408 4392 χείλεσι
1455 4322 1621 4393 τιμᾷν
1679 4323 1842 4378 αὐτόν

260 4428 418 4483 φησι,
452 4412 583 4468 διότι
617 4414 648 4484 ἡ
679 4411 878 4487 καρδία
907 4409 1084 4466 αὐτῶν
1113 4410 1202 4465 διὰ
1239 4409 1338 4481 τὴν
1384 4412 1467 4475 είς
1507 4411 1598 4465 τὸν
1637 4411 1843 4484 Ἰησοῦν

258 4503 519 4559 ἀπιστίαν
546 4505 732 4577 πόρρω
754 4504 902 4557 ἐστὶν
928 4503 1036 4557 ἀπὸ
1062 4502 1287 4575 Κυρίου.
1315 4502 1424 4557 Καὶ
1450 4500 1547 4556 νῦν
1585 4503 1837 4573 μάλιστα,

1952 1944 2155 1998 vatoris
2180 1944 2499 2010 adventum,
2531 1949 2584 2002 in
2607 1950 2755 2005 illum
2774 1951 3056 2021 populum,
3082 1966 3207 2005 nam
3229 1951 3371 2009 facta
3397 1964 3525 2009 sunt

1952 2035 2059 2090 illis
2089 2036 2250 2091 verba
2281 2038 2467 2093 omnia
2498 2039 2743 2095 omnium
2793 2038 3221 2109 Scripturarum,
3267 2055 3319 2098 et
3350 2041 3522 2110 Isaiae,

1956 2147 1975 2178 ι
2005 2128 2150 2183 sicut
2174 2128 2339 2183 verba
2360 2129 2483 2185 libri
2504 2130 2721 2201 signati.
2751 2148 2770 2182 ›
2800 2130 3014 2187 Dictum
3039 2141 3123 2189 est
3156 2141 3336 2188 autem
3363 2134 3521 2202 illud,

1954 2216 2208 2288 «signati,
2246 2237 2265 2271 ι
2301 2220 2459 2289 quasi
2485 2219 2657 2285 dicas,
2710 2218 3041 2281 obscuritate
3075 2239 3174 2280 sua
3204 2224 3395 2290 clausi,
3429 2241 3525 2281 nco

1948 2323 2055 2378 que
2083 2310 2470 2380 perspicuitate
2499 2311 2705 2381 aperti;
2738 2313 2831 2383 qui
2871 2314 3090 2384 quidem
3124 2316 3401 2386 aequaliter
3421 2317 3524 2371 oh-

1948 2415 2145 2455 scurus
2176 2409 2280 2467 est,
2324 2411 2376 2457 et
2427 2401 2496 2457 iis
2534 2403 2629 2473 qui
2678 2403 2825 2474 quod
2877 2404 3085 2461 litteras
3127 2407 3518 2478 ignoraverint,

1947 2491 2126 2562 legere
2150 2491 2301 2546 illum
2330 2493 2556 2549 omnino
2587 2509 2695 2549 non
2726 2504 2976 2564 possunt,
3009 2504 3064 2550 et
3092 2496 3161 2553 iis
3188 2498 3283 2568 qui
3310 2498 3520 2556 litteras

1947 2583 2166 2653 quidem
2199 2584 2339 2640 scire
2382 2600 2439 2641 se
2489 2587 2831 2656 proﬁtentur,
2881 2602 3102 2643 sensum
3150 2603 3279 2644 vero
3323 2590 3417 2659 qui
3461 2591 3519 2647 in

1948 2674 2166 2744 scriptis
2216 2674 2531 2731 reconditus
2572 2686 2689 2742 est,
2741 2693 2849 2733 non
2895 2686 3279 2748 assequuntur.
3304 2676 3520 2750 Optime

1949 2766 2116 2836 igitur
2149 2766 2216 2821 iis
2253 2767 2425 2832 addit,
2457 2767 2603 2838 quod
2639 2777 2918 2838 postquam
2953 2769 3251 2826 dissolutus
3284 2773 3523 2842 populus

1948 2874 1979 2914 a
2010 2859 2270 2928 peccatis,
2302 2867 2356 2914 et
2395 2860 2597 2916 mentis
2630 2860 2806 2930 impos
2830 2859 3016 2918 furore
3042 2871 3198 2920 actus
3223 2862 3387 2920 fuerit
3417 2866 3519 2921 ad-

1946 2964 2137 3003 versus
2168 2949 2368 3018 ipsum,
2400 2949 2600 3019 quibus
2622 2952 2859 3020 peccatis
2879 2953 3042 3007 etiam
3069 2953 3304 3008 insaniet
3327 2965 3518 3013 contra

1950 3041 2100 3096 illum
2137 3041 2438 3097 inebriatus
2487 3042 2679 3114 spiritu
2725 3043 3185 3113 compunctionis,
3223 3060 3384 3114 quem
3412 3061 3515 3116 po-

1947 3139 2172 3194 tandum
2202 3138 2307 3208 ipsi
2351 3138 2610 3208 praebebit
2663 3138 2948 3206 Dominus,
2991 3138 3248 3195 claudens
3296 3139 3513 3194 illorum

1949 3231 2160 3294 oeulos,
2188 3229 2349 3300 quasi
2381 3230 2586 3301 indigni
2619 3231 2729 3286 sint
2759 3230 3025 3300 aspicere,
3051 3237 3103 3284 et
3132 3229 3516 3301 prophetarum

1946 3336 2159 3383 eorum,
2189 3330 2244 3376 et
2274 3320 2579 3390 principum
2622 3336 2813 3377 eorum
2853 3321 2947 3392 qui
2981 3321 3188 3377 occulta
3227 3320 3516 3391 mysterio-

1946 3425 2069 3467 rum
2095 3424 2220 3482 qua:
2248 3410 2596 3468 continentur
2619 3412 2674 3467 in
2699 3411 2898 3467 divinis
2926 3409 3221 3482 Scripturis
3247 3410 3429 3466 videre
3457 3425 3516 3465 se

1947 3502 2304 3573 proﬁtentur;
2330 3510 2383 3557 et
2404 3512 2692 3573 postquam
2723 3503 2896 3559 clausi
2914 3501 3117 3556 fuerint
3135 3515 3322 3555 eorum
3347 3498 3513 3566 oculi,

1945 3603 2078 3649 tunc
2120 3593 2435 3662 prophetica
2468 3594 2634 3650 verba
2675 3601 2838 3648 erunt
2870 3592 2980 3648 illis
3004 3592 3286 3661 obsignata
3308 3599 3364 3646 et
3390 3591 3517 3647 abs-

1947 3682 2196 3747 condita;
2222 3681 2368 3750 quod
2396 3681 2614 3751 quidem
2645 3697 2843 3752 passus
2870 3690 2953 3737 est
2984 3681 3217 3751 populus
3252 3694 3360 3734 non
3398 3695 3517 3735 cre-

1946 3773 2190 3828 dentium
2219 3772 2276 3827 in
2309 3770 2529 3840 Jesum,
2565 3779 2824 3842 tanquam
2874 3772 3173 3827 Christum.
3214 3767 3511 3851 Postquam

1946 3873 2126 3920 autem
2174 3862 2489 3935 prophetica
2532 3862 2698 3917 verba
2739 3862 2880 3917 facta
2919 3860 3120 3917 fuerint
3149 3861 3277 3925 illis,
3316 3880 3335 3914 ι
3373 3862 3517 3919 sicut

1945 3955 2109 4011 verba
2140 3953 2263 4009 libri
2288 3953 2509 4024 signati,
2543 3971 2563 4005 ι
2591 3969 2698 4008 non
2729 3951 2797 4008 iis
2820 3950 2985 4007 modo
3007 3952 3099 4022 qui
3120 3951 3391 4017 nesciunt,
3419 3953 3514 4008 sed

1946 4054 2001 4100 et
2029 4045 2098 4100 iis
2135 4043 2231 4114 qui
2254 4043 2466 4097 litteras
2496 4040 2638 4097 scire
2665 4054 2724 4095 se
2746 4039 3088 4109 proﬁtentur,
3120 4048 3251 4094 tunc
3284 4038 3514 4109 subjuno

1946 4134 2027 4188 xit
2051 4132 2316 4188 Dominus
2347 4131 2463 4186 solo
2489 4144 2586 4185 ore
2616 4129 3052 4200 appropinquare
3079 4127 3391 4185 Iudaeorum
3420 4145 3512 4200 po-

1945 4222 2131 4293 pulum
2160 4220 2302 4286 Deo;
2329 4228 2385 4275 et
2415 4219 2574 4274 labiis
2605 4219 2752 4274 hunc
2777 4217 3049 4273 honorare
3071 4218 3222 4283 dicit,
3250 4219 3394 4288 quod
3417 4233 3515 4274 cor

1945 4325 2136 4368 eorum
2167 4319 2385 4382 propter
2419 4308 2849 4367 incredulitatem
2877 4322 3006 4379 erga
3035 4307 3220 4364 Jesum
3254 4308 3413 4380 longe
3443 4309 3514 4365 sit

1945 4421 1976 4460 a
2009 4404 2256 4459 Domino.
2279 4402 2347 4457 Et
2373 4415 2520 4456 nunc
2550 4400 2807 4465 maxime,
2837 4415 2904 4455 ex
2925 4414 3035 4471 quo
3058 4399 3394 4455 Servatorem
3416 4415 3514 4457 no-

1948 4506 2122 4553 strum
2145 4494 2450 4566 ejurarunt,
2488 4492 2597 4548 dici
2623 4490 2798 4563 possit
2827 4491 2959 4547 illud
2994 4506 3025 4545 a
3059 4486 3169 4546 Deo
3199 4491 3265 4546 de
3294 4491 3400 4547 illis
3420 4491 3464 4524 δ’
3494 4510 3510 4547 :

257 4596 320 4664 ἐξ
345 4592 407 4650 οὗ
439 4596 532 4649 τὸν
565 4595 789 4665 Σωτῆρα
819 4588 973 4665 ἡμῶν
1005 4595 1331 4665 ἠρνήσαντο,
1373 4591 1587 4663 λεχθείη
1630 4592 1697 4645 ἂν
1735 4593 1840 4647 ὑπὸ

1954 4606 1972 4640 ι
2009 4587 2138 4644 Sine
2157 4600 2326 4641 causa
2351 4593 2532 4640 autem
2558 4583 2743 4638 colunt
2772 4597 2890 4650 me;
2921 4600 2942 4634 ι
2971 4597 3079 4636 non
3102 4582 3246 4637 enim
3277 4583 3511 4652 amplius

257 4688 354 4744 τοῦ
381 4686 518 4740 Θεοῦ
553 4686 680 4757 περὶ
704 4684 879 4738 αὐτῶν
911 4684 971 4736 τό
993 4701 1005 4713 ·
1048 4704 1065 4733 ι
1098 4684 1291 4755 Μάτην
1316 4683 1373 4737 δὲ
1401 4678 1650 4737 σέϐονταί
1677 4699 1772 4754 με’
1812 4700 1832 4736 ι

258 4778 445 4835 οὐκέτι
489 4775 597 4846 γὰρ
627 4775 965 4829 διδάσκουσιν
1004 4775 1114 4847 (24)
1147 4775 1455 4846 ἐντάλματα
1498 4774 1654 4840 Θεοῦ,
1699 4773 1838 4829 ἀλλά

334 4901 379 4933 ⁸⁷
411 4893 605 4953 Matth.
633 4910 720 4961 xv,
753 4894 808 4948 9.
882 4938 892 4948 .

333 4992 717 5068 (ᾊλΒιϐλιου
756 4990 870 5068 tm}.
898 4987 1396 5068 ἐσφραγισμέιξοις.
1444 4987 1521 5042 lta
1567 4986 1831 5068 l'le‘braica

261 5051 625 5135 a‘vnigala,
673 5070 727 5116 et
774 5051 1535 5135 reliqua-2;}nter-pretationem
1582 5051 1725 5135 bxx
1779 5064 1834 5135 et

265 5124 597 5205 Epiphanius
612 5124 745 5187 lla‘l‘.
770 5124 915 5195 utv',
937 5125 1138 5251 βιϐλίου
1152 5124 1247 5178 τοῦ
1268 5126 1700 5207 ἐσφραγισμένοι)
1716 5125 1834 5179 τού-

265 5220 378 5251 του-
398 5204 551 5251 niiasi
569 5203 637 5251 de
657 5215 757 5251 suo
777 5199 916 5251 libro
958 5205 1151 5251 ocutus
1175 5191 1337 5248 fuerit
1357 5193 1546 5249 Isaias.
1566 5193 1827 5250 Hus'rws.

263 5191 380 5267 τὸυξ
398 5204 551 5272 quasi
569 5203 637 5258 de
657 5191 1151 5272 suo‘librolocutus
1175 5191 1555 5272 fuerit'l'sai'as;
1566 5193 1827 5272 Hunnus.

335 5262 448 5344 (95')
486 5269 780 5345 Mdv-errr};
822 5270 1072 5337 στόματι
1099 5262 1344 5345 ἐγγίζειν
1383 5264 1492 5317 τὸν
1516 5265 1827 5345 .1a_dr,letc.

265 5333 511 5413 impufas
557 5333 828 5413 ct'illoias
867 5333 1063 5413 manus
1104 5333 1203 5413 ori
1224 5333 1514 5413 admovere
1550 5333 1825 5413 piaculum

265 5403 390 5484 erat
418 5411 733 5484 Pharisaeis,
778 5423 848 5464 ne
889 5403 1277 5484 sciliceLlabia
1317 5409 1382 5484 et_
1405 5416 1467 5484 οε
1500 5403 1822 5484 polluerent.

265 5480 583 5551 Institutum
598 5470 736 5551 illud
760 5478 1040 5551 exagitans
1063 5472 1334 5551 Christus,
1368 5470 1518 5526 Isaiaé
1538 5472 1702 5551 verba
1725 5485 1826 5551 ap-

335 5550 437 5623 site
466 5551 521 5604 in
554 5550 676 5605 illos
707 5540 967 5603 contorsit
1004 5561 1082 5623 τ’(
1110 5540 1290 5623 Purus
1331 5551 1417 5595 est
1459 5540 1825 5623 populosiste

285 5620 424 5676 abiis
462 5629 515 5674 et
555 5634 650 5674 ore
688 5627 877 5676 tenus:
930 5612 1092 5670 corde
1138 5618 1321 5667 autem
1364 5612 1826 5668 contau‘inatissi-

265 5690 562 5762 mus.h(lsa.
591 5702 742 5762 χχιι,
771 5658 1053 5762 15.3310.
1378 5761 1383 5762 γ
1486 5747 1566 5762 Π,
1635 5749 1689 5762 Α.
1762 5747 1796 5762 μ

334 5747 454 5831 (245
479 5757 688 5814 Οὐκέτι
728 5747 838 5826 γὰρ
861 5747 1287 5818 διδάσκουσιν,
1337 5761 1444 5808 etc.
1486 5747 1607 5802 Τῶν
1632 5749 1689 5800 0'
1713 5747 1828 5803 edi-

580 5859 852 5916 PATBOL.
900 5854 1016 5913 Gn.
1052 5853 1229 5916 Xlll.

1945 4676 2144 4732 docent
2173 4673 2267 4729 Dei
2298 4672 2575 4736 mandata,
2628 4670 2721 4726 sed
2763 4670 3084 4737 hominum;
3138 4677 3191 4725 et
3235 4668 3511 4728 doctrinas

1946 4785 2056 4827 non
2098 4766 2330 4841 amplius
2363 4781 2455 4822 cas
2481 4781 2603 4841 qua:
2624 4773 2751 4825 sunt
2780 4780 2813 4825 a
2848 4765 3112 4841 sapientia
3138 4766 3384 4839 spiritus,
3414 4769 3509 4824 sed

1939 4986 2073 5041 tioni
2103 4981 2455 5040 consentiunt
2492 4979 2777 5033 Mattlmus
2805 4987 2859 5032 et
2884 4976 3134 5044 Marcus;
3173 4986 3228 5032 et
3257 4980 3361 5035 illis
3386 4979 3510 5036 Ori-

1972 5068 2101 5109 eues
2125 5069 2138 5106 :
2163 5051 2359 5121 Μάτην
2373 5050 2430 5104 δὲ
2456 5047 2705 5121 σέϐονταί

1974 5121 2238 5194 νθρὼπων
2266 5115 2360 5175 κάι
2395 5115 2761 5194 amantia.
2790 5117 2959 5194 aliter
2985 5115 3214 5194 Vulgata
3237 5137 3254 5194 _:
3293 5139 3313 5194 ς
3355 5115 3418 5174 Et
3442 5120 3511 5173 ti-

1935 5186 2194 5248 muerunt
2234 5206 2321 5245 me
2356 5188 2614 5244 mandato
2658 5186 2941 5242 hominum
2990 5196 3045 5241 et
3079 5186 3361 5251 doctrinis,
3397 5207 3416 5240 ι
3454 5197 3512 5244 et

1934 5269 2204 5331 quotquot
2222 5258 2489 5331 Hebraieo
2513 5257 2789 5331 contextui
2817 5255 3098 5331 insistunt,
3123 5256 3280 5326 cujus
3300 5258 3508 5331 variam

1931 5325 2104 5406 fuisse
2136 5332 2240 5385 hoc
2270 5327 2741 5406 locolectionem,
2762 5325 2964 5406 exuhac
2998 5325 3508 5406 interpretationem

1932 5402 2196 5456 varietate
2228 5397 2528 5477 conjiciunt
2551 5396 2792 5477 quidam.
2824 5394 2936 5477 Ego
2963 5395 3118 5477 aliter
3142 5394 3507 5477 judico,nam

1970 5480 2301 5539 raeterquﬁam,
2320 5464 2467 5537 quod
2490 5464 2637 5539 nulla
2663 5464 2930 5539 ejusmodi
2957 5473 3178 5539 notatur
3200 5465 3426 5539 variatio
3450 5465 3509 5522 in

1970 5485 2291 5539 rmterquam
2320 5485 2467 5537 quoa
2490 5485 2637 5520 nulla
2663 5485 2930 5534 CJUSIIIOUI
2957 5485 3178 5518 ηοιξιιυι·
3200 5485 3426 5519 varlatlo
3450 5485 3509 5522 In

1931 5485 2060 5597 Pieri
2089 5548 2144 5594 et
2167 5538 2346 5602 Ketib,
2392 5551 2568 5605 neque
2607 5537 2662 5589 in
2705 5533 2874 5605 variis
2905 5534 3225 5605 lectionibus
3253 5533 3509 5605 orienta-

1931 5611 2065 5665 lium
2086 5617 2140 5663 et
2167 5602 2621 5670 Occidentalium,
2654 5618 2830 5673 neque
2850 5603 2903 5656 in
2933 5603 3040 5657 illis
3068 5602 3177 5657 Ben
3200 5603 3429 5669 Ascher,
3453 5612 3508 5657 et

1933 5679 2044 5732 Ben
2065 5675 2388 5752 Nephthali;
2407 5675 2453 5729 si
2471 5690 2582 5729 rem
2608 5675 2830 5752 propius
2851 5682 3084 5742 spectes,
3107 5674 3321 5752 etiamsi
3343 5673 3508 5752 verba

1932 5742 2187 5803 recedant
2234 5746 2532 5818 paulisper,
2580 5742 2863 5801 sententiae
2888 5754 3068 5801 tamen
3105 5742 3161 5796 in
3188 5743 3328 5799 idem
3365 5742 3506 5799 reci-

3152 5842 3229 5902 30

2726 5063 2815 5118 με,
2831 5044 3172 5118 διδάσκοντες
3201 5049 3513 5118 ἐντάλματα
3602 5078 3603 5081 η
