4094 6290
548 267 685 361 εὖθ’

2013 297 2338 353 υιιιοελιε

3683 305 3786 359 (ἑέθ

551 426 840 480 humanas.
896 422 1049 477 Unde
1105 417 1271 492 494
1318 433 1440 473 eum
1490 418 1607 473 haec
1656 417 1762 473 illis
1795 416 2091 472 acciderint

2216 417 2536 489 ἀνθρώπων,
2574 418 2666 471 καὶ
2707 415 3055 482 διδασκαλίας
3080 418 3272 476 ούκέτι
3299 418 3398 482 τὰς
3430 418 3539 473 άπὸ
3563 420 3663 491 τῆς
3697 421 3788 474 τοῦ

553 516 828 571 transtulit
857 511 999 567 Deus
1033 512 1289 581 pepulum
1320 509 1653 575 Judzeorum,
1682 521 1734 565 et
1767 509 1998 579 perdidit
2019 524 2110 563 sa-

550 606 804 676 pientiam
850 590 1066 656 illorum
1104 602 1196 671 qui
1236 602 1378 671 apud
1419 617 1514 656 eos
1551 609 1707 655 erant
1751 600 2055 670 sapientum
2094 618 2107 653 :

536 710 647 749 .nec
668 694 811 748 enim
844 692 1079 761 amplius
1107 691 1248 761 apud
1280 692 1400 745 illos
1423 699 1505 746 est
1528 690 1815 759 sapientia,
1846 699 1906 743 ut
1938 704 2112 759 neque

545 786 845 856 prophetia,
878 784 972 840 sed
1003 795 1058 839 et
1102 782 1511 853 intelligentiam
1560 780 1969 850 intelligentium
2010 795 2110 849 po»

545 877 657 948 puli
701 875 922 941 defodit,
967 884 1020 929 et
1049 875 1288 929 occuluit
1318 874 1481 936 Deus,
1518 887 1619 927 nec
1646 870 1894 941 ‘amplius
1928 872 2111 942 splen-

546 968 670 1023 dida
713 975 795 1022 est
839 976 893 1021 et
941 965 1201 1031 illustris;
1236 975 1543 1035 propterea,
1576 965 1791 1020 etiamsi
1825 963 2110 1018 videantur

546 1058 835 1113 consilium
867 1056 1083 1126 aliquod
1121 1053 1389 1125 profunde
1425 1054 1631 1125 agitare
1655 1052 1721 1120 “,
1750 1067 1874 1107 cum
1902 1051 1956 1106 id
1980 1064 2107 1121 pro-

544 1158 660 1217 pter
694 1146 982 1201 Dominum
1017 1158 1126 1199 non
1160 1143 1383 1208 faciant,
1432 1144 1619 1198 miseri
1648 1143 1933 1208 dicuntur;
1978 1149 2033 1195 et
2060 1141 2106 1197 si

540 1239 751 1294 occulta
788 1237 969 1306 aliqua
1012 1235 1180 1289 divini
1210 1234 1424 1290 consilii
1450 1234 1829 1288 enuntiaturos
1854 1245 1913 1286 se
1943 1230 2107 1301 proli-

540 1338 779 1393 teantur,
812 1327 1174 1389 mentiuntur,
1222 1326 1481 1394 quoniam
1533 1338 1696 1393 opera
1743 1322 1953 1377 illorum
1998 1336 2106 1375 non

540 1420 675 1473 lucis
704 1427 853 1482 sunt,
885 1417 977 1472 sed
1002 1416 1347 1470 tenebrarum
1373 1423 1427 1468 et
1450 1414 1649 1468 noctis.
1687 1410 1873 1465 Visum
1901 1418 1985 1465 est
2009 1424 2107 1463 au-

540 1521 647 1563 tem
680 1509 840 1562 nobis
868 1506 1058 1577 paucis
1079 1505 1262 1560 verbis
1287 1505 1647 1575 prophetiam,
1673 1511 1727 1557 et
1754 1502 1900 1556 illius
1925 1501 2103 1570 aliqua

537 1609 789 1675 exparte
824 1599 1238 1671 explicationem
1287 1597 1517 1666 aperire,
1554 1596 1813 1666 quoniam
1859 1592 2105 1648 meminit

539 1692 685 1747 illius
729 1689 1032 1753 Hatthazus,
1074 1688 1332 1742 meminit
1380 1695 1434 1743 et
1480 1687 1722 1753 Marcus;
1773 1684 1914 1740 unde
1958 1684 2100 1739 circa

540 1780 1025 1851 transgressionem
1047 1780 1336 1833 seniorum
1369 1778 1723 1833 statuentium
1759 1786 1818 1832 ut
1850 1790 1973 1830 cum
1999 1790 2096 1844 pa—

539 1887 662 1926 nem
691 1870 975 1925 comedent
1005 1867 1199 1936 Judaei,
1220 1868 1401 1922 lavent
1426 1882 1640 1933 manus,
1668 1866 1868 1921 utiliter
1897 1865 2098 1935 produ-

536 1974 722 2018 ecmus
744 1975 809 2014 ea
839 1973 959 2029 qua:
990 1958 1095 2013 hoc
1134 1958 1254 2013 loco
1292 1959 1372 2013 sic
1406 1973 1466 2013 se
1498 1957 1760 2013 habent"
1799 1975 1814 2012 :
1848 1975 1866 2009 ι
1905 1955 2098 2011 Phari-

535 2053 627 2108 stei
656 2052 824 2118 enim,
855 2059 908 2106 et
934 2065 1125 2106 omnes
1149 2049 1341 2118 Judwi,
1370 2049 1475 2104 nisi
1501 2049 1692 2105 crebro
1724 2048 1952 2105 laverint
1976 2063 2093 2102 ma-

537 2158 662 2209 nus,
698 2157 808 2196 non
843 2140 1196 2206 manducant,
1242 2150 1486 2195 tenentes
1526 2139 1869 2195 traditionem
1912 2139 2093 2194 senio-

536 2247 678 2289 rum.
704 2231 771 2286 Ει
807 2247 838 2286 a
875 2231 992 2286 foro
1023 2231 1126 2285 nisi
1159 2231 1521 2301 baptizentur,
1547 2247 1655 2286 non
1686 2232 2010 2299 comedunt;
2043 2241 2095 2285 et

535 2325 639 2381 alia
669 2323 837 2379 multa
858 2332 983 2379 sunt
1008 2338 1127 2392 qua:
1155 2323 1346 2378 tradita
1369 2323 1631 2378 suntillis
1658 2338 1893 2391 servare,
1921 2322 2095 2393 bapti-

535 2425 710 2472 smata
744 2416 993 2483 calicum,
1037 2425 1093 2470 et
1137 2429 1449 2482 urceorum,
1486 2424 1539 2471 et
1568 2424 2008 2479 stramentorum,
2040 2425 2094 2471 et

536 2509 819 2563 lectorum.
849 2526 869 2559 ι

602 2687 687 2743 12.
735 2707 755 2740 ι
796 2687 860 2743 Et
904 2688 1219 2744 convocatis
1250 2688 1316 2743 ad
1348 2704 1405 2744 se
1439 2688 1613 2744 turbis
1648 2687 1785 2744 dixit
1808 2688 1894 2742 eis
1923 2706 1940 2742 ις
1975 2686 2087 2742 Au-

530 2780 638 2834 dite
680 2788 734 2834 et
779 2780 1057 2850 intelligite
1084 2780 1153 2847 ",
1186 2799 1204 2832 ι
1241 2788 1295 2834 et
1320 2794 1441 2849 quae
1481 2787 1802 2849 sequuntur.
1843 2777 2090 2832 Dilucide

529 2868 615 2922 his
643 2868 821 2923 verbis
852 2884 883 2922 a
918 2868 1203 2925 Servatore
1242 2869 1524 2933 docemur,
1570 2883 1695 2923 cum
1739 2869 1794 2922 in
1826 2867 2085 2934 Levitieo,

528 2961 610 3015 vel
643 2961 697 3016 in
736 2960 1156 3016 Deuteronomio
1184 2960 1413 3030 legimus
1446 2973 1508 3014 ea
1546 2972 1668 3027 quae
1696 2957 1764 3013 de
1794 2958 2013 3013 mundis
2033 2966 2089 3012 et

528 3054 824 3109 immundis
868 3051 1225 3107 eibistradita
1274 3058 1422 3115 sunt,
1472 3056 1692 3119 propter
1731 3063 1852 3118 quae
1885 3063 1982 3102 nos
2028 3058 2087 3103 ut

525 3132 817 3200 violatores
847 3150 1107 3198 accusant
1132 3139 1303 3195 Judaei
1337 3140 1665 3208 corporales,
1696 3148 1750 3194 et
1790 3153 1981 3209 parum
2018 3139 2088 3194 ab

527 3238 613 3292 bis
650 3237 1019 3305 discrepantes
1064 3232 1324 3298 Ebionazi,
1369 3245 1476 3285 non
1518 3228 1819 3301 Scriptum
1860 3246 2088 3301 scopum

523 3346 648 3387 esse
689 3327 961 3396 arbitrari,
1001 3343 1129 3384 eum
1171 3328 1264 3398 qui
1302 3326 1498 3380 obvius
1535 3334 1617 3380 est
1646 3338 1809 3394 super
1837 3323 2089 3378 iisrebus

527 3434 767 3475 sensum.
800 3416 936 3473 Nam
968 3417 1015 3472 si
1048 3437 1067 3469 ι
1099 3431 1208 3471 non
1230 3413 1386 3486 quod
1409 3415 1577 3469 intrat
1598 3414 1652 3467 in
1684 3427 1747 3467 os
1773 3412 2089 3481 coinquinat

528 3508 946 3576 hominemrsed
979 3508 1123 3578 quod
1152 3505 1391 3577 procedit
1418 3519 1483 3560 ex
1512 3505 1687 3567 ore",
1727 3523 1746 3556 ι
1774 3512 1828 3558 et
1854 3503 2088 3559 maxime

524 3600 809 3673 quoniam,
830 3598 985 3669 juxta
1017 3597 1281 3665 Marcum,
1313 3598 1428 3652 hec
1460 3597 1594 3652 dixit
1624 3594 1924 3651 Servatora
1957 3609 2088 3665 pur-

524 3707 658 3764 gans
695 3706 886 3747 omnes
924 3706 1078 3747 escas
1092 3691 1161 3755 ",
1195 3707 1214 3741 ι
1274 3688 1621 3743 manifestum
1652 3694 1734 3741 est
1765 3700 1874 3741 non
1903 3685 2085 3755 inqui-

522 3783 644 3837 nari
672 3797 771 3838 nos
796 3796 859 3837 ea
884 3782 1230 3837 eouiedentes
1260 3794 1381 3851 quae
1399 3778 1569 3833 Judaei
1594 3777 1787 3831 littera:
1808 3776 1942 3846 legis
1973 3791 2090 3832 ser—

529 3872 639 3925 vire
693 3872 937 3926 volentes
996 3870 1274 3924 immunda
1333 3882 1455 3923 esse
1506 3865 1898 3936 pronuntiant;
1956 3873 2087 3920 tunc

526 3971 703 4017 autem
745 3960 1041 4031 inquinari,
1065 3959 1283 4029 quando
1308 3972 1430 4014 cum
1460 3965 1707 4027 oporteat
1731 3955 1872 4010 labia
1898 3964 2084 4012 nostra

522 4050 731 4106 ratione
761 4050 938 4104 vincta
992 4063 1132 4116 esse,
1177 4062 1387 4118 nosque
1417 4047 1485 4101 iis
1512 4061 1632 4115 quae
1663 4044 1895 4101 dicimus
1922 4052 2089 4102 stato-

524 4155 638 4195 ram
668 4149 720 4195 et
746 4139 936 4194 libram
963 4139 1236 4205 adhibere,
1261 4137 1420 4193 obvia
1436 4134 1953 4207 quaequeloquimur
1969 4136 2090 4204 qui-

521 4231 668 4295 dem,
711 4230 1015 4300 eogitamus
1048 4238 1228 4283 autem
1278 4243 1385 4282 non
1430 4226 1763 4292 necessaria,
1793 4225 1936 4281 unde
1960 4224 2083 4280 fons

522 4323 679 4377 nobis
715 4322 943 4376 scaturit
967 4328 1333 4390 peccatorum.
1361 4321 1434 4373 Ae
1466 4319 1618 4373 decet
1641 4317 1859 4388 quidem
1886 4316 1979 4372 Dei
2004 4317 2082 4371 le-

2112 3096 2159 3155 C

2214 510 2519 580 πνεύματος
2555 512 2763 580 σοφίας,
2790 511 2925 565 ἀλλὰ
2946 511 3044 575 τὰς
3079 510 3443 583 ἀνθρωπίνας.
3473 511 3635 566 Ὅθεν
3664 514 3782 567 τούς

2210 620 2318 655 των
2341 602 2521 666 αὐτοῖς
2554 604 2972 675 συμϐαινόντων,
3004 602 3301 674 μετέθηκεν
3332 607 3360 658 ὁ
3400 605 3531 669 Θεὸς
3553 607 3643 659 τὸν
3682 607 3784 660 τῶν

2224 693 2487 747 Ἰουδαίων
2521 694 2668 759 λαὸν,
2710 697 2803 748 καὶ
2828 693 3077 750 ἀπώλεσε
3107 696 3206 768 τὴν
3240 697 3429 766 σοφίαν
3461 699 3639 752 αὐτῶν
3678 701 3786 753 τῶν

2211 785 2340 856 παρ’
2371 786 2554 849 αὐτοῖς
2592 786 2769 856 σοφῶν
2792 804 2805 818 ο
2840 787 3023 840 οὐκέτι
3052 787 3160 857 γάρ
3186 789 3301 840 ἐστι
3342 790 3503 858 σοφία
3538 793 3667 862 παρ’
3691 793 3787 844 αύ-

2209 874 2341 935 τοίς,
2371 873 2446 935 ὼς
2479 873 2600 926 οὗτε
2636 876 2959 945 προφητεία,
2994 878 3129 932 ὰλὶά
3168 879 3262 930 καὶ
3304 879 3401 947 τὴν
3435 878 3647 934 σύνεσιν
3677 880 3785 932 τῶν

2212 963 2445 1016 συνετῶν
2486 964 2578 1016 τοῦ
2612 964 2741 1018 λαοῦ
2787 966 3136 1039 κατορώρυχέ
3169 986 3293 1033 που,
3343 972 3434 1023 καὶ
3482 970 3717 1043 ἔκρυψεν
3755 978 3785 1027 ό

2208 1056 2358 1120 Θεὸς,
2400 1057 2494 1112 καὶ
2537 1058 2719 1112 οὐκέτι
2762 1059 2878 1111 ἐστὶ
2923 1060 3146 1131 λαμπρὰ
3200 1062 3292 1115 καὶ
3339 1063 3644 1135 έπιφανής’
3677 1065 3782 1130 διὸ,

2207 1143 2309 1198 κᾶν
2349 1146 2546 1198 δοκῶσι
2580 1145 2775 1217 βουλήν
2816 1165 2935 1201 τινα
2974 1147 3183 1218 βαθέως
3231 1152 3425 1212 ποιεῖν,
3456 1151 3520 1202 οὐ
3558 1150 3653 1206 διὰ
3684 1153 3783 1206 τοῦ

2207 1235 2410 1307 Κυρίου
2452 1236 2619 1307 αὐτὴν
2662 1236 2942 1299 ποιοῦντες
2984 1238 3386 1303 ταλανίζονται·
3424 1239 3528 1293 κᾶν
3564 1244 3785 1313 κρυπτά

2205 1343 2325 1380 τινα
2350 1326 2787 1393 ὲπαγγέλλωνται
2822 1327 3017 1397 βουλῆς
3040 1328 3204 1393 Θείας,
3228 1329 3533 1398 ψεύδονται,
3557 1331 3679 1383 ἐπεὶ
3708 1332 3781 1386 τὰ

2205 1416 2340 1487 ἔργα
2363 1416 2540 1469 αὐτῶν
2562 1417 2622 1469 ού
2654 1418 2828 1486 φωτός
2852 1419 3016 1481 ἐστιν,
3039 1418 3172 1471 ἀλλὰ
3200 1420 3421 1482 σκότους
3442 1420 3537 1473 καὶ
3564 1422 3777 1483 νυκτός.

2204 1504 2304 1557 Διά
2351 1504 2593 1577 βραχέων
2624 1506 2691 1558 ,δὲ
2732 1504 2907 1571 ἔδοξεν
2943 1509 3071 1578 ήμῖν
3120 1508 3373 1561 ἐκθέσθαι
3415 1508 3514 1578 τὴν
3562 1525 3779 1581 προφη-

2203 1599 2372 1663 τείαν,
2413 1600 2507 1651 κει)⁵
2540 1599 2638 1669 τὴν
2664 1600 2756 1651 ὲπὶ
2798 1598 2961 1651 ποσὸν
2996 1600 3290 1669 σαφήνειαν
3331 1601 3519 1671 αὐτῆς,
3547 1601 3781 1674 ἐπείπερ

2206 1687 2446 1758 ἐμνήσθη
2474 1687 2644 1757 αὐτῆς
2668 1691 2696 1741 ό
2726 1688 3021 1753 Ματθαῖος,
3060 1688 3306 1761 ἐμνήσθη
3337 1689 3392 1742 δὲ
3433 1691 3527 1743 καὶ
3565 1690 3593 1741 ὁ
3619 1691 3779 1762 Μάρ-

2203 1797 2314 1844 κος,
2350 1781 2440 1849 ἀφ’
2472 1772 2533 1832 οὗ
2567 1780 2849 1851 χρησίμως
2881 1780 3341 1852 παραστησόμεθα
3372 1781 3501 1850 περὶ⁸
3528 1780 3631 1852 τῆς
3666 1799 3776 1838 πα·-

2203 1871 2481 1943 ραὸάσεως
2524 1870 2629 1923 τῶν
2683 1871 3064 1943 πρεσϐυτέρων
3105 1871 3368 1937 δοξάντων
3413 1874 3620 1926 νίπτειν
3673 1875 3774 1936 τὰς

2201 1963 2407 2031 χεῖρας,
2441 1961 2565 2013 ὅταν
2598 1960 2759 2027 ἄρτον
2805 1961 3054 2014 ἐσθίωσιν
3098 1962 3358 2024 Ἰουδαῖοι,
3387 1961 3455 2019 τὰ
3497 1964 3638 2017 κατὰ
3676 1962 3773 2016 τὸν

2200 2051 2361 2103 τόπον
2392 2050 2560 2114 οὕτως
2592 2052 2813 2122 ἔχοντα’
2858 2072 2875 2103 ι
2907 2054 2955 2105 οἱ
2984 2052 3093 2123 γὰρ
3118 2055 3417 2125 Φαρισαῖοι,
3445 2055 3538 2107 καὶ
3564 2056 3770 2121 πάντες

2199 2144 2248 2195 οἱ
2294 2143 2553 2207 Ἰουδαῖοι,
2579 2143 2672 2196 ἐὰν
2701 2143 2775 2213 μὴ
2805 2146 2996 2214 πυγμῇ
3021 2143 3282 2213 νίψωνται
3309 2145 3407 2209 τὰς
3435 2150 3644 2220 χεῖρας,
3670 2150 3773 2208 οὐκ

2199 2234 2455 2300 ἐσθίουσι,
2492 2234 2817 2306 κρατοῦντες
2848 2236 2944 2303 τὴν
2991 2235 3285 2305 παράδοσιν
3321 2237 3428 2290 τῶν
3464 2238 3767 2309 πρεσϐυτέι-

2201 2340 2346 2394 ρων’
2398 2324 2491 2376 καὶ
2544 2324 2639 2377 ἀπ’
2684 2324 2910 2395 ἀγορᾶς,
2961 2323 3055 2376 ὲὰν
3109 2323 3183 2394 μὴ
3232 2324 3620 2393 βαπτίσωνται,
3666 2329 3768 2383 οὐκ

2197 2412 2451 2468 ἐσθίουσι.
2486 2414 2595 2468 Καὶ
2620 2412 2753 2468 ἄλλα
2786 2414 2907 2467 τινά
2937 2415 3081 2466 ἐστιν
3113 2414 3148 2467 ἃ
3180 2416 3485 2486 παρέλαϐον
3517 2421 3762 2489 κρατεῖν,

2199 2502 2537 2575 βαπτισμοὺς
2580 2505 2873 2576 ποτηρίων,
2922 2505 3012 2558 καὶ
3062 2503 3283 2571 ξεστῶν,
3335 2509 3430 2562 καὶ
3476 2508 3764 2584 χαλκείων,

2195 2596 2290 2649 καὶ
2319 2587 2539 2651 κλινῶν.
2579 2615 2598 2647 ι

2269 2705 2289 2738 ι
2338 2687 2447 2739 Καὶ
2479 2684 2987 2759 προσκαλεσάμενος
3026 2687 3117 2740 τὸν
3150 2688 3326 2758 ὄχλον,
3363 2685 3517 2745 εἶπεν
3542 2693 3759 2757 αὐτοῖς’

2206 2776 2453 2830 Ἀκούετε
2481 2778 2573 2832 καὶ
2601 2778 2827 2843 συνίετε,
2866 2798 2885 2830 ι
2918 2780 3011 2832 καὶ
3040 2779 3109 2832 τὰ
3129 2780 3274 2851 ἑξῆς.
3314 2781 3510 2850 Σαφῶς
3540 2782 3627 2838 διά
3650 2783 3766 2837 τού.

2193 2884 2300 2922 των
2335 2867 2441 2921 ύπὺ
2471 2867 2565 2922 τοῦ
2609 2869 2855 2941 Σωτῆρος
2888 2869 3268 2942 διδασκόμεθα,
3299 2874 3760 2940 ἀναγινώσκοντες

2192 2959 2250 3011 ὲν
2288 2957 2366 3029 τῷ
2396 2959 2681 3030 Δευῖτικῷ,
2730 2960 2825 3013 καὶ
2858 2963 2916 3014 ἐν
2960 2961 3038 3031 τῷ
3077 2963 3474 3032 Δευτερονομίῳ
3515 2963 3584 3016 τὰ
3628 2965 3757 3034 περὶ

2192 3048 2443 3120 καθαρῶν
2475 3050 2567 3103 καὶ
2598 3050 2918 3121 ἀκαθάρτων
2953 3051 3271 3123 βρωμάτων,
3308 3053 3392 3121 ἐφ’
3422 3048 3504 3116 οἷς
3534 3052 3610 3116 ὡς
3640 3069 3750 3107 παφ

2191 3138 2515 3211 ρανομοῦσιν
2545 3141 2861 3209 ἐγκαλοῦσιν
2891 3145 3023 3213 ἡμῖν
3054 3146 3104 3198 oi
3140 3144 3441 3213 σωματικοὶ
3484 3136 3766 3213 Ἰουδαῖοι,

2189 3232 2283 3284 καὶ
2311 3232 2360 3284 οι
2394 3230 2557 3303 ὀλίγῳ
2580 3232 2923 3305 διαφέροντες
2961 3235 3140 3289 αὐτῶν
3179 3235 3479 3291 Ἐὁιωναϊοι
3514 3239 3648 3311 (25),
3681 3240 3754 3311 μὴ

2188 3323 2427 3394 νομίζειν
2458 3325 2549 3378 τὸν
2591 3325 2790 3378 σκοπὸν
2822 3323 2960 3380 εἶναι
2986 3330 3053 3397 τῇ
3081 3328 3271 3401 Γραφῇ
3303 3330 3588 3402 πρόχειρον
3631 3334 3757 3405 περὶ

2187 3412 2392 3468 τούτων
2438 3414 2582 3469 νοῦν.
2640 3434 2659 3466 ι
2699 3416 2886 3488 Εἰγὰρ
2926 3418 2985 3470 οὺ
3032 3418 3091 3470 τὸ
3139 3420 3514 3490 εἰσερχόμενον
3568 3423 3648 3485 εὶς
3696 3422 3756 3483 τὸ

2190 3505 2362 3576 στόμα
2386 3510 2556 3584 κοινοί
2590 3508 2681 3562 τὸν
2722 3507 3023 3579 ἄνθρωπον,
3060 3509 3196 3567 ἀλλὰ
3220 3510 3281 3564 τὸ
3313 3510 3665 3583 ὲξερχόμενον
3693 3516 3753 3568 ἐκ

2186 3596 2282 3650 τοῦ
2317 3597 2600 3668 στόματος,
2651 3617 2670 3649 ι
2702 3598 2797 3651 καὶ
2833 3598 3064 3669 μάλιστα
3089 3601 3211 3653 ἐπεὶ
3243 3602 3385 3655 κατὰ
3411 3602 3501 3657 τὸν
3531 3603 3753 3674 Μάρκον

2188 3686 2341 3757 ἔλεγε
2375 3688 2545 3745 ταῦτα
2585 3691 2614 3742 ό
2645 3688 2852 3759 Σωτὴρ,
2895 3708 2913 3739 r
2954 3688 3262 3761 καθαρίζων
3297 3692 3471 3746 πάντα
3512 3693 3580 3746 τὰ
3610 3692 3750 3765 βρώο

2191 3795 2355 3848 ματα,
2383 3797 2401 3829 ι
2421 3777 2597 3849 δῆλον,
2618 3779 2697 3832 ὃτι
2718 3779 2779 3831 οὐ
2804 3779 3123 3849 κοινούμεθα
3142 3780 3240 3849 μὲν
3258 3780 3526 3845 ἐσθίοντες
3547 3781 3584 3836 ἃ
3621 3784 3750 3836 Ἰουν

2188 3866 2327 3921 δαῖοί
2361 3884 2512 3945 φασι,
2557 3868 2633 3938 τῷ
2674 3868 2957 3941 γράμματι
2996 3869 3092 3927 τοῦ
3134 3870 3297 3941 νόμου
3341 3870 3610 3927 δουλεύειν
3640 3873 3755 3926 eos.

2185 3958 2385 4021 λοντες,
2433 3953 2570 4011 εἶναι
2611 3958 2893 4030 ἀκάθαρτα
2924 3978 2938 3991 ·
2987 3961 3107 4013 τότε
3150 3960 3208 4013 δὲ
3250 3961 3593 4033 κοινούμεθα,
3640 3965 3747 4028 ὅτε,

2185 4050 2301 4102 δέον
2341 4048 2411 4101 τὰ
2453 4049 2605 4121 χείλη
2650 4049 2807 4121 ἡμῶν
2845 4050 3085 4104 δεδέσθαι
3134 4052 3402 4123 αἰσθήσει,
3436 4055 3529 4107 καὶ⁵
3580 4057 3747 4107 ποιεῖν

2184 4143 2332 4212 ἡμᾶς
2357 4136 2437 4204 οἷς
2463 4140 2690 4212 λέγομεν
2714 4140 2875 4209 ζυγὸν
2905 4142 2999 4196 καὶ
3022 4143 3278 4213 σταθμὸν,
3305 4144 3537 4215 λέγομεν
3564 4145 3665 4215 μὲν
3682 4145 3748 4203 τὰ

2186 4231 2583 4303 παρατυχόντα,
2631 4231 3043 4303 διαλογιζόμεθα
3083 4233 3139 4292 δὲ
3179 4234 3247 4287 τὰ
3295 4234 3369 4306 μὴ
3401 4236 3610 4299 δέοντα,
3655 4238 3749 4304 ἀφ’

2185 4315 2259 4375 ὧν
2300 4324 2334 4391 ή
2385 4320 2536 4392 πηγὴ
2576 4323 2707 4391 ἡμῖν
2747 4321 2961 4393 ἔρχεται
3006 4323 3114 4376 τῶν
3161 4325 3591 4396 ἁμαρτημάτων.
3639 4327 3749 4381 Καὶ

517 4427 638 4483 gem
671 4426 733 4465 ea
763 4425 883 4480 quae
910 4424 941 4463 e
972 4408 1212 4477 nequitia
1242 4406 1533 4476 proﬂuunt,
1567 4416 1782 4473 vetare;
1815 4421 1936 4475 quas
1954 4419 2082 4459 vero

2194 4408 2391 4480 πρέπον
2423 4408 2484 4475 γέ
2511 4409 2626 4461 ἐστι
2659 4409 2793 4462 Θεοῦ
2836 4410 2983 4481 νόμῳ
3017 4412 3380 4484 ἀπαγορεύειν
3409 4415 3476 4468 τὰ
3502 4414 3612 4471 ἀπὸ
3652 4432 3750 4467 κα.-

516 4503 586 4560 ad
623 4502 875 4556 virtutem
902 4499 1190 4571 pertinent,
1221 4498 1539 4567 praecipere;
1568 4512 1689 4564 quae
1716 4510 1846 4551 vero
1872 4511 1938 4551 ex
1960 4510 2081 4550 sese

2194 4498 2329 4563 κίας,
2378 4500 2471 4553 καὶ
2518 4501 2874 4571 προστάσσειν
2917 4502 2986 4556 τὰ
3026 4505 3146 4557 κατ’
3180 4506 3417 4576 ἀρετήν’
3456 4506 3523 4559 τὰ
3566 4507 3625 4559 δὲ
3670 4506 3745 4578 τῷ

518 4602 646 4648 sunt
673 4591 1052 4656 indiﬂ'erentia,
1095 4603 1195 4645 suo
1225 4588 1349 4643 loco
1380 4587 1703 4656 relinquere,
1742 4602 1806 4641 ea
1836 4585 2085 4640 videlicet

2194 4586 2298 4657 ἰδίῳ
2326 4586 2469 4657 λόγῳ
2496 4589 2779 4660 ἀδιάφορα,
2812 4590 2982 4643 ταῦτα
3012 4593 3105 4662 ὲᾷν
3128 4594 3219 4647 ἐπὶ
3248 4595 3448 4667 χώρας,
3475 4596 3744 4667 δυνάμενα

517 4699 638 4754 qua:
668 4685 807 4739 male
827 4684 940 4739 ﬁeri
963 4693 1213 4754 possunt,
1247 4680 1293 4736 si
1314 4695 1377 4734 ex
1415 4679 1680 4740 instituto.
1713 4688 1766 4733 et
1795 4693 1858 4731 ex
1878 4691 1939 4730 ea
1963 4691 2083 4746 qua:

2194 4675 2267 4729 in
2299 4675 2397 4746 τὴν
2425 4678 2738 4748 προαίρεσιν
2767 4679 2860 4731 καὶ
2889 4681 2979 4734 τὸν
3004 4683 3062 4733 ὲν
3089 4683 3218 4753 ἡμῖν
3244 4685 3417 4753 λόγον,
3445 4686 3747 4758 ἁμαρτανό-

517 4775 571 4828 in
588 4773 745 4827 nobis
766 4782 850 4829 est
871 4773 1078 4828 ratione
1096 4772 1150 4826 in
1169 4771 1236 4826 iis
1254 4784 1569 4841 peccemus;
1591 4776 1732 4824 recte
1745 4778 1922 4823 autem
1943 4766 2079 4833 ﬁeri,

2194 4779 2321 4832 μενα
2373 4763 2473 4833 μὲν
2511 4764 2696 4828 κακῶς
2740 4767 3092 4836 πράττεσθαι,
3136 4771 3540 4843 κατορθούμενα
3570 4774 3625 4827 δὲ
3660 4773 3745 4844 γι-

583 4928 757 4986 “lsa.
789 4946 937 4997 χιιι,
974 4931 1059 4985 l5.
1131 4931 1176 4965 δ’
1221 4929 1385 4985 Marc.
1421 4944 1521 4992 vti,
1576 4929 1629 4994 5,
1656 4928 1708 4981 4.
1770 4927 1815 4958 ⁵ο
1843 4925 2033 4981 Matth.
2063 4941 2092 4979 χ

2194 4923 2267 4979 l0.
2345 4923 2385 4954 ⁸¹
2425 4922 2555 4978 ibid.
2590 4924 2673 4980 Η.
2754 4927 2799 4958 ⁵¹
2824 4926 2991 4984 Marc.
3015 4946 3111 4998 vu,
3139 4930 3225 4986 l9.

515 5095 671 5160 dunt,
701 5106 827 5147 eum
862 5094 1159 5161 praesertim
1214 5093 1577 5155 διδάσκουσιν,
1613 5094 1701 5148 hic
1727 5091 2079 5161 signiﬁcatio-

514 5178 637 5218 nem
672 5176 780 5216 non
809 5161 1060 5227 docendi,
1092 5163 1183 5216 sed
1209 5163 1450 5217 discendi
1472 5162 1716 5218 obtinere
1735 5164 1999 5225 videatur,
2020 5169 2080 5216 ut

516 5231 653 5287 infra
683 5246 900 5301 quoque
931 5232 1258 5301 notabimus.
1288 5231 1549 5287 Hunnus.

584 5297 716 5369 (εδγ
734 5297 839 5355 Καὶ
858 5304 911 5354 ol
932 5300 1506 5369 diiqxpdtasaépmec
1521 5301 1717 5369 αὐτῶν
1730 5297 2075 5369 ,Ἐϐιωναῖομ

515 5368 690 5439 Quam
724 5368 1072 5439 proximeiad
1100 5368 1314 5425 Judaeos
1349 5373 1666 5437 accederent
1706 5368 1945 5439 Ebionaei
1982 5368 2080 5439 do-

514 5448 636 5493 cent
677 5437 932 5503 lrenaeus,
983 5438 1313 5506 Epiphanius
1350 5448 1404 5493 et
1434 5440 1823 5494 'l'heodoretus.
1854 5437 1970 5491 Non
2000 5437 2070 5506 ab

516 5507 742 5573 impuris
769 5518 946 5563 autem
974 5508 1110 5561 cibis
1136 5507 1493 5572 solummodo,
1519 5510 1609 5563 sed
1640 5519 1693 5563 et
1722 5510 1789 5561 ab
1814 5505 2069 5561 animatis

518 5576 768 5645 omnibus
794 5594 886 5633 eos
920 5576 1271 5645 abstinuisse,
1302 5593 1367 5631 ac
1402 5593 1499 5645 pro
1530 5579 1759 5645 impuris
1786 5578 2064 5639 habuisse,

514 5643 865 5715 eurndemque
887 5660 1126 5701 errorem
1149 5643 1308 5699 Petro
1339 5643 1623 5701 allinxisse'
1642 5647 1795 5701 testis
1820 5657 1901 5700 est
1924 5645 2065 5699 idem

2177 5087 2535 5158 Epiphanius,
2560 5085 2752 5143 haeres.
2782 5106 2913 5145 xxx.
2945 5090 3053 5147 Nec
3078 5092 3456 5152 Ebionmorum
3485 5097 3750 5158 duntaxat

2176 5157 2330 5213 error
2363 5158 2448 5234 ille
2472 5157 2591 5234 fuit,
2615 5174 2735 5225 qua:
2756 5160 2992 5214 animata
3027 5161 3259 5234 fuissent
3286 5168 3587 5234 respuenda
3610 5157 3742 5223 eené

2176 5244 2316 5293 sero,
2345 5228 2437 5281 sed
2468 5238 2522 5281 et
2543 5225 2945 5294 Nazaraeorum,
2971 5240 3022 5284 et
3052 5225 3527 5298 Dositheanorum,
3561 5249 3611 5290 et
3640 5237 3747 5294 Va-

2176 5298 2454 5359 lesiorum,
2483 5305 2536 5350 et
2560 5299 2920 5364 quorumdam
2951 5317 2981 5353 e
3006 5299 3407 5358 Saturnilianis.
3441 5315 3493 5357 et
3514 5305 3745 5361 Marcio-

2176 5367 2354 5430 nistis,
2381 5376 2453 5429 ct,
2489 5367 2534 5420 si
2558 5365 2849 5437 Pliibistrio
2874 5369 3005 5424 lich
3028 5381 3131 5437 est,
3157 5371 3536 5435 Aerianorum,
3564 5386 3618 5429 et
3641 5377 3746 5432 En-

2177 5437 2615 5508 cratitarumtet
2660 5430 3205 5508 Manichaeorum'et
3246 5443 3336 5508 qui
3379 5458 3446 5495 ex
3486 5430 3595 5498 illis
3633 5430 3741 5501 orti

2174 5516 2320 5584 sunt,
2348 5494 2907 5584 Priscillianistartrm,
2930 5494 3469 5584 et_Apota_ctic0rum,
3487 5494 3742 5584 s'eiiaiidi

2176 5576 2510 5654 stolicorum.
2583 5574 2756 5654 Quam
2828 5574 3094 5654 insaniam
3158 5574 3463 5654 damnavit
3499 5574 3740 5654 synodus

2174 5637 2374 5715 Gangr.
2402 5658 2522 5698 ean.
2563 5637 2622 5711 ιι,
2657 5644 2869 5713 aliaque
2897 5646 3125 5701 subinde
3155 5647 3348 5704 concit.
3387 5646 3459 5702 lo.
