4094 6290
1453 265 1594 281 δι,..

345 395 446 454 9-H

1335 395 1684 451 COMMENT.
1730 394 1794 448 IN
1831 393 2248 456 MATTll.-EUM
2288 401 2528 458 TOMUS
2569 403 2658 456 XI.

3485 407 3592 483 9i?

347 511 571 582 γνεσθαι
625 513 821 576 καλῶς.
863 511 1047 564 Ταῦτα
1079 511 1136 564 δέ.
1156 529 1236 575 τις
1261 512 1532 582 ὲπ·μελῶς
1555 515 1774 583 νοήσας,
1801 514 1923 584 ὅψε-

2025 513 2188 587 495
2213 518 2258 572 si
2283 519 2352 572 ad
2382 519 2584 573 bonum
2617 520 2776 574 tinem
2799 519 3184 590 perducantur.
3205 518 3283 574 Ad
3317 520 3433 576 haec
3462 536 3591 593 vero

347 617 458 667 ται,
485 604 568 657 ὅτι
598 605 690 658 καὶ
709 603 777 656 τὰ
801 604 1125 674 νομιζόμενα
1154 603 1331 672 ἀγαθὰ
1358 598 1468 656 οἷόν
1499 599 1564 660 τέ
1579 606 1715 668 ἐστι,
1742 605 1924 668 κακῶς

350 694 443 747 καὶ
480 695 586 747 άπὸ
625 695 830 759 πάθους
868 695 1121 760 λαϐόντα,
1167 696 1518 766 ἁμαρτάνειν,
1547 696 1642 748 καὶ
1671 695 1740 748 τὰ
1767 695 1924 764 λεγό-

350 802 487 856 μενα
519 786 826 858 ἀκάθαρτα,
862 787 1087 841 δυνατὸν
1115 787 1256 840 κατὰ
1287 787 1440 854 λόγον
1472 789 1528 840 ὲν
1562 789 1754 860 χρήσει
1792 791 1924 858 ἡμῖν

349 875 628 946 γινόμενα,
661 875 965 945 λογίζεσθαι
990 877 1220 950 καθαρά.
1246 879 1456 948 ’Ὠσπερ
1482 877 1588 951 γάρ
1618 878 1710 930 τοῦ
1746 881 1924 950 ἁμαρ-

349 968 600 1040 τάνοντος
645 969 897 1041 Ἰουδαίου
940 970 973 1038 ἡ
1017 969 1285 1042 περιτομὴ
1327 971 1407 1034 εἰς
1439 969 1802 1042 ἀκροϐυστίαν
1845 973 1926 1026 λο-

349 1057 688 1130 γισθήσεται,
727 1059 820 1126 τοῦ
862 1061 920 1113 δὲ
961 1060 1347 1133 κατορθοῦντος
1387 1061 1494 1114 ἀπὸ
1538 1062 1646 1114 τῶν
1691 1062 1858 1116 ἐθνῶν
1887 1065 1921 1134 ἡ

350 1148 686 1219 ἀκροϐυστία
711 1150 791 1212 εἰς
813 1149 1134 1221 περιτομὴν,
1165 1149 1336 1214 οῦτως
1357 1151 1426 1220 τά
1469 1151 1565 1222 μὲν
1595 1151 1923 1223 νομιζόμενα

351 1240 570 1314 καθαρὰ
604 1242 983 1314 λογισθήσεται
1021 1245 1100 1306 εἰς
1142 1243 1426 1316 ἀκάθαρτα
1462 1243 1539 1314 τῷ
1583 1244 1656 1314 μὴ
1699 1244 1925 1310 δεόντως

351 1334 553 1398 αὐτοῖς,
583 1335 716 1406 μηδὲ
751 1337 839 1400 ὅτε
883 1338 982 1399 δεῖ,
1031 1337 1166 1407 μηδὲ
1196 1337 1317 1390 ὅσον
1351 1337 1432 1390 δεῖ
1465 1335 1598 1408 (‘26),
1636 1337 1769 1408 μηδὲ
1802 1338 1922 1392 ὅθεν

351 1426 433 1492 δεῖ
463 1427 759 1498 χρωμένῳ-
785 1427 852 1480 τὰ
890 1426 946 1478 δὲ
976 1427 1240 1497 λεγόμενα
1265 1428 1547 1501 ἀκάθαρτα
1583 1449 1602 1480 ι
1645 1431 1820 1484 πάντα
1841 1431 1924 1500 γί-

353 1535 504 1572 νεται
529 1517 740 1589 καθαρά
771 1521 882 1581 τοῖς
913 1517 1170 1589 καθαροῖς
1189 1535 1202 1547 ·
1239 1521 1353 1582 τοῖς
1389 1519 1497 1591 γὰρ
1535 1521 1925 1591 μεμιασμένοις

355 1609 450 1660 καὶ
497 1608 741 1672 ἀπίστοις
783 1609 930 1662 οὐδὲν
971 1607 1228 1680 καθαρὸν,
1271 1610 1394 1662 ἐπεὶ
1428 1611 1718 1681 μεμίανται
1746 1612 1923 1675 αὐτῶν

355 1697 451 1752 καὶ
484 1700 512 1750 6
557 1698 702 1765 νοῦς,
733 1699 826 1752 καὶ
866 1701 898 1768 ἡ
930 1699 1230 1771 συνείδησις
1255 1717 1268 1730 ο
1315 1719 1334 1751 ›
1369 1701 1464 1769 Δκαὶ
1495 1699 1683 1766 ταῦτα,
1721 1719 1922 1772 μεμια-

357 1789 552 1857 σμένα,
588 1788 801 1845 ἅπαντα
835 1792 976 1842 ποιεῖ
1010 1788 1182 1860 μιαρά
1225 1783 1300 1843 ὧν
1330 1789 1394 1844 ἂν
1440 1790 1674 1862 ἅψηται)
1706 1791 1781 1854 ὡς
1819 1792 1924 1845 πά-

353 1875 436 1929 λιν
480 1879 542 1945 ἐκ
587 1876 972 1930 τοῦ.ὲναντίου
1010 1879 1038 1930 6
1067 1875 1302 1946 καθαρὸς
1345 1875 1470 1939 νοῦς
1503 1878 1596 1930 καὶ
1633 1879 1666 1948 ἡ
1706 1876 1921 1949 καθαρὰ

353 1967 657 2037 συνείδησις
697 1967 870 2020 πάντα
899 1969 1042 2020 ποιεί
1083 1967 1317 2040 καθαρὰ,
1353 1967 1456 2022 κᾶν
1479 1967 1608 2038 δοκῇ
1643 1968 1924 2040 ἀκάθαρτα

351 2059 638 2130 τυγχάνειν
659 2076 673 2089 ο
705 2059 765 2112 οὐ
797 2058 904 2130 γὰρ
935 2059 1042 2112 ἀπὸ
1076 2059 1390 2131 ἀκολασίας,
1420 2060 1540 2113 οὐδὲ
1561 2060 1670 2114 ἀπὸ
1709 2061 1924 2134 φιληδο-

353 2149 494 2214 νίας,
536 2150 656 2202 οὐδὲ
700 2151 838 2221 μετὰ
879 2151 1202 2222 διακρίσεως
1243 2151 1633 2224 περιελκούσης
1671 2154 1751 2216 εἰς
1797 2153 1925 2207 ἐκά-

357 2257 489 2313 τερα
525 2245 583 2295 ,οἱ
627 2242 824 2296 δίκαιοι
868 2243 1106 2320 χρῶνται
1156 2246 1266 2308 τοῖς
1307 2241 1648 2315 βρώμασινῆ
1693 2245 1922 2314 πόμασι,

358 2333 694 2404 μεμνημένοι
726 2334 819 2387 τοῦ
845 2351 858 2364 ο
915 2353 933 2385 ι
983 2333 1106 2386 Εἴτε
1147 2334 1374 2398 ἐσθίετε,
1415 2333 1525 2387 εἴτε
1573 2335 1778 2398 πίνετε,
1816 2335 1924 2389 εἴτε

353 2421 483 2491 ᾄλλο
509 2428 730 2489 ποιεῖτε,
753 2427 834 2488 είς
862 2424 1014 2490 δόξαν
1035 2425 1169 2478 Θεοῦ
1193 2427 1416 2478 ποιεῖτε.
1453 2445 1471 2477 ι
1499 2427 1562 2479 El
1586 2427 1642 2480 δὲ
1663 2427 1766 2500 χρὴ
1797 2419 1948 2480 Orto?

353 2515 562 2584 γράψαι
597 2516 668 2570 τὰ
705 2516 846 2570 κατὰ
877 2517 938 2570 τὸ
965 2516 1295 2586 Εὑαγγὲλιον
1325 2515 1606 2590 ἀκάθαρτα
1638 2517 1920 2597 βρώματα,

353 2605 619 2674 φήσομεν,
649 2605 730 2658 ὅτι
756 2604 979 2659 τοιαῦτά
1013 2607 1128 2658 ἐστι
1165 2604 1232 2658 τά
1263 2604 1372 2657 ἀπὸ
1411 2605 1722 2673 πλεονεξίας
1753 2624 1925 2684 πεποτ-

356 2694 611 2766 ρισμένα,
659 2697 752 2750 καὶ
801 2697 908 2750 ἀπὸ
947 2697 1393 2768 αἰσχροκερδείας
1435 2700 1922 2775 περιγεγενημένα,

355 2783 454 2836 καὶ
487 2785 593 2837 ἀπὸ
625 2786 932 2858 φιληδονίας
969 2787 1375 2858 λαμϐανόμενα,
1407 2787 1500 2841 καὶ
1539 2787 1647 2843 ἀπὸ
1677 2789 1771 2842 τοῦ
1808 2789 1927 2851 θεο-

353 2876 626 2930 ποιεῖσθαι
661 2879 975 2950 τιμωμένην
1019 2881 1118 2950 τὴν
1158 2880 1420 2952 γαστέρα,
1459 2881 1588 2936 ὅταν
1631 2881 1789 2953 αὐτὴ,
1832 2882 1926 2936 καὶ

353 2967 414 3018 αί
448 2967 567 3018 κατ’
597 2969 765 3040 αὐτὴν
791 2971 1014 3040 ὀρέξεις,
1046 2973 1139 3044 καὶ
1171 2972 1246 3044 μὴ
1273 2975 1302 3026 6
1329 2973 1504 3042 λόγος,
1539 2974 1681 3046 ἄρχῃ
1703 2975 1802 3046 τῆς
1823 2974 1926 3043 ψυτ-

351 3055 460 3126 χῆς
487 3055 660 3127 ἡμῶν.
705 3057 864 3112 Ἀλλά
890 3062 982 3114 καὶ
1010 3047 1364 3129 γινώσκοντες
1395 3049 1690 3134 δαιμονίοις
1724 3053 1926 3136 κεχρῆ-

2027 608 2120 676 qui
2153 608 2440 677 diligenter
2477 611 2736 674 attendet,
2775 611 2977 664 Videbit
2997 611 3050 664 in
3074 611 3142 666 iis
3163 627 3282 680 quae
3305 611 3444 666 bona
3470 627 3592 670 esse

2028 695 2342 764 creduntur,
2365 713 2524 766 posse
2550 714 2674 752 eum
2705 714 2950 769 peccare,
2981 700 3072 770 qui
3097 700 3237 758 male
3260 709 3314 756 et
3333 716 3396 755 ex
3422 716 3592 770 pravo

2027 785 2218 839 aﬂ‘cetu
2267 801 2330 840 ea
2379 789 2714 856 susceperit;
2751 795 2804 841 et
2836 803 2957 856 quae
3000 788 3280 851 immunda
3313 787 3588 867 dicuntur,

2027 890 2185 942 posse
2211 891 2308 944 pro
2336 877 2554 932 mundis
2589 878 2847 946 reputari,
2890 878 2936 932 si
2965 893 3090 934 cum
3123 879 3332 944 ratione
3369 879 3434 933 iis
3466 888 3592 949 uta-

2027 981 2167 1019 mur.
2210 966 2676 1032 Quemadmodum
2705 969 2848 1022 enim
2879 969 3241 1038 delinquentis
3277 966 3446 1024 Judaei
3485 969 3593 1023 cir-

2028 1056 2290 1111 cumcisio
2320 1057 2372 1110 in
2403 1059 2724 1126 praeputium
2749 1058 3106 1127 reputabitur,
3138 1067 3192 1114 et
3211 1059 3410 1115 ethnici
3445 1067 3592 1120 recte

2027 1146 2278 1200 facientis
2330 1147 2648 1217 praeputium
2694 1148 2750 1202 in
2796 1149 3378 1221 circumcisionem";
3420 1149 3505 1210 sic
3535 1157 3591 1222 et

2025 1248 2146 1301 quae
2185 1249 2321 1302 pura
2353 1236 2757 1304 existimantur,
2791 1252 2888 1306 pro
2917 1237 3146 1306 impuris
3180 1223 3594 1307 impu‘tabuntur

2025 1321 2096 1388 ci,
2124 1324 2215 1392 qui
2251 1339 2349 1378 nec
2378 1325 2629 1379 decenter
2655 1325 2743 1390 iis,
2776 1341 2952 1396 neque
2979 1327 3196 1396 quando
3232 1337 3463 1398 Oportet,
3495 1345 3593 1384 nc-

2025 1428 2131 1482 que
2161 1413 2303 1481 unde
2339 1423 2570 1488 oportet,
2615 1415 2808 1482 utitur;
2849 1433 2971 1486 qua:
3016 1429 3194 1473 autem
3249 1419 3461 1489 impura
3503 1421 3589 1496 di:

2025 1514 2243 1568 cuntur,
2280 1525 2298 1558 ι
2329 1495 2511 1562 omnia
2543 1511 2680 1562 tiunt
2709 1509 2911 1564 munda
2938 1511 3195 1564 mundis:
3221 1495 3592 1590 coinquinatis

2023 1597 2166 1662 enim
2203 1605 2257 1658 et
2288 1597 2599 1654 inﬁdelibus
2629 1599 2764 1654 nihil
2793 1609 2876 1655 est
2907 1601 3192 1665 mundum,
3223 1603 3481 1671 quoniam
3505 1585 3589 1676 in;
3617 1593 3622 1600 ’

2023 1690 2260 1758 quinatze
2289 1699 2416 1744 sunt
2441 1706 2632 1746 eorum
2666 1701 2718 1746 et
2741 1707 2894 1746 mens
2941 1701 2995 1746 et
3023 1693 3350 1765 conscientia
3369 1693 3452 1760 lii;
3491 1713 3509 1745 ι
3539 1707 3592 1767 et

2025 1779 2140 1834 haec
2166 1781 2372 1849 polluta
2408 1797 2533 1836 cum
2561 1790 2710 1850 sunt,
2735 1781 2920 1853 omnia
2945 1782 3154 1852 impura
3179 1781 3416 1859 etiiciunt
3441 1799 3590 1852 qua:

2026 1887 2240 1942 cunque
2265 1873 2539 1944 attigerint
2567 1891 2580 1926 :
2605 1873 3058 1943 quemadmodum
3095 1890 3286 1948 rursus
3313 1890 3344 1930 e
3372 1885 3593 1930 contra-

2025 1963 2108 2016 rio
2137 1978 2274 2032 pura
2306 1979 2462 2018 mens
2505 1973 2560 2018 et
2603 1979 2738 2034 pura
2765 1963 3096 2034 conscientia
3127 1979 3264 2034 pura
3290 1965 3474 2018 omnia
3507 1963 3590 2028 fa-

2023 2055 2193 2122 ciunt,
2223 2056 2438 2112 etiamsi
2463 2055 2677 2126 impura
2701 2071 2822 2119 esse
2847 2057 3158 2123 videantur;
3187 2072 3285 2110 nec
3311 2057 3454 2111 enim
3480 2073 3592 2136 prae

2024 2146 2248 2202 lascivia
2289 2148 2375 2202 vel
2417 2148 2594 2203 studio
2639 2147 2954 2218 yoluptatis,
2985 2161 3162 2219 neque
3197 2161 3322 2214 cum
3369 2149 3590 2213 dubita-

2025 2239 2172 2293 tione
2206 2239 2260 2292 in
2303 2247 2591 2309 utramque
2616 2248 2830 2310 partem
2873 2240 3144 2308 trahente,
3189 2247 3418 2310 utuntur
3452 2239 3588 2314 justi

2024 2329 2146 2384 cibo
2185 2337 2240 2384 et
2268 2338 2422 2405 potu,
2451 2345 2722 2386 memores
2761 2331 2889 2393 dicti
2931 2331 3076 2400 illius
3103 2331 3148 2363 ⁵⁸
3175 2349 3188 2386 :
3220 2349 3245 2402 μ
3285 2329 3408 2386 Sive
3435 2347 3590 2393 man-

2023 2421 2256 2486 ducatis,
2283 2421 2397 2482 sive
2420 2421 2628 2488 bibitis,
2657 2421 2770 2484 sive
2801 2421 2930 2492 quid
2961 2419 3159 2492 facitis,
3181 2421 3368 2490 omnia
3398 2423 3450 2476 in
3477 2422 3592 2493 glo-

2027 2513 2162 2568 riam
2205 2512 2297 2568 Dei
2331 2512 2510 2579 facite.
2553 2533 2572 2566 ι
2620 2512 2776 2578 Quod
2807 2513 2852 2570 si
2883 2513 3198 2584 designandi
3240 2523 3369 2569 sunt
3413 2515 3451 2569 ii
3493 2516 3590 2588 qui

2020 2605 2176 2674 juxta
2213 2603 2570 2675 Evangelium
2599 2605 2798 2674 impuri
2833 2613 2962 2660 sunt
2991 2605 3124 2672 cibi,
3161 2605 3405 2664 dicemus
3455 2609 3591 2675 tales

2025 2711 2147 2752 esse
2184 2685 2308 2752 illos
2339 2697 2433 2767 qui
2457 2697 2525 2756 ab
2549 2697 2776 2768 avaritia
2805 2697 3310 2767 subministrantur,
3339 2709 3394 2755 et
3417 2701 3591 2772 turpis

2025 2787 2160 2842 lucri
2191 2789 2372 2843 studio
2409 2796 2812 2862 comparantur,
2835 2796 2890 2843 et
2913 2804 3022 2858 pra:
3049 2791 3326 2860 voluptate
3359 2807 3591 2860 sumun-

2027 2889 2134 2949 tur,
2188 2887 2243 2935 et
2275 2880 2476 2935 idcirco
2525 2879 2672 2950 quod
2701 2880 3026 2936 honoratum
3070 2893 3312 2942 ycntrem
3345 2899 3444 2953 pro
3478 2882 3596 2950 ουρ

2025 2973 2355 3040 habeamus;
2382 2972 2600 3041 quando
2627 2971 2874 3026 videlicet
2898 2973 3034 3042 ipse,
3051 2973 3277 3044 ejusque
3299 2975 3592 3053 appetitus,

2025 3077 2134 3118 non
2164 3063 2321 3130 ratio,
2350 3063 2546 3116 animae
2575 3071 2776 3118 nostra:
2808 3063 3178 3127 dominantur.
3211 3065 3318 3121 Sed
3347 3075 3403 3121 et
3423 3067 3596 3130 scien-y

355 3147 482 3202 σθαί
504 3165 644 3213 τινα,
672 3149 704 3219 ἢ
731 3151 804 3220 μὴ
831 3149 1188 3218 γινώσκοντες
1211 3153 1331 3224 μὲν,
1361 3153 1710 3220 ὑπονοοῦντες
1728 3155 1804 3220 δὲ,
1832 3157 1923 3209 καὶ

2030 3164 2107 3210 tes
2133 3153 2418 3209 daemoniis
2452 3169 2611 3210 usum
2644 3153 2881 3223 aliquem
2903 3154 3096 3225 fuisse,
3127 3157 3213 3227 γε]
3243 3173 3354 3228 non
3390 3173 3594 3230 cogno-

353 3240 749 3316 διακρινόμενα
781 3245 908 3315 περὶ
935 3245 1143 3310 τούτου,
1173 3249 1219 3299 εἰ
1245 3247 1592 3321 χρησαίμεθα
1617 3251 1730 3312 τοῖς
1754 3249 1928 3302 τοιού-

355 3349 488 3402 τοις,
527 3334 626 3389 οὐκ
660 3335 739 3399 εἰς
776 3335 930 3401 δόξαν
962 3336 1096 3390 Θεοῦ
1139 3339 1319 3402 αὐτοῖς
1351 3339 1685 3412 κεχρήμεθα,
1717 3339 1838 3393 οὐδὲ
1867 3341 1924 3400 ἐν

355 3424 578 3496 ρνόματι
609 3425 866 3497 Χριστοῦ,
903 3427 962 3480 οὐ
1001 3429 1158 3500 μόνον
1189 3429 1290 3498 τῆς
1323 3429 1452 3501 περὶ
1491 3432 1582 3486 τοῦ
1605 3431 1926 3508 εἰδωλόθυτα

356 3510 498 3569 εἶναι
539 3516 855 3589 ὑπολήψεως
896 3519 1326 3592 κατακρινούσης
1361 3521 1451 3574 τὸν
1489 3521 1756 3588 ἐσθίοντα,
1788 3525 1923 3592 ἀλλὰ

357 3608 453 3661 καὶ
487 3608 586 3679 τῆς
618 3610 744 3682 περὶ
769 3609 954 3662 τούτου
981 3609 1304 3690 διακρίσεως
1323 3628 1336 3640 ·
1372 3629 1390 3674 ς
1434 3611 1494 3664 '0
1524 3611 1634 3686 γὰρ
1655 3614 1926 3690 διακρινό-

361 3717 540 3771 μενος,
581 3701 721 3772 κατὰ
749 3702 838 3761 τὸν
885 3701 1223 3766 Ἀπόστολον,
1258 3701 1355 3774 ’ἐὰν
1395 3701 1563 3776 φάγῃ,
1593 3707 1924 3780 κατακέκριτ

355 3807 468 3857 ται,
495 3792 577 3844 ὅτι
611 3793 712 3845 οὐκ
747 3793 812 3844 ἐκ
850 3792 1112 3856 πίστεως’
1151 3793 1260 3844 πᾶν
1301 3791 1358 3865 δὲ
1389 3793 1418 3844 ὃ
1447 3793 1546 3846 οὐκ
1573 3795 1638 3847 ὲκ
1670 3795 1921 3862 πίστεως,

357 3885 601 3957 ἁμαρτία
625 3883 791 3942 ἐστίν.
830 3904 849 3935 ι
889 3883 982 3938 Ἐκ
1013 3884 1243 3950 πίστεως
1273 3885 1372 3955 μὲν
1397 3881 1489 3940 οῦν
1514 3885 1682 3962 ἐσθίει
1707 3891 1736 3942 6
1767 3906 1925 3952 πεπιτ

360 3976 598 4042 στευκὼς
627 3977 700 4050 μὴ
741 3979 798 4030 ὲν
824 3977 1110 4042 εἰδωλείοις
1137 3977 1246 4048 (27)
1284 3977 1540 4053 τεθύσθαι
1571 3981 1632 4032 τὸ
1674 3980 1925 4054 ἐσθιόμε-

357 4087 468 4134 νον,
493 4069 626 4142 μηδὲ
647 4070 866 4125 πνικτὸν
887 4069 1016 4124 αὐτὸ
1037 4065 1194 4133 εἶναι,
1220 4069 1252 4141 ἢ
1281 4065 1421 4140 αἷμα
1442 4088 1455 4102 ·
1479 4071 1577 4144 οὐκ
1605 4073 1669 4128 ὲκ
1693 4073 1926 4144 πίστεως

357 4161 415 4214 δὲ
441 4163 470 4216 ὁ
497 4162 624 4233 περὶ
647 4163 852 4232 τούτων
881 4163 1024 4226 τινὸς
1052 4161 1460 4233 διακρινόμενος
1479 4179 1492 4193 ο
1541 4164 1634 4238 καὶ
1673 4165 1924 4228 κοινωνὸς

355 4253 414 4306 δὲ
442 4252 548 4306 τῶν
585 4253 873 4325 δαιμονίων
917 4253 1121 4327 γίνεται
1162 4253 1190 4306 ό
1227 4253 1320 4306 καὶ
1351 4253 1488 4328 αὐτὰ
1535 4253 1693 4318 εἰδὼς
1734 4253 1924 4325 δαιμο-

358 4348 490 4414 νίοις
523 4347 801 4415 τεθύσθαι,
827 4349 924 4410 καὶ
959 4347 1112 4403 οὐδὲν
1145 4343 1305 4420 ἦττον
1342 4347 1622 4421 χρώμενος
1654 4348 1790 4420 μετὰ
1831 4367 1927 4421 με-

361 4439 700 4510 μολυσμὲνης
731 4439 828 4510 τῆς
860 4441 986 4512 περὶ
1019 4439 1125 4493 τῶν
1167 4438 1454 4510 δαιμονίων
1485 4441 1924 4512 κοινωνησάντων

355 4531 434 4602 τῷ
457 4533 653 4603 θύματι
678 4532 997 4600 φαντασίας.
1026 4530 1135 4584 Καὶ
1165 4533 1194 4584 6
1235 4529 1552 4593 Ἀπόστολος
1585 4531 1768 4602 μέντοι
1801 4535 1923 4588 επι-

359 4623 620 4694 στάμενος
654 4623 728 4692 μὴ
759 4621 857 4690 τὴν
891 4619 1049 4692 φύσιν
1076 4620 1182 4689 τῶν
1229 4619 1528 4694 βρωμάτων
1569 4620 1746 4677 αἰτίαν
1785 4619 1924 4676 εἶναι

359 4712 563 4783 βλάϐης
612 4711 690 4782 τῷ
728 4711 1023 4782 χρωμένῳ,
1069 4711 1101 4782 ἢ
1146 4712 1411 4786 ὠφελείας
1455 4713 1534 4784 τῷ
1579 4715 1922 4788 ἁπεχομένῳ,

359 4805 494 4860 ἀλλὰ
531 4804 598 4872 τά
636 4802 877 4873 δόγματα
912 4802 1008 4856 καὶ
1033 4803 1124 4856 τὸν
1161 4805 1530 4876 ἐνυπάρχοντα
1558 4805 1736 4875 λόγον,
1767 4804 1887 4862 εἷπε
1907 4827 1920 4840 ο

363 4915 382 4947 ι
422 4894 628 4968 Βρῶμα
665 4892 722 4947 δὲ
751 4895 898 4965 ἡμᾶς
931 4893 991 4946 οὐ
1027 4893 1320 4964 παρίστησι
1357 4894 1434 4964 τῷ
1467 4895 1585 4966 θεῷ
1607 4912 1622 4928 ο
1654 4896 1778 4950 οὔτε
1814 4898 1923 4971 γὰρ

356 4987 450 5042 ἐὰν
469 4987 754 5058 φάγωμεν,
785 4983 1236 5056 περισσευόμεθα,
1265 4983 1388 5037 οὗτε
1413 4985 1507 5038 ἐὰν
1537 4989 1610 5058 μὴ
1638 4991 1920 5062 φάγωμεν,

358 5076 741 5150 ὑστερούμεθα.
775 5095 794 5128 ιι
833 5076 942 5129 Καὶ
975 5073 1204 5142 ἐπείπερ
1241 5073 1508 5142 ἠπίστατο
1539 5079 1663 5141 τοὺς
1689 5081 1920 5149 μεγαλο-

359 5169 646 5240 φυέστερον
677 5166 930 5235 νοοῦντας
954 5163 1095 5219 κατὰ
1122 5163 1212 5216 τὸν
1247 5164 1410 5234 νόμον
1437 5165 1558 5219 τίνα
1587 5167 1654 5221 τὰ
1685 5170 1920 5243 καθαρὰ,

358 5258 450 5310 καὶ
491 5258 612 5310 τίνα
657 5256 727 5310 τὰ
773 5255 1077 5326 ἀκάθαρτα,
1111 5251 1449 5315 ἀποστάντας
1497 5253 1597 5322 τῆς
1643 5259 1771 5327 περὶ
1825 5261 1920 5314 τοῦ

358 5346 590 5419 χρῆσθαι
627 5347 702 5410 ὡς
725 5345 1004 5418 καθαροῖς,
1038 5343 1132 5398 καὶ
1166 5340 1495 5412 ἀκαθάρτοις
1521 5341 1801 5416 διαφορᾶς,
1829 5353 1922 5420 καὶ

2029 3261 2241 3315 scentes
2285 3245 2528 3316 quidem,
2581 3245 2922 3314 suspicantes
2966 3255 3168 3314 autem,
3227 3257 3280 3316 et
3330 3264 3395 3306 ea
3433 3251 3501 3318 de
3531 3265 3594 3308 re

2027 3335 2358 3401 dubitantes,
2395 3336 2440 3391 si
2475 3335 2674 3406 talibus
2707 3345 2946 3404 utamur,
2989 3352 3097 3393 non
3133 3338 3202 3401 ad
3245 3337 3338 3394 Dei
3365 3339 3594 3412 gloriam

2026 3427 2132 3482 illis
2159 3427 2244 3482 usi
2275 3442 2488 3493 sumus,
2515 3441 2688 3496 neque
2724 3427 2778 3501 in
2815 3427 3036 3483 nomine
3062 3426 3288 3494 Christi,
3316 3445 3440 3484 cum
3482 3443 3593 3507 non

2027 3519 2144 3590 ipsa
2193 3520 2370 3574 solum
2420 3521 2661 3590 suspicio
2695 3521 2848 3576 cibos
2899 3521 3058 3576 idolis
3105 3521 3412 3577 immolatos
3441 3537 3592 3600 esse,

2027 3611 2400 3674 comedentem
2433 3611 2778 3678 condemnet,
2801 3610 2896 3666 sed
2935 3620 2986 3666 et
3013 3611 3080 3666 de
3108 3626 3170 3666 ea
3203 3627 3262 3666 re
3289 3611 3590 3688 dubitatio;

2031 3721 2051 3754 ι
2085 3701 2178 3776 qui
2211 3701 2356 3756 enim
2390 3699 2622 3773 dubitat,
2651 3701 2808 3776 juxta
2838 3703 3154 3775 Apostolum
3179 3703 3248 3768 ⁸⁸,
3277 3703 3324 3770 si
3360 3702 3591 3757 mandu-

2025 3789 2252 3857 caverit,
2279 3791 2570 3860 damnatus
2600 3803 2702 3866 est,
2735 3793 2862 3863 quia
2891 3807 3001 3851 non
3029 3808 3096 3847 ex
3141 3791 3278 3859 ﬁde;
3309 3807 3470 3848 omne
3496 3806 3594 3860 au:

2025 3895 2132 3940 tem
2161 3881 2306 3952 quod
2339 3897 2446 3936 non
2492 3898 2560 3936 ex
2601 3881 2724 3950 ﬁde,
2751 3893 3032 3954 peccatum
3065 3891 3167 3938 est.
3207 3903 3226 3934 ι
3254 3881 3333 3938 Ex
3368 3883 3471 3939 lide
3493 3898 3593 3938 au-

2027 3984 2134 4030 tem
2167 3974 2461 4042 manducat
2507 3973 2555 4030 is
2601 3975 2694 4044 qui
2730 3974 2900 4031 credit
2949 3975 3004 4028 in
3055 3975 3324 4031 idolorum
3383 3975 3596 4062 templis

2026 4067 2366 4121 immolatum
2396 4081 2504 4120 non
2527 4080 2646 4121 esse
2675 4066 2728 4120 id
2759 4066 2904 4136 quod
2932 4069 3255 4136 comeditur,
3290 4085 3390 4125 nec
3423 4069 3594 4149 sum}:

2025 4165 2208 4213 catum
2245 4155 2376 4210 illud
2401 4169 2544 4219 esse,
2575 4169 2672 4210 nec
2695 4155 3012 4227 sanguinem
3036 4173 3050 4220 ;
3075 4171 3180 4211 non
3215 4172 3278 4212 ex
3309 4158 3411 4222 fide
3439 4174 3591 4240 vero,

2025 4248 2120 4318 qui
2155 4247 2222 4302 de
2251 4246 2434 4318 aliquo
2473 4261 2664 4302 eorum
2703 4245 2934 4312 dubitat,
2976 4257 3031 4302 ct
3067 4248 3338 4318 particeps
3373 4249 3594 4328 quidem

2025 4341 2421 4397 daemoniorum
2464 4339 2543 4402 ﬁt,
2579 4337 2672 4409 qui
2720 4338 2811 4392 illa
2841 4337 3125 4396 daemoniis
3165 4327 3444 4419 immolata
3474 4327 3597 4398 esse

2029 4432 2199 4498 novit,
2245 4431 2420 4501 iisque
2455 4429 2807 4486 nihilominus
2850 4440 3030 4486 tamen
3066 4432 3257 4501 utitur,
3307 4447 3433 4488 cum
3475 4433 3598 4505 pol--

2028 4525 2140 4580 luta
2171 4523 2558 4594 imaginatione
2577 4521 2644 4576 de
2667 4521 3005 4596 daemonibus
3029 4523 3356 4578 sacriﬁcium
3383 4524 3602 4594 particiy

1975 4682 1986 4692 .
2027 4615 2304 4686 pantihus.
2349 4613 2414 4668 Et
2443 4612 2736 4682 Apostolus
2763 4612 2984 4695 quidem
3029 4613 3208 4686 sciens
3235 4623 3482 4685 naturam
3518 4614 3598 4669 ci-

2029 4711 2225 4762 borum
2254 4704 2457 4760 nullius
2476 4703 2788 4758 detrimenti
2814 4717 3036 4776 causam
3065 4719 3186 4776 esse
3211 4703 3258 4758 ei
3283 4703 3376 4772 qui
3405 4705 3592 4770 utitur,

2026 4815 2128 4854 nec
2163 4794 2520 4853 emolumenti
2551 4794 2604 4867 ei
2635 4793 2728 4870 qui
2771 4793 3026 4872 abstinet,
3074 4791 3168 4846 sed
3201 4791 3506 4866 opiniones,

2027 4907 2147 4948 eam
2177 4904 2300 4960 quae
2328 4888 2440 4943 illis
2463 4887 2606 4960 inest
2633 4884 2920 4957 rationem,
2951 4884 3088 4940 dixit
3110 4884 3154 4916 ³⁷
3177 4901 3192 4938 z
3216 4903 3235 4936 ι
3257 4883 3389 4940 Esca
3413 4893 3596 4963 autem

2033 5001 2132 5038 nos
2160 4997 2266 5038 non
2301 4978 2647 5036 commendat
2678 4977 2806 5040 Deo,
2832 4991 3008 5046 neque
3038 4976 3182 5030 enim
3217 4977 3265 5032 si
3295 4977 3596 5034 manduca-

2031 5075 2294 5139 verimus,
2336 5071 2770 5141 abundahimus;
2814 5083 2991 5140 neque
3027 5067 3075 5124 si
3109 5068 3274 5143 496
3302 5085 3410 5140 non
3441 5085 3600 5148 mane

2031 5162 2431 5227 ducaverimus,
2466 5159 2800 5232 deficiemus.
2839 5177 2859 5210 ι
2892 5157 2958 5212 Ει
2979 5149 3238 5238 quoniam
3272 5160 3480 5234 sciebat
3503 5173 3597 5238 eos

2029 5256 2122 5326 qui
2158 5253 2446 5310 sublimius
2482 5250 2962 5322 intelliguntjuxta
2985 5251 3155 5321 legem
3186 5265 3432 5319 quamam
3457 5264 3596 5329 pura

2024 5349 2138 5418 sint
2168 5353 2224 5400 et
2255 5356 2506 5418 quamam
2547 5339 2785 5418 impura,
2825 5339 3178 5418 abhorrentes
3218 5354 3251 5417 ξι
3283 5337 3598 5417 discrimine

419 5502 468 5533 ⁸³
490 5502 648 5558 Rom.
672 5519 734 5568 ιι,
764 5502 818 5556 6.
864 5502 916 5570 ,⁸⁵
945 5499 1050 5554 Tit.
1085 5516 1122 5567 ι,
1156 5497 1242 5552 l5.
1295 5497 1340 5528 ⁸⁸
1368 5493 1534 5550 [Con
1570 5513 1624 5563 τι,
1652 5499 1739 5554 5i.
1816 5503 1864 5535 ⁸⁸
1895 5505 1923 5559 F

2025 5527 2054 5564 I.
2089 5525 2198 5576 xw,
2229 5507 2318 5560 25.
2399 5503 2444 5536 ⁵⁷
2469 5501 2489 5556 l
2519 5499 2645 5555 Cor.
2679 5515 2800 5566 νιιι,
2835 5499 2890 5556 8.

449 5645 538 5725 g6)
576 5642 740 5725 @1161}
771 5643 923 5696 ὅσον
949 5640 1054 5695 δεῖ.
1101 5637 1223 5692 llaec
1259 5633 1639 5698 desiderantur
1667 5637 1719 5690 in
1755 5641 1918 5701 unico

359 5715 544 5780 codice
577 5715 750 5767 lloim.
1567 5772 1582 5782 ο

431 5785 539 5854 (‘27)
575 5782 925 5846 Είδωλείοις.
976 5778 1066 5832 Sic
1109 5775 1310 5846 optimc
1343 5772 1497 5828 codd.
1539 5772 1832 5835 Vaticanus
1857 5787 1916 5856 et

2028 5643 2373 5698 Tan-iniurius.
2426 5637 2626 5710 Reg-ius
2665 5651 2808 5711 vero
2836 5643 2890 5690 et
2921 5632 3269 5711 Holmiensis,
3313 5629 3592 5711 είδωλίοις,

2026 5717 2291 5773 (lu-terum
2329 5711 2446 5765 \"i-ie
2472 5702 2592 5764 A'ct.
2631 5721 2720 5775 xv,
2745 5705 2836 5774 Q0,
2869 5713 2923 5761 et
2955 5719 3066 5784 tul,
3099 5702 3190 5784 25:
3435 5705 3440 5711 ’
3497 5781 3509 5784 λ
3543 5705 3582 5718 ’⁸
