4094 6290
498 323 607 379 9ιὸ

1986 313 2312 371 οιιιοεκιε

3654 325 3787 380 944

502 442 555 495 in
581 440 782 497 utendo
806 444 867 495 ut
896 435 1065 506 puris,
1089 442 1144 489 et
1166 433 1416 503 impuris,
1441 442 1494 488 et
1522 432 1926 503 superstitione,
1951 432 2059 501 opi-

2175 432 2613 505 δεισιδαιμονίας,
2652 431 2823 507 οἶμαι,
2858 439 2915 490 ἐν
2955 437 3231 510 διαφόροις
3274 439 3611 511 ἐνδιαφορεῖν
3646 439 3783 511 (εδει

501 550 629 601 nor,
660 533 802 590 circa
834 528 1143 585 diiierentes
1176 527 1349 593 cibos,
1376 525 1442 582 iis
1464 525 1943 581 indiscriminatim
1972 525 2071 592 uti,

502 635 889 696 proptereaque
915 637 944 676 a
972 620 1176 676 ludatis
1200 629 1454 690 tanquam
1482 619 1614 689 legis
1644 626 2074 689 transgressores

498 716 771 781 damnari,
806 712 1011 768 idcirco
1043 712 1180 767 dixit
1213 711 1477 765 alicubi“
1504 730 1517 764 :
1561 730 1579 763 ι
1607 710 1778 767 Nemo
1814 727 1943 783 ergo
1975 727 2074 767 nos

491 806 701 876 judicet
741 806 797 871 in
837 805 981 873 cibo,
1030 812 1126 859 aut
1156 804 1212 857 in
1245 815 1396 874 potu,
1436 822 1454 854 ι
1502 813 1556 858 et
1589 819 1711 873 quae
1742 812 2070 874 sequuntur,

496 903 701 956 docens
745 912 846 952 nos
887 911 950 951 ea
997 911 1119 966 quae
1160 902 1289 950 sunt
1323 894 1480 965 juxta
1521 895 1780 959 litteram,
1823 896 2070 950 umbram

493 1009 647 1058 esse;
684 1004 840 1053 veros
869 997 1052 1043 autem
1085 987 1219 1057 legis
1253 1002 1449 1042 sensus
1481 987 1574 1057 qui
1605 988 1659 1041 in
1689 987 1757 1041 iis
1788 988 2071 1043 contineo-

492 1100 602 1150 tur,
626 1082 809 1139 futura
838 1097 959 1138 esse
981 1081 1148 1146 bona,
1176 1079 1229 1134 in
1258 1079 1458 1149 quibus
1484 1079 1719 1148 reperire
1740 1088 1822 1135 est
1845 1080 2068 1150 quinam

492 1178 603 1233 sint
628 1174 751 1246 puri
785 1174 982 1229 animat
1015 1171 1328 1245 spirituales
1365 1171 1494 1236 cibi,
1531 1179 1585 1225 et
1615 1171 1838 1241 quinam
1871 1171 2071 1240 impuri

492 1271 547 1322 in
600 1264 949 1322 sermonibus
996 1263 1185 1325 falsis,
1244 1262 1766 1325 contradicentibus,
1815 1261 2071 1325 laedentes

490 1373 616 1412 eum
647 1355 741 1427 qui
772 1356 838 1410 iis
862 1354 1164 1409 innutritus
1186 1362 1301 1417 est:
1335 1372 1353 1403 ι
1380 1350 1639 1407 Umbram
1664 1352 1811 1407 enim
1839 1351 2074 1407 habebat

491 1451 575 1504 lex
608 1448 918 1509 futurorum
956 1446 1307 1500 bonorum".
1353 1464 1371 1495 ι

563 1543 652 1598 15.
694 1540 1160 1615 Quemadmodum
1196 1547 1375 1592 autem
1420 1538 1473 1592 in
1510 1538 1697 1593 multis
1729 1536 2073 1592 animadver-

492 1635 715 1691 tendum
746 1642 828 1689 est
852 1632 905 1689 id
929 1631 1073 1702 quod
1101 1631 1153 1685 in
1189 1630 1497 1686 Servatoris
1523 1630 1870 1686 sermonibus
1897 1629 2072 1684 admi-

492 1728 756 1781 rabantur
780 1722 969 1789 Judaei,
1003 1722 1146 1793 quod
1197 1738 1391 1793 nempe
1438 1723 1492 1774 in
1542 1730 1810 1792 potestate
1856 1718 2068 1791 profer-

492 1826 703 1884 rentur,
729 1815 809 1870 sic
835 1823 889 1870 et
930 1814 983 1868 in
1020 1814 1105 1871 his
1149 1813 1242 1882 qui
1288 1796 1557 1866 habentur
1598 1812 1701 1867 hoc
1744 1812 1885 1867 loco.
1929 1809 2066 1874 Cum

490 1908 812 1962 advocasset
833 1903 1002 1975 igitur
1032 1902 1270 1967 turbam,
1320 1902 1457 1956 dixit
1483 1901 1591 1956 illis
1614 1901 1658 1932 ⁶⁰
1688 1920 1700 1967 ;
1743 1919 1763 1953 ι
1792 1901 1988 1957 Audite
2017 1911 2071 1956 ct

492 1998 795 2069 intelligite,
819 2015 846 2049 θ
894 2004 950 2050 et
999 2009 1121 2066 quae
1162 2002 1291 2049 sunt
1335 1993 1627 2064 deinceps;
1661 2002 1717 2048 et
1751 1993 1885 2057 illud
1910 1993 2065 2059 dixit,

488 2107 613 2147 cum
660 2087 1067 2145 offenderentur
1111 2084 1371 2140 Pharisaei
1414 2085 1519 2140 hoc
1561 2099 1836 2151 sermone,
1880 2092 2067 2154 utpote

487 2180 583 2251 qui
632 2187 854 2258 propter
900 2192 1098 2247 pravas
1132 2176 1431 2241 sententias
1464 2184 1518 2231 et
1555 2191 1777 2244 pravam
1811 2174 1947 2251 legis
1976 2190 2067 2230 ac—

485 2272 793 2351 ceptionem
840 2284 956 2325 non
1005 2276 1189 2331 essent
1232 2267 1497 2347 plantatio
1542 2265 1722 2333 Patris
1753 2267 1839 2333 sui
1875 2267 1970 2338 qui
2010 2268 2062 2322 in

486 2362 642 2423 caelis
670 2370 772 2431 est,
802 2369 857 2417 et
884 2361 1009 2425 ideo
1039 2360 1450 2424 eradicarentur
1470 2359 1512 2391 ⁸³
1537 2376 1552 2426 ;
1584 2358 1784 2429 quippe
1804 2359 2062 2415 eradicati

486 2465 634 2524 sunt,
676 2454 820 2526 quod
856 2468 965 2515 non
1006 2452 1311 2523 receperint
1340 2451 1612 2515 excultam
1652 2466 1683 2505 a
1713 2449 1872 2506 Patre
1900 2452 2061 2506 vitem

486 2562 670 2609 veram
715 2544 904 2601 lesum
951 2542 1256 2599 Christum.
1306 2542 1593 2609 Quomodo
1636 2543 1781 2597 enim
1815 2551 2065 2612 poterant

483 2653 609 2694 esse
636 2636 901 2708 plantatio
932 2633 1111 2689 Patris
1144 2633 1182 2688 ii
1208 2632 1301 2711 qui
1336 2633 1752 2688 oﬂendebantur
1780 2630 1906 2687 Jcsu
1945 2647 2064 2687 scr-

485 2730 742 2793 monibus
780 2726 1151 2783 avertentibus
1210 2726 1429 2796 quidem
1486 2726 1555 2781 ab
1610 2741 1721 2781 eo:
1764 2745 1781 2778 ι
1822 2724 1900 2781 Ne
1941 2727 2059 2781 teti'

483 2802 661 2891 geris,
699 2832 876 2888 neque
912 2816 1182 2888 gustaris,
1226 2831 1405 2886 neque
1456 2817 1901 2880 contrectaveris,
1941 2834 2063 2887 quae

484 2918 614 2964 sunt
636 2894 820 2964 omnia
842 2907 899 2960 in
922 2906 1202 2961 interitum
1225 2905 1344 2975 ipso
1370 2906 1567 2974 abusu,
1592 2907 1893 2964 secundum
1923 2923 2062 2977 prae-

483 3010 639 3079 cepta
679 3009 733 3054 ct
763 2997 1041 3054 doctrinas
1070 2996 1361 3063 hominum
1385 2998 1462 3063 ἰς
1508 2998 1908 3055 deducentibus
1931 3014 2060 3055 vero

2177 526 2243 595 τῇ
2291 525 2485 596 χρήσει
2514 526 2622 578 τῶν
2659 526 2986 598 βρωμάτων,
3019 530 3116 583 καὶ
3154 529 3243 582 διὰ
3286 529 3443 583 τοῦτο
3486 531 3595 583 ὑπὸ
3631 532 3781 583 Ἰου-

2175 616 2338 670 δαίων
2373 618 2447 683 ὠς
2471 620 2819 692 παρανόμους
2848 621 3151 692 κρίνεσθαι,
3175 622 3262 675 διὰ
3289 621 3446 675 τοῦτο
3473 620 3595 676 εἶπέ
3625 641 3739 676 που
3760 640 3777 653 ⁸

2182 726 2200 759 ι
2239 708 2330 780 Μὴ
2360 705 2453 763 οὖν
2484 710 2717 783 κρινέτω
2743 729 2829 775 τις
2859 714 3006 783 ἡμᾶς
3036 714 3092 765 ἐν
3122 713 3344 784 βρώσει,
3373 714 3406 785 ἦ
3438 714 3497 767 ἐν
3529 715 3713 780 πόσει,
3748 733 3776 766 ι

2175 802 2271 854 καὶ
2305 802 2375 854 τὰ
2414 800 2561 872 ἑξῆς,
2613 802 2879 856 διδάσκων
2925 804 3092 873 ἡμᾶς,
3138 805 3219 857 ὅτι
3263 804 3333 858 τὰ
3373 804 3471 875 μὲν
3516 804 3659 858 κατὰ
3702 804 3780 857 τὸ

2175 895 2407 977 γράμμα
2444 894 2571 948 σκιά
2608 896 2745 961 ἐστι,
2768 893 2840 947 τὰ
2870 895 2913 947 δ’
2953 895 3127 966 ἀληθῆ
3157 895 3251 948 τού
3277 897 3442 968 νόμου
3473 897 3777 951 ἐναποκει-

2178 1000 2315 1054 μενα
2346 983 2557 1049 τούτοις
2594 986 2841 1055 νοήματα
2882 984 3145 1055 μέλλοντά
3184 986 3330 1039 ἐστιν
3357 986 3557 1055 ἀγαθὰ,
3591 989 3649 1041 ἐν
3674 982 3774 1051 οἷς

2175 1074 2321 1128 ἔστιν
2347 1076 2525 1147 εὑρεῖν
2555 1075 2675 1129 τίνα
2713 1075 2782 1129 τὰ
2814 1076 3029 1146 καθαρὰ
3053 1079 3152 1149 τῆς
3190 1077 3369 1148 ψυχῆς
3412 1081 3773 1150 πνευματικὰ

2176 1163 2458 1237 βρώματα,
2491 1166 2586 1219 καὶ
2627 1166 2749 1220 τίνα
2785 1168 2855 1222 τὰ
2891 1168 3175 1239 ἀκάθαρτα
3206 1170 3264 1223 ἐν
3300 1169 3477 1239 λόγοις
3514 1171 3766 1240 ψευδέσι,

2174 1257 2269 1308 καὶ
2301 1256 2581 1319 ἐναντίοις,
2614 1254 2920 1325 βλάπτοντα
2955 1257 3047 1309 τὸν
3081 1257 3413 1328 τρεφόμενον
3449 1261 3507 1312 ἐν
3539 1258 3725 1322 αὐτοῖς
3746 1276 3764 1292 ο

2180 1364 2198 1397 ι
2245 1344 2413 1403 Σκιὰν
2464 1345 2574 1419 γὰρ
2626 1341 2773 1419 εἶχεν
2824 1350 2854 1402 ό
2900 1349 3061 1420 νόμος
3108 1349 3218 1402 τῶν
3269 1349 3569 1420 μελλόντων
3618 1353 3768 1420 ἁγα-

2176 1436 2374 1492 θῶν.ι
3113 1488 3122 1497 .

2248 1530 2459 1602 ’Ὠσπερ
2487 1530 2543 1584 δέ
2578 1531 2636 1585 ἐν
2674 1531 2889 1596 πολλοῖς
2925 1532 3288 1605 κατανοητέον
3316 1534 3377 1587 τὸ
3410 1533 3764 1607 θαυμαζόμεδ

2173 1640 2264 1677 νον
2294 1623 2445 1696 παρὰ
2482 1623 2757 1688 Ἰουδαίοις
2778 1626 2871 1678 ἐπὶ
2891 1628 3004 1690 τοῖς
3030 1626 3124 1679 τοῦ
3159 1627 3411 1699 Σωτῆρος
3440 1628 3646 1698 λόγοις,
3673 1630 3762 1684 ὅτι

2176 1717 2235 1768 ἐν
2267 1713 2483 1793 ἐξουσίᾳ
2512 1716 2782 1785 ἐλέγοντο,
2808 1717 2979 1789 οὕτως
3009 1718 3103 1770 καὶ
3132 1720 3223 1771 ἐπὶ
3245 1719 3351 1771 τῶν
3386 1721 3526 1774 κατὰ
3551 1721 3642 1773 τὸν
3668 1721 3762 1773 τό-

2174 1822 2298 1863 πον.
2320 1807 2423 1860 Τὸν
2450 1807 2604 1879 ὄχλον
2624 1807 2753 1877 γοῦν
2789 1809 3323 1881 προσκαλεσάμενος,
3351 1806 3504 1865 εἶπεν
3535 1814 3720 1876 αὐτοῖς
3740 1830 3754 1843 ·

2177 1917 2196 1950 ι
2248 1899 2498 1954 ’Λκούετε
2546 1902 2639 1954 καὶ
2689 1901 2918 1965 συνίετε,
2964 1920 2982 1952 ι
3035 1903 3127 1955 καὶ
3171 1903 3240 1956 τὰ
3286 1904 3444 1976 ἑξῆς·
3478 1904 3573 1958 καὶ
3609 1905 3758 1959 τοῦτ’

2171 1990 2344 2060 ἔλεγε,
2389 1992 2700 2063 Φαρισαίων
2748 1991 3249 2065 σκανδαλιξομένων
3300 1996 3393 2047 ἐπὶ
3445 1995 3616 2065 τούτῳ
3677 1994 3758 2064 τῷ

2167 2083 2330 2154 λόγῳ,
2357 2083 2432 2148 ὼς
2466 2084 2556 2138 διὰ
2581 2084 2652 2137 τὰ
2691 2083 2941 2159 μοχθηρὰ
2981 2085 3247 2157 δόγματα,
3277 2087 3371 2139 καὶ
3405 2086 3502 2159 τὴν
3544 2087 3756 2158 φαύλην

2168 2175 2322 2252 παρὰ
2351 2175 2445 2229 τοῦ
2472 2176 2635 2246 νόμου
2668 2176 2915 2249 ἐκδοχὴν,
2959 2177 3061 2230 οὐκ
3092 2178 3260 2232 ὄντων
3299 2180 3524 2253 φυτείας
3567 2180 3661 2233 τοῦ
3690 2183 3754 2234 ἐν

2167 2269 2416 2340 οὐρανοῖς
2438 2267 2630 2321 ἐαυτοῦ
2655 2269 2887 2342 Πατρός,
2913 2271 3007 2322 καὶ
3034 2269 3124 2323 διὰ
3142 2270 3300 2323 τοῦτο
3319 2271 3716 2343 ἐκριζουμένων
3732 2290 3749 2303 ο

2167 2359 2607 2432 ἐξερριζώθησαν
2650 2358 2760 2432 γὰρ
2807 2361 2881 2432 μὴ
2921 2361 3355 2433 παραδεξάμενοι
3380 2363 3478 2435 την
3519 2365 3626 2418 ἀπὸ
3656 2364 3750 2418 τοῦ

2167 2452 2379 2523 Πατρὸς
2404 2450 2825 2523 γεωργουμένην
2845 2451 3088 2523 ἄμπελον
3109 2453 3367 2525 ἀληθινὴν
3400 2456 3606 2526 Ἰησοῦν
3624 2457 3754 2527 Χρι-

2168 2546 2309 2599 στόν.
2344 2544 2470 2608 Πῶς
2501 2543 2611 2616 γὰρ
2641 2545 2902 2615 ἠδύναντο
2938 2542 3076 2600 εἶναι
3112 2547 3306 2618 φυτεία
3335 2547 3430 2601 τοῦ
3464 2547 3675 2619 Πατρός
3700 2548 3750 2599 oi

2162 2640 2256 2694 ἐπὶ
2305 2641 2418 2702 τοῖς
2472 2638 2649 2710 Ἰησοῦ
2710 2639 3194 2705 σκανδαλισθέντες
3244 2640 3441 2709 λόγοις,
3487 2642 3750 2713 ἁφιστᾶσι

2168 2730 2264 2801 μὲν
2296 2728 2423 2782 τοῖ’)⁸
2458 2748 2476 2781 ι
2514 2729 2605 2799 Μὴ
2640 2729 2774 2804 ἅψῃ,
2814 2729 2947 2801 μηδὲ
2977 2729 3171 2803 γεύσῃ,
3218 2731 3351 2801 μηδὲ
3391 2731 3568 2803 θίγῃς,
3603 2730 3641 2784 ἃ
3680 2726 3749 2801 ἦν

2166 2822 2345 2875 πάντα
2373 2823 2452 2884 είς
2486 2819 2690 2894 φθορὰν
2722 2824 2787 2893 τῇ
2817 2822 3142 2893 ἀποχρήσει,
3177 2823 3320 2877 κατά
3340 2823 3406 2877 τὰ
3438 2824 3750 2894 ἐντάλματα

2164 2914 2260 2966 καὶ
2307 2911 2656 2977 διδασκαλίας
2703 2912 2811 2966 τῶν
2850 2912 3153 2984 ἀνθρώπων
3174 2931 3187 2945 ·
3248 2934 3266 2967 ι
3308 2914 3640 2987 προσάγουσι
3688 2913 3746 2967 δέ

2164 3005 2254 3059 τὸν
2282 3004 2499 3058 συνετὸν
2532 3003 2738 3057 ἐαυτῶν
2772 3005 3048 3078 ἀκροατὴν
3078 3004 3151 3073 τῷ
3196 3004 3261 3056 τὰ
3300 3005 3409 3057 ᾶνω
3456 3002 3583 3073 περὶ
3616 3002 3742 3055 τού-

484 3095 782 3173 sapientem
837 3104 1000 3146 suum
1047 3089 1354 3145 auditorem
1404 3092 1471 3146 ad
1531 3094 1847 3162 quaerenda,
1892 3110 2058 3166 super

2165 3116 2269 3153 των
2302 3097 2503 3169 ζητεῖν,
2539 3099 2634 3151 καὶ
2684 3097 2757 3168 μὴ
2805 3098 2899 3150 ἐπὶ
2932 3098 3056 3168 γῆς,
3101 3096 3173 3161 ὡς
3217 3097 3265 3148 οἱ
3317 3093 3593 3157 ⁹Ιουδαῖοι;
3628 3093 3742 3147 Καὶ

483 3188 590 3245 iiiis
622 3200 687 3241 ea
730 3198 854 3255 quae
896 3198 1115 3245 sursum
1146 3192 1294 3248 sunt,
1336 3200 1444 3239 non
1477 3199 1601 3256 quae
1635 3200 1801 3265 super
1831 3195 2054 3254 terram,

484 3287 541 3334 ut
567 3275 777 3332 Judaei?
804 3271 870 3337 Et
891 3274 1148 3344 quoniam
1170 3281 1395 3351 propter
1414 3289 1581 3344 prava
1607 3289 1769 3331 sensa
1792 3276 2055 3343 Pharisaei

479 3370 744 3444 plantatio
772 3381 883 3433 non
912 3373 1069 3421 erant
1096 3363 1278 3420 Patris
1306 3366 1401 3435 qui
1436 3367 1490 3419 in
1518 3368 1673 3423 ctelis
1707 3379 1821 3437 est;
1855 3371 2059 3428 idcirco

479 3466 547 3520 de
578 3462 686 3521 illis
716 3468 976 3529 tanquam
1003 3458 1417 3522 insanabilibus,
1445 3459 1521 3514 ait
1542 3460 1827 3530 discipulis
1852 3462 1899 3495 ”
1924 3487 1937 3519 :
1970 3463 2058 3518 Si-

478 3556 593 3611 nite
615 3554 769 3618 illos;
807 3571 827 3605 ι
855 3550 1039 3615 sinite,
1084 3559 1372 3620 propterea
1416 3552 1556 3621 quod
1590 3553 1718 3609 caeci
1759 3571 1888 3615 cum
1920 3556 2053 3622 sint,

476 3646 739 3702 deberent
790 3645 1086 3701 caecitatem
1142 3658 1297 3707 suam
1354 3630 1577 3709 sentire,
1626 3652 1681 3700 et
1725 3646 1895 3703 duces
1933 3649 2057 3703 vita:

476 3751 751 3809 quaerere;
783 3734 887 3807 ipsi
908 3749 1038 3791 vero
1072 3734 1371 3791 caecitatem
1401 3749 1561 3797 suam
1592 3752 1700 3792 non
1733 3739 2052 3804 sentientes,

477 3843 654 3889 caecos
679 3828 879 3884 ducere
911 3842 971 3893 se
1001 3828 1329 3903 gloriantur,
1362 3841 1468 3881 non
1495 3827 1796 3901 cogitantes
1826 3845 2055 3886 casuros

476 3935 537 3977 se
563 3920 618 3981 in
654 3916 888 3983 foveam,
939 3916 1008 3971 de
1037 3931 1145 3997 qua
1178 3915 1233 3969 in
1272 3914 1508 3971 Psalmis
1554 3917 1816 3987 scriptum
1861 3928 1947 3981 est
1962 3919 2007 3952 “
2038 3941 2052 3975 :

481 4030 500 4063 ι
535 4009 739 4071 Lacum
763 4008 976 4079 aperuit
1000 4017 1053 4062 et
1074 4006 1259 4069 eﬂ‘odit
1278 4022 1427 4071 eum,
1451 4016 1505 4061 et
1529 4007 1730 4063 incidet
1760 4009 1812 4064 in
1844 4009 2053 4067 foveam

476 4115 643 4170 quam
695 4099 842 4154 fecit.
874 4116 893 4150 ι
948 4096 1092 4151 Alibi
1141 4096 1403 4171 scriptum
1436 4103 1521 4149 est
1544 4096 1587 4127 ⁸⁸
1618 4115 1631 4150 :
1662 4094 1798 4152 Cum
1833 4099 2055 4156 vidisset

477 4192 671 4248 turbas
702 4188 1015 4245 ascendisse
1044 4188 1098 4242 in
1134 4198 1397 4251 montem,
1440 4197 1493 4241 et
1523 4202 1646 4242 eum
1681 4190 1932 4257 sedisset,
1966 4207 2057 4246 ac-

478 4282 715 4343 cessisse
754 4278 821 4331 ad
858 4294 984 4333 eum
1031 4278 1330 4348 discipulos
1357 4279 1513 4348 ejus;
1552 4297 1571 4331 ι
1606 4279 1695 4334 hic
1720 4290 1904 4336 autem
1937 4298 2054 4337 ma-

476 4387 609 4429 num
639 4369 811 4425 turba:
848 4368 1096 4447 porrigit,
1136 4384 1256 4422 eam
1302 4368 1595 4434 advocans,
1632 4380 1685 4425 et
1724 4371 2053 4428 abducensa

2163 3190 2286 3242 ἐπεὶ
2314 3189 2401 3242 διὰ
2421 3188 2490 3241 τὰ
2519 3187 2767 3260 μοχθηρὰ
2787 3186 3033 3257 δόγματα
3066 3187 3126 3239 ού
3167 3186 3356 3254 φυτεία
3382 3181 3523 3257 ἦσαν
3556 3183 3651 3237 τοῦ
3685 3187 3744 3239 ἐν

2160 3282 2406 3353 οὐρανοῖς
2432 3280 2645 3352 Πατρός
2670 3281 2719 3332 ei
2745 3281 3046 3349 Φαρισαῖοι,
3077 3280 3163 3333 διὰ
3195 3278 3348 3332 τοῦτο
3370 3279 3444 3342 ὼς
3478 3277 3609 3349 περὶ
3631 3278 3748 3330 ἀνι-

2160 3373 2305 3427 άτων
2350 3371 2530 3424 αὐτῶν
2575 3370 2723 3440 λέγει
2750 3374 2864 3435 τοῖς
2900 3369 3169 3443 μαθηταῖς
3199 3370 3292 3423 τό·
3335 3389 3353 3422 ι
3402 3372 3605 3439 Ἀφετε
3648 3369 3746 3423 αὐ-

2160 3464 2315 3527 τούς·
2358 3482 2377 3514 ι
2416 3461 2605 3533 ἄφετε,
2638 3460 2728 3515 διὰ
2754 3461 2934 3525 τοῦτο,
2966 3462 3048 3515 ὃτι
3083 3461 3276 3530 τυφλοὶ
3307 3461 3480 3526 ὄντες,
3505 3461 3624 3515 δέον
3648 3461 3745 3514 αύ-

2157 3558 2284 3619 τοὺς
2314 3550 2662 3608 αἰσθάνεσθαι
2690 3551 2787 3624 τῆς
2809 3551 3139 3621 τυφλότητος
3164 3554 3257 3605 καὶ
3284 3549 3466 3624 ζητεῖν
3495 3551 3741 3622 ὁδηγοὺς,

2158 3648 2208 3700 οἱ
2234 3646 2289 3699 δέ
2318 3643 2764 3715 ἐπαγγέλλονται,
2805 3642 3256 3710 ἁναισθητοῦντες
3282 3644 3382 3715 τῆς
3409 3643 3617 3698 ἑαυτῶν
3652 3660 3742 3696 w-

2159 3737 2440 3809 φλότητος,
2475 3735 2688 3807 ὁδηγεῖν
2719 3734 2973 3803 τυφλοὺς,
3014 3735 3075 3788 οὑ
3105 3733 3444 3806 λογιζόμενοι
3486 3735 3741 3806 ἐμπεσεῖ-

2160 3826 2281 3880 σθαι
2317 3828 2397 3888 ei;
2439 3822 2679 3895 βόθυνον,
2724 3822 2851 3893 περὶ
2897 3817 2959 3876 οὗ
3004 3823 3060 3875 ἐν
3102 3820 3353 3892 Ψαλμοῖς
3395 3820 3735 3893 γέγραπται·

2163 3937 2181 3970 ι
2219 3919 2434 3972 Λάκκον
2459 3912 2657 3987 ὤρυξε,
2687 3916 2782 3968 καὶ
2810 3913 3116 3986 ἀνέσκαψεν
3147 3912 3332 3979 αὑτὸν,
3363 3910 3457 3965 καὶ
3484 3912 3739 3985 ἐμπεσεῖ-

2156 4024 2245 4061 ται
2276 4010 2354 4070 είς
2381 4007 2571 4080 βόθρον
2600 4005 2658 4058 ὃν
2685 4004 2998 4076 εἰργάσατο.
3042 4023 3060 4054 ι
3106 3999 3367 4072 Ἀλλαχοῦ
3400 3999 3499 4070 μὲν
3530 3995 3624 4054 οὖν
3647 3997 3737 4067 για

2156 4116 2419 4171 γραπται,
2442 4100 2543 4165 ὅτι,
2583 4118 2601 4150 ι
2655 4098 2801 4151 Ἰδὼν
2821 4098 2945 4159 τοὺς
2967 4096 3177 4166 όχλους,
3201 4092 3366 4165 ἀνέθη
3394 4094 3475 4156 είς
3502 4092 3565 4147 τὸ
3588 4091 3734 4166 ὅρος,

2157 4195 2249 4248 καὶ
2281 4192 2602 4255 καθίσαντος
2631 4189 2796 4244 αὐτοῦ
2832 4188 3136 4261 προσῆλθον
3160 4189 3208 4240 οἱ
3234 4184 3473 4256 μαθηταὶ
3502 4182 3685 4238 αὐτοῦ·
3710 4201 3732 4237 t

2155 4285 2386 4340 ἐνταῦθα
2424 4284 2481 4338 δὲ
2511 4283 2691 4355 ὀρέγει
2731 4284 2886 4355 χεῖρα
2913 4279 2991 4350 τῷ
3018 4278 3179 4351 ὄχλῳ,
3222 4273 3736 4349 προσκαλεσάμενος

2154 4379 2336 4441 αὑτὸν,
2373 4378 2468 4431 καὶ
2498 4375 2732 4445 ἀφιστὰς
2761 4374 2863 4445 τῆς
2895 4372 3067 4444 ῥητῆς
3091 4369 3200 4423 τῶν
3229 4367 3368 4422 κατὰ
3396 4366 3556 4435 νόμον
3587 4365 3732 4433 ἐρω-

476 4463 789 4538 supradicta
806 4458 1123 4529 acceptione
1143 4461 1507 4531 quaestionum
1530 4477 1652 4530 quae
1675 4471 1804 4516 sunt
1827 4464 1881 4517 in
1908 4464 2044 4534 lege,

2165 4472 2411 4541 πημάτων
2457 4469 2704 4539 ἐκδοχῆς,
2750 4468 2840 4520 ὅτε
2890 4464 3105 4536 πρῶτον
3154 4462 3251 4537 μὲν
3282 4460 3463 4528 ελετεν
3505 4456 3690 4541 αὐτοῖς
3714 4472 3730 4487 ⁸

474 4573 601 4615 cum
629 4558 863 4631 primum
894 4552 1110 4609 dicebat
1138 4551 1245 4608 illis
1272 4571 1285 4606 :
1322 4569 1339 4611 ι
1374 4551 1570 4605 Audite
1598 4560 1653 4606 et
1680 4552 1984 4624 intelligite,
2024 4576 2041 4606 ι

475 4652 719 4709 nondum
750 4646 914 4725 597
947 4644 1287 4721 capientibus
1320 4657 1442 4713 qute
1480 4643 1809 4713 audiebant;
1855 4646 2050 4701 deinde

477 4758 604 4797 vero
638 4751 893 4812 tanquam
953 4741 1008 4800 in
1060 4736 1336 4809 parabolis
1369 4736 1585 4792 diccbat
1615 4737 1722 4794 illis
1750 4738 1795 4771 ⁸⁸
1828 4758 1841 4794 :
1880 4759 1899 4792 ι
1929 4739 2049 4796 Νοιι

474 4833 620 4904 quod
656 4833 821 4887 intrat
848 4832 902 4886 in
947 4846 1011 4887 os
1057 4817 1377 4905 coinquinat
1422 4828 1720 4898 hominem,
1763 4833 1856 4888 sed
1900 4836 2048 4904 quod

473 4923 718 4996 procedit
747 4938 816 4977 cx
845 4937 960 4978 ore.
995 4941 1013 4975 ι
1308 4932 1309 4935 ‘

543 5017 630 5073 14.
662 5013 793 5070 Post
824 5014 912 5068 illa
945 5028 1123 5084 operae
1159 5012 1393 5082 pretium
1442 5022 1527 5070 est
1570 5014 1814 5071 animum
1846 5016 1912 5072 ad
1940 5017 2046 5073 hoc

473 5112 677 5167 dictum
723 5106 1025 5171 advertere,
1057 5104 1202 5175 quod
1252 5103 1303 5157 ei
1348 5103 1665 5161 cavillantes
1703 5116 2040 5176 pervertunt,

539 5278 583 5310 τε
614 5275 733 5331 col.
768 5288 825 5337 ll,
856 5270 943 5337 16,
981 5269 1067 5323 l7.
1169 5269 1216 5301 "
1246 5267 1378 5322 ibid.
1407 5268 1510 5335 l7;
1551 5267 1714 5324 llebr.
1739 5286 1795 5333 Χ,
1826 5273 1877 5326 1.

1971 5274 2016 5306 ⁸⁰
2048 5272 2241 5331 Matth.
2268 5288 2358 5336 xv,
2391 5270 2478 5326 10.

2161 4581 2179 4612 ι
2245 4561 2495 4614 Ἀκούετε
2555 4560 2649 4612 καὶ
2705 4560 2937 4622 συνίετε,
3003 4574 3022 4607 t
3083 4553 3294 4607 οὐδέπω
3347 4550 3606 4605 συνιεῖσιν
3657 4540 3735 4600 ὧν

2153 4653 2349 4722 ἤκουον
2374 4668 2385 4681 ·
2424 4651 2549 4721 ἐξῆς
2589 4650 2644 4703 δὲ
2687 4651 2763 4714 ὡς
2806 4650 2863 4703 ἐν
2905 4646 3242 4719 παραϐολαῖς
3284 4643 3473 4713 ἐλεγεν
3512 4641 3731 4701 αὐτοῖς’

2159 4762 2176 4795 ι
2219 4743 2292 4796 Οὐ
2326 4743 2387 4795 τὸ
2418 4742 2799 4814 εἰσερχόμενον
2829 4743 2909 4804 εἰς
2938 4740 3000 4793 τὸ
3029 4738 3201 4814 στόμα
3222 4736 3393 4791 κοινοῖ
3411 4734 3507 4790 τὸν
3526 4732 3734 4804 ἄνθρω-

2152 4852 2274 4900 πον,
2308 4833 2442 4887 ἀλλὰ
2472 4834 2532 4886 τὸ
2564 4832 3011 4903 ἐκπορευόμενον.
3055 4849 3073 4883 ι

2221 5011 2377 5069 Μετὰ
2390 5012 2563 5066 ταῦτα
2585 5012 2732 5077 ἄξιον
2762 5010 2887 5064 ἰδεῖν
2908 5009 3051 5077 λέξιν
3076 5024 3419 5079 συκοφαντου
3427 5005 3599 5077 μένην
3628 5001 3736 5056 ὑπὸ

2150 5106 2259 5162 τῶν
2302 5106 2616 5175 φασκόντων
2664 5104 2775 5176 (29)
2816 5105 2876 5157 ού
2929 5104 3020 5157 τὸν
3055 5097 3218 5157 αὐτόν
3246 5094 3388 5153 εἶναι
3419 5097 3588 5167 νόμου
3638 5092 3737 5148 καὶ

2594 5270 2637 5301 σί
2672 5270 2801 5324 ibid.
2841 5270 2940 5335 l5;
2975 5267 3134 5323 Joan.
3166 5282 3269 5334 xv,
3294 5266 3348 5321 ἃ.
3450 5262 3495 5297 ⁸⁸
3522 5259 3737 5332 (101.11,

469 5349 558 5416 2i,
587 5347 688 5413 22;
724 5360 807 5411 ιιι,
835 5343 885 5408 l,
916 5342 972 5396 ‘2.
1050 5339 1095 5371 ⁸³
1116 5337 1308 5393 Matth.
1344 5354 1431 5406 xv,
1460 5340 1547 5394 14.
1590 5342 1634 5372 ⁸⁵
1665 5338 1809 5397 Psal.
1834 5358 1928 5413 vu,
1955 5344 2042 5400 16.

2165 5344 2340 5398 ilatth.
2362 5358 2415 5410 ν,
2437 5342 2487 5395 1.
2566 5340 2611 5373 ⁸⁸
2631 5338 2820 5395 Matth.
2852 5356 2941 5405 xv,
2976 5340 3060 5392 l5.

562 5511 654 5583 28)
707 5512 803 5564 Ἐν
829 5511 1132 5583 διαφόροις
1158 5510 1552 5583 ἐνδιαερορεῖν,
1590 5521 1694 5569 etc.
1724 5513 1985 5570 Erasmus
2017 5532 2033 5570 :

478 5582 848 5654 ?_(_Jritttcmpta
880 5582 1266 5654 superstitione
1316 5582 1367 5654 in
1412 5582 1595 5654 rebus,
1632 5593 1695 5654 ut
1714 5585 1928 5654 opinor,
1953 5586 2039 5637 in-

474 5648 839 5721 r‘ill‘et‘entibus
864 5667 876 5701 :
909 5648 1199 5721 {legebat}
1228 5651 1290 5721 ἐν
1310 5650 1637 5721 ἀδιαφόροις.
1664 5648 1771 5705 Pro
1793 5653 2038 5721 ἐνδιαφο-

474 5718 586 5775 ,οεῖν
627 5723 806 5769 autem
843 5717 1248 5784 codex—Regius
1278 5717 1468 5787 habet,
1500 5717 1560 5772 οὐ
1596 5721 1891 5792 διαφορεῖν.
1936 5717 2039 5778 Lc-

2145 5514 2387 5586 εθῐιιίιιιι]Δ
2410 5513 2686 5586 existimat
2712 5509 2951 5586 ﬂuetius_
2969 5506 3305 5586 ἀδιαφορεῖν,
3334 5503 3420 5562 vel
3443 5503 3731 5571 ἐναδιαφοο

2147 5576 2700 5656 psiv.__’E_v61q(pop_aiv
2728 5576 3182 5656 autem-insolens
3204 5584 3307 5631 est.

2216 5651 2327 5721 (29)
2382 5644 2680 5704 Ὺπὸ’τὶῖ›ν
2728 5649 3109 5721 φασκόντων,
3154 5644 3727 5721 etc.__Valentiniano-

2145 5713 2287 5800 rum,
2311 5713 2810 5785 Marcionistaru'tn,
2846 5717 3211 5786 aliorumque.
3244 5713 3511 5771 llumus.
