  <div class='ocr_page' id='page_1' title='image "/cluster/home/n/w/nwhite01/storage/ocr_20150623/13/mdp.39015007036059/477.png"; bbox 0 0 4094 6290; ppageno 0'>
   <div class='ocr_carea' id='block_1_1' title="bbox 528 376 631 454">
    <p class='ocr_par' dir='ltr' id='par_1_1' title="bbox 528 376 631 454">
     <span class='ocr_line' id='line_1_1' title="bbox 528 376 631 454; baseline -0.029 0"><span class='ocrx_word' id='word_1_1' title='bbox 528 376 631 454; x_wconf 64' lang='grc' dir='ltr'><strong>ἐιίέ</strong></span> 
     </span>
    </p>
   </div>
   <div class='ocr_carea' id='block_1_2' title="bbox 1965 377 2292 455">
    <p class='ocr_par' dir='ltr' id='par_1_2' title="bbox 1965 377 2292 455">
     <span class='ocr_line' id='line_1_2' title="bbox 1965 377 2292 455; baseline -0.003 0"><span class='ocrx_word' id='word_1_2' title='bbox 1965 377 2292 455; x_wconf 61' lang='lat' dir='ltr'><strong>(intonsis</strong></span> 
     </span>
    </p>
   </div>
   <div class='ocr_carea' id='block_1_3' title="bbox 3683 389 3798 452">
    <p class='ocr_par' dir='ltr' id='par_1_3' title="bbox 3683 389 3798 452">
     <span class='ocr_line' id='line_1_3' title="bbox 3683 389 3798 452; baseline -0.017 0"><span class='ocrx_word' id='word_1_3' title='bbox 3683 389 3798 452; x_wconf 56' lang='grc' dir='ltr'>ωε</span> 
     </span>
    </p>
   </div>
   <div class='ocr_carea' id='block_1_4' title="bbox 527 495 2094 587">
    <p class='ocr_par' dir='ltr' id='par_1_4' title="bbox 527 509 2086 587">
     <span class='ocr_line' id='line_1_4' title="bbox 527 509 2086 587; baseline 0.003 -19"><span class='ocrx_word' id='word_1_4' title='bbox 527 512 650 568; x_wconf 62' lang='lat' dir='ltr'><strong>sum</strong></span> <span class='ocrx_word' id='word_1_5' title='bbox 683 531 787 570; x_wconf 89' lang='lat' dir='ltr'><strong>non</strong></span> <span class='ocrx_word' id='word_1_6' title='bbox 819 516 1204 585; x_wconf 84' lang='lat' dir='ltr'><strong>perspiciamus</strong></span> <span class='ocrx_word' id='word_1_7' title='bbox 1224 509 1246 582; x_wconf 76' lang='grc' dir='ltr'>ς’</span> <span class='ocrx_word' id='word_1_8' title='bbox 1286 510 1358 569; x_wconf 79' lang='lat' dir='ltr'><strong>ita</strong></span> <span class='ocrx_word' id='word_1_9' title='bbox 1407 515 1465 570; x_wconf 90' lang='lat' dir='ltr'><strong>u&#39;t</strong></span> <span class='ocrx_word' id='word_1_10' title='bbox 1508 521 1756 586; x_wconf 85' lang='lat' dir='ltr'><strong>uterque,</strong></span> <span class='ocrx_word' id='word_1_11' title='bbox 1801 523 1856 571; x_wconf 83' lang='lat' dir='ltr'><strong>et</strong></span> <span class='ocrx_word' id='word_1_12' title='bbox 1898 516 1946 573; x_wconf 91' lang='lat' dir='ltr'><strong>is</strong></span> <span class='ocrx_word' id='word_1_13' title='bbox 1994 520 2086 587; x_wconf 98' lang='lat' dir='ltr'><strong>qui</strong></span> 
     </span>
    </p>
   </div>
   <div class='ocr_carea' id='block_1_5' title="bbox 2198 495 3792 587">
    <p class='ocr_par' dir='ltr' id='par_1_5' title="bbox 2198 513 3792 585">
     <span class='ocr_line' id='line_1_5' title="bbox 2198 513 3792 585; baseline 0.001 -18"><span class='ocrx_word' id='word_1_14' title='bbox 2198 515 2474 585; x_wconf 67' lang='grc' dir='ltr'>προτέρους,</span> <span class='ocrx_word' id='word_1_15' title='bbox 2512 513 2603 566; x_wconf 87' lang='grc' dir='ltr'><strong>τόν</strong></span> <span class='ocrx_word' id='word_1_16' title='bbox 2633 531 2691 566; x_wconf 91' lang='grc' dir='ltr'><strong>τε</strong></span> <span class='ocrx_word' id='word_1_17' title='bbox 2729 514 3026 584; x_wconf 75' lang='grc' dir='ltr'>όδηγοῦντα</span> <span class='ocrx_word' id='word_1_18' title='bbox 3074 513 3167 569; x_wconf 74' lang='grc' dir='ltr'><strong>καὶ</strong></span> <span class='ocrx_word' id='word_1_19' title='bbox 3208 513 3572 585; x_wconf 60' lang='grc' dir='ltr'>ὁδηγούμενοι)</span> <span class='ocrx_word' id='word_1_20' title='bbox 3607 514 3792 584; x_wconf 70' lang='grc' dir='ltr'>ἐμπε-</span> 
     </span>
    </p>
   </div>
   <div class='ocr_carea' id='block_1_6' title="bbox 527 605 2093 682">
    <p class='ocr_par' dir='ltr' id='par_1_6' title="bbox 527 605 2093 682">
     <span class='ocr_line' id='line_1_6' title="bbox 527 605 2093 682; baseline 0.007 -27"><span class='ocrx_word' id='word_1_21' title='bbox 527 606 700 670; x_wconf 76' lang='lat' dir='ltr'><strong>dueit,</strong></span> <span class='ocrx_word' id='word_1_22' title='bbox 729 614 782 658; x_wconf 86' lang='lat' dir='ltr'><strong>et</strong></span> <span class='ocrx_word' id='word_1_23' title='bbox 813 606 856 660; x_wconf 86' lang='lat' dir='ltr'><strong>is</strong></span> <span class='ocrx_word' id='word_1_24' title='bbox 887 606 978 674; x_wconf 79' lang='lat' dir='ltr'><strong>qui</strong></span> <span class='ocrx_word' id='word_1_25' title='bbox 1013 605 1230 660; x_wconf 89' lang='lat' dir='ltr'><strong>ducitur</strong></span> <span class='ocrx_word' id='word_1_26' title='bbox 1264 607 1318 662; x_wconf 92' lang='lat' dir='ltr'><strong>in</strong></span> <span class='ocrx_word' id='word_1_27' title='bbox 1361 606 1573 662; x_wconf 78' lang='lat' dir='ltr'><strong>foveam</strong></span> <span class='ocrx_word' id='word_1_28' title='bbox 1613 607 1834 671; x_wconf 86' lang='lat' dir='ltr'><strong>cadant,</strong></span> <span class='ocrx_word' id='word_1_29' title='bbox 1880 610 1946 665; x_wconf 90' lang='lat' dir='ltr'><strong>de</strong></span> <span class='ocrx_word' id='word_1_30' title='bbox 1986 628 2093 682; x_wconf 91' lang='lat' dir='ltr'><strong>qua</strong></span> 
     </span>
    </p>
   </div>
   <div class='ocr_carea' id='block_1_7' title="bbox 522 695 2096 771">
    <p class='ocr_par' dir='ltr' id='par_1_7' title="bbox 522 695 2096 771">
     <span class='ocr_line' id='line_1_7' title="bbox 522 695 2096 771; baseline 0.004 -21"><span class='ocrx_word' id='word_1_31' title='bbox 522 705 690 765; x_wconf 71' lang='lat' dir='ltr'><strong>supra</strong></span> <span class='ocrx_word' id='word_1_32' title='bbox 719 697 974 751; x_wconf 75' lang='lat' dir='ltr'><strong>divimus.</strong></span> <span class='ocrx_word' id='word_1_33' title='bbox 1011 695 1213 752; x_wconf 83' lang='lat' dir='ltr'><strong>Deinde</strong></span> <span class='ocrx_word' id='word_1_34' title='bbox 1243 714 1373 753; x_wconf 90' lang='lat' dir='ltr'><strong>vero</strong></span> <span class='ocrx_word' id='word_1_35' title='bbox 1402 701 1665 769; x_wconf 88' lang='lat' dir='ltr'><strong>scriptum</strong></span> <span class='ocrx_word' id='word_1_36' title='bbox 1690 712 1774 756; x_wconf 84' lang='lat' dir='ltr'><strong>est</strong></span> <span class='ocrx_word' id='word_1_37' title='bbox 1801 717 1911 771; x_wconf 90' lang='lat' dir='ltr'><strong>quo</strong></span> <span class='ocrx_word' id='word_1_38' title='bbox 1937 714 2096 769; x_wconf 84' lang='lat' dir='ltr'><strong>pacto</strong></span> 
     </span>
    </p>
   </div>
   <div class='ocr_carea' id='block_1_8' title="bbox 520 782 2093 864">
    <p class='ocr_par' dir='ltr' id='par_1_8' title="bbox 520 782 2093 864">
     <span class='ocr_line' id='line_1_8' title="bbox 520 782 2093 864; baseline 0.006 -24"><span class='ocrx_word' id='word_1_39' title='bbox 520 782 714 841; x_wconf 88' lang='lat' dir='ltr'><strong>Petrus</strong></span> <span class='ocrx_word' id='word_1_40' title='bbox 770 789 1106 856; x_wconf 80' lang='lat' dir='ltr'><strong>respondens</strong></span> <span class='ocrx_word' id='word_1_41' title='bbox 1153 791 1352 846; x_wconf 78' lang='lat' dir='ltr'><strong>dixerit</strong></span> <span class='ocrx_word' id='word_1_42' title='bbox 1403 791 1679 847; x_wconf 85' lang='lat' dir='ltr'><strong>Servatori</strong></span> <span class='ocrx_word' id='word_1_43' title='bbox 1710 833 1725 856; x_wconf 92' lang='lat'><strong>,</strong></span> <span class='ocrx_word' id='word_1_44' title='bbox 1782 795 1941 864; x_wconf 80' lang='lat' dir='ltr'><strong>quasi</strong></span> <span class='ocrx_word' id='word_1_45' title='bbox 1985 811 2093 849; x_wconf 91' lang='lat' dir='ltr'><strong>non</strong></span> 
     </span>
    </p>
   </div>
   <div class='ocr_carea' id='block_1_9' title="bbox 518 879 2097 957">
    <p class='ocr_par' dir='ltr' id='par_1_9' title="bbox 518 879 2097 957">
     <span class='ocr_line' id='line_1_9' title="bbox 518 879 2097 957; baseline 0.004 -23"><span class='ocrx_word' id='word_1_46' title='bbox 518 879 828 950; x_wconf 76' lang='lat' dir='ltr'><strong>intelligens</strong></span> <span class='ocrx_word' id='word_1_47' title='bbox 865 881 915 934; x_wconf 90' lang='lat' dir='ltr'><strong>id</strong></span> <span class='ocrx_word' id='word_1_48' title='bbox 941 883 988 912; x_wconf 74' lang='grc' dir='ltr'><strong>τ⁶</strong></span> <span class='ocrx_word' id='word_1_49' title='bbox 1020 899 1034 936; x_wconf 90' lang='lat'><strong>:</strong></span> <span class='ocrx_word' id='word_1_50' title='bbox 1075 901 1094 933; x_wconf 84' lang='grc'><em>‹</em></span> <span class='ocrx_word' id='word_1_51' title='bbox 1125 881 1242 937; x_wconf 78' lang='lat' dir='ltr'><strong>Non</strong></span> <span class='ocrx_word' id='word_1_52' title='bbox 1273 886 1417 954; x_wconf 89' lang='lat' dir='ltr'><strong>quod</strong></span> <span class='ocrx_word' id='word_1_53' title='bbox 1455 887 1621 940; x_wconf 88' lang='lat' dir='ltr'><strong>intrat</strong></span> <span class='ocrx_word' id='word_1_54' title='bbox 1656 887 1710 941; x_wconf 92' lang='lat' dir='ltr'><strong>in</strong></span> <span class='ocrx_word' id='word_1_55' title='bbox 1740 902 1824 954; x_wconf 92' lang='lat' dir='ltr'><strong>os,</strong></span> <span class='ocrx_word' id='word_1_56' title='bbox 1853 888 2097 957; x_wconf 85' lang='lat' dir='ltr'><strong>coinqui-</strong></span> 
     </span>
    </p>
   </div>
   <div class='ocr_carea' id='block_1_10' title="bbox 519 971 2096 1046">
    <p class='ocr_par' dir='ltr' id='par_1_10' title="bbox 519 971 2096 1046">
     <span class='ocr_line' id='line_1_10' title="bbox 519 971 2096 1046; baseline 0.005 -21"><span class='ocrx_word' id='word_1_57' title='bbox 519 980 613 1026; x_wconf 85' lang='lat' dir='ltr'><strong>nat</strong></span> <span class='ocrx_word' id='word_1_58' title='bbox 661 971 955 1038; x_wconf 81' lang='lat' dir='ltr'><strong>hominem,</strong></span> <span class='ocrx_word' id='word_1_59' title='bbox 1004 974 1094 1028; x_wconf 88' lang='lat' dir='ltr'><strong>sed</strong></span> <span class='ocrx_word' id='word_1_60' title='bbox 1153 976 1294 1045; x_wconf 80' lang='lat' dir='ltr'><strong>quod</strong></span> <span class='ocrx_word' id='word_1_61' title='bbox 1354 979 1597 1046; x_wconf 89' lang='lat' dir='ltr'><strong>procedit</strong></span> <span class='ocrx_word' id='word_1_62' title='bbox 1641 993 1708 1032; x_wconf 78' lang='lat' dir='ltr'><strong>ex</strong></span> <span class='ocrx_word' id='word_1_63' title='bbox 1759 994 1875 1042; x_wconf 91' lang='lat' dir='ltr'><strong>ore,</strong></span> <span class='ocrx_word' id='word_1_64' title='bbox 1908 998 1928 1030; x_wconf 72' lang='grc' dir='ltr'><strong>ι</strong></span> <span class='ocrx_word' id='word_1_65' title='bbox 1979 979 2096 1033; x_wconf 76' lang='lat' dir='ltr'><strong>haec</strong></span> 
     </span>
    </p>
   </div>
   <div class='ocr_carea' id='block_1_11' title="bbox 516 1061 2096 1139">
    <p class='ocr_par' dir='ltr' id='par_1_11' title="bbox 516 1061 2096 1139">
     <span class='ocr_line' id='line_1_11' title="bbox 516 1061 2096 1139; baseline 0.004 -22"><span class='ocrx_word' id='word_1_66' title='bbox 516 1065 681 1118; x_wconf 75' lang='lat' dir='ltr'><strong>verba</strong></span> <span class='ocrx_word' id='word_1_67' title='bbox 709 1061 794 1120; x_wconf 65' lang='grc' dir='ltr'><strong>’νε</strong></span> <span class='ocrx_word' id='word_1_68' title='bbox 839 1084 858 1115; x_wconf 79' lang='grc' dir='ltr'><strong>σ</strong></span> <span class='ocrx_word' id='word_1_69' title='bbox 893 1067 1145 1121; x_wconf 80' lang='lat' dir='ltr'><strong>Edissere</strong></span> <span class='ocrx_word' id='word_1_70' title='bbox 1195 1068 1358 1123; x_wconf 80' lang='lat' dir='ltr'><strong>nobis</strong></span> <span class='ocrx_word' id='word_1_71' title='bbox 1397 1071 1735 1139; x_wconf 81' lang='lat' dir='ltr'><strong>parabolam.</strong></span> <span class='ocrx_word' id='word_1_72' title='bbox 1770 1091 1788 1120; x_wconf 76' lang='grc' dir='ltr'><strong>ι</strong></span> <span class='ocrx_word' id='word_1_73' title='bbox 1841 1069 1922 1123; x_wconf 83' lang='lat' dir='ltr'><strong>Ad</strong></span> <span class='ocrx_word' id='word_1_74' title='bbox 1974 1085 2096 1138; x_wconf 74' lang='lat' dir='ltr'><strong>qua:</strong></span> 
     </span>
    </p>
   </div>
   <div class='ocr_carea' id='block_1_12' title="bbox 519 1155 2092 1216">
    <p class='ocr_par' dir='ltr' id='par_1_12' title="bbox 519 1155 2092 1216">
     <span class='ocr_line' id='line_1_12' title="bbox 519 1155 2092 1216; baseline 0.003 -6"><span class='ocrx_word' id='word_1_75' title='bbox 519 1155 778 1210; x_wconf 76' lang='lat' dir='ltr'><strong>S‘ervator</strong></span> <span class='ocrx_word' id='word_1_76' title='bbox 810 1157 890 1211; x_wconf 92' lang='lat' dir='ltr'><strong>sic</strong></span> <span class='ocrx_word' id='word_1_77' title='bbox 931 1157 1006 1212; x_wconf 89' lang='lat' dir='ltr'><strong>ait</strong></span> <span class='ocrx_word' id='word_1_78' title='bbox 1030 1158 1074 1188; x_wconf 76' lang='grc'><strong>⁷⁸</strong></span> <span class='ocrx_word' id='word_1_79' title='bbox 1106 1177 1118 1212; x_wconf 92' lang='lat'><strong>:</strong></span> <span class='ocrx_word' id='word_1_80' title='bbox 1157 1176 1176 1208; x_wconf 85' lang='grc'><strong><em>‹</em></strong></span> <span class='ocrx_word' id='word_1_81' title='bbox 1204 1159 1395 1213; x_wconf 82' lang='lat' dir='ltr'><strong>Adhuc</strong></span> <span class='ocrx_word' id='word_1_82' title='bbox 1420 1171 1474 1214; x_wconf 92' lang='lat' dir='ltr'><strong>et</strong></span> <span class='ocrx_word' id='word_1_83' title='bbox 1503 1171 1602 1216; x_wconf 83' lang='lat' dir='ltr'><strong>ves</strong></span> <span class='ocrx_word' id='word_1_84' title='bbox 1645 1161 1764 1215; x_wconf 86' lang='lat' dir='ltr'><strong>sine</strong></span> <span class='ocrx_word' id='word_1_85' title='bbox 1818 1161 2092 1214; x_wconf 88' lang='lat' dir='ltr'><strong>intellectu</strong></span> 
     </span>
    </p>
   </div>
   <div class='ocr_carea' id='block_1_13' title="bbox 517 1251 2094 1323">
    <p class='ocr_par' dir='ltr' id='par_1_13' title="bbox 517 1251 2094 1323">
     <span class='ocr_line' id='line_1_13' title="bbox 517 1251 2094 1323; baseline 0.003 -21"><span class='ocrx_word' id='word_1_86' title='bbox 517 1251 672 1314; x_wconf 80' lang='lat' dir='ltr'><strong>estis,</strong></span> <span class='ocrx_word' id='word_1_87' title='bbox 705 1269 722 1301; x_wconf 75' lang='grc' dir='ltr'><strong>ι</strong></span> <span class='ocrx_word' id='word_1_88' title='bbox 760 1251 939 1318; x_wconf 85' lang='lat' dir='ltr'><strong>quasi,</strong></span> <span class='ocrx_word' id='word_1_89' title='bbox 977 1266 1076 1305; x_wconf 88' lang='lat' dir='ltr'><strong>vos</strong></span> <span class='ocrx_word' id='word_1_90' title='bbox 1125 1267 1336 1306; x_wconf 91' lang='lat' dir='ltr'><strong>mecum</strong></span> <span class='ocrx_word' id='word_1_91' title='bbox 1383 1262 1534 1306; x_wconf 92' lang='lat' dir='ltr'><strong>tanto</strong></span> <span class='ocrx_word' id='word_1_92' title='bbox 1578 1261 1823 1323; x_wconf 89' lang='lat' dir='ltr'><strong>tempore</strong></span> <span class='ocrx_word' id='word_1_93' title='bbox 1866 1269 2094 1308; x_wconf 88' lang='lat' dir='ltr'><strong>conver-</strong></span> 
     </span>
    </p>
   </div>
   <div class='ocr_carea' id='block_1_14' title="bbox 517 1341 2090 1416">
    <p class='ocr_par' dir='ltr' id='par_1_14' title="bbox 517 1341 2090 1416">
     <span class='ocr_line' id='line_1_14' title="bbox 517 1341 2090 1416; baseline 0.004 -20"><span class='ocrx_word' id='word_1_94' title='bbox 517 1342 644 1404; x_wconf 83' lang='lat' dir='ltr'><strong>sati,</strong></span> <span class='ocrx_word' id='word_1_95' title='bbox 675 1341 915 1396; x_wconf 90' lang='lat' dir='ltr'><strong>nondum</strong></span> <span class='ocrx_word' id='word_1_96' title='bbox 943 1359 1134 1396; x_wconf 91' lang='lat' dir='ltr'><strong>eorttm</strong></span> <span class='ocrx_word' id='word_1_97' title='bbox 1173 1360 1294 1414; x_wconf 81' lang='lat' dir='ltr'><strong>quae</strong></span> <span class='ocrx_word' id='word_1_98' title='bbox 1326 1344 1586 1400; x_wconf 89' lang='lat' dir='ltr'><strong>dicuntur</strong></span> <span class='ocrx_word' id='word_1_99' title='bbox 1614 1362 1838 1401; x_wconf 88' lang='lat' dir='ltr'><strong>sensum</strong></span> <span class='ocrx_word' id='word_1_100' title='bbox 1872 1347 2090 1416; x_wconf 83' lang='lat' dir='ltr'><strong>capitis,</strong></span> 
     </span>
    </p>
   </div>
   <div class='ocr_carea' id='block_1_15' title="bbox 520 1433 2096 1506">
    <p class='ocr_par' dir='ltr' id='par_1_15' title="bbox 520 1433 2096 1506">
     <span class='ocr_line' id='line_1_15' title="bbox 520 1433 2096 1506; baseline 0.005 -22"><span class='ocrx_word' id='word_1_101' title='bbox 520 1444 575 1487; x_wconf 75' lang='lat' dir='ltr'><strong>et</strong></span> <span class='ocrx_word' id='word_1_102' title='bbox 607 1433 848 1487; x_wconf 88' lang='lat' dir='ltr'><strong>nondum</strong></span> <span class='ocrx_word' id='word_1_103' title='bbox 877 1433 1174 1502; x_wconf 88' lang='lat' dir='ltr'><strong>intelligitis</strong></span> <span class='ocrx_word' id='word_1_104' title='bbox 1203 1445 1482 1506; x_wconf 82' lang='lat' dir='ltr'><strong>propterea</strong></span> <span class='ocrx_word' id='word_1_105' title='bbox 1512 1438 1783 1491; x_wconf 87' lang='lat' dir='ltr'><strong>hominem</strong></span> <span class='ocrx_word' id='word_1_106' title='bbox 1813 1453 1920 1491; x_wconf 90' lang='lat' dir='ltr'><strong>non</strong></span> <span class='ocrx_word' id='word_1_107' title='bbox 1949 1439 2096 1492; x_wconf 91' lang='lat' dir='ltr'><strong>eoin-</strong></span> 
     </span>
    </p>
   </div>
   <div class='ocr_carea' id='block_1_16' title="bbox 515 1525 2092 1599">
    <p class='ocr_par' dir='ltr' id='par_1_16' title="bbox 515 1525 2092 1599">
     <span class='ocr_line' id='line_1_16' title="bbox 515 1525 2092 1599; baseline 0.008 -25"><span class='ocrx_word' id='word_1_108' title='bbox 515 1525 748 1592; x_wconf 83' lang='lat' dir='ltr'><strong>quinare</strong></span> <span class='ocrx_word' id='word_1_109' title='bbox 779 1525 828 1577; x_wconf 87' lang='lat' dir='ltr'><strong>id</strong></span> <span class='ocrx_word' id='word_1_110' title='bbox 862 1527 1006 1594; x_wconf 88' lang='lat' dir='ltr'><strong>quod</strong></span> <span class='ocrx_word' id='word_1_111' title='bbox 1041 1527 1207 1581; x_wconf 86' lang='lat' dir='ltr'><strong>intrat</strong></span> <span class='ocrx_word' id='word_1_112' title='bbox 1239 1527 1293 1581; x_wconf 93' lang='lat' dir='ltr'><strong>in</strong></span> <span class='ocrx_word' id='word_1_113' title='bbox 1321 1543 1383 1584; x_wconf 89' lang='lat' dir='ltr'><strong>os</strong></span> <span class='ocrx_word' id='word_1_114' title='bbox 1409 1529 1575 1594; x_wconf 91' lang='lat' dir='ltr'><strong>illius,</strong></span> <span class='ocrx_word' id='word_1_115' title='bbox 1611 1529 1740 1599; x_wconf 87' lang='lat' dir='ltr'><strong>quia</strong></span> <span class='ocrx_word' id='word_1_116' title='bbox 1767 1531 1820 1583; x_wconf 93' lang='lat' dir='ltr'><strong>in</strong></span> <span class='ocrx_word' id='word_1_117' title='bbox 1846 1542 2092 1586; x_wconf 83' lang='lat' dir='ltr'><strong>ventrem</strong></span> 
     </span>
    </p>
   </div>
   <div class='ocr_carea' id='block_1_17' title="bbox 514 1616 2094 1688">
    <p class='ocr_par' dir='ltr' id='par_1_17' title="bbox 514 1616 2094 1688">
     <span class='ocr_line' id='line_1_17' title="bbox 514 1616 2094 1688; baseline 0.005 -18"><span class='ocrx_word' id='word_1_118' title='bbox 514 1616 650 1681; x_wconf 77' lang='lat' dir='ltr'><strong>abit,</strong></span> <span class='ocrx_word' id='word_1_119' title='bbox 681 1626 734 1670; x_wconf 91' lang='lat' dir='ltr'><strong>ct</strong></span> <span class='ocrx_word' id='word_1_120' title='bbox 767 1618 890 1672; x_wconf 89' lang='lat' dir='ltr'><strong>inde</strong></span> <span class='ocrx_word' id='word_1_121' title='bbox 919 1618 1277 1688; x_wconf 81' lang='lat' dir='ltr'><strong>progrediens</strong></span> <span class='ocrx_word' id='word_1_122' title='bbox 1307 1621 1360 1673; x_wconf 91' lang='lat' dir='ltr'><strong>in</strong></span> <span class='ocrx_word' id='word_1_123' title='bbox 1396 1635 1673 1675; x_wconf 83' lang='lat' dir='ltr'><strong>secessum</strong></span> <span class='ocrx_word' id='word_1_124' title='bbox 1698 1623 1950 1678; x_wconf 85' lang='lat' dir='ltr'><strong>mittitur.</strong></span> <span class='ocrx_word' id='word_1_125' title='bbox 1976 1621 2094 1678; x_wconf 88' lang='lat' dir='ltr'><strong>Non</strong></span> 
     </span>
    </p>
   </div>
   <div class='ocr_carea' id='block_1_18' title="bbox 515 1708 2091 1782">
    <p class='ocr_par' dir='ltr' id='par_1_18' title="bbox 515 1708 2091 1782">
     <span class='ocr_line' id='line_1_18' title="bbox 515 1708 2091 1782; baseline 0.005 -22"><span class='ocrx_word' id='word_1_126' title='bbox 515 1715 740 1776; x_wconf 79' lang='lat' dir='ltr'><strong>propter</strong></span> <span class='ocrx_word' id='word_1_127' title='bbox 771 1708 942 1777; x_wconf 84' lang='lat' dir='ltr'><strong>legem</strong></span> <span class='ocrx_word' id='word_1_128' title='bbox 973 1709 1058 1762; x_wconf 86' lang='lat' dir='ltr'><strong>cui</strong></span> <span class='ocrx_word' id='word_1_129' title='bbox 1096 1710 1301 1764; x_wconf 81' lang='lat' dir='ltr'><strong>servire</strong></span> <span class='ocrx_word' id='word_1_130' title='bbox 1324 1711 1669 1777; x_wconf 73' lang='lat' dir='ltr'><strong>videbantur,</strong></span> <span class='ocrx_word' id='word_1_131' title='bbox 1695 1713 1959 1782; x_wconf 85' lang='lat' dir='ltr'><strong>plantatio</strong></span> <span class='ocrx_word' id='word_1_132' title='bbox 1984 1730 2091 1770; x_wconf 89' lang='lat' dir='ltr'><strong>non</strong></span> 
     </span>
    </p>
   </div>
   <div class='ocr_carea' id='block_1_19' title="bbox 513 1797 2091 1876">
    <p class='ocr_par' dir='ltr' id='par_1_19' title="bbox 513 1797 2091 1876">
     <span class='ocr_line' id='line_1_19' title="bbox 513 1797 2091 1876; baseline 0.006 -25"><span class='ocrx_word' id='word_1_133' title='bbox 513 1809 671 1852; x_wconf 84' lang='lat' dir='ltr'><strong>erant</strong></span> <span class='ocrx_word' id='word_1_134' title='bbox 717 1797 894 1855; x_wconf 82' lang='lat' dir='ltr'><strong>Patris</strong></span> <span class='ocrx_word' id='word_1_135' title='bbox 943 1799 1072 1857; x_wconf 80' lang='lat' dir='ltr'><strong>Jesu</strong></span> <span class='ocrx_word' id='word_1_136' title='bbox 1126 1801 1410 1866; x_wconf 60' lang='lat' dir='ltr'><strong>Pharisaei,</strong></span> <span class='ocrx_word' id='word_1_137' title='bbox 1457 1805 1548 1858; x_wconf 89' lang='lat' dir='ltr'><strong>sed</strong></span> <span class='ocrx_word' id='word_1_138' title='bbox 1600 1814 1821 1875; x_wconf 88' lang='lat' dir='ltr'><strong>propter</strong></span> <span class='ocrx_word' id='word_1_139' title='bbox 1868 1819 2091 1876; x_wconf 82' lang='lat' dir='ltr'><strong>pravam</strong></span> 
     </span>
    </p>
   </div>
   <div class='ocr_carea' id='block_1_20' title="bbox 515 1890 2094 1967">
    <p class='ocr_par' dir='ltr' id='par_1_20' title="bbox 515 1890 2094 1967">
     <span class='ocr_line' id='line_1_20' title="bbox 515 1890 2094 1967; baseline 0.006 -25"><span class='ocrx_word' id='word_1_140' title='bbox 515 1890 650 1960; x_wconf 82' lang='lat' dir='ltr'><strong>legis</strong></span> <span class='ocrx_word' id='word_1_141' title='bbox 683 1899 735 1946; x_wconf 88' lang='lat' dir='ltr'><strong>et</strong></span> <span class='ocrx_word' id='word_1_142' title='bbox 767 1907 984 1956; x_wconf 89' lang='lat' dir='ltr'><strong>eorum,</strong></span> <span class='ocrx_word' id='word_1_143' title='bbox 1022 1909 1141 1960; x_wconf 72' lang='lat' dir='ltr'><strong>quze</strong></span> <span class='ocrx_word' id='word_1_144' title='bbox 1174 1893 1226 1946; x_wconf 91' lang='lat' dir='ltr'><strong>in</strong></span> <span class='ocrx_word' id='word_1_145' title='bbox 1273 1909 1337 1948; x_wconf 90' lang='lat' dir='ltr'><strong>ea</strong></span> <span class='ocrx_word' id='word_1_146' title='bbox 1389 1895 1592 1964; x_wconf 85' lang='lat' dir='ltr'><strong>scripta</strong></span> <span class='ocrx_word' id='word_1_147' title='bbox 1640 1905 1789 1961; x_wconf 87' lang='lat' dir='ltr'><strong>sum,</strong></span> <span class='ocrx_word' id='word_1_148' title='bbox 1821 1897 2094 1967; x_wconf 81' lang='lat' dir='ltr'><strong>aeceptio-</strong></span> 
     </span>
    </p>
   </div>
   <div class='ocr_carea' id='block_1_21' title="bbox 515 1983 2092 2059">
    <p class='ocr_par' dir='ltr' id='par_1_21' title="bbox 515 1983 2092 2059">
     <span class='ocr_line' id='line_1_21' title="bbox 515 1983 2092 2059; baseline 0.003 -21"><span class='ocrx_word' id='word_1_149' title='bbox 515 1983 662 2039; x_wconf 81' lang='lat' dir='ltr'><strong>nrm.</strong></span> <span class='ocrx_word' id='word_1_150' title='bbox 709 1984 844 2038; x_wconf 88' lang='lat' dir='ltr'><strong>Cum</strong></span> <span class='ocrx_word' id='word_1_151' title='bbox 889 1986 1033 2040; x_wconf 91' lang='lat' dir='ltr'><strong>enim</strong></span> <span class='ocrx_word' id='word_1_152' title='bbox 1079 1987 1189 2041; x_wconf 84' lang='lat' dir='ltr'><strong>duo</strong></span> <span class='ocrx_word' id='word_1_153' title='bbox 1238 1987 1612 2057; x_wconf 78' lang='lat' dir='ltr'><strong>intelligantur</strong></span> <span class='ocrx_word' id='word_1_154' title='bbox 1655 1988 1709 2042; x_wconf 94' lang='lat' dir='ltr'><strong>in</strong></span> <span class='ocrx_word' id='word_1_155' title='bbox 1750 1989 1885 2059; x_wconf 82' lang='lat' dir='ltr'><strong>lege,</strong></span> <span class='ocrx_word' id='word_1_156' title='bbox 1929 1989 2092 2043; x_wconf 90' lang='lat' dir='ltr'><strong>mini-</strong></span> 
     </span>
    </p>
   </div>
   <div class='ocr_carea' id='block_1_22' title="bbox 517 2074 2090 2149">
    <p class='ocr_par' dir='ltr' id='par_1_22' title="bbox 517 2074 2090 2149">
     <span class='ocr_line' id='line_1_22' title="bbox 517 2074 2090 2149; baseline 0.005 -21"><span class='ocrx_word' id='word_1_157' title='bbox 517 2074 714 2128; x_wconf 87' lang='lat' dir='ltr'><strong>stratio</strong></span> <span class='ocrx_word' id='word_1_158' title='bbox 765 2075 960 2129; x_wconf 86' lang='lat' dir='ltr'><strong>mortis</strong></span> <span class='ocrx_word' id='word_1_159' title='bbox 1016 2076 1281 2145; x_wconf 85' lang='lat' dir='ltr'><strong>impressa</strong></span> <span class='ocrx_word' id='word_1_160' title='bbox 1329 2077 1526 2132; x_wconf 80' lang='lat' dir='ltr'><strong>litteris</strong></span> <span class='ocrx_word' id='word_1_161' title='bbox 1568 2079 1645 2144; x_wconf 84' lang='lat'><strong>&#39;-&quot;,</strong></span> <span class='ocrx_word' id='word_1_162' title='bbox 1694 2095 1870 2149; x_wconf 88' lang='lat' dir='ltr'><strong>neque</strong></span> <span class='ocrx_word' id='word_1_163' title='bbox 1923 2081 2090 2136; x_wconf 85' lang='lat' dir='ltr'><strong>ullam</strong></span> 
     </span>
    </p>
   </div>
   <div class='ocr_carea' id='block_1_23' title="bbox 517 2165 2093 2236">
    <p class='ocr_par' dir='ltr' id='par_1_23' title="bbox 517 2165 2093 2236">
     <span class='ocr_line' id='line_1_23' title="bbox 517 2165 2093 2236; baseline 0.006 -18"><span class='ocrx_word' id='word_1_164' title='bbox 517 2165 725 2219; x_wconf 78' lang='lat' dir='ltr'><strong>habens</strong></span> <span class='ocrx_word' id='word_1_165' title='bbox 757 2165 1077 2220; x_wconf 80' lang='lat' dir='ltr'><strong>aﬂinitatem</strong></span> <span class='ocrx_word' id='word_1_166' title='bbox 1116 2182 1240 2221; x_wconf 90' lang='lat' dir='ltr'><strong>cum</strong></span> <span class='ocrx_word' id='word_1_167' title='bbox 1274 2167 1490 2236; x_wconf 79' lang='lat' dir='ltr'><strong>spiritu,</strong></span> <span class='ocrx_word' id='word_1_168' title='bbox 1516 2176 1571 2222; x_wconf 88' lang='lat' dir='ltr'><strong>et</strong></span> <span class='ocrx_word' id='word_1_169' title='bbox 1609 2168 1939 2225; x_wconf 85' lang='lat' dir='ltr'><strong>ministratio</strong></span> <span class='ocrx_word' id='word_1_170' title='bbox 1969 2172 2093 2227; x_wconf 72' lang='lat' dir='ltr'><strong>vita:</strong></span> 
     </span>
    </p>
   </div>
   <div class='ocr_carea' id='block_1_24' title="bbox 512 2255 2094 2330">
    <p class='ocr_par' dir='ltr' id='par_1_24' title="bbox 512 2255 2094 2330">
     <span class='ocr_line' id='line_1_24' title="bbox 512 2255 2094 2330; baseline 0.004 -21"><span class='ocrx_word' id='word_1_171' title='bbox 512 2271 636 2325; x_wconf 64' lang='lat' dir='ltr'><strong>qua:</strong></span> <span class='ocrx_word' id='word_1_172' title='bbox 670 2255 988 2326; x_wconf 76' lang='lat' dir='ltr'><strong>intelligitur</strong></span> <span class='ocrx_word' id='word_1_173' title='bbox 1045 2257 1096 2310; x_wconf 92' lang='lat' dir='ltr'><strong>in</strong></span> <span class='ocrx_word' id='word_1_174' title='bbox 1149 2257 1415 2326; x_wconf 88' lang='lat' dir='ltr'><strong>spirituali</strong></span> <span class='ocrx_word' id='word_1_175' title='bbox 1475 2257 1628 2327; x_wconf 75' lang='lat' dir='ltr'><strong>lege;</strong></span> <span class='ocrx_word' id='word_1_176' title='bbox 1692 2261 1785 2328; x_wconf 90' lang='lat' dir='ltr'><strong>qui</strong></span> <span class='ocrx_word' id='word_1_177' title='bbox 1843 2269 2094 2330; x_wconf 89' lang='lat' dir='ltr'><strong>poterant</strong></span> 
     </span>
    </p>
   </div>
   <div class='ocr_carea' id='block_1_25' title="bbox 512 2349 2090 2423">
    <p class='ocr_par' dir='ltr' id='par_1_25' title="bbox 512 2349 2090 2423">
     <span class='ocr_line' id='line_1_25' title="bbox 512 2349 2090 2423; baseline 0.002 -19"><span class='ocrx_word' id='word_1_178' title='bbox 512 2363 579 2404; x_wconf 79' lang='lat' dir='ltr'><strong>ex</strong></span> <span class='ocrx_word' id='word_1_179' title='bbox 631 2349 823 2405; x_wconf 82' lang='lat' dir='ltr'><strong>atl‘ectu</strong></span> <span class='ocrx_word' id='word_1_180' title='bbox 853 2351 1064 2405; x_wconf 89' lang='lat' dir='ltr'><strong>sincere</strong></span> <span class='ocrx_word' id='word_1_181' title='bbox 1092 2350 1270 2404; x_wconf 88' lang='lat' dir='ltr'><strong>dicere</strong></span> <span class='ocrx_word' id='word_1_182' title='bbox 1300 2351 1453 2406; x_wconf 75' lang='lat' dir='ltr'><strong>lucc:</strong></span> <span class='ocrx_word' id='word_1_183' title='bbox 1493 2371 1510 2402; x_wconf 86' lang='grc'><strong><em>‹</em></strong></span> <span class='ocrx_word' id='word_1_184' title='bbox 1543 2351 1758 2406; x_wconf 85' lang='lat' dir='ltr'><strong>Scimus</strong></span> <span class='ocrx_word' id='word_1_185' title='bbox 1783 2353 1926 2406; x_wconf 90' lang='lat' dir='ltr'><strong>enim</strong></span> <span class='ocrx_word' id='word_1_186' title='bbox 1963 2354 2090 2423; x_wconf 87' lang='lat' dir='ltr'><strong>quia</strong></span> 
     </span>
    </p>
   </div>
   <div class='ocr_carea' id='block_1_26' title="bbox 515 2433 2094 2513">
    <p class='ocr_par' dir='ltr' id='par_1_26' title="bbox 515 2433 2094 2513">
     <span class='ocr_line' id='line_1_26' title="bbox 515 2433 2094 2513; baseline 0.003 -18"><span class='ocrx_word' id='word_1_187' title='bbox 515 2437 598 2496; x_wconf 71' lang='lat' dir='ltr'><strong>lex</strong></span> <span class='ocrx_word' id='word_1_188' title='bbox 633 2442 933 2512; x_wconf 83' lang='lat' dir='ltr'><strong>spirititalis</strong></span> <span class='ocrx_word' id='word_1_189' title='bbox 967 2443 1140 2506; x_wconf 75' lang='lat' dir='ltr'><strong>est&quot;,</strong></span> <span class='ocrx_word' id='word_1_190' title='bbox 1179 2461 1196 2492; x_wconf 75' lang='grc' dir='ltr'><strong>ι</strong></span> <span class='ocrx_word' id='word_1_191' title='bbox 1231 2451 1285 2495; x_wconf 91' lang='lat' dir='ltr'><strong>et</strong></span> <span class='ocrx_word' id='word_1_192' title='bbox 1310 2452 1595 2513; x_wconf 86' lang='lat' dir='ltr'><strong>propterea</strong></span> <span class='ocrx_word' id='word_1_193' title='bbox 1637 2463 1654 2495; x_wconf 74' lang='grc' dir='ltr'>α</span> <span class='ocrx_word' id='word_1_194' title='bbox 1679 2433 1769 2499; x_wconf 73' lang='lat' dir='ltr'><strong>lex</strong></span> <span class='ocrx_word' id='word_1_195' title='bbox 1807 2453 1996 2499; x_wconf 88' lang='lat' dir='ltr'><strong>sancta</strong></span> <span class='ocrx_word' id='word_1_196' title='bbox 2039 2453 2094 2500; x_wconf 87' lang='lat' dir='ltr'><strong>et</strong></span> 
     </span>
    </p>
   </div>
   <div class='ocr_carea' id='block_1_27' title="bbox 512 2533 2090 2606">
    <p class='ocr_par' dir='ltr' id='par_1_27' title="bbox 512 2533 2090 2606">
     <span class='ocr_line' id='line_1_27' title="bbox 512 2533 2090 2606; baseline 0.002 -19"><span class='ocrx_word' id='word_1_197' title='bbox 512 2537 828 2589; x_wconf 85' lang='lat' dir='ltr'><strong>mandatum</strong></span> <span class='ocrx_word' id='word_1_198' title='bbox 863 2545 1137 2601; x_wconf 82' lang='lat' dir='ltr'><strong>sanctum,</strong></span> <span class='ocrx_word' id='word_1_199' title='bbox 1172 2545 1224 2588; x_wconf 92' lang='lat' dir='ltr'><strong>et</strong></span> <span class='ocrx_word' id='word_1_200' title='bbox 1244 2533 1478 2606; x_wconf 79' lang='lat' dir='ltr'><strong>justum,</strong></span> <span class='ocrx_word' id='word_1_201' title='bbox 1519 2544 1573 2590; x_wconf 91' lang='lat' dir='ltr'><strong>et</strong></span> <span class='ocrx_word' id='word_1_202' title='bbox 1607 2536 1808 2590; x_wconf 88' lang='lat' dir='ltr'><strong>bonum</strong></span> <span class='ocrx_word' id='word_1_203' title='bbox 1829 2538 1922 2602; x_wconf 74' lang='grc'><strong>⁸⁸⁵,</strong></span> <span class='ocrx_word' id='word_1_204' title='bbox 1957 2557 1975 2589; x_wconf 72' lang='grc' dir='ltr'><strong>ι</strong></span> <span class='ocrx_word' id='word_1_205' title='bbox 2016 2537 2090 2590; x_wconf 83' lang='lat' dir='ltr'><strong>illi</strong></span> 
     </span>
    </p>
   </div>
   <div class='ocr_carea' id='block_1_28' title="bbox 514 2627 2089 2698">
    <p class='ocr_par' dir='ltr' id='par_1_28' title="bbox 514 2627 2089 2698">
     <span class='ocr_line' id='line_1_28' title="bbox 514 2627 2089 2698; baseline -0.001 -17"><span class='ocrx_word' id='word_1_206' title='bbox 514 2631 671 2682; x_wconf 67' lang='lat' dir='ltr'><strong>erant</strong></span> <span class='ocrx_word' id='word_1_207' title='bbox 709 2627 970 2698; x_wconf 90' lang='lat' dir='ltr'><strong>plantatio</strong></span> <span class='ocrx_word' id='word_1_208' title='bbox 1005 2643 1168 2697; x_wconf 90' lang='lat' dir='ltr'><strong>quam</strong></span> <span class='ocrx_word' id='word_1_209' title='bbox 1201 2627 1466 2696; x_wconf 75' lang='lat' dir='ltr'><strong>plantavit</strong></span> <span class='ocrx_word' id='word_1_210' title='bbox 1499 2627 1658 2680; x_wconf 87' lang='lat' dir='ltr'><strong>Pater</strong></span> <span class='ocrx_word' id='word_1_211' title='bbox 1691 2629 1930 2683; x_wconf 79' lang='lat' dir='ltr'><strong>caelestis</strong></span> <span class='ocrx_word' id='word_1_212' title='bbox 1957 2647 1970 2682; x_wconf 92' lang='lat'><strong>:</strong></span> <span class='ocrx_word' id='word_1_213' title='bbox 1999 2630 2089 2696; x_wconf 82' lang='lat' dir='ltr'><strong>qui</strong></span> 
     </span>
    </p>
   </div>
   <div class='ocr_carea' id='block_1_29' title="bbox 515 2719 2093 2782">
    <p class='ocr_par' dir='ltr' id='par_1_29' title="bbox 515 2719 2093 2782">
     <span class='ocr_line' id='line_1_29' title="bbox 515 2719 2093 2782; baseline 0.001 -9"><span class='ocrx_word' id='word_1_214' title='bbox 515 2725 646 2775; x_wconf 77' lang='lat' dir='ltr'><strong>vero</strong></span> <span class='ocrx_word' id='word_1_215' title='bbox 687 2721 820 2775; x_wconf 86' lang='lat' dir='ltr'><strong>tales</strong></span> <span class='ocrx_word' id='word_1_216' title='bbox 853 2735 961 2774; x_wconf 92' lang='lat' dir='ltr'><strong>non</strong></span> <span class='ocrx_word' id='word_1_217' title='bbox 996 2728 1172 2782; x_wconf 88' lang='lat' dir='ltr'><strong>erant,</strong></span> <span class='ocrx_word' id='word_1_218' title='bbox 1221 2720 1313 2774; x_wconf 91' lang='lat' dir='ltr'><strong>sed</strong></span> <span class='ocrx_word' id='word_1_219' title='bbox 1351 2719 1687 2774; x_wconf 77' lang='lat' dir='ltr'><strong>mortiferam</strong></span> <span class='ocrx_word' id='word_1_220' title='bbox 1735 2722 1910 2774; x_wconf 86' lang='lat' dir='ltr'><strong>solum</strong></span> <span class='ocrx_word' id='word_1_221' title='bbox 1952 2723 2093 2775; x_wconf 82' lang='lat' dir='ltr'><strong>litte-</strong></span> 
     </span>
    </p>
   </div>
   <div class='ocr_carea' id='block_1_30' title="bbox 513 2809 2093 2878">
    <p class='ocr_par' dir='ltr' id='par_1_30' title="bbox 513 2809 2093 2878">
     <span class='ocr_line' id='line_1_30' title="bbox 513 2809 2093 2878; baseline 0.001 -15"><span class='ocrx_word' id='word_1_222' title='bbox 513 2822 632 2863; x_wconf 80' lang='lat' dir='ltr'><strong>ram</strong></span> <span class='ocrx_word' id='word_1_223' title='bbox 665 2809 976 2874; x_wconf 87' lang='lat' dir='ltr'><strong>tuebantur,</strong></span> <span class='ocrx_word' id='word_1_224' title='bbox 1014 2823 1122 2862; x_wconf 91' lang='lat' dir='ltr'><strong>non</strong></span> <span class='ocrx_word' id='word_1_225' title='bbox 1173 2816 1328 2862; x_wconf 89' lang='lat' dir='ltr'><strong>erant</strong></span> <span class='ocrx_word' id='word_1_226' title='bbox 1375 2809 1642 2877; x_wconf 86' lang='lat' dir='ltr'><strong>plantatio</strong></span> <span class='ocrx_word' id='word_1_227' title='bbox 1691 2809 1804 2871; x_wconf 83' lang='lat' dir='ltr'><strong>Dei,</strong></span> <span class='ocrx_word' id='word_1_228' title='bbox 1833 2811 1924 2864; x_wconf 86' lang='lat' dir='ltr'><strong>sed</strong></span> <span class='ocrx_word' id='word_1_229' title='bbox 1976 2810 2093 2878; x_wconf 84' lang='lat' dir='ltr'><strong>ejus</strong></span> 
     </span>
    </p>
   </div>
   <div class='ocr_carea' id='block_1_31' title="bbox 513 2899 2094 2971">
    <p class='ocr_par' dir='ltr' id='par_1_31' title="bbox 513 2899 2094 2971">
     <span class='ocr_line' id='line_1_31' title="bbox 513 2899 2094 2971; baseline 0.001 -18"><span class='ocrx_word' id='word_1_230' title='bbox 513 2901 607 2969; x_wconf 85' lang='lat' dir='ltr'><strong>qui</strong></span> <span class='ocrx_word' id='word_1_231' title='bbox 641 2900 990 2954; x_wconf 86' lang='lat' dir='ltr'><strong>induraverat</strong></span> <span class='ocrx_word' id='word_1_232' title='bbox 1022 2915 1115 2953; x_wconf 90' lang='lat' dir='ltr'><strong>eor</strong></span> <span class='ocrx_word' id='word_1_233' title='bbox 1143 2899 1384 2965; x_wconf 90' lang='lat' dir='ltr'><strong>illorum,</strong></span> <span class='ocrx_word' id='word_1_234' title='bbox 1419 2901 1580 2970; x_wconf 89' lang='lat' dir='ltr'><strong>eique</strong></span> <span class='ocrx_word' id='word_1_235' title='bbox 1624 2901 1869 2955; x_wconf 83' lang='lat' dir='ltr'><strong>velamen</strong></span> <span class='ocrx_word' id='word_1_236' title='bbox 1919 2902 2094 2971; x_wconf 91' lang='lat' dir='ltr'><strong>impo-</strong></span> 
     </span>
    </p>
   </div>
   <div class='ocr_carea' id='block_1_32' title="bbox 513 2990 2094 3060">
    <p class='ocr_par' dir='ltr' id='par_1_32' title="bbox 513 2990 2094 3060">
     <span class='ocr_line' id='line_1_32' title="bbox 513 2990 2094 3060; baseline 0 -15"><span class='ocrx_word' id='word_1_237' title='bbox 513 2996 723 3054; x_wconf 68' lang='lat' dir='ltr'><strong>suerat,</strong></span> <span class='ocrx_word' id='word_1_238' title='bbox 751 2991 894 3060; x_wconf 89' lang='lat' dir='ltr'><strong>quod</strong></span> <span class='ocrx_word' id='word_1_239' title='bbox 917 2991 969 3043; x_wconf 90' lang='lat' dir='ltr'><strong>in</strong></span> <span class='ocrx_word' id='word_1_240' title='bbox 992 2991 1098 3044; x_wconf 93' lang='lat' dir='ltr'><strong>illis</strong></span> <span class='ocrx_word' id='word_1_241' title='bbox 1119 2990 1224 3043; x_wconf 86' lang='lat' dir='ltr'><strong>vim</strong></span> <span class='ocrx_word' id='word_1_242' title='bbox 1241 2990 1542 3055; x_wconf 90' lang='lat' dir='ltr'><strong>obtinebat,</strong></span> <span class='ocrx_word' id='word_1_243' title='bbox 1561 2993 1802 3060; x_wconf 89' lang='lat' dir='ltr'><strong>qttandiu</strong></span> <span class='ocrx_word' id='word_1_244' title='bbox 1826 2992 1891 3046; x_wconf 89' lang='lat' dir='ltr'><strong>ad</strong></span> <span class='ocrx_word' id='word_1_245' title='bbox 1913 2991 2094 3045; x_wconf 83' lang='lat' dir='ltr'><strong>Domi—</strong></span> 
     </span>
    </p>
   </div>
   <div class='ocr_carea' id='block_1_33' title="bbox 516 3081 2095 3151">
    <p class='ocr_par' dir='ltr' id='par_1_33' title="bbox 516 3081 2095 3151">
     <span class='ocr_line' id='line_1_33' title="bbox 516 3081 2095 3151; baseline 0.002 -17"><span class='ocrx_word' id='word_1_246' title='bbox 516 3097 649 3134; x_wconf 87' lang='lat' dir='ltr'><strong>num</strong></span> <span class='ocrx_word' id='word_1_247' title='bbox 681 3095 787 3135; x_wconf 89' lang='lat' dir='ltr'><strong>non</strong></span> <span class='ocrx_word' id='word_1_248' title='bbox 813 3081 1311 3135; x_wconf 76' lang='lat' dir='ltr'><strong>eonverteba’ntur:</strong></span> <span class='ocrx_word' id='word_1_249' title='bbox 1343 3100 1359 3131; x_wconf 73' lang='grc' dir='ltr'><strong>ι</strong></span> <span class='ocrx_word' id='word_1_250' title='bbox 1395 3081 1450 3135; x_wconf 91' lang='lat' dir='ltr'><strong>Si</strong></span> <span class='ocrx_word' id='word_1_251' title='bbox 1483 3081 1608 3151; x_wconf 86' lang='lat' dir='ltr'><strong>quis</strong></span> <span class='ocrx_word' id='word_1_252' title='bbox 1632 3083 1774 3136; x_wconf 90' lang='lat' dir='ltr'><strong>enim</strong></span> <span class='ocrx_word' id='word_1_253' title='bbox 1799 3097 2095 3138; x_wconf 85' lang='lat' dir='ltr'><strong>conversus</strong></span> 
     </span>
    </p>
   </div>
   <div class='ocr_carea' id='block_1_34' title="bbox 515 3169 2095 3236">
    <p class='ocr_par' dir='ltr' id='par_1_34' title="bbox 515 3169 2095 3236">
     <span class='ocr_line' id='line_1_34' title="bbox 515 3169 2095 3236; baseline 0.003 -12"><span class='ocrx_word' id='word_1_254' title='bbox 515 3169 682 3226; x_wconf 81' lang='lat' dir='ltr'><strong>fuerit</strong></span> <span class='ocrx_word' id='word_1_255' title='bbox 726 3171 792 3224; x_wconf 86' lang='lat' dir='ltr'><strong>ad</strong></span> <span class='ocrx_word' id='word_1_256' title='bbox 843 3170 1158 3236; x_wconf 89' lang='lat' dir='ltr'><strong>Dominum,</strong></span> <span class='ocrx_word' id='word_1_257' title='bbox 1197 3171 1477 3227; x_wconf 82' lang='lat' dir='ltr'><strong>auferetur</strong></span> <span class='ocrx_word' id='word_1_258' title='bbox 1506 3172 1754 3228; x_wconf 88' lang='lat' dir='ltr'><strong>velamen</strong></span> <span class='ocrx_word' id='word_1_259' title='bbox 1787 3191 1800 3227; x_wconf 87' lang='lat'><strong>:</strong></span> <span class='ocrx_word' id='word_1_260' title='bbox 1831 3173 2095 3229; x_wconf 87' lang='lat' dir='ltr'><strong>Dominus</strong></span> 
     </span>
    </p>
   </div>
   <div class='ocr_carea' id='block_1_35' title="bbox 435 3264 2094 3336">
    <p class='ocr_par' dir='ltr' id='par_1_35' title="bbox 435 3264 2094 3336">
     <span class='ocr_line' id='line_1_35' title="bbox 435 3264 2094 3336; baseline 0.001 -18"><span class='ocrx_word' id='word_1_261' title='bbox 435 3286 443 3294; x_wconf 88' lang='lat'><strong>-</strong></span> <span class='ocrx_word' id='word_1_262' title='bbox 517 3271 704 3319; x_wconf 79' lang='lat' dir='ltr'><strong>autem</strong></span> <span class='ocrx_word' id='word_1_263' title='bbox 739 3264 969 3334; x_wconf 87' lang='lat' dir='ltr'><strong>spiritus</strong></span> <span class='ocrx_word' id='word_1_264' title='bbox 1003 3265 1176 3318; x_wconf 73' lang='lat' dir='ltr'><strong>est&quot;.</strong></span> <span class='ocrx_word' id='word_1_265' title='bbox 1207 3283 1226 3316; x_wconf 76' lang='grc' dir='ltr'><strong>ι</strong></span> <span class='ocrx_word' id='word_1_266' title='bbox 1277 3265 1481 3319; x_wconf 80' lang='lat' dir='ltr'><strong>Dixerit</strong></span> <span class='ocrx_word' id='word_1_267' title='bbox 1521 3275 1701 3320; x_wconf 85' lang='lat' dir='ltr'><strong>autem</strong></span> <span class='ocrx_word' id='word_1_268' title='bbox 1754 3266 1952 3336; x_wconf 82' lang='lat' dir='ltr'><strong>aliquis</strong></span> <span class='ocrx_word' id='word_1_269' title='bbox 1999 3267 2094 3336; x_wconf 90' lang='lat' dir='ltr'><strong>qui</strong></span> 
     </span>
    </p>
   </div>
   <div class='ocr_carea' id='block_1_36' title="bbox 517 3355 2096 3425">
    <p class='ocr_par' dir='ltr' id='par_1_36' title="bbox 517 3355 2096 3425">
     <span class='ocr_line' id='line_1_36' title="bbox 517 3355 2096 3425; baseline 0.001 -15"><span class='ocrx_word' id='word_1_270' title='bbox 517 3357 574 3410; x_wconf 88' lang='lat' dir='ltr'><strong>in</strong></span> <span class='ocrx_word' id='word_1_271' title='bbox 623 3355 772 3410; x_wconf 85' lang='lat' dir='ltr'><strong>hunc</strong></span> <span class='ocrx_word' id='word_1_272' title='bbox 824 3355 1078 3410; x_wconf 82' lang='lat' dir='ltr'><strong>inciderit</strong></span> <span class='ocrx_word' id='word_1_273' title='bbox 1134 3356 1352 3422; x_wconf 89' lang='lat' dir='ltr'><strong>locum,</strong></span> <span class='ocrx_word' id='word_1_274' title='bbox 1409 3358 1868 3425; x_wconf 84' lang='lat' dir='ltr'><strong>quemadmodum</strong></span> <span class='ocrx_word' id='word_1_275' title='bbox 1926 3375 1945 3409; x_wconf 72' lang='grc' dir='ltr'><strong>ι</strong></span> <span class='ocrx_word' id='word_1_276' title='bbox 1989 3374 2096 3412; x_wconf 90' lang='lat' dir='ltr'><strong>non</strong></span> 
     </span>
    </p>
   </div>
   <div class='ocr_carea' id='block_1_37' title="bbox 519 3447 2096 3516">
    <p class='ocr_par' dir='ltr' id='par_1_37' title="bbox 519 3447 2096 3516">
     <span class='ocr_line' id='line_1_37' title="bbox 519 3447 2096 3516; baseline 0 -14"><span class='ocrx_word' id='word_1_277' title='bbox 519 3447 666 3516; x_wconf 89' lang='lat' dir='ltr'><strong>qttod</strong></span> <span class='ocrx_word' id='word_1_278' title='bbox 701 3447 867 3502; x_wconf 88' lang='lat' dir='ltr'><strong>intrat</strong></span> <span class='ocrx_word' id='word_1_279' title='bbox 892 3447 946 3500; x_wconf 92' lang='lat' dir='ltr'><strong>in</strong></span> <span class='ocrx_word' id='word_1_280' title='bbox 975 3461 1037 3502; x_wconf 90' lang='lat' dir='ltr'><strong>os</strong></span> <span class='ocrx_word' id='word_1_281' title='bbox 1073 3447 1394 3516; x_wconf 83' lang='lat' dir='ltr'><strong>coinquinat</strong></span> <span class='ocrx_word' id='word_1_282' title='bbox 1427 3447 1701 3503; x_wconf 90' lang='lat' dir='ltr'><strong>hominem</strong></span> <span class='ocrx_word' id='word_1_283' title='bbox 1734 3449 1798 3513; x_wconf 76' lang='grc' dir='ltr'><strong>θ’,</strong></span> <span class='ocrx_word' id='word_1_284' title='bbox 1834 3469 1852 3499; x_wconf 73' lang='grc' dir='ltr'><strong>ι</strong></span> <span class='ocrx_word' id='word_1_285' title='bbox 1882 3449 2096 3503; x_wconf 86' lang='lat' dir='ltr'><strong>etiamsi</strong></span> 
     </span>
    </p>
   </div>
   <div class='ocr_carea' id='block_1_38' title="bbox 515 3537 2098 3610">
    <p class='ocr_par' dir='ltr' id='par_1_38' title="bbox 515 3537 2098 3610">
     <span class='ocr_line' id='line_1_38' title="bbox 515 3537 2098 3610; baseline 0.001 -17"><span class='ocrx_word' id='word_1_286' title='bbox 515 3539 859 3595; x_wconf 76' lang='lat' dir='ltr'><strong>existimetur</strong></span> <span class='ocrx_word' id='word_1_287' title='bbox 883 3554 914 3592; x_wconf 88' lang='lat' dir='ltr'><strong>a</strong></span> <span class='ocrx_word' id='word_1_288' title='bbox 947 3537 1447 3610; x_wconf 33' lang='lat' dir='ltr'><strong>Judaeisoimpurum</strong></span> <span class='ocrx_word' id='word_1_289' title='bbox 1475 3557 1490 3605; x_wconf 90' lang='lat'><strong>;</strong></span> <span class='ocrx_word' id='word_1_290' title='bbox 1522 3540 1594 3594; x_wconf 87' lang='lat' dir='ltr'><strong>ita</strong></span> <span class='ocrx_word' id='word_1_291' title='bbox 1625 3539 1768 3610; x_wconf 89' lang='lat' dir='ltr'><strong>quod</strong></span> <span class='ocrx_word' id='word_1_292' title='bbox 1798 3539 2098 3610; x_wconf 83' lang='lat' dir='ltr'><strong>ingreditur</strong></span> 
     </span>
    </p>
   </div>
   <div class='ocr_carea' id='block_1_39' title="bbox 520 3628 2097 3700">
    <p class='ocr_par' dir='ltr' id='par_1_39' title="bbox 520 3628 2097 3700">
     <span class='ocr_line' id='line_1_39' title="bbox 520 3628 2097 3700; baseline 0.003 -20"><span class='ocrx_word' id='word_1_293' title='bbox 520 3630 575 3681; x_wconf 90' lang='lat' dir='ltr'><strong>in</strong></span> <span class='ocrx_word' id='word_1_294' title='bbox 611 3645 696 3691; x_wconf 90' lang='lat' dir='ltr'><strong>os,</strong></span> <span class='ocrx_word' id='word_1_295' title='bbox 728 3643 837 3682; x_wconf 80' lang='lat' dir='ltr'><strong>non</strong></span> <span class='ocrx_word' id='word_1_296' title='bbox 867 3628 1211 3684; x_wconf 86' lang='lat' dir='ltr'><strong>sanetilicare</strong></span> <span class='ocrx_word' id='word_1_297' title='bbox 1240 3628 1544 3692; x_wconf 89' lang='lat' dir='ltr'><strong>hominem,</strong></span> <span class='ocrx_word' id='word_1_298' title='bbox 1579 3629 1793 3684; x_wconf 86' lang='lat' dir='ltr'><strong>etiamsi</strong></span> <span class='ocrx_word' id='word_1_299' title='bbox 1826 3646 1852 3683; x_wconf 90' lang='lat' dir='ltr'><strong>a</strong></span> <span class='ocrx_word' id='word_1_300' title='bbox 1883 3631 2097 3700; x_wconf 78' lang='lat' dir='ltr'><strong>simpli-</strong></span> 
     </span>
    </p>
   </div>
   <div class='ocr_carea' id='block_1_40' title="bbox 516 3720 2095 3791">
    <p class='ocr_par' dir='ltr' id='par_1_40' title="bbox 516 3720 2095 3791">
     <span class='ocr_line' id='line_1_40' title="bbox 516 3720 2095 3791; baseline 0.001 -19"><span class='ocrx_word' id='word_1_301' title='bbox 516 3721 761 3776; x_wconf 70' lang='lat' dir='ltr'><strong>rloribns</strong></span> <span class='ocrx_word' id='word_1_302' title='bbox 797 3721 1144 3776; x_wconf 81' lang='lat' dir='ltr'><strong>existimetur</strong></span> <span class='ocrx_word' id='word_1_303' title='bbox 1192 3720 1556 3783; x_wconf 82' lang='lat' dir='ltr'><strong>sanctiﬁearc,</strong></span> <span class='ocrx_word' id='word_1_304' title='bbox 1594 3720 1644 3774; x_wconf 92' lang='lat' dir='ltr'><strong>id</strong></span> <span class='ocrx_word' id='word_1_305' title='bbox 1689 3722 1834 3791; x_wconf 80' lang='lat' dir='ltr'><strong>quod</strong></span> <span class='ocrx_word' id='word_1_306' title='bbox 1877 3720 2095 3775; x_wconf 89' lang='lat' dir='ltr'><strong>Domini</strong></span> 
     </span>
    </p>
   </div>
   <div class='ocr_carea' id='block_1_41' title="bbox 517 3811 2092 3883">
    <p class='ocr_par' dir='ltr' id='par_1_41' title="bbox 517 3811 2092 3883">
     <span class='ocr_line' id='line_1_41' title="bbox 517 3811 2092 3883; baseline 0 -17"><span class='ocrx_word' id='word_1_307' title='bbox 517 3813 673 3883; x_wconf 80' lang='lat' dir='ltr'><strong>panis</strong></span> <span class='ocrx_word' id='word_1_308' title='bbox 723 3813 1048 3883; x_wconf 87' lang='lat' dir='ltr'><strong>appellatur.</strong></span> <span class='ocrx_word' id='word_1_309' title='bbox 1099 3811 1166 3865; x_wconf 87' lang='lat' dir='ltr'><strong>Et</strong></span> <span class='ocrx_word' id='word_1_310' title='bbox 1215 3828 1398 3868; x_wconf 88' lang='lat' dir='ltr'><strong>sermo</strong></span> <span class='ocrx_word' id='word_1_311' title='bbox 1447 3813 1664 3882; x_wconf 85' lang='lat' dir='ltr'><strong>quidem</strong></span> <span class='ocrx_word' id='word_1_312' title='bbox 1713 3814 1804 3867; x_wconf 91' lang='lat' dir='ltr'><strong>ille</strong></span> <span class='ocrx_word' id='word_1_313' title='bbox 1849 3813 2092 3876; x_wconf 91' lang='lat' dir='ltr'><strong>minime,</strong></span> 
     </span>
    </p>
   </div>
   <div class='ocr_carea' id='block_1_42' title="bbox 517 3904 2096 3974">
    <p class='ocr_par' dir='ltr' id='par_1_42' title="bbox 517 3904 2096 3974">
     <span class='ocr_line' id='line_1_42' title="bbox 517 3904 2096 3974; baseline 0 -16"><span class='ocrx_word' id='word_1_314' title='bbox 517 3904 736 3973; x_wconf 72' lang='lat' dir='ltr'><strong>opinor,</strong></span> <span class='ocrx_word' id='word_1_315' title='bbox 788 3904 1166 3974; x_wconf 79' lang='lat' dir='ltr'><strong>aspernandus</strong></span> <span class='ocrx_word' id='word_1_316' title='bbox 1209 3913 1314 3969; x_wconf 84' lang='lat' dir='ltr'><strong>est,</strong></span> <span class='ocrx_word' id='word_1_317' title='bbox 1366 3913 1760 3973; x_wconf 86' lang='lat' dir='ltr'><strong>proptereaque</strong></span> <span class='ocrx_word' id='word_1_318' title='bbox 1807 3905 2096 3974; x_wconf 88' lang='lat' dir='ltr'><strong>perspicua</strong></span> 
     </span>
    </p>
   </div>
   <div class='ocr_carea' id='block_1_43' title="bbox 519 3993 2100 4064">
    <p class='ocr_par' dir='ltr' id='par_1_43' title="bbox 519 3993 2100 4064">
     <span class='ocr_line' id='line_1_43' title="bbox 519 3993 2100 4064; baseline 0.001 -17"><span class='ocrx_word' id='word_1_319' title='bbox 519 3995 767 4063; x_wconf 76' lang='lat' dir='ltr'><strong>indigens</strong></span> <span class='ocrx_word' id='word_1_320' title='bbox 796 3993 1176 4063; x_wconf 76' lang='lat' dir='ltr'><strong>explicatione,</strong></span> <span class='ocrx_word' id='word_1_321' title='bbox 1204 4009 1327 4064; x_wconf 67' lang='lat' dir='ltr'><strong>qua:</strong></span> <span class='ocrx_word' id='word_1_322' title='bbox 1363 3995 1499 4048; x_wconf 91' lang='lat' dir='ltr'><strong>mihi</strong></span> <span class='ocrx_word' id='word_1_323' title='bbox 1537 3994 1606 4047; x_wconf 92' lang='lat' dir='ltr'><strong>ita</strong></span> <span class='ocrx_word' id='word_1_324' title='bbox 1640 4008 1698 4048; x_wconf 90' lang='lat' dir='ltr'><strong>se</strong></span> <span class='ocrx_word' id='word_1_325' title='bbox 1721 3994 1922 4048; x_wconf 90' lang='lat' dir='ltr'><strong>habere</strong></span> <span class='ocrx_word' id='word_1_326' title='bbox 1951 3994 2100 4048; x_wconf 83' lang='lat' dir='ltr'><strong>vide-</strong></span> 
     </span>
    </p>
   </div>
   <div class='ocr_carea' id='block_1_44' title="bbox 518 4078 2098 4152">
    <p class='ocr_par' dir='ltr' id='par_1_44' title="bbox 518 4078 2098 4152">
     <span class='ocr_line' id='line_1_44' title="bbox 518 4078 2098 4152; baseline 0.003 -21"><span class='ocrx_word' id='word_1_327' title='bbox 518 4090 626 4132; x_wconf 91' lang='lat' dir='ltr'><strong>tur.</strong></span> <span class='ocrx_word' id='word_1_328' title='bbox 653 4078 1126 4146; x_wconf 84' lang='lat' dir='ltr'><strong>Quemadmodum</strong></span> <span class='ocrx_word' id='word_1_329' title='bbox 1157 4096 1264 4135; x_wconf 92' lang='lat' dir='ltr'><strong>non</strong></span> <span class='ocrx_word' id='word_1_330' title='bbox 1295 4083 1472 4144; x_wconf 90' lang='lat' dir='ltr'><strong>cibus,</strong></span> <span class='ocrx_word' id='word_1_331' title='bbox 1500 4083 1592 4135; x_wconf 92' lang='lat' dir='ltr'><strong>sed</strong></span> <span class='ocrx_word' id='word_1_332' title='bbox 1615 4082 1950 4137; x_wconf 88' lang='lat' dir='ltr'><strong>conscientia</strong></span> <span class='ocrx_word' id='word_1_333' title='bbox 1975 4083 2098 4152; x_wconf 92' lang='lat' dir='ltr'><strong>ejus</strong></span> 
     </span>
    </p>
   </div>
   <div class='ocr_carea' id='block_1_45' title="bbox 516 4169 2096 4243">
    <p class='ocr_par' dir='ltr' id='par_1_45' title="bbox 516 4169 2096 4243">
     <span class='ocr_line' id='line_1_45' title="bbox 516 4169 2096 4243; baseline 0.001 -21"><span class='ocrx_word' id='word_1_334' title='bbox 516 4171 770 4240; x_wconf 82' lang='lat' dir='ltr'><strong>quicum</strong></span> <span class='ocrx_word' id='word_1_335' title='bbox 820 4169 1158 4225; x_wconf 85' lang='lat' dir='ltr'><strong>dubitatione</strong></span> <span class='ocrx_word' id='word_1_336' title='bbox 1210 4171 1467 4232; x_wconf 78' lang='lat' dir='ltr'><strong>eomedit,</strong></span> <span class='ocrx_word' id='word_1_337' title='bbox 1516 4169 1683 4243; x_wconf 67' lang='grc'><strong>499</strong></span> <span class='ocrx_word' id='word_1_338' title='bbox 1725 4173 2096 4225; x_wconf 88' lang='lat' dir='ltr'><strong>comedentem</strong></span> 
     </span>
    </p>
   </div>
   <div class='ocr_carea' id='block_1_46' title="bbox 515 4261 2096 4332">
    <p class='ocr_par' dir='ltr' id='par_1_46' title="bbox 515 4261 2096 4332">
     <span class='ocr_line' id='line_1_46' title="bbox 515 4261 2096 4332; baseline 0 -17"><span class='ocrx_word' id='word_1_339' title='bbox 515 4263 882 4330; x_wconf 69' lang='lat' dir='ltr'><strong>Coinquinat:</strong></span> <span class='ocrx_word' id='word_1_340' title='bbox 927 4281 944 4314; x_wconf 74' lang='grc' dir='ltr'><strong>ι</strong></span> <span class='ocrx_word' id='word_1_341' title='bbox 975 4261 1110 4316; x_wconf 89' lang='lat' dir='ltr'><strong>Nam</strong></span> <span class='ocrx_word' id='word_1_342' title='bbox 1162 4263 1254 4332; x_wconf 91' lang='lat' dir='ltr'><strong>qui</strong></span> <span class='ocrx_word' id='word_1_343' title='bbox 1292 4263 1522 4327; x_wconf 88' lang='lat' dir='ltr'><strong>dubitat,</strong></span> <span class='ocrx_word' id='word_1_344' title='bbox 1569 4264 1612 4315; x_wconf 94' lang='lat' dir='ltr'><strong>si</strong></span> <span class='ocrx_word' id='word_1_345' title='bbox 1667 4263 2096 4326; x_wconf 82' lang='lat' dir='ltr'><strong>manducaverit,</strong></span> 
     </span>
    </p>
   </div>
   <div class='ocr_carea' id='block_1_47' title="bbox 517 4353 2101 4423">
    <p class='ocr_par' dir='ltr' id='par_1_47' title="bbox 517 4353 2101 4423">
     <span class='ocr_line' id='line_1_47' title="bbox 517 4353 2101 4423; baseline 0.004 -21"><span class='ocrx_word' id='word_1_346' title='bbox 517 4353 809 4406; x_wconf 77' lang='lat' dir='ltr'><strong>damnatus</strong></span> <span class='ocrx_word' id='word_1_347' title='bbox 841 4361 944 4418; x_wconf 91' lang='lat' dir='ltr'><strong>est,</strong></span> <span class='ocrx_word' id='word_1_348' title='bbox 983 4353 1114 4422; x_wconf 88' lang='lat' dir='ltr'><strong>quia</strong></span> <span class='ocrx_word' id='word_1_349' title='bbox 1159 4366 1268 4406; x_wconf 89' lang='lat' dir='ltr'><strong>non</strong></span> <span class='ocrx_word' id='word_1_350' title='bbox 1319 4368 1386 4406; x_wconf 80' lang='lat' dir='ltr'><strong>ex</strong></span> <span class='ocrx_word' id='word_1_351' title='bbox 1440 4354 1543 4406; x_wconf 89' lang='lat' dir='ltr'><strong>lide</strong></span> <span class='ocrx_word' id='word_1_352' title='bbox 1565 4353 1650 4419; x_wconf 86' lang='grc'><strong>⁸³;</strong></span> <span class='ocrx_word' id='word_1_353' title='bbox 1692 4373 1709 4403; x_wconf 74' lang='grc' dir='ltr'><strong>ι</strong></span> <span class='ocrx_word' id='word_1_354' title='bbox 1749 4365 1801 4407; x_wconf 91' lang='lat' dir='ltr'><strong>et</strong></span> <span class='ocrx_word' id='word_1_355' title='bbox 1837 4355 2101 4423; x_wconf 88' lang='lat' dir='ltr'><strong>quemad-</strong></span> 
     </span>
    </p>
   </div>
   <div class='ocr_carea' id='block_1_48' title="bbox 518 4441 2097 4512">
    <p class='ocr_par' dir='ltr' id='par_1_48' title="bbox 518 4441 2097 4512">
     <span class='ocr_line' id='line_1_48' title="bbox 518 4441 2097 4512; baseline 0.003 -18"><span class='ocrx_word' id='word_1_356' title='bbox 518 4441 739 4495; x_wconf 83' lang='lat' dir='ltr'><strong>modum</strong></span> <span class='ocrx_word' id='word_1_357' title='bbox 797 4441 1081 4510; x_wconf 84' lang='lat' dir='ltr'><strong>inquinato</strong></span> <span class='ocrx_word' id='word_1_358' title='bbox 1129 4451 1184 4496; x_wconf 87' lang='lat' dir='ltr'><strong>et</strong></span> <span class='ocrx_word' id='word_1_359' title='bbox 1235 4441 1517 4496; x_wconf 88' lang='lat' dir='ltr'><strong>incredulo</strong></span> <span class='ocrx_word' id='word_1_360' title='bbox 1561 4443 1698 4496; x_wconf 91' lang='lat' dir='ltr'><strong>nihil</strong></span> <span class='ocrx_word' id='word_1_361' title='bbox 1746 4458 1945 4512; x_wconf 88' lang='lat' dir='ltr'><strong>pttrum</strong></span> <span class='ocrx_word' id='word_1_362' title='bbox 1993 4452 2097 4510; x_wconf 86' lang='lat' dir='ltr'><strong>est,</strong></span> 
     </span>
    </p>
   </div>
   <div class='ocr_carea' id='block_1_49' title="bbox 2200 599 3792 678">
    <p class='ocr_par' dir='ltr' id='par_1_49' title="bbox 2200 599 3792 678">
     <span class='ocr_line' id='line_1_49' title="bbox 2200 599 3792 678; baseline -0.001 -17"><span class='ocrx_word' id='word_1_363' title='bbox 2200 613 2314 662; x_wconf 84' lang='grc' dir='ltr'>σείν</span> <span class='ocrx_word' id='word_1_364' title='bbox 2357 610 2438 670; x_wconf 89' lang='grc' dir='ltr'>εἰς</span> <span class='ocrx_word' id='word_1_365' title='bbox 2473 607 2564 660; x_wconf 76' lang='grc' dir='ltr'><strong>τὸν</strong></span> <span class='ocrx_word' id='word_1_366' title='bbox 2599 606 2840 676; x_wconf 75' lang='grc' dir='ltr'><strong>βόθυνον,</strong></span> <span class='ocrx_word' id='word_1_367' title='bbox 2889 607 3017 678; x_wconf 81' lang='grc' dir='ltr'>περὶ</span> <span class='ocrx_word' id='word_1_368' title='bbox 3047 599 3110 660; x_wconf 75' lang='grc' dir='ltr'>οὗ</span> <span class='ocrx_word' id='word_1_369' title='bbox 3153 608 3582 678; x_wconf 71' lang='grc' dir='ltr'>προειρήκαμεν.</span> <span class='ocrx_word' id='word_1_370' title='bbox 3625 606 3792 678; x_wconf 79' lang='grc' dir='ltr'><strong>Ἑξῆς</strong></span> 
     </span>
    </p>
   </div>
   <div class='ocr_carea' id='block_1_50' title="bbox 2194 697 3792 768">
    <p class='ocr_par' dir='ltr' id='par_1_50' title="bbox 2194 697 3792 768">
     <span class='ocr_line' id='line_1_50' title="bbox 2194 697 3792 768; baseline 0 -18"><span class='ocrx_word' id='word_1_371' title='bbox 2194 699 2251 751; x_wconf 79' lang='grc' dir='ltr'>δὲ</span> <span class='ocrx_word' id='word_1_372' title='bbox 2291 697 2498 762; x_wconf 75' lang='grc' dir='ltr'><strong>τούτοις</strong></span> <span class='ocrx_word' id='word_1_373' title='bbox 2526 697 2833 767; x_wconf 83' lang='grc' dir='ltr'>γέγραπται</span> <span class='ocrx_word' id='word_1_374' title='bbox 2868 697 2990 751; x_wconf 88' lang='grc' dir='ltr'>τίνα</span> <span class='ocrx_word' id='word_1_375' title='bbox 3017 698 3218 768; x_wconf 86' lang='grc' dir='ltr'>τρόπον</span> <span class='ocrx_word' id='word_1_376' title='bbox 3248 699 3278 749; x_wconf 91' lang='lat'><strong>6</strong></span> <span class='ocrx_word' id='word_1_377' title='bbox 3317 698 3520 767; x_wconf 78' lang='grc' dir='ltr'><strong>Πέτρος</strong></span> <span class='ocrx_word' id='word_1_378' title='bbox 3552 697 3792 768; x_wconf 79' lang='grc' dir='ltr'>ἀποκρι-</span> 
     </span>
    </p>
   </div>
   <div class='ocr_carea' id='block_1_51' title="bbox 2195 785 3792 858">
    <p class='ocr_par' dir='ltr' id='par_1_51' title="bbox 2195 785 3792 858">
     <span class='ocr_line' id='line_1_51' title="bbox 2195 785 3792 858; baseline 0 -18"><span class='ocrx_word' id='word_1_379' title='bbox 2195 787 2310 852; x_wconf 71' lang='grc' dir='ltr'>Θεὶς</span> <span class='ocrx_word' id='word_1_380' title='bbox 2337 785 2457 841; x_wconf 78' lang='grc' dir='ltr'>εἷπε</span> <span class='ocrx_word' id='word_1_381' title='bbox 2485 788 2564 858; x_wconf 85' lang='grc' dir='ltr'><strong>τῷ</strong></span> <span class='ocrx_word' id='word_1_382' title='bbox 2596 789 2834 858; x_wconf 79' lang='grc' dir='ltr'><strong>Σωτῆρι,</strong></span> <span class='ocrx_word' id='word_1_383' title='bbox 2870 789 2946 852; x_wconf 85' lang='grc' dir='ltr'>ὡς</span> <span class='ocrx_word' id='word_1_384' title='bbox 2973 789 3046 858; x_wconf 83' lang='grc' dir='ltr'><strong>μὴ</strong></span> <span class='ocrx_word' id='word_1_385' title='bbox 3075 789 3275 858; x_wconf 73' lang='grc' dir='ltr'>νοήσας</span> <span class='ocrx_word' id='word_1_386' title='bbox 3303 788 3362 840; x_wconf 92' lang='grc' dir='ltr'><strong>τό</strong></span> <span class='ocrx_word' id='word_1_387' title='bbox 3380 805 3394 818; x_wconf 90' lang='grc'><strong>·</strong></span> <span class='ocrx_word' id='word_1_388' title='bbox 3428 807 3446 836; x_wconf 86' lang='grc'><strong>‹</strong></span> <span class='ocrx_word' id='word_1_389' title='bbox 3481 788 3555 839; x_wconf 80' lang='grc' dir='ltr'>Ού</span> <span class='ocrx_word' id='word_1_390' title='bbox 3580 789 3644 841; x_wconf 84' lang='grc' dir='ltr'>τὸ</span> <span class='ocrx_word' id='word_1_391' title='bbox 3671 789 3792 840; x_wconf 85' lang='grc' dir='ltr'>είσ-</span> 
     </span>
    </p>
   </div>
   <div class='ocr_carea' id='block_1_52' title="bbox 2195 879 3790 952">
    <p class='ocr_par' dir='ltr' id='par_1_52' title="bbox 2195 879 3790 952">
     <span class='ocr_line' id='line_1_52' title="bbox 2195 879 3790 952; baseline 0.001 -20"><span class='ocrx_word' id='word_1_392' title='bbox 2195 881 2486 952; x_wconf 90' lang='grc' dir='ltr'>ερχόμενον</span> <span class='ocrx_word' id='word_1_393' title='bbox 2528 883 2607 944; x_wconf 85' lang='grc' dir='ltr'>εἰς</span> <span class='ocrx_word' id='word_1_394' title='bbox 2648 881 2708 934; x_wconf 82' lang='grc' dir='ltr'>τὸ</span> <span class='ocrx_word' id='word_1_395' title='bbox 2752 882 2925 952; x_wconf 83' lang='grc' dir='ltr'>στόμα</span> <span class='ocrx_word' id='word_1_396' title='bbox 2961 885 3132 936; x_wconf 78' lang='grc' dir='ltr'>κοινοί</span> <span class='ocrx_word' id='word_1_397' title='bbox 3173 881 3264 934; x_wconf 83' lang='grc' dir='ltr'><strong>τὸν</strong></span> <span class='ocrx_word' id='word_1_398' title='bbox 3297 879 3600 952; x_wconf 78' lang='grc' dir='ltr'>ἄνθρωπον,</span> <span class='ocrx_word' id='word_1_399' title='bbox 3647 879 3790 933; x_wconf 77' lang='grc' dir='ltr'>ἀλλὰ</span> 
     </span>
    </p>
   </div>
   <div class='ocr_carea' id='block_1_53' title="bbox 2194 972 3786 1044">
    <p class='ocr_par' dir='ltr' id='par_1_53' title="bbox 2194 972 3786 1044">
     <span class='ocr_line' id='line_1_53' title="bbox 2194 972 3786 1044; baseline 0.001 -20"><span class='ocrx_word' id='word_1_400' title='bbox 2194 972 2257 1025; x_wconf 76' lang='grc' dir='ltr'>τὸ</span> <span class='ocrx_word' id='word_1_401' title='bbox 2303 973 2735 1043; x_wconf 73' lang='grc' dir='ltr'>ἐκπορευόμενον</span> <span class='ocrx_word' id='word_1_402' title='bbox 2784 975 2848 1026; x_wconf 83' lang='grc' dir='ltr'>ὲκ</span> <span class='ocrx_word' id='word_1_403' title='bbox 2881 972 2976 1026; x_wconf 87' lang='grc' dir='ltr'><strong>τοῦ</strong></span> <span class='ocrx_word' id='word_1_404' title='bbox 3028 974 3314 1044; x_wconf 86' lang='grc' dir='ltr'>στόματος,</span> <span class='ocrx_word' id='word_1_405' title='bbox 3363 972 3454 1024; x_wconf 92' lang='grc' dir='ltr'><strong>τό·</strong></span> <span class='ocrx_word' id='word_1_406' title='bbox 3507 989 3528 1021; x_wconf 74' lang='grc' dir='ltr'><strong><em>ι</em></strong></span> <span class='ocrx_word' id='word_1_407' title='bbox 3569 972 3786 1043; x_wconf 73' lang='grc' dir='ltr'>Φράσον</span> 
     </span>
    </p>
   </div>
   <div class='ocr_carea' id='block_1_54' title="bbox 2195 1063 3781 1138">
    <p class='ocr_par' dir='ltr' id='par_1_54' title="bbox 2195 1063 3781 1138">
     <span class='ocr_line' id='line_1_54' title="bbox 2195 1063 3781 1138; baseline 0 -22"><span class='ocrx_word' id='word_1_408' title='bbox 2195 1067 2326 1134; x_wconf 75' lang='grc' dir='ltr'>ἡμῖν</span> <span class='ocrx_word' id='word_1_409' title='bbox 2370 1065 2467 1136; x_wconf 82' lang='grc' dir='ltr'><strong>τὴν</strong></span> <span class='ocrx_word' id='word_1_410' title='bbox 2511 1065 2848 1138; x_wconf 75' lang='grc' dir='ltr'>παραϐολήν.</span> <span class='ocrx_word' id='word_1_411' title='bbox 2903 1086 2924 1119; x_wconf 68' lang='grc' dir='ltr'><strong>ι</strong></span> <span class='ocrx_word' id='word_1_412' title='bbox 2973 1066 3116 1136; x_wconf 63' lang='grc' dir='ltr'>Πρδς</span> <span class='ocrx_word' id='word_1_413' title='bbox 3147 1065 3177 1118; x_wconf 81' lang='grc' dir='ltr'><strong>ὃ</strong></span> <span class='ocrx_word' id='word_1_414' title='bbox 3214 1067 3244 1118; x_wconf 97' lang='lat'><strong>6</strong></span> <span class='ocrx_word' id='word_1_415' title='bbox 3281 1065 3473 1135; x_wconf 83' lang='grc' dir='ltr'>Σωτήρ</span> <span class='ocrx_word' id='word_1_416' title='bbox 3514 1079 3645 1134; x_wconf 74' lang='grc' dir='ltr'>φησι</span> <span class='ocrx_word' id='word_1_417' title='bbox 3682 1063 3781 1116; x_wconf 88' lang='grc' dir='ltr'><strong>τό·</strong></span> 
     </span>
    </p>
   </div>
   <div class='ocr_carea' id='block_1_55' title="bbox 2201 1152 3784 1228">
    <p class='ocr_par' dir='ltr' id='par_1_55' title="bbox 2201 1152 3784 1228">
     <span class='ocr_line' id='line_1_55' title="bbox 2201 1152 3784 1228; baseline 0 -22"><span class='ocrx_word' id='word_1_418' title='bbox 2201 1176 2219 1205; x_wconf 74' lang='grc' dir='ltr'><strong>ι</strong></span> <span class='ocrx_word' id='word_1_419' title='bbox 2273 1155 2482 1228; x_wconf 80' lang='grc' dir='ltr'><strong>Ἀκμὴν</strong></span> <span class='ocrx_word' id='word_1_420' title='bbox 2509 1158 2604 1210; x_wconf 73' lang='grc' dir='ltr'><strong>καὶ</strong></span> <span class='ocrx_word' id='word_1_421' title='bbox 2635 1159 2793 1228; x_wconf 81' lang='grc' dir='ltr'>ὑμεῖς</span> <span class='ocrx_word' id='word_1_422' title='bbox 2834 1157 3082 1212; x_wconf 75' lang='grc' dir='ltr'>ἀσύνετοί</span> <span class='ocrx_word' id='word_1_423' title='bbox 3116 1159 3260 1218; x_wconf 80' lang='grc' dir='ltr'>ἐστε,</span> <span class='ocrx_word' id='word_1_424' title='bbox 3301 1175 3319 1206; x_wconf 85' lang='grc'><strong>›</strong></span> <span class='ocrx_word' id='word_1_425' title='bbox 3350 1157 3512 1208; x_wconf 73' lang='grc' dir='ltr'>οἱονεὶ</span> <span class='ocrx_word' id='word_1_426' title='bbox 3541 1152 3784 1222; x_wconf 80' lang='grc' dir='ltr'>τοσούτῳ</span> 
     </span>
    </p>
   </div>
   <div class='ocr_carea' id='block_1_56' title="bbox 2200 1246 3782 1318">
    <p class='ocr_par' dir='ltr' id='par_1_56' title="bbox 2200 1246 3782 1318">
     <span class='ocr_line' id='line_1_56' title="bbox 2200 1246 3782 1318; baseline -0.001 -20"><span class='ocrx_word' id='word_1_427' title='bbox 2200 1263 2289 1316; x_wconf 89' lang='grc' dir='ltr'><strong>μοι</strong></span> <span class='ocrx_word' id='word_1_428' title='bbox 2340 1249 2591 1312; x_wconf 78' lang='grc' dir='ltr'><strong>συνόντες</strong></span> <span class='ocrx_word' id='word_1_429' title='bbox 2623 1251 2800 1318; x_wconf 83' lang='grc' dir='ltr'>χρόνῳ</span> <span class='ocrx_word' id='word_1_430' title='bbox 2845 1249 2922 1302; x_wconf 76' lang='grc' dir='ltr'>ἔτι</span> <span class='ocrx_word' id='word_1_431' title='bbox 2965 1250 3028 1301; x_wconf 82' lang='grc' dir='ltr'>οὐ</span> <span class='ocrx_word' id='word_1_432' title='bbox 3063 1249 3267 1301; x_wconf 80' lang='grc' dir='ltr'>συνίετε</span> <span class='ocrx_word' id='word_1_433' title='bbox 3311 1246 3404 1300; x_wconf 86' lang='grc' dir='ltr'><strong>τοῦ</strong></span> <span class='ocrx_word' id='word_1_434' title='bbox 3445 1246 3782 1316; x_wconf 74' lang='grc' dir='ltr'><strong>βουλήματος</strong></span> 
     </span>
    </p>
   </div>
   <div class='ocr_carea' id='block_1_57' title="bbox 2194 1336 3778 1409">
    <p class='ocr_par' dir='ltr' id='par_1_57' title="bbox 2194 1336 3778 1409">
     <span class='ocr_line' id='line_1_57' title="bbox 2194 1336 3778 1409; baseline 0 -19"><span class='ocrx_word' id='word_1_435' title='bbox 2194 1337 2302 1390; x_wconf 84' lang='grc' dir='ltr'>τῶν</span> <span class='ocrx_word' id='word_1_436' title='bbox 2335 1337 2663 1409; x_wconf 80' lang='grc' dir='ltr'>λεγομένων,</span> <span class='ocrx_word' id='word_1_437' title='bbox 2707 1336 2802 1393; x_wconf 72' lang='grc' dir='ltr'><strong>καὶ</strong></span> <span class='ocrx_word' id='word_1_438' title='bbox 2835 1339 2914 1392; x_wconf 76' lang='grc' dir='ltr'><strong>ἔτι</strong></span> <span class='ocrx_word' id='word_1_439' title='bbox 2949 1339 3011 1392; x_wconf 81' lang='grc' dir='ltr'><strong>οὐ</strong></span> <span class='ocrx_word' id='word_1_440' title='bbox 3050 1342 3242 1401; x_wconf 81' lang='grc' dir='ltr'>νοείτε,</span> <span class='ocrx_word' id='word_1_441' title='bbox 3273 1339 3355 1390; x_wconf 83' lang='grc' dir='ltr'><strong>ὅτι</strong></span> <span class='ocrx_word' id='word_1_442' title='bbox 3394 1336 3482 1390; x_wconf 78' lang='grc' dir='ltr'>διὰ</span> <span class='ocrx_word' id='word_1_443' title='bbox 3521 1336 3680 1389; x_wconf 76' lang='grc' dir='ltr'>τοῦτο</span> <span class='ocrx_word' id='word_1_444' title='bbox 3717 1337 3778 1390; x_wconf 78' lang='grc' dir='ltr'><strong>σύ</strong></span> 
     </span>
    </p>
   </div>
   <div class='ocr_carea' id='block_1_58' title="bbox 2196 1428 3778 1502">
    <p class='ocr_par' dir='ltr' id='par_1_58' title="bbox 2196 1428 3778 1502">
     <span class='ocr_line' id='line_1_58' title="bbox 2196 1428 3778 1502; baseline -0.003 -18"><span class='ocrx_word' id='word_1_445' title='bbox 2196 1433 2366 1484; x_wconf 82' lang='grc' dir='ltr'>κοινοῖ</span> <span class='ocrx_word' id='word_1_446' title='bbox 2395 1432 2486 1483; x_wconf 80' lang='grc' dir='ltr'><strong>τὸν</strong></span> <span class='ocrx_word' id='word_1_447' title='bbox 2523 1430 2828 1502; x_wconf 81' lang='grc' dir='ltr'>ἄνθρωπον,</span> <span class='ocrx_word' id='word_1_448' title='bbox 2859 1431 2980 1483; x_wconf 74' lang='grc' dir='ltr'>ἐπεὶ</span> <span class='ocrx_word' id='word_1_449' title='bbox 3007 1431 3066 1484; x_wconf 82' lang='grc' dir='ltr'><strong>τὸ</strong></span> <span class='ocrx_word' id='word_1_450' title='bbox 3093 1429 3472 1501; x_wconf 76' lang='grc' dir='ltr'>εἰσερχόμενον</span> <span class='ocrx_word' id='word_1_451' title='bbox 3503 1428 3666 1481; x_wconf 80' lang='grc' dir='ltr'>αὑτοῦ</span> <span class='ocrx_word' id='word_1_452' title='bbox 3700 1429 3778 1492; x_wconf 83' lang='grc' dir='ltr'><strong>είς</strong></span> 
     </span>
    </p>
   </div>
   <div class='ocr_carea' id='block_1_59' title="bbox 2195 1520 3775 1595">
    <p class='ocr_par' dir='ltr' id='par_1_59' title="bbox 2195 1520 3775 1595">
     <span class='ocr_line' id='line_1_59' title="bbox 2195 1520 3775 1595; baseline -0.003 -19"><span class='ocrx_word' id='word_1_453' title='bbox 2195 1523 2258 1576; x_wconf 80' lang='grc' dir='ltr'>τὸ</span> <span class='ocrx_word' id='word_1_454' title='bbox 2288 1524 2461 1595; x_wconf 87' lang='grc' dir='ltr'>στόμα</span> <span class='ocrx_word' id='word_1_455' title='bbox 2501 1527 2581 1589; x_wconf 82' lang='grc' dir='ltr'><strong>είς</strong></span> <span class='ocrx_word' id='word_1_456' title='bbox 2609 1524 2707 1595; x_wconf 75' lang='grc' dir='ltr'><strong>τὴν</strong></span> <span class='ocrx_word' id='word_1_457' title='bbox 2738 1525 2946 1577; x_wconf 82' lang='grc' dir='ltr'>κοιλίαν</span> <span class='ocrx_word' id='word_1_458' title='bbox 2977 1526 3165 1594; x_wconf 85' lang='grc' dir='ltr'>χωρεῖ,</span> <span class='ocrx_word' id='word_1_459' title='bbox 3197 1523 3289 1574; x_wconf 73' lang='grc' dir='ltr'><strong>καὶ</strong></span> <span class='ocrx_word' id='word_1_460' title='bbox 3324 1520 3643 1592; x_wconf 72' lang='grc' dir='ltr'>προχωροῦν</span> <span class='ocrx_word' id='word_1_461' title='bbox 3684 1522 3775 1573; x_wconf 74' lang='grc' dir='ltr'><strong>ἀπ’</strong></span> 
     </span>
    </p>
   </div>
   <div class='ocr_carea' id='block_1_60' title="bbox 2197 1606 3777 1689">
    <p class='ocr_par' dir='ltr' id='par_1_60' title="bbox 2197 1606 3777 1689">
     <span class='ocr_line' id='line_1_60' title="bbox 2197 1606 3777 1689; baseline -0.003 -19"><span class='ocrx_word' id='word_1_462' title='bbox 2197 1617 2367 1688; x_wconf 77' lang='grc' dir='ltr'>αὐτῆς</span> <span class='ocrx_word' id='word_1_463' title='bbox 2397 1621 2476 1681; x_wconf 82' lang='grc' dir='ltr'><strong>εἰς</strong></span> <span class='ocrx_word' id='word_1_464' title='bbox 2508 1616 2791 1689; x_wconf 73' lang='grc' dir='ltr'>ἀφεδρῶνα</span> <span class='ocrx_word' id='word_1_465' title='bbox 2823 1617 3092 1688; x_wconf 78' lang='grc' dir='ltr'><strong>βάλλεται.</strong></span> <span class='ocrx_word' id='word_1_466' title='bbox 3132 1617 3206 1668; x_wconf 78' lang='grc' dir='ltr'><strong>Οὐ</strong></span> <span class='ocrx_word' id='word_1_467' title='bbox 3237 1615 3388 1686; x_wconf 79' lang='grc' dir='ltr'>παρᾶ</span> <span class='ocrx_word' id='word_1_468' title='bbox 3421 1615 3510 1667; x_wconf 87' lang='grc' dir='ltr'><strong>τὸν</strong></span> <span class='ocrx_word' id='word_1_469' title='bbox 3535 1615 3696 1684; x_wconf 86' lang='grc' dir='ltr'>νόμον</span> <span class='ocrx_word' id='word_1_470' title='bbox 3735 1606 3777 1680; x_wconf 85' lang='grc' dir='ltr'><strong>ᾧ</strong></span> 
     </span>
    </p>
   </div>
   <div class='ocr_carea' id='block_1_61' title="bbox 2199 1703 3778 1778">
    <p class='ocr_par' dir='ltr' id='par_1_61' title="bbox 2199 1703 3778 1778">
     <span class='ocr_line' id='line_1_61' title="bbox 2199 1703 3778 1778; baseline -0.004 -15"><span class='ocrx_word' id='word_1_471' title='bbox 2199 1708 2475 1764; x_wconf 79' lang='grc' dir='ltr'>πιστεύειν</span> <span class='ocrx_word' id='word_1_472' title='bbox 2505 1709 2742 1773; x_wconf 80' lang='grc' dir='ltr'>ἐδόκουν,</span> <span class='ocrx_word' id='word_1_473' title='bbox 2768 1709 2868 1761; x_wconf 77' lang='grc' dir='ltr'><strong>οὐκ</strong></span> <span class='ocrx_word' id='word_1_474' title='bbox 2899 1703 3039 1778; x_wconf 78' lang='grc' dir='ltr'>ἦσαν</span> <span class='ocrx_word' id='word_1_475' title='bbox 3067 1707 3260 1774; x_wconf 82' lang='grc' dir='ltr'>φυτεία</span> <span class='ocrx_word' id='word_1_476' title='bbox 3294 1704 3388 1759; x_wconf 90' lang='grc' dir='ltr'><strong>τοῦ</strong></span> <span class='ocrx_word' id='word_1_477' title='bbox 3420 1704 3633 1776; x_wconf 68' lang='grc' dir='ltr'>Πατρός</span> <span class='ocrx_word' id='word_1_478' title='bbox 3675 1707 3778 1775; x_wconf 69' lang='lat'><strong>&#39;11;—</strong></span> 
     </span>
    </p>
   </div>
   <div class='ocr_carea' id='block_1_62' title="bbox 2201 1797 3780 1874">
    <p class='ocr_par' dir='ltr' id='par_1_62' title="bbox 2201 1797 3780 1874">
     <span class='ocr_line' id='line_1_62' title="bbox 2201 1797 3780 1874; baseline -0.001 -22"><span class='ocrx_word' id='word_1_479' title='bbox 2201 1800 2299 1854; x_wconf 86' lang='grc' dir='ltr'>σοῦ’</span> <span class='ocrx_word' id='word_1_480' title='bbox 2334 1802 2640 1871; x_wconf 81' lang='grc' dir='ltr'>Φαρισαῖοι,</span> <span class='ocrx_word' id='word_1_481' title='bbox 2688 1799 2832 1874; x_wconf 27' lang='grc' dir='ltr'>ἀλλὰ,</span> <span class='ocrx_word' id='word_1_482' title='bbox 2857 1798 3007 1870; x_wconf 83' lang='grc' dir='ltr'><strong>παρὰ</strong></span> <span class='ocrx_word' id='word_1_483' title='bbox 3039 1799 3137 1868; x_wconf 85' lang='grc' dir='ltr'>τὴν</span> <span class='ocrx_word' id='word_1_484' title='bbox 3191 1797 3469 1868; x_wconf 69' lang='grc' dir='ltr'>μοχθηρὰν</span> <span class='ocrx_word' id='word_1_485' title='bbox 3517 1799 3644 1868; x_wconf 73' lang='grc' dir='ltr'>περὶ</span> <span class='ocrx_word' id='word_1_486' title='bbox 3685 1797 3780 1851; x_wconf 84' lang='grc' dir='ltr'><strong>τοῦ</strong></span> 
     </span>
    </p>
   </div>
   <div class='ocr_carea' id='block_1_63' title="bbox 2127 1877 3782 1972">
    <p class='ocr_par' dir='ltr' id='par_1_63' title="bbox 2127 1877 3782 1972">
     <span class='ocr_line' id='line_1_63' title="bbox 2127 1877 3782 1972; baseline 0 -26"><span class='ocrx_word' id='word_1_487' title='bbox 2127 1877 2170 1932; x_wconf 74' lang='grc' dir='ltr'><strong>Β</strong></span> <span class='ocrx_word' id='word_1_488' title='bbox 2199 1894 2386 1964; x_wconf 79' lang='grc' dir='ltr'>νόμου,</span> <span class='ocrx_word' id='word_1_489' title='bbox 2418 1894 2656 1972; x_wconf 74' lang='grc' dir='ltr'>καὶτῶν</span> <span class='ocrx_word' id='word_1_490' title='bbox 2694 1895 2752 1946; x_wconf 85' lang='grc' dir='ltr'>ὲν</span> <span class='ocrx_word' id='word_1_491' title='bbox 2781 1892 2928 1962; x_wconf 82' lang='grc' dir='ltr'><strong>αύτῴ</strong></span> <span class='ocrx_word' id='word_1_492' title='bbox 2966 1891 3366 1963; x_wconf 76' lang='grc' dir='ltr'>γεγραμμένων</span> <span class='ocrx_word' id='word_1_493' title='bbox 3398 1891 3644 1962; x_wconf 66' lang='grc' dir='ltr'>ἐκδοχὴν.</span> <span class='ocrx_word' id='word_1_494' title='bbox 3678 1890 3782 1946; x_wconf 85' lang='grc' dir='ltr'>Δύο</span> 
     </span>
    </p>
   </div>
   <div class='ocr_carea' id='block_1_64' title="bbox 2198 1979 3780 2064">
    <p class='ocr_par' dir='ltr' id='par_1_64' title="bbox 2198 1979 3780 2064">
     <span class='ocr_line' id='line_1_64' title="bbox 2198 1979 3780 2064; baseline -0.003 -25"><span class='ocrx_word' id='word_1_495' title='bbox 2198 1986 2306 2059; x_wconf 77' lang='grc' dir='ltr'>γὰρ</span> <span class='ocrx_word' id='word_1_496' title='bbox 2335 1985 2637 2056; x_wconf 79' lang='grc' dir='ltr'>νοουμένων</span> <span class='ocrx_word' id='word_1_497' title='bbox 2663 1983 2804 2037; x_wconf 73' lang='grc' dir='ltr'>κατὰ</span> <span class='ocrx_word' id='word_1_498' title='bbox 2829 1982 2922 2036; x_wconf 80' lang='grc' dir='ltr'><strong>τὸν</strong></span> <span class='ocrx_word' id='word_1_499' title='bbox 2952 1983 3133 2052; x_wconf 82' lang='grc' dir='ltr'>νόμον,</span> <span class='ocrx_word' id='word_1_500' title='bbox 3165 1979 3436 2064; x_wconf 73' lang='grc' dir='ltr'>διακονίας</span> <span class='ocrx_word' id='word_1_501' title='bbox 3460 1998 3519 2032; x_wconf 88' lang='grc' dir='ltr'>τε</span> <span class='ocrx_word' id='word_1_502' title='bbox 3551 1981 3780 2035; x_wconf 79' lang='grc' dir='ltr'>θανάτου</span> 
     </span>
    </p>
   </div>
   <div class='ocr_carea' id='block_1_65' title="bbox 2196 2073 3782 2150">
    <p class='ocr_par' dir='ltr' id='par_1_65' title="bbox 2196 2073 3782 2150">
     <span class='ocr_line' id='line_1_65' title="bbox 2196 2073 3782 2150; baseline -0.003 -20"><span class='ocrx_word' id='word_1_503' title='bbox 2196 2079 2295 2150; x_wconf 81' lang='grc' dir='ltr'>τῆς</span> <span class='ocrx_word' id='word_1_504' title='bbox 2319 2076 2765 2148; x_wconf 77' lang='grc' dir='ltr'>ὲντετυπωμένης</span> <span class='ocrx_word' id='word_1_505' title='bbox 2786 2076 3095 2147; x_wconf 82' lang='grc' dir='ltr'>γράμμασι,</span> <span class='ocrx_word' id='word_1_506' title='bbox 3123 2075 3214 2128; x_wconf 73' lang='grc' dir='ltr'><strong>καὶ</strong></span> <span class='ocrx_word' id='word_1_507' title='bbox 3231 2073 3380 2126; x_wconf 78' lang='grc' dir='ltr'>οὐδὲν</span> <span class='ocrx_word' id='word_1_508' title='bbox 3407 2075 3603 2127; x_wconf 76' lang='grc' dir='ltr'>οἰκεῖον</span> <span class='ocrx_word' id='word_1_509' title='bbox 3629 2073 3782 2144; x_wconf 79' lang='grc' dir='ltr'>ἐχού-</span> 
     </span>
    </p>
   </div>
   <div class='ocr_carea' id='block_1_66' title="bbox 2200 2165 3783 2242">
    <p class='ocr_par' dir='ltr' id='par_1_66' title="bbox 2200 2165 3783 2242">
     <span class='ocr_line' id='line_1_66' title="bbox 2200 2165 3783 2242; baseline -0.004 -18"><span class='ocrx_word' id='word_1_510' title='bbox 2200 2187 2299 2242; x_wconf 78' lang='grc' dir='ltr'>σης</span> <span class='ocrx_word' id='word_1_511' title='bbox 2322 2171 2456 2242; x_wconf 83' lang='grc' dir='ltr'>πρὸς</span> <span class='ocrx_word' id='word_1_512' title='bbox 2482 2169 2543 2223; x_wconf 81' lang='grc' dir='ltr'>τὸ</span> <span class='ocrx_word' id='word_1_513' title='bbox 2570 2167 2805 2240; x_wconf 72' lang='grc' dir='ltr'>πνεῦμα,</span> <span class='ocrx_word' id='word_1_514' title='bbox 2831 2171 2924 2222; x_wconf 74' lang='grc' dir='ltr'><strong>καὶ</strong></span> <span class='ocrx_word' id='word_1_515' title='bbox 2946 2169 3221 2230; x_wconf 84' lang='grc' dir='ltr'>διακονίας</span> <span class='ocrx_word' id='word_1_516' title='bbox 3253 2167 3397 2237; x_wconf 75' lang='grc' dir='ltr'>ζωῆς</span> <span class='ocrx_word' id='word_1_517' title='bbox 3422 2166 3522 2236; x_wconf 77' lang='grc' dir='ltr'>τῆς</span> <span class='ocrx_word' id='word_1_518' title='bbox 3557 2165 3783 2236; x_wconf 83' lang='grc' dir='ltr'>νοουμέ-</span> 
     </span>
    </p>
   </div>
   <div class='ocr_carea' id='block_1_67' title="bbox 2199 2257 3783 2336">
    <p class='ocr_par' dir='ltr' id='par_1_67' title="bbox 2199 2257 3783 2336">
     <span class='ocr_line' id='line_1_67' title="bbox 2199 2257 3783 2336; baseline -0.004 -18"><span class='ocrx_word' id='word_1_519' title='bbox 2199 2282 2295 2336; x_wconf 77' lang='grc' dir='ltr'>νης</span> <span class='ocrx_word' id='word_1_520' title='bbox 2324 2265 2380 2317; x_wconf 79' lang='grc' dir='ltr'>ἐν</span> <span class='ocrx_word' id='word_1_521' title='bbox 2413 2261 2491 2332; x_wconf 81' lang='grc' dir='ltr'>τῷ</span> <span class='ocrx_word' id='word_1_522' title='bbox 2522 2260 2874 2334; x_wconf 77' lang='grc' dir='ltr'>πνευματικῷ</span> <span class='ocrx_word' id='word_1_523' title='bbox 2908 2263 3084 2332; x_wconf 83' lang='grc' dir='ltr'>νόμῳ,</span> <span class='ocrx_word' id='word_1_524' title='bbox 3126 2261 3178 2313; x_wconf 83' lang='grc' dir='ltr'>οἱ</span> <span class='ocrx_word' id='word_1_525' title='bbox 3227 2259 3323 2330; x_wconf 78' lang='grc' dir='ltr'>μὲν</span> <span class='ocrx_word' id='word_1_526' title='bbox 3356 2258 3640 2328; x_wconf 83' lang='grc' dir='ltr'>δυνάμενοι</span> <span class='ocrx_word' id='word_1_527' title='bbox 3675 2257 3783 2312; x_wconf 85' lang='grc' dir='ltr'><strong>ἀπὸ</strong></span> 
     </span>
    </p>
   </div>
   <div class='ocr_carea' id='block_1_68' title="bbox 2197 2349 3782 2424">
    <p class='ocr_par' dir='ltr' id='par_1_68' title="bbox 2197 2349 3782 2424">
     <span class='ocr_line' id='line_1_68' title="bbox 2197 2349 3782 2424; baseline -0.003 -18"><span class='ocrx_word' id='word_1_528' title='bbox 2197 2353 2486 2416; x_wconf 68' lang='grc' dir='ltr'>διαθέσεως</span> <span class='ocrx_word' id='word_1_529' title='bbox 2512 2351 2882 2424; x_wconf 76' lang='grc' dir='ltr'>ἀληθευούσης</span> <span class='ocrx_word' id='word_1_530' title='bbox 2911 2351 3092 2420; x_wconf 79' lang='grc' dir='ltr'>λέγειν</span> <span class='ocrx_word' id='word_1_531' title='bbox 3115 2351 3176 2404; x_wconf 90' lang='grc' dir='ltr'><strong>τό</strong></span> <span class='ocrx_word' id='word_1_532' title='bbox 3195 2369 3208 2380; x_wconf 91' lang='grc'>·</span> <span class='ocrx_word' id='word_1_533' title='bbox 3239 2371 3257 2402; x_wconf 73' lang='grc' dir='ltr'><strong>ι</strong></span> <span class='ocrx_word' id='word_1_534' title='bbox 3289 2349 3522 2419; x_wconf 74' lang='grc' dir='ltr'>Οἴδαμεν</span> <span class='ocrx_word' id='word_1_535' title='bbox 3543 2349 3672 2421; x_wconf 74' lang='grc' dir='ltr'>γὰρ,</span> <span class='ocrx_word' id='word_1_536' title='bbox 3699 2349 3782 2402; x_wconf 79' lang='grc' dir='ltr'><strong>ὅτι</strong></span> 
     </span>
    </p>
   </div>
   <div class='ocr_carea' id='block_1_69' title="bbox 2198 2440 3782 2516">
    <p class='ocr_par' dir='ltr' id='par_1_69' title="bbox 2198 2440 3782 2516">
     <span class='ocr_line' id='line_1_69' title="bbox 2198 2440 3782 2516; baseline -0.004 -18"><span class='ocrx_word' id='word_1_537' title='bbox 2198 2447 2227 2498; x_wconf 90' lang='grc' dir='ltr'><strong>ὁ</strong></span> <span class='ocrx_word' id='word_1_538' title='bbox 2278 2446 2440 2516; x_wconf 84' lang='grc' dir='ltr'>νόμος</span> <span class='ocrx_word' id='word_1_539' title='bbox 2489 2445 2853 2514; x_wconf 80' lang='grc' dir='ltr'>πνευματικός</span> <span class='ocrx_word' id='word_1_540' title='bbox 2897 2445 3036 2507; x_wconf 83' lang='grc' dir='ltr'>ἐστι,</span> <span class='ocrx_word' id='word_1_541' title='bbox 3072 2443 3166 2496; x_wconf 71' lang='grc' dir='ltr'><strong>καὶ</strong></span> <span class='ocrx_word' id='word_1_542' title='bbox 3209 2442 3294 2494; x_wconf 77' lang='grc' dir='ltr'><strong>διὰ</strong></span> <span class='ocrx_word' id='word_1_543' title='bbox 3341 2440 3497 2495; x_wconf 85' lang='grc' dir='ltr'>τοῦτο</span> <span class='ocrx_word' id='word_1_544' title='bbox 3542 2443 3570 2494; x_wconf 91' lang='lat'><strong>6</strong></span> <span class='ocrx_word' id='word_1_545' title='bbox 3617 2441 3782 2509; x_wconf 80' lang='grc' dir='ltr'>νόμος</span> 
     </span>
    </p>
   </div>
   <div class='ocr_carea' id='block_1_70' title="bbox 2200 2532 3779 2607">
    <p class='ocr_par' dir='ltr' id='par_1_70' title="bbox 2200 2532 3779 2607">
     <span class='ocr_line' id='line_1_70' title="bbox 2200 2532 3779 2607; baseline -0.003 -18"><span class='ocrx_word' id='word_1_546' title='bbox 2200 2537 2373 2605; x_wconf 74' lang='grc' dir='ltr'>ἅγιος,</span> <span class='ocrx_word' id='word_1_547' title='bbox 2410 2538 2503 2589; x_wconf 69' lang='grc' dir='ltr'><strong>καὶ</strong></span> <span class='ocrx_word' id='word_1_548' title='bbox 2541 2539 2575 2607; x_wconf 79' lang='grc' dir='ltr'>ἡ</span> <span class='ocrx_word' id='word_1_549' title='bbox 2609 2535 2796 2606; x_wconf 75' lang='grc' dir='ltr'>ἐντολὴ</span> <span class='ocrx_word' id='word_1_550' title='bbox 2829 2537 2979 2604; x_wconf 81' lang='grc' dir='ltr'>ἁγία,</span> <span class='ocrx_word' id='word_1_551' title='bbox 3017 2536 3109 2588; x_wconf 71' lang='grc' dir='ltr'><strong>καὶ</strong></span> <span class='ocrx_word' id='word_1_552' title='bbox 3139 2535 3345 2594; x_wconf 85' lang='grc' dir='ltr'>δικαία,</span> <span class='ocrx_word' id='word_1_553' title='bbox 3383 2533 3478 2586; x_wconf 70' lang='grc' dir='ltr'><strong>καί</strong></span> <span class='ocrx_word' id='word_1_554' title='bbox 3521 2532 3717 2604; x_wconf 74' lang='grc' dir='ltr'>ἀγαθὴ,</span> <span class='ocrx_word' id='word_1_555' title='bbox 3758 2553 3779 2584; x_wconf 74' lang='grc' dir='ltr'><strong>ι</strong></span> 
     </span>
    </p>
   </div>
   <div class='ocr_carea' id='block_1_71' title="bbox 2198 2615 3776 2696">
    <p class='ocr_par' dir='ltr' id='par_1_71' title="bbox 2198 2615 3776 2696">
     <span class='ocr_line' id='line_1_71' title="bbox 2198 2615 3776 2696; baseline -0.001 -20"><span class='ocrx_word' id='word_1_556' title='bbox 2198 2617 2344 2677; x_wconf 66' lang='grc' dir='ltr'>οὗτοι</span> <span class='ocrx_word' id='word_1_557' title='bbox 2374 2621 2515 2696; x_wconf 75' lang='grc' dir='ltr'>ἦσαν</span> <span class='ocrx_word' id='word_1_558' title='bbox 2544 2624 2734 2694; x_wconf 77' lang='grc' dir='ltr'>φυτεία</span> <span class='ocrx_word' id='word_1_559' title='bbox 2770 2626 2838 2696; x_wconf 86' lang='grc' dir='ltr'>ἣν</span> <span class='ocrx_word' id='word_1_560' title='bbox 2883 2624 3176 2694; x_wconf 80' lang='grc' dir='ltr'>ἐφύτευσεν</span> <span class='ocrx_word' id='word_1_561' title='bbox 3205 2627 3232 2678; x_wconf 91' lang='lat'><strong>6</strong></span> <span class='ocrx_word' id='word_1_562' title='bbox 3263 2623 3514 2695; x_wconf 73' lang='grc' dir='ltr'>οὐράνιος</span> <span class='ocrx_word' id='word_1_563' title='bbox 3555 2615 3776 2694; x_wconf 74' lang='grc' dir='ltr'>Πατήρ·</span> 
     </span>
    </p>
   </div>
   <div class='ocr_carea' id='block_1_72' title="bbox 2197 2714 3783 2786">
    <p class='ocr_par' dir='ltr' id='par_1_72' title="bbox 2197 2714 3783 2786">
     <span class='ocr_line' id='line_1_72' title="bbox 2197 2714 3783 2786; baseline -0.001 -21"><span class='ocrx_word' id='word_1_564' title='bbox 2197 2714 2247 2765; x_wconf 89' lang='grc' dir='ltr'><strong>οί</strong></span> <span class='ocrx_word' id='word_1_565' title='bbox 2285 2714 2341 2767; x_wconf 84' lang='grc' dir='ltr'><strong>δὲ</strong></span> <span class='ocrx_word' id='word_1_566' title='bbox 2379 2714 2453 2786; x_wconf 82' lang='grc' dir='ltr'>μὴ</span> <span class='ocrx_word' id='word_1_567' title='bbox 2499 2714 2748 2778; x_wconf 88' lang='grc' dir='ltr'>τοιοῦτοι,</span> <span class='ocrx_word' id='word_1_568' title='bbox 2806 2715 2939 2766; x_wconf 85' lang='grc' dir='ltr'>ἀλλὰ</span> <span class='ocrx_word' id='word_1_569' title='bbox 2967 2715 3026 2767; x_wconf 75' lang='grc' dir='ltr'>τὸ</span> <span class='ocrx_word' id='word_1_570' title='bbox 3059 2715 3377 2768; x_wconf 82' lang='grc' dir='ltr'>ἀποκτεῖνον</span> <span class='ocrx_word' id='word_1_571' title='bbox 3413 2715 3646 2784; x_wconf 81' lang='grc' dir='ltr'>γράμμα</span> <span class='ocrx_word' id='word_1_572' title='bbox 3682 2721 3783 2766; x_wconf 85' lang='grc' dir='ltr'>πε-</span> 
     </span>
    </p>
   </div>
   <div class='ocr_carea' id='block_1_73' title="bbox 2205 2803 3782 2878">
    <p class='ocr_par' dir='ltr' id='par_1_73' title="bbox 2205 2803 3782 2878">
     <span class='ocr_line' id='line_1_73' title="bbox 2205 2803 3782 2878; baseline -0.001 -19"><span class='ocrx_word' id='word_1_573' title='bbox 2205 2805 2482 2878; x_wconf 74' lang='grc' dir='ltr'>ριέποντες</span> <span class='ocrx_word' id='word_1_574' title='bbox 2532 2808 2722 2878; x_wconf 88' lang='grc' dir='ltr'>μόνον,</span> <span class='ocrx_word' id='word_1_575' title='bbox 2755 2807 2854 2860; x_wconf 76' lang='grc' dir='ltr'><strong>οὐκ</strong></span> <span class='ocrx_word' id='word_1_576' title='bbox 2884 2803 3023 2876; x_wconf 80' lang='grc' dir='ltr'>ἦσαν</span> <span class='ocrx_word' id='word_1_577' title='bbox 3068 2807 3264 2876; x_wconf 79' lang='grc' dir='ltr'>φυτεία</span> <span class='ocrx_word' id='word_1_578' title='bbox 3314 2805 3406 2858; x_wconf 85' lang='grc' dir='ltr'><strong>τοῦ</strong></span> <span class='ocrx_word' id='word_1_579' title='bbox 3446 2805 3602 2869; x_wconf 86' lang='grc' dir='ltr'>Θεοῦ,</span> <span class='ocrx_word' id='word_1_580' title='bbox 3646 2804 3782 2858; x_wconf 59' lang='grc' dir='ltr'>ἀλλὰ</span> 
     </span>
    </p>
   </div>
   <div class='ocr_carea' id='block_1_74' title="bbox 2199 2895 3784 2968">
    <p class='ocr_par' dir='ltr' id='par_1_74' title="bbox 2199 2895 3784 2968">
     <span class='ocr_line' id='line_1_74' title="bbox 2199 2895 3784 2968; baseline 0.001 -20"><span class='ocrx_word' id='word_1_581' title='bbox 2199 2895 2294 2948; x_wconf 85' lang='grc' dir='ltr'><strong>τοῦ</strong></span> <span class='ocrx_word' id='word_1_582' title='bbox 2343 2896 2705 2967; x_wconf 81' lang='grc' dir='ltr'>πωρὼσαντος</span> <span class='ocrx_word' id='word_1_583' title='bbox 2745 2895 2926 2950; x_wconf 81' lang='grc' dir='ltr'>αὐτῶν</span> <span class='ocrx_word' id='word_1_584' title='bbox 2967 2897 3066 2968; x_wconf 72' lang='grc' dir='ltr'>τὴν</span> <span class='ocrx_word' id='word_1_585' title='bbox 3100 2897 3345 2968; x_wconf 80' lang='grc' dir='ltr'>καρδίαν,</span> <span class='ocrx_word' id='word_1_586' title='bbox 3385 2897 3477 2949; x_wconf 74' lang='grc' dir='ltr'><strong>καὶ</strong></span> <span class='ocrx_word' id='word_1_587' title='bbox 3517 2896 3784 2966; x_wconf 63' lang='grc' dir='ltr'>κάλυμμα</span> 
     </span>
    </p>
   </div>
   <div class='ocr_carea' id='block_1_75' title="bbox 2203 2985 3780 3058">
    <p class='ocr_par' dir='ltr' id='par_1_75' title="bbox 2203 2985 3780 3058">
     <span class='ocr_line' id='line_1_75' title="bbox 2203 2985 3780 3058; baseline 0.002 -21"><span class='ocrx_word' id='word_1_588' title='bbox 2203 2985 2478 3050; x_wconf 71' lang='grc' dir='ltr'>ἐπιθέντος</span> <span class='ocrx_word' id='word_1_589' title='bbox 2501 2988 2658 3058; x_wconf 80' lang='grc' dir='ltr'>αὐτῇ,</span> <span class='ocrx_word' id='word_1_590' title='bbox 2690 2989 2870 3058; x_wconf 78' lang='grc' dir='ltr'>ἰσχύον</span> <span class='ocrx_word' id='word_1_591' title='bbox 2893 2989 2949 3040; x_wconf 72' lang='grc' dir='ltr'><strong>ἐν</strong></span> <span class='ocrx_word' id='word_1_592' title='bbox 2982 2988 3210 3049; x_wconf 75' lang='grc' dir='ltr'>ἐκείνοις</span> <span class='ocrx_word' id='word_1_593' title='bbox 3235 2989 3354 3040; x_wconf 84' lang='grc' dir='ltr'>ὅσον</span> <span class='ocrx_word' id='word_1_594' title='bbox 3388 2987 3486 3038; x_wconf 84' lang='grc' dir='ltr'><strong>οὐκ</strong></span> <span class='ocrx_word' id='word_1_595' title='bbox 3516 2985 3750 3058; x_wconf 80' lang='grc' dir='ltr'>ἐπέστρε</span> <span class='ocrx_word' id='word_1_596' title='bbox 3768 3019 3780 3028; x_wconf 76' lang='grc' dir='ltr'><strong><em>ο</em></strong></span> 
     </span>
    </p>
   </div>
   <div class='ocr_carea' id='block_1_76' title="bbox 2205 3078 3772 3151">
    <p class='ocr_par' dir='ltr' id='par_1_76' title="bbox 2205 3078 3772 3151">
     <span class='ocr_line' id='line_1_76' title="bbox 2205 3078 3772 3151; baseline 0.001 -21"><span class='ocrx_word' id='word_1_597' title='bbox 2205 3095 2302 3147; x_wconf 79' lang='grc' dir='ltr'><strong>φον</strong></span> <span class='ocrx_word' id='word_1_598' title='bbox 2337 3078 2471 3151; x_wconf 67' lang='grc' dir='ltr'>πρός</span> <span class='ocrx_word' id='word_1_599' title='bbox 2511 3080 2601 3132; x_wconf 77' lang='grc' dir='ltr'><strong>τὸν</strong></span> <span class='ocrx_word' id='word_1_600' title='bbox 2649 3079 2884 3150; x_wconf 66' lang='grc' dir='ltr'>Κύριον*</span> <span class='ocrx_word' id='word_1_601' title='bbox 2936 3101 2954 3131; x_wconf 83' lang='grc'><strong>‹</strong></span> <span class='ocrx_word' id='word_1_602' title='bbox 3022 3079 3146 3133; x_wconf 68' lang='grc' dir='ltr'><strong>Ἐὰν</strong></span> <span class='ocrx_word' id='word_1_603' title='bbox 3189 3080 3294 3150; x_wconf 70' lang='grc' dir='ltr'>γάρ</span> <span class='ocrx_word' id='word_1_604' title='bbox 3341 3095 3424 3142; x_wconf 85' lang='grc' dir='ltr'><strong>τις</strong></span> <span class='ocrx_word' id='word_1_605' title='bbox 3468 3079 3772 3151; x_wconf 57' lang='grc' dir='ltr'>ἐπιστρέψῃ</span> 
     </span>
    </p>
   </div>
   <div class='ocr_carea' id='block_1_77' title="bbox 2204 3171 3780 3244">
    <p class='ocr_par' dir='ltr' id='par_1_77' title="bbox 2204 3171 3780 3244">
     <span class='ocr_line' id='line_1_77' title="bbox 2204 3171 3780 3244; baseline 0.003 -21"><span class='ocrx_word' id='word_1_606' title='bbox 2204 3171 2340 3240; x_wconf 72' lang='grc' dir='ltr'>πρὸς</span> <span class='ocrx_word' id='word_1_607' title='bbox 2380 3172 2475 3224; x_wconf 78' lang='grc' dir='ltr'><strong>τὸν</strong></span> <span class='ocrx_word' id='word_1_608' title='bbox 2518 3171 2742 3242; x_wconf 79' lang='grc' dir='ltr'>Κύριον,</span> <span class='ocrx_word' id='word_1_609' title='bbox 2786 3176 3149 3244; x_wconf 75' lang='grc' dir='ltr'>περιαιρεῖται</span> <span class='ocrx_word' id='word_1_610' title='bbox 3197 3171 3258 3225; x_wconf 77' lang='grc' dir='ltr'>τὸ</span> <span class='ocrx_word' id='word_1_611' title='bbox 3304 3171 3596 3242; x_wconf 75' lang='grc' dir='ltr'>κάλυμμαο</span> <span class='ocrx_word' id='word_1_612' title='bbox 3646 3175 3674 3226; x_wconf 85' lang='lat'><strong>6</strong></span> <span class='ocrx_word' id='word_1_613' title='bbox 3717 3173 3780 3231; x_wconf 71' lang='grc' dir='ltr'>δὲ</span> 
     </span>
    </p>
   </div>
   <div class='ocr_carea' id='block_1_78' title="bbox 2201 3263 3783 3337">
    <p class='ocr_par' dir='ltr' id='par_1_78' title="bbox 2201 3263 3783 3337">
     <span class='ocr_line' id='line_1_78' title="bbox 2201 3263 3783 3337; baseline 0.002 -19"><span class='ocrx_word' id='word_1_614' title='bbox 2201 3265 2402 3337; x_wconf 81' lang='grc' dir='ltr'>Κύριος</span> <span class='ocrx_word' id='word_1_615' title='bbox 2430 3263 2493 3318; x_wconf 77' lang='grc' dir='ltr'>τὸ</span> <span class='ocrx_word' id='word_1_616' title='bbox 2525 3264 2741 3336; x_wconf 78' lang='grc' dir='ltr'>πνεῦμά</span> <span class='ocrx_word' id='word_1_617' title='bbox 2783 3267 2948 3318; x_wconf 79' lang='grc' dir='ltr'>ἐστιν.</span> <span class='ocrx_word' id='word_1_618' title='bbox 3003 3265 3160 3319; x_wconf 76' lang='grc' dir='ltr'>Εἴποι</span> <span class='ocrx_word' id='word_1_619' title='bbox 3200 3265 3244 3318; x_wconf 79' lang='grc' dir='ltr'>δ’</span> <span class='ocrx_word' id='word_1_620' title='bbox 3275 3268 3336 3320; x_wconf 79' lang='grc' dir='ltr'>ἄν</span> <span class='ocrx_word' id='word_1_621' title='bbox 3377 3266 3456 3328; x_wconf 83' lang='grc' dir='ltr'><strong>τις</strong></span> <span class='ocrx_word' id='word_1_622' title='bbox 3494 3267 3607 3336; x_wconf 72' lang='lat'><strong>(33)</strong></span> <span class='ocrx_word' id='word_1_623' title='bbox 3637 3265 3783 3322; x_wconf 73' lang='grc' dir='ltr'><strong>κατᾶ</strong></span> 
     </span>
    </p>
   </div>
   <div class='ocr_carea' id='block_1_79' title="bbox 2198 3357 3784 3430">
    <p class='ocr_par' dir='ltr' id='par_1_79' title="bbox 2198 3357 3784 3430">
     <span class='ocr_line' id='line_1_79' title="bbox 2198 3357 3784 3430; baseline 0.003 -22"><span class='ocrx_word' id='word_1_624' title='bbox 2198 3357 2289 3409; x_wconf 69' lang='grc' dir='ltr'><strong>τὸν</strong></span> <span class='ocrx_word' id='word_1_625' title='bbox 2322 3357 2484 3410; x_wconf 82' lang='grc' dir='ltr'>τόπον</span> <span class='ocrx_word' id='word_1_626' title='bbox 2513 3357 2821 3426; x_wconf 73' lang='grc' dir='ltr'>γενόμενος,</span> <span class='ocrx_word' id='word_1_627' title='bbox 2849 3359 2952 3422; x_wconf 85' lang='grc' dir='ltr'>ὃτι,</span> <span class='ocrx_word' id='word_1_628' title='bbox 2985 3357 3171 3428; x_wconf 81' lang='grc' dir='ltr'>ὥσπερ</span> <span class='ocrx_word' id='word_1_629' title='bbox 3202 3357 3264 3410; x_wconf 83' lang='grc' dir='ltr'><strong>ού</strong></span> <span class='ocrx_word' id='word_1_630' title='bbox 3301 3357 3361 3410; x_wconf 75' lang='grc' dir='ltr'>τὸ</span> <span class='ocrx_word' id='word_1_631' title='bbox 3400 3357 3784 3430; x_wconf 83' lang='grc' dir='ltr'>εἰσερχόμενον</span> 
     </span>
    </p>
   </div>
   <div class='ocr_carea' id='block_1_80' title="bbox 2199 3444 3782 3517">
    <p class='ocr_par' dir='ltr' id='par_1_80' title="bbox 2199 3444 3782 3517">
     <span class='ocr_line' id='line_1_80' title="bbox 2199 3444 3782 3517; baseline 0.001 -19"><span class='ocrx_word' id='word_1_632' title='bbox 2199 3447 2278 3509; x_wconf 87' lang='grc' dir='ltr'><strong>είς</strong></span> <span class='ocrx_word' id='word_1_633' title='bbox 2326 3445 2386 3498; x_wconf 74' lang='grc' dir='ltr'>τὸ</span> <span class='ocrx_word' id='word_1_634' title='bbox 2437 3445 2609 3516; x_wconf 88' lang='grc' dir='ltr'>στόμα</span> <span class='ocrx_word' id='word_1_635' title='bbox 2638 3447 2810 3498; x_wconf 74' lang='grc' dir='ltr'>κοινοί</span> <span class='ocrx_word' id='word_1_636' title='bbox 2853 3447 2945 3498; x_wconf 89' lang='grc' dir='ltr'>τὸν</span> <span class='ocrx_word' id='word_1_637' title='bbox 2986 3444 3292 3516; x_wconf 80' lang='grc' dir='ltr'>ἄνθρωπον,</span> <span class='ocrx_word' id='word_1_638' title='bbox 3341 3445 3444 3498; x_wconf 75' lang='grc' dir='ltr'>κᾶν</span> <span class='ocrx_word' id='word_1_639' title='bbox 3496 3445 3782 3517; x_wconf 73' lang='grc' dir='ltr'>νομίζηται</span> 
     </span>
    </p>
   </div>
   <div class='ocr_carea' id='block_1_81' title="bbox 2199 3533 3785 3609">
    <p class='ocr_par' dir='ltr' id='par_1_81' title="bbox 2199 3533 3785 3609">
     <span class='ocr_line' id='line_1_81' title="bbox 2199 3533 3785 3609; baseline 0.001 -19"><span class='ocrx_word' id='word_1_640' title='bbox 2199 3534 2338 3591; x_wconf 78' lang='grc' dir='ltr'>εἶναι</span> <span class='ocrx_word' id='word_1_641' title='bbox 2365 3536 2471 3590; x_wconf 78' lang='grc' dir='ltr'>ὑπὸ</span> <span class='ocrx_word' id='word_1_642' title='bbox 2515 3537 2784 3590; x_wconf 86' lang='grc' dir='ltr'>Ἰουδαίων</span> <span class='ocrx_word' id='word_1_643' title='bbox 2817 3533 2992 3590; x_wconf 87' lang='grc' dir='ltr'>κοινόν</span> <span class='ocrx_word' id='word_1_644' title='bbox 3012 3555 3024 3567; x_wconf 92' lang='grc'><strong>·</strong></span> <span class='ocrx_word' id='word_1_645' title='bbox 3069 3535 3244 3600; x_wconf 77' lang='grc' dir='ltr'>οὕτως</span> <span class='ocrx_word' id='word_1_646' title='bbox 3281 3538 3342 3590; x_wconf 81' lang='grc' dir='ltr'><strong>οὐ</strong></span> <span class='ocrx_word' id='word_1_647' title='bbox 3375 3537 3437 3590; x_wconf 78' lang='grc' dir='ltr'><strong>τὸ</strong></span> <span class='ocrx_word' id='word_1_648' title='bbox 3471 3539 3785 3609; x_wconf 74' lang='grc' dir='ltr'>εἰσερχόμε-</span> 
     </span>
    </p>
   </div>
   <div class='ocr_carea' id='block_1_82' title="bbox 2199 3628 3782 3702">
    <p class='ocr_par' dir='ltr' id='par_1_82' title="bbox 2199 3628 3782 3702">
     <span class='ocr_line' id='line_1_82' title="bbox 2199 3628 3782 3702; baseline -0.001 -18"><span class='ocrx_word' id='word_1_649' title='bbox 2199 3649 2288 3684; x_wconf 89' lang='grc' dir='ltr'><strong>νον</strong></span> <span class='ocrx_word' id='word_1_650' title='bbox 2318 3633 2398 3694; x_wconf 83' lang='grc' dir='ltr'>εξς</span> <span class='ocrx_word' id='word_1_651' title='bbox 2426 3631 2485 3684; x_wconf 84' lang='grc' dir='ltr'><strong>τὸ</strong></span> <span class='ocrx_word' id='word_1_652' title='bbox 2513 3630 2686 3702; x_wconf 85' lang='grc' dir='ltr'>στόμα</span> <span class='ocrx_word' id='word_1_653' title='bbox 2710 3629 2924 3698; x_wconf 78' lang='grc' dir='ltr'>ἁγιάζει</span> <span class='ocrx_word' id='word_1_654' title='bbox 2957 3631 3048 3682; x_wconf 76' lang='grc' dir='ltr'><strong>τὸν</strong></span> <span class='ocrx_word' id='word_1_655' title='bbox 3082 3629 3387 3700; x_wconf 81' lang='grc' dir='ltr'>ἄνθρωπον,</span> <span class='ocrx_word' id='word_1_656' title='bbox 3421 3628 3522 3683; x_wconf 78' lang='grc' dir='ltr'>κᾶν</span> <span class='ocrx_word' id='word_1_657' title='bbox 3550 3631 3655 3684; x_wconf 72' lang='grc' dir='ltr'><strong>ὑπὸ</strong></span> <span class='ocrx_word' id='word_1_658' title='bbox 3675 3631 3782 3683; x_wconf 79' lang='grc' dir='ltr'><strong>τῶν</strong></span> 
     </span>
    </p>
   </div>
   <div class='ocr_carea' id='block_1_83' title="bbox 2200 3722 3784 3796">
    <p class='ocr_par' dir='ltr' id='par_1_83' title="bbox 2200 3722 3784 3796">
     <span class='ocr_line' id='line_1_83' title="bbox 2200 3722 3784 3796; baseline -0.001 -18"><span class='ocrx_word' id='word_1_659' title='bbox 2200 3724 2600 3796; x_wconf 78' lang='grc' dir='ltr'>ὰκεραιοτέρων</span> <span class='ocrx_word' id='word_1_660' title='bbox 2663 3722 2948 3793; x_wconf 72' lang='grc' dir='ltr'>νομίζηται</span> <span class='ocrx_word' id='word_1_661' title='bbox 3008 3722 3254 3791; x_wconf 69' lang='grc' dir='ltr'>ἁγιάζειν</span> <span class='ocrx_word' id='word_1_662' title='bbox 3305 3725 3334 3776; x_wconf 87' lang='grc' dir='ltr'><strong>ὁ</strong></span> <span class='ocrx_word' id='word_1_663' title='bbox 3387 3723 3784 3794; x_wconf 79' lang='grc' dir='ltr'>ὀνομαζόμενος</span> 
     </span>
    </p>
   </div>
   <div class='ocr_carea' id='block_1_84' title="bbox 2199 3809 3784 3886">
    <p class='ocr_par' dir='ltr' id='par_1_84' title="bbox 2199 3809 3784 3886">
     <span class='ocr_line' id='line_1_84' title="bbox 2199 3809 3784 3886; baseline -0.001 -17"><span class='ocrx_word' id='word_1_664' title='bbox 2199 3817 2362 3884; x_wconf 85' lang='grc' dir='ltr'>ἄρτος</span> <span class='ocrx_word' id='word_1_665' title='bbox 2391 3813 2484 3866; x_wconf 77' lang='grc' dir='ltr'><strong>τοῦ</strong></span> <span class='ocrx_word' id='word_1_666' title='bbox 2519 3814 2744 3886; x_wconf 85' lang='grc' dir='ltr'>Κυρίου.</span> <span class='ocrx_word' id='word_1_667' title='bbox 2777 3813 2888 3866; x_wconf 70' lang='grc' dir='ltr'><strong>Καὶ</strong></span> <span class='ocrx_word' id='word_1_668' title='bbox 2920 3812 3086 3875; x_wconf 80' lang='grc' dir='ltr'>ἔστιν,</span> <span class='ocrx_word' id='word_1_669' title='bbox 3122 3809 3294 3884; x_wconf 79' lang='grc' dir='ltr'>οἶμαι,</span> <span class='ocrx_word' id='word_1_670' title='bbox 3329 3814 3358 3864; x_wconf 88' lang='grc' dir='ltr'><strong>ό</strong></span> <span class='ocrx_word' id='word_1_671' title='bbox 3386 3813 3544 3881; x_wconf 87' lang='grc' dir='ltr'>λόγος</span> <span class='ocrx_word' id='word_1_672' title='bbox 3577 3815 3675 3868; x_wconf 80' lang='grc' dir='ltr'><strong>οὐκ</strong></span> <span class='ocrx_word' id='word_1_673' title='bbox 3701 3815 3784 3868; x_wconf 82' lang='grc' dir='ltr'>εὐ-</span> 
     </span>
    </p>
   </div>
   <div class='ocr_carea' id='block_1_85' title="bbox 2202 3900 3784 3974">
    <p class='ocr_par' dir='ltr' id='par_1_85' title="bbox 2202 3900 3784 3974">
     <span class='ocr_line' id='line_1_85' title="bbox 2202 3900 3784 3974; baseline -0.001 -18"><span class='ocrx_word' id='word_1_674' title='bbox 2202 3902 2630 3973; x_wconf 77' lang='grc' dir='ltr'>καταφρόνητος,</span> <span class='ocrx_word' id='word_1_675' title='bbox 2659 3903 2750 3954; x_wconf 69' lang='grc' dir='ltr'><strong>καὶ</strong></span> <span class='ocrx_word' id='word_1_676' title='bbox 2778 3900 2866 3954; x_wconf 78' lang='grc' dir='ltr'>διὰ</span> <span class='ocrx_word' id='word_1_677' title='bbox 2893 3901 3050 3954; x_wconf 86' lang='grc' dir='ltr'>τοῦτο</span> <span class='ocrx_word' id='word_1_678' title='bbox 3081 3902 3332 3972; x_wconf 81' lang='grc' dir='ltr'>δεόμενος</span> <span class='ocrx_word' id='word_1_679' title='bbox 3365 3901 3568 3971; x_wconf 84' lang='grc' dir='ltr'>σαφοῦς</span> <span class='ocrx_word' id='word_1_680' title='bbox 3595 3903 3784 3974; x_wconf 80' lang='grc' dir='ltr'>διηγή-</span> 
     </span>
    </p>
   </div>
   <div class='ocr_carea' id='block_1_86' title="bbox 2203 3989 3782 4063">
    <p class='ocr_par' dir='ltr' id='par_1_86' title="bbox 2203 3989 3782 4063">
     <span class='ocr_line' id='line_1_86' title="bbox 2203 3989 3782 4063; baseline 0.001 -19"><span class='ocrx_word' id='word_1_681' title='bbox 2203 4009 2374 4055; x_wconf 89' lang='grc' dir='ltr'>σεως,</span> <span class='ocrx_word' id='word_1_682' title='bbox 2427 3991 2600 4054; x_wconf 86' lang='grc' dir='ltr'>οῦτως</span> <span class='ocrx_word' id='word_1_683' title='bbox 2649 3991 2770 4061; x_wconf 76' lang='grc' dir='ltr'>ἐμοὶ</span> <span class='ocrx_word' id='word_1_684' title='bbox 2811 3989 3073 4060; x_wconf 75' lang='grc' dir='ltr'>δοκούσης</span> <span class='ocrx_word' id='word_1_685' title='bbox 3127 3989 3287 4060; x_wconf 78' lang='grc' dir='ltr'>ἔχειν.</span> <span class='ocrx_word' id='word_1_686' title='bbox 3347 3991 3557 4063; x_wconf 74' lang='grc' dir='ltr'>Ὥσπερ</span> <span class='ocrx_word' id='word_1_687' title='bbox 3611 3993 3671 4044; x_wconf 78' lang='grc' dir='ltr'><strong>οὐ</strong></span> <span class='ocrx_word' id='word_1_688' title='bbox 3721 3993 3782 4045; x_wconf 79' lang='grc' dir='ltr'>τὸ</span> 
     </span>
    </p>
   </div>
   <div class='ocr_carea' id='block_1_87' title="bbox 2204 4080 3784 4156">
    <p class='ocr_par' dir='ltr' id='par_1_87' title="bbox 2204 4080 3784 4156">
     <span class='ocr_line' id='line_1_87' title="bbox 2204 4080 3784 4156; baseline 0.001 -22"><span class='ocrx_word' id='word_1_689' title='bbox 2204 4083 2418 4155; x_wconf 75' lang='grc' dir='ltr'>βρῶμα,</span> <span class='ocrx_word' id='word_1_690' title='bbox 2481 4081 2596 4136; x_wconf 80' lang='grc' dir='ltr'>ἀλλ’</span> <span class='ocrx_word' id='word_1_691' title='bbox 2646 4085 2678 4154; x_wconf 81' lang='grc' dir='ltr'><strong>ἡ</strong></span> <span class='ocrx_word' id='word_1_692' title='bbox 2740 4081 3041 4152; x_wconf 83' lang='grc' dir='ltr'>συνείδησις</span> <span class='ocrx_word' id='word_1_693' title='bbox 3105 4080 3198 4134; x_wconf 86' lang='grc' dir='ltr'><strong>τοῦ</strong></span> <span class='ocrx_word' id='word_1_694' title='bbox 3269 4082 3404 4151; x_wconf 76' lang='grc' dir='ltr'>μετὰ</span> <span class='ocrx_word' id='word_1_695' title='bbox 3462 4081 3784 4156; x_wconf 85' lang='grc' dir='ltr'>διακρίσεως</span> 
     </span>
    </p>
   </div>
   <div class='ocr_carea' id='block_1_88' title="bbox 2202 4171 3788 4246">
    <p class='ocr_par' dir='ltr' id='par_1_88' title="bbox 2202 4171 3788 4246">
     <span class='ocr_line' id='line_1_88' title="bbox 2202 4171 3788 4246; baseline 0.002 -22"><span class='ocrx_word' id='word_1_696' title='bbox 2202 4173 2471 4236; x_wconf 77' lang='grc' dir='ltr'>ἐσθίοντος</span> <span class='ocrx_word' id='word_1_697' title='bbox 2498 4173 2668 4225; x_wconf 82' lang='grc' dir='ltr'>κοινοῖ</span> <span class='ocrx_word' id='word_1_698' title='bbox 2699 4171 2790 4224; x_wconf 71' lang='grc' dir='ltr'><strong>τὸν</strong></span> <span class='ocrx_word' id='word_1_699' title='bbox 2825 4172 3063 4240; x_wconf 79' lang='grc' dir='ltr'>φαγόντα</span> <span class='ocrx_word' id='word_1_700' title='bbox 3083 4187 3098 4198; x_wconf 90' lang='grc'><strong>·</strong></span> <span class='ocrx_word' id='word_1_701' title='bbox 3141 4191 3158 4222; x_wconf 75' lang='grc' dir='ltr'><strong>ι</strong></span> <span class='ocrx_word' id='word_1_702' title='bbox 3203 4173 3260 4224; x_wconf 86' lang='grc' dir='ltr'>Ὁ</span> <span class='ocrx_word' id='word_1_703' title='bbox 3291 4175 3398 4244; x_wconf 79' lang='grc' dir='ltr'><strong>γὰρ</strong></span> <span class='ocrx_word' id='word_1_704' title='bbox 3440 4173 3788 4246; x_wconf 82' lang='grc' dir='ltr'>διακρινόμε-</span> 
     </span>
    </p>
   </div>
   <div class='ocr_carea' id='block_1_89' title="bbox 2201 4262 3776 4334">
    <p class='ocr_par' dir='ltr' id='par_1_89' title="bbox 2201 4262 3776 4334">
     <span class='ocr_line' id='line_1_89' title="bbox 2201 4262 3776 4334; baseline 0.002 -18"><span class='ocrx_word' id='word_1_705' title='bbox 2201 4281 2311 4328; x_wconf 89' lang='grc' dir='ltr'>νος,</span> <span class='ocrx_word' id='word_1_706' title='bbox 2346 4264 2442 4316; x_wconf 79' lang='grc' dir='ltr'>ὲὰν</span> <span class='ocrx_word' id='word_1_707' title='bbox 2483 4263 2628 4334; x_wconf 82' lang='grc' dir='ltr'>φάγῃ</span> <span class='ocrx_word' id='word_1_708' title='bbox 2672 4262 3088 4334; x_wconf 83' lang='grc' dir='ltr'>κατακέκριται,</span> <span class='ocrx_word' id='word_1_709' title='bbox 3115 4263 3321 4316; x_wconf 84' lang='grc' dir='ltr'>ὅτιούκ</span> <span class='ocrx_word' id='word_1_710' title='bbox 3363 4265 3427 4316; x_wconf 84' lang='grc' dir='ltr'><strong>ἐκ</strong></span> <span class='ocrx_word' id='word_1_711' title='bbox 3458 4265 3712 4329; x_wconf 73' lang='grc' dir='ltr'>πίστεωςο</span> <span class='ocrx_word' id='word_1_712' title='bbox 3757 4285 3776 4318; x_wconf 71' lang='grc' dir='ltr'><strong>ι</strong></span> 
     </span>
    </p>
   </div>
   <div class='ocr_carea' id='block_1_90' title="bbox 2201 4353 3786 4427">
    <p class='ocr_par' dir='ltr' id='par_1_90' title="bbox 2201 4353 3786 4427">
     <span class='ocr_line' id='line_1_90' title="bbox 2201 4353 3786 4427; baseline -0.001 -18"><span class='ocrx_word' id='word_1_713' title='bbox 2201 4357 2297 4410; x_wconf 78' lang='grc' dir='ltr'><strong>καὶ</strong></span> <span class='ocrx_word' id='word_1_714' title='bbox 2324 4355 2512 4426; x_wconf 82' lang='grc' dir='ltr'>ὥσπερ</span> <span class='ocrx_word' id='word_1_715' title='bbox 2539 4354 2692 4408; x_wconf 78' lang='grc' dir='ltr'>οὐδὲν</span> <span class='ocrx_word' id='word_1_716' title='bbox 2729 4353 2969 4426; x_wconf 73' lang='grc' dir='ltr'>καθαρὸν</span> <span class='ocrx_word' id='word_1_717' title='bbox 3011 4356 3072 4408; x_wconf 74' lang='grc' dir='ltr'><strong>οὐ</strong></span> <span class='ocrx_word' id='word_1_718' title='bbox 3103 4357 3234 4427; x_wconf 80' lang='grc' dir='ltr'>παρ’</span> <span class='ocrx_word' id='word_1_719' title='bbox 3265 4355 3398 4408; x_wconf 81' lang='grc' dir='ltr'>αὐτό</span> <span class='ocrx_word' id='word_1_720' title='bbox 3428 4357 3542 4406; x_wconf 88' lang='grc' dir='ltr'>ὲστι</span> <span class='ocrx_word' id='word_1_721' title='bbox 3580 4353 3656 4424; x_wconf 82' lang='grc' dir='ltr'>τῷ</span> <span class='ocrx_word' id='word_1_722' title='bbox 3687 4372 3786 4424; x_wconf 82' lang='grc' dir='ltr'>με-</span> 
     </span>
    </p>
   </div>
   <div class='ocr_carea' id='block_1_91' title="bbox 2207 4444 3784 4516">
    <p class='ocr_par' dir='ltr' id='par_1_91' title="bbox 2207 4444 3784 4516">
     <span class='ocr_line' id='line_1_91' title="bbox 2207 4444 3784 4516; baseline -0.001 -18"><span class='ocrx_word' id='word_1_723' title='bbox 2207 4446 2488 4516; x_wconf 76' lang='grc' dir='ltr'>μιασμένῳ</span> <span class='ocrx_word' id='word_1_724' title='bbox 2519 4445 2611 4497; x_wconf 72' lang='grc' dir='ltr'><strong>καὶ</strong></span> <span class='ocrx_word' id='word_1_725' title='bbox 2655 4444 2891 4514; x_wconf 82' lang='grc' dir='ltr'>ἀπίστῳ,</span> <span class='ocrx_word' id='word_1_726' title='bbox 2936 4444 3069 4496; x_wconf 69' lang='grc' dir='ltr'>ἀλλὰ</span> <span class='ocrx_word' id='word_1_727' title='bbox 3103 4444 3252 4514; x_wconf 76' lang='grc' dir='ltr'>παρὰ</span> <span class='ocrx_word' id='word_1_728' title='bbox 3282 4444 3372 4496; x_wconf 76' lang='grc' dir='ltr'>τὸν</span> <span class='ocrx_word' id='word_1_729' title='bbox 3415 4444 3650 4513; x_wconf 66' lang='grc' dir='ltr'>μιασμόν</span> <span class='ocrx_word' id='word_1_730' title='bbox 3684 4445 3784 4496; x_wconf 76' lang='grc' dir='ltr'>αὺ-</span> 
     </span>
    </p>
   </div>
   <div class='ocr_carea' id='block_1_92' title="bbox 517 4533 2094 4624">
    <p class='ocr_par' dir='ltr' id='par_1_92' title="bbox 517 4533 2094 4604">
     <span class='ocr_line' id='line_1_92' title="bbox 517 4533 2094 4604; baseline 0.001 -17"><span class='ocrx_word' id='word_1_731' title='bbox 517 4549 626 4587; x_wconf 93' lang='lat' dir='ltr'><strong>non</strong></span> <span class='ocrx_word' id='word_1_732' title='bbox 660 4533 881 4604; x_wconf 89' lang='lat' dir='ltr'><strong>quidem</strong></span> <span class='ocrx_word' id='word_1_733' title='bbox 915 4545 1010 4601; x_wconf 85' lang='lat' dir='ltr'><strong>per</strong></span> <span class='ocrx_word' id='word_1_734' title='bbox 1049 4548 1126 4598; x_wconf 91' lang='lat' dir='ltr'><strong>se,</strong></span> <span class='ocrx_word' id='word_1_735' title='bbox 1163 4533 1254 4588; x_wconf 91' lang='lat' dir='ltr'><strong>sed</strong></span> <span class='ocrx_word' id='word_1_736' title='bbox 1301 4543 1521 4603; x_wconf 89' lang='lat' dir='ltr'><strong>propter</strong></span> <span class='ocrx_word' id='word_1_737' title='bbox 1559 4533 1706 4588; x_wconf 89' lang='lat' dir='ltr'><strong>illius</strong></span> <span class='ocrx_word' id='word_1_738' title='bbox 1749 4535 2094 4590; x_wconf 87' lang='lat' dir='ltr'><strong>contamina-</strong></span> 
     </span>
    </p>
   </div>
   <div class='ocr_carea' id='block_1_93' title="bbox 2198 4533 3780 4624">
    <p class='ocr_par' dir='ltr' id='par_1_93' title="bbox 2203 4533 3780 4608">
     <span class='ocr_line' id='line_1_93' title="bbox 2203 4533 3780 4608; baseline -0.002 -17"><span class='ocrx_word' id='word_1_739' title='bbox 2203 4538 2292 4592; x_wconf 88' lang='grc' dir='ltr'><strong>τοῦ</strong></span> <span class='ocrx_word' id='word_1_740' title='bbox 2323 4539 2416 4591; x_wconf 70' lang='grc' dir='ltr'><strong>καὶ</strong></span> <span class='ocrx_word' id='word_1_741' title='bbox 2444 4537 2540 4608; x_wconf 81' lang='grc' dir='ltr'>τὴν</span> <span class='ocrx_word' id='word_1_742' title='bbox 2567 4536 2846 4590; x_wconf 86' lang='grc' dir='ltr'>ἀπιστίαν·</span> <span class='ocrx_word' id='word_1_743' title='bbox 2881 4535 3053 4599; x_wconf 76' lang='grc' dir='ltr'>οὕτως</span> <span class='ocrx_word' id='word_1_744' title='bbox 3102 4539 3156 4592; x_wconf 79' lang='grc' dir='ltr'><strong>τὸ</strong></span> <span class='ocrx_word' id='word_1_745' title='bbox 3187 4556 3204 4587; x_wconf 84' lang='grc'>‹</span> <span class='ocrx_word' id='word_1_746' title='bbox 3264 4533 3618 4605; x_wconf 81' lang='grc' dir='ltr'>ἁγιαζόμενον</span> <span class='ocrx_word' id='word_1_747' title='bbox 3667 4535 3780 4606; x_wconf 67' lang='lat' dir='ltr'>(Si)</span> 
     </span>
    </p>
   </div>
   <div class='ocr_carea' id='block_1_94' title="bbox 518 4625 2095 4694">
    <p class='ocr_par' dir='ltr' id='par_1_94' title="bbox 518 4625 2095 4694">
     <span class='ocr_line' id='line_1_94' title="bbox 518 4625 2095 4694; baseline 0.004 -17"><span class='ocrx_word' id='word_1_748' title='bbox 518 4626 718 4679; x_wconf 86' lang='lat' dir='ltr'><strong>tionem</strong></span> <span class='ocrx_word' id='word_1_749' title='bbox 751 4637 802 4680; x_wconf 88' lang='lat' dir='ltr'><strong>et</strong></span> <span class='ocrx_word' id='word_1_750' title='bbox 834 4625 1270 4680; x_wconf 87' lang='lat' dir='ltr'><strong>incredulitatem</strong></span> <span class='ocrx_word' id='word_1_751' title='bbox 1300 4643 1314 4692; x_wconf 91' lang='lat'><strong>;</strong></span> <span class='ocrx_word' id='word_1_752' title='bbox 1347 4625 1421 4679; x_wconf 91' lang='lat' dir='ltr'><strong>ita</strong></span> <span class='ocrx_word' id='word_1_753' title='bbox 1459 4626 1510 4678; x_wconf 92' lang='lat' dir='ltr'><strong>id</strong></span> <span class='ocrx_word' id='word_1_754' title='bbox 1541 4627 1685 4694; x_wconf 85' lang='lat' dir='ltr'><strong>quod</strong></span> <span class='ocrx_word' id='word_1_755' title='bbox 1729 4642 1748 4678; x_wconf 72' lang='grc' dir='ltr'><strong>ι</strong></span> <span class='ocrx_word' id='word_1_756' title='bbox 1783 4628 2095 4683; x_wconf 81' lang='lat' dir='ltr'><strong>sanctiﬁca-</strong></span> 
     </span>
    </p>
   </div>
   <div class='ocr_carea' id='block_1_95' title="bbox 520 4708 2096 4788">
    <p class='ocr_par' dir='ltr' id='par_1_95' title="bbox 520 4708 2096 4788">
     <span class='ocr_line' id='line_1_95' title="bbox 520 4708 2096 4788; baseline 0.003 -18"><span class='ocrx_word' id='word_1_757' title='bbox 520 4728 631 4771; x_wconf 90' lang='lat' dir='ltr'><strong>tum</strong></span> <span class='ocrx_word' id='word_1_758' title='bbox 663 4727 743 4773; x_wconf 86' lang='lat' dir='ltr'><strong>est</strong></span> <span class='ocrx_word' id='word_1_759' title='bbox 775 4734 868 4788; x_wconf 90' lang='lat' dir='ltr'><strong>per</strong></span> <span class='ocrx_word' id='word_1_760' title='bbox 898 4718 1122 4774; x_wconf 82' lang='lat' dir='ltr'><strong>verbum</strong></span> <span class='ocrx_word' id='word_1_761' title='bbox 1157 4718 1250 4773; x_wconf 90' lang='lat' dir='ltr'><strong>Dei</strong></span> <span class='ocrx_word' id='word_1_762' title='bbox 1284 4728 1337 4773; x_wconf 93' lang='lat' dir='ltr'><strong>et</strong></span> <span class='ocrx_word' id='word_1_763' title='bbox 1368 4718 1667 4772; x_wconf 90' lang='lat' dir='ltr'><strong>orationem</strong></span> <span class='ocrx_word' id='word_1_764' title='bbox 1696 4719 1764 4786; x_wconf 68' lang='grc'>⁸⁸,</span> <span class='ocrx_word' id='word_1_765' title='bbox 1802 4739 1820 4770; x_wconf 84' lang='grc'><strong>›</strong></span> <span class='ocrx_word' id='word_1_766' title='bbox 1877 4708 1982 4776; x_wconf 89' lang='lat' dir='ltr'><strong>non</strong></span> <span class='ocrx_word' id='word_1_767' title='bbox 2031 4737 2096 4775; x_wconf 74' lang='lat' dir='ltr'><strong>ex</strong></span> 
     </span>
    </p>
   </div>
   <div class='ocr_carea' id='block_1_96' title="bbox 1407 4859 1815 4913">
    <p class='ocr_par' dir='ltr' id='par_1_96' title="bbox 1407 4859 1815 4913">
     <span class='ocr_line' id='line_1_96' title="bbox 1407 4859 1815 4913; baseline 0.005 -2"><span class='ocrx_word' id='word_1_768' title='bbox 1407 4859 1537 4913; x_wconf 71' lang='lat' dir='ltr'><strong>ibid.</strong></span> <span class='ocrx_word' id='word_1_769' title='bbox 1577 4859 1660 4913; x_wconf 71' lang='grc'><strong>15.</strong></span> <span class='ocrx_word' id='word_1_770' title='bbox 1771 4861 1815 4892; x_wconf 76' lang='grc'><strong>⁷⁸</strong></span> 
     </span>
    </p>
   </div>
   <div class='ocr_carea' id='block_1_97' title="bbox 1227 4927 1742 4996">
    <p class='ocr_par' dir='ltr' id='par_1_97' title="bbox 1227 4927 1742 4996">
     <span class='ocr_line' id='line_1_97' title="bbox 1227 4927 1742 4996; baseline 0 -14"><span class='ocrx_word' id='word_1_771' title='bbox 1227 4929 1272 4960; x_wconf 78' lang='grc'><strong>⁸³</strong></span> <span class='ocrx_word' id='word_1_772' title='bbox 1313 4927 1503 4984; x_wconf 75' lang='lat' dir='ltr'><strong>Matth.</strong></span> <span class='ocrx_word' id='word_1_773' title='bbox 1538 4946 1626 4996; x_wconf 81' lang='lat' dir='ltr'><strong>xv,</strong></span> <span class='ocrx_word' id='word_1_774' title='bbox 1657 4931 1742 4984; x_wconf 76' lang='grc'><strong>11.</strong></span> 
     </span>
    </p>
   </div>
   <div class='ocr_carea' id='block_1_98' title="bbox 628 4854 1349 4919">
    <p class='ocr_par' dir='ltr' id='par_1_98' title="bbox 628 4854 1349 4919">
     <span class='ocr_line' id='line_1_98' title="bbox 628 4854 1349 4919; baseline 0.011 -14"><span class='ocrx_word' id='word_1_775' title='bbox 628 4854 676 4885; x_wconf 74' lang='grc'><strong>’⁷⁸</strong></span> <span class='ocrx_word' id='word_1_776' title='bbox 725 4854 918 4910; x_wconf 80' lang='lat' dir='ltr'><strong>Matth.</strong></span> <span class='ocrx_word' id='word_1_777' title='bbox 977 4875 1064 4919; x_wconf 77' lang='lat' dir='ltr'><strong>xv,</strong></span> <span class='ocrx_word' id='word_1_778' title='bbox 1121 4858 1207 4912; x_wconf 84' lang='grc' dir='ltr'><strong>Η.</strong></span> <span class='ocrx_word' id='word_1_779' title='bbox 1306 4860 1349 4889; x_wconf 80' lang='grc'>⁷⁷</span> 
     </span>
    </p>
   </div>
   <div class='ocr_carea' id='block_1_99' title="bbox 518 4919 1151 4994">
    <p class='ocr_par' dir='ltr' id='par_1_99' title="bbox 518 4919 1151 4994">
     <span class='ocr_line' id='line_1_99' title="bbox 518 4919 1151 4994; baseline 0.019 -20"><span class='ocrx_word' id='word_1_780' title='bbox 518 4919 563 4956; x_wconf 62' lang='grc'><strong>⁸*</strong></span> <span class='ocrx_word' id='word_1_781' title='bbox 599 4921 640 4975; x_wconf 85' lang='lat' dir='ltr'><strong>ll</strong></span> <span class='ocrx_word' id='word_1_782' title='bbox 661 4923 786 4977; x_wconf 89' lang='lat' dir='ltr'><strong>Cor.</strong></span> <span class='ocrx_word' id='word_1_783' title='bbox 823 4941 904 4992; x_wconf 86' lang='lat' dir='ltr'><strong>tn,</strong></span> <span class='ocrx_word' id='word_1_784' title='bbox 946 4929 1032 4994; x_wconf 75' lang='grc'><strong>16,</strong></span> <span class='ocrx_word' id='word_1_785' title='bbox 1071 4928 1151 4986; x_wconf 87' lang='grc'><strong>17.</strong></span> 
     </span>
    </p>
   </div>
   <div class='ocr_carea' id='block_1_100' title="bbox 519 5065 2092 5150">
    <p class='ocr_par' dir='ltr' id='par_1_100' title="bbox 519 5065 2092 5150">
     <span class='ocr_line' id='line_1_100' title="bbox 519 5065 2092 5150; baseline 0.008 -31"><span class='ocrx_word' id='word_1_786' title='bbox 519 5133 530 5150; x_wconf 46' lang='lat'>.</span> <span class='ocrx_word' id='word_1_787' title='bbox 743 5069 914 5150; x_wconf 59' lang='grc' dir='ltr'>ῌῐξτσι</span> <span class='ocrx_word' id='word_1_788' title='bbox 945 5069 996 5150; x_wconf 59' lang='grc' dir='ltr'>δ’</span> <span class='ocrx_word' id='word_1_789' title='bbox 1030 5070 1258 5150; x_wconf 48' lang='grc' dir='ltr'>ξίν-τις,</span> <span class='ocrx_word' id='word_1_790' title='bbox 1305 5082 1409 5128; x_wconf 82' lang='lat' dir='ltr'><strong>etc.</strong></span> <span class='ocrx_word' id='word_1_791' title='bbox 1456 5073 1569 5150; x_wconf 81' lang='lat' dir='ltr'><strong>i_loc</strong></span> <span class='ocrx_word' id='word_1_792' title='bbox 1604 5075 1724 5130; x_wconf 81' lang='lat' dir='ltr'><strong>loco</strong></span> <span class='ocrx_word' id='word_1_793' title='bbox 1758 5077 1989 5150; x_wconf 69' lang='lat' dir='ltr'><strong>multum</strong></span> <span class='ocrx_word' id='word_1_794' title='bbox 2012 5088 2092 5150; x_wconf 78' lang='lat' dir='ltr'><strong>se</strong></span> 
     </span>
    </p>
   </div>
   <div class='ocr_carea' id='block_1_101' title="bbox 511 5137 2090 5211">
    <p class='ocr_par' dir='ltr' id='par_1_101' title="bbox 511 5137 2090 5211">
     <span class='ocr_line' id='line_1_101' title="bbox 511 5137 2090 5211; baseline 0.007 -21"><span class='ocrx_word' id='word_1_795' title='bbox 511 5137 722 5206; x_wconf 83' lang='lat' dir='ltr'><strong>jactant</strong></span> <span class='ocrx_word' id='word_1_796' title='bbox 750 5137 1086 5211; x_wconf 55' lang='lat' dir='ltr'><strong>heterodoxi.</strong></span> <span class='ocrx_word' id='word_1_797' title='bbox 1127 5137 1252 5195; x_wconf 88' lang='lat' dir='ltr'><strong>Inde</strong></span> <span class='ocrx_word' id='word_1_798' title='bbox 1282 5153 1427 5199; x_wconf 78' lang='lat' dir='ltr'><strong>certe</strong></span> <span class='ocrx_word' id='word_1_799' title='bbox 1468 5145 1658 5200; x_wconf 85' lang='lat' dir='ltr'><strong>Petrus</strong></span> <span class='ocrx_word' id='word_1_800' title='bbox 1705 5163 1927 5211; x_wconf 69' lang='lat' dir='ltr'><strong>martyr,</strong></span> <span class='ocrx_word' id='word_1_801' title='bbox 1959 5147 2090 5200; x_wconf 84' lang='lat' dir='ltr'><strong>Plii-</strong></span> 
     </span>
    </p>
   </div>
   <div class='ocr_carea' id='block_1_102' title="bbox 520 5206 2090 5283">
    <p class='ocr_par' dir='ltr' id='par_1_102' title="bbox 520 5206 2090 5283">
     <span class='ocr_line' id='line_1_102' title="bbox 520 5206 2090 5283; baseline 0.008 -25"><span class='ocrx_word' id='word_1_802' title='bbox 520 5212 698 5278; x_wconf 82' lang='lat' dir='ltr'><strong>Iippus</strong></span> <span class='ocrx_word' id='word_1_803' title='bbox 747 5206 1038 5283; x_wconf 77' lang='lat' dir='ltr'><strong>Mornaens,</strong></span> <span class='ocrx_word' id='word_1_804' title='bbox 1079 5212 1298 5283; x_wconf 83' lang='lat' dir='ltr'><strong>aliique</strong></span> <span class='ocrx_word' id='word_1_805' title='bbox 1337 5215 1547 5268; x_wconf 85' lang='lat' dir='ltr'><strong>nobiles</strong></span> <span class='ocrx_word' id='word_1_806' title='bbox 1592 5216 1804 5269; x_wconf 86' lang='lat' dir='ltr'><strong>illarum</strong></span> <span class='ocrx_word' id='word_1_807' title='bbox 1849 5206 2090 5283; x_wconf 65' lang='lat' dir='ltr'><strong>partium</strong></span> 
     </span>
    </p>
   </div>
   <div class='ocr_carea' id='block_1_103' title="bbox 518 5279 2090 5353">
    <p class='ocr_par' dir='ltr' id='par_1_103' title="bbox 518 5279 2090 5353">
     <span class='ocr_line' id='line_1_103' title="bbox 518 5279 2090 5353; baseline 0.007 -22"><span class='ocrx_word' id='word_1_808' title='bbox 518 5279 863 5353; x_wconf 73' lang='lat' dir='ltr'><strong>consectanei</strong></span> <span class='ocrx_word' id='word_1_809' title='bbox 896 5295 1024 5353; x_wconf 84' lang='lat' dir='ltr'><strong>rem</strong></span> <span class='ocrx_word' id='word_1_810' title='bbox 1046 5282 1148 5334; x_wconf 90' lang='lat' dir='ltr'><strong>sibi</strong></span> <span class='ocrx_word' id='word_1_811' title='bbox 1187 5279 1488 5338; x_wconf 83' lang='lat' dir='ltr'><strong>confectam</strong></span> <span class='ocrx_word' id='word_1_812' title='bbox 1528 5295 1738 5353; x_wconf 73' lang='lat' dir='ltr'><strong>putant.</strong></span> <span class='ocrx_word' id='word_1_813' title='bbox 1777 5279 1961 5342; x_wconf 65' lang='lat' dir='ltr'><strong>Sistns</strong></span> <span class='ocrx_word' id='word_1_814' title='bbox 1993 5287 2090 5342; x_wconf 89' lang='lat' dir='ltr'><strong>Se—</strong></span> 
     </span>
    </p>
   </div>
   <div class='ocr_carea' id='block_1_104' title="bbox 525 5351 2090 5420">
    <p class='ocr_par' dir='ltr' id='par_1_104' title="bbox 525 5351 2090 5420">
     <span class='ocr_line' id='line_1_104' title="bbox 525 5351 2090 5420; baseline 0.005 -18"><span class='ocrx_word' id='word_1_815' title='bbox 525 5351 702 5420; x_wconf 74' lang='lat' dir='ltr'><strong>nensis</strong></span> <span class='ocrx_word' id='word_1_816' title='bbox 753 5351 932 5404; x_wconf 88' lang='lat' dir='ltr'><strong>locum</strong></span> <span class='ocrx_word' id='word_1_817' title='bbox 977 5351 1046 5403; x_wconf 90' lang='lat' dir='ltr'><strong>ab</strong></span> <span class='ocrx_word' id='word_1_818' title='bbox 1098 5353 1390 5414; x_wconf 68' lang='lat' dir='ltr'><strong>haereticis.</strong></span> <span class='ocrx_word' id='word_1_819' title='bbox 1439 5351 1737 5410; x_wconf 82' lang='lat' dir='ltr'><strong>Perronins</strong></span> <span class='ocrx_word' id='word_1_820' title='bbox 1777 5358 2090 5420; x_wconf 83' lang='lat' dir='ltr'><strong>eat-dinalis,</strong></span> 
     </span>
    </p>
   </div>
   <div class='ocr_carea' id='block_1_105' title="bbox 515 5419 2095 5494">
    <p class='ocr_par' dir='ltr' id='par_1_105' title="bbox 515 5419 2095 5494">
     <span class='ocr_line' id='line_1_105' title="bbox 515 5419 2095 5494; baseline 0.005 -22"><span class='ocrx_word' id='word_1_821' title='bbox 515 5429 569 5494; x_wconf 81' lang='lat' dir='ltr'><strong>et</strong></span> <span class='ocrx_word' id='word_1_822' title='bbox 593 5419 977 5494; x_wconf 67' lang='lat' dir='ltr'><strong>Genebrardus</strong></span> <span class='ocrx_word' id='word_1_823' title='bbox 1003 5421 1332 5494; x_wconf 82' lang='lat' dir='ltr'><strong>ab_Erasnio</strong></span> <span class='ocrx_word' id='word_1_824' title='bbox 1363 5425 1714 5494; x_wconf 75' lang='lat' dir='ltr'><strong>depravatum</strong></span> <span class='ocrx_word' id='word_1_825' title='bbox 1738 5437 1793 5481; x_wconf 91' lang='lat' dir='ltr'><strong>et</strong></span> <span class='ocrx_word' id='word_1_826' title='bbox 1818 5427 2060 5483; x_wconf 85' lang='lat' dir='ltr'><strong>adultera</strong></span> <span class='ocrx_word' id='word_1_827' title='bbox 2079 5419 2095 5466; x_wconf 15' lang='lat'><strong>’-</strong></span> 
     </span>
    </p>
   </div>
   <div class='ocr_carea' id='block_1_106' title="bbox 515 5491 2093 5566">
    <p class='ocr_par' dir='ltr' id='par_1_106' title="bbox 515 5491 2093 5566">
     <span class='ocr_line' id='line_1_106' title="bbox 515 5491 2093 5566; baseline 0.004 -24"><span class='ocrx_word' id='word_1_828' title='bbox 515 5492 630 5566; x_wconf 63' lang='grc' dir='ltr'><strong>ψη)</strong></span> <span class='ocrx_word' id='word_1_829' title='bbox 663 5492 1031 5566; x_wconf 79' lang='lat' dir='ltr'><strong>suSpicantur.</strong></span> <span class='ocrx_word' id='word_1_830' title='bbox 1065 5491 1238 5566; x_wconf 87' lang='lat' dir='ltr'><strong>Quem</strong></span> <span class='ocrx_word' id='word_1_831' title='bbox 1275 5491 1454 5566; x_wconf 69' lang='lat' dir='ltr'><strong>tamen</strong></span> <span class='ocrx_word' id='word_1_832' title='bbox 1494 5495 1760 5566; x_wconf 81' lang='lat' dir='ltr'><strong>integrum</strong></span> <span class='ocrx_word' id='word_1_833' title='bbox 1792 5497 2093 5566; x_wconf 15' lang='lat' dir='ltr'><strong>esseilidem</strong></span> 
     </span>
    </p>
   </div>
   <div class='ocr_carea' id='block_1_107' title="bbox 518 5557 2098 5636">
    <p class='ocr_par' dir='ltr' id='par_1_107' title="bbox 518 5557 2098 5636">
     <span class='ocr_line' id='line_1_107' title="bbox 518 5557 2098 5636; baseline 0.005 -24"><span class='ocrx_word' id='word_1_834' title='bbox 518 5557 725 5630; x_wconf 69' lang='lat' dir='ltr'><strong>iaciunt</strong></span> <span class='ocrx_word' id='word_1_835' title='bbox 756 5557 967 5636; x_wconf 79' lang='lat' dir='ltr'><strong>calamo</strong></span> <span class='ocrx_word' id='word_1_836' title='bbox 1002 5557 1213 5636; x_wconf 82' lang='lat' dir='ltr'><strong>scripta</strong></span> <span class='ocrx_word' id='word_1_837' title='bbox 1266 5563 1453 5618; x_wconf 68' lang='lat' dir='ltr'><strong>Graeca</strong></span> <span class='ocrx_word' id='word_1_838' title='bbox 1499 5557 1851 5636; x_wconf 73' lang='lat' dir='ltr'><strong>exemplaria.</strong></span> <span class='ocrx_word' id='word_1_839' title='bbox 1913 5565 2098 5635; x_wconf 74' lang='lat' dir='ltr'><strong>Neque</strong></span> 
     </span>
    </p>
   </div>
   <div class='ocr_carea' id='block_1_108' title="bbox 520 5632 2096 5708">
    <p class='ocr_par' dir='ltr' id='par_1_108' title="bbox 520 5632 2096 5708">
     <span class='ocr_line' id='line_1_108' title="bbox 520 5632 2096 5708; baseline 0.008 -33"><span class='ocrx_word' id='word_1_840' title='bbox 520 5638 648 5708; x_wconf 72' lang='lat' dir='ltr'><strong>vero</strong></span> <span class='ocrx_word' id='word_1_841' title='bbox 697 5646 797 5708; x_wconf 72' lang='lat' dir='ltr'><strong>cur</strong></span> <span class='ocrx_word' id='word_1_842' title='bbox 847 5632 912 5684; x_wconf 90' lang='lat' dir='ltr'><strong>ad</strong></span> <span class='ocrx_word' id='word_1_843' title='bbox 965 5633 1250 5708; x_wconf 71' lang='lat' dir='ltr'><strong>ejusmodi</strong></span> <span class='ocrx_word' id='word_1_844' title='bbox 1295 5632 1702 5708; x_wconf 71' lang='lat' dir='ltr'><strong>responsionem</strong></span> <span class='ocrx_word' id='word_1_845' title='bbox 1753 5632 2096 5708; x_wconf 77' lang='lat' dir='ltr'><strong>decurratur,</strong></span> 
     </span>
    </p>
   </div>
   <div class='ocr_carea' id='block_1_109' title="bbox 521 5700 2100 5760">
    <p class='ocr_par' dir='ltr' id='par_1_109' title="bbox 521 5700 2100 5760">
     <span class='ocr_line' id='line_1_109' title="bbox 521 5700 2100 5760; baseline 0.008 -13"><span class='ocrx_word' id='word_1_846' title='bbox 521 5700 658 5751; x_wconf 77' lang='lat' dir='ltr'><strong>ratio</strong></span> <span class='ocrx_word' id='word_1_847' title='bbox 682 5700 788 5750; x_wconf 90' lang='lat' dir='ltr'><strong>ulla</strong></span> <span class='ocrx_word' id='word_1_848' title='bbox 816 5709 894 5751; x_wconf 88' lang='lat' dir='ltr'><strong>est</strong></span> <span class='ocrx_word' id='word_1_849' title='bbox 919 5718 932 5760; x_wconf 84' lang='lat'>;</span> <span class='ocrx_word' id='word_1_850' title='bbox 957 5718 1079 5756; x_wconf 84' lang='lat' dir='ltr'><strong>eum</strong></span> <span class='ocrx_word' id='word_1_851' title='bbox 1103 5703 1285 5757; x_wconf 89' lang='lat' dir='ltr'><strong>omnis</strong></span> <span class='ocrx_word' id='word_1_852' title='bbox 1311 5700 1434 5758; x_wconf 85' lang='lat' dir='ltr'><strong>inde</strong></span> <span class='ocrx_word' id='word_1_853' title='bbox 1457 5705 1563 5759; x_wconf 89' lang='lat' dir='ltr'><strong>illis</strong></span> <span class='ocrx_word' id='word_1_854' title='bbox 1583 5706 1894 5760; x_wconf 88' lang='lat' dir='ltr'><strong>arcessendi</strong></span> <span class='ocrx_word' id='word_1_855' title='bbox 1920 5721 2100 5760; x_wconf 64' lang='lat' dir='ltr'><strong>causa:</strong></span> 
     </span>
    </p>
   </div>
   <div class='ocr_carea' id='block_1_110' title="bbox 519 5768 2098 5840">
    <p class='ocr_par' dir='ltr' id='par_1_110' title="bbox 519 5768 2098 5840">
     <span class='ocr_line' id='line_1_110' title="bbox 519 5768 2098 5840; baseline 0.004 -22"><span class='ocrx_word' id='word_1_856' title='bbox 519 5779 632 5840; x_wconf 44' lang='lat' dir='ltr'><strong>&#39;sus&#39;e</strong></span> <span class='ocrx_word' id='word_1_857' title='bbox 662 5768 1111 5840; x_wconf 74' lang='lat' dir='ltr'><strong>patrociniiansa</strong></span> <span class='ocrx_word' id='word_1_858' title='bbox 1146 5770 1304 5825; x_wconf 81' lang='lat' dir='ltr'><strong>facile</strong></span> <span class='ocrx_word' id='word_1_859' title='bbox 1335 5775 1680 5840; x_wconf 69' lang='lat' dir='ltr'><strong>prtecidatnr.</strong></span> <span class='ocrx_word' id='word_1_860' title='bbox 1712 5775 1972 5838; x_wconf 84' lang='lat' dir='ltr'><strong>Quamvis</strong></span> <span class='ocrx_word' id='word_1_861' title='bbox 2002 5791 2098 5828; x_wconf 86' lang='lat' dir='ltr'><strong>au-</strong></span> 
     </span>
    </p>
   </div>
   <div class='ocr_carea' id='block_1_111' title="bbox 518 5827 2094 5912">
    <p class='ocr_par' dir='ltr' id='par_1_111' title="bbox 518 5827 2094 5912">
     <span class='ocr_line' id='line_1_111' title="bbox 518 5827 2094 5912; baseline 0.007 -24"><span class='ocrx_word' id='word_1_862' title='bbox 518 5827 625 5888; x_wconf 68' lang='lat' dir='ltr'><strong>itam</strong></span> <span class='ocrx_word' id='word_1_863' title='bbox 657 5827 971 5890; x_wconf 53' lang='lat' dir='ltr'><strong>ildamuntii</strong></span> <span class='ocrx_word' id='word_1_864' title='bbox 1004 5840 1068 5892; x_wconf 88' lang='lat' dir='ltr'><strong>de</strong></span> <span class='ocrx_word' id='word_1_865' title='bbox 1115 5827 1440 5894; x_wconf 64' lang='lat' dir='ltr'><strong>eucharistia</strong></span> <span class='ocrx_word' id='word_1_866' title='bbox 1485 5844 1692 5910; x_wconf 86' lang='lat' dir='ltr'><strong>opinio,</strong></span> <span class='ocrx_word' id='word_1_867' title='bbox 1722 5827 1866 5897; x_wconf 49' lang='lat' dir='ltr'><strong>satis</strong></span> <span class='ocrx_word' id='word_1_868' title='bbox 1896 5827 2013 5912; x_wconf 77' lang='lat' dir='ltr'><strong>jam</strong></span> <span class='ocrx_word' id='word_1_869' title='bbox 2040 5845 2094 5900; x_wconf 83' lang='lat' dir='ltr'><strong>in</strong></span> 
     </span>
    </p>
   </div>
   <div class='ocr_carea' id='block_1_112' title="bbox 1873 4861 2146 4916">
    <p class='ocr_par' dir='ltr' id='par_1_112' title="bbox 1873 4861 2146 4916">
     <span class='ocr_line' id='line_1_112' title="bbox 1873 4861 2146 4916; baseline 0.022 -5"><span class='ocrx_word' id='word_1_870' title='bbox 1873 4862 1907 4913; x_wconf 91' lang='lat' dir='ltr'><strong>il</strong></span> <span class='ocrx_word' id='word_1_871' title='bbox 1932 4861 2005 4915; x_wconf 83' lang='lat' dir='ltr'><strong>id.</strong></span> <span class='ocrx_word' id='word_1_872' title='bbox 2061 4862 2146 4916; x_wconf 73' lang='grc'><strong>16.</strong></span> 
     </span>
    </p>
   </div>
   <div class='ocr_carea' id='block_1_113' title="bbox 1851 4931 2339 4998">
    <p class='ocr_par' dir='ltr' id='par_1_113' title="bbox 1851 4931 2339 4998">
     <span class='ocr_line' id='line_1_113' title="bbox 1851 4931 2339 4998; baseline 0 -13"><span class='ocrx_word' id='word_1_873' title='bbox 1851 4932 1897 4962; x_wconf 75' lang='grc'>⁸³</span> <span class='ocrx_word' id='word_1_874' title='bbox 1920 4931 2078 4986; x_wconf 84' lang='lat' dir='ltr'><strong>Rom.</strong></span> <span class='ocrx_word' id='word_1_875' title='bbox 2113 4948 2220 4998; x_wconf 77' lang='lat' dir='ltr'><strong>xiv,</strong></span> <span class='ocrx_word' id='word_1_876' title='bbox 2251 4933 2339 4986; x_wconf 71' lang='lat'><strong>233.</strong></span> 
     </span>
    </p>
   </div>
   <div class='ocr_carea' id='block_1_114' title="bbox 2202 4627 3782 4704">
    <p class='ocr_par' dir='ltr' id='par_1_114' title="bbox 2202 4627 3782 4704">
     <span class='ocr_line' id='line_1_114' title="bbox 2202 4627 3782 4704; baseline -0.003 -20"><span class='ocrx_word' id='word_1_877' title='bbox 2202 4631 2290 4684; x_wconf 70' lang='grc' dir='ltr'>διὰ</span> <span class='ocrx_word' id='word_1_878' title='bbox 2336 4630 2495 4698; x_wconf 84' lang='grc' dir='ltr'>λόγου</span> <span class='ocrx_word' id='word_1_879' title='bbox 2543 4629 2678 4681; x_wconf 83' lang='grc' dir='ltr'>Θεοῦ</span> <span class='ocrx_word' id='word_1_880' title='bbox 2717 4630 2812 4682; x_wconf 75' lang='grc' dir='ltr'><strong>καὶ</strong></span> <span class='ocrx_word' id='word_1_881' title='bbox 2856 4628 3147 4704; x_wconf 68' lang='grc' dir='ltr'>ἐντεύξεως</span> <span class='ocrx_word' id='word_1_882' title='bbox 3195 4647 3214 4680; x_wconf 85' lang='grc'><strong>›</strong></span> <span class='ocrx_word' id='word_1_883' title='bbox 3261 4629 3322 4680; x_wconf 80' lang='grc' dir='ltr'><strong>οὐ</strong></span> <span class='ocrx_word' id='word_1_884' title='bbox 3369 4627 3446 4697; x_wconf 81' lang='grc' dir='ltr'>τῷ</span> <span class='ocrx_word' id='word_1_885' title='bbox 3483 4628 3594 4698; x_wconf 83' lang='grc' dir='ltr'>ἰδίῳ</span> <span class='ocrx_word' id='word_1_886' title='bbox 3637 4627 3782 4698; x_wconf 77' lang='grc' dir='ltr'>λόγῳ</span> 
     </span>
    </p>
   </div>
   <div class='ocr_carea' id='block_1_115' title="bbox 2203 4719 3782 4792">
    <p class='ocr_par' dir='ltr' id='par_1_115' title="bbox 2203 4719 3782 4792">
     <span class='ocr_line' id='line_1_115' title="bbox 2203 4719 3782 4792; baseline -0.001 -18"><span class='ocrx_word' id='word_1_887' title='bbox 2203 4721 2421 4788; x_wconf 75' lang='grc' dir='ltr'>ἁγιάζει</span> <span class='ocrx_word' id='word_1_888' title='bbox 2450 4720 2540 4772; x_wconf 82' lang='grc' dir='ltr'><strong>τὸν</strong></span> <span class='ocrx_word' id='word_1_889' title='bbox 2567 4719 2846 4791; x_wconf 82' lang='grc' dir='ltr'>χρώμενον</span> <span class='ocrx_word' id='word_1_890' title='bbox 2870 4719 2980 4791; x_wconf 76' lang='grc'>(55)</span> <span class='ocrx_word' id='word_1_891' title='bbox 2999 4736 3012 4749; x_wconf 88' lang='grc'><strong>·</strong></span> <span class='ocrx_word' id='word_1_892' title='bbox 3045 4723 3092 4772; x_wconf 84' lang='grc' dir='ltr'>εἰ</span> <span class='ocrx_word' id='word_1_893' title='bbox 3117 4719 3224 4792; x_wconf 72' lang='grc' dir='ltr'>γὰρ</span> <span class='ocrx_word' id='word_1_894' title='bbox 3248 4719 3424 4784; x_wconf 86' lang='grc' dir='ltr'>τοῦτο,</span> <span class='ocrx_word' id='word_1_895' title='bbox 3457 4721 3650 4791; x_wconf 74' lang='grc' dir='ltr'>ἡγίαζε</span> <span class='ocrx_word' id='word_1_896' title='bbox 3672 4721 3782 4792; x_wconf 71' lang='grc' dir='ltr'><strong>γὰρ</strong></span> 
     </span>
    </p>
   </div>
   <div class='ocr_carea' id='block_1_116' title="bbox 2245 4861 3775 4927">
    <p class='ocr_par' dir='ltr' id='par_1_116' title="bbox 2245 4861 3775 4927">
     <span class='ocr_line' id='line_1_116' title="bbox 2245 4861 3775 4927; baseline 0.004 -16"><span class='ocrx_word' id='word_1_897' title='bbox 2245 4863 2289 4893; x_wconf 70' lang='lat'><strong>79</strong></span> <span class='ocrx_word' id='word_1_898' title='bbox 2315 4861 2357 4914; x_wconf 91' lang='lat' dir='ltr'><strong>ll</strong></span> <span class='ocrx_word' id='word_1_899' title='bbox 2387 4861 2512 4915; x_wconf 88' lang='lat' dir='ltr'><strong>Cor.</strong></span> <span class='ocrx_word' id='word_1_900' title='bbox 2549 4877 2631 4922; x_wconf 88' lang='lat' dir='ltr'><strong>ut,</strong></span> <span class='ocrx_word' id='word_1_901' title='bbox 2669 4861 2718 4916; x_wconf 83' lang='lat'><strong>7.</strong></span> <span class='ocrx_word' id='word_1_902' title='bbox 2829 4864 2874 4894; x_wconf 73' lang='grc' dir='ltr'><strong>⁸ο</strong></span> <span class='ocrx_word' id='word_1_903' title='bbox 2904 4861 3063 4917; x_wconf 81' lang='lat' dir='ltr'><strong>Rom.</strong></span> <span class='ocrx_word' id='word_1_904' title='bbox 3100 4878 3196 4927; x_wconf 85' lang='lat' dir='ltr'><strong>vn,</strong></span> <span class='ocrx_word' id='word_1_905' title='bbox 3231 4862 3316 4915; x_wconf 72' lang='grc' dir='ltr'><strong>Η.</strong></span> <span class='ocrx_word' id='word_1_906' title='bbox 3421 4861 3490 4892; x_wconf 78' lang='grc'><strong>⁸⁸⁸</strong></span> <span class='ocrx_word' id='word_1_907' title='bbox 3520 4861 3650 4916; x_wconf 89' lang='lat' dir='ltr'><strong>ibid.</strong></span> <span class='ocrx_word' id='word_1_908' title='bbox 3689 4861 3775 4916; x_wconf 66' lang='lat'><strong>13-</strong></span> 
     </span>
    </p>
   </div>
   <div class='ocr_carea' id='block_1_117' title="bbox 2409 4930 2852 4996">
    <p class='ocr_par' dir='ltr' id='par_1_117' title="bbox 2409 4930 2852 4996">
     <span class='ocr_line' id='line_1_117' title="bbox 2409 4930 2852 4996; baseline 0.005 -12"><span class='ocrx_word' id='word_1_909' title='bbox 2409 4935 2456 4963; x_wconf 71' lang='lat'><strong>‘”</strong></span> <span class='ocrx_word' id='word_1_910' title='bbox 2484 4932 2500 4984; x_wconf 90' lang='lat' dir='ltr'><strong>l</strong></span> <span class='ocrx_word' id='word_1_911' title='bbox 2529 4930 2670 4985; x_wconf 80' lang='lat' dir='ltr'><strong>Titii.</strong></span> <span class='ocrx_word' id='word_1_912' title='bbox 2705 4949 2774 4996; x_wconf 71' lang='lat' dir='ltr'><strong>tv,</strong></span> <span class='ocrx_word' id='word_1_913' title='bbox 2799 4934 2852 4986; x_wconf 79' lang='grc'><strong>5.</strong></span> 
     </span>
    </p>
   </div>
   <div class='ocr_carea' id='block_1_118' title="bbox 2200 5075 3776 5144">
    <p class='ocr_par' dir='ltr' id='par_1_118' title="bbox 2200 5075 3776 5144">
     <span class='ocr_line' id='line_1_118' title="bbox 2200 5075 3776 5144; baseline -0.001 -12"><span class='ocrx_word' id='word_1_914' title='bbox 2200 5075 2541 5144; x_wconf 79' lang='lat' dir='ltr'><strong>Origeniauis</strong></span> <span class='ocrx_word' id='word_1_915' title='bbox 2580 5076 2834 5130; x_wconf 85' lang='lat' dir='ltr'><strong>ventilata</strong></span> <span class='ocrx_word' id='word_1_916' title='bbox 2875 5077 2965 5138; x_wconf 87' lang='lat' dir='ltr'><strong>sit,</strong></span> <span class='ocrx_word' id='word_1_917' title='bbox 3019 5075 3330 5130; x_wconf 87' lang='lat' dir='ltr'><strong>accuratius</strong></span> <span class='ocrx_word' id='word_1_918' title='bbox 3374 5083 3554 5130; x_wconf 87' lang='lat' dir='ltr'><strong>tamen</strong></span> <span class='ocrx_word' id='word_1_919' title='bbox 3597 5075 3776 5130; x_wconf 89' lang='lat' dir='ltr'><strong>locum</strong></span> 
     </span>
    </p>
   </div>
   <div class='ocr_carea' id='block_1_119' title="bbox 2201 5145 3099 5200">
    <p class='ocr_par' dir='ltr' id='par_1_119' title="bbox 2201 5145 3099 5200">
     <span class='ocr_line' id='line_1_119' title="bbox 2201 5145 3099 5200; baseline 0 0"><span class='ocrx_word' id='word_1_920' title='bbox 2201 5147 2348 5200; x_wconf 90' lang='lat' dir='ltr'><strong>hunc</strong></span> <span class='ocrx_word' id='word_1_921' title='bbox 2368 5147 2798 5200; x_wconf 89' lang='lat' dir='ltr'><strong>enneleabimus.</strong></span> <span class='ocrx_word' id='word_1_922' title='bbox 2835 5145 3099 5200; x_wconf 70' lang='lat' dir='ltr'><strong>Hunnus.</strong></span> 
     </span>
    </p>
   </div>
   <div class='ocr_carea' id='block_1_120' title="bbox 2272 5213 3614 5286">
    <p class='ocr_par' dir='ltr' id='par_1_120' title="bbox 2272 5213 3614 5286">
     <span class='ocr_line' id='line_1_120' title="bbox 2272 5213 3614 5286; baseline 0.001 -16"><span class='ocrx_word' id='word_1_923' title='bbox 2272 5217 2384 5286; x_wconf 74' lang='lat' dir='ltr'><strong>(5i)</strong></span> <span class='ocrx_word' id='word_1_924' title='bbox 2436 5214 2855 5286; x_wconf 69' lang='grc' dir='ltr'>Ἀγιαζόμενον.</span> <span class='ocrx_word' id='word_1_925' title='bbox 2883 5219 3063 5272; x_wconf 77' lang='lat' dir='ltr'><strong>Codex</strong></span> <span class='ocrx_word' id='word_1_926' title='bbox 3094 5215 3314 5286; x_wconf 72' lang='lat' dir='ltr'><strong>Regius,</strong></span> <span class='ocrx_word' id='word_1_927' title='bbox 3350 5213 3614 5286; x_wconf 80' lang='grc' dir='ltr'>ἁγιάζων.</span> 
     </span>
    </p>
   </div>
   <div class='ocr_carea' id='block_1_121' title="bbox 2271 5285 3778 5367">
    <p class='ocr_par' dir='ltr' id='par_1_121' title="bbox 2271 5285 3778 5367">
     <span class='ocr_line' id='line_1_121' title="bbox 2271 5285 3778 5367; baseline -0.001 -27"><span class='ocrx_word' id='word_1_928' title='bbox 2271 5285 2326 5355; x_wconf 83' lang='grc'><strong>(5</strong></span> <span class='ocrx_word' id='word_1_929' title='bbox 2337 5285 2388 5354; x_wconf 77' lang='grc'><strong>5)</strong></span> <span class='ocrx_word' id='word_1_930' title='bbox 2427 5289 2509 5367; x_wconf 73' lang='lat' dir='ltr'><strong>Qt’)</strong></span> <span class='ocrx_word' id='word_1_931' title='bbox 2534 5285 2612 5351; x_wconf 82' lang='grc' dir='ltr'>τῷ</span> <span class='ocrx_word' id='word_1_932' title='bbox 2633 5285 2758 5367; x_wconf 71' lang='grc' dir='ltr'>ἰδίῳ</span> <span class='ocrx_word' id='word_1_933' title='bbox 2778 5289 2938 5367; x_wconf 67' lang='grc' dir='ltr'>γῳ</span> <span class='ocrx_word' id='word_1_934' title='bbox 2957 5285 3173 5367; x_wconf 36' lang='grc' dir='ltr'>ᾴγνιάζει</span> <span class='ocrx_word' id='word_1_935' title='bbox 3194 5287 3300 5366; x_wconf 66' lang='grc' dir='ltr'>τόν</span> <span class='ocrx_word' id='word_1_936' title='bbox 3324 5285 3778 5367; x_wconf 41' lang='grc' dir='ltr'><strong>κβῶλωνσνξιςτ</strong></span> 
     </span>
    </p>
   </div>
   <div class='ocr_carea' id='block_1_122' title="bbox 2203 5354 3784 5426">
    <p class='ocr_par' dir='ltr' id='par_1_122' title="bbox 2203 5354 3784 5426">
     <span class='ocr_line' id='line_1_122' title="bbox 2203 5354 3784 5426; baseline -0.001 -17"><span class='ocrx_word' id='word_1_937' title='bbox 2203 5354 2340 5409; x_wconf 86' lang='lat' dir='ltr'><strong>Cum</strong></span> <span class='ocrx_word' id='word_1_938' title='bbox 2375 5357 2500 5426; x_wconf 88' lang='lat' dir='ltr'><strong>quis</strong></span> <span class='ocrx_word' id='word_1_939' title='bbox 2523 5358 2768 5425; x_wconf 88' lang='lat' dir='ltr'><strong>corporis</strong></span> <span class='ocrx_word' id='word_1_940' title='bbox 2795 5354 3014 5412; x_wconf 83' lang='lat' dir='ltr'><strong>Christi</strong></span> <span class='ocrx_word' id='word_1_941' title='bbox 3033 5357 3090 5410; x_wconf 88' lang='lat' dir='ltr'><strong>lit</strong></span> <span class='ocrx_word' id='word_1_942' title='bbox 3113 5357 3406 5426; x_wconf 78' lang='lat' dir='ltr'><strong>particeps,</strong></span> <span class='ocrx_word' id='word_1_943' title='bbox 3441 5371 3547 5408; x_wconf 91' lang='lat' dir='ltr'><strong>non</strong></span> <span class='ocrx_word' id='word_1_944' title='bbox 3580 5354 3784 5409; x_wconf 75' lang='lat' dir='ltr'><strong>suﬂicit</strong></span> 
     </span>
    </p>
   </div>
   <div class='ocr_carea' id='block_1_123' title="bbox 2205 5425 3779 5494">
    <p class='ocr_par' dir='ltr' id='par_1_123' title="bbox 2205 5425 3779 5494">
     <span class='ocr_line' id='line_1_123' title="bbox 2205 5425 3779 5494; baseline -0.001 -15"><span class='ocrx_word' id='word_1_945' title='bbox 2205 5426 2316 5479; x_wconf 84' lang='lat' dir='ltr'><strong>sola</strong></span> <span class='ocrx_word' id='word_1_946' title='bbox 2354 5425 2698 5494; x_wconf 84' lang='lat' dir='ltr'><strong>participatio</strong></span> <span class='ocrx_word' id='word_1_947' title='bbox 2726 5426 2857 5490; x_wconf 64' lang='lat' dir='ltr'><strong>haec,</strong></span> <span class='ocrx_word' id='word_1_948' title='bbox 2895 5439 2953 5482; x_wconf 92' lang='lat' dir='ltr'><strong>ut</strong></span> <span class='ocrx_word' id='word_1_949' title='bbox 2983 5425 3329 5482; x_wconf 84' lang='lat' dir='ltr'><strong>sanctitatem</strong></span> <span class='ocrx_word' id='word_1_950' title='bbox 3363 5435 3732 5494; x_wconf 85' lang='lat' dir='ltr'><strong>consequatur</strong></span> <span class='ocrx_word' id='word_1_951' title='bbox 3760 5438 3779 5478; x_wconf 86' lang='lat'><strong>:</strong></span> 
     </span>
    </p>
   </div>
   <div class='ocr_carea' id='block_1_124' title="bbox 2205 5496 3784 5565">
    <p class='ocr_par' dir='ltr' id='par_1_124' title="bbox 2205 5496 3784 5565">
     <span class='ocr_line' id='line_1_124' title="bbox 2205 5496 3784 5565; baseline -0.001 -17"><span class='ocrx_word' id='word_1_952' title='bbox 2205 5512 2267 5548; x_wconf 89' lang='lat' dir='ltr'><strong>ac</strong></span> <span class='ocrx_word' id='word_1_953' title='bbox 2301 5511 2520 5550; x_wconf 81' lang='lat' dir='ltr'><strong>necesse</strong></span> <span class='ocrx_word' id='word_1_954' title='bbox 2560 5506 2644 5549; x_wconf 87' lang='lat' dir='ltr'><strong>est</strong></span> <span class='ocrx_word' id='word_1_955' title='bbox 2674 5507 2930 5565; x_wconf 64' lang='lat' dir='ltr'><strong>praeterea</strong></span> <span class='ocrx_word' id='word_1_956' title='bbox 2955 5507 3011 5550; x_wconf 92' lang='lat' dir='ltr'><strong>ut</strong></span> <span class='ocrx_word' id='word_1_957' title='bbox 3036 5497 3238 5549; x_wconf 87' lang='lat' dir='ltr'><strong>nullius</strong></span> <span class='ocrx_word' id='word_1_958' title='bbox 3262 5496 3364 5549; x_wconf 88' lang='lat' dir='ltr'><strong>sibi</strong></span> <span class='ocrx_word' id='word_1_959' title='bbox 3399 5496 3619 5550; x_wconf 89' lang='lat' dir='ltr'><strong>sceleris</strong></span> <span class='ocrx_word' id='word_1_960' title='bbox 3647 5509 3784 5547; x_wconf 78' lang='lat' dir='ltr'><strong>con-</strong></span> 
     </span>
    </p>
   </div>
   <div class='ocr_carea' id='block_1_125' title="bbox 2205 5566 3780 5634">
    <p class='ocr_par' dir='ltr' id='par_1_125' title="bbox 2205 5566 3780 5634">
     <span class='ocr_line' id='line_1_125' title="bbox 2205 5566 3780 5634; baseline 0.001 -17"><span class='ocrx_word' id='word_1_961' title='bbox 2205 5567 2372 5628; x_wconf 82' lang='lat' dir='ltr'><strong>scius,</strong></span> <span class='ocrx_word' id='word_1_962' title='bbox 2406 5567 2498 5619; x_wconf 91' lang='lat' dir='ltr'><strong>sed</strong></span> <span class='ocrx_word' id='word_1_963' title='bbox 2543 5581 2675 5634; x_wconf 87' lang='lat' dir='ltr'><strong>pura</strong></span> <span class='ocrx_word' id='word_1_964' title='bbox 2711 5567 2892 5620; x_wconf 81' lang='lat' dir='ltr'><strong>metite</strong></span> <span class='ocrx_word' id='word_1_965' title='bbox 2933 5568 2998 5620; x_wconf 89' lang='lat' dir='ltr'><strong>ad</strong></span> <span class='ocrx_word' id='word_1_966' title='bbox 3050 5575 3448 5620; x_wconf 89' lang='lat' dir='ltr'><strong>sacramentum</strong></span> <span class='ocrx_word' id='word_1_967' title='bbox 3502 5566 3725 5634; x_wconf 80' lang='lat' dir='ltr'><strong>accedat</strong></span> <span class='ocrx_word' id='word_1_968' title='bbox 3762 5579 3780 5619; x_wconf 92' lang='lat'><strong>:</strong></span> 
     </span>
    </p>
   </div>
   <div class='ocr_carea' id='block_1_126' title="bbox 2202 5633 3778 5704">
    <p class='ocr_par' dir='ltr' id='par_1_126' title="bbox 2202 5633 3778 5704">
     <span class='ocr_line' id='line_1_126' title="bbox 2202 5633 3778 5704; baseline 0.001 -17"><span class='ocrx_word' id='word_1_969' title='bbox 2202 5635 2444 5702; x_wconf 89' lang='lat' dir='ltr'><strong>alioquin</strong></span> <span class='ocrx_word' id='word_1_970' title='bbox 2479 5654 2498 5685; x_wconf 83' lang='grc'><strong>«</strong></span> <span class='ocrx_word' id='word_1_971' title='bbox 2531 5633 2796 5700; x_wconf 82' lang='lat' dir='ltr'><strong>judicium</strong></span> <span class='ocrx_word' id='word_1_972' title='bbox 2833 5637 2934 5690; x_wconf 89' lang='lat' dir='ltr'><strong>sibi</strong></span> <span class='ocrx_word' id='word_1_973' title='bbox 2977 5635 3269 5689; x_wconf 85' lang='lat' dir='ltr'><strong>manducat</strong></span> <span class='ocrx_word' id='word_1_974' title='bbox 3303 5645 3356 5688; x_wconf 88' lang='lat' dir='ltr'><strong>et</strong></span> <span class='ocrx_word' id='word_1_975' title='bbox 3384 5637 3519 5689; x_wconf 88' lang='lat' dir='ltr'><strong>bibit</strong></span> <span class='ocrx_word' id='word_1_976' title='bbox 3554 5633 3616 5704; x_wconf 91' lang='lat' dir='ltr'><strong>(l</strong></span> <span class='ocrx_word' id='word_1_977' title='bbox 3647 5634 3778 5688; x_wconf 77' lang='lat' dir='ltr'><strong>Cor.</strong></span> 
     </span>
    </p>
   </div>
   <div class='ocr_carea' id='block_1_127' title="bbox 2204 5705 3781 5776">
    <p class='ocr_par' dir='ltr' id='par_1_127' title="bbox 2204 5705 3781 5776">
     <span class='ocr_line' id='line_1_127' title="bbox 2204 5705 3781 5776; baseline 0 -18"><span class='ocrx_word' id='word_1_978' title='bbox 2204 5721 2265 5776; x_wconf 76' lang='lat' dir='ltr'><strong>tt,</strong></span> <span class='ocrx_word' id='word_1_979' title='bbox 2303 5705 2416 5776; x_wconf 67' lang='lat'><strong>29).</strong></span> <span class='ocrx_word' id='word_1_980' title='bbox 2453 5725 2470 5754; x_wconf 73' lang='grc' dir='ltr'><strong>ι</strong></span> <span class='ocrx_word' id='word_1_981' title='bbox 2512 5705 2629 5759; x_wconf 91' lang='lat' dir='ltr'><strong>Duo</strong></span> <span class='ocrx_word' id='word_1_982' title='bbox 2674 5705 2838 5776; x_wconf 85' lang='lat' dir='ltr'><strong>igitur</strong></span> <span class='ocrx_word' id='word_1_983' title='bbox 2880 5706 3253 5774; x_wconf 84' lang='lat' dir='ltr'><strong>requiruntur,</strong></span> <span class='ocrx_word' id='word_1_984' title='bbox 3289 5715 3344 5758; x_wconf 89' lang='lat' dir='ltr'><strong>ttt</strong></span> <span class='ocrx_word' id='word_1_985' title='bbox 3374 5707 3467 5774; x_wconf 91' lang='lat' dir='ltr'><strong>qui</strong></span> <span class='ocrx_word' id='word_1_986' title='bbox 3506 5705 3781 5774; x_wconf 86' lang='lat' dir='ltr'><strong>particeps</strong></span> 
     </span>
    </p>
   </div>
   <div class='ocr_carea' id='block_1_128' title="bbox 2204 5771 3776 5844">
    <p class='ocr_par' dir='ltr' id='par_1_128' title="bbox 2204 5771 3776 5844">
     <span class='ocr_line' id='line_1_128' title="bbox 2204 5771 3776 5844; baseline -0.001 -16"><span class='ocrx_word' id='word_1_987' title='bbox 2204 5771 2364 5828; x_wconf 79' lang='lat' dir='ltr'><strong>fuerit</strong></span> <span class='ocrx_word' id='word_1_988' title='bbox 2399 5777 2646 5843; x_wconf 87' lang='lat' dir='ltr'><strong>corporis</strong></span> <span class='ocrx_word' id='word_1_989' title='bbox 2696 5771 2917 5839; x_wconf 72' lang='lat' dir='ltr'><strong>Christi,</strong></span> <span class='ocrx_word' id='word_1_990' title='bbox 2959 5771 3210 5828; x_wconf 73' lang='lat' dir='ltr'><strong>sanctior</strong></span> <span class='ocrx_word' id='word_1_991' title='bbox 3240 5771 3460 5839; x_wconf 82' lang='lat' dir='ltr'><strong>evadat;</strong></span> <span class='ocrx_word' id='word_1_992' title='bbox 3507 5771 3776 5844; x_wconf 78' lang='lat' dir='ltr'><strong>primum,</strong></span> 
     </span>
    </p>
   </div>
   <div class='ocr_carea' id='block_1_129' title="bbox 2205 5842 3779 5914">
    <p class='ocr_par' dir='ltr' id='par_1_129' title="bbox 2205 5842 3779 5914">
     <span class='ocr_line' id='line_1_129' title="bbox 2205 5842 3779 5914; baseline -0.001 -17"><span class='ocrx_word' id='word_1_993' title='bbox 2205 5842 2564 5913; x_wconf 66' lang='lat' dir='ltr'><strong>ut‘particcjrs</strong></span> <span class='ocrx_word' id='word_1_994' title='bbox 2611 5845 2733 5910; x_wconf 75' lang='lat' dir='ltr'><strong>iiut;</strong></span> <span class='ocrx_word' id='word_1_995' title='bbox 2772 5847 2883 5900; x_wconf 84' lang='lat' dir='ltr'><strong>tum</strong></span> <span class='ocrx_word' id='word_1_996' title='bbox 2921 5855 2978 5898; x_wconf 92' lang='lat' dir='ltr'><strong>ut</strong></span> <span class='ocrx_word' id='word_1_997' title='bbox 3003 5859 3137 5914; x_wconf 79' lang='lat' dir='ltr'><strong>pura</strong></span> <span class='ocrx_word' id='word_1_998' title='bbox 3168 5845 3286 5914; x_wconf 78' lang='lat' dir='ltr'><strong>ejus</strong></span> <span class='ocrx_word' id='word_1_999' title='bbox 3326 5843 3394 5898; x_wconf 73' lang='lat' dir='ltr'><strong>sit</strong></span> <span class='ocrx_word' id='word_1_1000' title='bbox 3432 5842 3585 5899; x_wconf 44' lang='lat' dir='ltr'><strong>DIC—IIS</strong></span> <span class='ocrx_word' id='word_1_1001' title='bbox 3608 5851 3659 5897; x_wconf 86' lang='lat' dir='ltr'><strong>et</strong></span> <span class='ocrx_word' id='word_1_1002' title='bbox 3689 5842 3779 5896; x_wconf 81' lang='lat' dir='ltr'><strong>itt-</strong></span> 
     </span>
    </p>
   </div>
  </div>
