4094 6290
493 364 593 421 961

1469 363 1819 420 COMMENT.
1862 366 1926 421 IN
1968 366 2381 425 MAT'l'lleUM
2421 370 2658 427 TOMUS
2701 373 2788 428 Μ.

3650 385 3755 443 969.

494 502 783 573 τριάρχης,
819 498 911 553 καὶ
932 501 997 569 τῇ
1033 500 1386 571 Ἰερουσαλὴμ
1415 504 1587 573 μητρὶ
1610 503 1685 566 ὡς
1707 503 1915 567 Παῦλός
1946 521 2062 576 φησι

2179 484 2446 554 ejusmodi
2476 488 2672 543 anima:
2703 491 3010 562 symbolum
3036 502 3138 549 est.
3164 497 3243 553 At:
3271 498 3489 555 attende
3514 515 3641 554 num
3667 517 3756 558 ra-

496 594 627 665 περὶ
667 591 880 655 ἑαυτοῦ,
912 591 1008 645 καὶ
1039 591 1148 644 τῶν
1176 592 1376 663 ὁμοίων
1404 592 1574 664 αὐτῷ.
1611 593 1771 661 Εἰκὸς
1802 594 1857 647 δὲ
1890 593 2076 665 ἐξελη-

493 681 716 736 λυθυῖαν
749 681 974 755 ταύτην,
1014 677 1084 753 ἦς
1133 682 1401 754 σύμϐολον
1433 685 1465 755 ή
1495 685 1795 747 Χαναναία,
1832 686 1939 739 ἀπὸ
1971 686 2076 739 τῶν

490 772 661 846 ὁρίων
683 772 860 844 Τύρου
888 774 981 826 καὶ
1015 773 1245 837 Σιδῶνος
1265 814 1279 838 ,
1317 768 1392 828 ὧν
1422 774 1582 829 τύποι
1608 772 1748 849 ἦσαν
1776 778 1825 829 οἱ
1853 778 1946 830 ἐπὶ
1975 778 2077 849 γῆς

488 866 667 931 τόποι,
701 864 1168 938 προσεληλυθυῖαν
1189 866 1267 937 τῷ
1301 867 1512 940 Σωτῆρι
1558 868 1845 939 ἠξιωκέναι
1893 871 2073 936 αὐτὸν,

492 959 591 1011 καὶ
622 957 701 1010 ἔτι
731 956 826 1009 νῦν
863 956 1048 1027 ἀξιοῦν
1084 956 1377 1029 λέγουσανο
1420 976 1438 1008 ι
1472 958 1725 1029 Ἐλέησόν
1755 976 1842 1029 με,
1879 959 2073 1030 Κύριε,

493 1045 577 1096 uls
602 1042 784 1107 Δαυὶδ,
830 1045 863 1116 η
891 1044 1134 1116 θυγάτηρ
1164 1063 1266 1115 μου
1295 1045 1482 1111 δεινῶς
1503 1047 1887 1118 δαιμονίζεται.
1930 1069 1948 1101 ι
1983 1044 2076 1101 Εἷ-

492 1153 562 1188 τα
593 1136 822 1199 καὶτοῖς
855 1134 1073 1205 ἔξωθεν,
1110 1138 1203 1190 καὶ
1230 1140 1343 1200 τοῖς
1370 1137 1659 1209 μαθηταῖς,
1692 1141 1779 1194 ὅτε
1815 1142 1913 1205 δεῖ,
1949 1143 2078 1195 ἁπο-

494 1227 816 1300 κρινόμενος
859 1222 979 1279 εἷπε
1012 1228 1106 1280 τόο
1148 1246 1166 1278 ι
1210 1230 1320 1281 οὐκ
1350 1230 1683 1305 ἀπεστάλην,
1727 1252 1745 1283 ι
1783 1233 2071 1297 διδάσκων,

495 1316 579 1368 ὅτι
603 1316 710 1369 εἰσί
734 1333 879 1378 τινες
900 1317 1308 1388 προηγούμεναι
1336 1318 1505 1389 ψυχαί¹
1534 1323 1737 1392 νοεραὶ,
1769 1323 1864 1377 καὶ
1895 1323 2072 1396 διορα-

494 1407 644 1458 τικαὶ
701 1406 1064 1474 άπολωλυῐαι,
1111 1409 1390 1479 τροπικῶς
1426 1408 1711 1482 λεγόμεναι
1750 1432 1769 1464 ι
1827 1414 2075 1485 πρόϐατα

493 1495 645 1549 οἴκου
693 1497 925 1568 Ἰσραὴλ,
984 1516 1002 1548 ›
1043 1498 1203 1571 άπερ,
1247 1496 1432 1568 οἶμαι,
1476 1503 1525 1555 οἱ
1567 1503 1946 1576 ἁπλούστεροι,
1984 1507 2074 1563 ἐπὶ

495 1584 593 1637 τοῦ
633 1586 771 1639 κατὰ
801 1587 977 1658 σάρκα
1015 1587 1229 1659 Ἰσραὴλ
1260 1589 1572 1660 νομίζοντες
1597 1590 1866 1664 λελέχθαι,
1902 1595 2071 1666 ἀναγ-

496 1676 669 1740 καίως
715 1678 1098 1749 προσήσονται,
1150 1680 1232 1732 ὃτι
1278 1680 1305 1732 ό
1356 1682 1543 1755 Σωτὴρ
1587 1683 1745 1753 ἡμῶν
1787 1685 2068 1757 ἀπεστάλη

496 1767 601 1820 ὑπὸ
633 1767 725 1821 τοῦ
750 1769 980 1840 Πατρὸς,
1013 1769 1133 1840 οὐχὶ
1161 1770 1296 1842 πρὸς
1327 1771 1517 1837 ἄλλους
1550 1774 1582 1843 ἦ
1615 1775 1741 1838 τοὺς
1785 1776 2070 1842 Ἰουδαίους

494 1858 731 1921 ἐκείνους
754 1858 1116 1924 ἀπολωλότας.
1170 1860 1360 1931 Ἡμεῖς
1387 1862 1442 1915 δὲ
1470 1865 1519 1916 oi
1550 1865 1831 1935 εὐχόμενοι
1859 1866 1918 1932 ἐξ
1948 1869 2071 1940 ἁλη-

494 1946 641 2017 θείας
662 1949 839 2019 λέγειν
858 1991 872 2013 ,
903 1971 921 2002 ι
952 1953 999 2003 εί
1027 1952 1122 2005 καὶ
1141 1954 1376 2025 Χριστόν
1406 1972 1534 2008 ποτε
1555 1958 1698 2011 κατὰ
1721 1959 2070 2032 σάρκαὲγνώ-

491 2054 699 2109 καμεν,
752 2039 889 2094 ἀλλὰ
921 2040 1015 2093 νῦν
1052 2041 1235 2094 οὐκέτι
1269 2042 1631 2111 γινώσκοντες
1657 2087 1671 2110 ,
1724 2067 1742 2098 ι
1785 2049 1943 2118 ῖσμεν
1975 2049 2067 2102 τοῦ

489 2127 661 2197 Λόγου
706 2132 1115 2202 προηγούμενον
1152 2131 1289 2187 εἶναι
1337 2133 1497 2204 ἔργον
1542 2135 1734 2201 σώζειν
1785 2140 1911 2202 τοὺς
1946 2156 2070 2193 συν-

489 2221 817 2294 ετωτέρους-
852 2223 1166 2293 οἰκειότεροι
1199 2222 1307 2294 γὰρ
1337 2219 1479 2278 οὗτοι
1524 2225 1673 2297 παρὰ
1706 2230 1831 2292 τοὺς
1863 2228 2070 2298 ἀμϐλυ-

486 2308 677 2379 τέρους
725 2310 873 2383 αὐτῷ
914 2312 1294 2381 τυγχάνουσιν.
1341 2313 1500 2369 Ἀλλὰ
1538 2316 1658 2369 ἐπεὶ
1693 2335 1710 2367 ι
1752 2316 1820 2369 τὰ
1857 2318 2069 2371 ἀπολω-

483 2398 615 2453 λότα
651 2402 897 2473 πρόϐατα
939 2404 1088 2457 οἴκου
1144 2404 1380 2476 Ἰσραὴλ,
1431 2427 1449 2457 ο
1491 2407 1641 2477 παρὰ
1673 2407 1735 2460 τὸ
1763 2408 1882 2461 κατ’
1918 2408 2069 2461 ἐκλο-

486 2490 591 2562 γὴν
618 2491 841 2563 χάριτος
874 2493 1111 2566 λεῖμμα,
1140 2496 1446 2567 ἠπείθησαν
1475 2496 1551 2567 τῷ
1586 2498 1767 2571 Λόγῳ,
1800 2498 1887 2552 διὰ
1912 2498 2068 2552 τοῦτο

493 2601 513 2634 ι
547 2582 827 2651 ἐξελέξατο
852 2585 922 2640 τὰ
967 2587 1127 2659 μωρὰ
1155 2586 1249 2640 τοῦ
1289 2588 1515 2660 κόσμου,
1562 2608 1580 2641 ι
1614 2590 1705 2643 τὸν
1738 2590 1813 2666 μὴ
1852 2592 2068 2665 Ἰσραὴλ

490 2677 625 2748 μηδὲ
654 2677 956 2750 διορατικὸν
981 2679 1113 2749 (58),
1162 2697 1178 2730 ι
1220 2679 1306 2733 ἵνα
1330 2682 1667 2756 καταισχύνῃ
1714 2684 1840 2746 τοὺς
1870 2686 2067 2756 σοφοὺς

486 2766 581 2823 τοῦ
616 2768 864 2842 Ἰσραήλο
901 2789 920 2822 ι
958 2770 1052 2827 καὶ
1084 2771 1307 2829 ἐκάλεσε
1341 2791 1359 2823 ι
1410 2773 1477 2827 τὰ
1516 2774 1588 2847 μὴ
1619 2775 1765 2842 ὄντα,
1806 2795 1824 2827 ι
1848 2776 2065 2830 συνετὸν

487 2857 642 2925 ἔθνος
684 2861 956 2932 παραδοὺς
1016 2863 1218 2927 αὐτοῖς,
1259 2865 1308 2918 οἳ
1344 2865 1604 2936 ἠδύναντο
1631 2868 1877 2940 χωρῆσαι
1909 2889 1927 2920 ι
1966 2870 2065 2941 τὴν

488 2951 701 3023 μωρίαν
750 2952 844 3009 τοῦ
891 2953 1261 3026 κηρύγματος,
1324 2976 1344 3008 ι
1399 2958 1492 3011 καὶ
1546 2959 1843 3033 εὐδοκήσας
1893 2960 2064 3013 σῶσαι

483 3041 612 3104 τοὺς
644 3044 725 3105 εἰς
752 3043 907 3097 τοῦτο
934 3044 1305 3110 πιστεύοντας,
1347 3048 1433 3100 ἵνα
1461 3048 1705 3122 διελέγξῃ
1741 3069 1758 3101 ι
1800 3049 1865 3103 τὰ
1908 3050 2058 3117 ὅντα,

2182 576 2315 629 tiuni
2357 590 2786 635 consentaneum
2832 583 2903 638 sit
2956 595 3007 640 et
3051 585 3238 654 plures
3288 604 3410 647 esse
3459 599 3662 662 patres,
3699 605 3755 649 et

2179 666 2363 736 plures
2414 678 2618 725 matres
2658 672 2833 727 instar
2881 686 3096 747 patrum
3143 675 3453 747 Abraham,
3498 682 3564 737 ad
3614 700 3755 755 quos

2181 758 2313 812 abiit
2363 760 2674 830 patriarcha
2703 762 2767 825 ¹⁸,
2801 774 2850 819 et
2901 765 3206 825 Jerusalem
3250 772 3442 826 matris
3492 776 3757 843 quemad-

2178 850 2400 907 modum
2458 852 2536 905 ait
2587 853 2786 910 Paulus
2834 856 2901 912 de
2952 858 3162 927 seipso,
3216 860 3410 929 suique
3459 862 3749 917 similibus.

2177 937 2485 996 Verisimile
2514 952 2597 997 est
2632 953 2813 999 autem
2846 961 3121 1019 egressam
3167 948 3338 1014 illam,
3384 950 3543 1020 cujus
3592 951 3753 1024 505

2175 1034 2484 1106 symbolum
2517 1045 2602 1090 est
2624 1036 2955 1105 Chananaza,
2989 1054 3018 1095 e
3040 1038 3240 1096 ﬁnibus
3275 1039 3402 1113 Tyri
3431 1052 3485 1097 et
3508 1041 3751 1109 Sidonis,

2176 1141 2410 1195 quorum
2446 1126 2632 1198 ﬁgurae
2658 1138 2814 1185 erant
2844 1131 2962 1185 loca
2992 1140 3169 1198 terrae,
3203 1141 3492 1205 postquam
3523 1136 3755 1193 accessit

2175 1216 2241 1269 ad
2275 1215 2642 1284 Servatorcm,
2673 1234 2861 1275 orasse
2895 1221 3045 1276 illum
3068 1261 3082 1285 ,
3119 1233 3173 1279 et
3200 1238 3344 1278 nunc
3389 1224 3552 1280 etiam
3593 1241 3755 1282 orare

2174 1305 2443 1360 dicentem
2474 1307 2563 1361 υτ
2603 1326 2623 1360 ι
2662 1306 2921 1365 Miserere
2957 1311 3102 1378 mei,
3149 1311 3379 1369 Domine
3420 1315 3497 1371 tili
3546 1315 3750 1381 David,

2174 1396 2282 1451 tilla
2319 1414 2437 1455 mea
2468 1400 2610 1455 male
2635 1417 2662 1454 a
2694 1401 2966 1459 daemonio
2995 1413 3247 1461 vexatur.
3282 1423 3301 1456 ι
3337 1403 3539 1464 Deinde
3583 1416 3636 1464 et
3683 1409 3752 1464 iis

2173 1491 2264 1559 qui
2298 1488 2432 1545 foris
2468 1501 2617 1555 sunt,
2648 1501 2702 1546 et
2726 1492 3032 1562 discipulis,
3064 1509 3190 1549 cum
3240 1510 3329 1551 res
3370 1495 3443 1551 ita
3488 1498 3749 1568 postulat,

2172 1581 2509 1649 respondens
2553 1582 2691 1637 dixit
2717 1584 2759 1613 "
2793 1602 2805 1636 :
2838 1603 2857 1635 ι
2886 1582 3005 1640 Non
3054 1602 3175 1641 sum
3218 1589 3452 1656 missus,
3497 1611 3515 1641 ι
3548 1591 3751 1648 docens

2171 1687 2291 1728 esse
2330 1674 2571 1742 perditas
2620 1676 2888 1746 quasdam
2920 1677 3252 1749 principales
3292 1682 3505 1736 animas
3545 1683 3748 1738 intelli-

2172 1772 2380 1833 gentcs,
2426 1775 2478 1821 et
2524 1765 2884 1835 perspicaccs,
2926 1783 3049 1837 quae
3091 1770 3295 1839 tropice
3330 1788 3348 1822 ι
3382 1786 3512 1826 oves
3550 1773 3749 1829 domus

2174 1852 2335 1910 lsrael
2368 1873 2386 1904 ι
2424 1856 2767 1926 appellantur
2794 1856 2858 1924 ¹⁸,
2881 1872 3005 1929 quae
3033 1860 3415 1932 simpliciores,
3440 1865 3658 1937 opinor,
3680 1865 3750 1921 de

2171 1947 2376 1999 carnali
2406 1946 2567 2001 lsrael
2605 1949 2748 2003 dicta
2785 1964 2907 2007 esse
2943 1951 3297 2017 arbitrantes,
3342 1957 3655 2012 necessario
3693 1967 3749 2012 et

2170 2037 2302 2092 illud
2335 2038 2642 2107 aduiittcnt,
2682 2038 3030 2097 Servatorem
3069 2053 3316 2100 nostrum
3347 2061 3454 2101 non
3488 2048 3555 2105 ad
3585 2049 3743 2115 alios,

2170 2144 2333 2200 quam
2363 2130 2428 2187 ad
2457 2129 2674 2186 Judzeos
2700 2131 2821 2187 illos
2867 2132 2959 2202 qui
3001 2134 3296 2207 perierunt,
3335 2155 3367 2191 a
3413 2136 3573 2198 Patre
3614 2145 3747 2196 mis—

2169 2234 2291 2273 sum
2319 2236 2461 2279 esse.
2496 2220 2608 2277 Nos
2642 2230 2824 2278 autem
2854 2224 2947 2294 qui
2983 2226 3197 2281 sincere
3226 2243 3325 2283 nos
3358 2228 3505 2299 loqui
3541 2232 3740 2301 gloria-

2169 2327 2314 2378 mur,
2352 2330 2370 2362 ι
2402 2313 2504 2367 etsi
2545 2314 2841 2385 aliquando
2880 2318 3237 2386 cognovimus
3278 2321 3574 2377 secundum
3623 2338 3744 2378 car-

2170 2418 2293 2457 nem
2328 2403 2630 2473 Christum,
2675 2408 2769 2463 sed
2822 2423 2967 2463 nunc
3001 2408 3117 2481 jam
3162 2424 3271 2465 non
3303 2421 3592 2468 noscentes
3623 2414 3684 2480 ³⁸,
3718 2434 3737 2466 ι

2168 2495 2375 2554 scimus
2409 2495 2567 2553 Verbi
2604 2500 2949 2573 potissimum
2990 2501 3123 2556 illud
3160 2517 3285 2558 esse
3329 2518 3490 2573 opus,
3529 2507 3742 2576 perspi-

2169 2586 2411 2645 caciores
2448 2604 2665 2647 servare
2694 2608 2707 2644 :
2743 2590 2793 2645 hi
2824 2591 2969 2646 enim
3009 2592 3203 2662 majori
3241 2605 3369 2649 sunt
3398 2596 3476 2650 illi
3505 2598 3744 2653 necessi-

2170 2677 2356 2735 tudine
2394 2678 2689 2747 conjuncti,
2722 2696 2889 2751 quam
2939 2683 3268 2742 hebetiores.
3324 2685 3428 2744 Sed
3480 2693 3737 2758 quoniam

2174 2784 2192 2817 ι
2227 2781 2355 2823 oves
2402 2782 2524 2838 quae
2570 2769 2849 2839 perierunt
2892 2772 3090 2827 domus
3132 2771 3392 2842 lsrael",
3430 2795 3451 2833 ›
3500 2782 3740 2848 exceptis

2167 2856 2412 2927 reliquiis
2429 2874 2551 2928 qute
2568 2870 2695 2915 sunt
2720 2880 2737 2910 ι
2760 2863 3060 2919 secundum
3079 2862 3395 2922 electionem
3414 2868 3603 2937 gratia:
3619 2870 3687 2934 ²¹,
3716 2892 3733 2921 ι

2166 2949 2333 3005 verbo
2358 2950 2520 3007 ﬁdem
2554 2968 2661 3008 non
2695 2954 3023 3022 habuerunt,
3054 2968 3341 3029 prepterea
3378 2979 3397 3011 ι
3427 2976 3550 3030 quae
3573 2963 3739 3018 stulta

2166 3051 2293 3094 sunt
2322 3044 2511 3098 mundi
2560 3045 2740 3113 elegit,
2778 3066 2796 3097 ι
2832 3045 2999 3103 Israel
3037 3058 3219 3105 autem
3264 3067 3331 3108 ne
3371 3053 3736 3123 perspicacem

483 3131 545 3183 ὲκ
576 3132 668 3185 τοῦ
718 3134 982 3205 στόματος
1031 3137 1241 3207 νηπίων
1279 3139 1373 3192 καὶ
1412 3140 1754 3210 θηλαζόντων
1799 3162 2058 3217 καταρτις-

2165 3134 2405 3205 quidem,
2440 3152 2458 3187 ι
2493 3143 2553 3192 ut
2581 3135 2880 3193 Confundat
2911 3139 3184 3210 sapientes
3215 3160 3234 3193 ι
3273 3140 3436 3196 lsrael
3462 3159 3476 3209 ;
3503 3152 3557 3196 et
3579 3158 3739 3198 vora-

484 3224 715 3294 σάμενος
744 3225 892 3297 αὐτῷ
932 3223 1081 3282 αἶνον
1100 3268 1114 3292 ,
1161 3248 1179 3283 ι
1225 3230 1345 3283 ἐπεὶ
1380 3232 1603 3302 γέγονεν
1628 3235 1796 3306 ἐχθρὰ
1826 3239 1892 3308 τῇ
1923 3236 2059 3308 ἀλη-

482 3317 619 3389 θεία.
667 3318 923 3373 Ἐλθοῧσα
951 3320 1071 3392 an;
1112 3323 1415 3387 Χαναναία,
1465 3327 1789 3400 προσεκύνει
1836 3327 1912 3393 ώς
1942 3328 2061 3400 Θεῷ

479 3408 558 3480 τῷ
615 3409 792 3483 Ἰησοῦ
837 3410 1093 3480 λέγουσα·
1138 3432 1156 3463 ι
1196 3413 1399 3485 Κύριε,
1442 3414 1709 3489 βοήθησόν
1746 3436 1857 3489 μοι.
1915 3419 1971 3472 '0
2003 3419 2060 3472 δὲ

481 3502 801 3576 ἀποκριθεὶς
842 3498 1022 3556 εἶπεν·
1069 3504 1183 3557 Ούκ
1210 3504 1385 3571 ἔξεστι
1420 3507 1607 3561 λαϐεῖν
1644 3507 1733 3561 τὸν
1761 3508 1922 3582 ἄρτον
1952 3510 2059 3564 τῶν

480 3594 705 3656 τέκνων,
748 3592 838 3645 καὶ
860 3591 1043 3662 βαλεῖν
1072 3596 1181 3658 τοῖς
1203 3597 1500 3665 κυναρίοις.
1518 3598 1786 3669 »Ζητήσαι
1816 3598 1860 3651 δ’
1883 3599 1948 3655 ἄν
1978 3618 2061 3663 τις

480 3685 538 3743 τὸ
566 3684 809 3755 βούλημα
831 3685 923 3737 καὶ
949 3684 1154 3756 ταύτης
1185 3688 1283 3759 τῆς
1313 3686 1512 3753 λέξεως
1532 3729 1546 3751 ,
1581 3689 1704 3743 ἐπεὶ
1730 3690 1929 3765 μέτρου
1963 3692 2059 3762 μὲν

485 3777 748 3848 παρόντος
796 3776 999 3852 ἄρτων,
1066 3778 1142 3841 ὼς
1199 3777 1273 3849 μὴ
1323 3778 1584 3837 δύνασθαι
1636 3781 1732 3836 καὶ
1776 3781 1844 3834 τὰ
1893 3782 2061 3841 τέκνα

483 3868 680 3926 ἐσθίειν
708 3869 924 3941 ἄρτους,
960 3871 1053 3925 καὶ
1086 3870 1297 3929 κυνίδια
1321 3873 1421 3947 τῆς
1451 3871 1647 3936 οἰκίας,
1682 3872 1714 3945 ῆ
1746 3874 1839 3929 καὶ
1868 3874 2061 3942 ἄλλους

481 3960 660 4031 ἄρτων
696 3957 755 4017 εὖ
791 3960 1167 4032 εἰργασμένων
1200 3962 1334 4033 (59),
1369 3964 1467 4036 οὐχ
1494 3960 1606 4017 οἷόν
1634 3981 1692 4017 τε
1716 3964 1859 4020 κατὰ
1885 3966 1947 4019 τὸ
1966 3965 2058 4020 εύ-

480 4051 635 4121 λογον
669 4053 924 4117 κυνιδίοις
950 4052 1186 4108 δίδοσθαι
1213 4056 1419 4127 τροφὴν
1440 4053 1564 4126 ’(60)
1606 4056 1697 4110 τὸν
1729 4055 1908 4120 καλῶς
1948 4059 2060 4131 etp-

480 4144 749 4215 γασμένον
777 4145 884 4201 τῶν
920 4146 1127 4199 τέκνων
1159 4146 1342 4217 ἄρτον.
1380 4145 1546 4199 Οὐδὲν
1568 4144 1626 4200 δὲ
1659 4146 1900 4202 τοιοῦτον
1936 4149 2058 4217 φαί-

482 4254 627 4295 νεται
661 4239 755 4292 ἐπὶ
786 4239 888 4310 τῆς
938 4238 1113 4312 Ἰησοῦ
1141 4238 1455 4308 δυνάμεως,
1490 4240 1585 4308 ἀφ’
1624 4234 1693 4312 ἦς
1724 4239 1950 4296 δυνατὸν
1989 4237 2058 4312 ἦν

481 4330 572 4382 καὶ
603 4329 672 4382 τὰ
698 4330 863 4385 τέκνα
888 4329 1343 4402 μεταλαμϐάνειν,
1383 4330 1476 4383 καὶ
1512 4315 1579 4384 τά
1598 4328 1871 4401 λεγόμενα
1904 4332 2056 4385 κυνί-

479 4420 586 4476 δια.
628 4423 767 4493 Ὅρα
802 4419 895 4476 οὖν
922 4424 1118 4494 μήπως
1151 4421 1287 4492 πρὸς
1315 4420 1403 4474 τό’
1443 4439 1460 4470 ι
1502 4421 1619 4475 Οὐκ
1653 4420 1831 4486 ἔξεστι
1872 4421 2056 4475 λαϐεῖν

2162 3226 2239 3283 vit
2273 3244 2292 3276 ι
2325 3241 2446 3295 quae
2492 3242 2600 3283 non
2638 3237 2766 3284 sunt
2790 3229 2855 3296 ",
2886 3247 2906 3283 ι
2938 3238 3151 3301 gentem
3198 3230 3306 3287 illis
3346 3231 3735 3302 intelligentem

2164 3316 2404 3380 tradens.
2446 3332 2568 3387 quae
2618 3328 2832 3389 poterat
2865 3336 3057 3391 capere
3092 3341 3111 3373 ι
3144 3323 3433 3379 stultitiam
3468 3324 3734 3392 praedica-

2164 3405 2330 3463 tionis
2354 3407 2420 3471 “,
2454 3425 2474 3458 ι
2508 3416 2561 3463 et
2606 3408 2793 3465 volens
2834 3424 3054 3466 servare
3101 3411 3228 3468 huic
3274 3428 3561 3471 assensum
3593 3430 3735 3484 pra:-

2161 3497 2371 3566 bentes,
2403 3508 2461 3554 ut
2488 3499 2755 3558 refelleret
2792 3520 2811 3551 ι
2842 3517 2903 3556 ea
2928 3517 3050 3575 qua:
3084 3511 3214 3560 sunt
3238 3504 3306 3571 “,
3338 3519 3405 3558 ex
3432 3519 3527 3561 ore
3557 3504 3738 3561 inlan-

2161 3590 2297 3646 tium
2321 3598 2375 3647 et
2406 3591 2719 3648 lactentium
2756 3593 3045 3662 perliciens
3069 3596 3172 3650 sibi
3202 3596 3416 3653 laudem
3443 3598 3513 3663 ",
3548 3617 3569 3650 ι
3597 3615 3738 3669 quo-

2161 3682 2309 3735 niam
2346 3681 2435 3737 illa
2470 3682 2686 3737 veritati
2725 3683 2947 3740 inimica
2983 3684 3126 3740 facta
3154 3697 3302 3743 sunt.
3336 3687 3474 3744 Cum
3497 3691 3737 3749 venisset

2162 3781 2344 3828 autem
2389 3772 2721 3840 Chananzea,
2771 3773 2958 3830 Jesum
3013 3783 3072 3832 ut
3125 3776 3298 3834 Deum
3346 3779 3612 3837 adorabat
3654 3783 3739 3839 di-

2160 3879 2292 3919 cens
2314 3864 2359 3898 ²⁶
2385 3882 2397 3917 :
2431 3883 2448 3915 ι
2480 3863 2729 3939 Domine,
2758 3866 2954 3939 adjuva
2986 3883 3092 3924 me.
3122 3868 3227 3935 Qui
3253 3872 3589 3940 respondens
3619 3874 3733 3932 ait:

2161 3953 2277 4008 Non
2322 3954 2449 4013 licet
2475 3970 2695 4012 sumere
2730 3971 2924 4029 panem
2967 3958 3200 4015 ﬁliorum
3237 3970 3292 4016 et
3328 3960 3544 4017 mittere
3587 3965 3738 4033 cani-

2161 4044 2285 4103 bus.
2321 4064 2340 4097 ι
2384 4044 2708 4111 Quiesirerit
2731 4055 2911 4103 autem
2950 4047 3151 4119 aliquis
3198 4043 3417 4106 sénsuin
3466 4054 3739 4109 sermonis

2162 4138 2329 4201 illius,
2364 4136 2566 4209 quippe
2591 4152 2716 4193 cum
2750 4137 2867 4193 haec
2895 4138 3111 4197 adesset
3142 4156 3342 4210 panum
3372 4157 3650 4210 mensura,
3678 4156 3737 4201 ut

2161 4244 2268 4284 non
2301 4238 2524 4298 possent
2570 4243 2739 4299 panes
2783 4230 3068 4286 comedere
3114 4231 3210 4289 ﬁlii
3257 4233 3443 4301 simul,
3486 4244 3541 4293 et
3572 4251 3738 4291 canes

2160 4324 2380 4386 domus,
2418 4321 2522 4377 nisi
2554 4321 2692 4377 alios
2729 4322 2800 4377 ab
2845 4323 3142 4380 elaboratis
3179 4326 3456 4396 panibus;
3490 4344 3599 4382 non
3637 4344 3737 4401 po-

2161 4422 2319 4478 terat,
2346 4414 2503 4481 juxta
2533 4420 2735 4466 rectam
2767 4411 3059 4477 rationem,
3085 4414 3293 4469 catellis
3325 4413 3380 4467 in
3415 4414 3732 4469 alimoniam

480 4514 571 4568 τὸν
601 4515 762 4585 ἄρτον
790 4514 897 4568 τῶν
932 4517 1158 4579 τέκνων,
1211 4532 1229 4567 ι
1285 4511 1525 4576 λεκτέον,
1573 4513 1656 4566 ὅτι
1687 4532 1705 4564 ι
1744 4513 1774 4564 ὁ
1814 4511 2057 4579 κενώσας

2165 4504 2278 4559 dari
2314 4504 2470 4575 panis
2501 4503 2737 4561 ﬁliorum
2767 4504 3100 4561 elaboratus.
3140 4504 3285 4560 Nihil
3333 4515 3512 4561 autem
3560 4507 3736 4561 simile

483 4606 674 4659 ἑαυτὸν
695 4604 774 4676 τῷ
812 4606 1022 4677 μορφὴν
1045 4604 1231 4658 δούλου
1263 4604 1615 4675 ἀνειληφέναι
1635 4648 1647 4670 ,
1687 4623 1705 4655 ι
1740 4604 1940 4675 μέτρον
1967 4605 2056 4657 δυ-

479 4698 717 4768 νάμεως,
758 4697 878 4751 καθ’
910 4698 938 4750 ὃ
967 4698 1158 4770 ἐχώρει
1183 4698 1291 4770 (6i)
1325 4697 1393 4751 τὰ
1424 4699 1482 4750 ὲν
1515 4697 1705 4774 κόσμῳ
1730 4696 2053 4769 πράγματα,

482 4788 738 4859 ἐκόμισεν
757 4805 769 4817 ·
809 4788 902 4859 ἀφ’
936 4784 1002 4860 ἧς
1024 4789 1304 4861 δυνάμεως
1352 4790 1445 4843 καὶ
1471 4788 1733 4863 ῂσθάνετό
1759 4805 1877 4845 τινα
1901 4786 2055 4861 ἐξέρ-

2163 4596 2346 4651 videre
2372 4605 2457 4652 est
2489 4596 2543 4652 in
2572 4595 2701 4653 Jesu
2745 4606 3034 4669 potestate,
3080 4598 3239 4667 cujus
3277 4598 3569 4667 participes
3617 4597 3732 4652 ﬁeri

2161 4698 2433 4759 poterant,
2475 4698 2530 4744 et
2570 4690 2687 4758 ﬁlii,
2735 4699 2790 4748 et
2834 4690 2926 4762 qui
2976 4690 3151 4745 catelli
3197 4690 3554 4760 appellantur.
3600 4687 3735 4744 Vide

2161 4784 2323 4852 igitur
2348 4800 2478 4839 num
2503 4783 2641 4843 forte
2678 4784 2967 4840 dicendum
3009 4784 3081 4838 sit
3123 4784 3188 4837 ad
3227 4783 3277 4837 id
3305 4784 3348 4814 ’⁷
3377 4800 3390 4838 :
3424 4802 3442 4837 ι
3490 4781 3606 4838 Non
3652 4792 3736 4839 est
3778 4814 3783 4821 ο

551 4950 595 4981 ¹⁵
618 4949 755 5002 Gen.
793 4963 879 5011 xv,
916 4945 994 4998 I5.
1065 4945 1108 4976 ¹⁶
1138 4945 1325 5000 Matth.
1355 4963 1446 5010 xv,
1478 4947 1569 5003 ‘22.
1605 4926 1680 4980 ’⁸⁷
1708 4945 1838 5002 ibid.
1866 4944 1957 5001 24.
2026 4942 2062 4975 ⁸⁸

2165 4942 2232 4997 id.
2304 4940 2347 4972 "
2373 4938 2416 4995 ll
2443 4939 2658 5011 Cor._v,
2687 4937 2772 5011 l6.
2837 4937 2884 4969 “
2906 4935 3179 5011 gluttias,
3318 4934 3361 4966 ²¹
3389 4933 3547 4990 Rom.
3577 4949 3654 4999 ιι,
3678 4932 3731 4987 ὕ.

479 5021 523 5054 ⁸³
559 5020 578 5073 l
618 5020 747 5074 Cor.
780 5034 817 5082 ι,
851 5016 940 5081 27,
974 5013 1064 5069 28.
1144 5016 1337 5071 “ibid.
1375 5017 1465 5071 2|.

549 5164 662 5232 (58)
709 5161 819 5217 Τὸν
840 5160 943 5232 μὴ-
964 5158 1208 5232 Ἰσραὴλ
1231 5156 1392 5232 μηδᾲ
1410 5156 1765 5232 διορατικρρ.
1792 5155 1873 5232 ita
1902 5162 2048 5211 recte

482 5225 681 5306 habent
708 5225 865 5306 codd.
901 5225 1570 5306 Vaticanus,'Anglicanus
1603 5235 1662 5306 et
1691 5225 2042 5306 Tetriniantts,

484 5319 581 5360 nec
618 5304 773 5359 aliter
803 5304 1007 5369 legerat
1053 5300 1317 5377 Erasmus
1332 5293 1451 5364 'qui
1486 5297 1642 5350 vertit
1663 5314 1681 5377 ε
1733 5315 1750 5346 ι
1784 5293 2046 5377 Videlicet

481 5387 605 5428 eum
636 5374 728 5442 qui
766 5363 1020 5445 nouerat
1056 5370 1248 5445 lsrael.
1283 5363 1465 5445 neque
1480 5366 1864 5445 ‘perspica§._r
1909 5363 2044 5445 hlale

480 5434 1030 5502 eodex'llolmiensis,
1082 5440 1173 5493 τὸν
1202 5438 1258 5491 δὲ
1295 5434 1529 5506 Ἰσραήλ,
1569 5445 1675 5492 etc.
1725 5434 1862 5491 Male
1910 5434 2041 5490 item

481 5452 647 5497 codex
685 5452 1030 5502 ltotmiensus,
1082 5452 1173 5493 τον
1202 5452 1258 5491 οε
1300 5452 1529 5559 mperat,
1569 5452 1675 5492 etc.
1725 5452 1862 5491 atate
1910 5452 2006 5490 iter

481 5513 655 5584 codex
684 5513 903 5584 Regius,
933 5511 1023 5584 τὸν
1058 5511 1153 5581 μὲν
1190 5508 1373 5584 ζίσραή
1414 5548 1427 5569 ,
1443 5516 1559 5584 .ete.
1769 5575 1781 5584 _
1954 5572 2006 5584 Μ

554 5582 665 5648 (59)
695 5572 898 5636 Ἦυκαῖ
921 5572 1151 5646 duo-vc
1178 5572 1372 5647 ἄρτων
1402 5572 1470 5631 εὖ
1503 5575 1923 5648 εἰργασμένων.
1953 5572 2044 5628 Sic

482 5646 754 5705 habebant
802 5652 959 5705 codd.
1004 5649 1180 5703 Holm.
1214 5646 1267 5704 et
1311 5648 1442 5713 Reg.
1491 5646 1815 5713 Correxerat
1858 5653 2040 5698 autem

480 5721 775 5795 aliquisad
797 5736 961 5795 oram
1007 5720 1126 5773 libri
1161 5718 1337 5773 llolm.
1376 5718 1539 5795 ἄρτον
1570 5712 1629 5770 εὖ
1664 5715 2040 5795 εἰργασμένον,

484 5805 644 5859 quam
691 5791 974 5846 lectionem
1018 5799 1236 5845 secutus
1282 5798 1366 5845 est
1418 5791 1719 5843 Erasmus:
1772 5791 1850 5839 sic
1898 5791 2040 5837 enim

1544 5017 1590 5051 ’δ
1616 5016 1746 5073 ibid.
1780 5014 1870 5071 28.
1948 5014 1994 5047 ’⁸
2020 5011 2168 5069 Psal.
2192 5025 2314 5079 vm,
2345 5011 2399 5065 5.
2479 5012 2524 5042 “
2558 5009 2750 5065 Matth.
2783 5023 2869 5073 xv,
2904 5008 2996 5062 26.
3075 5007 3118 5038 ’⁷
3147 5006 3278 5060 ibid.

2154 5150 2365 5207 reddit:
2399 5169 2417 5203 ι
2441 5148 2708 5215 Quoniam
2738 5161 2863 5202 cum
2893 5147 3106 5202 adesset
3133 5160 3196 5201 ea
3221 5159 3477 5201 mensura
3502 5158 3728 5212 panum.

2154 5232 2213 5277 ut
2250 5236 2383 5291 non_
2412 5228 2631 5291 possent
2677 5218 2931 5291 simulet
2980 5216 3073 5271 ﬁlii
3111 5217 3399 5272 comedere
3422 5229 3641 5291 _panes,
3673 5222 3730 5268 et

2152 5291 2328 5363 catelli
2360 5284 2604 5363 fa'iuiliaf,
2631 5298 2727 5343 aut
2768 5288 2856 5341 alii
2897 5300 3156 5363 praeterea
3188 5300 3383 5355 panem
3422 5284 3560 5363 bene
3594 5296 3732 5361 con-

2152 5361 2386 5426 fectum;
2418 5377 2438 5412 ι
2475 5352 2744 5427 indigesta
2789 5367 2844 5412 et
2886 5352 3203 5426 perturbato
3240 5369 3438 5413 sensu,
3490 5352 3542 5404 id
3580 5352 3729 5406 enim

2150 5432 2310 5501 plane
2340 5429 2444 5484 sibi
2467 5430 2583 5483 vult
2610 5428 3062 5501 Origenesz‘t‘lum
3090 5443 3162 5501 ea
3180 5432 3324 5481 esset
3348 5435 3730 5501 panum_men-

2151 5491 2300 5563 sura,
2336 5509 2399 5554 ut
2442 5491 2815 5568 nonpossent
2864 5498 2957 5551 lilii
3002 5497 3166 5551 simul
3215 5505 3269 5550 et
3318 5491 3490 5568 canes
3531 5491 3729 5568 domus

2151 5585 2345 5640 panem
2377 5563 2684 5633 comedere,
2723 5568 2828 5640 nisi
2860 5567 3008 5640 forte
3028 5568 3193 5619 alium
3222 5582 3252 5620 a
3276 5578 3415 5633 pane
3444 5563 3729 5617 elaborato

2150 5635 2345 5710 panem
2378 5639 2941 5710 canescomederent.
2967 5635 3233 5710 liuentis.
3289 5706 3298 5710 _
3570 5698 3612 5710 _
3683 5700 3693 5710 .

2223 5709 2335 5779 (60)
2373 5706 2626 5779 Τρυφήν.
2661 5707 2821 5763 Deest
2873 5708 2927 5761 in
2973 5707 3131 5762 codd.
3182 5706 3444 5761 Vaticano
3482 5711 3533 5757 et
3570 5698 3727 5755 Tari-

2152 5796 2336 5835 manu.
3629 5828 3634 5833 .
