4094 6290
479 349 594 404 965

1445 350 1798 406 (ΣΟΜΜΕΝΤ.
1842 350 1908 403 IN
1952 348 2368 403 BlA'l'TllzliUM
2407 348 2645 407 TOMUS
2680 352 2772 405 Xl.

3635 358 3741 416 966

477 462 540 528 εἰ,
582 477 705 514 τινα
750 460 961 531 καρπὸν
992 460 1248 531 ἐγέννησε
1275 460 1525 533 δεόμενον
1558 464 1771 527 ἰάσεως,
1801 462 1896 516 καὶ
1920 458 2053 516 οὗτος

2176 477 2297 529 ψιω
2326 463 2528 518 cadunt
2559 464 2624 518 de
2649 480 2834 521 mensa
2864 466 3210 524 dominorum
3240 485 3490 536 suorum,
3520 490 3538 524 ι
3570 475 3751 528 mitis»-

488 551 825 623 θεραπευθῇ.

477 646 591 717 ipsi
615 648 660 680 ³³
686 666 699 701 :
733 664 753 697 ο
784 645 975 715 Magna
998 656 1082 701 est
1116 646 1250 702 ﬁdes
1282 658 1394 714 tua,
1435 668 1453 700 ι
1475 657 1761 717 postquam
1793 646 2150 716 assumpserit
2176 655 2380 700 tantam
2405 648 2589 713 ﬁdem,
2620 658 2671 702 et
2703 652 2931 706 dicentis
2957 653 3001 683 ³³
3030 672 3040 707 :

2177 552 2369 606 simam
2436 564 2805 625 consequetur
2861 562 3269 627 respons'oncm
3331 562 3457 619 Jesu
3517 565 3751 622 dicentis

3083 673 3099 704 ι
3130 654 3249 708 Fiat
3280 658 3375 711 tibi
3406 657 3549 713 sicut
3587 657 3691 723 vis,
3725 676 3744 709 ι

474 751 547 801 ω
567 751 621 797 et
650 742 765 811 ipse
792 750 1040 807 sanetur,
1061 750 1115 795 et
1143 742 1186 796 si
1211 758 1371 811 quem
1399 743 1624 812 protulit
1652 742 1886 797 fructum
1923 740 2209 796 sanatione
2233 742 2588 813 indigentem,
2624 753 2846 798 sanetur
2883 755 2935 799 ct
2968 746 3077 800 ille.

746 856 885 924 Περὶ
919 854 1039 910 τῶν
1070 855 1551 923 θεραπευθέντων
1584 855 1797 924 ὄχλων.

556 987 579 1023 ι
616 967 724 1022 Καὶ
768 968 1014 1037 μεταϐὰς
1061 967 1270 1021 ἐκεῖθεν
1318 970 1346 1021 ὁ
1395 968 1617 1040 Ἰησοῦς.
1662 989 1679 1019 ι
1713 968 1878 1039 Δῆλον
1911 970 1968 1023 δὲ
2006 972 2068 1022 ὲκ

482 1058 590 1117 τῶν
627 1059 1062 1130 προειρημένων,
1106 1060 1188 1113 ὄτι
1237 1060 1344 1113 ἀπὸ
1380 1059 1487 1114 τῶν
1531 1060 1708 1133 μερῶν
1748 1060 1924 1132 Τύρου
1976 1062 2070 1114 καὶ

482 1149 715 1213 Σιδῶνος
746 1169 763 1200 ι
804 1146 936 1221 ἦλθε
976 1151 1134 1222 παρὰ⁸
1146 1151 1243 1222 τὴν
1274 1151 1546 1205 θάλασσαν
1570 1153 1668 1223 τῆς
1693 1152 1997 1217 Γαλιλαίας,
2043 1173 2062 1204 ι

480 1241 605 1310 ἥτις
648 1242 797 1296 ἐστὶν
844 1243 876 1313 ή
919 1242 1164 1314 συνήθως
1216 1242 1588 1314 ὀνομαζομένη
1634 1244 1939 1315 Γενησαρέτ
1984 1261 2066 1306 τις

483 1329 669 1404 λίμνη”
696 1333 791 1385 καὶ
824 1332 985 1387 πάλιν
1023 1352 1040 1384 ‹
1077 1333 1241 1404 ἀνέϐη
1276 1336 1356 1398 εὶς
1374 1334 1434 1386 τὸ
1461 1334 1606 1405 ὄρος,
1642 1354 1660 1386 ι
1703 1334 1830 1387 ἔνθα
1863 1334 2067 1397 ἀναϐὰς

485 1423 794 1487 ἐκαθέζετο.
839 1426 1025 1477 Ἔστιν
1055 1421 1148 1478 οὖν
1188 1427 1383 1491 εἰπεῖν,
1413 1428 1494 1479 ὅτι
1524 1427 1604 1489 εἰς
1633 1428 1693 1479 τὸ
1737 1425 1857 1496 ὄρος
1885 1426 2061 1489 τοῦτο,

484 1515 617 1567 ὅπου
633 1513 943 1578 ἐκαθέζεται
976 1518 1004 1569 ό
1055 1516 1281 1589 Ἰησοῦς,
1326 1518 1423 1588 οὐχ
1468 1518 1801 1586 ὑγιαίνοντες
1841 1518 2066 1582 ἀναϐαί-

485 1624 636 1661 νουσι
674 1608 853 1678 μόνον,
894 1607 1030 1661 ἀλλά
1058 1608 1196 1679 μετά
1222 1608 1329 1662 τῶν
1364 1610 1713 1678 ὑγιαινόντων
1745 1610 1840 1664 καὶ
1869 1612 1919 1663 οἱ
1951 1610 2065 1664 διά-

487 1718 627 1773 φορα
653 1702 796 1777 πάθη
827 1701 1173 1765 πεπονθότες.
1201 1702 1311 1756 Καὶ
1338 1704 1476 1773 τάχα
1500 1703 1655 1756 τοῦτο
1676 1704 1737 1756 τὸ
1767 1703 1912 1775 ὄρος,
1939 1703 2066 1757 ἔνθα

485 1790 694 1853 ἀναϐὰς
724 1789 1009 1855 ἐκαθέζετο
1034 1793 1062 1844 ὁ
1092 1790 1318 1862 Ἰησοῦς,
1352 1794 1384 1863 ἠ
1425 1793 1745 1866 κοινοτέρως
1782 1794 1929 1847 ἐστὶν
1951 1793 2066 1846 όνοο

478 1881 763 1953 ⁴μαζομένη
809 1881 1120 1953 Ἐκκλησία,
1154 1882 1483 1953 ἀνεστηκυῖα
1520 1882 1609 1936 διὰ
1641 1883 1732 1937 τὸν
1780 1883 1934 1953 λόγον
1970 1884 2063 1937 τοῦ

484 1976 617 2029 Θεοῦ
653 1976 801 2048 παρά
833 1977 929 2048 τὴν
951 1975 1142 2047 λοιπὴν
1184 1977 1304 2047 γῆν,
1329 1977 1421 2030 καὶ
1452 1978 1577 2040 τοὺς
1597 1979 1682 2029 ἐπ’
1703 1978 1891 2049 αὐτῆς
1931 1978 2062 2031 ὅπου

484 2067 873 2138 προσέρχονται
913 2068 1010 2137 οὐχ
1073 2068 1121 2119 οἱ
1187 2066 1427 2137 μαθηταὶ
1487 2068 1879 2131 καταλιπόντες
1938 2070 2065 2133 τοὺς

483 2157 690 2235 ὄχλους,
723 2159 799 2223 ὡς
820 2160 914 2212 ἐπὶ
946 2158 1053 2212 τῶν
1091 2159 1480 2231 μακαρισμῶν,
1508 2159 1643 2213 ἀλλά
1674 2159 1858 2222 πολλοὶ
1894 2159 2059 2232 ὄχλοι,

482 2251 677 2313 οἵτινες
702 2252 854 2304 αὐτοὶ
877 2251 975 2322 μὲν
1001 2252 1060 2303 οὐ
1088 2251 1487 2322 κατηγοροῦντο
1511 2250 1585 2325 ὡς
1606 2252 1798 2320 κωφοὶ,
1825 2253 1857 2323 ἦ
1884 2270 1936 2305 τι
1964 2269 2063 2305 πε-

483 2342 759 2406 πονθότες,
789 2341 971 2413 ἔχουσι
997 2343 1053 2395 δὲ
1095 2342 1213 2413 μεθ’
1235 2342 1443 2396 ἑαυτῶν
1473 2346 1598 2407 τοὺς
1626 2345 1919 2408 τοιούτους.
1953 2346 2063 2397 Kal.

481 2432 592 2503 γὰρ
637 2431 777 2486 ἔστιν
816 2433 945 2486 ἰδεῖν
989 2434 1127 2503 μετὰ
1162 2435 1268 2487 τῶν
1300 2435 1751 2505 προσερχομένων
1780 2436 1949 2506 ὄχλων
1983 2438 2063 2499 εἰς

480 2523 638 2578 τοῦτο
675 2524 733 2578 τὸ
758 2525 900 2596 ὄρος,
943 2524 1071 2579 ἔνθα
1101 2528 1130 2579 ὁ
1155 2527 1267 2591 υίὸς
1298 2528 1585 2592 καθέζεται
1611 2528 1704 2582 τοῦ
1729 2528 1884 2593 Θεοῦ,
1912 2530 2064 2593 τινὰς

488 2616 584 2684 μὲν
615 2616 1042 2687 κεκωφωμένους
1094 2616 1230 2687 πρὸς
1258 2618 1327 2671 τὰ
1363 2618 1829 2690 ἐπαγγελλόμενα,
1871 2619 2062 2683 ἄλλους

482 2705 538 2757 δὲ
570 2708 805 2779 τυφλοὺς
838 2706 935 2777 τὴν
964 2706 1158 2778 ψυχὴν,
1198 2710 1293 2769 καὶ
1330 2708 1403 2780 μὴ
1435 2709 1728 2778 βλέποντας
1764 2711 1824 2764 τὸ
1874 2712 2062 2784 ἀληθι-

483 2796 573 2849 νὸν
604 2796 739 2864 φῶς,
772 2799 866 2851 καὶ
899 2798 1090 2863 ἄλλους
1126 2784 1335 2869 χωλοὺς
1369 2801 1464 2853 καὶ
1495 2800 1569 2871 μὴ
1600 2802 1931 2872 δυναμένους
1964 2821 2063 2863 πο-

486 2885 738 2955 ρεύεσθαι
772 2888 911 2941 κατὰ
935 2889 1111 2958 λόγον,
1139 2891 1233 2943 καὶ
1257 2890 1446 2954 ἄλλους
1474 2892 1701 2955 κυλλοὺς
1727 2892 1837 2963 (67)
1864 2894 1959 2949 καὶ
1985 2893 2057 2965 μὴ

2585 862 2743 933 507
2802 866 2878 919 De
2908 878 3111 922 sanatis
3149 870 3334 923 turbis.

2246 972 2329 1025 18.
2375 992 2391 1022 ι
2423 972 2487 1026 Ει
2516 990 2640 1027 cum
2688 978 2973 1033 transisset
3020 979 3146 1035 inde
3189 980 3348 1037 Jesus
3378 983 3442 1037 3".
3476 1003 3494 1035 ι
3525 982 3750 1039 Constat

2170 1075 2232 1115 ex
2275 1076 2436 1130 supra
2484 1063 2676 1128 dictis,
2716 1080 2747 1119 e
2794 1069 3039 1135 partibus
3085 1068 3211 1139 Tyri
3256 1081 3307 1124 et
3350 1070 3567 1128 Sidonis
3599 1090 3618 1124 ι
3651 1087 3748 1127 ve-

2171 1152 2318 1208 nisse
2372 1155 2522 1209 illum
2576 1172 2735 1211 secus
2780 1174 2931 1213 mare
2983 1159 3302 1227 Gallittae”,
3335 1182 3353 1212 ι
3395 1165 3537 1235 quod
3589 1163 3749 1235 vulgo

2174 1250 2426 1314 stagnum
2457 1245 2753 1305 Genesaret
2778 1252 3080 1323 appellatur
3108 1272 3121 1307 :
3155 1263 3207 1314 et
3230 1270 3421 1313 rursus
3450 1274 3468 1306 ι
3501 1256 3749 1309 ascendit.

2173 1332 2225 1384 iu
2259 1346 2496 1388 montem
2520 1336 2584 1400 ‘°,
2618 1356 2636 1388 ι
2668 1338 2757 1399 ubi
2784 1347 3071 1408 postquam
3104 1342 3457 1406 ascendisset,
3501 1343 3742 1398 sedebat.

2169 1421 2322 1478 Licet
2348 1426 2511 1494 igitur
2548 1428 2731 1483 dicere
2770 1438 3010 1485 montem
3039 1432 3188 1486 illum
3232 1435 3323 1487 ubi
3371 1434 3521 1490 sedet
3562 1434 3745 1494 Jesus.

2172 1529 2280 1567 non
2327 1530 2423 1570 eos
2472 1520 2767 1574 ascendere
2805 1522 2954 1575 solos
3002 1524 3094 1591 qui
3131 1526 3248 1579 sani
3284 1538 3430 1594 sunt,
3478 1528 3572 1583 sed
3619 1544 3743 1583 cum

2172 1603 2256 1659 his
2289 1616 2343 1661 et
2373 1607 2495 1661 illos
2527 1611 2619 1680 qui
2665 1612 2833 1667 variis
2868 1614 3108 1668 alllictati
3144 1614 3361 1671 fuerant
3408 1620 3631 1677 morbis.
3667 1622 3745 1674 Ac

2169 1694 2400 1756 fortasse
2430 1714 2587 1753 mons
2626 1701 2716 1755 ille
2755 1703 2808 1755 in
2845 1719 2954 1772 quo
2992 1706 3215 1760 sedebat
3256 1706 3413 1762 Jesus
3456 1720 3743 1780 postquam

2165 1800 2289 1840 eum
2339 1793 2778 1857 conscendisset,
2827 1795 2875 1849 is
2926 1799 3140 1866 estqui
3188 1800 3474 1867 vulgatiori
3523 1803 3744 1857 nomine

2166 1877 2404 1936 Ecclesia
2441 1897 2809 1954 nuncupatur,
2844 1898 3022 1941 erecta
3054 1905 3149 1958 per
3180 1894 3405 1945 verbum
3445 1891 3539 1946 Dei
3578 1909 3742 1963 supra

2165 1971 2429 2040 reliquam
2465 1983 2688 2038 terram,
2720 1983 2772 2028 et
2806 1977 2898 2045 qui
2930 1978 2982 2030 in
3017 1994 3079 2032 ea
3117 1989 3277 2047 sunt;
3311 1997 3420 2050 quo
3455 1984 3741 2050 accedunt,

2166 2077 2270 2115 non
2305 2064 2577 2135 discipuli,
2629 2067 2834 2136 relictis
2884 2069 3077 2132 turbis,
3117 2071 3574 2139 quemadmodum
3615 2091 3739 2139 cum

2164 2151 2231 2206 de
2264 2153 2693 2215 beatitudiuibus
2719 2158 2884 2220 verba
2919 2159 3026 2213 illis
3068 2158 3209 2214 facta
3240 2170 3395 2229 sunt;
3434 2165 3525 2218 sed
3569 2166 3743 2219 turba:

2165 2244 2369 2311 mutue,
2406 2261 2526 2315 qum
2557 2246 2776 2317 quidem
2824 2265 2933 2303 non
2980 2251 3381 2313 accusabantur
3426 2255 3555 2323 ipsa:
3595 2257 3739 2324 quod

2165 2335 2363 2401 surdte,
2394 2338 2570 2393 aliove
2612 2339 2804 2393 mozbo
2842 2339 3048 2395 all‘ecta:
3082 2343 3211 2409 sint,
3256 2345 3348 2398 sed
3386 2344 3519 2398 tales
3551 2362 3736 2400 set-um

2164 2423 2383 2479 habent.
2427 2426 2560 2480 Nam
2606 2429 2658 2481 in
2699 2429 2764 2483 iis
2798 2430 2972 2485 turbis
3019 2446 3141 2499 qua:
3182 2432 3248 2486 ad
3294 2443 3531 2488 montem
3584 2435 3735 2489 illum

2164 2514 2452 2579 accedunt,
2487 2516 2578 2570 ubi
2606 2517 2755 2571 sedet
2785 2517 2958 2573 Filius
2988 2518 3103 2583 Dei,
3132 2523 3423 2578 nonnullos
3448 2525 3631 2581 videre
3653 2536 3738 2581 est

2164 2604 2229 2658 ad
2264 2622 2326 2660 ea
2357 2623 2477 2675 quae
2501 2611 2894 2678 promittuntur
2926 2615 3122 2669 surdos
3152 2613 3355 2682 factos;
3388 2617 3522 2671 alios
3552 2620 3736 2673 animo

2161 2708 2482 2763 excaeatos,
2518 2710 2572 2755 et
2602 2717 2790 2756 verum
2823 2703 3008 2759 lumen
3040 2720 3146 2758 non
3180 2707 3488 2777 intuentes;
3510 2710 3733 2764 claudos

2162 2789 2320 2854 alios,
2363 2800 2416 2845 et
2443 2791 2597 2860 juxta
2645 2804 2845 2848 rectam
2889 2796 3154 2851 rationem
3191 2799 3473 2856 ambulare
3502 2817 3608 2855 non
3641 2818 3737 2856 va-

2161 2880 2361 2948 lentes;
2415 2882 2555 2938 alios
2606 2900 2851 2950 mancos,
2902 2896 2957 2941 et
3000 2888 3159 2956 juxta
3216 2899 3415 2945 rectam
3465 2892 3731 2949 rationem

478 2973 810 3043 δυναμένους
849 2975 987 3031 κατὰ
1027 2976 1182 3046 λόγον
1221 2978 1565 3051 ἐργάζεσθαι.
1603 2977 1759 3041 Οὗτοι
1799 2984 1976 3037 τοίνυν
2009 2987 2053 3037 oi

2160 2987 2319 3042 agere
2353 2990 2459 3026 non
2488 2975 2746 3030 valentes.
2766 2975 2830 3029 Hi
2852 2994 2983 3046 ergo
3010 2980 3101 3047 qui
3136 2994 3258 3033 eum
3291 2980 3461 3035 turbis
3493 2991 3731 3037 montem

478 3063 649 3117 ταῦτα
683 3065 822 3119 κατά
862 3065 1037 3138 ψυχὴν
1072 3069 1416 3134 πεπονθότες,
1457 3072 1505 3123 οἱ
1556 3071 1693 3141 μετά
1735 3071 1843 3126 τῶν
1883 3073 2053 3144 ὄχλων

478 3153 556 3215 είς
579 3152 639 3205 τὸ
670 3153 795 3224 ὄρος
829 3156 1150 3222 ἀναϐάντες,
1189 3158 1315 3211 ἔνθα
1349 3154 1418 3230 ἦν
1456 3161 1484 3212 ὁ
1527 3162 1752 3233 Ἰησοῦς,
1800 3165 1922 3217 ὅσον
1957 3167 2053 3236 μὲν

476 3240 581 3304 ἔξω
608 3242 716 3295 τῶν
737 3244 911 3298 ποδῶν
946 3248 1050 3298 εἶσι
1078 3246 1171 3299 τοῦ
1225 3247 1420 3318 Ἰησοῦ,
1452 3250 1513 3302 οῦ
1543 3249 1931 3322 θεραπεύονται
1961 3256 2052 3309 ὑπ’

477 3330 660 3384 αὐτοῦ’
692 3334 831 3388 ὲπάν
864 3334 939 3399 δὲ,
964 3335 1039 3400 ὡς
1062 3337 1288 3391 τοιαῦτα
1314 3340 1660 3406 πεπονθότες,
1696 3344 1926 3414 ριφῶσιν
1950 3346 2052 3400 ὑπὸ

475 3421 581 3477 τῶν
610 3423 783 3495 ὄχλων
816 3426 969 3499 παρὰ
999 3430 1123 3494 τοὺς
1149 3431 1316 3495 πόδας
1353 3432 1539 3497 αὐτοῦ,
1565 3436 1658 3488 καὶ
1672 3435 1740 3489 τὰ
1770 3437 2053 3492 τελευταῖα

478 3512 568 3565 τοῦ
590 3514 840 3584 σώματος
860 3518 953 3571 τοῦ
986 3520 1245 3591 Χριστοῦ,
1268 3522 1386 3574 οὐδὲ
1418 3524 1621 3578 τούτων
1655 3524 1793 3589 ἄξιοι
1823 3526 1885 3580 τὸ
1929 3528 2052 3581 ὅσον

478 3609 559 3676 ἐφ’
592 3609 803 3673 ἑαυτοῖς
824 3613 1205 3682 τυγχάνοντες,
1245 3614 1366 3668 τότε
1402 3614 1492 3666 ὑπ’
1535 3614 1700 3667 αὑτοῦ
1730 3614 2053 3687 θεραπεύον-

476 3714 581 3751 ται.
616 3701 727 3754 Kal.
759 3702 899 3757 ἐπὰν
923 3704 1038 3775 ἴδῃς
1058 3706 1115 3758 ὲν
1150 3703 1229 3774 τῷ
1250 3705 1348 3776 τῆς
1381 3705 1680 3776 κοινότερον
1728 3706 2051 3777 Ἐκκλησίας

479 3790 776 3864 λεγομένης
792 3793 1121 3864 ἀθροίσματι
1143 3795 1507 3867 ἐρριμμένους
1545 3795 1682 3865 μετὰ
1720 3798 1846 3860 τοὺς
1865 3798 2051 3852 τελευ-

480 3883 659 3948 ταίους
696 3885 887 3955 αὐτῆς,
926 3886 1087 3940 οἱονεὶ
1114 3886 1207 3939 καὶ
1238 3886 1389 3957 παρά
1420 3886 1547 3950 τοὺς
1590 3886 1756 3950 πόδας
1802 3887 1893 3941 τοῦ
1948 3890 2051 3961 Ἰη-

481 3974 570 4026 σοῦ
617 3975 864 4047 σώματος
905 3977 1004 4048 τῆς
1060 3976 1406 4048 Ἐκκλησίας,
1436 3977 1566 4040 τοὺς
1612 3979 2050 4049 κατηχουμένους

478 4068 869 4138 προσελθόντας
904 4070 1041 4139 μετά
1063 4070 1162 4141 τῆς
1196 4070 1331 4133 ἰδίας
1366 4068 1699 4139 κοκρότητος,
1735 4071 1830 4123 καὶ¹
1858 4070 2048 4140 τυφλόο

475 4176 655 4232 τητος,
698 4160 999 4234 χωλότητος
1038 4179 1118 4225 τε,
1146 4161 1240 4215 καὶ
1264 4160 1605 4232 κυλλότητος,
1636 4161 1730 4214 καὶ
1761 4161 1840 4231 τῷ
1871 4162 2047 4234 χρόνῳ

476 4249 939 4323 θεραπευομένους
996 4251 1137 4307 κατά
1162 4251 1250 4306 τὸν
1287 4252 1477 4319 Λόγον,
1517 4251 1617 4304 οὐκ
1670 4250 1734 4306 ἂν
1778 4252 2044 4323 ἁμάρτοις

472 4343 597 4405 τοὺς
628 4342 894 4408 τοιούτους
914 4342 1108 4413 λέγων,
1136 4342 1441 4405 ἀναϐάντας
1468 4341 1604 4411 μετά
1623 4339 1730 4395 τῶν
1750 4341 1922 4412 ὄχλων
1946 4343 2046 4413 τῆς

486 4430 810 4505 Ἐκκλησίας
839 4437 917 4499 εἱς
949 4434 1010 4487 τὸ
1035 4433 1162 4506 ὄρος
1191 4435 1323 4487 ὅπου
1361 4429 1429 4505 ἦν
1467 4435 1496 4486 ὁ
1535 4431 1761 4504 Ἰησοῦς,
1790 4434 2047 4505 ὲρῤίφθαι

475 4526 622 4597 τωρά
658 4527 784 4590 τοὺς
820 4526 984 4589 πόδας
1012 4525 1197 4589 αὑτοῦ,
1246 4525 1339 4579 καὶ
1370 4522 1799 4595 τεθεραπεῦσθαι
1831 4525 2045 4589 αὐτοὺς,

470 4614 610 4668 ὥστε
638 4616 728 4669 τὸν
758 4616 910 4685 ὄχλον
937 4618 1035 4685 τῆς
1072 4616 1394 4687 Ἐκκλησίας
1420 4615 1718 4685 θαυμάζειν
1752 4615 2047 4684 βλέποντας

470 4708 579 4762 ἀπὸ
599 4706 930 4777 τηλικούτων
956 4707 1139 4761 κακῶν
1178 4707 1479 4779 μεταϐολὰς
1509 4708 1601 4761 ἐπὶ
1636 4708 1695 4760 τὸ
1720 4707 1927 4777 βέλτιον
1948 4725 2045 4777 γε-

471 4796 720 4867 νομένας,
744 4795 870 4848 ὦστ⁹
894 4796 958 4849 ἂν
990 4800 1180 4857 εἰπεῖν·
1219 4801 1279 4851 Οἱ
1312 4800 1574 4869 πρότερον
1609 4800 1782 4869 κωφοὶ
1821 4799 2043 4871 ὕστερον

469 4886 685 4946 λαλοῦσι
719 4885 829 4959 (68)
865 4886 955 4937 τὸν
982 4886 1135 4953 λόγον
1165 4887 1258 4939 τοῦ
1298 4887 1454 4949 Θεοῦ,
1491 4889 1583 4940 καὶ
1614 4890 1661 4940 οἱ
1695 4888 1856 4957 χωλοὶ
1897 4906 2046 4959 περι-

469 4980 717 5033 πατοῦσι·
760 4978 1141 5049 πληρουμένης
1179 4979 1387 5049 καὶτῆς
1411 4979 1503 5033 τοῦ
1540 4980 1757 5033 Ἡσαΐου
1781 4981 1841 5032 οὐ
1882 4980 2041 5050 μόνον

539 5180 584 5215 ³⁸
604 5181 793 5238 Matth.
833 5197 923 5248 xv,
955 5179 1047 5234 28.
1121 5177 1166 5208 ³³
1191 5176 1321 5231 ibid.
1398 5175 1648 5231 “Matth.
1677 5193 1768 5241 xv,
1795 5178 1888 5232 29.
1965 5178 2011 5210 ³⁵
2044 5178 2053 5232 i

2162 5219 2175 5231 .
2256 5178 2300 5209 "
2323 5178 2453 5233 ibid.

537 5368 646 5440 (67)
685 5370 792 5424 Kal
823 5369 908 5438 μὴ
940 5366 1314 5440 δυναμένους
1343 5366 1718 5440 gopstﬁea'Oat
1746 5365 1893 5440 κατὰ
1933 5368 2036 5420 J6-

466 5434 592 5505 νοις,
628 5434 725 5493 καὶ
753 5434 982 5502 ἄλλους
1008 5434 1297 5501 κυλλούς.
1340 5434 1466 5489 llaec
1497 5436 1549 5487 in
1586 5436 1742 5489 codd.
1773 5437 2029 5505 sulsinon

471 5504 740 5575 repererat
776 5507 1023 5573 Huetius,
1050 5509 1141 5559 sed
1169 5509 1257 5558 hic
1279 5505 1597 5573 supplentur
1626 5520 1656 5559 e
1686 5506 1844 5559 codd.
1877 5504 2025 5559 Vati-

467 5591 625 5635 cano,
653 5576 968 5645 Anglicano,
998 5587 1052 5630 et
1082 5575 1395 5645 Tariuiano.

539 5644 649 5715 (68)
692 5643 761 5699 Οἱ
784 5648 1067 5713 πρότερον
1096 5645 1291 5715 κωρρὶξ
1312 5644 1566 5715 ὕστερον
1595 5643 1877 5706 λαλοῦσι,
1923 5653 2027 5698 etc.

467 5712 726 5784 Origenes
758 5715 851 5769 lib.
888 5732 923 5768 ll
958 5712 1164 5767 Contra
1202 5712 1340 5784 Celsi.
1369 5714 1505 5784 "pari
1548 5716 1813 5784 sententia
1858 5728 1872 5763 :
1920 5714 2030 5784 :Asl.

466 5776 897 5855 γὰρνάνοίγονται
925 5784 1190 5855 ὀφθαλμοὶ
1214 5776 1428 5853 τυιρλῶν
1453 5781 1548 5853 τὴν
1577 5781 1772 5853 ψυχὴν,
1799 5784 1893 5836 καὶ
1915 5776 2028 5837 ὦτα

2157 3065 2491 3130 ascendunt,
2538 3064 2630 3119 ubi
2676 3075 2795 3119 erat
2831 3065 3010 3134 Jesus,
3060 3069 3185 3124 talia
3225 3070 3409 3125 animo
3447 3073 3734 3141 patientes,

2155 3156 2395 3224 quandiu
2424 3156 2489 3210 ad
2533 3158 2698 3225 pedes
2726 3156 2852 3213 Jesu
2901 3175 3009 3213 non
3049 3169 3212 3225 sunt,
3249 3162 3319 3217 ab
3360 3163 3454 3217 illo
3493 3179 3602 3219 non
3637 3181 3737 3225 sa-

2102 3244 2105 3247 ’
2155 3255 2385 3313 nantur;
2424 3262 2547 3301 cum
2592 3264 2723 3302 vero
2762 3264 2794 3304 a
2832 3251 3007 3327 turbis
3058 3252 3124 3306 ad
3170 3253 3336 3321 pedes
3386 3254 3531 3313 illius
3572 3262 3627 3311 et
3665 3256 3734 3311 ad

2153 3345 2399 3393 extrema
2439 3340 2686 3408 corporis
2714 3339 2922 3397 Christi
2962 3342 3188 3412 projecti
3229 3353 3378 3409 sunt,
3419 3353 3604 3417 utpote
3635 3347 3735 3416 ‘qui

2154 3429 2355 3485 talibus
2389 3430 2594 3485 morbis
2623 3430 2901 3498 laborent,
2941 3432 3137 3487 horum
3184 3434 3423 3504 alioquin
3466 3445 3731 3506 quantum

2152 3519 2372 3589 quidem
2404 3520 2468 3574 ad
2505 3521 2627 3574 illos
2663 3521 2853 3576 attinet
2892 3523 3124 3591 indigni,
3152 3532 3280 3577 tunc
3308 3525 3376 3578 ab
3411 3525 3504 3580 illo
3534 3541 3733 3580 sanan-

2154 3617 2261 3673 tnr,
2300 3606 2366 3662 Et
2409 3625 2533 3663 cum
2574 3609 2776 3664 videris
2811 3612 2865 3663 in
2900 3609 3157 3665 Ecclesiae
3197 3612 3359 3681 vulgo
3391 3613 3549 3667 dictae
3600 3628 3734 3668 cons

2152 3699 2468 3771 gregatione
2506 3700 2964 3766 catechumenos,
2994 3703 3087 3773 qui
3132 3719 3255 3761 cum
3295 3704 3509 3773 propria
3543 3706 3728 3761 surdi-

2154 3799 2284 3855 tate,
2321 3798 2377 3844 et
2400 3791 2664 3855 caecitate,
2695 3792 3118 3859 claudicatione,
3149 3811 3214 3849 ac
3242 3795 3518 3851 debilitate
3547 3812 3733 3852 acces-

2150 3889 2372 3947 serunt,
2406 3881 2679 3951 proiectos
2718 3890 2842 3951 post
2873 3883 3001 3938 illos'
3038 3884 3131 3953 qui
3170 3884 3223 3938 in
3255 3900 3317 3939 ea
3359 3885 3532 3939 ultimi
3565 3897 3728 3957 sunt,

2149 3981 2203 4025 ct
2233 3973 2378 4027 velut
2410 3973 2475 4027 ad
2512 3973 2674 4041 pedes
2702 3974 2953 4043 corporis
2979 3974 3186 4030 Christi
3214 3994 3334 4044 qua:
3353 3985 3437 4032 est
3464 3977 3725 4042 Ecclesia,

2147 4070 2202 4115 et
2230 4062 2553 4130 procedente
2589 4071 2832 4131 tempore
2864 4061 3025 4123 Verbi
3069 4079 3170 4133 ope
3210 4074 3468 4131 sanatos;
3507 4066 3727 4123 minime

2147 4152 2356 4207 errabis
2380 4168 2502 4207 cum
2535 4153 2683 4207 dices
2710 4153 2864 4218 tales,
2894 4165 3184 4225 postquam
3210 4158 3573 4212 ascenderunt
3600 4176 3724 4214 cum

2148 4244 2324 4298 turbis
2348 4243 2604 4298 Ecclesiae
2642 4244 2695 4297 in
2724 4255 2960 4299 montem
2992 4247 3081 4300 ubi
3106 4254 3224 4300 erat
3246 4246 3426 4316 Jcsus,
3452 4249 3725 4319 projectos

2076 4310 2120 4364 Β
2144 4333 2320 4395 luisse
2349 4335 2415 4388 ad
2443 4335 2605 4404 pedes
2633 4335 2801 4399 illius,
2832 4346 2885 4391 et
2920 4346 3165 4401 sanatos,
3211 4338 3349 4393 adeo
3386 4310 3725 4396 tit-Ecclesia:

2151 4426 2310 4480 turba
2337 4442 2368 4480 a
2392 4427 2557 4481 tantis
2583 4428 2742 4482 malis
2778 4428 2831 4482 in
2861 4431 3057 4486 melius
3088 4431 3420 4487 mutationes
3451 4433 3724 4503 aspiciens

2150 4516 2396 4584 tniretur,
2435 4518 2509 4571 ita
2542 4526 2601 4572 ιιι
2627 4519 2805 4585 dicat;
2836 4521 2927 4590 qui
2957 4522 3109 4591 prius
3133 4523 3459 4589 mutierant,
3491 4524 3724 4594 loquun-

2149 4618 2238 4662 tur
2267 4609 2463 4664 deinde
2497 4610 2721 4665 verbum
2754 4609 2870 4677 Dei,
2911 4620 2965 4667 et
3010 4610 3187 4667 claudi
3226 4614 3505 4670 ambulant
3540 4634 3554 4670 :
3596 4630 3720 4670 cum

2148 4701 2435 4770 impleatur
2467 4717 2576 4755 non
2629 4703 2681 4756 in
2714 4705 2992 4774 corporeis
3027 4706 3243 4770 solum,
3289 4705 3382 4760 sed
3419 4715 3474 4760 et
3517 4707 3570 4761 in
3606 4708 3719 4777 spis-

2148 4792 2437 4846 ritualibus
2472 4793 2753 4862 prophetia
2782 4794 2930 4848 lsaize
2957 4795 3188 4849 dicentis
3209 4795 3286 4847 ³⁷ε
3328 4812 3345 4845 ε
3380 4795 3531 4851 Tunc
3565 4798 3721 4851 saliet

2148 4883 2289 4937 sicut
2320 4899 2513 4938 cervus
2548 4884 2806 4945 claudus,
2859 4884 3023 4953 508
3064 4894 3117 4939 et
3156 4894 3338 4953 aperta
3393 4886 3493 4940 erit
3538 4887 3719 4958 lingua

2148 4976 2315 5044 muti;
2354 4996 2370 5028 ι
2416 4986 2470 5030 et
2502 4976 2612 5031 illic
2654 4976 2896 5045 quidem,
2952 4975 3059 5031 nisi
3101 4974 3325 5032 fortuito
3356 4977 3563 5035 dictum
3594 4990 3714 5035 est:

2533 5179 2576 5210 ³⁷
2606 5178 2708 5233 lsa.
2735 5187 2899 5240 mw,
2928 5178 2980 5232 6.

2139 5369 2247 5422 τῶν
2290 5368 2762 5453 έκκεκωφημιένων
2808 5367 2943 5453 πρὸς
2962 5366 3187 5453 ’λόγους
3222 5366 3478 5453 aper-ﬁgi,“
3496 5365 3717 5453 ἀκούειν

2141 5438 2436 5510 προθύμως
2460 5435 2599 5519 περῖ
2617 5438 2774 5519 Θεοῦ1
2806 5435 3041 5519 καὶτῆς.
3059 5438 3187 5519 παρ’
3212 5435 3378 5519 αὑτοῦ
3402 5438 3426 5519 τί
3450 5436 3489 5519 Τ.
3531 5435 3714 5519 αὐτῷ)

2143 5504 2418 5579 μακαρίας
2446 5504 2839 5579 ζωῆςῇπολλολ
2872 5506 2926 5579 δὲ
2958 5504 3049 5579 καλ
3078 5504 3239 5579 χωλοὶ
3269 5504 3367 5567 τὰς
3400 5504 3595 5579 ﬁdas-zu;
3618 5504 3715 5579 τοῦ

2140 5573 2233 5645 (ὡς
2265 5573 2309 5647 η’
2332 5578 2515 5647 Γραφὴ
2541 5573 2846 5643 ὠνόμασεν)
2876 5574 2989 5647 ᾼὲσω
3018 5573 3329 5647 ἀνθριέιπου,
3380 5574 3474 5626 νῦν
3504 5573 3608 5647 τοῦ,

2136 5643 2232 5714 γου
2261 5643 2553 5714 ξασαμένου
2595 5647 2809 5709 αὐτοὺς,
2836 5645 2932 5714 οὐχ
2964 5643 3151 5709 ἁπλῶς
3182 5643 3433 5699 ἀλλονται
3453 5683 3469 5713 ,
3497 5644 3612 5699 ἀλλ’
3640 5645 3713 5711 ὡς

2137 5695 2350 5786 ἔλαφος.
2395 5695 2654 5769 ilumws.

3726 5890 3762 5908 Α
