4094 6290
466 419 591 473 οτι
1967 409 2083 464 οιιι

2228 407 2292 463 15
3713 412 3840 468 9τὲ

491 551 555 592 se
583 535 848 590 duntaxat
877 531 1071 585 habere
1097 525 1322 593 dicunt;
1351 526 1439 581 hic
1461 540 1592 582 vero
1627 526 1694 581 de
1733 535 1940 597 septem
1967 543 2060 597 ρας
2093 538 2108 586 Α

2234 529 2372 582 ὶδύο
2399 528 2586 599 ίχθύας
2622 530 2784 597 φασιν
2810 531 2858 583 οἱ
2901 531 3140 602 μαθηταὶ
3167 530 3308 601 ἔχειν
3337 530 3582 599 μόνους
3616 529 3700 580 οὐ
3735 544 3851 579 πυ·-

492 628 680 688 nibus,
704 634 758 679 ct
787 621 971 691 paucis
997 617 1270 688 pisciculis
1305 618 1658 688 interroganti
1700 621 2024 688 respondent
2050 637 2062 671 :

2236 619 2402 689 péwp-
2470 619 2657 672 ἐνθάδε
2715 621 2770 673 δὲ
2831 620 3119 692 πυθομένῳ
3181 622 3624 693 ἀποκρίνονται
3703 624 3853 690 περὶ

491 727 548 771 et
581 717 689 770 illic
719 712 931 782 quidem
961 709 1116 778 jubet
1147 716 1397 764 catervas
1425 709 1698 776 reclinari,
1722 710 1805 764 vel
1828 709 2066 763 discum-

2232 715 2308 768 ττά
2343 717 2522 786 ἀρτων
2554 717 2646 767 καὶ
2671 715 2865 782 ὀλίγων
2898 716 3165 786 ἰχθυδίων·
3209 695 3369 769 κάκεῖ
3404 716 3533 785 μὲν
3590 713 3849 766 κελεύει

491 808 623 862 here
654 817 818 870 super
849 815 1071 871 gramen
1094 816 1107 865 ;
1144 799 1365 868 scripsit
1385 799 1585 868 quippe
1612 799 1787 854 Lucas
1812 799 1855 830 “
1883 818 1893 851 :
1929 817 1947 848 ι
1975 797 2068 851 Fa-

2226 807 2292 868 ιύς
2317 806 2506 875 ὄχλους
2531 806 2906 876 ἀνακλιθῆναι,
2927 807 2957 877 ἢ
2985 807 3277 860 ἀναπεσεῖν
3302 809 3392 861 ἐπὶ
3413 806 3537 861 τοῦ
3577 806 3843 877 χόρτου·

489 897 595 952 cite
629 894 791 963 510
823 892 942 947 illos
971 891 1342 957 discumbere;
1379 910 1399 942 ι
1427 893 1504 946 ait
1533 903 1712 945 autem
1749 889 1965 944 Marcus
1984 890 2064 942 ⁸³ε

2223 895 2263 946 t‘t
2296 895 2402 964 γὰρ
2428 898 2455 947 ό
2484 896 2716 960 Λουκᾶς,
2749 914 2766 945 ι
2809 895 3180 949 Κατακλίνατε
3201 898 3417 961 αὐτοὺς,
3459 918 3484 949 ι
3543 897 3840 966 ἀνέγρα-

497 1004 518 1040 σ
553 984 818 1053 Praecepit
851 983 988 1044 illis,
1022 991 1082 1035 ut
1112 981 1433 1036 accumbere
1483 981 1724 1036 facerent
1770 995 1998 1041 omnes;
2044 998 2061 1031 ι

2226 1006 2256 1040 ε·
2277 990 2370 1041 καὶ
2395 989 2422 1040 ὁ
2447 989 2687 1061 Μάρκος,
2724 1009 2740 1040 ι
2786 989 3067 1053 Ἐπέταξε,
3103 1009 3120 1041 ι
3153 991 3333 1062 φησὶν,
3360 1011 3378 1042 ι
3417 991 3656 1051 αὐτοῖς
3684 991 3843 1042 πάν-

493 1078 580 1132 hic
613 1086 793 1129 autem
827 1087 933 1126 non
963 1071 1149 1140 jubet,
1177 1070 1270 1124 sed
1309 1069 1591 1124 denuntiat
1639 1070 1808 1123 turbae
1851 1077 1910 1122 ut
1950 1068 2067 1122 dis-

2220 1097 2269 1142 ις
2302 1079 2606 1133 ἀνακλῖναι*
2642 1100 2660 1130 ι
2704 1081 2886 1134 ἐνθάδε
2923 1081 2979 1134 δὲ
3005 1082 3064 1134 οὐ
3101 1081 3330 1146 κελεύει,
3375 1082 3532 1135 ἀλλὰ
3575 1099 3837 1152 παρατ-

491 1169 712 1226 cumbat
739 1185 751 1220 :
778 1166 887 1221 illic
908 1179 1102 1218 rursus
1129 1162 1320 1216 iisdem
1358 1160 1538 1215 verbis
1561 1161 1747 1215 dicunt
1771 1169 1882 1214 tres
1905 1174 2066 1213 evan-

2212 1174 2345 1227 έλλει
2371 1171 2482 1243 (77)
2515 1173 2594 1244 τῷ
2627 1173 2765 1244 ὄχλῳ
2789 1174 3157 1245 ἀνακλιθῆναι·
3197 1175 3357 1228 πάλιν
3381 1178 3508 1229 ἐκεῖ
3541 1175 3673 1246 μὲν
3717 1169 3829 1227 αὐ-

491 1257 808 1331 gelistaa“:
847 1275 864 1306 ι
899 1253 1148 1323 Acceptis
1187 1253 1427 1322 quinque
1475 1250 1729 1320 panibus,
1767 1258 1821 1304 et
1857 1250 2068 1305 duobus

2214 1267 2288 1328 ιτς
2310 1264 2519 1328 λέξεσιν
2544 1265 2590 1316 oi
2631 1267 2778 1334 rps'r;
2810 1265 3190 1333 εὐαγγελισταί
3237 1278 3420 1334 φασιν,
3454 1268 3586 1329 ὅτι,
3627 1285 3651 1317 ι
3711 1269 3831 1318 Λα-

491 1350 733 1422 piscibus
775 1345 1129 1416 aspicientem
1176 1344 1230 1397 in
1279 1343 1476 1398 caelum
1526 1341 1896 1407 benedixissc;
1926 1359 1942 1392 ι
1981 1341 2069 1396 hic

2207 1355 2280 1409 ὼν
2312 1357 2436 1418 τοὺς
2461 1356 2619 1408 πέντε
2651 1356 2846 1427 ἄρτους
2880 1356 2975 1408 καὶ
3007 1359 3132 1420 τοὺς
3163 1357 3255 1410 δύο
3284 1356 3496 1428 ἰχθύας,
3547 1354 3824 1409 ἀναελὲ-

491 1451 707 1504 autem,
765 1436 1227 1508 quemadmodum
1293 1435 1629 1503 scripserunt
1687 1432 1973 1487 Matthzcus
2017 1443 2070 1488 et

2206 1463 2274 1509 ιας
2309 1448 2386 1509 εἰς
2421 1445 2510 1497 τὸν
2531 1446 2758 1515 οὐρανὸν
2777 1446 3097 1516 ηὐλόγησεν·
3128 1447 3312 1500 ὲνθάδε
3339 1448 3416 1509 δὲ,
3448 1448 3536 1510 ὡς
3579 1448 3617 1498 ὀ
3647 1447 3823 1498 Ματ-

492 1533 709 1588 Marcus
737 1532 805 1596 "",
851 1547 872 1582 ι
909 1529 1110 1599 gratias
1159 1535 1403 1597 agentem
1444 1523 1627 1578 Jesum
1670 1523 1927 1593 fregisse;
1963 1543 1980 1574 ι
2018 1533 2070 1578 et

2205 1540 2320 1600 αἷος
2349 1538 2442 1590 καὶ
2469 1537 2692 1608 Μάρκος
2729 1537 3060 1609 ἀνέγραψαν,
3097 1557 3116 1588 ι
3148 1539 3587 1608 Εὐχαριστήσας
3622 1539 3660 1588 ὁ
3708 1537 3819 1606 Ἰη-

491 1626 603 1681 illic
647 1622 867 1693 quidem
928 1634 1090 1688 super
1140 1616 1323 1671 fenum
1370 1615 1755 1676 discumbunt;
1800 1615 1886 1668 hic
1943 1629 2070 1668 vero

2200 1625 2300 1688 τοῦς
2332 1626 2547 1678 ἐκλασε’
2592 1645 2612 1676 ι
2647 1626 2808 1679 κάκεῖ
2838 1627 2935 1696 μὲν
2969 1628 3061 1679 ἐπὶ
3085 1627 3179 1680 τοῦ
3209 1628 3400 1698 χόρτου
3441 1626 3817 1679 ἀνακλίνου-

490 1716 842 1772 discumbunt
897 1725 1062 1781 super
1103 1720 1328 1768 terram.
1382 1709 1442 1760 In
1496 1707 1580 1760 his
1632 1714 1810 1759 autem
1863 1719 2071 1774 quaeres

2198 1733 2279 1770 ἀι’
2312 1717 2499 1771 ἐνθάδε
2545 1717 2600 1770 δὲ
2641 1718 2733 1770 ἐπὶ
2779 1717 2876 1788 τὴν
2916 1718 3022 1788 γῆν
3059 1718 3442 1772 ἀναπίπτουσι.
3490 1718 3815 1788 Ζητήσεις

489 1803 910 1873 discrepantiam
944 1798 1173 1853 Joannis
1201 1794 1499 1851 secundum
1537 1795 1676 1859 loca,
1707 1794 1796 1860 qui
1833 1793 1898 1846 de
1933 1792 2069 1846 faci-
2103 1864 2106 1872 η

2194 1808 2227 1862 ἑὲ
2254 1810 2310 1862 ὲν
2337 1812 2446 1872 τοῖς
2488 1809 2629 1862 κατά
2666 1810 2790 1873 τούς
2817 1811 3014 1872 τόπους
3047 1809 3106 1862 τὸ
3138 1809 3230 1862 τοῦ
3272 1810 3518 1863 Ἰωάννου
3554 1810 3811 1881 παρηλ-

491 1907 626 1952 nore
660 1863 753 1949 illo
787 1907 954 1964 agens
996 1887 1214 1958 scripsit
1251 1885 1437 1941 Jesum
1481 1884 1688 1939 dixisse
1714 1885 1757 1916 δε
1789 1903 1809 1938 :.
1839 1903 1856 1934 ι
1888 1883 2069 1938 Facite
2103 1864 2108 1918 1

2182 1863 2454 1970 kaypévov',
2475 1899 2533 1963 ὃς
2556 1901 2640 1952 ἐπ’
2668 1902 2759 1953 ὲκε
2769 1863 2881 1970 ίνης
2912 1863 3010 1971 μὲν
3031 1901 3130 1970 τῆς
3154 1900 3403 1972 πράξεως
3426 1863 3799 1971 ἀνέγραξιιεν,

493 1988 745 2042 homines
780 1983 1140 2044 discumbere,
1177 1997 1197 2030 ι
1239 1986 1446 2033 etcum
1493 1977 1696 2047 gratias
1734 1975 1955 2044 egisset,
2002 1975 2069 2028 de

2188 1993 2250 2044 ὃτι
2276 1987 2428 2042 εἶπεν
2452 1991 2480 2042 ό
2497 1989 2722 2060 Ἰησοῦς·
2753 1992 3048 2061 «Ποιήσατε
3070 1992 3194 2052 τοὺς
3215 1989 3536 2060 ἀνθρώπους
3560 1993 3805 2044 ἀναπε-

492 2080 726 2150 panihus
753 2076 967 2130 dedisse
1000 2069 1470 2127 discumbentibus
1498 2087 1510 2122 :
1543 2067 1706 2136 hujus
1738 2073 1917 2119 autem
1952 2080 2070 2117 om-

2192 2083 2303 2146 re't’v,
2338 2101 2356 2132 ›
2391 2080 2484 2134 καὶ
2505 2081 2586 2132 ὅτι
2619 2081 3012 2151 εὐχαριστήσας
3034 2081 3200 2134 ἔδωκε
3230 2081 3340 2142 τοῖς
3371 2081 3809 2150 ἀνακειμένοις·

493 2173 626 2227 nino
658 2184 764 2224 non
805 2166 1066 2222 meminit.
1105 2163 1554 2218 Animadvertens
1586 2171 1764 2214 autem
1810 2157 2066 2212 differen—

2174 2175 2276 2228 ἀπὸ
2302 2174 2410 2226 τῶν
2439 2173 2640 2245 ἀρτωνο
2679 2173 2882 2242 ταύτης
2921 2173 2976 2226 δὲ
3014 2174 3134 2226 οὐδὲ
3161 2172 3261 2245 τὴν
3288 2171 3461 2245 ἀρχὴν
3507 2174 3791 2244 ἐμνημὸ-

493 2263 644 2328 tiam,
664 2259 958 2316 secundum
986 2257 1125 2321 loca,
1149 2269 1336 2308 eorum
1367 2266 1488 2322 qua
1513 2251 1578 2305 de
1607 2250 1838 2320 panibus
1865 2250 2064 2318 scripta

2166 2284 2346 2340 ysuca.
2376 2267 2664 2337 Προσὲχων
2693 2263 2785 2320 οὖν
2819 2269 2883 2337 τῇ
2912 2267 3143 2337 διαφορᾷ
3164 2265 3292 2331 τῶν,
3325 2266 3466 2320 κατὰ
3499 2268 3644 2331 τοὺς
3684 2267 3783 2320 76-

491 2364 644 2419 suut,
677 2353 798 2406 illos
821 2349 1073 2405 existimo
1103 2346 1309 2401 ordinis
1331 2359 1452 2399 esse
1481 2341 1877 2412 praestantioris
1899 2356 2064 2411 quam

2180 2374 2322 2422 πους,
2359 2359 2448 2410 ἐπὶ
2473 2359 2582 2420 τοῖς
2615 2357 2795 2426 ἄρτοις
2827 2358 3244 2428 γεγραμμένων,
3291 2356 3512 2420 τούτους
3548 2357 3797 2427 νομίζω

491 2445 647 2507 istos,
685 2441 942 2512 quoniam
975 2438 1047 2492 illi
1083 2436 1403 2490 nutriuntur
1429 2435 1491 2487 in.
1520 2441 1723 2496 monte,
1756 2432 1844 2486 isti
1882 2431 1936 2484 in
1973 2431 2066 2485 de-

2167 2446 2440 2518 τάγματος
2471 2442 2608 2500 εἶναι
2628 2447 2970 2519 διαφέροντος
2994 2447 3120 2518 παρ’
3153 2447 3412 2510 ἐκείνουςο
3437 2447 3634 2519 διόπερ
3670 2441 3781 2501 οὗ-

490 2544 638 2592 scrto
690 2534 845 2598 loco;
892 2530 966 2584 illi
1025 2537 1312 2598 postquam
1366 2524 1546 2578 triduo
1591 2521 1776 2578 .lesum
1823 2521 2066 2577 comitati

2170 2557 2248 2592 τοι
2281 2541 2379 2610 μὲν
2409 2539 2466 2592 ὲν
2493 2537 2608 2609 ὄρει
2640 2539 2926 2609 τρέφονται
2960 2537 3092 2607 (78),
3137 2539 3331 2591 éxsivm
3371 2538 3425 2591 δὲ
3464 2539 3522 2591 ὲν
3558 2539 3787 2610 ὲρήμῳυ

490 2634 656 2692 sunt;
695 2625 782 2678 isti
837 2636 966 2676 vero
1016 2634 1112 2690 per
1165 2631 1332 2671 unum
1389 2616 1656 2670 duntaxat
1696 2614 1863 2680 diem,
1909 2613 2066 2682 cujus

2166 2629 2336 2699 τόπῳ*
2371 2631 2466 2681 καὶ
2491 2620 2633 2680 οὗτοι
2667 2628 2765 2697 μὲν
2808 2631 2958 2697 τρεῖς
2991 2629 3428 2699 παραμείναντες
3455 2627 3534 2698 τῷ
3577 2627 3780 2700 Ἰησοῦ

489 2729 714 2785 vespere
743 2711 928 2766 nutriti
957 2707 1388 2764 sunt.Pra’terca
1415 2705 1459 2758 si
1479 2704 1619 2758 idem
1648 2718 1753 2756 non
1777 2710 1861 2757 est
1880 2701 2064 2756 Jesum

2169 2721 2402 2792 ἡμέρας,
2429 2721 2620 2772 ἐκεῖνοι
2643 2719 2698 2772 δὲ
2728 2719 2876 2789 μίαν,
2903 2715 2970 2790 ἦς
3003 2722 3060 2772 ἐν
3088 2722 3156 2790 τῇ
3181 2719 3386 2789 ἑσπέρᾳ
3410 2719 3776 2790 ἐτράφησαν.⁴

491 2821 684 2882 sponte
723 2806 1030 2868 fecisse,.ac
1064 2799 1257 2854 fecisse
1289 2804 1573 2866 postquam
1619 2795 1672 2849 id
1711 2810 1832 2850 esse
1869 2793 2069 2848 facien-

2171 2812 2291 2864 Ἔτι
2321 2811 2377 2864 δὲ
2403 2813 2450 2864 εί
2484 2810 2558 2881 μὴ
2597 2810 2790 2862 ταυτόν
2820 2811 2935 2862 ἐστι
2967 2810 3027 2862 τὸ
3051 2810 3142 2878 ἀφ’
3184 2808 3376 2862 ἑαυτοῦ
3405 2810 3628 2880 ποιῆσαι
3661 2809 3777 2862 τὸν·

490 2904 622 2957 dum
653 2915 682 2954 a
709 2895 992 2966 discipulis
1025 2891 1342 2961 accepisset,
1373 2887 1494 2941 vide
1533 2902 1714 2940 annon
1761 2885 2067 2955 praecellant

2180 2903 2402 2972 Ἰησοῦν,
2447 2902 2524 2972 τῷ
2557 2902 2666 2954 ἀπὸ
2708 2901 2815 2954 τῶν
2861 2901 3114 2972 μαθητῶν
3162 2899 3468 2954 ἀκούσαντα
3520 2901 3765 2972 πρᾶξαι,

491 2995 528 3048 ii
573 2991 666 3062 qui
717 2987 1036 3043 beneﬁcium
1067 2989 1392 3051 acceperunt
1435 2996 1473 3034 a.
1507 2978 1656 3043 Jcsu,
1705 2994 1771 3032 ex
1826 2987 2066 3045 tempore

2166 2993 2266 3062 δρα
2307 2993 2356 3044 εί
2402 2991 2474 3061 μὴ
2522 2991 2866 3062 διαφέρουσιν
2912 2993 2960 3044 οἱ
3000 2990 3448 3064 εὐεργετηθέντες
3494 2991 3599 3042 ὐπὸ
3650 2990 3767 3043 τοῦ.

494 3089 749 3154 pasccnte
777 3081 918 3142 illos,
950 3087 1010 3131 ut
1041 3075 1305 3130 benelicio
1349 3073 1469 3126 illos
1498 3071 1877 3140 obstringeret.
1907 3066 2063 3133 Quod

2180 3079 2376 3153 Ἰησοῦ,
2402 3081 2627 3136 αὐτόθεν
2668 3082 2760 3135 ἐπὶ
2799 3081 2874 3152 τῷ
2914 3082 3270 3153 εὐεργετῆσαι
3307 3081 3600 3152 θρέψαντος
3642 3083 3749 3136 αὐ-

495 3177 543 3231 si
571 3173 867 3230 secundum
891 3169 1154 3223 Joannem
1180 3167 1222 3200 "
1253 3164 1537 3220 hordeacei
1591 3170 1752 3216 erant
1801 3175 1990 3229 panes,
2033 3173 2062 3212 e
2091 3193 2112 3251 ί

2168 3175 2308 3236 τούς.
2336 3174 2397 3226 Εί
2433 3173 2488 3226 δὲ
2521 3172 2662 3226 κατά
2718 3173 2969 3244 Ἰωάννην
3022 3173 3251 3245 κρίθινοι
3296 3171 3434 3245 ἦσαν
3475 3176 3521 3228 οἱ
3563 3176 3755 3245 ἄρτων

495 3268 698 3341 quibus
725 3261 1111 3332 superfuerunt
1147 3254 1366 3327 cephini
1405 3252 1713 3316 duodecim,
1743 3266 1843 3304 nec
1886 3249 2064 3303 simile
2106 3249 2112 3251 ’

2163 3268 2256 3337 ἀφ’
2310 3259 2384 3320 ὧν
2427 3264 2818 3336 ἐπερίσσευσαν
2872 3265 2922 3316 οἱ
2971 3264 3174 3318 δώδεκα
3232 3264 3452 3334 κόφινοι,
3492 3264 3642 3316 οὐδὲν
3678 3265 3752 3317 δὲ,

499 3340 772 3433 quidpiam
818 3355 886 3409 dc
929 3351 1046 3407 istis
1095 3349 1312 3415 dicitur,
1360 3345 1633 3418 quomodo
1680 3342 1951 3412 prioribus
2009 3340 2062 3392 hi

2162 3359 2400 3414 τοιοῦτον
2425 3358 2554 3429 περὶ
2592 3357 2796 3412 τούτων
2826 3357 3064 3426 λέγεται,
3099 3357 3214 3420 πῶς
3243 3357 3306 3409 οὐ
3339 3356 3567 3426 βελτίους
3587 3349 3733 3410 οὗτοι

495 3467 604 3508 non
637 3446 1006 3521 praestabunt?
1053 3443 1131 3497 Ac
1183 3443 1398 3496 illorum
1445 3438 1664 3508 quidem
1711 3456 1728 3488 ι
1778 3433 2065 3503 languidos

2164 3451 2314 3523 παρὰ
2341 3452 2466 3514 τοὺς
2496 3449 2822 3521 προτέρους;
2848 3449 3130 3502 Κάκείνων
3158 3449 3256 3519 μὲν
3277 3450 3401 3511 τοὺς
3433 3447 3732 3520 ἀρρώστους

499 3544 710 3600 curavit
731 3541 798 3606 '°;
832 3559 849 3592 ι
878 3539 964 3593 hic
996 3547 1308 3592 autemnon
1350 3531 1636 3602 languidos
1665 3532 1756 3599 qui
1795 3545 1916 3582 cum
1951 3537 2064 3580 tur-

2164 3544 2544 3616 ἐθεράπευσεν*
2577 3541 2810 3595 ἐνταῦθα
2840 3541 2896 3594 δὲ
2929 3541 3054 3603 τοὺς
3088 3540 3228 3609 μετά
3278 3539 3384 3592 τῶν
3425 3539 3595 3610 ὄχλων
3642 3541 3742 3594 οὐκ

500 3637 582 3691 bis
613 3645 768 3690 erant
791 3634 1018 3696 curavit,
1057 3627 1150 3683 sed
1177 3641 1370 3690 caecos,
1401 3634 1448 3678 et
1479 3623 1722 3688 claudos,
1765 3633 1817 3677 ct
1862 3631 2062 3683 unitos,

2163 3635 2476 3709 ἀρρώστους
2508 3633 2818 3705 θεραπεύει,
2844 3630 2976 3685 ἀλλά
3000 3631 3250 3698 τυφλοὺς,
3284 3631 3376 3684 καί
3400 3632 3624 3702 χωλοὺς,
3653 3633 3754 3685 καὶ

495 3737 550 3783 et
580 3740 836 3790 mancos;
875 3722 1018 3776 unde
1062 3729 1116 3774 et
1169 3734 1332 3787 super
1377 3718 1483 3770 illis
1532 3715 1799 3769 mirantur
1831 3725 2065 3783 quatuor

2164 3727 2402 3796 κωφοὺς,
2433 3727 2524 3779 καὶ⁵
2549 3724 2789 3786 κυλλούς·
2823 3723 2900 3776 διὸ
2923 3723 3016 3775 καὶ
3044 3723 3134 3774 ἐπὶ
3158 3723 3368 3786 τούτοις
3408 3724 3504 3793 μὲν
3531 3722 3743 3793 θαυμά-

497 3820 699 3884 millia;
735 3819 801 3871 de
843 3813 1112 3886 languidis
1158 3821 1337 3865 autem
1372 3809 1507 3863 nihil
1543 3808 1648 3862 tale
1692 3807 1894 3860 dictum
1937 3815 2060 3860 est:

2164 3815 2346 3880 ζουσιν
2375 3818 2424 3869 οἱ
2449 3813 2898 3886 τετρακισχίλιουΔ
2917 3814 3007 3865 ἐπὶ
3031 3813 3085 3865 δὲ
3108 3816 3219 3876 τοῖς
3253 3812 3554 3883 ἀρρώστοις
3593 3815 3750 3868 οὐδὲν

496 3909 903 3982 ργεεειεηιίοηε
947 3915 1124 3960 autem
1168 3912 1315 3964 sunt,
1361 3902 1576 3970 opinor,
1606 3900 1700 3970 qui
1744 3900 1810 3952 de
1857 3908 2066 3966 septem

2163 3905 2399 3958 τοιοῦτον
2425 3905 2690 3958 λέλεκται.
2711 3905 3004 3975 Κρείττους
3025 3903 3082 3956 δέ
3107 3905 3261 3966 εἰσιν,
3284 3900 3455 3973 οἶμαι,
3475 3904 3524 3956 οἱ
3543 3905 3739 3974 φαγόν-

493 4002 724 4074 panibus
765 3999 1136 4062 comederunt,
1171 4010 1268 4064 pro
1312 3994 1514 4063 quibus
1545 3999 1678 4046 actae
1710 3997 1838 4044 sunt
1877 3989 2066 4060 gratia:

2163 4013 2254 4058 τες
2283 3995 2389 4047 ἀπὸ
2425 3992 2532 4046 τῶν
2555 3991 2692 4045 ἑπτὰ
2726 3993 3226 4063 εὐχαριστηθέντων
3259 3995 3458 4064 ἀρτων,
3493 3993 3600 4044 τῶν
3637 4011 3744 4062 φα-

495 4095 561 4148 iis
602 4093 693 4163 qui
740 4092 806 4146 de
849 4090 1091 4160 quinque
1137 4086 1428 4140 bcuedictis
1462 4083 1844 4148 comederunt;
1881 4091 1934 4135 et
1970 4080 2063 4149 qui

2164 4088 2366 4155 γόντων
2406 4085 2515 4139 ἀπὸ
2558 4086 2717 4138 πέντε
2759 4084 3187 4155 εὐλογηθέντων·
3233 4085 3325 4137 καὶ
3374 4085 3422 4136 oi
3481 4085 3745 4152 φαγόντες

495 4186 845 4240 comederunt
875 4183 940 4236 de
972 4179 1158 4249 paucis
1189 4175 1486 4246 pisciculis,
1515 4175 1580 4228 iis
1611 4174 1703 4242 qui
1747 4174 1812 4226 de
1850 4171 2066 4226 duobus

2167 4178 2273 4232 ἀπὸ
2317 4177 2424 4230 τῶν
2463 4176 2658 4244 ὀλίγων
2695 4175 2944 4246 ἰχθυδίων
2986 4173 3132 4246 παρὰ
3161 4176 3284 4236 τοὺς
3329 4174 3600 4242 φαγόντας
3635 4173 3757 4225 ἀπὸ

493 4277 878 4340 comederunt;
912 4272 1138 4326 forsitan
1165 4269 1310 4323 etilli
1342 4269 1434 4337 qui
1466 4281 1626 4336 super
1659 4275 1855 4319 teriam
1883 4265 2066 4318 discu-

2162 4270 2271 4323 τῶν
2298 4269 2361 4339 β’·
2390 4270 2530 4338 τάχα
2555 4267 2609 4320 δὲ
2644 4268 2738 4320 καὶ
2774 4269 2822 4319 οί
2847 4266 3208 4328 ἀνα-πεσόντες
3246 4267 3336 4317 ἐπὶ
3363 4266 3459 4335 τὴν
3481 4264 3602 4332 γῆν.
3631 4265 3758 4315 Καὶ.

493 4373 761 4434 buerunt;
797 4377 848 4421 et
880 4365 952 4418 illi
987 4364 1200 4432 quidem
1233 4377 1261 4415 c
1295 4359 1640 4430 paucioribus
1672 4358 1903 4426 panibus
1928 4358 2062 4410 duo-

2166 4364 2363 4416 ἐκεῖνοι
2408 4362 2505 4431 μὲν
2541 4359 2648 4412 ἀπὸ
2693 4358 3032 4429 ὀλιγωτέρων
3064 4359 3239 4428 ἀρτων
3264 4357 3463 4411 δώδεκα
3487 4356 3737 4423 κοφίνους

493 4462 667 4517 decim
695 4460 959 4528 cophinos
987 4455 1332 4520 relinquunt;
1365 4451 1414 4504 hi
1445 4466 1568 4505 vero
1593 4465 1622 4504 e
1644 4451 1888 4518 pluribus
1911 4463 2064 4515 spor-

2167 4452 2598 4506 καταλείπουσιν·
2625 4443 2770 4502 οὗτοι
2793 4450 2849 4502 δὲ
2873 4451 2979 4503 ἀπὸ
3005 4450 3266 4503 πλειόνων⁴
3286 4447 3422 4499 ἐπτὰ
3450 4445 3747 4516 σπυρίδας,

497 4568 579 4608 tas
606 4563 831 4622 septem,
867 4545 1007 4614 quod
1039 4544 1190 4611 plura
1216 4551 1269 4594 et
1295 4541 1553 4608 ampliora
1586 4556 1778 4610 capere
1809 4547 2062 4609 possent;
2095 4543 2114 4601 Ι

2122 4543 2240 4614 )τῷ
2279 4542 2716 4614 χωρητικώτεροι
2765 4536 2904 4595 εἶναι
2947 4540 3222 4612 μειζόνωνο
3278 4539 3372 4591 καὶ
3405 4536 3542 4607 τάχα
3595 4531 3739 4590 οὗτοι

492 4657 546 4700 et
578 4645 807 4697 fortasse
835 4637 1052 4706 quidem
1085 4633 1157 4686 illi
1194 4643 1406 4685 terrena
1433 4633 1614 4685 omnia
1647 4631 1986 4701 proculcant,
2007 4638 2062 4684 et

2171 4636 2268 4707 μὲν
2300 4635 2634 4688 ἐπιϐαίνουσι
2671 4633 2782 4704 (79)
2812 4633 3027 4685 πάντων
3063 4631 3171 4683 τῶν
3207 4630 3430 4699 γηΐνων,
3465 4627 3561 4680 καὶ
3613 4629 3745 4680 ἀνα-

496 4751 656 4804 supcr
686 4733 776 4785 illa
805 4726 1187 4790 discumbunt;
1227 4723 1280 4776 lii
1327 4737 1454 4775 vero
1501 4739 1666 4791 super
1703 4722 1930 4788 Renum,
1968 4739 2059 4777 su-

2167 4728 2453 4780 πίπτουσιν
2483 4721 2572 4778 ἐπ’
2595 4723 2794 4776 αὐτῶν·
2824 4726 2871 4776 οἱ
2896 4724 2939 4776 δ’
2980 4723 3073 4775 ἐπὶ
3095 4721 3188 4774 τοῦ
3215 4722 3428 4792 χόρτου,
3455 4721 3546 4772 ἐπὶ
3575 4720 3740 4790 μόνης

494 4841 589 4894 per
641 4823 808 4876 solam
854 4818 1106 4872 videlicet
1157 4830 1374 4870 carnem
1435 4828 1631 4868 suam:
1669 4833 1686 4864 ι
1723 4813 1912 4869 Omnis
1963 4814 2057 4868 sed

2165 4821 2262 4890 τῆς
2299 4815 2504 4888 σαρκὸς
2529 4817 2727 4870 αὐτῶν·
2777 4837 2794 4868 ι
2838 4818 2994 4870 Πᾶσα
3031 4835 3048 4867 ›
3093 4815 3202 4887 γὰρ
3241 4834 3258 4864 ι
3306 4814 3439 4886 σὰρξ
3475 4815 3682 4886 χόρτος.
3716 4833 3741 4864 ι-

493 4916 636 4970 enim
674 4927 801 4966 caro
837 4912 1039 4964 foenum
1067 4911 1132 4960 δι.
1168 4927 1186 4959 ι
1222 4907 1348 4960 Post
1377 4906 1463 4958 illa
1491 4911 1652 4958 etiam
1689 4907 2057 4961 animadverte

2166 4910 2406 4980 Πρόσχες
2447 4907 2539 4960 καὶ
2594 4906 2731 4977 μετὰ
2776 4907 2967 4970 ταῦτα,
3016 4907 3096 4959 ὃτι
3150 4904 3371 4967 τούτους
3414 4904 3678 4971 ἀπολῦσαι
3711 4905 3741 4956 ό

492 5007 676 5061 Iesum
709 5004 975 5057 dimittere
1017 5017 1108 5055 eos
1141 4999 1358 5066 jejunos
1401 4999 1544 5051 nolle
1581 5000 1647 5063 δ’,
1696 5014 1762 5052 ne
1808 4998 2058 5054 deﬁciant

2175 4999 2378 5070 Ἰησοῦς
2409 5001 2620 5071 νήστεις
2646 5001 2705 5052 οὐ
2732 4999 2891 5063 θέλει,
2916 4999 3000 5052 ἵνα
3025 4999 3097 5070 μὴ
3133 4997 3450 5062 ἐκλυθῶσιν,
3491 4998 3567 5060 ὡς
3596 4996 3739 5049 κενοὶ

495 5108 676 5168 utpote
705 5094 936 5164 panibus
956 5091 1082 5146 .lcsu
1115 5093 1292 5156 vacui,
1316 5098 1366 5144 et
1396 5090 1777 5144 detritncntmn
1804 5101 2062 5159 praeterea

2165 5091 2273 5145 τῶν
2305 5091 2482 5162 ἄρτων
2523 5090 2718 5161 Ἰησοῦ,
2748 5091 2841 5145 καὶ
2874 5091 2953 5144 ἔτι
2984 5093 3040 5143 ὲν
3058 5093 3122 5161 τῇ
3146 5089 3248 5160 όδῷ
3273 5090 3649 5160 τυγχάνοντες,
3673 5090 3737 5158 τῇ

492 5191 705 5260 capiant
734 5187 785 5239 in
821 5187 928 5244 via.
975 5199 1095 5252 quae
1137 5183 1202 5236 ad
1243 5197 1328 5236 res
1370 5182 1697 5236 domesticas
1735 5183 1902 5235 ducit.
1950 5183 2057 5236 0b-

2165 5181 2256 5234 ὲπὶ
2279 5179 2346 5233 τὰ
2365 5179 2560 5244 οἰκεῖα,
2593 5179 2848 5249 βλαὸῶσι.
2891 5181 3203 5252 Σημείωσαι
3234 5179 3292 5232 δὲ
3325 5178 3378 5230 εί
3413 5195 3514 5232 που
3543 5179 3739 5247 ἀναγέ-

492 5296 643 5336 serva
673 5286 851 5332 autem
894 5275 1064 5330 sicubi
1111 5274 1370 5342 scriptum
1419 5281 1500 5326 est
1545 5271 1730 5328 Jesum
1761 5274 2056 5340 dimisisse,

2165 5288 2404 5344 γραπται
2445 5271 2476 5321 ὁ
2521 5271 2725 5340 Ἰησοῦς
2771 5271 3181 5335 ἀπολελυκέναι,
3232 5271 3300 5323 ἵν’
3337 5269 3455 5341 ἴδῃς
3475 5270 3737 5340 διαφορὰν

563 5423 606 5451 ’⁸⁸
631 5418 762 5472 Luc.
790 5430 865 5482 lx,
896 5416 983 5469 Μ.
1061 5415 1103 5445 ⁵³
1131 5412 1294 5467 Marc.
1342 5430 1414 5478 Vl,
1465 5411 1552 5466 59.
1629 5413 1674 5443 ⁵⁸
1697 5412 1882 5466 Matth.
1943 5429 2052 5475 xw,
2106 5415 2171 5468 19

2116 5415 2206 5477 19;
2267 5411 2430 5464 Marc.
2464 5427 2536 5473 vr,
2591 5412 2685 5473 4|;
2741 5410 2872 5464 Luc.
2925 5429 2997 5471 ix,
3035 5411 3126 5482 l6.
3168 5413 3242 5482 7"
3270 5408 3457 5482 Matth.
3504 5424 3594 5473 xv,
3625 5409 3733 5472 36;

491 5489 655 5543 Marc.
691 5499 808 5552 v‘m,
840 5479 891 5540 6.
966 5483 1187 5538 “Joan.
1222 5501 1294 5550 γι,
1329 5484 1408 5536 l0.
1487 5483 1532 5515 δ’
1558 5483 1712 5545 ibid.,
1743 5483 1828 5537 15.
1899 5484 1944 5514 ⁸ο
1975 5483 2104 5538 Matt

1899 5484 1944 5514 ⁸ο
1975 5483 2163 5538 Matth.
2195 5499 2302 5548 xw,
2338 5482 2422 5534 14.
2501 5481 2544 5512 δ’
2574 5483 2680 5535 lsa.
2707 5497 2795 5545 XL,
2830 5481 2881 5535 6.
2961 5483 3005 5513 "
3032 5480 3220 5534 Matth.
3253 5495 3339 5543 xv,
3365 5479 3452 5532 52.

561 5607 672 5676 (77)
701 5605 937 5676 ’Σῂθὰδε
972 5604 1038 5658 δὲ
1067 5606 1138 5659 οὐ
1167 5603 1415 5676 κελεύει,
1442 5603 1600 5657 ἀλλὰ
1633 5600 2050 5676 παροιγγδξέλλειἶ
2162 5616 2178 5676 ς

2162 5599 2375 5676 deserto
2405 5607 2560 5653 crant
2602 5614 2613 5648 :
2662 5596 2850 5652 Matth.
2881 5596 3096 5676 Δειη-55
3123 5612 3134 5649 :
3175 5615 3194 5646 ι
3226 5593 3382 5650 Unde
3415 5609 3545 5663 ergo
3580 5591 3737 5647 nobis

492 5664 862 5744 Παραγγέλλει
898 5676 1112 5742 quidem
1163 5674 1306 5743 apud
1342 5664 1582 5744 Marcum
1604 5711 1619 5735 ,
1660 5664 1926 5737 vfuft'G,
1961 5672 2055 5726 sed

1918 5713 1926 5736 ,
1961 5672 2055 5726 sed
2163 5669 2216 5723 in
2246 5670 2471 5744 deserto
2493 5683 2660 5744 panes
2689 5669 2961 5744 tantos?_»
2993 5664 3072 5744 lo.
3113 5737 3137 5744 Α
3187 5736 3197 5744 _
3532 5694 3535 5698 ε

492 5730 712 5800 κε).εύέι’
733 5745 872 5806 apud
906 5730 1087 5796 Matth.
1119 5730 1215 5803 xv:
1239 5744 1326 5796 55.
1356 5730 1625 5796 Hunnus.
1777 5730 1786 5736 ⁷
1841 5761 1845 5765 ·
1913 5730 1923 5737 ⁷

2236 5738 2345 5808 (79)
2367 5730 2654 5808 Καὶῖτάχα
2675 5732 2838 5793 οὗτοι
2858 5735 2974 5805 μὲν
3001 5736 3394 5800 ἐπιϐαίνουσι,
3427 5747 3529 5788 etc.
3556 5730 3736 5787 Theo-

563 5812 677 5887 (78)
719 5811 891 5866 Οὗτοι
914 5813 1116 5878 μὲνέν
1137 5813 1259 5881 ὄρει
1294 5811 1626 5879 τρέφονται,
1659 5819 1765 5867 ctc.
1799 5809 1862 5864 Et
1895 5812 1968 5864 illi
1998 5812 2053 5864 in
2163 5826 2180 5880 ι

952 5813 1116 5864 εὲνὲν
1137 5813 1259 5881 ὄρει
1294 5811 1626 5879 τρέφονται,
1659 5819 1765 5867 ctc.
1799 5809 1862 5864 Et
1895 5812 1968 5864 illi
1998 5812 2053 5864 in
2163 5810 2470 5882 phylactus.
2496 5807 2569 5864 lo.
