  <div class='ocr_page' id='page_1' title='image "/cluster/home/n/w/nwhite01/storage/ocr_20150623/13/mdp.39015007036059/490.png"; bbox 0 0 4094 6290; ppageno 0'>
   <div class='ocr_carea' id='block_1_1' title="bbox 441 386 548 457">
    <p class='ocr_par' dir='ltr' id='par_1_1' title="bbox 441 386 548 457">
     <span class='ocr_line' id='line_1_1' title="bbox 441 386 548 457; baseline -0.037 -1"><span class='ocrx_word' id='word_1_1' title='bbox 441 386 548 457; x_wconf 68' lang='grc'><strong>973</strong></span> 
     </span>
    </p>
   </div>
   <div class='ocr_carea' id='block_1_2' title="bbox 1416 384 2745 461">
    <p class='ocr_par' dir='ltr' id='par_1_2' title="bbox 1416 384 2745 461">
     <span class='ocr_line' id='line_1_2' title="bbox 1416 384 2745 461; baseline 0.005 -7"><span class='ocrx_word' id='word_1_2' title='bbox 1416 387 1768 456; x_wconf 63' lang='grc' dir='ltr'><strong>ΕΟΜΜΕΝὙ.</strong></span> <span class='ocrx_word' id='word_1_3' title='bbox 1807 400 1872 454; x_wconf 81' lang='lat' dir='ltr'><strong>IN</strong></span> <span class='ocrx_word' id='word_1_4' title='bbox 1909 384 2322 458; x_wconf 53' lang='lat' dir='ltr'><strong>umnam:</strong></span> <span class='ocrx_word' id='word_1_5' title='bbox 2359 389 2595 460; x_wconf 71' lang='lat' dir='ltr'><strong>Tomis</strong></span> <span class='ocrx_word' id='word_1_6' title='bbox 2632 390 2745 461; x_wconf 76' lang='lat' dir='ltr'><strong>xu.</strong></span> 
     </span>
    </p>
   </div>
   <div class='ocr_carea' id='block_1_3' title="bbox 3589 404 3698 470">
    <p class='ocr_par' dir='ltr' id='par_1_3' title="bbox 3589 404 3698 470">
     <span class='ocr_line' id='line_1_3' title="bbox 3589 404 3698 470; baseline 0 -1"><span class='ocrx_word' id='word_1_7' title='bbox 3589 404 3698 470; x_wconf 68' lang='lat'><strong>9&#39;“</strong></span> 
     </span>
    </p>
   </div>
   <div class='ocr_carea' id='block_1_4' title="bbox 442 516 2008 594">
    <p class='ocr_par' dir='ltr' id='par_1_4' title="bbox 442 516 2008 589">
     <span class='ocr_line' id='line_1_4' title="bbox 442 516 2008 589; baseline 0.003 -21"><span class='ocrx_word' id='word_1_8' title='bbox 442 517 555 570; x_wconf 84' lang='grc' dir='ltr'>τῶν</span> <span class='ocrx_word' id='word_1_9' title='bbox 585 516 719 587; x_wconf 79' lang='grc' dir='ltr'>μετᾶ</span> <span class='ocrx_word' id='word_1_10' title='bbox 767 517 827 569; x_wconf 76' lang='grc' dir='ltr'><strong>τὸ</strong></span> <span class='ocrx_word' id='word_1_11' title='bbox 869 519 1138 589; x_wconf 63' lang='grc' dir='ltr'>τραφῆναι</span> <span class='ocrx_word' id='word_1_12' title='bbox 1181 520 1271 572; x_wconf 79' lang='grc' dir='ltr'>ὑπ’</span> <span class='ocrx_word' id='word_1_13' title='bbox 1311 517 1475 572; x_wconf 84' lang='grc' dir='ltr'>αὑτοῦ</span> <span class='ocrx_word' id='word_1_14' title='bbox 1507 517 1904 582; x_wconf 80' lang='grc' dir='ltr'><strong>ἀπολυθέντων,</strong></span> <span class='ocrx_word' id='word_1_15' title='bbox 1931 519 2008 572; x_wconf 47' lang='grc' dir='ltr'><strong>καλ</strong></span> 
     </span>
    </p>
   </div>
   <div class='ocr_carea' id='block_1_5' title="bbox 2108 516 3691 594">
    <p class='ocr_par' dir='ltr' id='par_1_5' title="bbox 2127 518 3691 594">
     <span class='ocr_line' id='line_1_5' title="bbox 2127 518 3691 594; baseline 0.006 -22"><span class='ocrx_word' id='word_1_16' title='bbox 2127 527 2187 572; x_wconf 85' lang='grc' dir='ltr'><strong>ιιι</strong></span> <span class='ocrx_word' id='word_1_17' title='bbox 2213 519 2400 574; x_wconf 88' lang='lat' dir='ltr'><strong>videas</strong></span> <span class='ocrx_word' id='word_1_18' title='bbox 2429 536 2620 575; x_wconf 89' lang='lat' dir='ltr'><strong>eorum</strong></span> <span class='ocrx_word' id='word_1_19' title='bbox 2663 520 3021 577; x_wconf 70' lang='lat' dir='ltr'><strong>differentiam</strong></span> <span class='ocrx_word' id='word_1_20' title='bbox 3045 562 3060 588; x_wconf 92' lang='lat'><strong>,</strong></span> <span class='ocrx_word' id='word_1_21' title='bbox 3104 518 3528 594; x_wconf 62' lang='lat' dir='ltr'><strong>qui’postquam</strong></span> <span class='ocrx_word' id='word_1_22' title='bbox 3577 529 3691 582; x_wconf 81' lang='lat' dir='ltr'><strong>aliti</strong></span> 
     </span>
    </p>
   </div>
   <div class='ocr_carea' id='block_1_6' title="bbox 441 607 2020 683">
    <p class='ocr_par' dir='ltr' id='par_1_6' title="bbox 441 607 2020 683">
     <span class='ocr_line' id='line_1_6' title="bbox 441 607 2020 683; baseline 0.001 -23"><span class='ocrx_word' id='word_1_23' title='bbox 441 608 552 661; x_wconf 81' lang='grc' dir='ltr'><strong>τῶν</strong></span> <span class='ocrx_word' id='word_1_24' title='bbox 575 607 746 670; x_wconf 77' lang='grc' dir='ltr'>ἄλλως</span> <span class='ocrx_word' id='word_1_25' title='bbox 775 609 1173 663; x_wconf 72' lang='grc' dir='ltr'><strong>ἀπολυθέντων.</strong></span> <span class='ocrx_word' id='word_1_26' title='bbox 1208 610 1564 683; x_wconf 85' lang='grc' dir='ltr'>Παράδειγμα</span> <span class='ocrx_word' id='word_1_27' title='bbox 1601 609 1660 664; x_wconf 82' lang='grc' dir='ltr'>δὲ</span> <span class='ocrx_word' id='word_1_28' title='bbox 1685 608 1857 675; x_wconf 80' lang='grc' dir='ltr'>άλλως</span> <span class='ocrx_word' id='word_1_29' title='bbox 1886 611 2020 662; x_wconf 83' lang='grc' dir='ltr'>ἀπο-</span> 
     </span>
    </p>
   </div>
   <div class='ocr_carea' id='block_1_7' title="bbox 441 700 2014 772">
    <p class='ocr_par' dir='ltr' id='par_1_7' title="bbox 441 700 2014 772">
     <span class='ocr_line' id='line_1_7' title="bbox 441 700 2014 772; baseline 0.001 -20"><span class='ocrx_word' id='word_1_30' title='bbox 441 701 688 763; x_wconf 77' lang='grc' dir='ltr'><strong>λυθέντος</strong></span> <span class='ocrx_word' id='word_1_31' title='bbox 708 700 785 752; x_wconf 89' lang='grc' dir='ltr'>τό·</span> <span class='ocrx_word' id='word_1_32' title='bbox 821 720 839 750; x_wconf 87' lang='grc' dir='ltr'><strong>ι</strong></span> <span class='ocrx_word' id='word_1_33' title='bbox 871 702 1054 765; x_wconf 88' lang='grc' dir='ltr'>Γύναι,</span> <span class='ocrx_word' id='word_1_34' title='bbox 1077 701 1401 755; x_wconf 79' lang='grc' dir='ltr'><strong>ἀπολέλυσαι</strong></span> <span class='ocrx_word' id='word_1_35' title='bbox 1433 703 1533 772; x_wconf 83' lang='grc' dir='ltr'>τῆς</span> <span class='ocrx_word' id='word_1_36' title='bbox 1549 702 1831 766; x_wconf 76' lang='grc' dir='ltr'><strong>ἀσθενείας</strong></span> <span class='ocrx_word' id='word_1_37' title='bbox 1852 719 1966 754; x_wconf 91' lang='grc' dir='ltr'>σου.</span> <span class='ocrx_word' id='word_1_38' title='bbox 1996 720 2014 753; x_wconf 81' lang='grc' dir='ltr'><strong>ι</strong></span> 
     </span>
    </p>
   </div>
   <div class='ocr_carea' id='block_1_8' title="bbox 442 787 2023 864">
    <p class='ocr_par' dir='ltr' id='par_1_8' title="bbox 442 787 2023 864">
     <span class='ocr_line' id='line_1_8' title="bbox 442 787 2023 864; baseline 0.001 -22"><span class='ocrx_word' id='word_1_39' title='bbox 442 791 585 861; x_wconf 81' lang='grc' dir='ltr'>Πρὸς</span> <span class='ocrx_word' id='word_1_40' title='bbox 613 791 670 844; x_wconf 82' lang='grc' dir='ltr'>δὲ</span> <span class='ocrx_word' id='word_1_41' title='bbox 693 792 904 856; x_wconf 83' lang='grc' dir='ltr'><strong>τούτοις</strong></span> <span class='ocrx_word' id='word_1_42' title='bbox 928 794 978 845; x_wconf 82' lang='grc' dir='ltr'><strong>οἱ</strong></span> <span class='ocrx_word' id='word_1_43' title='bbox 1007 793 1107 863; x_wconf 77' lang='grc' dir='ltr'>μὲν</span> <span class='ocrx_word' id='word_1_44' title='bbox 1137 787 1224 846; x_wconf 66' lang='grc' dir='ltr'>ἀεὶ</span> <span class='ocrx_word' id='word_1_45' title='bbox 1255 793 1504 856; x_wconf 81' lang='grc' dir='ltr'><strong>συνόντες</strong></span> <span class='ocrx_word' id='word_1_46' title='bbox 1526 792 1604 863; x_wconf 83' lang='grc' dir='ltr'>τῷ</span> <span class='ocrx_word' id='word_1_47' title='bbox 1649 792 1824 864; x_wconf 79' lang='grc' dir='ltr'><strong>Ἰησοῦ</strong></span> <span class='ocrx_word' id='word_1_48' title='bbox 1855 793 2023 862; x_wconf 87' lang='grc' dir='ltr'>μαθη-</span> 
     </span>
    </p>
   </div>
   <div class='ocr_carea' id='block_1_9' title="bbox 437 875 2020 953">
    <p class='ocr_par' dir='ltr' id='par_1_9' title="bbox 437 875 2020 953">
     <span class='ocr_line' id='line_1_9' title="bbox 437 875 2020 953; baseline 0.001 -18"><span class='ocrx_word' id='word_1_49' title='bbox 437 881 530 937; x_wconf 76' lang='grc' dir='ltr'>ταὶ</span> <span class='ocrx_word' id='word_1_50' title='bbox 561 884 660 936; x_wconf 83' lang='grc' dir='ltr'><strong>οὐκ</strong></span> <span class='ocrx_word' id='word_1_51' title='bbox 689 878 1014 938; x_wconf 80' lang='grc' dir='ltr'><strong>ἀπολύονται</strong></span> <span class='ocrx_word' id='word_1_52' title='bbox 1049 885 1146 938; x_wconf 84' lang='grc' dir='ltr'><strong>ἀπ’</strong></span> <span class='ocrx_word' id='word_1_53' title='bbox 1176 882 1362 937; x_wconf 76' lang='grc' dir='ltr'>αὐτοῦ’</span> <span class='ocrx_word' id='word_1_54' title='bbox 1399 886 1447 936; x_wconf 87' lang='grc' dir='ltr'>οἱ</span> <span class='ocrx_word' id='word_1_55' title='bbox 1479 877 1535 936; x_wconf 73' lang='grc' dir='ltr'>δὲ</span> <span class='ocrx_word' id='word_1_56' title='bbox 1573 884 1719 953; x_wconf 77' lang='grc' dir='ltr'>ὄχλοι</span> <span class='ocrx_word' id='word_1_57' title='bbox 1757 875 2020 952; x_wconf 83' lang='grc' dir='ltr'>φαγόντες</span> 
     </span>
    </p>
   </div>
   <div class='ocr_carea' id='block_1_10' title="bbox 439 969 2018 1045">
    <p class='ocr_par' dir='ltr' id='par_1_10' title="bbox 439 969 2018 1045">
     <span class='ocr_line' id='line_1_10' title="bbox 439 969 2018 1045; baseline -0.001 -17"><span class='ocrx_word' id='word_1_58' title='bbox 439 973 788 1028; x_wconf 80' lang='grc' dir='ltr'>ἀπολύονται.</span> <span class='ocrx_word' id='word_1_59' title='bbox 815 975 974 1028; x_wconf 80' lang='grc' dir='ltr'>Καθά</span> <span class='ocrx_word' id='word_1_60' title='bbox 997 975 1160 1029; x_wconf 84' lang='grc' dir='ltr'>πάλιν</span> <span class='ocrx_word' id='word_1_61' title='bbox 1182 978 1230 1028; x_wconf 85' lang='grc' dir='ltr'>οἱ</span> <span class='ocrx_word' id='word_1_62' title='bbox 1263 970 1501 1045; x_wconf 76' lang='grc' dir='ltr'>μαθηταὶ</span> <span class='ocrx_word' id='word_1_63' title='bbox 1523 974 1685 1044; x_wconf 84' lang='grc' dir='ltr'>μηδὲν</span> <span class='ocrx_word' id='word_1_64' title='bbox 1717 969 1856 1044; x_wconf 81' lang='grc' dir='ltr'>μέγα</span> <span class='ocrx_word' id='word_1_65' title='bbox 1885 991 2018 1044; x_wconf 89' lang='grc' dir='ltr'>φρο-</span> 
     </span>
    </p>
   </div>
   <div class='ocr_carea' id='block_1_11' title="bbox 439 1059 2020 1136">
    <p class='ocr_par' dir='ltr' id='par_1_11' title="bbox 439 1059 2020 1136">
     <span class='ocr_line' id='line_1_11' title="bbox 439 1059 2020 1136; baseline 0.001 -19"><span class='ocrx_word' id='word_1_66' title='bbox 439 1065 656 1128; x_wconf 84' lang='grc' dir='ltr'>νοῦντες</span> <span class='ocrx_word' id='word_1_67' title='bbox 681 1065 810 1136; x_wconf 73' lang='grc' dir='ltr'>περὶ</span> <span class='ocrx_word' id='word_1_68' title='bbox 842 1059 942 1136; x_wconf 78' lang='grc' dir='ltr'><strong>τῆς</strong></span> <span class='ocrx_word' id='word_1_69' title='bbox 972 1065 1282 1128; x_wconf 84' lang='grc' dir='ltr'>Χαναναίας</span> <span class='ocrx_word' id='word_1_70' title='bbox 1307 1063 1492 1134; x_wconf 69' lang='grc' dir='ltr'><strong>φασιν⁸</strong></span> <span class='ocrx_word' id='word_1_71' title='bbox 1523 1069 1551 1116; x_wconf 79' lang='grc' dir='ltr'><strong>ἰ</strong></span> <span class='ocrx_word' id='word_1_72' title='bbox 1600 1065 1894 1118; x_wconf 84' lang='grc' dir='ltr'>Ἀπόλυσον</span> <span class='ocrx_word' id='word_1_73' title='bbox 1922 1067 2020 1118; x_wconf 81' lang='grc' dir='ltr'><strong>αὺ-</strong></span> 
     </span>
    </p>
   </div>
   <div class='ocr_carea' id='block_1_12' title="bbox 437 1150 2020 1229">
    <p class='ocr_par' dir='ltr' id='par_1_12' title="bbox 437 1150 2020 1229">
     <span class='ocr_line' id='line_1_12' title="bbox 437 1150 2020 1229; baseline 0 -20"><span class='ocrx_word' id='word_1_74' title='bbox 437 1156 560 1228; x_wconf 79' lang='grc' dir='ltr'>τὴν,</span> <span class='ocrx_word' id='word_1_75' title='bbox 611 1157 693 1209; x_wconf 83' lang='grc' dir='ltr'>ὅτι</span> <span class='ocrx_word' id='word_1_76' title='bbox 733 1155 923 1228; x_wconf 75' lang='grc' dir='ltr'>κράζει</span> <span class='ocrx_word' id='word_1_77' title='bbox 963 1156 1186 1210; x_wconf 79' lang='grc' dir='ltr'>ὄπισθεν</span> <span class='ocrx_word' id='word_1_78' title='bbox 1231 1150 1406 1227; x_wconf 66' lang='grc' dir='ltr'>ήμῶνδ</span> <span class='ocrx_word' id='word_1_79' title='bbox 1445 1175 1462 1207; x_wconf 80' lang='grc' dir='ltr'><strong>ι</strong></span> <span class='ocrx_word' id='word_1_80' title='bbox 1495 1159 1523 1210; x_wconf 92' lang='grc' dir='ltr'><strong>ό</strong></span> <span class='ocrx_word' id='word_1_81' title='bbox 1559 1157 1615 1210; x_wconf 81' lang='grc' dir='ltr'>δὲ</span> <span class='ocrx_word' id='word_1_82' title='bbox 1649 1156 1839 1229; x_wconf 82' lang='grc' dir='ltr'>Σωτὴρ</span> <span class='ocrx_word' id='word_1_83' title='bbox 1864 1150 2020 1210; x_wconf 61' lang='lat' dir='ltr'><strong>ossa-</strong></span> 
     </span>
    </p>
   </div>
   <div class='ocr_carea' id='block_1_13' title="bbox 443 1241 2020 1319">
    <p class='ocr_par' dir='ltr' id='par_1_13' title="bbox 443 1241 2020 1319">
     <span class='ocr_line' id='line_1_13' title="bbox 443 1241 2020 1319; baseline -0.001 -18"><span class='ocrx_word' id='word_1_84' title='bbox 443 1247 562 1319; x_wconf 79' lang='grc' dir='ltr'><strong>μῶς</strong></span> <span class='ocrx_word' id='word_1_85' title='bbox 583 1247 754 1318; x_wconf 81' lang='grc' dir='ltr'>αὐτὴν</span> <span class='ocrx_word' id='word_1_86' title='bbox 785 1243 1034 1301; x_wconf 78' lang='grc' dir='ltr'>ἀπολύων</span> <span class='ocrx_word' id='word_1_87' title='bbox 1062 1241 1327 1317; x_wconf 79' lang='grc' dir='ltr'>φαίνεται·</span> <span class='ocrx_word' id='word_1_88' title='bbox 1369 1247 1536 1300; x_wconf 75' lang='grc' dir='ltr'>εἰπὼν</span> <span class='ocrx_word' id='word_1_89' title='bbox 1556 1247 1666 1319; x_wconf 85' lang='grc' dir='ltr'><strong>γὰρ</strong></span> <span class='ocrx_word' id='word_1_90' title='bbox 1692 1248 1848 1318; x_wconf 76' lang='grc' dir='ltr'>αὐτῇο</span> <span class='ocrx_word' id='word_1_91' title='bbox 1889 1266 1909 1299; x_wconf 85' lang='grc' dir='ltr'><strong>ι</strong></span> <span class='ocrx_word' id='word_1_92' title='bbox 1948 1243 2020 1300; x_wconf 83' lang='grc' dir='ltr'><strong><em>Ὦ</em></strong></span> 
     </span>
    </p>
   </div>
   <div class='ocr_carea' id='block_1_14' title="bbox 438 1336 2010 1409">
    <p class='ocr_par' dir='ltr' id='par_1_14' title="bbox 438 1336 2010 1409">
     <span class='ocr_line' id='line_1_14' title="bbox 438 1336 2010 1409; baseline -0.001 -17"><span class='ocrx_word' id='word_1_93' title='bbox 438 1338 621 1407; x_wconf 87' lang='grc' dir='ltr'>γύναι,</span> <span class='ocrx_word' id='word_1_94' title='bbox 642 1339 848 1409; x_wconf 78' lang='grc' dir='ltr'><strong>μεγάλη</strong></span> <span class='ocrx_word' id='word_1_95' title='bbox 871 1355 964 1390; x_wconf 91' lang='grc' dir='ltr'><strong>σου</strong></span> <span class='ocrx_word' id='word_1_96' title='bbox 987 1341 1020 1408; x_wconf 87' lang='grc' dir='ltr'><strong>ή</strong></span> <span class='ocrx_word' id='word_1_97' title='bbox 1045 1336 1245 1402; x_wconf 83' lang='grc' dir='ltr'>πίστις·</span> <span class='ocrx_word' id='word_1_98' title='bbox 1269 1338 1553 1409; x_wconf 81' lang='grc' dir='ltr'>γενηθήτω</span> <span class='ocrx_word' id='word_1_99' title='bbox 1575 1353 1656 1391; x_wconf 84' lang='grc' dir='ltr'><strong>σοι</strong></span> <span class='ocrx_word' id='word_1_100' title='bbox 1679 1337 1755 1402; x_wconf 85' lang='grc' dir='ltr'><strong>ὡς</strong></span> <span class='ocrx_word' id='word_1_101' title='bbox 1777 1338 1968 1401; x_wconf 75' lang='grc' dir='ltr'>θέλεις,</span> <span class='ocrx_word' id='word_1_102' title='bbox 1993 1358 2010 1390; x_wconf 82' lang='grc' dir='ltr'><strong>ι</strong></span> 
     </span>
    </p>
   </div>
   <div class='ocr_carea' id='block_1_15' title="bbox 443 1421 2014 1501">
    <p class='ocr_par' dir='ltr' id='par_1_15' title="bbox 443 1421 2014 1501">
     <span class='ocr_line' id='line_1_15' title="bbox 443 1421 2014 1501; baseline -0.001 -18"><span class='ocrx_word' id='word_1_103' title='bbox 443 1429 635 1483; x_wconf 86' lang='grc' dir='ltr'>ίάσατο</span> <span class='ocrx_word' id='word_1_104' title='bbox 662 1429 760 1498; x_wconf 80' lang='grc' dir='ltr'>μὲν</span> <span class='ocrx_word' id='word_1_105' title='bbox 782 1428 880 1498; x_wconf 77' lang='grc' dir='ltr'>τὴν</span> <span class='ocrx_word' id='word_1_106' title='bbox 907 1428 1179 1500; x_wconf 81' lang='grc' dir='ltr'>θυγατέρα</span> <span class='ocrx_word' id='word_1_107' title='bbox 1205 1421 1372 1498; x_wconf 73' lang='grc' dir='ltr'>αὐτῆς</span> <span class='ocrx_word' id='word_1_108' title='bbox 1412 1429 1520 1481; x_wconf 86' lang='grc' dir='ltr'>ἀπὸ</span> <span class='ocrx_word' id='word_1_109' title='bbox 1553 1429 1652 1499; x_wconf 82' lang='grc' dir='ltr'><strong>τῆς</strong></span> <span class='ocrx_word' id='word_1_110' title='bbox 1678 1429 1826 1501; x_wconf 84' lang='grc' dir='ltr'>ὧρας</span> <span class='ocrx_word' id='word_1_111' title='bbox 1872 1430 2014 1482; x_wconf 81' lang='grc' dir='ltr'>ὲκεί-</span> 
     </span>
    </p>
   </div>
   <div class='ocr_carea' id='block_1_16' title="bbox 439 1516 2016 1589">
    <p class='ocr_par' dir='ltr' id='par_1_16' title="bbox 439 1516 2016 1589">
     <span class='ocr_line' id='line_1_16' title="bbox 439 1516 2016 1589; baseline 0.002 -19"><span class='ocrx_word' id='word_1_112' title='bbox 439 1533 556 1588; x_wconf 73' lang='grc' dir='ltr'>νηςο</span> <span class='ocrx_word' id='word_1_113' title='bbox 590 1518 649 1570; x_wconf 84' lang='grc' dir='ltr'><strong>οὐ</strong></span> <span class='ocrx_word' id='word_1_114' title='bbox 679 1517 862 1588; x_wconf 80' lang='grc' dir='ltr'>μέντοι</span> <span class='ocrx_word' id='word_1_115' title='bbox 881 1516 1206 1587; x_wconf 79' lang='grc' dir='ltr'>γέγραπται,</span> <span class='ocrx_word' id='word_1_116' title='bbox 1235 1519 1318 1570; x_wconf 79' lang='grc' dir='ltr'>ὅτι</span> <span class='ocrx_word' id='word_1_117' title='bbox 1365 1517 1632 1570; x_wconf 81' lang='grc' dir='ltr'>ἀπέλυσεν</span> <span class='ocrx_word' id='word_1_118' title='bbox 1677 1518 1865 1589; x_wconf 78' lang='grc' dir='ltr'>αὑτήν.</span> <span class='ocrx_word' id='word_1_119' title='bbox 1916 1521 2016 1574; x_wconf 87' lang='grc' dir='ltr'><strong>Το-</strong></span> 
     </span>
    </p>
   </div>
   <div class='ocr_carea' id='block_1_17' title="bbox 440 1607 2014 1682">
    <p class='ocr_par' dir='ltr' id='par_1_17' title="bbox 440 1607 2014 1682">
     <span class='ocr_line' id='line_1_17' title="bbox 440 1607 2014 1682; baseline 0.003 -22"><span class='ocrx_word' id='word_1_120' title='bbox 440 1607 612 1662; x_wconf 84' lang='grc' dir='ltr'>σαῦτα</span> <span class='ocrx_word' id='word_1_121' title='bbox 644 1609 738 1661; x_wconf 79' lang='grc' dir='ltr'><strong>καὶ</strong></span> <span class='ocrx_word' id='word_1_122' title='bbox 764 1609 844 1672; x_wconf 86' lang='grc' dir='ltr'>εἰς</span> <span class='ocrx_word' id='word_1_123' title='bbox 876 1608 938 1661; x_wconf 83' lang='grc' dir='ltr'>τὸ</span> <span class='ocrx_word' id='word_1_124' title='bbox 965 1608 1285 1679; x_wconf 70' lang='grc' dir='ltr'>ἐγκείμενον</span> <span class='ocrx_word' id='word_1_125' title='bbox 1312 1609 1475 1680; x_wconf 79' lang='grc' dir='ltr'>ῥητὸν</span> <span class='ocrx_word' id='word_1_126' title='bbox 1496 1609 1591 1662; x_wconf 70' lang='grc' dir='ltr'><strong>ἐπὶ</strong></span> <span class='ocrx_word' id='word_1_127' title='bbox 1621 1610 1716 1663; x_wconf 80' lang='grc' dir='ltr'><strong>τοῦ</strong></span> <span class='ocrx_word' id='word_1_128' title='bbox 1751 1612 2014 1682; x_wconf 86' lang='grc' dir='ltr'>παρόντος</span> 
     </span>
    </p>
   </div>
   <div class='ocr_carea' id='block_1_18' title="bbox 439 1693 1380 1767">
    <p class='ocr_par' dir='ltr' id='par_1_18' title="bbox 439 1693 1380 1767">
     <span class='ocr_line' id='line_1_18' title="bbox 439 1693 1380 1767; baseline -0.001 -18"><span class='ocrx_word' id='word_1_129' title='bbox 439 1696 710 1760; x_wconf 69' lang='grc' dir='ltr'>ἐξετάσαι,</span> <span class='ocrx_word' id='word_1_130' title='bbox 753 1697 846 1750; x_wconf 78' lang='grc' dir='ltr'>καὶ</span> <span class='ocrx_word' id='word_1_131' title='bbox 874 1697 1000 1749; x_wconf 78' lang='grc' dir='ltr'>ἰδεῖν</span> <span class='ocrx_word' id='word_1_132' title='bbox 1023 1693 1380 1767; x_wconf 79' lang='grc' dir='ltr'>δεδυνήμεθα.</span> 
     </span>
    </p>
   </div>
   <div class='ocr_carea' id='block_1_19' title="bbox 2126 607 3688 685">
    <p class='ocr_par' dir='ltr' id='par_1_19' title="bbox 2126 607 3688 685">
     <span class='ocr_line' id='line_1_19' title="bbox 2126 607 3688 685; baseline 0.006 -23"><span class='ocrx_word' id='word_1_133' title='bbox 2126 607 2348 664; x_wconf 78' lang='lat' dir='ltr'><strong>fuerunt</strong></span> <span class='ocrx_word' id='word_1_134' title='bbox 2373 611 2443 664; x_wconf 87' lang='lat' dir='ltr'><strong>ab</strong></span> <span class='ocrx_word' id='word_1_135' title='bbox 2473 611 2567 665; x_wconf 91' lang='lat' dir='ltr'><strong>illo</strong></span> <span class='ocrx_word' id='word_1_136' title='bbox 2596 612 2808 666; x_wconf 83' lang='lat' dir='ltr'><strong>dimissi</strong></span> <span class='ocrx_word' id='word_1_137' title='bbox 2845 622 2990 676; x_wconf 89' lang='lat' dir='ltr'><strong>sunt,</strong></span> <span class='ocrx_word' id='word_1_138' title='bbox 3021 623 3075 668; x_wconf 82' lang='lat' dir='ltr'><strong>et</strong></span> <span class='ocrx_word' id='word_1_139' title='bbox 3103 629 3293 670; x_wconf 88' lang='lat' dir='ltr'><strong>eorum</strong></span> <span class='ocrx_word' id='word_1_140' title='bbox 3317 617 3410 685; x_wconf 89' lang='lat' dir='ltr'><strong>qui</strong></span> <span class='ocrx_word' id='word_1_141' title='bbox 3446 617 3552 671; x_wconf 86' lang='lat' dir='ltr'><strong>alia</strong></span> <span class='ocrx_word' id='word_1_142' title='bbox 3599 633 3688 672; x_wconf 83' lang='lat' dir='ltr'><strong>ra-</strong></span> 
     </span>
    </p>
   </div>
   <div class='ocr_carea' id='block_1_20' title="bbox 2124 699 3690 777">
    <p class='ocr_par' dir='ltr' id='par_1_20' title="bbox 2124 699 3690 777">
     <span class='ocr_line' id='line_1_20' title="bbox 2124 699 3690 777; baseline 0.006 -24"><span class='ocrx_word' id='word_1_143' title='bbox 2124 699 2269 756; x_wconf 89' lang='lat' dir='ltr'><strong>tione</strong></span> <span class='ocrx_word' id='word_1_144' title='bbox 2291 701 2450 770; x_wconf 71' lang='lat'><strong>511</strong></span> <span class='ocrx_word' id='word_1_145' title='bbox 2472 701 2682 756; x_wconf 80' lang='lat' dir='ltr'><strong>dimissi</strong></span> <span class='ocrx_word' id='word_1_146' title='bbox 2714 711 2860 756; x_wconf 86' lang='lat' dir='ltr'><strong>sunt.</strong></span> <span class='ocrx_word' id='word_1_147' title='bbox 2895 700 3214 775; x_wconf 80' lang='lat' dir='ltr'><strong>Exemplum</strong></span> <span class='ocrx_word' id='word_1_148' title='bbox 3246 714 3425 760; x_wconf 88' lang='lat' dir='ltr'><strong>autem</strong></span> <span class='ocrx_word' id='word_1_149' title='bbox 3458 708 3690 777; x_wconf 83' lang='lat' dir='ltr'><strong>alicujus</strong></span> 
     </span>
    </p>
   </div>
   <div class='ocr_carea' id='block_1_21' title="bbox 2122 789 3690 861">
    <p class='ocr_par' dir='ltr' id='par_1_21' title="bbox 2122 789 3690 861">
     <span class='ocr_line' id='line_1_21' title="bbox 2122 789 3690 861; baseline 0.006 -18"><span class='ocrx_word' id='word_1_150' title='bbox 2122 789 2231 843; x_wconf 85' lang='lat' dir='ltr'><strong>alio</strong></span> <span class='ocrx_word' id='word_1_151' title='bbox 2262 801 2419 859; x_wconf 87' lang='lat' dir='ltr'><strong>pacto</strong></span> <span class='ocrx_word' id='word_1_152' title='bbox 2445 789 2680 854; x_wconf 76' lang='lat' dir='ltr'><strong>dimissi,</strong></span> <span class='ocrx_word' id='word_1_153' title='bbox 2714 791 2784 846; x_wconf 91' lang='lat' dir='ltr'><strong>sit</strong></span> <span class='ocrx_word' id='word_1_154' title='bbox 2813 791 2944 846; x_wconf 91' lang='lat' dir='ltr'><strong>illud</strong></span> <span class='ocrx_word' id='word_1_155' title='bbox 2969 793 3052 847; x_wconf 64' lang='lat'><strong>‘3:</strong></span> <span class='ocrx_word' id='word_1_156' title='bbox 3087 813 3104 844; x_wconf 85' lang='grc' dir='ltr'><strong>ι</strong></span> <span class='ocrx_word' id='word_1_157' title='bbox 3136 793 3348 861; x_wconf 82' lang='lat' dir='ltr'><strong>Mulier,</strong></span> <span class='ocrx_word' id='word_1_158' title='bbox 3373 794 3595 851; x_wconf 77' lang='lat' dir='ltr'><strong>dimissa</strong></span> <span class='ocrx_word' id='word_1_159' title='bbox 3629 812 3690 852; x_wconf 85' lang='lat' dir='ltr'><strong>es</strong></span> 
     </span>
    </p>
   </div>
   <div class='ocr_carea' id='block_1_22' title="bbox 2121 880 3686 956">
    <p class='ocr_par' dir='ltr' id='par_1_22' title="bbox 2121 880 3686 956">
     <span class='ocr_line' id='line_1_22' title="bbox 2121 880 3686 956; baseline 0.005 -22"><span class='ocrx_word' id='word_1_160' title='bbox 2121 881 2190 934; x_wconf 84' lang='lat' dir='ltr'><strong>ab</strong></span> <span class='ocrx_word' id='word_1_161' title='bbox 2219 880 2534 937; x_wconf 83' lang='lat' dir='ltr'><strong>infirmitate</strong></span> <span class='ocrx_word' id='word_1_162' title='bbox 2563 891 2676 937; x_wconf 88' lang='lat' dir='ltr'><strong>tua.</strong></span> <span class='ocrx_word' id='word_1_163' title='bbox 2709 901 2727 933; x_wconf 81' lang='grc' dir='ltr'><strong>ι</strong></span> <span class='ocrx_word' id='word_1_164' title='bbox 2759 883 2989 951; x_wconf 82' lang='lat' dir='ltr'><strong>Insuper</strong></span> <span class='ocrx_word' id='word_1_165' title='bbox 3018 885 3270 954; x_wconf 84' lang='lat' dir='ltr'><strong>discipuli</strong></span> <span class='ocrx_word' id='word_1_166' title='bbox 3316 895 3531 956; x_wconf 82' lang='lat' dir='ltr'><strong>semper</strong></span> <span class='ocrx_word' id='word_1_167' title='bbox 3563 896 3686 941; x_wconf 86' lang='lat' dir='ltr'><strong>cum</strong></span> 
     </span>
    </p>
   </div>
   <div class='ocr_carea' id='block_1_23' title="bbox 2119 971 3692 1044">
    <p class='ocr_par' dir='ltr' id='par_1_23' title="bbox 2119 971 3692 1044">
     <span class='ocr_line' id='line_1_23' title="bbox 2119 971 3692 1044; baseline 0.005 -17"><span class='ocrx_word' id='word_1_168' title='bbox 2119 971 2246 1029; x_wconf 82' lang='lat' dir='ltr'><strong>Jesu</strong></span> <span class='ocrx_word' id='word_1_169' title='bbox 2277 985 2687 1044; x_wconf 71' lang='lat' dir='ltr'><strong>conversntes,</strong></span> <span class='ocrx_word' id='word_1_170' title='bbox 2713 979 2780 1032; x_wconf 91' lang='lat' dir='ltr'><strong>ab</strong></span> <span class='ocrx_word' id='word_1_171' title='bbox 2806 978 2900 1033; x_wconf 86' lang='lat' dir='ltr'><strong>illo</strong></span> <span class='ocrx_word' id='word_1_172' title='bbox 2942 995 3048 1033; x_wconf 90' lang='lat' dir='ltr'><strong>non</strong></span> <span class='ocrx_word' id='word_1_173' title='bbox 3097 979 3484 1035; x_wconf 88' lang='lat' dir='ltr'><strong>dimittuntur:</strong></span> <span class='ocrx_word' id='word_1_174' title='bbox 3517 981 3692 1036; x_wconf 70' lang='lat' dir='ltr'><strong>turba:</strong></span> 
     </span>
    </p>
   </div>
   <div class='ocr_carea' id='block_1_24' title="bbox 2120 1067 3690 1134">
    <p class='ocr_par' dir='ltr' id='par_1_24' title="bbox 2120 1067 3690 1134">
     <span class='ocr_line' id='line_1_24' title="bbox 2120 1067 3690 1134; baseline 0.005 -16"><span class='ocrx_word' id='word_1_175' title='bbox 2120 1074 2299 1119; x_wconf 82' lang='lat' dir='ltr'><strong>autem</strong></span> <span class='ocrx_word' id='word_1_176' title='bbox 2344 1076 2512 1134; x_wconf 65' lang='lat' dir='ltr'><strong>pastae</strong></span> <span class='ocrx_word' id='word_1_177' title='bbox 2559 1067 2928 1122; x_wconf 89' lang='lat' dir='ltr'><strong>dimittuntur.</strong></span> <span class='ocrx_word' id='word_1_178' title='bbox 2982 1069 3448 1134; x_wconf 83' lang='lat' dir='ltr'><strong>Quemadmodum</strong></span> <span class='ocrx_word' id='word_1_179' title='bbox 3497 1077 3690 1126; x_wconf 74' lang='lat' dir='ltr'><strong>rursus</strong></span> 
     </span>
    </p>
   </div>
   <div class='ocr_carea' id='block_1_25' title="bbox 2117 1154 3689 1225">
    <p class='ocr_par' dir='ltr' id='par_1_25' title="bbox 2117 1154 3689 1225">
     <span class='ocr_line' id='line_1_25' title="bbox 2117 1154 3689 1225; baseline 0.005 -20"><span class='ocrx_word' id='word_1_180' title='bbox 2117 1154 2367 1222; x_wconf 88' lang='lat' dir='ltr'><strong>discipuli</strong></span> <span class='ocrx_word' id='word_1_181' title='bbox 2395 1155 2532 1208; x_wconf 91' lang='lat' dir='ltr'><strong>nihil</strong></span> <span class='ocrx_word' id='word_1_182' title='bbox 2559 1170 2814 1225; x_wconf 78' lang='lat' dir='ltr'><strong>magnum</strong></span> <span class='ocrx_word' id='word_1_183' title='bbox 2841 1156 2908 1209; x_wconf 85' lang='lat' dir='ltr'><strong>de</strong></span> <span class='ocrx_word' id='word_1_184' title='bbox 2937 1155 3244 1210; x_wconf 69' lang='lat' dir='ltr'><strong>Chananaea</strong></span> <span class='ocrx_word' id='word_1_185' title='bbox 3279 1157 3573 1214; x_wconf 85' lang='lat' dir='ltr'><strong>sentientes</strong></span> <span class='ocrx_word' id='word_1_186' title='bbox 3600 1157 3689 1213; x_wconf 78' lang='lat' dir='ltr'><strong>di-</strong></span> 
     </span>
    </p>
   </div>
   <div class='ocr_carea' id='block_1_26' title="bbox 2119 1235 3684 1314">
    <p class='ocr_par' dir='ltr' id='par_1_26' title="bbox 2119 1235 3684 1314">
     <span class='ocr_line' id='line_1_26' title="bbox 2119 1235 3684 1314; baseline 0.003 -18"><span class='ocrx_word' id='word_1_187' title='bbox 2119 1235 2317 1296; x_wconf 65' lang='lat' dir='ltr'><strong>cunt“</strong></span> <span class='ocrx_word' id='word_1_188' title='bbox 2343 1259 2357 1296; x_wconf 91' lang='lat'><strong>:</strong></span> <span class='ocrx_word' id='word_1_189' title='bbox 2386 1258 2406 1293; x_wconf 85' lang='grc' dir='ltr'><strong>ι</strong></span> <span class='ocrx_word' id='word_1_190' title='bbox 2443 1241 2661 1298; x_wconf 89' lang='lat' dir='ltr'><strong>Dimitte</strong></span> <span class='ocrx_word' id='word_1_191' title='bbox 2704 1244 2872 1306; x_wconf 83' lang='lat' dir='ltr'><strong>illam,</strong></span> <span class='ocrx_word' id='word_1_192' title='bbox 2921 1245 3047 1314; x_wconf 87' lang='lat' dir='ltr'><strong>quia</strong></span> <span class='ocrx_word' id='word_1_193' title='bbox 3080 1243 3280 1299; x_wconf 88' lang='lat' dir='ltr'><strong>clamat</strong></span> <span class='ocrx_word' id='word_1_194' title='bbox 3327 1254 3446 1314; x_wconf 89' lang='lat' dir='ltr'><strong>post</strong></span> <span class='ocrx_word' id='word_1_195' title='bbox 3482 1261 3623 1312; x_wconf 86' lang='lat' dir='ltr'><strong>nos;</strong></span> <span class='ocrx_word' id='word_1_196' title='bbox 3661 1263 3684 1300; x_wconf 85' lang='grc' dir='ltr'><strong>ι</strong></span> 
     </span>
    </p>
   </div>
   <div class='ocr_carea' id='block_1_27' title="bbox 2117 1333 3688 1402">
    <p class='ocr_par' dir='ltr' id='par_1_27' title="bbox 2117 1333 3688 1402">
     <span class='ocr_line' id='line_1_27' title="bbox 2117 1333 3688 1402; baseline 0.003 -14"><span class='ocrx_word' id='word_1_197' title='bbox 2117 1343 2173 1388; x_wconf 88' lang='lat' dir='ltr'><strong>at</strong></span> <span class='ocrx_word' id='word_1_198' title='bbox 2205 1333 2460 1389; x_wconf 74' lang='lat' dir='ltr'><strong>Servatur</strong></span> <span class='ocrx_word' id='word_1_199' title='bbox 2491 1335 2764 1390; x_wconf 84' lang='lat' dir='ltr'><strong>dimittere</strong></span> <span class='ocrx_word' id='word_1_200' title='bbox 2793 1337 2942 1390; x_wconf 81' lang='lat' dir='ltr'><strong>illam</strong></span> <span class='ocrx_word' id='word_1_201' title='bbox 2985 1351 3092 1390; x_wconf 91' lang='lat' dir='ltr'><strong>non</strong></span> <span class='ocrx_word' id='word_1_202' title='bbox 3137 1335 3368 1402; x_wconf 81' lang='lat' dir='ltr'><strong>videtur,</strong></span> <span class='ocrx_word' id='word_1_203' title='bbox 3405 1351 3530 1391; x_wconf 87' lang='lat' dir='ltr'><strong>nam</strong></span> <span class='ocrx_word' id='word_1_204' title='bbox 3561 1349 3688 1392; x_wconf 86' lang='lat' dir='ltr'><strong>cum</strong></span> 
     </span>
    </p>
   </div>
   <div class='ocr_carea' id='block_1_28' title="bbox 2116 1424 3686 1496">
    <p class='ocr_par' dir='ltr' id='par_1_28' title="bbox 2116 1424 3686 1496">
     <span class='ocr_line' id='line_1_28' title="bbox 2116 1424 3686 1496; baseline 0.003 -18"><span class='ocrx_word' id='word_1_205' title='bbox 2116 1424 2344 1480; x_wconf 75' lang='lat' dir='ltr'><strong>dixisset</strong></span> <span class='ocrx_word' id='word_1_206' title='bbox 2371 1426 2447 1480; x_wconf 89' lang='lat' dir='ltr'><strong>illi</strong></span> <span class='ocrx_word' id='word_1_207' title='bbox 2471 1424 2519 1459; x_wconf 78' lang='grc'>⁸⁸</span> <span class='ocrx_word' id='word_1_208' title='bbox 2548 1444 2563 1480; x_wconf 86' lang='lat'><strong>:</strong></span> <span class='ocrx_word' id='word_1_209' title='bbox 2592 1445 2608 1478; x_wconf 84' lang='lat' dir='ltr'><strong>I</strong></span> <span class='ocrx_word' id='word_1_210' title='bbox 2649 1425 2694 1480; x_wconf 92' lang='grc' dir='ltr'><strong>Ο</strong></span> <span class='ocrx_word' id='word_1_211' title='bbox 2743 1427 2957 1491; x_wconf 87' lang='lat' dir='ltr'><strong>mulier,</strong></span> <span class='ocrx_word' id='word_1_212' title='bbox 2993 1438 3188 1496; x_wconf 78' lang='lat' dir='ltr'><strong>ningua</strong></span> <span class='ocrx_word' id='word_1_213' title='bbox 3236 1435 3322 1481; x_wconf 85' lang='lat' dir='ltr'><strong>est</strong></span> <span class='ocrx_word' id='word_1_214' title='bbox 3367 1427 3499 1482; x_wconf 83' lang='lat' dir='ltr'><strong>ﬁdes</strong></span> <span class='ocrx_word' id='word_1_215' title='bbox 3554 1437 3686 1482; x_wconf 84' lang='lat' dir='ltr'><strong>tua:</strong></span> 
     </span>
    </p>
   </div>
   <div class='ocr_carea' id='block_1_29' title="bbox 2116 1516 3686 1588">
    <p class='ocr_par' dir='ltr' id='par_1_29' title="bbox 2116 1516 3686 1588">
     <span class='ocr_line' id='line_1_29' title="bbox 2116 1516 3686 1588; baseline 0.004 -20"><span class='ocrx_word' id='word_1_216' title='bbox 2116 1516 2210 1569; x_wconf 79' lang='lat' dir='ltr'><strong>fiat</strong></span> <span class='ocrx_word' id='word_1_217' title='bbox 2239 1516 2335 1570; x_wconf 90' lang='lat' dir='ltr'><strong>tibi</strong></span> <span class='ocrx_word' id='word_1_218' title='bbox 2365 1517 2507 1572; x_wconf 84' lang='lat' dir='ltr'><strong>sicut</strong></span> <span class='ocrx_word' id='word_1_219' title='bbox 2537 1517 2640 1580; x_wconf 76' lang='lat' dir='ltr'><strong>vis,</strong></span> <span class='ocrx_word' id='word_1_220' title='bbox 2673 1535 2691 1567; x_wconf 81' lang='grc' dir='ltr'><strong>ι</strong></span> <span class='ocrx_word' id='word_1_221' title='bbox 2722 1518 2938 1572; x_wconf 77' lang='lat' dir='ltr'><strong>sanavit</strong></span> <span class='ocrx_word' id='word_1_222' title='bbox 2970 1517 3188 1587; x_wconf 86' lang='lat' dir='ltr'><strong>quidem</strong></span> <span class='ocrx_word' id='word_1_223' title='bbox 3239 1519 3405 1573; x_wconf 81' lang='lat' dir='ltr'><strong>ﬁliam</strong></span> <span class='ocrx_word' id='word_1_224' title='bbox 3447 1519 3568 1588; x_wconf 87' lang='lat' dir='ltr'><strong>ejus</strong></span> <span class='ocrx_word' id='word_1_225' title='bbox 3618 1535 3686 1574; x_wconf 79' lang='lat' dir='ltr'><strong>ex</strong></span> 
     </span>
    </p>
   </div>
   <div class='ocr_carea' id='block_1_30' title="bbox 2115 1607 3686 1678">
    <p class='ocr_par' dir='ltr' id='par_1_30' title="bbox 2115 1607 3686 1678">
     <span class='ocr_line' id='line_1_30' title="bbox 2115 1607 3686 1678; baseline 0.003 -18"><span class='ocrx_word' id='word_1_226' title='bbox 2115 1607 2204 1661; x_wconf 90' lang='lat' dir='ltr'><strong>illa</strong></span> <span class='ocrx_word' id='word_1_227' title='bbox 2239 1608 2400 1674; x_wconf 86' lang='lat' dir='ltr'><strong>hora;</strong></span> <span class='ocrx_word' id='word_1_228' title='bbox 2435 1618 2810 1663; x_wconf 82' lang='lat' dir='ltr'><strong>verumtamen</strong></span> <span class='ocrx_word' id='word_1_229' title='bbox 2846 1609 3111 1678; x_wconf 91' lang='lat' dir='ltr'><strong>scriptum</strong></span> <span class='ocrx_word' id='word_1_230' title='bbox 3147 1625 3256 1663; x_wconf 88' lang='lat' dir='ltr'><strong>non</strong></span> <span class='ocrx_word' id='word_1_231' title='bbox 3279 1617 3365 1664; x_wconf 89' lang='lat' dir='ltr'><strong>est</strong></span> <span class='ocrx_word' id='word_1_232' title='bbox 3397 1611 3544 1666; x_wconf 88' lang='lat' dir='ltr'><strong>hunc</strong></span> <span class='ocrx_word' id='word_1_233' title='bbox 3563 1623 3686 1666; x_wconf 81' lang='lat' dir='ltr'><strong>eam</strong></span> 
     </span>
    </p>
   </div>
   <div class='ocr_carea' id='block_1_31' title="bbox 2114 1698 3688 1772">
    <p class='ocr_par' dir='ltr' id='par_1_31' title="bbox 2114 1698 3688 1772">
     <span class='ocr_line' id='line_1_31' title="bbox 2114 1698 3688 1772; baseline 0.004 -22"><span class='ocrx_word' id='word_1_234' title='bbox 2114 1698 2410 1753; x_wconf 83' lang='lat' dir='ltr'><strong>dimisisse.</strong></span> <span class='ocrx_word' id='word_1_235' title='bbox 2439 1698 2514 1752; x_wconf 79' lang='lat' dir='ltr'><strong>Ac</strong></span> <span class='ocrx_word' id='word_1_236' title='bbox 2529 1700 2652 1753; x_wconf 87' lang='lat' dir='ltr'><strong>talia</strong></span> <span class='ocrx_word' id='word_1_237' title='bbox 2674 1699 2895 1769; x_wconf 82' lang='lat' dir='ltr'><strong>quidem</strong></span> <span class='ocrx_word' id='word_1_238' title='bbox 2919 1715 3084 1769; x_wconf 88' lang='lat' dir='ltr'><strong>super</strong></span> <span class='ocrx_word' id='word_1_239' title='bbox 3115 1700 3394 1770; x_wconf 82' lang='lat' dir='ltr'><strong>proposito</strong></span> <span class='ocrx_word' id='word_1_240' title='bbox 3420 1699 3544 1756; x_wconf 87' lang='lat' dir='ltr'><strong>loco</strong></span> <span class='ocrx_word' id='word_1_241' title='bbox 3564 1711 3688 1772; x_wconf 51' lang='lat' dir='ltr'><strong>pet»</strong></span> 
     </span>
    </p>
   </div>
   <div class='ocr_carea' id='block_1_32' title="bbox 2114 1789 3486 1860">
    <p class='ocr_par' dir='ltr' id='par_1_32' title="bbox 2114 1789 3486 1860">
     <span class='ocr_line' id='line_1_32' title="bbox 2114 1789 3486 1860; baseline 0.003 -18"><span class='ocrx_word' id='word_1_242' title='bbox 2114 1789 2333 1858; x_wconf 84' lang='lat' dir='ltr'><strong>quirere</strong></span> <span class='ocrx_word' id='word_1_243' title='bbox 2359 1798 2414 1844; x_wconf 89' lang='lat' dir='ltr'><strong>et</strong></span> <span class='ocrx_word' id='word_1_244' title='bbox 2440 1791 2745 1860; x_wconf 82' lang='lat' dir='ltr'><strong>perspicere</strong></span> <span class='ocrx_word' id='word_1_245' title='bbox 2777 1791 2832 1844; x_wconf 91' lang='lat' dir='ltr'><strong>in</strong></span> <span class='ocrx_word' id='word_1_246' title='bbox 2871 1789 3155 1860; x_wconf 70' lang='lat' dir='ltr'><strong>praesentia</strong></span> <span class='ocrx_word' id='word_1_247' title='bbox 3189 1792 3486 1860; x_wconf 78' lang='lat' dir='ltr'><strong>potuimus.</strong></span> 
     </span>
    </p>
   </div>
   <div class='ocr_carea' id='block_1_33' title="bbox 1766 2151 2364 2241">
    <p class='ocr_par' dir='ltr' id='par_1_33' title="bbox 1766 2151 2364 2241">
     <span class='ocr_line' id='line_1_33' title="bbox 1766 2151 2364 2241; baseline -0.002 -2"><span class='ocrx_word' id='word_1_248' title='bbox 1766 2151 2146 2241; x_wconf 86' lang='grc' dir='ltr'>ΤΟΜΟΣ</span> <span class='ocrx_word' id='word_1_249' title='bbox 2210 2153 2364 2238; x_wconf 84' lang='lat' dir='ltr'><strong>IB&#39;.</strong></span> 
     </span>
    </p>
   </div>
   <div class='ocr_carea' id='block_1_34' title="bbox 1409 2501 2728 2600">
    <p class='ocr_par' dir='ltr' id='par_1_34' title="bbox 1409 2501 2728 2600">
     <span class='ocr_line' id='line_1_34' title="bbox 1409 2501 2728 2600; baseline 0.002 -6"><span class='ocrx_word' id='word_1_250' title='bbox 1409 2501 1814 2596; x_wconf 87' lang='lat' dir='ltr'>TOMUS</span> <span class='ocrx_word' id='word_1_251' title='bbox 1907 2502 2728 2600; x_wconf 81' lang='lat' dir='ltr'><strong>DUODECIMUS.</strong></span> 
     </span>
    </p>
   </div>
   <div class='ocr_carea' id='block_1_35' title="bbox 1999 2719 2072 2742">
    <p class='ocr_par' dir='ltr' id='par_1_35' title="bbox 1999 2719 2072 2742">
     <span class='ocr_line' id='line_1_35' title="bbox 1999 2719 2072 2742; baseline 0 0"><span class='ocrx_word' id='word_1_252' title='bbox 1999 2719 2072 2742; x_wconf 54' lang='grc' dir='ltr'><strong><em>ἡ</em></strong></span> 
     </span>
    </p>
   </div>
   <div class='ocr_carea' id='block_1_36' title="bbox 435 2859 2086 2948">
    <p class='ocr_par' dir='ltr' id='par_1_36' title="bbox 435 2859 2086 2948">
     <span class='ocr_line' id='line_1_36' title="bbox 435 2859 2086 2948; baseline 0.001 -23"><span class='ocrx_word' id='word_1_253' title='bbox 435 2864 577 2938; x_wconf 68' lang='grc' dir='ltr'>Περὶ</span> <span class='ocrx_word' id='word_1_254' title='bbox 603 2867 722 2923; x_wconf 71' lang='grc' dir='ltr'><strong>τῶν</strong></span> <span class='ocrx_word' id='word_1_255' title='bbox 747 2859 1257 2948; x_wconf 41' lang='lat' dir='ltr'><strong>strepuit-qurgam.</strong></span> <span class='ocrx_word' id='word_1_256' title='bbox 1277 2866 1528 2948; x_wconf 57' lang='lat' dir='ltr'><strong>diuit-2701:</strong></span> <span class='ocrx_word' id='word_1_257' title='bbox 1571 2867 1642 2919; x_wconf 84' lang='grc' dir='ltr'>ἐκ</span> <span class='ocrx_word' id='word_1_258' title='bbox 1684 2867 1793 2922; x_wconf 72' lang='grc' dir='ltr'><strong>τοῦ</strong></span> <span class='ocrx_word' id='word_1_259' title='bbox 1835 2868 2010 2936; x_wconf 69' lang='grc' dir='ltr'><strong>οὐρο-</strong></span> <span class='ocrx_word' id='word_1_260' title='bbox 2043 2871 2086 2926; x_wconf 84' lang='grc' dir='ltr'>Β</span> 
     </span>
    </p>
   </div>
   <div class='ocr_carea' id='block_1_37' title="bbox 889 2935 1571 3002">
    <p class='ocr_par' dir='ltr' id='par_1_37' title="bbox 889 2935 1571 3002">
     <span class='ocr_line' id='line_1_37' title="bbox 889 2935 1571 3002; baseline -0.001 -13"><span class='ocrx_word' id='word_1_261' title='bbox 889 2935 999 2990; x_wconf 79' lang='grc' dir='ltr'><strong>νοῦ</strong></span> <span class='ocrx_word' id='word_1_262' title='bbox 1031 2935 1319 3000; x_wconf 76' lang='grc' dir='ltr'>ἐπιδεῖξαι</span> <span class='ocrx_word' id='word_1_263' title='bbox 1348 2936 1571 3002; x_wconf 84' lang='grc' dir='ltr'>αὐτοῖς.</span> 
     </span>
    </p>
   </div>
   <div class='ocr_carea' id='block_1_38' title="bbox 507 3049 2006 3120">
    <p class='ocr_par' dir='ltr' id='par_1_38' title="bbox 507 3049 2006 3120">
     <span class='ocr_line' id='line_1_38' title="bbox 507 3049 2006 3120; baseline 0 -18"><span class='ocrx_word' id='word_1_264' title='bbox 507 3071 529 3102; x_wconf 79' lang='grc' dir='ltr'><strong>ι</strong></span> <span class='ocrx_word' id='word_1_265' title='bbox 565 3051 676 3106; x_wconf 76' lang='grc' dir='ltr'><strong>Καὶ</strong></span> <span class='ocrx_word' id='word_1_266' title='bbox 725 3049 1113 3120; x_wconf 81' lang='grc' dir='ltr'>προσελθόντες</span> <span class='ocrx_word' id='word_1_267' title='bbox 1162 3049 1505 3102; x_wconf 83' lang='grc' dir='ltr'>Σαδδουκαῖοι</span> <span class='ocrx_word' id='word_1_268' title='bbox 1540 3049 1654 3102; x_wconf 78' lang='grc' dir='ltr'>’καὶ</span> <span class='ocrx_word' id='word_1_269' title='bbox 1700 3049 2006 3118; x_wconf 75' lang='grc' dir='ltr'>Φαρισαῖοι,</span> 
     </span>
    </p>
   </div>
   <div class='ocr_carea' id='block_1_39' title="bbox 429 3135 2006 3216">
    <p class='ocr_par' dir='ltr' id='par_1_39' title="bbox 429 3135 2006 3216">
     <span class='ocr_line' id='line_1_39' title="bbox 429 3135 2006 3216; baseline -0.003 -17"><span class='ocrx_word' id='word_1_270' title='bbox 429 3141 787 3216; x_wconf 70' lang='grc' dir='ltr'>πειράζοντες</span> <span class='ocrx_word' id='word_1_271' title='bbox 811 3140 1110 3213; x_wconf 78' lang='grc' dir='ltr'>ἐπηρώτων</span> <span class='ocrx_word' id='word_1_272' title='bbox 1137 3135 1298 3194; x_wconf 80' lang='grc' dir='ltr'>αὐτὸν</span> <span class='ocrx_word' id='word_1_273' title='bbox 1325 3143 1547 3212; x_wconf 72' lang='grc' dir='ltr'>σημεῖον</span> <span class='ocrx_word' id='word_1_274' title='bbox 1572 3141 1637 3194; x_wconf 83' lang='grc' dir='ltr'>ὲκ</span> <span class='ocrx_word' id='word_1_275' title='bbox 1659 3141 1753 3195; x_wconf 81' lang='grc' dir='ltr'>τοῦ</span> <span class='ocrx_word' id='word_1_276' title='bbox 1775 3143 2006 3214; x_wconf 76' lang='grc' dir='ltr'>οὐρανοῦ</span> 
     </span>
    </p>
   </div>
   <div class='ocr_carea' id='block_1_40' title="bbox 427 3233 2008 3304">
    <p class='ocr_par' dir='ltr' id='par_1_40' title="bbox 427 3233 2008 3304">
     <span class='ocr_line' id='line_1_40' title="bbox 427 3233 2008 3304; baseline -0.001 -14"><span class='ocrx_word' id='word_1_277' title='bbox 427 3235 688 3300; x_wconf 77' lang='grc' dir='ltr'>ἐπιδεῖξαι</span> <span class='ocrx_word' id='word_1_278' title='bbox 705 3234 904 3297; x_wconf 80' lang='grc' dir='ltr'>αὐτοῖς.</span> <span class='ocrx_word' id='word_1_279' title='bbox 933 3253 950 3286; x_wconf 80' lang='grc' dir='ltr'><strong>ι</strong></span> <span class='ocrx_word' id='word_1_280' title='bbox 971 3236 1034 3286; x_wconf 76' lang='grc' dir='ltr'><strong>Οἱ</strong></span> <span class='ocrx_word' id='word_1_281' title='bbox 1051 3233 1188 3303; x_wconf 82' lang='grc' dir='ltr'>πρὸς</span> <span class='ocrx_word' id='word_1_282' title='bbox 1202 3233 1462 3304; x_wconf 83' lang='grc' dir='ltr'>ἀλλήλους</span> <span class='ocrx_word' id='word_1_283' title='bbox 1481 3233 1873 3302; x_wconf 79' lang='grc' dir='ltr'>διαφωνοῦντες</span> <span class='ocrx_word' id='word_1_284' title='bbox 1894 3233 2008 3304; x_wconf 81' lang='grc'><strong>(80)</strong></span> 
     </span>
    </p>
   </div>
   <div class='ocr_carea' id='block_1_41' title="bbox 429 3319 2006 3398">
    <p class='ocr_par' dir='ltr' id='par_1_41' title="bbox 429 3319 2006 3398">
     <span class='ocr_line' id='line_1_41' title="bbox 429 3319 2006 3398; baseline -0.001 -18"><span class='ocrx_word' id='word_1_285' title='bbox 429 3326 686 3398; x_wconf 73' lang='grc' dir='ltr'>περὶτῶν</span> <span class='ocrx_word' id='word_1_286' title='bbox 711 3325 1152 3393; x_wconf 84' lang='grc' dir='ltr'>ἀναγκαιοτάτων</span> <span class='ocrx_word' id='word_1_287' title='bbox 1189 3323 1472 3394; x_wconf 86' lang='grc' dir='ltr'>δογμάτων</span> <span class='ocrx_word' id='word_1_288' title='bbox 1521 3319 1865 3378; x_wconf 78' lang='grc' dir='ltr'>Σαδδουκαῖοι</span> <span class='ocrx_word' id='word_1_289' title='bbox 1912 3324 2006 3378; x_wconf 77' lang='grc' dir='ltr'>καὶ</span> 
     </span>
    </p>
   </div>
   <div class='ocr_carea' id='block_1_42' title="bbox 426 3415 2006 3488">
    <p class='ocr_par' dir='ltr' id='par_1_42' title="bbox 426 3415 2006 3488">
     <span class='ocr_line' id='line_1_42' title="bbox 426 3415 2006 3488; baseline -0.001 -18"><span class='ocrx_word' id='word_1_290' title='bbox 426 3418 727 3488; x_wconf 71' lang='grc' dir='ltr'>Φαρισαῖοι·</span> <span class='ocrx_word' id='word_1_291' title='bbox 753 3417 1114 3486; x_wconf 81' lang='grc' dir='ltr'>πρεσϐεύουσι</span> <span class='ocrx_word' id='word_1_292' title='bbox 1136 3416 1244 3486; x_wconf 88' lang='grc' dir='ltr'><strong>γὰρ</strong></span> <span class='ocrx_word' id='word_1_293' title='bbox 1266 3415 1316 3468; x_wconf 86' lang='grc' dir='ltr'>οί</span> <span class='ocrx_word' id='word_1_294' title='bbox 1347 3415 1445 3485; x_wconf 85' lang='grc' dir='ltr'>μὲν</span> <span class='ocrx_word' id='word_1_295' title='bbox 1472 3417 1752 3486; x_wconf 71' lang='grc' dir='ltr'>Φαρισαῖοι</span> <span class='ocrx_word' id='word_1_296' title='bbox 1774 3415 1872 3487; x_wconf 80' lang='grc' dir='ltr'>τὴν</span> <span class='ocrx_word' id='word_1_297' title='bbox 1894 3415 2006 3468; x_wconf 83' lang='grc' dir='ltr'><strong>τῶν</strong></span> 
     </span>
    </p>
   </div>
   <div class='ocr_carea' id='block_1_43' title="bbox 427 3500 2004 3576">
    <p class='ocr_par' dir='ltr' id='par_1_43' title="bbox 427 3500 2004 3576">
     <span class='ocr_line' id='line_1_43' title="bbox 427 3500 2004 3576; baseline -0.001 -17"><span class='ocrx_word' id='word_1_298' title='bbox 427 3505 636 3576; x_wconf 84' lang='grc' dir='ltr'>νεκρῶν</span> <span class='ocrx_word' id='word_1_299' title='bbox 667 3505 995 3568; x_wconf 84' lang='grc' dir='ltr'>ἀνάστασιν,</span> <span class='ocrx_word' id='word_1_300' title='bbox 1050 3502 1361 3568; x_wconf 79' lang='grc' dir='ltr'>ἐλπίζοντες</span> <span class='ocrx_word' id='word_1_301' title='bbox 1401 3500 1540 3558; x_wconf 81' lang='grc' dir='ltr'>εἷναί</span> <span class='ocrx_word' id='word_1_302' title='bbox 1579 3522 1698 3558; x_wconf 89' lang='grc' dir='ltr'>τινα</span> <span class='ocrx_word' id='word_1_303' title='bbox 1744 3505 2004 3576; x_wconf 68' lang='grc' dir='ltr'>μέλλοντα</span> 
     </span>
    </p>
   </div>
   <div class='ocr_carea' id='block_1_44' title="bbox 427 3590 2004 3665">
    <p class='ocr_par' dir='ltr' id='par_1_44' title="bbox 427 3590 2004 3665">
     <span class='ocr_line' id='line_1_44' title="bbox 427 3590 2004 3665; baseline 0 -16"><span class='ocrx_word' id='word_1_304' title='bbox 427 3595 619 3650; x_wconf 77' lang='grc' dir='ltr'>αἰῶνα·</span> <span class='ocrx_word' id='word_1_305' title='bbox 648 3596 698 3648; x_wconf 86' lang='grc' dir='ltr'>οί</span> <span class='ocrx_word' id='word_1_306' title='bbox 723 3596 780 3648; x_wconf 81' lang='grc' dir='ltr'>δὲ</span> <span class='ocrx_word' id='word_1_307' title='bbox 809 3596 1151 3648; x_wconf 81' lang='grc' dir='ltr'>Σαδδουκαῖοι</span> <span class='ocrx_word' id='word_1_308' title='bbox 1202 3590 1354 3646; x_wconf 71' lang='grc' dir='ltr'>οὐδὲν</span> <span class='ocrx_word' id='word_1_309' title='bbox 1380 3596 1528 3648; x_wconf 77' lang='grc' dir='ltr'>ἴσασι</span> <span class='ocrx_word' id='word_1_310' title='bbox 1583 3596 1720 3665; x_wconf 86' lang='grc' dir='ltr'><strong>μετά</strong></span> <span class='ocrx_word' id='word_1_311' title='bbox 1759 3595 1849 3648; x_wconf 77' lang='grc' dir='ltr'>τὸν</span> <span class='ocrx_word' id='word_1_312' title='bbox 1893 3593 2004 3665; x_wconf 86' lang='grc' dir='ltr'>βίον</span> 
     </span>
    </p>
   </div>
   <div class='ocr_carea' id='block_1_45' title="bbox 426 3684 2003 3757">
    <p class='ocr_par' dir='ltr' id='par_1_45' title="bbox 426 3684 2003 3757">
     <span class='ocr_line' id='line_1_45' title="bbox 426 3684 2003 3757; baseline -0.001 -17"><span class='ocrx_word' id='word_1_313' title='bbox 426 3686 614 3740; x_wconf 83' lang='grc' dir='ltr'>τοῦτον</span> <span class='ocrx_word' id='word_1_314' title='bbox 640 3685 911 3757; x_wconf 81' lang='grc' dir='ltr'>ἀνθρώπῳ</span> <span class='ocrx_word' id='word_1_315' title='bbox 967 3684 1346 3755; x_wconf 84' lang='grc' dir='ltr'>ἀποκείμενον,</span> <span class='ocrx_word' id='word_1_316' title='bbox 1400 3685 1517 3754; x_wconf 77' lang='grc' dir='ltr'>ήτοι</span> <span class='ocrx_word' id='word_1_317' title='bbox 1570 3684 1646 3747; x_wconf 81' lang='grc' dir='ltr'><strong>ὡς</strong></span> <span class='ocrx_word' id='word_1_318' title='bbox 1679 3686 1766 3737; x_wconf 79' lang='grc' dir='ltr'><strong>ἐπ’</strong></span> <span class='ocrx_word' id='word_1_319' title='bbox 1803 3685 2003 3756; x_wconf 78' lang='grc' dir='ltr'>ἀρετὴν</span> 
     </span>
    </p>
   </div>
   <div class='ocr_carea' id='block_1_46' title="bbox 432 3774 2003 3848">
    <p class='ocr_par' dir='ltr' id='par_1_46' title="bbox 432 3774 2003 3848">
     <span class='ocr_line' id='line_1_46' title="bbox 432 3774 2003 3848; baseline -0.001 -18"><span class='ocrx_word' id='word_1_320' title='bbox 432 3777 787 3848; x_wconf 79' lang='grc' dir='ltr'>προκόψαντι,</span> <span class='ocrx_word' id='word_1_321' title='bbox 812 3777 846 3847; x_wconf 77' lang='grc' dir='ltr'>ἢ</span> <span class='ocrx_word' id='word_1_322' title='bbox 883 3775 1016 3845; x_wconf 78' lang='grc' dir='ltr'>μηδὲ</span> <span class='ocrx_word' id='word_1_323' title='bbox 1055 3775 1154 3845; x_wconf 83' lang='grc' dir='ltr'>τὴν</span> <span class='ocrx_word' id='word_1_324' title='bbox 1186 3774 1360 3845; x_wconf 82' lang='grc' dir='ltr'>ἀρχὴν</span> <span class='ocrx_word' id='word_1_325' title='bbox 1411 3775 1820 3847; x_wconf 71' lang='grc' dir='ltr'>ἐπιτηδεύσαντι</span> <span class='ocrx_word' id='word_1_326' title='bbox 1851 3775 2003 3841; x_wconf 77' lang='grc' dir='ltr'>ἐξελ-</span> 
     </span>
    </p>
   </div>
   <div class='ocr_carea' id='block_1_47' title="bbox 429 3858 2002 3936">
    <p class='ocr_par' dir='ltr' id='par_1_47' title="bbox 429 3858 2002 3936">
     <span class='ocr_line' id='line_1_47' title="bbox 429 3858 2002 3936; baseline -0.003 -17"><span class='ocrx_word' id='word_1_327' title='bbox 429 3866 542 3920; x_wconf 80' lang='grc' dir='ltr'>θεῖν</span> <span class='ocrx_word' id='word_1_328' title='bbox 563 3865 672 3918; x_wconf 84' lang='grc' dir='ltr'><strong>τῶν</strong></span> <span class='ocrx_word' id='word_1_329' title='bbox 695 3865 796 3936; x_wconf 84' lang='grc' dir='ltr'>τῆς</span> <span class='ocrx_word' id='word_1_330' title='bbox 823 3863 1022 3926; x_wconf 81' lang='grc' dir='ltr'>κακίας</span> <span class='ocrx_word' id='word_1_331' title='bbox 1054 3863 1215 3933; x_wconf 82' lang='grc' dir='ltr'>ὅρων·</span> <span class='ocrx_word' id='word_1_332' title='bbox 1248 3858 1416 3924; x_wconf 78' lang='grc' dir='ltr'>οὗτοι,</span> <span class='ocrx_word' id='word_1_333' title='bbox 1462 3862 1548 3915; x_wconf 83' lang='grc' dir='ltr'>ἵνα</span> <span class='ocrx_word' id='word_1_334' title='bbox 1579 3862 1882 3934; x_wconf 82' lang='grc' dir='ltr'>πειράσωσι</span> <span class='ocrx_word' id='word_1_335' title='bbox 1909 3861 2002 3915; x_wconf 78' lang='grc' dir='ltr'>τὸν</span> 
     </span>
    </p>
   </div>
   <div class='ocr_carea' id='block_1_48' title="bbox 441 3950 1998 4027">
    <p class='ocr_par' dir='ltr' id='par_1_48' title="bbox 441 3950 1998 4027">
     <span class='ocr_line' id='line_1_48' title="bbox 441 3950 1998 4027; baseline -0.003 -18"><span class='ocrx_word' id='word_1_336' title='bbox 441 3950 667 4027; x_wconf 75' lang='grc' dir='ltr'>Ἰησοῦν,</span> <span class='ocrx_word' id='word_1_337' title='bbox 693 3953 1024 4026; x_wconf 83' lang='grc' dir='ltr'>ὁμονοοῦσιν.</span> <span class='ocrx_word' id='word_1_338' title='bbox 1088 3954 1309 4022; x_wconf 87' lang='grc' dir='ltr'>Ὅμοιον</span> <span class='ocrx_word' id='word_1_339' title='bbox 1356 3951 1413 4003; x_wconf 84' lang='grc' dir='ltr'>δὲ</span> <span class='ocrx_word' id='word_1_340' title='bbox 1457 3951 1660 4005; x_wconf 88' lang='grc' dir='ltr'>τούτων</span> <span class='ocrx_word' id='word_1_341' title='bbox 1691 3952 1998 4023; x_wconf 76' lang='grc' dir='ltr'>γεγένηται,</span> 
     </span>
    </p>
   </div>
   <div class='ocr_carea' id='block_1_49' title="bbox 426 4037 1996 4116">
    <p class='ocr_par' dir='ltr' id='par_1_49' title="bbox 426 4037 1996 4116">
     <span class='ocr_line' id='line_1_49' title="bbox 426 4037 1996 4116; baseline -0.003 -14"><span class='ocrx_word' id='word_1_342' title='bbox 426 4048 505 4112; x_wconf 82' lang='grc' dir='ltr'>ὡς</span> <span class='ocrx_word' id='word_1_343' title='bbox 528 4050 556 4102; x_wconf 90' lang='grc' dir='ltr'><strong>ό</strong></span> <span class='ocrx_word' id='word_1_344' title='bbox 576 4049 791 4110; x_wconf 82' lang='grc' dir='ltr'>Λουκᾶς</span> <span class='ocrx_word' id='word_1_345' title='bbox 815 4044 1108 4116; x_wconf 75' lang='grc' dir='ltr'>ἀνέγραψε,</span> <span class='ocrx_word' id='word_1_346' title='bbox 1157 4037 1293 4116; x_wconf 82' lang='grc' dir='ltr'>πρὸς</span> <span class='ocrx_word' id='word_1_347' title='bbox 1336 4041 1577 4115; x_wconf 82' lang='grc' dir='ltr'>Ἡρώδην</span> <span class='ocrx_word' id='word_1_348' title='bbox 1612 4044 1707 4097; x_wconf 78' lang='grc' dir='ltr'>καὶ</span> <span class='ocrx_word' id='word_1_349' title='bbox 1748 4045 1996 4108; x_wconf 87' lang='grc' dir='ltr'>Πιλάτον,</span> 
     </span>
    </p>
   </div>
   <div class='ocr_carea' id='block_1_50' title="bbox 426 4133 1998 4213">
    <p class='ocr_par' dir='ltr' id='par_1_50' title="bbox 426 4133 1998 4213">
     <span class='ocr_line' id='line_1_50' title="bbox 426 4133 1998 4213; baseline -0.004 -17"><span class='ocrx_word' id='word_1_350' title='bbox 426 4142 751 4213; x_wconf 83' lang='grc' dir='ltr'>γενομένους</span> <span class='ocrx_word' id='word_1_351' title='bbox 781 4139 1031 4210; x_wconf 84' lang='grc' dir='ltr'>ἀλλήλοις</span> <span class='ocrx_word' id='word_1_352' title='bbox 1057 4138 1258 4207; x_wconf 84' lang='grc' dir='ltr'>φίλους,</span> <span class='ocrx_word' id='word_1_353' title='bbox 1287 4138 1373 4190; x_wconf 76' lang='grc' dir='ltr'>ἵνα</span> <span class='ocrx_word' id='word_1_354' title='bbox 1395 4133 1486 4190; x_wconf 80' lang='grc' dir='ltr'><strong>τὸν</strong></span> <span class='ocrx_word' id='word_1_355' title='bbox 1521 4136 1726 4208; x_wconf 83' lang='grc' dir='ltr'>Ἰησοῦν</span> <span class='ocrx_word' id='word_1_356' title='bbox 1742 4135 1998 4190; x_wconf 87' lang='grc' dir='ltr'>ἀποκτεί-</span> 
     </span>
    </p>
   </div>
   <div class='ocr_carea' id='block_1_51' title="bbox 2325 2866 3477 2940">
    <p class='ocr_par' dir='ltr' id='par_1_51' title="bbox 2325 2866 3477 2940">
     <span class='ocr_line' id='line_1_51' title="bbox 2325 2866 3477 2940; baseline 0.005 -20"><span class='ocrx_word' id='word_1_357' title='bbox 2325 2867 2400 2922; x_wconf 83' lang='lat' dir='ltr'><strong>De</strong></span> <span class='ocrx_word' id='word_1_358' title='bbox 2440 2869 2506 2922; x_wconf 82' lang='lat' dir='ltr'><strong>iis</strong></span> <span class='ocrx_word' id='word_1_359' title='bbox 2537 2869 2628 2937; x_wconf 81' lang='lat' dir='ltr'><strong>qui</strong></span> <span class='ocrx_word' id='word_1_360' title='bbox 2666 2878 3016 2938; x_wconf 70' lang='lat' dir='ltr'><strong>rogaverunt,</strong></span> <span class='ocrx_word' id='word_1_361' title='bbox 3066 2878 3125 2922; x_wconf 76' lang='grc' dir='ltr'><strong>ιιι</strong></span> <span class='ocrx_word' id='word_1_362' title='bbox 3164 2866 3372 2940; x_wconf 78' lang='lat' dir='ltr'><strong>signum</strong></span> <span class='ocrx_word' id='word_1_363' title='bbox 3411 2875 3477 2927; x_wconf 81' lang='lat' dir='ltr'><strong>de</strong></span> 
     </span>
    </p>
   </div>
   <div class='ocr_carea' id='block_1_52' title="bbox 2600 2940 3195 2994">
    <p class='ocr_par' dir='ltr' id='par_1_52' title="bbox 2600 2940 3195 2994">
     <span class='ocr_line' id='line_1_52' title="bbox 2600 2940 3195 2994; baseline 0.005 -3"><span class='ocrx_word' id='word_1_364' title='bbox 2600 2943 2728 2992; x_wconf 65' lang='lat' dir='ltr'><strong>calo</strong></span> <span class='ocrx_word' id='word_1_365' title='bbox 2757 2940 3046 2993; x_wconf 80' lang='lat' dir='ltr'><strong>ostenderet</strong></span> <span class='ocrx_word' id='word_1_366' title='bbox 3077 2940 3195 2994; x_wconf 81' lang='lat' dir='ltr'><strong>sibi.</strong></span> 
     </span>
    </p>
   </div>
   <div class='ocr_carea' id='block_1_53' title="bbox 2183 3044 3684 3110">
    <p class='ocr_par' dir='ltr' id='par_1_53' title="bbox 2183 3044 3684 3110">
     <span class='ocr_line' id='line_1_53' title="bbox 2183 3044 3684 3110; baseline 0.008 -12"><span class='ocrx_word' id='word_1_367' title='bbox 2183 3047 2233 3100; x_wconf 81' lang='lat' dir='ltr'><strong>l.</strong></span> <span class='ocrx_word' id='word_1_368' title='bbox 2283 3065 2301 3097; x_wconf 87' lang='grc' dir='ltr'><strong>ι</strong></span> <span class='ocrx_word' id='word_1_369' title='bbox 2343 3044 2408 3100; x_wconf 82' lang='grc' dir='ltr'>Ει</span> <span class='ocrx_word' id='word_1_370' title='bbox 2438 3057 2787 3102; x_wconf 87' lang='lat' dir='ltr'><strong>accesserunt</strong></span> <span class='ocrx_word' id='word_1_371' title='bbox 2815 3049 2882 3103; x_wconf 87' lang='lat' dir='ltr'><strong>ad</strong></span> <span class='ocrx_word' id='word_1_372' title='bbox 2916 3064 3040 3104; x_wconf 89' lang='lat' dir='ltr'><strong>cum</strong></span> <span class='ocrx_word' id='word_1_373' title='bbox 3075 3050 3357 3106; x_wconf 66' lang='lat' dir='ltr'><strong>Sadducaai</strong></span> <span class='ocrx_word' id='word_1_374' title='bbox 3397 3061 3450 3107; x_wconf 90' lang='lat' dir='ltr'><strong>et</strong></span> <span class='ocrx_word' id='word_1_375' title='bbox 3491 3053 3684 3110; x_wconf 73' lang='lat' dir='ltr'><strong>Phari-</strong></span> 
     </span>
    </p>
   </div>
   <div class='ocr_carea' id='block_1_54' title="bbox 2109 3139 3684 3212">
    <p class='ocr_par' dir='ltr' id='par_1_54' title="bbox 2109 3139 3684 3212">
     <span class='ocr_line' id='line_1_54' title="bbox 2109 3139 3684 3212; baseline 0.008 -20"><span class='ocrx_word' id='word_1_376' title='bbox 2109 3139 2206 3192; x_wconf 52' lang='grc' dir='ltr'>επὶ</span> <span class='ocrx_word' id='word_1_377' title='bbox 2239 3146 2527 3204; x_wconf 84' lang='lat' dir='ltr'><strong>tentantes,</strong></span> <span class='ocrx_word' id='word_1_378' title='bbox 2573 3146 2628 3192; x_wconf 90' lang='lat' dir='ltr'><strong>et</strong></span> <span class='ocrx_word' id='word_1_379' title='bbox 2665 3139 2926 3209; x_wconf 78' lang='lat' dir='ltr'><strong>rogabunt</strong></span> <span class='ocrx_word' id='word_1_380' title='bbox 2953 3155 3076 3194; x_wconf 90' lang='lat' dir='ltr'><strong>eum</strong></span> <span class='ocrx_word' id='word_1_381' title='bbox 3108 3152 3167 3195; x_wconf 91' lang='lat' dir='ltr'><strong>ut</strong></span> <span class='ocrx_word' id='word_1_382' title='bbox 3193 3142 3408 3212; x_wconf 77' lang='lat' dir='ltr'><strong>signum</strong></span> <span class='ocrx_word' id='word_1_383' title='bbox 3436 3145 3504 3198; x_wconf 89' lang='lat' dir='ltr'><strong>de</strong></span> <span class='ocrx_word' id='word_1_384' title='bbox 3544 3149 3684 3204; x_wconf 57' lang='lat' dir='ltr'><strong>coelo</strong></span> 
     </span>
    </p>
   </div>
   <div class='ocr_carea' id='block_1_55' title="bbox 2107 3225 3683 3303">
    <p class='ocr_par' dir='ltr' id='par_1_55' title="bbox 2107 3225 3683 3303">
     <span class='ocr_line' id='line_1_55' title="bbox 2107 3225 3683 3303; baseline 0.008 -23"><span class='ocrx_word' id='word_1_385' title='bbox 2107 3226 2420 3280; x_wconf 86' lang='lat' dir='ltr'><strong>ostenderet</strong></span> <span class='ocrx_word' id='word_1_386' title='bbox 2447 3227 2527 3281; x_wconf 91' lang='lat' dir='ltr'><strong>cis</strong></span> <span class='ocrx_word' id='word_1_387' title='bbox 2555 3227 2622 3279; x_wconf 79' lang='lat'><strong>“.</strong></span> <span class='ocrx_word' id='word_1_388' title='bbox 2657 3247 2676 3278; x_wconf 77' lang='grc' dir='ltr'><strong>ι</strong></span> <span class='ocrx_word' id='word_1_389' title='bbox 2705 3225 2986 3282; x_wconf 64' lang='grc' dir='ltr'>Βαιιιιιιωιί</span> <span class='ocrx_word' id='word_1_390' title='bbox 3012 3238 3066 3284; x_wconf 90' lang='lat' dir='ltr'><strong>et</strong></span> <span class='ocrx_word' id='word_1_391' title='bbox 3091 3226 3347 3288; x_wconf 68' lang='lat' dir='ltr'><strong>Pharisaei</strong></span> <span class='ocrx_word' id='word_1_392' title='bbox 3371 3247 3535 3303; x_wconf 88' lang='lat' dir='ltr'><strong>super</strong></span> <span class='ocrx_word' id='word_1_393' title='bbox 3567 3251 3683 3292; x_wconf 54' lang='lat' dir='ltr'><strong>ma.</strong></span> 
     </span>
    </p>
   </div>
   <div class='ocr_carea' id='block_1_56' title="bbox 2108 3316 3678 3388">
    <p class='ocr_par' dir='ltr' id='par_1_56' title="bbox 2108 3316 3678 3388">
     <span class='ocr_line' id='line_1_56' title="bbox 2108 3316 3678 3388; baseline 0.009 -19"><span class='ocrx_word' id='word_1_394' title='bbox 2108 3316 2241 3370; x_wconf 74' lang='lat' dir='ltr'><strong>ximi</strong></span> <span class='ocrx_word' id='word_1_395' title='bbox 2290 3317 2547 3371; x_wconf 89' lang='lat' dir='ltr'><strong>momenti</strong></span> <span class='ocrx_word' id='word_1_396' title='bbox 2589 3317 2935 3388; x_wconf 73' lang='lat' dir='ltr'><strong>dogmatibus</strong></span> <span class='ocrx_word' id='word_1_397' title='bbox 2979 3319 3208 3375; x_wconf 78' lang='lat' dir='ltr'><strong>invicem</strong></span> <span class='ocrx_word' id='word_1_398' title='bbox 3260 3322 3678 3383; x_wconf 84' lang='lat' dir='ltr'><strong>dissentientes:</strong></span> 
     </span>
    </p>
   </div>
   <div class='ocr_carea' id='block_1_57' title="bbox 2105 3406 3684 3474">
    <p class='ocr_par' dir='ltr' id='par_1_57' title="bbox 2105 3406 3684 3474">
     <span class='ocr_line' id='line_1_57' title="bbox 2105 3406 3684 3474; baseline 0.008 -16"><span class='ocrx_word' id='word_1_399' title='bbox 2105 3413 2358 3461; x_wconf 83' lang='lat' dir='ltr'><strong>asserunt</strong></span> <span class='ocrx_word' id='word_1_400' title='bbox 2399 3406 2599 3474; x_wconf 87' lang='lat' dir='ltr'><strong>quippe</strong></span> <span class='ocrx_word' id='word_1_401' title='bbox 2629 3415 2967 3461; x_wconf 89' lang='lat' dir='ltr'><strong>mortuorum</strong></span> <span class='ocrx_word' id='word_1_402' title='bbox 2999 3413 3454 3468; x_wconf 80' lang='lat' dir='ltr'><strong>resurrectionem</strong></span> <span class='ocrx_word' id='word_1_403' title='bbox 3498 3408 3684 3472; x_wconf 85' lang='lat' dir='ltr'><strong>Phari-</strong></span> 
     </span>
    </p>
   </div>
   <div class='ocr_carea' id='block_1_58' title="bbox 2105 3495 3680 3568">
    <p class='ocr_par' dir='ltr' id='par_1_58' title="bbox 2105 3495 3680 3568">
     <span class='ocr_line' id='line_1_58' title="bbox 2105 3495 3680 3568; baseline 0.006 -18"><span class='ocrx_word' id='word_1_404' title='bbox 2105 3495 2221 3562; x_wconf 65' lang='lat' dir='ltr'><strong>sei,</strong></span> <span class='ocrx_word' id='word_1_405' title='bbox 2251 3505 2532 3566; x_wconf 81' lang='lat' dir='ltr'><strong>sperantes</strong></span> <span class='ocrx_word' id='word_1_406' title='bbox 2555 3495 2798 3551; x_wconf 87' lang='lat' dir='ltr'><strong>futurum</strong></span> <span class='ocrx_word' id='word_1_407' title='bbox 2827 3498 3044 3566; x_wconf 84' lang='lat' dir='ltr'><strong>aliquod</strong></span> <span class='ocrx_word' id='word_1_408' title='bbox 3062 3501 3357 3568; x_wconf 58' lang='lat' dir='ltr'><strong>saculum;</strong></span> <span class='ocrx_word' id='word_1_409' title='bbox 3399 3503 3680 3560; x_wconf 67' lang='lat' dir='ltr'><strong>Sadducmi</strong></span> 
     </span>
    </p>
   </div>
   <div class='ocr_carea' id='block_1_59' title="bbox 2103 3587 3678 3662">
    <p class='ocr_par' dir='ltr' id='par_1_59' title="bbox 2103 3587 3678 3662">
     <span class='ocr_line' id='line_1_59' title="bbox 2103 3587 3678 3662; baseline 0.007 -23"><span class='ocrx_word' id='word_1_410' title='bbox 2103 3599 2234 3640; x_wconf 76' lang='lat' dir='ltr'><strong>vero</strong></span> <span class='ocrx_word' id='word_1_411' title='bbox 2257 3587 2390 3640; x_wconf 91' lang='lat' dir='ltr'><strong>nihil</strong></span> <span class='ocrx_word' id='word_1_412' title='bbox 2421 3597 2544 3656; x_wconf 87' lang='lat' dir='ltr'><strong>post</strong></span> <span class='ocrx_word' id='word_1_413' title='bbox 2574 3587 2714 3641; x_wconf 86' lang='lat' dir='ltr'><strong>hanc</strong></span> <span class='ocrx_word' id='word_1_414' title='bbox 2737 3587 2902 3641; x_wconf 83' lang='lat' dir='ltr'><strong>vitam</strong></span> <span class='ocrx_word' id='word_1_415' title='bbox 2932 3587 3207 3644; x_wconf 80' lang='lat' dir='ltr'><strong>hominem</strong></span> <span class='ocrx_word' id='word_1_416' title='bbox 3231 3606 3450 3647; x_wconf 89' lang='lat' dir='ltr'><strong>manere</strong></span> <span class='ocrx_word' id='word_1_417' title='bbox 3479 3596 3678 3662; x_wconf 88' lang='lat' dir='ltr'><strong>sciunt,</strong></span> 
     </span>
    </p>
   </div>
   <div class='ocr_carea' id='block_1_60' title="bbox 2105 3668 3682 3749">
    <p class='ocr_par' dir='ltr' id='par_1_60' title="bbox 2105 3668 3682 3749">
     <span class='ocr_line' id='line_1_60' title="bbox 2105 3668 3682 3749; baseline 0.008 -20"><span class='ocrx_word' id='word_1_418' title='bbox 2105 3668 2220 3729; x_wconf 78' lang='lat' dir='ltr'><strong>sive</strong></span> <span class='ocrx_word' id='word_1_419' title='bbox 2272 3673 2326 3726; x_wconf 85' lang='lat' dir='ltr'><strong>in</strong></span> <span class='ocrx_word' id='word_1_420' title='bbox 2366 3674 2565 3728; x_wconf 88' lang='lat' dir='ltr'><strong>virtute</strong></span> <span class='ocrx_word' id='word_1_421' title='bbox 2610 3675 2917 3744; x_wconf 75' lang='lat' dir='ltr'><strong>profecerit,</strong></span> <span class='ocrx_word' id='word_1_422' title='bbox 2965 3678 3078 3733; x_wconf 83' lang='lat' dir='ltr'><strong>sive</strong></span> <span class='ocrx_word' id='word_1_423' title='bbox 3123 3693 3154 3734; x_wconf 85' lang='lat' dir='ltr'><strong>e</strong></span> <span class='ocrx_word' id='word_1_424' title='bbox 3193 3681 3446 3749; x_wconf 80' lang='lat' dir='ltr'><strong>nequitiae</strong></span> <span class='ocrx_word' id='word_1_425' title='bbox 3481 3682 3682 3741; x_wconf 79' lang='lat' dir='ltr'><strong>ﬁnibus</strong></span> 
     </span>
    </p>
   </div>
   <div class='ocr_carea' id='block_1_61' title="bbox 2103 3765 3682 3830">
    <p class='ocr_par' dir='ltr' id='par_1_61' title="bbox 2103 3765 3682 3830">
     <span class='ocr_line' id='line_1_61' title="bbox 2103 3765 3682 3830; baseline 0.008 -12"><span class='ocrx_word' id='word_1_426' title='bbox 2103 3765 2252 3820; x_wconf 80' lang='lat' dir='ltr'><strong>exire</strong></span> <span class='ocrx_word' id='word_1_427' title='bbox 2273 3766 2499 3819; x_wconf 90' lang='lat' dir='ltr'><strong>omnino</strong></span> <span class='ocrx_word' id='word_1_428' title='bbox 2543 3775 2771 3821; x_wconf 88' lang='lat' dir='ltr'><strong>conatus</strong></span> <span class='ocrx_word' id='word_1_429' title='bbox 2798 3782 2904 3822; x_wconf 90' lang='lat' dir='ltr'><strong>non</strong></span> <span class='ocrx_word' id='word_1_430' title='bbox 2942 3767 3103 3822; x_wconf 87' lang='lat' dir='ltr'><strong>fuerit</strong></span> <span class='ocrx_word' id='word_1_431' title='bbox 3137 3781 3149 3822; x_wconf 75' lang='grc' dir='ltr'><strong>ι</strong></span> <span class='ocrx_word' id='word_1_432' title='bbox 3183 3771 3234 3823; x_wconf 84' lang='grc' dir='ltr'><strong>Ιιί</strong></span> <span class='ocrx_word' id='word_1_433' title='bbox 3269 3771 3531 3827; x_wconf 82' lang='lat' dir='ltr'><strong>utJesum</strong></span> <span class='ocrx_word' id='word_1_434' title='bbox 3562 3783 3682 3830; x_wconf 86' lang='lat' dir='ltr'><strong>ten-</strong></span> 
     </span>
    </p>
   </div>
   <div class='ocr_carea' id='block_1_62' title="bbox 2105 3858 3676 3929">
    <p class='ocr_par' dir='ltr' id='par_1_62' title="bbox 2105 3858 3676 3929">
     <span class='ocr_line' id='line_1_62' title="bbox 2105 3858 3676 3929; baseline 0.006 -19"><span class='ocrx_word' id='word_1_435' title='bbox 2105 3864 2240 3919; x_wconf 85' lang='lat' dir='ltr'><strong>tent,</strong></span> <span class='ocrx_word' id='word_1_436' title='bbox 2290 3858 2590 3912; x_wconf 83' lang='lat' dir='ltr'><strong>concordes</strong></span> <span class='ocrx_word' id='word_1_437' title='bbox 2639 3858 2794 3914; x_wconf 81' lang='lat' dir='ltr'><strong>fiunt.</strong></span> <span class='ocrx_word' id='word_1_438' title='bbox 2840 3858 3028 3913; x_wconf 89' lang='lat' dir='ltr'><strong>Simile</strong></span> <span class='ocrx_word' id='word_1_439' title='bbox 3081 3861 3211 3929; x_wconf 90' lang='lat' dir='ltr'><strong>quid</strong></span> <span class='ocrx_word' id='word_1_440' title='bbox 3249 3863 3442 3917; x_wconf 88' lang='lat' dir='ltr'><strong>horum</strong></span> <span class='ocrx_word' id='word_1_441' title='bbox 3475 3864 3676 3920; x_wconf 87' lang='lat' dir='ltr'><strong>factum</strong></span> 
     </span>
    </p>
   </div>
   <div class='ocr_carea' id='block_1_63' title="bbox 2102 3948 3679 4017">
    <p class='ocr_par' dir='ltr' id='par_1_63' title="bbox 2102 3948 3679 4017">
     <span class='ocr_line' id='line_1_63' title="bbox 2102 3948 3679 4017; baseline 0.006 -16"><span class='ocrx_word' id='word_1_442' title='bbox 2102 3957 2205 4013; x_wconf 81' lang='lat' dir='ltr'><strong>est,</strong></span> <span class='ocrx_word' id='word_1_443' title='bbox 2239 3948 2692 4017; x_wconf 85' lang='lat' dir='ltr'><strong>quemadmodum</strong></span> <span class='ocrx_word' id='word_1_444' title='bbox 2739 3949 2959 4003; x_wconf 84' lang='lat' dir='ltr'><strong>tradidit</strong></span> <span class='ocrx_word' id='word_1_445' title='bbox 3001 3949 3197 4015; x_wconf 86' lang='lat' dir='ltr'><strong>Lucas,</strong></span> <span class='ocrx_word' id='word_1_446' title='bbox 3229 3950 3491 4008; x_wconf 84' lang='lat' dir='ltr'><strong>Herodem</strong></span> <span class='ocrx_word' id='word_1_447' title='bbox 3543 3957 3679 4011; x_wconf 84' lang='lat' dir='ltr'><strong>inter</strong></span> 
     </span>
    </p>
   </div>
   <div class='ocr_carea' id='block_1_64' title="bbox 2103 4037 3674 4110">
    <p class='ocr_par' dir='ltr' id='par_1_64' title="bbox 2103 4037 3674 4110">
     <span class='ocr_line' id='line_1_64' title="bbox 2103 4037 3674 4110; baseline 0.006 -18"><span class='ocrx_word' id='word_1_448' title='bbox 2103 4047 2158 4092; x_wconf 86' lang='lat' dir='ltr'><strong>et</strong></span> <span class='ocrx_word' id='word_1_449' title='bbox 2187 4037 2439 4104; x_wconf 85' lang='lat' dir='ltr'><strong>Pilatum,</strong></span> <span class='ocrx_word' id='word_1_450' title='bbox 2471 4038 2565 4107; x_wconf 89' lang='lat' dir='ltr'><strong>qui</strong></span> <span class='ocrx_word' id='word_1_451' title='bbox 2615 4038 2775 4092; x_wconf 86' lang='lat' dir='ltr'><strong>amici</strong></span> <span class='ocrx_word' id='word_1_452' title='bbox 2819 4052 3010 4094; x_wconf 91' lang='lat' dir='ltr'><strong>mutuo</strong></span> <span class='ocrx_word' id='word_1_453' title='bbox 3051 4041 3175 4095; x_wconf 88' lang='lat' dir='ltr'><strong>facti</strong></span> <span class='ocrx_word' id='word_1_454' title='bbox 3224 4052 3371 4110; x_wconf 75' lang='lat' dir='ltr'><strong>sunt,</strong></span> <span class='ocrx_word' id='word_1_455' title='bbox 3404 4055 3462 4099; x_wconf 95' lang='lat' dir='ltr'><strong>ut</strong></span> <span class='ocrx_word' id='word_1_456' title='bbox 3491 4044 3674 4101; x_wconf 82' lang='lat' dir='ltr'><strong>Jcsum</strong></span> 
     </span>
    </p>
   </div>
   <div class='ocr_carea' id='block_1_65' title="bbox 2107 4130 3677 4196">
    <p class='ocr_par' dir='ltr' id='par_1_65' title="bbox 2107 4130 3677 4196">
     <span class='ocr_line' id='line_1_65' title="bbox 2107 4130 3677 4196; baseline 0.005 -13"><span class='ocrx_word' id='word_1_457' title='bbox 2107 4130 2436 4184; x_wconf 90' lang='lat' dir='ltr'><strong>trucidarent</strong></span> <span class='ocrx_word' id='word_1_458' title='bbox 2467 4131 2547 4196; x_wconf 78' lang='lat'><strong>&quot;’;</strong></span> <span class='ocrx_word' id='word_1_459' title='bbox 2594 4131 2826 4187; x_wconf 81' lang='lat' dir='ltr'><strong>fortasse</strong></span> <span class='ocrx_word' id='word_1_460' title='bbox 2852 4131 2996 4186; x_wconf 88' lang='lat' dir='ltr'><strong>enim</strong></span> <span class='ocrx_word' id='word_1_461' title='bbox 3031 4142 3216 4188; x_wconf 92' lang='lat' dir='ltr'><strong>mutua</strong></span> <span class='ocrx_word' id='word_1_462' title='bbox 3245 4135 3384 4190; x_wconf 89' lang='lat' dir='ltr'><strong>inter</strong></span> <span class='ocrx_word' id='word_1_463' title='bbox 3421 4137 3539 4191; x_wconf 92' lang='lat' dir='ltr'><strong>illos</strong></span> <span class='ocrx_word' id='word_1_464' title='bbox 3575 4139 3677 4191; x_wconf 77' lang='lat' dir='ltr'><strong>ini-</strong></span> 
     </span>
    </p>
   </div>
   <div class='ocr_carea' id='block_1_66' title="bbox 428 4209 2008 4300">
    <p class='ocr_par' dir='ltr' id='par_1_66' title="bbox 428 4209 1998 4300">
     <span class='ocr_line' id='line_1_66' title="bbox 428 4209 1998 4300; baseline -0.003 -14"><span class='ocrx_word' id='word_1_465' title='bbox 428 4209 578 4286; x_wconf 49' lang='grc' dir='ltr'><strong>νωσιζ</strong></span> <span class='ocrx_word' id='word_1_466' title='bbox 608 4231 746 4300; x_wconf 85' lang='grc' dir='ltr'>τάχα</span> <span class='ocrx_word' id='word_1_467' title='bbox 776 4209 911 4300; x_wconf 82' lang='grc' dir='ltr'><strong>γάρ</strong></span> <span class='ocrx_word' id='word_1_468' title='bbox 936 4229 969 4300; x_wconf 78' lang='grc' dir='ltr'>ὴ</span> <span class='ocrx_word' id='word_1_469' title='bbox 1018 4229 1115 4299; x_wconf 81' lang='grc' dir='ltr'>μὲν</span> <span class='ocrx_word' id='word_1_470' title='bbox 1173 4227 1309 4298; x_wconf 83' lang='grc' dir='ltr'>πρὸς</span> <span class='ocrx_word' id='word_1_471' title='bbox 1334 4226 1594 4298; x_wconf 87' lang='grc' dir='ltr'>ἀλλήλους</span> <span class='ocrx_word' id='word_1_472' title='bbox 1641 4227 1820 4280; x_wconf 81' lang='grc' dir='ltr'>αὐτῶν</span> <span class='ocrx_word' id='word_1_473' title='bbox 1851 4227 1998 4299; x_wconf 83' lang='grc' dir='ltr'>μάχη</span> 
     </span>
    </p>
   </div>
   <div class='ocr_carea' id='block_1_67' title="bbox 2108 4209 3676 4300">
    <p class='ocr_par' dir='ltr' id='par_1_67' title="bbox 2108 4220 3676 4300">
     <span class='ocr_line' id='line_1_67' title="bbox 2108 4220 3676 4300; baseline 0.007 -27"><span class='ocrx_word' id='word_1_474' title='bbox 2108 4221 2311 4274; x_wconf 90' lang='lat' dir='ltr'><strong>micitia</strong></span> <span class='ocrx_word' id='word_1_475' title='bbox 2344 4220 2630 4283; x_wconf 77' lang='lat' dir='ltr'><strong>effecisset,</strong></span> <span class='ocrx_word' id='word_1_476' title='bbox 2684 4232 2744 4275; x_wconf 92' lang='lat' dir='ltr'><strong>ut</strong></span> <span class='ocrx_word' id='word_1_477' title='bbox 2790 4221 3031 4278; x_wconf 85' lang='lat' dir='ltr'><strong>Herodes</strong></span> <span class='ocrx_word' id='word_1_478' title='bbox 3063 4239 3170 4278; x_wconf 89' lang='lat' dir='ltr'><strong>non</strong></span> <span class='ocrx_word' id='word_1_479' title='bbox 3217 4226 3271 4280; x_wconf 90' lang='lat' dir='ltr'><strong>in</strong></span> <span class='ocrx_word' id='word_1_480' title='bbox 3308 4229 3532 4296; x_wconf 83' lang='lat' dir='ltr'><strong>gratiam</strong></span> <span class='ocrx_word' id='word_1_481' title='bbox 3581 4245 3676 4300; x_wconf 83' lang='lat' dir='ltr'><strong>pn-</strong></span> 
     </span>
    </p>
   </div>
   <div class='ocr_carea' id='block_1_68' title="bbox 430 4309 1998 4392">
    <p class='ocr_par' dir='ltr' id='par_1_68' title="bbox 430 4309 1998 4392">
     <span class='ocr_line' id='line_1_68' title="bbox 430 4309 1998 4392; baseline -0.005 -18"><span class='ocrx_word' id='word_1_482' title='bbox 430 4320 680 4392; x_wconf 78' lang='grc' dir='ltr'>ὲποίησεν</span> <span class='ocrx_word' id='word_1_483' title='bbox 713 4319 779 4372; x_wconf 83' lang='grc' dir='ltr'>ἂν</span> <span class='ocrx_word' id='word_1_484' title='bbox 801 4315 893 4370; x_wconf 76' lang='grc' dir='ltr'>τὸν</span> <span class='ocrx_word' id='word_1_485' title='bbox 943 4309 1040 4387; x_wconf 69' lang='grc' dir='ltr'>μὲν</span> <span class='ocrx_word' id='word_1_486' title='bbox 1075 4314 1319 4386; x_wconf 84' lang='grc' dir='ltr'>Ἡρώδην</span> <span class='ocrx_word' id='word_1_487' title='bbox 1350 4313 1425 4385; x_wconf 84' lang='grc' dir='ltr'>μὴ</span> <span class='ocrx_word' id='word_1_488' title='bbox 1463 4316 1542 4378; x_wconf 87' lang='grc' dir='ltr'><strong>είς</strong></span> <span class='ocrx_word' id='word_1_489' title='bbox 1569 4313 1728 4385; x_wconf 69' lang='grc' dir='ltr'>χάριν</span> <span class='ocrx_word' id='word_1_490' title='bbox 1763 4313 1874 4384; x_wconf 79' lang='lat' dir='ltr'><strong>(8i)</strong></span> <span class='ocrx_word' id='word_1_491' title='bbox 1904 4313 1998 4366; x_wconf 81' lang='grc' dir='ltr'><strong>τοῦ</strong></span> 
     </span>
    </p>
   </div>
   <div class='ocr_carea' id='block_1_69' title="bbox 433 4402 2001 4481">
    <p class='ocr_par' dir='ltr' id='par_1_69' title="bbox 433 4402 2001 4481">
     <span class='ocr_line' id='line_1_69' title="bbox 433 4402 2001 4481; baseline -0.005 -17"><span class='ocrx_word' id='word_1_492' title='bbox 433 4412 676 4481; x_wconf 79' lang='grc' dir='ltr'>λέγοντος</span> <span class='ocrx_word' id='word_1_493' title='bbox 727 4408 878 4464; x_wconf 80' lang='grc' dir='ltr'>λαοῦ·</span> <span class='ocrx_word' id='word_1_494' title='bbox 961 4403 1202 4476; x_wconf 83' lang='grc' dir='ltr'>Σταύρου</span> <span class='ocrx_word' id='word_1_495' title='bbox 1222 4445 1238 4468; x_wconf 92' lang='grc'><strong>,</strong></span> <span class='ocrx_word' id='word_1_496' title='bbox 1278 4402 1513 4477; x_wconf 87' lang='grc' dir='ltr'>σταύρου</span> <span class='ocrx_word' id='word_1_497' title='bbox 1551 4403 1714 4456; x_wconf 84' lang='grc' dir='ltr'>αὐτὸν</span> <span class='ocrx_word' id='word_1_498' title='bbox 1734 4441 1748 4466; x_wconf 93' lang='grc'><strong>,</strong></span> <span class='ocrx_word' id='word_1_499' title='bbox 1817 4403 2001 4471; x_wconf 75' lang='grc' dir='ltr'>ἀξιοῦν</span> 
     </span>
    </p>
   </div>
   <div class='ocr_carea' id='block_1_70' title="bbox 429 4495 2001 4571">
    <p class='ocr_par' dir='ltr' id='par_1_70' title="bbox 429 4495 2001 4571">
     <span class='ocr_line' id='line_1_70' title="bbox 429 4495 2001 4571; baseline -0.003 -19"><span class='ocrx_word' id='word_1_500' title='bbox 429 4501 592 4554; x_wconf 76' lang='grc' dir='ltr'>αὐτὸν</span> <span class='ocrx_word' id='word_1_501' title='bbox 624 4499 976 4571; x_wconf 83' lang='grc' dir='ltr'>ἀναιρεθῆναι</span> <span class='ocrx_word' id='word_1_502' title='bbox 1010 4496 1142 4567; x_wconf 73' lang='grc'><strong>(82)·</strong></span> <span class='ocrx_word' id='word_1_503' title='bbox 1167 4495 1260 4549; x_wconf 81' lang='grc' dir='ltr'>τὸν</span> <span class='ocrx_word' id='word_1_504' title='bbox 1287 4496 1344 4550; x_wconf 82' lang='grc' dir='ltr'>δὲ</span> <span class='ocrx_word' id='word_1_505' title='bbox 1386 4495 1617 4550; x_wconf 83' lang='grc' dir='ltr'>Πιλάτον</span> <span class='ocrx_word' id='word_1_506' title='bbox 1669 4496 1841 4568; x_wconf 78' lang='grc' dir='ltr'>ῥοπήν</span> <span class='ocrx_word' id='word_1_507' title='bbox 1880 4512 2001 4548; x_wconf 88' lang='grc' dir='ltr'>τινα</span> 
     </span>
    </p>
   </div>
   <div class='ocr_carea' id='block_1_71' title="bbox 431 4586 1996 4662">
    <p class='ocr_par' dir='ltr' id='par_1_71' title="bbox 431 4586 1996 4662">
     <span class='ocr_line' id='line_1_71' title="bbox 431 4586 1996 4662; baseline -0.003 -17"><span class='ocrx_word' id='word_1_508' title='bbox 431 4594 620 4662; x_wconf 77' lang='grc' dir='ltr'>ἔχοντα</span> <span class='ocrx_word' id='word_1_509' title='bbox 633 4590 732 4658; x_wconf 75' lang='grc' dir='ltr'><strong>τὴν</strong></span> <span class='ocrx_word' id='word_1_510' title='bbox 756 4589 896 4659; x_wconf 74' lang='grc' dir='ltr'>ὑπὲρ</span> <span class='ocrx_word' id='word_1_511' title='bbox 916 4588 1008 4640; x_wconf 81' lang='grc' dir='ltr'><strong>τοῦ</strong></span> <span class='ocrx_word' id='word_1_512' title='bbox 1029 4588 1102 4658; x_wconf 87' lang='grc' dir='ltr'>μὴ</span> <span class='ocrx_word' id='word_1_513' title='bbox 1129 4587 1194 4640; x_wconf 81' lang='grc' dir='ltr'>ἂν</span> <span class='ocrx_word' id='word_1_514' title='bbox 1218 4587 1378 4640; x_wconf 83' lang='grc' dir='ltr'>αὑτὸν</span> <span class='ocrx_word' id='word_1_515' title='bbox 1399 4586 1845 4640; x_wconf 84' lang='grc' dir='ltr'>καταδεδικάσθαι</span> <span class='ocrx_word' id='word_1_516' title='bbox 1865 4586 1996 4657; x_wconf 82' lang='lat'><strong>(8&#39;5),</strong></span> 
     </span>
    </p>
   </div>
   <div class='ocr_carea' id='block_1_72' title="bbox 432 4671 1997 4747">
    <p class='ocr_par' dir='ltr' id='par_1_72' title="bbox 432 4671 1997 4747">
     <span class='ocr_line' id='line_1_72' title="bbox 432 4671 1997 4747; baseline -0.003 -17"><span class='ocrx_word' id='word_1_517' title='bbox 432 4695 496 4730; x_wconf 86' lang='grc' dir='ltr'><strong>συ</strong></span> <span class='ocrx_word' id='word_1_518' title='bbox 505 4677 878 4746; x_wconf 77' lang='grc' dir='ltr'>μδαλλομὲνης</span> <span class='ocrx_word' id='word_1_519' title='bbox 925 4678 1024 4747; x_wconf 78' lang='grc' dir='ltr'>τῆς</span> <span class='ocrx_word' id='word_1_520' title='bbox 1067 4677 1201 4747; x_wconf 82' lang='grc' dir='ltr'>πρὸς</span> <span class='ocrx_word' id='word_1_521' title='bbox 1240 4675 1486 4747; x_wconf 78' lang='grc' dir='ltr'>Ἡρώδην</span> <span class='ocrx_word' id='word_1_522' title='bbox 1532 4674 1731 4747; x_wconf 71' lang='grc' dir='ltr'>ἔχθρας</span> <span class='ocrx_word' id='word_1_523' title='bbox 1763 4677 1828 4746; x_wconf 79' lang='grc' dir='ltr'><strong>τῇ</strong></span> <span class='ocrx_word' id='word_1_524' title='bbox 1861 4671 1997 4746; x_wconf 80' lang='grc' dir='ltr'>πρὸς</span> 
     </span>
    </p>
   </div>
   <div class='ocr_carea' id='block_1_73' title="bbox 437 4763 1996 4837">
    <p class='ocr_par' dir='ltr' id='par_1_73' title="bbox 437 4763 1996 4837">
     <span class='ocr_line' id='line_1_73' title="bbox 437 4763 1996 4837; baseline 0 -20"><span class='ocrx_word' id='word_1_525' title='bbox 437 4765 492 4817; x_wconf 87' lang='grc' dir='ltr'><strong>τὺ</strong></span> <span class='ocrx_word' id='word_1_526' title='bbox 517 4763 782 4817; x_wconf 74' lang='grc' dir='ltr'>ἀπολῦσαι</span> <span class='ocrx_word' id='word_1_527' title='bbox 800 4765 893 4816; x_wconf 84' lang='grc' dir='ltr'>τὸν</span> <span class='ocrx_word' id='word_1_528' title='bbox 931 4765 1135 4834; x_wconf 76' lang='grc' dir='ltr'>Ἰησοῦν</span> <span class='ocrx_word' id='word_1_529' title='bbox 1189 4765 1618 4837; x_wconf 78' lang='grc' dir='ltr'>προῦπαρχούσῃ</span> <span class='ocrx_word' id='word_1_530' title='bbox 1645 4767 1806 4835; x_wconf 79' lang='grc' dir='ltr'>ῥοπῇ.</span> <span class='ocrx_word' id='word_1_531' title='bbox 1845 4766 1909 4816; x_wconf 86' lang='grc' dir='ltr'><strong>Ἠ</strong></span> <span class='ocrx_word' id='word_1_532' title='bbox 1937 4765 1996 4817; x_wconf 80' lang='grc' dir='ltr'>δὲ</span> 
     </span>
    </p>
   </div>
   <div class='ocr_carea' id='block_1_74' title="bbox 435 4848 2003 4927">
    <p class='ocr_par' dir='ltr' id='par_1_74' title="bbox 435 4848 2003 4927">
     <span class='ocr_line' id='line_1_74' title="bbox 435 4848 2003 4927; baseline -0.001 -19"><span class='ocrx_word' id='word_1_533' title='bbox 435 4849 759 4924; x_wconf 79' lang='grc' dir='ltr'>νομιζομένη</span> <span class='ocrx_word' id='word_1_534' title='bbox 789 4853 938 4922; x_wconf 81' lang='grc' dir='ltr'>φιλία</span> <span class='ocrx_word' id='word_1_535' title='bbox 965 4854 1055 4905; x_wconf 84' lang='grc' dir='ltr'>τὸν</span> <span class='ocrx_word' id='word_1_536' title='bbox 1089 4855 1330 4925; x_wconf 85' lang='grc' dir='ltr'>Ἡρώδην</span> <span class='ocrx_word' id='word_1_537' title='bbox 1370 4855 1715 4927; x_wconf 79' lang='grc' dir='ltr'>ἰσχυρότερον</span> <span class='ocrx_word' id='word_1_538' title='bbox 1744 4848 1880 4926; x_wconf 71' lang='grc' dir='ltr'>πρὸς</span> <span class='ocrx_word' id='word_1_539' title='bbox 1905 4855 2003 4926; x_wconf 77' lang='grc' dir='ltr'>τὴν</span> 
     </span>
    </p>
   </div>
   <div class='ocr_carea' id='block_1_75' title="bbox 433 4942 2004 5017">
    <p class='ocr_par' dir='ltr' id='par_1_75' title="bbox 433 4942 2004 5017">
     <span class='ocr_line' id='line_1_75' title="bbox 433 4942 2004 5017; baseline 0 -18"><span class='ocrx_word' id='word_1_540' title='bbox 433 4945 572 4999; x_wconf 78' lang='grc' dir='ltr'><strong>κατά</strong></span> <span class='ocrx_word' id='word_1_541' title='bbox 603 4944 696 4998; x_wconf 79' lang='grc' dir='ltr'>τοῦ</span> <span class='ocrx_word' id='word_1_542' title='bbox 733 4942 907 5014; x_wconf 84' lang='grc' dir='ltr'><strong>Ἰησοῦ</strong></span> <span class='ocrx_word' id='word_1_543' title='bbox 939 4944 1162 5008; x_wconf 80' lang='grc' dir='ltr'>ἀξίωσιν</span> <span class='ocrx_word' id='word_1_544' title='bbox 1196 4944 1306 5015; x_wconf 69' lang='lat' dir='ltr'><strong>(8i)</strong></span> <span class='ocrx_word' id='word_1_545' title='bbox 1357 4945 1625 5014; x_wconf 81' lang='grc' dir='ltr'>πεποίηκε</span> <span class='ocrx_word' id='word_1_546' title='bbox 1683 4945 1820 5017; x_wconf 78' lang='grc' dir='ltr'>πρὸς</span> <span class='ocrx_word' id='word_1_547' title='bbox 1845 4945 2004 5000; x_wconf 89' lang='grc' dir='ltr'>Πιλά-</span> 
     </span>
    </p>
   </div>
   <div class='ocr_carea' id='block_1_76' title="bbox 503 5080 2004 5148">
    <p class='ocr_par' dir='ltr' id='par_1_76' title="bbox 503 5080 2004 5148">
     <span class='ocr_line' id='line_1_76' title="bbox 503 5080 2004 5148; baseline -0.001 -10"><span class='ocrx_word' id='word_1_548' title='bbox 503 5084 550 5116; x_wconf 84' lang='grc'><strong>⁸³</strong></span> <span class='ocrx_word' id='word_1_549' title='bbox 579 5082 711 5138; x_wconf 85' lang='lat' dir='ltr'><strong>Luc.</strong></span> <span class='ocrx_word' id='word_1_550' title='bbox 750 5095 878 5148; x_wconf 79' lang='lat' dir='ltr'><strong>xm,</strong></span> <span class='ocrx_word' id='word_1_551' title='bbox 913 5082 997 5136; x_wconf 77' lang='grc'><strong>12.</strong></span> <span class='ocrx_word' id='word_1_552' title='bbox 1078 5081 1123 5119; x_wconf 61' lang='grc'><strong>³⁵</strong></span> <span class='ocrx_word' id='word_1_553' title='bbox 1156 5081 1341 5136; x_wconf 83' lang='lat' dir='ltr'><strong>Matth.</strong></span> <span class='ocrx_word' id='word_1_554' title='bbox 1368 5099 1458 5146; x_wconf 78' lang='lat' dir='ltr'><strong>xv,</strong></span> <span class='ocrx_word' id='word_1_555' title='bbox 1483 5080 1572 5138; x_wconf 66' lang='lat'><strong>23.</strong></span> <span class='ocrx_word' id='word_1_556' title='bbox 1651 5085 1696 5115; x_wconf 81' lang='grc'><strong>⁵⁸</strong></span> <span class='ocrx_word' id='word_1_557' title='bbox 1723 5084 1878 5148; x_wconf 50' lang='lat' dir='ltr'><strong>ibid”</strong></span> <span class='ocrx_word' id='word_1_558' title='bbox 1913 5083 2004 5137; x_wconf 68' lang='lat'><strong>28.</strong></span> 
     </span>
    </p>
   </div>
   <div class='ocr_carea' id='block_1_77' title="bbox 503 5195 1994 5269">
    <p class='ocr_par' dir='ltr' id='par_1_77' title="bbox 503 5195 1994 5269">
     <span class='ocr_line' id='line_1_77' title="bbox 503 5195 1994 5269; baseline -0.001 -17"><span class='ocrx_word' id='word_1_559' title='bbox 503 5197 613 5269; x_wconf 85' lang='lat'><strong>(80)</strong></span> <span class='ocrx_word' id='word_1_560' title='bbox 655 5202 719 5253; x_wconf 78' lang='grc' dir='ltr'><strong>Οἱ</strong></span> <span class='ocrx_word' id='word_1_561' title='bbox 763 5199 912 5269; x_wconf 66' lang='grc' dir='ltr'>πρρς</span> <span class='ocrx_word' id='word_1_562' title='bbox 946 5195 1258 5269; x_wconf 63' lang='grc' dir='ltr'>ἀλλήλους</span> <span class='ocrx_word' id='word_1_563' title='bbox 1296 5196 1764 5269; x_wconf 55' lang='grc' dir='ltr'>διαφωνοῦιτες,</span> <span class='ocrx_word' id='word_1_564' title='bbox 1797 5207 1898 5252; x_wconf 91' lang='lat' dir='ltr'><strong>etc.</strong></span> <span class='ocrx_word' id='word_1_565' title='bbox 1933 5197 1994 5251; x_wconf 82' lang='lat' dir='ltr'><strong>Et</strong></span> 
     </span>
    </p>
   </div>
   <div class='ocr_carea' id='block_1_78' title="bbox 437 5265 1580 5338">
    <p class='ocr_par' dir='ltr' id='par_1_78' title="bbox 437 5265 1580 5338">
     <span class='ocr_line' id='line_1_78' title="bbox 437 5265 1580 5338; baseline -0.003 -14"><span class='ocrx_word' id='word_1_566' title='bbox 437 5265 549 5338; x_wconf 54' lang='lat' dir='ltr'><strong>haec</strong></span> <span class='ocrx_word' id='word_1_567' title='bbox 579 5265 1279 5338; x_wconf 23' lang='lat' dir='ltr'><strong>quoquei&#39;l&#39;heophylaftus.</strong></span> <span class='ocrx_word' id='word_1_568' title='bbox 1318 5265 1580 5322; x_wconf 68' lang='lat' dir='ltr'><strong>Hucrlus.</strong></span> 
     </span>
    </p>
   </div>
   <div class='ocr_carea' id='block_1_79' title="bbox 527 5331 1988 5408">
    <p class='ocr_par' dir='ltr' id='par_1_79' title="bbox 527 5331 1988 5408">
     <span class='ocr_line' id='line_1_79' title="bbox 527 5331 1988 5408; baseline -0.002 -15"><span class='ocrx_word' id='word_1_569' title='bbox 527 5331 612 5408; x_wconf 59' lang='grc' dir='ltr'><strong>διδ</strong></span> <span class='ocrx_word' id='word_1_570' title='bbox 653 5331 749 5408; x_wconf 66' lang='grc' dir='ltr'><strong>Μὴ</strong></span> <span class='ocrx_word' id='word_1_571' title='bbox 777 5334 863 5408; x_wconf 77' lang='grc' dir='ltr'><strong>είς</strong></span> <span class='ocrx_word' id='word_1_572' title='bbox 890 5331 1082 5408; x_wconf 66' lang='grc' dir='ltr'>χὰριιξ.</span> <span class='ocrx_word' id='word_1_573' title='bbox 1120 5335 1752 5408; x_wconf 62' lang='lat' dir='ltr'><strong>Erasmus__przetermisit</strong></span> <span class='ocrx_word' id='word_1_574' title='bbox 1784 5338 1877 5408; x_wconf 85' lang='grc' dir='ltr'>μή.</span> <span class='ocrx_word' id='word_1_575' title='bbox 1915 5337 1988 5390; x_wconf 84' lang='grc' dir='ltr'><strong>1ο.</strong></span> 
     </span>
    </p>
   </div>
   <div class='ocr_carea' id='block_1_80' title="bbox 526 5341 1990 5480">
    <p class='ocr_par' dir='ltr' id='par_1_80' title="bbox 526 5341 1990 5480">
     <span class='ocr_line' id='line_1_80' title="bbox 527 5341 1988 5408; baseline -0.001 -17"><span class='ocrx_word' id='word_1_576' title='bbox 527 5341 586 5391; x_wconf 75' lang='grc'><strong>81</strong></span> <span class='ocrx_word' id='word_1_577' title='bbox 653 5343 711 5393; x_wconf 83' lang='grc' dir='ltr'><em>Μ</em></span> <span class='ocrx_word' id='word_1_578' title='bbox 777 5341 863 5404; x_wconf 80' lang='grc' dir='ltr'><strong>είς</strong></span> <span class='ocrx_word' id='word_1_579' title='bbox 890 5341 1082 5406; x_wconf 78' lang='grc' dir='ltr'>χάριν.</span> <span class='ocrx_word' id='word_1_580' title='bbox 1120 5341 1378 5390; x_wconf 74' lang='lat' dir='ltr'><strong>Erasmus</strong></span> <span class='ocrx_word' id='word_1_581' title='bbox 1414 5341 1752 5406; x_wconf 67' lang='lat' dir='ltr'><strong>praetermisit</strong></span> <span class='ocrx_word' id='word_1_582' title='bbox 1784 5341 1877 5408; x_wconf 84' lang='grc' dir='ltr'>μή.</span> <span class='ocrx_word' id='word_1_583' title='bbox 1915 5341 1988 5390; x_wconf 84' lang='grc' dir='ltr'><strong>1ο.</strong></span> 
     </span>
     <span class='ocr_line' id='line_1_81' title="bbox 526 5341 1990 5480; baseline 0.002 -19"><span class='ocrx_word' id='word_1_584' title='bbox 526 5341 616 5480; x_wconf 48' lang='grc' dir='ltr'>ετξ</span> <span class='ocrx_word' id='word_1_585' title='bbox 663 5341 890 5480; x_wconf 48' lang='grc' dir='ltr'>Ἇέιοῦν</span> <span class='ocrx_word' id='word_1_586' title='bbox 920 5399 1103 5460; x_wconf 82' lang='grc' dir='ltr'>αὐτὸν</span> <span class='ocrx_word' id='word_1_587' title='bbox 1134 5399 1527 5480; x_wconf 45' lang='grc' dir='ltr'>ἀταιρςθῆνιῃε</span> <span class='ocrx_word' id='word_1_588' title='bbox 1566 5406 1658 5480; x_wconf 89' lang='lat' dir='ltr'><strong>_Sic</strong></span> <span class='ocrx_word' id='word_1_589' title='bbox 1683 5407 1990 5480; x_wconf 32' lang='lat' dir='ltr'><strong>habetgcod.</strong></span> 
     </span>
    </p>
   </div>
   <div class='ocr_carea' id='block_1_81' title="bbox 435 5473 1993 5599">
    <p class='ocr_par' dir='ltr' id='par_1_81' title="bbox 435 5473 1993 5599">
     <span class='ocr_line' id='line_1_82' title="bbox 436 5473 1993 5546; baseline 0 -16"><span class='ocrx_word' id='word_1_590' title='bbox 436 5473 674 5546; x_wconf 61' lang='lat' dir='ltr'><strong>Reg.,&#39;et</strong></span> <span class='ocrx_word' id='word_1_591' title='bbox 707 5478 760 5532; x_wconf 89' lang='lat' dir='ltr'><strong>id</strong></span> <span class='ocrx_word' id='word_1_592' title='bbox 797 5491 991 5533; x_wconf 90' lang='lat' dir='ltr'><strong>sensus</strong></span> <span class='ocrx_word' id='word_1_593' title='bbox 1019 5473 1274 5545; x_wconf 77' lang='lat' dir='ltr'><strong>postulat.</strong></span> <span class='ocrx_word' id='word_1_594' title='bbox 1310 5473 1444 5531; x_wconf 81' lang='lat' dir='ltr'><strong>Cod.</strong></span> <span class='ocrx_word' id='word_1_595' title='bbox 1481 5475 1684 5540; x_wconf 84' lang='lat' dir='ltr'><strong>Holm.,</strong></span> <span class='ocrx_word' id='word_1_596' title='bbox 1719 5475 1993 5541; x_wconf 75' lang='grc' dir='ltr'>ἀξιοῦντος</span> 
     </span>
     <span class='ocr_line' id='line_1_83' title="bbox 435 5544 906 5599; baseline 0 0"><span class='ocrx_word' id='word_1_597' title='bbox 435 5544 800 5599; x_wconf 67' lang='grc' dir='ltr'>ἀναιρεθῆναι.</span> <span class='ocrx_word' id='word_1_598' title='bbox 834 5548 906 5599; x_wconf 83' lang='lat' dir='ltr'><strong>In.</strong></span> 
     </span>
    </p>
   </div>
   <div class='ocr_carea' id='block_1_82' title="bbox 529 5547 1990 5686">
    <p class='ocr_par' dir='ltr' id='par_1_82' title="bbox 529 5547 1990 5686">
     <span class='ocr_line' id='line_1_84' title="bbox 529 5547 1990 5686; baseline 0.002 -17"><span class='ocrx_word' id='word_1_599' title='bbox 529 5547 971 5685; x_wconf 32' lang='lat'><strong>33031332305</strong></span> <span class='ocrx_word' id='word_1_600' title='bbox 1001 5614 1089 5686; x_wconf 86' lang='grc' dir='ltr'><strong>μὴ</strong></span> <span class='ocrx_word' id='word_1_601' title='bbox 1130 5614 1208 5670; x_wconf 76' lang='grc' dir='ltr'><strong>ἂν</strong></span> <span class='ocrx_word' id='word_1_602' title='bbox 1243 5618 1430 5671; x_wconf 80' lang='grc' dir='ltr'>αὐτὸν</span> <span class='ocrx_word' id='word_1_603' title='bbox 1473 5615 1990 5672; x_wconf 77' lang='grc' dir='ltr'>καταδεδικάσθαι.</span> 
     </span>
    </p>
   </div>
   <div class='ocr_carea' id='block_1_83' title="bbox 439 5682 1992 5756">
    <p class='ocr_par' dir='ltr' id='par_1_83' title="bbox 439 5682 1992 5756">
     <span class='ocr_line' id='line_1_85' title="bbox 439 5682 1992 5756; baseline 0 -16"><span class='ocrx_word' id='word_1_604' title='bbox 439 5682 500 5756; x_wconf 67' lang='lat' dir='ltr'><strong>Si</strong></span> <span class='ocrx_word' id='word_1_605' title='bbox 520 5682 641 5741; x_wconf 70' lang='lat' dir='ltr'><strong>liaéc</strong></span> <span class='ocrx_word' id='word_1_606' title='bbox 675 5687 746 5739; x_wconf 90' lang='lat' dir='ltr'><strong>ita</strong></span> <span class='ocrx_word' id='word_1_607' title='bbox 779 5682 929 5756; x_wconf 79' lang='lat' dir='ltr'><strong>legis,</strong></span> <span class='ocrx_word' id='word_1_608' title='bbox 957 5682 1169 5742; x_wconf 80' lang='lat' dir='ltr'><strong>videtur</strong></span> <span class='ocrx_word' id='word_1_609' title='bbox 1195 5687 1398 5756; x_wconf 86' lang='lat' dir='ltr'><strong>aliquid</strong></span> <span class='ocrx_word' id='word_1_610' title='bbox 1423 5688 1489 5742; x_wconf 88' lang='lat' dir='ltr'><strong>ad</strong></span> <span class='ocrx_word' id='word_1_611' title='bbox 1527 5702 1744 5742; x_wconf 87' lang='lat' dir='ltr'><strong>sensum</strong></span> <span class='ocrx_word' id='word_1_612' title='bbox 1772 5687 1992 5756; x_wconf 82' lang='lat' dir='ltr'><strong>explen-</strong></span> 
     </span>
    </p>
   </div>
   <div class='ocr_carea' id='block_1_84' title="bbox 435 5753 1986 5828">
    <p class='ocr_par' dir='ltr' id='par_1_84' title="bbox 435 5753 1986 5828">
     <span class='ocr_line' id='line_1_86' title="bbox 435 5753 1986 5828; baseline -0.002 -17"><span class='ocrx_word' id='word_1_613' title='bbox 435 5753 563 5811; x_wconf 83' lang='lat' dir='ltr'><strong>dum</strong></span> <span class='ocrx_word' id='word_1_614' title='bbox 589 5753 879 5812; x_wconf 75' lang='lat' dir='ltr'><strong>desiderari</strong></span> <span class='ocrx_word' id='word_1_615' title='bbox 905 5775 920 5822; x_wconf 89' lang='lat'><strong>;</strong></span> <span class='ocrx_word' id='word_1_616' title='bbox 973 5757 1088 5811; x_wconf 64' lang='lat' dir='ltr'><strong>hac</strong></span> <span class='ocrx_word' id='word_1_617' title='bbox 1115 5765 1242 5828; x_wconf 86' lang='lat' dir='ltr'><strong>puta</strong></span> <span class='ocrx_word' id='word_1_618' title='bbox 1273 5753 1396 5828; x_wconf 66' lang='lat' dir='ltr'><strong>qua:</strong></span> <span class='ocrx_word' id='word_1_619' title='bbox 1429 5757 1648 5812; x_wconf 81' lang='lat' dir='ltr'><strong>exhibet</strong></span> <span class='ocrx_word' id='word_1_620' title='bbox 1693 5753 1949 5813; x_wconf 81' lang='lat' dir='ltr'><strong>Erasmus</strong></span> <span class='ocrx_word' id='word_1_621' title='bbox 1974 5773 1986 5807; x_wconf 91' lang='lat'><strong>:</strong></span> 
     </span>
    </p>
   </div>
   <div class='ocr_carea' id='block_1_85' title="bbox 2105 4311 3677 4384">
    <p class='ocr_par' dir='ltr' id='par_1_85' title="bbox 2105 4311 3677 4384">
     <span class='ocr_line' id='line_1_87' title="bbox 2105 4311 3677 4384; baseline 0.008 -20"><span class='ocrx_word' id='word_1_622' title='bbox 2105 4313 2216 4382; x_wconf 90' lang='lat' dir='ltr'><strong>puli</strong></span> <span class='ocrx_word' id='word_1_623' title='bbox 2251 4311 2479 4368; x_wconf 89' lang='lat' dir='ltr'><strong>dicentis</strong></span> <span class='ocrx_word' id='word_1_624' title='bbox 2505 4333 2518 4368; x_wconf 93' lang='lat'><strong>:</strong></span> <span class='ocrx_word' id='word_1_625' title='bbox 2544 4332 2561 4365; x_wconf 86' lang='grc' dir='ltr'><strong>ι</strong></span> <span class='ocrx_word' id='word_1_626' title='bbox 2590 4313 2880 4382; x_wconf 77' lang='lat' dir='ltr'><strong>Cruciﬁge,</strong></span> <span class='ocrx_word' id='word_1_627' title='bbox 2902 4313 3156 4384; x_wconf 76' lang='lat' dir='ltr'><strong>crucifige</strong></span> <span class='ocrx_word' id='word_1_628' title='bbox 3174 4328 3321 4382; x_wconf 87' lang='lat' dir='ltr'><strong>eum,</strong></span> <span class='ocrx_word' id='word_1_629' title='bbox 3343 4334 3360 4366; x_wconf 78' lang='grc' dir='ltr'><strong>ι</strong></span> <span class='ocrx_word' id='word_1_630' title='bbox 3381 4318 3528 4375; x_wconf 89' lang='lat' dir='ltr'><strong>illum</strong></span> <span class='ocrx_word' id='word_1_631' title='bbox 3557 4321 3677 4376; x_wconf 87' lang='lat' dir='ltr'><strong>neci</strong></span> 
     </span>
    </p>
   </div>
   <div class='ocr_carea' id='block_1_86' title="bbox 2105 4400 3676 4477">
    <p class='ocr_par' dir='ltr' id='par_1_86' title="bbox 2105 4400 3676 4477">
     <span class='ocr_line' id='line_1_88' title="bbox 2105 4400 3676 4477; baseline 0.008 -21"><span class='ocrx_word' id='word_1_632' title='bbox 2105 4402 2225 4456; x_wconf 85' lang='lat' dir='ltr'><strong>dari</strong></span> <span class='ocrx_word' id='word_1_633' title='bbox 2270 4401 2638 4470; x_wconf 87' lang='lat' dir='ltr'><strong>poposcisset;</strong></span> <span class='ocrx_word' id='word_1_634' title='bbox 2688 4400 2892 4458; x_wconf 84' lang='lat' dir='ltr'><strong>Pilatus</strong></span> <span class='ocrx_word' id='word_1_635' title='bbox 2937 4413 3116 4460; x_wconf 88' lang='lat' dir='ltr'><strong>autem</strong></span> <span class='ocrx_word' id='word_1_636' title='bbox 3147 4406 3488 4477; x_wconf 84' lang='lat' dir='ltr'><strong>aliquatenus</strong></span> <span class='ocrx_word' id='word_1_637' title='bbox 3516 4413 3582 4467; x_wconf 80' lang='lat' dir='ltr'><strong>ad</strong></span> <span class='ocrx_word' id='word_1_638' title='bbox 3621 4413 3676 4468; x_wconf 88' lang='lat' dir='ltr'><strong>id</strong></span> 
     </span>
    </p>
   </div>
   <div class='ocr_carea' id='block_1_87' title="bbox 2107 4493 3678 4564">
    <p class='ocr_par' dir='ltr' id='par_1_87' title="bbox 2107 4493 3678 4564">
     <span class='ocr_line' id='line_1_89' title="bbox 2107 4493 3678 4564; baseline 0.008 -16"><span class='ocrx_word' id='word_1_639' title='bbox 2107 4493 2414 4556; x_wconf 84' lang='lat' dir='ltr'><strong>inclinans,</strong></span> <span class='ocrx_word' id='word_1_640' title='bbox 2461 4501 2521 4546; x_wconf 92' lang='lat' dir='ltr'><strong>ut</strong></span> <span class='ocrx_word' id='word_1_641' title='bbox 2567 4508 2675 4547; x_wconf 90' lang='lat' dir='ltr'><strong>non</strong></span> <span class='ocrx_word' id='word_1_642' title='bbox 2720 4494 3211 4564; x_wconf 88' lang='lat' dir='ltr'><strong>condemnaretur,</strong></span> <span class='ocrx_word' id='word_1_643' title='bbox 3273 4502 3560 4558; x_wconf 84' lang='lat' dir='ltr'><strong>accedente</strong></span> <span class='ocrx_word' id='word_1_644' title='bbox 3607 4504 3678 4560; x_wconf 87' lang='lat' dir='ltr'><strong>ad</strong></span> 
     </span>
    </p>
   </div>
   <div class='ocr_carea' id='block_1_88' title="bbox 2107 4581 3680 4656">
    <p class='ocr_par' dir='ltr' id='par_1_88' title="bbox 2107 4581 3680 4656">
     <span class='ocr_line' id='line_1_90' title="bbox 2107 4581 3680 4656; baseline 0.007 -20"><span class='ocrx_word' id='word_1_645' title='bbox 2107 4583 2521 4653; x_wconf 87' lang='lat' dir='ltr'><strong>propensionem</strong></span> <span class='ocrx_word' id='word_1_646' title='bbox 2551 4581 2735 4637; x_wconf 82' lang='lat' dir='ltr'><strong>Jcsum</strong></span> <span class='ocrx_word' id='word_1_647' title='bbox 2763 4585 3078 4639; x_wconf 82' lang='lat' dir='ltr'><strong>absolvendi</strong></span> <span class='ocrx_word' id='word_1_648' title='bbox 3123 4602 3244 4655; x_wconf 67' lang='lat' dir='ltr'><strong>qua:</strong></span> <span class='ocrx_word' id='word_1_649' title='bbox 3291 4590 3441 4656; x_wconf 88' lang='lat' dir='ltr'><strong>prius</strong></span> <span class='ocrx_word' id='word_1_650' title='bbox 3471 4590 3544 4644; x_wconf 90' lang='lat' dir='ltr'><strong>illi</strong></span> <span class='ocrx_word' id='word_1_651' title='bbox 3593 4592 3680 4648; x_wconf 84' lang='lat' dir='ltr'><strong>in-</strong></span> 
     </span>
    </p>
   </div>
   <div class='ocr_carea' id='block_1_89' title="bbox 2105 4673 3675 4743">
    <p class='ocr_par' dir='ltr' id='par_1_89' title="bbox 2105 4673 3675 4743">
     <span class='ocr_line' id='line_1_91' title="bbox 2105 4673 3675 4743; baseline 0.006 -14"><span class='ocrx_word' id='word_1_652' title='bbox 2105 4684 2223 4730; x_wconf 88' lang='lat' dir='ltr'><strong>erat</strong></span> <span class='ocrx_word' id='word_1_653' title='bbox 2267 4674 2439 4743; x_wconf 91' lang='lat' dir='ltr'><strong>ipsius</strong></span> <span class='ocrx_word' id='word_1_654' title='bbox 2491 4690 2616 4728; x_wconf 90' lang='lat' dir='ltr'><strong>cum</strong></span> <span class='ocrx_word' id='word_1_655' title='bbox 2668 4673 2881 4729; x_wconf 81' lang='lat' dir='ltr'><strong>Herode</strong></span> <span class='ocrx_word' id='word_1_656' title='bbox 2928 4676 3220 4731; x_wconf 84' lang='lat' dir='ltr'><strong>simultate.</strong></span> <span class='ocrx_word' id='word_1_657' title='bbox 3267 4676 3455 4734; x_wconf 78' lang='lat' dir='ltr'><strong>Eﬂ‘ecit</strong></span> <span class='ocrx_word' id='word_1_658' title='bbox 3495 4693 3675 4738; x_wconf 84' lang='lat' dir='ltr'><strong>autem</strong></span> 
     </span>
    </p>
   </div>
   <div class='ocr_carea' id='block_1_90' title="bbox 2102 4766 3678 4837">
    <p class='ocr_par' dir='ltr' id='par_1_90' title="bbox 2102 4766 3678 4837">
     <span class='ocr_line' id='line_1_92' title="bbox 2102 4766 3678 4837; baseline 0.01 -21"><span class='ocrx_word' id='word_1_659' title='bbox 2102 4766 2264 4836; x_wconf 66' lang='lat'><strong>512</strong></span> <span class='ocrx_word' id='word_1_660' title='bbox 2295 4766 2528 4819; x_wconf 88' lang='lat' dir='ltr'><strong>amicitia</strong></span> <span class='ocrx_word' id='word_1_661' title='bbox 2559 4768 2670 4820; x_wconf 65' lang='lat' dir='ltr'><strong>haec</strong></span> <span class='ocrx_word' id='word_1_662' title='bbox 2701 4767 2956 4836; x_wconf 86' lang='lat' dir='ltr'><strong>utrinque</strong></span> <span class='ocrx_word' id='word_1_663' title='bbox 2989 4769 3100 4837; x_wconf 75' lang='lat' dir='ltr'><strong>geri</strong></span> <span class='ocrx_word' id='word_1_664' title='bbox 3132 4770 3354 4834; x_wconf 89' lang='lat' dir='ltr'><strong>credita,</strong></span> <span class='ocrx_word' id='word_1_665' title='bbox 3403 4782 3460 4827; x_wconf 90' lang='lat' dir='ltr'><strong>ut</strong></span> <span class='ocrx_word' id='word_1_666' title='bbox 3493 4775 3678 4833; x_wconf 87' lang='lat' dir='ltr'><strong>acrius</strong></span> 
     </span>
    </p>
   </div>
   <div class='ocr_carea' id='block_1_91' title="bbox 2105 4855 3674 4932">
    <p class='ocr_par' dir='ltr' id='par_1_91' title="bbox 2105 4855 3674 4932">
     <span class='ocr_line' id='line_1_93' title="bbox 2105 4855 3674 4932; baseline 0.009 -24"><span class='ocrx_word' id='word_1_667' title='bbox 2105 4856 2366 4910; x_wconf 86' lang='lat' dir='ltr'><strong>adversus</strong></span> <span class='ocrx_word' id='word_1_668' title='bbox 2411 4855 2598 4910; x_wconf 83' lang='lat' dir='ltr'><strong>Jesum</strong></span> <span class='ocrx_word' id='word_1_669' title='bbox 2658 4858 2884 4912; x_wconf 86' lang='lat' dir='ltr'><strong>instaret</strong></span> <span class='ocrx_word' id='word_1_670' title='bbox 2931 4856 3168 4914; x_wconf 83' lang='lat' dir='ltr'><strong>Herodes</strong></span> <span class='ocrx_word' id='word_1_671' title='bbox 3218 4861 3360 4931; x_wconf 89' lang='lat' dir='ltr'><strong>apud</strong></span> <span class='ocrx_word' id='word_1_672' title='bbox 3404 4863 3674 4932; x_wconf 83' lang='lat' dir='ltr'><strong>Pilatum,</strong></span> 
     </span>
    </p>
   </div>
   <div class='ocr_carea' id='block_1_92' title="bbox 2105 4946 3678 5017">
    <p class='ocr_par' dir='ltr' id='par_1_92' title="bbox 2105 4946 3678 5017">
     <span class='ocr_line' id='line_1_94' title="bbox 2105 4946 3678 5017; baseline 0.004 -18"><span class='ocrx_word' id='word_1_673' title='bbox 2105 4947 2372 5000; x_wconf 82' lang='lat' dir='ltr'><strong>volentem</strong></span> <span class='ocrx_word' id='word_1_674' title='bbox 2403 4946 2636 5001; x_wconf 77' lang='lat' dir='ltr'><strong>fortasse</strong></span> <span class='ocrx_word' id='word_1_675' title='bbox 2669 4955 2722 5002; x_wconf 90' lang='lat' dir='ltr'><strong>ct</strong></span> <span class='ocrx_word' id='word_1_676' title='bbox 2761 4947 2962 5017; x_wconf 90' lang='lat' dir='ltr'><strong>ipsum,</strong></span> <span class='ocrx_word' id='word_1_677' title='bbox 2998 4963 3186 5003; x_wconf 87' lang='lat' dir='ltr'><strong>recens</strong></span> <span class='ocrx_word' id='word_1_678' title='bbox 3213 4951 3457 5008; x_wconf 68' lang='lat' dir='ltr'><strong>conflata:</strong></span> <span class='ocrx_word' id='word_1_679' title='bbox 3486 4955 3678 5008; x_wconf 80' lang='lat' dir='ltr'><strong>amici-</strong></span> 
     </span>
    </p>
   </div>
   <div class='ocr_carea' id='block_1_93' title="bbox 2120 5077 3206 5150">
    <p class='ocr_par' dir='ltr' id='par_1_93' title="bbox 2120 5077 3206 5150">
     <span class='ocr_line' id='line_1_95' title="bbox 2120 5077 3206 5150; baseline 0.003 -13"><span class='ocrx_word' id='word_1_680' title='bbox 2120 5080 2168 5117; x_wconf 81' lang='lat'>“</span> <span class='ocrx_word' id='word_1_681' title='bbox 2193 5083 2382 5139; x_wconf 79' lang='lat' dir='ltr'><strong>Matth.</strong></span> <span class='ocrx_word' id='word_1_682' title='bbox 2407 5094 2519 5150; x_wconf 73' lang='lat' dir='ltr'><strong>3m,</strong></span> <span class='ocrx_word' id='word_1_683' title='bbox 2551 5085 2602 5137; x_wconf 80' lang='grc'><strong>1.</strong></span> <span class='ocrx_word' id='word_1_684' title='bbox 2676 5081 2720 5117; x_wconf 78' lang='grc'>⁸⁷</span> <span class='ocrx_word' id='word_1_685' title='bbox 2752 5077 2884 5139; x_wconf 88' lang='lat' dir='ltr'><strong>Luc.</strong></span> <span class='ocrx_word' id='word_1_686' title='bbox 2919 5097 3086 5150; x_wconf 74' lang='lat' dir='ltr'><strong>mn,</strong></span> <span class='ocrx_word' id='word_1_687' title='bbox 3119 5085 3206 5140; x_wconf 75' lang='grc'><strong>12.</strong></span> 
     </span>
    </p>
   </div>
   <div class='ocr_carea' id='block_1_94' title="bbox 2106 5194 3630 5262">
    <p class='ocr_par' dir='ltr' id='par_1_94' title="bbox 2106 5194 3630 5262">
     <span class='ocr_line' id='line_1_96' title="bbox 2106 5194 3630 5262; baseline 0.003 -14"><span class='ocrx_word' id='word_1_688' title='bbox 2106 5194 2129 5248; x_wconf 74' lang='grc' dir='ltr'>ι’</span> <span class='ocrx_word' id='word_1_689' title='bbox 2156 5197 2310 5252; x_wconf 93' lang='lat' dir='ltr'><strong>Illum</strong></span> <span class='ocrx_word' id='word_1_690' title='bbox 2364 5197 2594 5253; x_wconf 78' lang='lat' dir='ltr'><strong>fortasse</strong></span> <span class='ocrx_word' id='word_1_691' title='bbox 2632 5213 2743 5252; x_wconf 91' lang='lat' dir='ltr'><strong>non</strong></span> <span class='ocrx_word' id='word_1_692' title='bbox 2789 5198 3236 5262; x_wconf 85' lang='lat' dir='ltr'><strong>condemnasset;</strong></span> <span class='ocrx_word' id='word_1_693' title='bbox 3271 5217 3287 5250; x_wconf 79' lang='grc' dir='ltr'><strong>ι</strong></span> <span class='ocrx_word' id='word_1_694' title='bbox 3331 5211 3414 5254; x_wconf 77' lang='lat' dir='ltr'><strong>sin</strong></span> <span class='ocrx_word' id='word_1_695' title='bbox 3453 5210 3630 5253; x_wconf 74' lang='lat' dir='ltr'><strong>autem</strong></span> 
     </span>
    </p>
   </div>
   <div class='ocr_carea' id='block_1_95' title="bbox 2102 5235 3671 5340">
    <p class='ocr_par' dir='ltr' id='par_1_95' title="bbox 2102 5235 3671 5340">
     <span class='ocr_line' id='line_1_97' title="bbox 2107 5235 3630 5262; baseline 0.001 -11"><span class='ocrx_word' id='word_1_696' title='bbox 2107 5235 2123 5248; x_wconf 79' lang='lat'><strong>.</strong></span> <span class='ocrx_word' id='word_1_697' title='bbox 2364 5235 2594 5253; x_wconf 69' lang='grc' dir='ltr'><strong>,νηαοου</strong></span> <span class='ocrx_word' id='word_1_698' title='bbox 2633 5235 2743 5252; x_wconf 81' lang='grc' dir='ltr'><strong>..νη</strong></span> <span class='ocrx_word' id='word_1_699' title='bbox 2789 5235 3236 5262; x_wconf 69' lang='grc' dir='ltr'>ωηιωιιηηηουι,</span> <span class='ocrx_word' id='word_1_700' title='bbox 3271 5235 3287 5250; x_wconf 86' lang='grc'><em>.</em></span> <span class='ocrx_word' id='word_1_701' title='bbox 3331 5235 3414 5254; x_wconf 70' lang='grc' dir='ltr'><em>η...</em></span> <span class='ocrx_word' id='word_1_702' title='bbox 3453 5235 3630 5253; x_wconf 58' lang='grc' dir='ltr'><strong>..νη-ι.</strong></span> 
     </span>
     <span class='ocr_line' id='line_1_98' title="bbox 2102 5235 3671 5340; baseline 0.001 -20"><span class='ocrx_word' id='word_1_703' title='bbox 2102 5268 2244 5340; x_wconf 76' lang='grc' dir='ltr'>ὑπὲρ</span> <span class='ocrx_word' id='word_1_704' title='bbox 2287 5267 2519 5333; x_wconf 89' lang='grc' dir='ltr'>τούτου,</span> <span class='ocrx_word' id='word_1_705' title='bbox 2555 5267 2628 5340; x_wconf 82' lang='grc' dir='ltr'>μὴ</span> <span class='ocrx_word' id='word_1_706' title='bbox 2672 5267 2738 5321; x_wconf 79' lang='grc' dir='ltr'><strong>ἃν</strong></span> <span class='ocrx_word' id='word_1_707' title='bbox 2794 5262 2954 5340; x_wconf 66' lang='grc' dir='ltr'>αὐτον</span> <span class='ocrx_word' id='word_1_708' title='bbox 2999 5269 3481 5340; x_wconf 60' lang='grc' dir='ltr'>καταδεδικάσθαι,</span> <span class='ocrx_word' id='word_1_709' title='bbox 3538 5235 3671 5322; x_wconf 69' lang='grc' dir='ltr'>ιιίΙιίί</span> 
     </span>
    </p>
   </div>
   <div class='ocr_carea' id='block_1_96' title="bbox 2099 5337 3670 5406">
    <p class='ocr_par' dir='ltr' id='par_1_96' title="bbox 2099 5337 3670 5406">
     <span class='ocr_line' id='line_1_99' title="bbox 2099 5337 3670 5406; baseline 0 -14"><span class='ocrx_word' id='word_1_710' title='bbox 2099 5337 2310 5401; x_wconf 84' lang='lat' dir='ltr'><strong>deerit,</strong></span> <span class='ocrx_word' id='word_1_711' title='bbox 2363 5350 2418 5393; x_wconf 92' lang='lat' dir='ltr'><strong>et</strong></span> <span class='ocrx_word' id='word_1_712' title='bbox 2477 5337 2565 5393; x_wconf 85' lang='lat' dir='ltr'><strong>sic</strong></span> <span class='ocrx_word' id='word_1_713' title='bbox 2608 5337 3051 5406; x_wconf 83' lang='lat' dir='ltr'><strong>interpretaberis</strong></span> <span class='ocrx_word' id='word_1_714' title='bbox 3093 5357 3107 5392; x_wconf 90' lang='lat'><strong>:</strong></span> <span class='ocrx_word' id='word_1_715' title='bbox 3163 5359 3179 5390; x_wconf 80' lang='grc' dir='ltr'><strong>ι</strong></span> <span class='ocrx_word' id='word_1_716' title='bbox 3233 5337 3439 5392; x_wconf 91' lang='lat' dir='ltr'><strong>Pilatus</strong></span> <span class='ocrx_word' id='word_1_717' title='bbox 3485 5345 3670 5392; x_wconf 90' lang='lat' dir='ltr'><strong>autem</strong></span> 
     </span>
    </p>
   </div>
   <div class='ocr_carea' id='block_1_97' title="bbox 2099 5406 3671 5530">
    <p class='ocr_par' dir='ltr' id='par_1_97' title="bbox 2099 5406 3671 5530">
     <span class='ocr_line' id='line_1_100' title="bbox 2099 5406 3671 5530; baseline 0.001 -70"><span class='ocrx_word' id='word_1_718' title='bbox 2099 5408 2442 5530; x_wconf 48' lang='lat' dir='ltr'><strong>aliquaienus</strong></span> <span class='ocrx_word' id='word_1_719' title='bbox 2469 5409 2536 5463; x_wconf 86' lang='lat' dir='ltr'><strong>ad</strong></span> <span class='ocrx_word' id='word_1_720' title='bbox 2565 5407 2618 5462; x_wconf 89' lang='lat' dir='ltr'><strong>id</strong></span> <span class='ocrx_word' id='word_1_721' title='bbox 2650 5407 2949 5474; x_wconf 78' lang='lat' dir='ltr'><strong>inclinans,</strong></span> <span class='ocrx_word' id='word_1_722' title='bbox 2985 5423 3110 5463; x_wconf 88' lang='lat' dir='ltr'><strong>eum</strong></span> <span class='ocrx_word' id='word_1_723' title='bbox 3166 5423 3273 5461; x_wconf 92' lang='lat' dir='ltr'><strong>non</strong></span> <span class='ocrx_word' id='word_1_724' title='bbox 3307 5406 3671 5462; x_wconf 81' lang='lat' dir='ltr'><strong>condemnas-</strong></span> 
     </span>
     <span class='ocr_line' id='line_1_101' title="bbox 2099 5492 2366 5530; baseline 0 0"><span class='ocrx_word' id='word_1_725' title='bbox 2099 5492 2157 5530; x_wconf 90' lang='lat' dir='ltr'><strong>se</strong></span> <span class='ocrx_word' id='word_1_726' title='bbox 2185 5517 2199 5529; x_wconf 94' lang='lat'><strong>.</strong></span> <span class='ocrx_word' id='word_1_727' title='bbox 2238 5497 2256 5528; x_wconf 78' lang='grc' dir='ltr'><strong>ι</strong></span> <span class='ocrx_word' id='word_1_728' title='bbox 2314 5494 2366 5530; x_wconf 90' lang='lat' dir='ltr'><strong>o.</strong></span> 
     </span>
    </p>
   </div>
   <div class='ocr_carea' id='block_1_98' title="bbox 2097 5486 2366 5532">
    <p class='ocr_par' dir='ltr' id='par_1_98' title="bbox 2097 5486 2366 5532">
     <span class='ocr_line' id='line_1_102' title="bbox 2097 5486 2366 5532; baseline 0 0"><span class='ocrx_word' id='word_1_729' title='bbox 2097 5486 2199 5532; x_wconf 85' lang='lat' dir='ltr'><strong>sel.</strong></span> <span class='ocrx_word' id='word_1_730' title='bbox 2238 5497 2256 5528; x_wconf 80' lang='grc' dir='ltr'><strong>ι</strong></span> <span class='ocrx_word' id='word_1_731' title='bbox 2290 5486 2366 5532; x_wconf 85' lang='lat' dir='ltr'><strong>ID.</strong></span> 
     </span>
    </p>
   </div>
   <div class='ocr_carea' id='block_1_99' title="bbox 2171 5544 3669 5616">
    <p class='ocr_par' dir='ltr' id='par_1_99' title="bbox 2171 5544 3669 5616">
     <span class='ocr_line' id='line_1_103' title="bbox 2171 5544 3669 5616; baseline 0.001 -16"><span class='ocrx_word' id='word_1_732' title='bbox 2171 5546 2281 5615; x_wconf 56' lang='lat' dir='ltr'><strong>(8d)</strong></span> <span class='ocrx_word' id='word_1_733' title='bbox 2317 5548 2474 5616; x_wconf 86' lang='grc' dir='ltr'>Πρὸς</span> <span class='ocrx_word' id='word_1_734' title='bbox 2513 5544 2629 5614; x_wconf 76' lang='grc' dir='ltr'><strong>τὴν</strong></span> <span class='ocrx_word' id='word_1_735' title='bbox 2669 5547 2818 5602; x_wconf 74' lang='grc' dir='ltr'>κατὰ</span> <span class='ocrx_word' id='word_1_736' title='bbox 2848 5545 2956 5600; x_wconf 86' lang='grc' dir='ltr'>τοῦ</span> <span class='ocrx_word' id='word_1_737' title='bbox 3003 5546 3200 5613; x_wconf 87' lang='grc' dir='ltr'><strong>ἰησοῦ</strong></span> <span class='ocrx_word' id='word_1_738' title='bbox 3245 5544 3518 5616; x_wconf 73' lang='grc' dir='ltr'>ἀξίωσιν,</span> <span class='ocrx_word' id='word_1_739' title='bbox 3558 5552 3669 5602; x_wconf 87' lang='lat' dir='ltr'><strong>etc.</strong></span> 
     </span>
    </p>
   </div>
   <div class='ocr_carea' id='block_1_100' title="bbox 2097 5615 3673 5687">
    <p class='ocr_par' dir='ltr' id='par_1_100' title="bbox 2097 5615 3673 5687">
     <span class='ocr_line' id='line_1_104' title="bbox 2097 5615 3673 5687; baseline -0.002 -16"><span class='ocrx_word' id='word_1_740' title='bbox 2097 5617 2166 5687; x_wconf 79' lang='lat' dir='ltr'><strong>At</strong></span> <span class='ocrx_word' id='word_1_741' title='bbox 2197 5617 2250 5669; x_wconf 91' lang='lat' dir='ltr'><strong>in</strong></span> <span class='ocrx_word' id='word_1_742' title='bbox 2286 5615 2433 5672; x_wconf 83' lang='lat' dir='ltr'><strong>Luca</strong></span> <span class='ocrx_word' id='word_1_743' title='bbox 2478 5617 2636 5687; x_wconf 11' lang='lat' dir='ltr'><strong>nulla,</strong></span> <span class='ocrx_word' id='word_1_744' title='bbox 2668 5617 2835 5687; x_wconf 88' lang='lat' dir='ltr'><strong>hujus</strong></span> <span class='ocrx_word' id='word_1_745' title='bbox 2864 5624 3042 5670; x_wconf 77' lang='lat' dir='ltr'><strong>exstat</strong></span> <span class='ocrx_word' id='word_1_746' title='bbox 3065 5615 3471 5687; x_wconf 70' lang='lat' dir='ltr'><strong>postulationis</strong></span> <span class='ocrx_word' id='word_1_747' title='bbox 3515 5631 3673 5687; x_wconf 82' lang='lat' dir='ltr'><strong>meu-</strong></span> 
     </span>
    </p>
   </div>
   <div class='ocr_carea' id='block_1_101' title="bbox 2099 5685 3667 5744">
    <p class='ocr_par' dir='ltr' id='par_1_101' title="bbox 2099 5685 3667 5744">
     <span class='ocr_line' id='line_1_105' title="bbox 2099 5685 3667 5744; baseline 0.003 -5"><span class='ocrx_word' id='word_1_748' title='bbox 2099 5686 2218 5740; x_wconf 89' lang='lat' dir='ltr'><strong>tio:</strong></span> <span class='ocrx_word' id='word_1_749' title='bbox 2253 5687 2362 5742; x_wconf 89' lang='lat' dir='ltr'><strong>imo</strong></span> <span class='ocrx_word' id='word_1_750' title='bbox 2403 5685 2757 5741; x_wconf 80' lang='lat' dir='ltr'><strong>contrarium</strong></span> <span class='ocrx_word' id='word_1_751' title='bbox 2794 5689 2994 5742; x_wconf 85' lang='lat' dir='ltr'><strong>diserte</strong></span> <span class='ocrx_word' id='word_1_752' title='bbox 3046 5686 3288 5741; x_wconf 84' lang='lat' dir='ltr'><strong>docetur.</strong></span> <span class='ocrx_word' id='word_1_753' title='bbox 3339 5685 3473 5741; x_wconf 83' lang='lat' dir='ltr'><strong>Vide</strong></span> <span class='ocrx_word' id='word_1_754' title='bbox 3533 5685 3667 5744; x_wconf 81' lang='lat' dir='ltr'><strong>Luc.</strong></span> 
     </span>
    </p>
   </div>
   <div class='ocr_carea' id='block_1_102' title="bbox 2098 5755 3674 5829">
    <p class='ocr_par' dir='ltr' id='par_1_102' title="bbox 2098 5755 3674 5829">
     <span class='ocr_line' id='line_1_106' title="bbox 2098 5755 3674 5829; baseline 0.003 -20"><span class='ocrx_word' id='word_1_755' title='bbox 2098 5770 2279 5823; x_wconf 77' lang='lat' dir='ltr'><strong>nui,</strong></span> <span class='ocrx_word' id='word_1_756' title='bbox 2319 5757 2422 5824; x_wconf 76' lang='grc' dir='ltr'><strong>ιι,</strong></span> <span class='ocrx_word' id='word_1_757' title='bbox 2454 5757 2541 5812; x_wconf 80' lang='lat' dir='ltr'><strong>l5.</strong></span> <span class='ocrx_word' id='word_1_758' title='bbox 2585 5755 2697 5814; x_wconf 81' lang='lat' dir='ltr'><strong>Nec</strong></span> <span class='ocrx_word' id='word_1_759' title='bbox 2725 5758 3024 5829; x_wconf 86' lang='lat' dir='ltr'><strong>quidquam</strong></span> <span class='ocrx_word' id='word_1_760' title='bbox 3055 5755 3185 5814; x_wconf 80' lang='lat' dir='ltr'><strong>facit</strong></span> <span class='ocrx_word' id='word_1_761' title='bbox 3226 5756 3372 5827; x_wconf 87' lang='lat' dir='ltr'><strong>quod</strong></span> <span class='ocrx_word' id='word_1_762' title='bbox 3418 5756 3674 5828; x_wconf 77' lang='lat' dir='ltr'><strong>habetur,</strong></span> 
     </span>
    </p>
   </div>
  </div>
