4094 6290
403 380 519 443 975

1872 378 2199 437 ORIGENIS

3544 377 3657 436 97B

410 503 503 559 tio:
528 501 720 573 gratia,
745 506 1040 568 acceptum
1074 496 1275 564 aliquid
1311 494 1505 550 Herodi
1544 505 1596 551 et
1626 496 1737 551 ἰοιὶ
1765 495 1976 554 ludam-

2080 510 2191 559 τον,
2228 493 2544 564 βουλόμενον
2566 495 2707 565 τάχα
2764 495 2856 548 καὶ
2877 494 2965 548 διὰ
2992 495 3089 565 τὴν
3123 494 3320 566 νεαρΞιν
3362 494 3546 564 φιλίαν
3565 511 3659 552 κε-

414 608 537 648 rum
571 591 776 646 nationi
804 589 1000 644 facere.
1049 584 1204 642 Nune
1237 596 1416 641 autem
1457 589 1618 643 etiam
1648 603 1888 658 persaepe
1924 589 1977 643 in

410 686 520 738 vita
550 683 828 736 videre-est
845 693 936 733 eos
956 677 1045 747 qui
1069 677 1222 732 valde
1246 678 1546 733 contrarias
1574 678 1685 733 sive
1710 678 1764 732 in
1795 676 1979 735 ethni-

412 789 599 831 corum
630 772 992 842 philosophia,
1037 771 1150 826 sive
1181 770 1234 824 in
1267 770 1390 826 aliis
1424 770 1727 840 disciplinis
1759 779 1979 825 senten-

408 867 514 920 tias
548 872 785 925 tuentur,
818 863 870 916 in
891 862 952 917 id
985 874 1244 931 apparere
1271 863 1673 917 consentientes
1703 872 1762 915 ut
1792 860 1978 916 Jesum

407 956 686 1012 Christum
736 957 789 1009 in
847 955 966 1024 ejus
1013 954 1288 1023 discipulis
1343 954 1578 1009 ludibrio
1635 953 1869 1008 habeant
1927 960 1981 1006 et

400 1055 736 1118 oppugnent.
790 1044 947 1111 Inde,
990 1044 1212 1113 opinor,
1263 1044 1675 1098 ratiocinatione
1728 1041 1977 1112 progredi

405 1138 531 1193 licet
548 1136 624 1192 ad
654 1135 1108 1192 considerandum
1136 1174 1154 1201 ,
1198 1149 1379 1190 annon
1411 1136 1782 1204 oppositarum
1826 1142 1979 1203 pote-

405 1236 608 1284 statum
653 1236 847 1281 mutuo
894 1224 1338 1292 discrepantium,
1370 1235 1432 1279 ut
1468 1225 1768 1279 Pharaonis
1803 1237 1832 1277 a
1872 1222 1978 1277 Na-

405 1320 826 1376 buchodonosor
857 1320 925 1382 5",
958 1316 1247 1372 Tharatbae
1271 1316 1585 1387 Ethiopum
1610 1316 1753 1388 regis
1779 1330 1811 1369 a
1842 1314 1979 1369 Sen-

400 1410 666 1467 nacherib
691 1425 816 1482 rege
851 1409 1198 1480 Assyriorum
1233 1409 1278 1441 ⁸⁹
1300 1447 1315 1473 ,
1355 1408 1619 1463 adversus
1641 1405 1855 1471 Jesum,
1895 1405 1978 1475 ip-

2082 585 2409 656 χαρισμένον
2433 601 2486 638 τι
2518 586 2595 656 τῷ
2656 584 2888 659 Ἡρώδῃ,
2918 586 3014 640 καὶ
3038 586 3198 639 παντὶ
3252 586 3330 657 τῷ
3381 585 3652 641 Ἰουδαίων

2082 676 2224 730 ἔθνει
2260 677 2505 747 ποιῆσαι.
2530 677 2797 740 Πολλάκις
2834 677 2894 730 δὲ
2922 678 3012 731 καὶ
3040 677 3136 732 νῦν
3162 679 3294 749 όρᾷν
3319 680 3467 733 ἐστιν
3491 678 3652 749 ἀντῷ

2082 766 2183 837 βίῳ
2207 767 2444 831 καὶτοὺς
2469 767 2844 836 διαφωνότατα
2883 767 3127 838 δόγματα
3179 768 3291 821 εἴτε
3327 769 3386 822 ὲν
3418 770 3484 839 τῇ
3531 768 3651 822 Ἑλ-

2079 857 2256 928 λήνων
2289 858 2594 929 φιλοσοφίᾳ,
2622 858 2731 911 εἴτε
2760 857 2857 912 καὶ
2884 859 2942 911 ἐν
2988 858 3166 923 ἄλλοις
3213 859 3390 928 λόγοις
3430 860 3653 931 ἔχοντας

2079 950 2321 1019 ὁμονοεῖν
2372 948 2686 1013 δοκοῦντας,
2740 949 2826 1002 ἴνα
2887 947 3191 1019 χλευάζωσι
3219 949 3313 1002 καὶ
3344 951 3653 1021 προσπολε-

2082 1039 2222 1111 μῶσι
2255 1039 2332 1110 τῷ
2361 1040 2417 1092 ὲν
2444 1042 2557 1102 τοῖς
2580 1038 2847 1109 μαθηταῖς
2882 1040 3057 1112 Ἰησοῦ
3103 1039 3511 1110 Χριστῷ..’Δπὺ
3534 1040 3656 1094 tot}.

2077 1147 2187 1184 των
2219 1129 2296 1195 δὲ,
2333 1126 2506 1201 οἶμαι,
2537 1130 2653 1182 ἔστι
2684 1129 2933 1202 διαϐῆναι
2973 1130 3052 1202 τῷ
3096 1131 3240 1201 λόγῳ
3265 1131 3357 1184 ἐπὶ
3398 1130 3462 1184 τὺ
3498 1131 3663 1196 ἰδεῖν,

2077 1219 2160 1273 ὅτι
2182 1221 2390 1291 μήποτε
2418 1220 2512 1273 καὶ
2556 1220 2665 1274 τῶν
2694 1220 3082 1291 ἀντικειμένων
3122 1219 3410 1293 ἐνεργειῶν
3441 1220 3654 1290 διαφω-

2077 1309 2197 1365 νίαν
2218 1310 2354 1383 πρὸς
2385 1310 2620 1381 ἀλλήλας
2643 1311 2902 1383 ἐχουσῶν,
2940 1312 3017 1376 ὼς
3046 1311 3244 1384 Φαραὼ
3271 1312 3410 1382 πρὸς
3433 1312 3651 1365 Ναὸουο

2079 1401 2362 1472 χοδονόσορ
2392 1402 2525 1473 (85),
2562 1402 2659 1457 καὶ
2682 1403 2907 1475 Θαραθά
2941 1404 3202 1474 βασιλέως
3236 1403 3509 1457 Αἰθιόπων
3536 1403 3653 1476 (86)

400 1503 629 1572 siusque
687 1500 948 1571 populum
1018 1498 1110 1554 ﬁat
1167 1499 1458 1570 aliquando
1492 1513 1814 1554 consensus.
1864 1496 1976 1552 Hac

2079 1493 2580 1564 πρὸςΣενναχηρεὶμ
2608 1493 2830 1564 βασιλέα
2897 1495 3213 1564 Ἀσσυρίων,
3259 1494 3467 1563 γίνεταί
3517 1511 3655 1547 ποτε

403 1591 640 1647 fortasse
665 1590 874 1644 ratione
904 1607 924 1639 ι
965 1588 1251 1642 astiterunt
1291 1601 1447 1657 reges
1475 1595 1649 1650 terrae,
1684 1594 1737 1640 et
1768 1585 1977 1655 primi-

401 1696 502 1751 pes
545 1685 917 1735 convenerunt
967 1679 1022 1732 in
1075 1693 1244 1733 unum
1297 1677 1564 1740 “,onullo
1607 1676 1770 1731 modo
1818 1685 1975 1730 a'ntea

2081 1581 2371 1651 συμφωνία
2404 1581 2543 1635 κατά
2563 1581 2656 1635 τοῦ
2697 1582 2869 1653 Ἰησοῦ
2914 1582 3007 1635 καὶ
3037 1581 3130 1635 τοῦ
3171 1581 3300 1635 λαοῦ
3342 1580 3526 1635 αὑτοῦ.
3552 1581 3658 1634 Οὖ-

2076 1684 2185 1731 τως
2207 1669 2346 1737 τάχα
2366 1668 2460 1722 καὶ
2499 1688 2517 1720 ι
2550 1670 2898 1741 παρέστησαν
2922 1670 2972 1722 οἱ
3002 1670 3239 1740 βασιλεῖς
3283 1672 3381 1742 τῆς
3400 1672 3526 1740 γῆς,
3553 1673 3657 1726 καὶ

400 1770 736 1837 concordes;
772 1777 1041 1824 utcontra
1079 1767 1365 1823 Dominum
1392 1769 1672 1837 ipsiusque
1694 1767 1974 1822 Christum

2079 1761 2125 1812 οἱ
2153 1760 2412 1831 ἄρχοντες
2445 1761 2789 1833 συνήχθησαν
2826 1762 2918 1815 ἐπὶ
2944 1762 3006 1814 τὸ
3028 1762 3211 1827 auro,»
3241 1762 3493 1833 οὐδαμῶς
3516 1762 3653 1834 πρό-

399 1861 636 1918 consilia
674 1860 952 1924 habentes,
989 1857 1276 1913 Dominum
1311 1858 1495 1929 gloriae
1522 1860 1865 1929 perimerent.

478 2120 531 2178 2.
571 2122 649 2177 Ad
689 2122 804 2177 haec
846 2130 1022 2177 autem
1071 2119 1299 2176 dicendo
1347 2121 1713 2191 pervenimus,
1757 2130 1978 2191 propter

405 2215 707 2269 Pharisaeos
740 2222 794 2268 et
837 2212 1182 2279 Sadducaeos,
1227 2212 1319 2283 qui
1362 2212 1523 2268 simul
1560 2212 1626 2267 ad
1660 2211 1844 2268 Jesum
1882 2228 1976 2268 ac-

407 2312 708 2367 cesserunt,
758 2301 812 2356 in
857 2302 923 2356 iis
964 2316 1083 2370 qua:
1126 2301 1192 2356 ad
1227 2301 1675 2357 resurrectionem
1709 2302 1978 2371 pertinent

404 2395 808 2459 dissentientes,
853 2399 907 2446 et
940 2392 1084 2446 velut
1121 2391 1187 2446 ad
1240 2393 1291 2446 id
1343 2393 1639 2449 concordes
1680 2391 1885 2459 factos,
1920 2401 1981 2448 ut

409 2486 747 2541 St-rvatorem
791 2493 1037 2539 nostrum
1074 2492 1361 2546 tentarent,
1410 2492 1760 2553 et'rogarent
1794 2492 1855 2538 ut
1900 2485 1979 2538 si-

407 2591 569 2646 gnum
619 2575 686 2629 de
734 2574 873 2629 etelo
924 2573 1028 2628 sibi
1062 2558 1389 2628 ostenderet.
1416 2571 1526 2630 Nec
1548 2576 1693 2628 enim
1744 2575 1813 2630 iis
1846 2590 1978 2629 con-

408 2667 538 2721 tenti
581 2665 838 2737 prodigiis
871 2679 992 2734 qua:
1035 2662 1330 2729 Servator,
1383 2664 1436 2718 in
1489 2665 1748 2719 curandis
1800 2665 1980 2719 omnis

404 2757 618 2826 generis
664 2755 868 2809 morbis
914 2763 968 2808 et
1011 2753 1386 2825 languoribus,
1423 2752 1625 2808 fecerat
1667 2754 1718 2807 in
1757 2754 1976 2823 populo,

405 2847 634 2917 aliisque
666 2845 944 2901 miraculis
971 2859 1091 2915 qua:
1120 2845 1297 2914 palam
1335 2854 1388 2899 et
1420 2846 1471 2898 in
1515 2846 1811 2900 multorum
1846 2859 1981 2900 con-

408 2948 594 3009 spectu
641 2943 1064 3006 perpetraverat,
1105 2934 1359 2989 volebant
1394 2944 1651 3005 praeterea
1696 2936 1840 2992 hunc
1877 2935 1981 2990 sibi

408 3046 473 3086 ac
501 3031 568 3086 de
594 3030 733 3084 cmlo
764 3029 981 3099 quidem
1013 3028 1228 3099 signum
1270 3026 1573 3083 ostendere.
1617 3026 1795 3097 Atque
1826 3026 1982 3097 equi-

2080 1867 2236 1922 τερον
2268 1851 2513 1923 ἀλλήλοις
2541 1853 2907 1924 ὁμονοοῦντες,
2931 1854 3038 1917 ἴνα,
3088 1854 3458 1924 σκοπήσαντες
3505 1855 3652 1909 κατά

2078 1940 2172 1995 τοῦ
2197 1942 2401 2012 Κυρίου
2428 1943 2521 1996 καὶ
2544 1941 2686 1996 κατά
2709 1941 2801 1996 τοῦ
2829 1941 3064 2015 Χριστοῦ
3101 1943 3284 2008 αὑτοῦ,
3320 1943 3411 1997 τὸν
3443 1945 3651 2018 Κύριον

2074 2032 2175 2102 τῆς
2206 2031 2364 2103 δόξης
2396 2033 2805 2087 ἀποκτείνωσιν.

2160 2124 2283 2176 Ἐπὶ
2314 2124 2487 2177 ταῦτα
2508 2125 2563 2177 δὲ
2592 2124 2669 2195 τῷ
2699 2125 2841 2195 λόγῳ
2870 2124 3224 2197 ἐληλύθαμεν,
3251 2124 3338 2180 διὰ
3378 2127 3507 2192 τοὺς
3528 2128 3650 2200 ἅμα

2078 2211 2468 2285 προσελθόντας
2490 2212 2566 2283 τῷ
2595 2212 2767 2282 Ἰησοῦ
2784 2215 3108 2285 Φαρισαίους
3133 2217 3227 2269 καὶ
3242 2216 3649 2282 Σαδδουκαίους,

2075 2304 2202 2366 τοὺς
2246 2303 2304 2356 ἐν
2347 2304 2461 2365 τοῖς
2507 2302 2636 2372 περὶ
2691 2304 3038 2368 ἀναστάσεως
3088 2305 3505 2375 διαφωνοῦντας,
3553 2309 3653 2362 καὶ

2077 2393 2235 2446 οἱονεὶ
2266 2394 2734 2463 συμφωνήσαντας
2758 2393 2847 2467 διὰ
2876 2395 2938 2448 τὸ
2984 2396 3242 2467 πειράσαι
3285 2397 3374 2451 τὸν
3425 2399 3654 2469 Σωτῆρα

2079 2480 2260 2553 ήμῶν,
2297 2481 2392 2536 καὶ
2416 2472 2951 2554 ἐπερωτῆσαιῗιύτὸν
2969 2489 3188 2557 σημεῖον
3215 2488 3280 2540 ὲκ
3300 2487 3392 2540 τοῦ
3421 2486 3651 2558 ούρανοῦ

2079 2571 2338 2637 ἐπιδεῖξαι
2364 2575 2663 2638 αὐτοῖς.ού
2687 2575 2795 2647 γὰρ
2842 2577 3168 2648 ἀρκούμενοι
3221 2580 3278 2630 ὲν
3319 2581 3439 2642 ταῖς
3477 2580 3653 2633 ίάσεσι

2080 2664 2258 2735 πάσης
2284 2664 2461 2730 νόσου,
2489 2666 2581 2720 καὶ
2614 2667 2793 2738 πάσης
2830 2668 3099 2738 μαλακίας
3135 2670 3192 2721 ὲν
3224 2669 3302 2739 τῷ
3345 2670 3459 2740 λαῷ
3489 2687 3655 2743 τερα-

2081 2756 2268 2821 στίοις,
2298 2757 2393 2809 καὶ
2414 2759 2525 2821 τοῖς
2552 2757 2731 2822 ἄλλοις
2764 2759 3101 2830 παραδόξοις,
3131 2760 3167 2814 ἀ
3196 2762 3253 2814 ἐν
3290 2760 3490 2830 γνώσει,
3517 2762 3653 2817 πολ-

2077 2843 2186 2899 λῶν
2210 2846 2499 2918 πεποιήκει
2531 2849 2560 2900 ό
2587 2847 2776 2919 Σωτὴρ
2797 2849 2976 2920 ἡμῶν,
3005 2849 3291 2919 ἠϐούλοντο
3333 2852 3496 2906 αὐτὸν
3526 2855 3655 2906 ἔπιέ

2080 2935 2248 3000 δεῖξαι
2269 2937 2451 3000 αὐτοῖς
2481 2938 2576 2992 καὶ
2605 2939 2662 3005 ἐξ
2702 2940 2931 3011 οὐρανοῦ
2969 2944 3210 3013 σημεῖον.
3243 2944 3350 2996 Καὶ
3398 2945 3651 3015 στοχάζο-

2085 3047 2202 3101 μαι,
2223 3030 2302 3082 ὅτι
2349 3029 2609 3084 ὑπενόουν
2661 3030 2771 3102 (87)
2808 3032 2906 3102 μὲν
2965 3032 3036 3086 τὰ
3063 3033 3155 3086 ἐπὶ
3176 3033 3281 3103 γῆς
3310 3037 3524 3104 σημεῖα,
3568 3034 3647 3098 ὡς

407 3122 530 3175 dem
576 3118 817 3188 eonjieio
869 3118 1174 3188 suspicatos
1223 3116 1397 3173 fuisse
1441 3117 1562 3173 illos
1616 3118 1768 3187 signa
1818 3131 1976 3187 super

2082 3120 2352 3193 δυνάμενα
2379 3120 2473 3173 καὶ
2503 3121 2576 3191 μὴ
2617 3122 2682 3174 ὲκ
2734 3121 2868 3175 Θεοῦ
2903 3119 3062 3177 εἶναι·
3098 3123 3199 3176 οὐκ
3244 3122 3485 3193 ὤκνησαν
3509 3124 3646 3192 γοῦν

409 3221 609 3266 terram
642 3209 784 3264 edita
829 3220 988 3277 posse
1024 3207 1185 3261 etiam
1218 3223 1251 3262 a
1284 3206 1394 3263 Deo
1433 3223 1539 3262 non
1574 3222 1696 3263 esse
1738 3225 1753 3262 :
1800 3208 1981 3277 itaque

410 3316 519 3357 non
547 3300 746 3354 veritos
776 3312 897 3354 esse
919 3297 1096 3352 dicere
1118 3295 1305 3353 Jesum
1339 3316 1359 3350 ι
1390 3298 1585 3368 ejicere
1608 3299 1880 3355 daemones
1924 3300 1979 3353 in

410 3390 693 3447 Beelzebul
725 3390 966 3460 principe
1005 3389 1397 3445 daemoniorum
1431 3389 1511 3457 ης
1556 3406 1576 3441 ι
1617 3399 1838 3459 putasse
1878 3405 1979 3453 au-

410 3492 518 3537 tem
545 3481 759 3552 signum
790 3480 857 3534 de
880 3479 1016 3534 caalo
1041 3477 1154 3534 lleri
1183 3495 1289 3533 non
1318 3494 1479 3547 posse
1512 3494 1542 3533 a
1574 3478 1873 3542 Ecelzebul,
1897 3480 1981 3534 vel

413 3572 658 3642 improha
683 3571 862 3640 aliqua
890 3579 1173 3640 potestate.
1203 3568 1552 3624 Fallebantur
1573 3567 1815 3640 profecto
1836 3571 1981 3625 circa

410 3672 641 3733 utraque
672 3662 848 3733 signa,
884 3659 1043 3732 513
1073 3669 1126 3715 et
1156 3675 1219 3714 ea
1249 3674 1369 3729 qua
1402 3674 1565 3729 supra
1591 3668 1788 3714 terram
1819 3660 1976 3728 ﬁunt,

407 3764 463 3812 et
502 3769 625 3826 quae
662 3752 729 3808 de
758 3753 899 3809 coelo
924 3752 1195 3814 oriuntur,
1213 3750 1435 3805 minime
1459 3751 1626 3820 proba
1653 3746 1977 3820 itrapezitae,

2084 3212 2283 3280 λέγειν,
2311 3212 2415 3276 ὅτι,
2443 3230 2461 3262 t
2504 3212 2591 3264 Ἐν
2614 3211 2939 3277 Βεελζεῦοὺλ
2986 3214 3203 3284 ἄρχοντι
3228 3214 3333 3266 τῶν
3354 3214 3645 3286 δαιμονίων

2083 3300 2334 3355 ἐκϐάλλει
2367 3300 2438 3354 τὰ
2467 3300 2717 3372 δαιμόνια
2743 3302 2772 3354 ό
2816 3301 3072 3372 Ἰησοῦςοι
3110 3301 3281 3355 ἐδόκει
3304 3302 3347 3355 δ’
3368 3302 3544 3365 αὐτοῖς
3566 3304 3642 3375 μὴ

2081 3389 2339 3445 δύνασθαι
2366 3391 2425 3458 ἐξ
2453 3391 2680 3463 ούρανοῦ
2707 3395 2926 3463 σημεῖον
2951 3392 3058 3456 ἀπὸ
3079 3391 3423 3456 Βεελζεϐοῦλ,
3446 3393 3481 3463 ἦ
3504 3410 3645 3458 τινος

2083 3478 2250 3551 ἄλλης
2279 3479 2387 3550 (88)
2427 3481 2668 3551 πονηρᾶς
2718 3480 2995 3550 γίγνεσθαι
3042 3481 3340 3552 δυνάμεως.
3376 3482 3651 3556 Ἢμάρτα-

2085 3587 2173 3624 νον
2198 3569 2257 3623 δὲ
2283 3571 2409 3642 περὶ
2438 3571 2782 3643 ἀμφοτέρων,
2815 3571 2922 3625 τῶν
2949 3588 3007 3624 τε
3059 3573 3151 3624 ἐπὶ
3195 3573 3296 3643 γῆς
3326 3574 3421 3626 καὶ
3462 3573 3571 3627 τῶν
3594 3573 3653 3638 ἐξ

2082 3661 2308 3733 ούρανοῦ
2338 3662 2599 3733 σημείων,
2630 3662 2702 3734 μή
2734 3663 2941 3733 δόκιμοι
2983 3664 3324 3733 τραπεζῖται,
3364 3665 3498 3736 μηδὲ
3530 3668 3652 3718 ὲπι-

2088 3752 2342 3824 στάμενοι
2394 3753 2691 3825 διακρίνειν
2720 3756 3004 3824 πνεύματα
3034 3753 3103 3807 τὰ
3152 3754 3496 3826 ἐνεργοῦντα,
3524 3758 3653 3810 ποῖα

409 3861 510 3903 nec
552 3845 785 3900 scientes
817 3841 1040 3913 spiritus
1080 3846 1367 3908 operantes
1398 3838 1726 3905 discernere,
1761 3840 1976 3908 quinam

2093 3843 2191 3914 μὲν
2222 3844 2330 3897 ἀπὸ
2359 3842 2455 3898 τοῦ
2474 3843 2608 3898 Θεοῦ
2643 3847 2778 3908 ἐστι,
2810 3848 2936 3899 ποῖα
2986 3845 3043 3898 δὲ
3079 3846 3426 3916 ἀφεστηκότα
3462 3846 3648 3902 αὐτοῦ.

480 4008 525 4038 ⁵⁸
555 4005 623 4060 1V
656 4005 787 4075 Reg.
828 4022 973 4061 xxiv.
1048 4007 1095 4041 "
1121 4005 1250 4063 ibid.
1286 4019 1397 4060 χιχ.

407 4197 525 4251 Act.
553 4211 627 4261 Iv,
645 4194 714 4249 27
739 4213 751 4248 :
776 4214 794 4247 ι
815 4193 1197 4250 Convenerunt
1222 4196 1367 4250 enim
1398 4209 1523 4250 vere
1546 4195 1598 4248 in
1622 4195 1838 4250 civitate
1867 4195 1968 4248 ista

416 4268 973 4334 adversnssanctum
1030 4280 1257 4334 puerum
1294 4274 1466 4334 tuum
1523 4263 1756 4329 Jesum,
1813 4279 1973 4334 quem

404 4336 636 4399 nnxisti,
673 4333 910 4389 Herodes
948 4343 1001 4387 et
1033 4333 1262 4387 Pontius
1286 4333 1514 4399 Pilatus,
1547 4349 1670 4387 cum
1729 4333 1977 4403 gentibus

404 4415 462 4458 et
492 4403 968 4477 ipopnli_s_glsragl;
1012 4420 1030 4452 ι
1076 4417 1177 4456 nec
1229 4404 1372 4457 enim
1419 4403 1542 4477 inde
1580 4402 1838 4477 probatur
1873 4402 1978 4456 lie-
2012 4422 2054 4477 ι)
2084 4404 2308 4477 natban,
2344 4402 2542 4477 1rd,}
2568 4412 2621 4457 et
2650 4403 2875 4477 rediit.)

403 4469 596 4528 rudem
621 4493 651 4529 a
682 4472 856 4527 Pilato
883 4470 1008 4525 Jesu
1037 4480 1263 4540 mortem
1298 4472 1626 4540 poposcisse.
1663 4469 1922 4540 llus-rtus.

482 4544 722 4615 (85)]ος
754 4541 961 4610 Φαραὼ
986 4539 1134 4605 πρὸς
1160 4538 1711 4607 Ναϐουχοδονόσορ.
1747 4540 1809 4593 IV
1842 4539 1974 4610 Reg.

406 4613 877 4753 M(8’t’i)7.6a_oadd
913 4677 1218 4744 ,βασιλέως
1261 4678 1573 4743 Αἰθιόπων,
1619 4686 1723 4733 etc.
1778 4687 1980 4762 nprnn

410 4769 674 4825 Hebraice
720 4768 953 4831 dicitur;
1003 4766 1232 4835 Θαρακά
1274 4767 1343 4821 ab
1376 4764 1764 4835 lnterpretibus
1802 4766 1974 4835 LXX;

410 4784 674 4825 Henraice
720 4784 953 4831 dicitur;
1003 4784 1083 4820 ua
1122 4784 1232 4820 ακα
1274 4784 1343 4821 an
1378 4784 1764 4835 Interprennus
1802 4784 1974 4835 mu;

409 4840 687 4911 Θαρσικης
718 4855 748 4892 a
774 4836 1039 4911 Jgosepbo;
1071 4784 1272 4892 firhae
1320 4852 1350 4891 a
1379 4837 1620 4911 Sulpicio
1652 4838 1886 4911 Severo,
1922 4850 1978 4892 et

413 4906 558 4963 hunc
606 4906 850 4962 nonnulli
900 4906 1195 4976 eummesse
1243 4916 1432 4974 putant
1484 4908 1576 4976 qui
1625 4923 1654 4961 a
1711 4906 1976 4962 Strabone

409 4978 623 5050 Τεαρκό
669 4978 984 5047 appellatur.
1032 4973 1516 5050 Sennacheribnnf
1551 4979 1785 5050 produnt
1832 4979 1973 5050 sacri

410 5044 625 5105 codices
654 5044 777 5116 post
807 5053 1079 5116 vastatam,
1108 5044 1307 5101 Judaare
1348 5044 1563 5115 partem
1597 5046 1874 5102 Rabsaren
1907 5047 1973 5101 ad

411 5115 829 5189 Oppugna’ndam
878 5115 1266 5189 Jerosolymam
1300 5117 1533 5189 misisse,
1568 5117 1742 5189 ipsum
1773 5115 1969 5189 Lachis

406 5160 722 5251 obsedisse,
758 5196 921 5255 atque
964 5160 1112 5238 inch
1140 5200 1263 5255 eum
1312 5187 1365 5239 in
1418 5160 1659 5255 Lohnarm
1699 5187 1971 5240 civitatem

410 5259 670 5326 impetum
716 5253 1101 5317 convertisset,
1145 5253 1973 5326 Rabsanen_Jerosolyrn:eohsi-

409 5322 626 5382 dionem
674 5328 936 5388 solvisse,
993 5332 1047 5378 et
1104 5325 1170 5377 ad
1221 5322 1681 5379 Sennacheribuni
1730 5323 1969 5377 Lohnam

406 5397 753 5452 contendisse
783 5413 796 5447 :
829 5410 953 5450 cum
985 5408 1113 5448 vero
1154 5392 1452 5448 Tharacam
1486 5408 1662 5462 regem
1695 5393 1846 5462 Chus
1877 5393 1972 5447 atl-

410 5481 626 5519 vcrsnm
657 5481 714 5520 se
741 5466 1036 5521 exercitum
1072 5464 1271 5518 ducere
1319 5461 1656 5524 acceniSSent
1707 5464 1772 5515 ad
1816 5461 1972 5516 Jer0«

412 5536 633 5603 solyma:
656 5536 1106 5604 expugnationem
1142 5532 1385 5604 rediisse.
1417 5531 1550 5604 Nam
1568 5532 1724 5604 quod
1749 5528 1815 5583 IV
1838 5530 1967 5600 Reg.

414 5600 527 5664 xui,
553 5604 607 5665 9,
634 5600 825 5671 legitur
848 5621 861 5655 :
894 5625 910 5655 ι
936 5605 1182 5671 Cumque
1210 5603 1449 5658 audisset
1479 5603 1544 5655 de
1568 5600 1814 5655 Tharaea
1849 5616 1972 5670 rege

417 5671 705 5737 ιιιςιιιὶοριω
752 5675 990 5727 dicentes
1031 5687 1047 5724 :
1090 5671 1230 5726 Ecce
1267 5686 1519 5739 egressus
1558 5680 1640 5726 est
1667 5679 1728 5724 ut
1769 5679 1972 5739 pugnet

413 5739 702 5794 adversum
733 5749 802 5805 te,
836 5752 889 5807 et
918 5742 1019 5795 iret
1050 5752 1238 5809 contra
1282 5755 1428 5804 eum,
1475 5741 1625 5795 misit
1655 5741 1876 5795 nuntios
1901 5740 1970 5794 ad

1490 4006 1537 4038 “
1562 4005 1707 4061 Psal.
1739 4023 1799 4074 ιι,
1834 4005 1888 4061 2.
1967 4009 2009 4040 ⁶¹
2041 4006 2231 4063 Matth.
2265 4026 2341 4076 ix,
2373 4009 2462 4075 '54,
2491 4020 2545 4066 et
2576 4026 2675 4077 xu,
2701 4010 2790 4064 Si.

2075 4193 2384 4258 Ezechiam,
2416 4213 2435 4247 ι
2467 4192 2706 4250 Hebraeis
2733 4210 2840 4249 non
2866 4203 3164 4263 consonat;
3192 4194 3321 4250 illud
3361 4196 3650 4261 nimirum,

2089 4283 2107 4314 ι
2150 4273 2204 4318 et
2237 4265 2338 4318 iret
2375 4274 2563 4319 contra
2601 4279 2762 4325 eum,
2796 4282 2816 4315 ι
2869 4281 2934 4321 ex
2984 4263 3227 4330 Hebraeo,
3267 4272 3419 4327 mm,
3442 4276 3535 4322 «et
3559 4281 3648 4318 re~

2083 4349 2274 4407 versus
2312 4342 2394 4388 est
2411 4351 2434 4407 ς.
2458 4352 2476 4383 ι
2510 4335 2702 4388 melius
2724 4332 2904 4407 LXX,
2929 4336 3026 4407 καὶ
3070 4334 3441 4407 ἀπέστρεψεν,
3472 4342 3523 4407 e_t
3548 4331 3643 4386 Jo-

2919 4403 3050 4469 Quae
3085 4400 3260 4456 autem
3292 4400 3456 4455 tradit
3486 4400 3640 4456 Jose-

2082 4473 2224 4551 phus
2242 4473 2555 4551 _z_intt'q.nlib.
2582 4488 2634 4534 κ,
2655 4487 2789 4551 cap.
2817 4474 2867 4538 1,
2898 4476 3065 4551 circi:
3068 4471 3263 4551 Pelusii
3297 4470 3637 4551 obsidionem

2080 4540 2400 4610 impeditum
2441 4542 2901 4596 Sennacheribum
2948 4559 2978 4597 a
3023 4541 3303 4603 Tharaca,
3360 4541 3443 4594 vel
3483 4540 3641 4610 juxta

2079 4609 2408 4665 Herodotum
2456 4626 2486 4663 a
2530 4611 2777 4679 muribus
2804 4612 3124 4679 procedente
3162 4611 3373 4665 obviam
3408 4609 3647 4666 Setbone

2078 4694 2204 4750 rege
2227 4720 2243 4745 ,
2291 4680 2569 4734 discedere
2610 4678 3079 4750 fuissegicoactum
3101 4719 3115 4743 ,
3152 4680 3445 4747 Scripturte
3478 4695 3648 4734 sacrze

2077 4748 2184 4802 non
2230 4758 2563 4817 repugnant,
2612 4764 2736 4802 nam
2769 4748 2953 4803 Lobna
2999 4748 3648 4817 Pelusium_contendere

2076 4821 2249 4887 putuit
2296 4815 2768 4888 Sriinaclieribus,
2805 4821 3134 4888 priusquam'
3168 4819 3234 4871 de
3280 4815 3643 4888 Tharacain-

2077 4884 2318 4943 audisset
2346 4886 2639 4957 quidquam
2661 4927 2675 4949 ,
2708 4884 2931 4957 ejusque
2964 4884 3192 4941 adventu
3246 4888 3311 4940 ad
3351 4901 3410 4941 se
3440 4884 3644 4957 perlato

2076 4957 2305 5026 regredi.
2374 4954 2652 5032 Pelusiaca
2693 4954 2799 5032 bac
2842 4954 3021 5032 autem
3074 4958 3355 5009 obsidione
3398 4956 3646 5032 Euximi:

2076 5022 2397 5094 commotus,
2428 5026 2640 5079 videtur
2689 5025 2855 5080 fuisse
2917 5025 3201 5090 Tbaraca,
3266 5033 3324 5094 ut
3373 5022 3641 5094 Egyptiii

2075 5095 2351 5164 suppetias
2380 5093 2561 5149 ferret.
2591 5095 2743 5160 Quod
2770 5111 2898 5150 vero
2929 5096 3145 5161 subiit-it
3172 5110 3237 5148 ex
3272 5090 3545 5164 Herodoto
3574 5093 3644 5164 de

2076 5162 2363 5235 muribus,
2394 5164 2570 5218 simile
2601 5166 2719 5232 ejus
2748 5174 2831 5219 est
2869 5164 3015 5235 quod
3044 5164 3395 5235 Crelfnsibus
3419 5162 3640 5235 Amari-

2075 5243 2188 5305 t_um
2217 5234 2589 5305 obsidentibus
2620 5232 2915 5305 contigisse
2941 5232 3385 5305 relytirﬁlianus
3426 5233 3520 5284 lib.
3557 5245 3637 5305 ιιι

2075 5303 2151 5372 De
2192 5303 2413 5356 animal.
2443 5346 2459 5370 ,
2490 5318 2610 5372 cap.
2651 5302 2714 5359 5.
2755 5301 2810 5357 et
2851 5304 2963 5357 alii.
3013 5301 3167 5357 Unde
3200 5317 3326 5356 vero
3366 5301 3638 5366 acceperit

2078 5371 2352 5443 Sulpicius
2396 5371 2628 5443 Severus
2678 5372 2978 5443 Tbaracam
3027 5373 3374 5443 Assyriorum
3410 5380 3638 5439 regnum

2073 5440 2355 5507 invasisse,
2389 5444 2534 5497 dicat
2566 5440 2837 5497 Hariolus.
2879 5443 2956 5497 In.

2140 5531 2252 5603 (87)
2291 5532 2400 5587 Kal
2443 5533 2832 5604 στοχάζομαι,
2877 5532 2967 5586 ὅτι
3006 5532 3333 5594 ὑπενόουν,
3366 5541 3474 5585 etc.
3514 5528 3663 5584 Vide.

2072 5599 2675 5693 Tb'eopbylactum."ln.
2694 5599 2709 5604 ’
3663 5613 3667 5616 ’

2148 5670 2254 5693 10οι
2328 5679 2343 5693 ι
2378 5676 2475 5693 aed
2581 5672 2734 5693 n---,.
2781 5674 2819 5693 Ξ-
2872 5671 3102 5693 ,γιξ.ε---
3138 5669 3315 5693 11--Αιξξ
3393 5667 3483 5693 --.1
3518 5680 3620 5693 ιιι-Α

2145 5667 2257 5742 (88⁷)
2296 5667 2536 5739 “num.
2581 5672 2740 5742 Deest
2781 5674 2832 5726 in
2866 5671 3106 5728 editione
3138 5669 3317 5725 Huetii
3342 5710 3357 5734 ,
3391 5667 3484 5725 sed
3517 5680 3649 5738 sup-

2076 5739 2256 5810 pietur
2284 5757 2314 5798 e
2342 5744 2528 5799 codice
2552 5740 2836 5797 Vaticano.
