4094 6290
397 401 497 456 977

1358 395 1712 452 COMMENT.
1754 393 1828 448 IN
1863 390 2279 448 MATTHIEUM
2315 388 2550 445 TOMUS
2589 386 2704 442 ΧΠ.

3547 390 3648 445 978

395 515 507 567 Καὶ
535 516 700 586 ἐχρῆν
739 515 933 578 αὐτοὺς
957 513 1153 567 εἰδέναι
1179 514 1314 585 (89),
1338 515 1419 568 ὅτι
1444 516 1536 568 καὶ
1559 515 1627 569 τὰ
1663 512 1831 567 πολλά
1859 511 1968 565 τῶν

2073 525 2102 564 a
2141 508 2252 564 Deo
2295 516 2455 574 sunt,
2497 507 2720 576 quinam
2756 505 2824 560 ab
2858 504 2950 559 illo
2992 505 3210 560 absunt.
3253 505 3322 558 At
3361 515 3653 561 consenta-

395 605 490 658 ἐπὶ
509 605 782 667 Μωῡσέως
807 603 945 657 κατὰ
972 605 1071 675 τῆς
1096 603 1370 672 Αἰγύπτου
1396 603 1715 676 τεραστίων,
1737 603 1836 655 οὐκ
1850 601 1976 655 ὄντα

394 695 458 761 ἐξ
485 694 737 766 οὐρανοῦ,
765 695 952 762 σαφῶς
971 690 1039 765 ἦν
1068 693 1162 746 τοῦ
1199 692 1354 758 Θεοῦ,
1382 695 1476 747 καὶ
1509 693 1569 747 τὸ
1592 693 1756 746 πεσὸν
1783 690 1894 763 πῦρ
1918 690 1975 756 ἐξ

393 786 628 857 οὐρανοῦ
653 787 747 840 ἐπὶ
780 787 848 840 τά
872 787 1119 858 πρόϐατα
1175 787 1268 839 τοῦ
1310 787 1430 840 Ἰὼϐ
1479 787 1577 839 οὐκ
1617 783 1685 857 ἦν
1731 786 1838 839 ἀπὸ
1879 785 1972 838 τοῦ

393 878 550 932 Θεοῦ·
586 879 681 932 τοῦ
708 879 875 932 αὑτοῦ
896 879 1005 950 γὰρ
1031 880 1206 931 ἐκεῖνο
1230 879 1290 931 τὸ
1338 877 1450 949 πῦρ
1486 875 1576 950 ἦν,
1631 874 1692 932 οῦ
1715 875 1854 948 ἦσαν
1882 879 1975 932 καὶ

391 972 442 1025 οἱ
466 969 1034 1041 αίχμαλωτεύσαντες,
1083 970 1174 1022 καὶ
1200 972 1249 1022 οἱ
1281 971 1603 1041 ποιήσαντες
1628 972 1771 1040 τρεῖς
1799 970 1974 1040 ἀρχὰς

396 1061 609 1112 ἱππέων
636 1059 746 1129 (90)
783 1059 921 1112 κατά
953 1060 1061 1112 τῶν
1091 1058 1304 1130 κτηνῶν
1336 1059 1429 1112 τοῦ
1465 1058 1605 1113 Ἰώ6.
1639 1055 1806 1129 Οἶμαι
1831 1059 1875 1111 δ’
1891 1060 1973 1111 ὅτι

393 1152 490 1204 καὶ
516 1152 573 1202 ἐν
599 1150 677 1221 τῷ
715 1143 934 1221 Ἡσαΐᾳ,
960 1151 1036 1214 ὼς
1079 1150 1390 1220 δυναμένων
1425 1150 1666 1220 σημείων
1700 1149 1972 1220 δειχθῆναι

392 1241 489 1292 καὶ
510 1241 619 1293 ἀπὸ
649 1241 752 1310 γῆς
782 1241 876 1294 καὶ
898 1241 1006 1294 ἀπὸ
1027 1240 1280 1312 οὐρανοῦ,
1323 1239 1536 1309 ἀληθῶν
1568 1241 1665 1310 μὲν
1721 1242 1785 1292 ἐκ
1811 1239 1967 1292 Θεοῦ·

397 1349 418 1383 ι
462 1333 551 1384 Ἐν
574 1332 724 1404 πάσῃ
754 1331 811 1385 δὲ
832 1331 1078 1402 δυνάμει,
1107 1333 1199 1385 καὶ
1229 1333 1497 1402 σημείοις,
1521 1331 1616 1384 καὶ
1637 1331 1826 1400 τέρασι
1849 1330 1974 1400 ψεύ-

390 1419 571 1484 600c,»
595 1420 704 1473 ἀπὸ
721 1419 814 1472 τοῦ
839 1420 1100 1491 πονηροῦ,
1129 1420 1377 1473 λέλεκται
1407 1420 1486 1490 τῷ
1548 1420 1730 1490 Ἀχάζ·
1769 1440 1787 1472 ι
1812 1419 1973 1492 Αἴτη-

392 1527 485 1564 σον
510 1511 724 1582 σεαυτῷ
748 1515 973 1583 σημεῖον
1012 1511 1162 1584 παρά
1206 1513 1409 1583 Κυρίου
1443 1512 1535 1566 τοῦ
1579 1511 1715 1565 Θεοῦ
1744 1529 1862 1574 σου,
1892 1513 1972 1575 είς

391 1601 574 1672 βάθος,
611 1603 642 1674 ἢ
667 1604 746 1668 εἰς
768 1603 920 1672 ὕψος·
937 1622 954 1654 ι
989 1604 1038 1656 εί
1066 1603 1174 1673 γὰρ
1197 1604 1270 1674 μὴ
1288 1600 1355 1675 ἦν
1373 1607 1593 1674 σημεῖα,
1622 1603 1716 1656 καὶ
1735 1604 1794 1656 οὺ
1820 1601 1970 1674 παρά

391 1694 599 1764 Κυρίου
633 1693 727 1747 τοῦ
753 1692 892 1746 Θεοῦ
947 1711 1070 1748 τινα
1116 1694 1222 1748 τῶν
1257 1695 1337 1758 εἰς
1385 1693 1566 1763 βάθος,
1595 1693 1690 1746 κα)⁵
1738 1692 1845 1745 τῶν
1891 1695 1970 1756 είς

392 1783 548 1854 ὕψος,
572 1786 671 1838 οὐκ
692 1785 757 1839 ἂν
783 1785 1032 1839 ἐλέλεκτο
1063 1786 1146 1839 τό·
1200 1805 1218 1836 ι
1243 1787 1471 1856 Αίτησον
1499 1784 1708 1856 σεαυτῷ
1748 1786 1969 1853 σημεῖον

391 1853 548 1945 παρὰ
570 1873 773 1945 Κυρίου
800 1874 895 1927 τοῦ
942 1873 1078 1928 Θεοῦ
1116 1891 1212 1926 σου
1259 1875 1338 1936 εἰς
1365 1853 1554 1942 -βάθος,
1582 1872 1614 1942 ἦ
1671 1853 1750 1934 εἰς
1777 1870 1962 1939 ὕψος.)
2002 1853 2041 1908 Β

391 1958 467 2016 Εὖ
507 1957 622 2015 οἶδα
652 1962 730 2026 δὲ,
761 1963 842 2015 ὅτι
869 1963 1008 2028 δόξει
1033 1964 1138 2016 τινὶ
1162 1963 1334 2033 βίαιον
1365 1957 1587 2015 εἶναιτὸ
1607 1959 1847 2014 τοιοῦτον
1870 1959 1969 2030 τῆς

391 2054 520 2124 περὶ
566 2051 682 2116 τοῦ,
748 2070 766 2103 ι
791 2052 1025 2123 Αἴτησον
1061 2051 1272 2121 σεαυτῷ
1306 2054 1527 2122 σημεῖον
1561 2049 1710 2121 παρά
1760 2048 1968 2120 Κυρίου

389 2143 485 2198 τοῦ
520 2142 687 2209 Θεοῦ,
736 2162 755 2194 ι
799 2143 1026 2214 ἐκδοχῆς
1046 2160 1060 2172 ·
1093 2141 1228 2195 ἀλλά
1255 2141 1545 2212 ἐπίστησον
1592 2141 1669 2210 τῷ
1695 2139 1970 2210 εἰρημένῳ

396 2231 550 2300 παρὰ
576 2231 654 2303 τῷ
698 2233 1004 2304 Ἀποστὸλῳ
1029 2233 1158 2303 περὶ
1204 2231 1298 2285 τοῦ
1332 2230 1616 2301 ἀνθρώπου
1658 2231 1757 2300 τῆς
1789 2231 1969 2300 ἀμαρ-

307 2383 330 2392 η
390 2324 535 2388 τίας,
568 2324 663 2377 τοῦ
695 2325 812 2379 υἱοῦ
839 2326 940 2396 τῆς
965 2323 1260 2386 ἀπωλείας,
1290 2324 1371 2376 ὃτι
1401 2342 1418 2373 ι
1457 2325 1514 2376 ἐν
1539 2322 1686 2394 πάσῃ
1719 2321 1967 2391 δυνάμει,

391 2415 486 2468 καὶ
521 2416 788 2486 σημείοις,
817 2416 912 2469 καὶ
943 2416 1135 2486 τέρασι
1181 2415 1429 2484 ψεύδους,
1474 2415 1568 2468 καὶ
1613 2415 1760 2485 πάσῃ
1785 2414 1970 2485 ἀπάτῃ

389 2508 606 2571 ἀδικίας
641 2528 659 2560 ι
689 2511 799 2570 τοῖς
832 2506 1223 2576 ἀπολλυμένοις
1253 2507 1460 2567 ἐκεῖνος
1486 2507 1851 2573 ἐπιφανεῖται,
1883 2522 1972 2574 μι-

393 2601 494 2672 μοῦ
505 2617 662 2672 μενος
688 2596 866 2654 πάντα
893 2599 1116 2669 τέρατα,
1135 2597 1203 2650 τά
1229 2598 1328 2668 τῆς
1356 2595 1633 2666 ἀληθείας.
1652 2595 1762 2647 Καὶ
1782 2594 1969 2666 ῶσπερ

391 2692 443 2744 οἱ
464 2691 571 2744 τῶν
599 2689 912 2758 Αἰγυπτίων
941 2687 1180 2742 ἐπαοιδοὶ
1210 2688 1305 2741 καὶ
1354 2687 1655 2757 φαρμακοὶ,
1706 2685 1782 2749 ὡς
1813 2686 1969 2742 ἐλάτ-

391 2797 520 2842 τους
543 2779 638 2833 τοῦ
669 2780 959 2851 ἀνθρώπου
984 2780 1082 2850 τῆς
1117 2777 1408 2850 ἁμαρτίας,
1438 2777 1531 2831 καὶ
1571 2777 1666 2831 τοῦ
1705 2777 1824 2831 υἱοῦ
1873 2781 1972 2849 τῆς

395 2871 692 2936 ἀπωλείας,
716 2871 974 2942 δυνάμεις
1023 2869 1174 2934 τινὰς
1222 2871 1584 2941 ἐμιμήσαντο,
1627 2870 1722 2922 καὶ
1748 2874 1969 2940 σημεῖα,

395 2963 490 3017 καὶ
520 2963 724 3034 τέρατα
755 2964 855 3034 τῆς
879 2962 1154 3034 ἀληθείας,
1187 2961 1466 3024 ποιοῦντες
1507 2960 1577 3013 τά
1602 2961 1696 3014 τοῦ
1720 2962 1966 3031 ψεύδους,

398 3053 480 3114 είς
509 3051 570 3104 τὸ
606 3053 680 3123 μὴ
705 3051 1058 3106 πιστεύεσθαι
1111 3053 1181 3106 τά
1227 3051 1424 3123 ἀληθῆ·
1467 3050 1639 3114 οὕτως
1685 3047 1838 3122 οἶμαι
1879 3053 1969 3106 τὸν

391 3141 677 3214 ἄνθρωπον
699 3143 799 3214 τῆς
829 3141 1101 3214 ἁμαρτίας
1144 3142 1212 3196 τά
1239 3146 1440 3213 σημεῖα
1491 3144 1833 3216 μιμήσασθαι
1859 3145 1967 3216 (9i)

393 3234 487 3286 καὶ
518 3232 619 3296 τὰς
643 3234 920 3303 δυνάμεις.
950 3234 1102 3303 Τάχα
1127 3233 1183 3286 δὲ
1211 3233 1304 3287 καὶ
1329 3230 1498 3285 ταῦτα
1519 3232 1860 3305 ὑφορώμενοι
1882 3234 1970 3288 διά

392 3323 489 3389 τὰς
515 3324 643 3395 περὶ
671 3323 837 3377 αὐτοῦ
869 3323 1204 3394 προφητείας
1235 3325 1282 3376 οἱ
1331 3325 1633 3394 Φαρισαῖοι·
1659 3325 1806 3395 ζητῶ
1832 3326 1888 3379 δὲ
1923 3328 1971 3379 εί

393 3416 488 3469 καὶ
514 3415 858 3468 Σαδδουκαῖοι
909 3413 1260 3485 πειράζοντες
1297 3411 1596 3484 ἐπηρώτων
1637 3419 1860 3485 σημεῖον
1906 3417 1970 3468 ἐκ

393 3508 487 3560 τοῦ
512 3508 742 3579 οὐρανοῦ
777 3507 1040 3574 ἐπιδεῖξαι
1064 3508 1246 3570 αὐτοῖς
1277 3506 1368 3558 τὸν
1424 3506 1652 3576 Ἰησοῦν·
1704 3509 1751 3560 εἰ
1798 3507 1856 3560 δὲ
1897 3509 1972 3580 μὴ

394 3599 550 3652 τοῦτο
581 3599 832 3668 λέγοιμεν
867 3599 1063 3660 αὐτοὺς
1110 3597 1553 3668 ὑπονενοηκέναι,
1606 3598 1660 3651 τί
1725 3601 1972 3671 φήσομεν

393 3689 591 3752 αὐτοὺς
623 3689 945 3742 πεπονθέναι
974 3689 1110 3760 πρὸς
1132 3687 1200 3740 τά
1227 3688 1333 3742 ὑπὸ
1373 3688 1468 3741 τοῦ
1507 3689 1678 3760 Ἰησοῦ
1714 3691 1972 3760 γινόμενα

391 3783 674 3852 τεράστια,
693 3783 988 3852 ἀτέγκτους
1013 3784 1291 3854 μένοντας,
1305 3784 1400 3837 καὶ
1428 3784 1500 3854 μὴ
1523 3784 1973 3854 δυσωπουμένους

394 3874 504 3930 τῶν
527 3874 826 3945 γινομένων
856 3875 924 3927 τά
960 3874 1274 3946 παράδοξας
1319 3875 1443 3927 Ἐἀν
1493 3873 1550 3925 δέ
1596 3891 1679 3938 τις
1731 3875 1975 3946 ὑπολαμ-

396 3964 535 4038 ϐάνῃ
562 3965 854 4034 ἀπολογίας
876 3966 1026 4034 ἡμᾶς
1052 3964 1306 4036 ἀφορμάς
1341 3965 1628 4018 δεδωκέναι
1674 3968 1785 4028 τοῖς
1813 3966 1976 4035 Φαρι-

397 4057 569 4120 σαίοις
622 4057 718 4110 καὶ
767 4056 1164 4119 Σαδδουκαίοις,
1215 4057 1346 4109 ὅπου
1398 4057 1494 4127 μὲν
1539 4059 1597 4109 ἐν
1647 4056 1972 4120 Βεελξεϐοὺλ

395 4148 695 4214 φάσκουσιν
742 4147 1106 4217 ἐκϐεϐλῆσθαι
1163 4147 1268 4200 ὑπὸ
1340 4146 1514 4218 Ἰησοῦ
1563 4148 1631 4201 τὰ
1680 4148 1968 4219 δαιμόνια,

395 4239 529 4291 ὅπου
553 4240 610 4293 δὲ
643 4239 960 4311 ἐπερωτῶσι
996 4238 1134 4309 μετά
1185 4237 1279 4291 τοῦ
1325 4237 1606 4308 πειράζειν
1638 4239 1728 4290 τὸν
1766 4236 1972 4306 Ἰησοῦν

395 4330 526 4401 περὶ
551 4330 775 4401 σημείου
828 4329 1100 4401 οὐρανίου·
1145 4328 1301 4394 ἴστω,
1348 4329 1430 4381 ὅτι
1468 4327 1566 4398 μὲν
1618 4325 1974 4395 πιθανότητός

398 4439 578 4491 φαμεν
607 4422 802 4485 αὐτοὺς
829 4420 1230 4492 περιεσπᾶσθαι
1281 4420 1418 4490 πρὸς
1453 4419 1516 4472 τὸ
1569 4419 1643 4489 μὴ
1681 4417 1970 4471 πιστεῦσαι

2078 617 2240 656 neum
2282 611 2400 656 erat
2451 601 2592 656 scire
2639 599 2761 653 illos
2809 597 2976 652 multa
3008 613 3073 652 ex
3115 598 3182 652 iis
3229 597 3488 667 prodigiis
3533 611 3654 666 quas

2077 693 2336 747 adversus
2366 690 2658 762 Egyptum
2699 689 2843 744 edita
2891 699 3017 743 sunt
3042 687 3240 758 Moysis
3277 688 3610 756 temporibus
3635 727 3650 752 ,

2075 797 2198 837 cum
2225 798 2330 835 non
2359 797 2389 836 e
2415 781 2553 835 cwlo
2575 787 2777 842 essent,
2810 778 3098 832 manifesto
3125 789 3303 830 tamen
3331 775 3423 830 Dei
3453 776 3652 842 fuisse;

2074 881 2127 926 et
2158 875 2335 942 ignem
2369 871 2462 939 qui
2487 885 2516 922 e
2540 869 2679 923 ccelo
2703 867 2906 921 decidit
2937 881 3099 934 super
3123 880 3252 919 oves
3273 863 3373 918 Job
3396 865 3461 930 δ’,
3491 879 3522 917 a
3545 863 3655 916 Deo

2077 978 2183 1016 non
2219 960 2418 1025 fuisse;
2468 959 2710 1029 ejusdem
2744 959 2942 1027 quippe
2976 957 3118 1025 ignis
3168 956 3258 1010 ille
3305 963 3452 1018 erat,
3496 955 3656 1022 cujus

2072 1063 2229 1108 erant
2258 1062 2310 1108 et
2343 1054 2378 1106 ii
2407 1052 2499 1120 qui
2534 1052 2586 1104 in
2619 1050 2984 1120 captititatem
3013 1049 3390 1112 abduxerunt,
3428 1058 3481 1100 et
3514 1044 3656 1100 fece-

2075 1155 2204 1198 runt
2247 1155 2357 1198 tres
2406 1142 2650 1211 equitum
2707 1148 2918 1195 turmas
2972 1140 3236 1194 adversus
3283 1151 3478 1207 pecora
3530 1135 3652 1190 Job.

2075 1235 2340 1288 Existimo
2392 1243 2572 1287 autem
2629 1231 2682 1284 in
2736 1233 2912 1294 Isaia,
2970 1229 3126 1298 quasi
3175 1227 3384 1282 ostendi
3435 1237 3656 1295 possent

2074 1324 2227 1393 signa
2253 1332 2304 1377 et
2331 1338 2360 1376 e
2390 1331 2531 1376 terra
2563 1329 2615 1374 et
2639 1336 2668 1374 e
2699 1321 2859 1384 coelo,
2891 1334 3016 1372 vera
3047 1318 3264 1385 quidem
3293 1331 3324 1369 a
3360 1314 3469 1370 Deo
3496 1332 3510 1370 :
3539 1332 3558 1366 ι
3598 1315 3655 1368 In

2073 1416 2220 1469 omni
2252 1430 2382 1469 vero
2418 1415 2636 1478 virtute,
2671 1423 2724 1466 et
2753 1413 2924 1482 signis
2944 1453 2959 1477 ,
3003 1422 3056 1466 et
3087 1409 3347 1480 prodigiis
3381 1408 3658 1462 mendaci-

2072 1507 2175 1561 bus
2222 1507 2304 1572 “;
2363 1525 2381 1557 ι
2438 1522 2467 1559 a
2519 1504 2698 1567 malo,
2747 1503 2954 1558 dictum
2986 1519 3109 1561 esse
3139 1503 3321 1557 Achaz
3355 1503 3434 1558 “z
3470 1521 3488 1555 ι
3527 1500 3657 1557 Pete

2073 1598 2168 1652 tibi
2197 1599 2410 1667 signum
2459 1612 2489 1650 a
2533 1595 2762 1651 Domino
2795 1595 2902 1648 Deo
2938 1605 3030 1646 tuo
3053 1633 3068 1658 ,
3112 1595 3165 1647 in
3202 1593 3532 1663 profundum
3570 1595 3656 1647 ir.-

2071 1688 2231 1754 ierni,
2279 1689 2394 1742 sive
2422 1687 2476 1741 in
2513 1688 2788 1742 excelsum
2823 1701 3020 1754 supra;
3060 1704 3077 1736 ι
3108 1701 3233 1739 nam
3271 1687 3447 1740 sinon
3475 1699 3660 1744 essent

2073 1781 2226 1850 signa
2267 1779 2510 1848 qu:edam
2539 1793 2606 1834 ex
2636 1779 2704 1834 iis
2733 1794 2854 1848 quae
2881 1787 3009 1833 sunt
3039 1777 3092 1832 in
3125 1776 3478 1846 profundum,
3505 1787 3559 1832 et
3591 1793 3658 1833 ex

2072 1871 2140 1925 iis
2171 1885 2292 1939 qua:
2316 1878 2446 1925 sunt
2477 1871 2534 1927 in,
2566 1870 2864 1933 excelsum,
2913 1883 2944 1921 a
2978 1868 3206 1921 Domino
3234 1867 3344 1922 Deo
3362 1884 3468 1923 non
3489 1871 3652 1938 prod-

2072 1964 2257 2021 euntia
2280 2002 2295 2028 ,
2365 1961 2568 2015 dictum
2600 1959 2840 2029 profecto
2863 1974 2970 2013 non
3008 1967 3154 2014 esset
3186 1977 3198 2012 :
3239 1977 3258 2010 ι
3292 1957 3417 2013 Pete
3449 1958 3546 2012 tibi
3577 1957 3658 2013 si-

2071 2069 2238 2126 gnum
2271 2068 2300 2106 a
2345 2051 2575 2105 Domino
2625 2049 2736 2105 Deo
2775 2061 2911 2116 tuo,
2963 2049 3014 2102 in
3054 2048 3384 2118 profundum
3434 2047 3655 2114 inferni,

2072 2146 2185 2199 sive
2225 2145 2280 2198 in
2321 2143 2594 2198 excelsum
2632 2156 2816 2210 supra.
2861 2159 2879 2193 ι
2910 2139 3316 2209 Expositionem
3351 2151 3532 2196 autem
3571 2150 3656 2195 ta-

2073 2233 2178 2287 lem
2219 2232 2381 2301 hujus
2412 2231 2518 2284 loci
2557 2247 2568 2283 :
2616 2248 2634 2281 ι
2673 2227 2799 2282 Pete
2835 2228 2929 2282 tibi
2961 2229 3176 2298 signum
3208 2243 3237 2280 a
3282 2226 3511 2281 Domino
3545 2225 3658 2280 Deo

2071 2332 2208 2384 tuo,
2269 2340 2286 2372 ι
2338 2320 2614 2389 aliquibus
2642 2326 2943 2374 contortam
2981 2318 3156 2371 visum
3205 2314 3270 2370 iri
3316 2324 3656 2386 perspectum

2073 2413 2281 2478 habeo;
2319 2411 2413 2464 sed
2448 2409 2666 2463 adverte
2693 2407 2760 2462 ad
2790 2407 2840 2461 id
2881 2410 3024 2477 quod
3064 2407 3133 2460 ab
3160 2406 3421 2476 Apostolo
3451 2406 3657 2460 dictum

2071 2514 2155 2560 est
2184 2505 2252 2560 de
2281 2501 2499 2556 homine
2525 2499 2752 2570 peccati,
2808 2499 2920 2553 ﬁlio
2973 2497 3290 2568 perditionis
3310 2538 3324 2561 ,
3377 2496 3658 2566 apparitur-

2073 2613 2195 2651 rum
2231 2597 2376 2650 hunc
2407 2594 2759 2664 pereuntibus
2791 2610 2810 2644 ι
2846 2592 2898 2644 in
2928 2591 3078 2645 omni
3111 2591 3328 2656 virtute,
3366 2599 3419 2646 et
3461 2590 3654 2660 signis,

2073 2697 2128 2743 et
2161 2686 2422 2757 prodigiis
2448 2684 2800 2739 mendacibus
2822 2722 2836 2746 ,
2869 2690 2920 2735 et
2948 2683 3000 2734 in
3031 2680 3179 2734 omni
3211 2680 3527 2734 seductione
3560 2680 3657 2732 ini-

2072 2779 2300 2848 quitatis
2338 2777 2422 2842 ⁸⁵,
2463 2795 2481 2828 ι
2514 2775 2759 2846 prodigia
2799 2773 2981 2828 omnia
3033 2773 3332 2828 imitantem
3371 2791 3491 2844 quae
3531 2784 3660 2830 sunt

2074 2868 2340 2925 veritatis.
2375 2867 2443 2921 Et
2487 2866 2947 2937 quemadmodum
2993 2862 3369 2936 [Egyptiorum
3411 2865 3660 2920 incanta-

2076 2971 2219 3015 tores
2247 2968 2303 3015 et
2333 2959 2587 3025 maleﬁci,
2622 2967 2805 3028 utpote
2850 2957 3136 3013 inferiores
3178 2959 3398 3014 homine
3430 2962 3656 3029 peccati,

2073 3061 2120 3107 et
2160 3052 2268 3106 ﬁlio
2302 3050 2644 3121 perditionis,
2699 3053 2927 3105 virtutes
2974 3050 3238 3118 quasdam
3280 3049 3473 3104 imitati
3508 3061 3654 3115 sunt,

2075 3149 2127 3194 et
2166 3141 2320 3211 signa
2342 3179 2356 3204 ,
2391 3149 2444 3195 et
2476 3139 2721 3210 prodigia
2759 3139 3004 3193 veritatis
3026 3181 3040 3206 ,
3091 3138 3355 3196 facientes
3409 3143 3655 3211 prodigia

2075 3231 2393 3298 mendacia,
2444 3246 2511 3286 ne
2537 3229 2681 3286 veris
2723 3229 2857 3285 ﬁdes
2903 3230 3234 3296 haberetur;
3286 3231 3360 3286 ita
3403 3233 3657 3288 existimo

2074 3323 2348 3377 hominem
2386 3323 2592 3392 peccati
2623 3322 2776 3393 signa
2805 3322 3142 3377 imitaturum
3175 3331 3230 3378 et
3254 3324 3500 3379 virtutes.
3534 3323 3659 3380 Haec

2074 3413 2310 3469 fortasse
2355 3414 2699 3492 suspicantes
2738 3421 2956 3482 propter
2990 3414 3246 3468 vaticinia
3287 3415 3353 3468 de
3387 3414 3492 3470 illo.
3515 3415 3655 3492 (acta

2073 3504 2366 3569 Pharisaei;
2397 3489 2581 3574 quaero
2612 3511 2792 3557 autem
2825 3520 2892 3557 an
2915 3504 3077 3558 etiam
3107 3503 3410 3570 Sadducazi,
3444 3489 3658 3560 ten-taloL

2075 3606 2156 3651 tes
2202 3604 2531 3664 rogaverunt
2577 3593 2761 3649 Jesum
2790 3635 2805 3659 ,
2863 3603 2921 3647 ut
2969 3596 3184 3665 signum
3234 3595 3338 3650 sibi
3394 3597 3462 3650 de
3518 3598 3656 3652 caelo

2074 3685 2388 3740 ostenderet
2429 3703 2442 3738 :
2483 3683 2628 3754 quod
2683 3683 2729 3737 si
2760 3683 2810 3737 id
2848 3684 2969 3738 illos
3000 3684 3224 3739 minime
3266 3684 3436 3740 fuisse
3474 3688 3657 3755 suspi-

2074 3785 2226 3830 catos
2260 3775 2525 3837 dicemus,
2555 3773 2825 3842 quomodo
2851 3773 3324 3842 pronuntiabimus
3355 3789 3482 3845 erga
3531 3791 3657 3846 pro-

2074 3869 2216 3938 digia
2245 3883 2273 3922 a
2299 3865 2426 3921 Jesu
2455 3866 2599 3921 edita
2624 3867 2744 3921 illos
2777 3867 2948 3922 fuisse
2981 3865 3220 3930 aﬁectos,
3255 3867 3348 3936 qui
3373 3868 3427 3922 in
3459 3869 3658 3924 duritie

2074 3959 2514 4029 perseverabant,
2562 3967 2616 4012 et
2663 3973 2846 4014 rerum
2879 3973 3001 4027 quae
3035 3958 3235 4012 ﬁebant
3257 3959 3517 4014 miracula
3545 3976 3656 4014 non

2073 4048 2503 4105 erubescebant?
2534 4047 2689 4114 Quod
2715 4049 2760 4104 si
2785 4048 3039 4118 Opinetur
3058 4049 3326 4118 quispiam
3359 4051 3658 4120 prmbuisse

2075 4155 2174 4194 nos
2205 4153 2392 4193 ansam
2423 4137 2761 4192 delensionis
2785 4136 3078 4192 Pbarisaeis
3095 4149 3146 4193 et
3169 4138 3499 4207 Sadducaeis,
3531 4155 3655 4195 cum

2075 4232 2164 4286 ubi
2201 4233 2254 4286 in
2289 4230 2570 4285 Beelzebul
2605 4247 2632 4286 a
2662 4229 2789 4286 Jesu
2817 4231 3082 4285 daemonia
3127 4232 3249 4301 ejici
3283 4233 3491 4300 dicunt,
3541 4243 3656 4287 tum

2075 4325 2166 4378 ubi
2215 4338 2380 4393 super
2416 4322 2625 4377 caelesti
2681 4324 2837 4392 signo
2881 4321 3066 4378 Jesum
3117 4332 3386 4379 tentantes
3421 4324 3656 4378 interro-

2072 4424 2229 4485 gant;
2269 4415 2405 4469 sciat
2437 4413 2526 4469 ille
2555 4413 2759 4469 dixisse
2789 4413 3008 4482 quidem
3039 4429 3139 4470 nos
3169 4413 3332 4487 514
3365 4415 3478 4469 veri
3511 4414 3661 4470 simi-

396 4515 508 4574 τοῖς
538 4512 630 4564 τοῦ
677 4512 850 4583 Ἰησοῦ
884 4511 1222 4584 παραδόξοις,
1275 4512 1336 4563 οὺ
1368 4511 1474 4582 μὴν
1508 4509 1647 4564 ὥστε
1697 4509 1794 4562 καὶ
1835 4525 1968 4577 συγ-

2075 4507 2299 4563 litudine
2325 4508 2558 4577 quadam
2594 4507 2763 4563 fuisse
2796 4507 2918 4563 illos
2949 4508 3244 4576 adductos,
3282 4517 3341 4564 ut
3391 4508 3656 4579 prodigiis

396 4605 673 4671 γνωστοὺς
707 4599 865 4667 εἷναι,
935 4605 1006 4676 μὴ
1047 4603 1350 4676 ἐνορῶντας
1379 4605 1492 4665 τοῖς
1539 4601 1646 4654 τῶν
1677 4600 1970 4672 προφητῶν

396 4693 579 4762 λόγοις
605 4695 998 4764 πληρουμένοις
1040 4697 1096 4748 ἐν
1115 4699 1237 4758 ταῖς
1276 4695 1508 4766 πράξεσι
1537 4693 1631 4747 τοῦ
1669 4693 1866 4764 Ἰησοῦ,
1904 4694 1970 4758 ἀς

396 4785 650 4855 οὐδαμῶς
677 4784 887 4854 πονηρὰ
911 4784 1136 4855 δύναμις
1173 4786 1511 4858 μιμήσασθαι
1549 4781 1638 4838 οἷά
1657 4802 1716 4837 τε
1743 4781 1830 4856 ἦν.
1853 4786 1972 4838 Ψυ-

397 4875 499 4948 χὴν
535 4873 593 4928 δὲ
615 4870 932 4937 ἐξελθοῦσαν
960 4874 1303 4944 ἐπιστρέψαι,
1331 4874 1472 4928 ὥστε
1510 4875 1610 4946 ἤδη
1634 4875 1846 4940 ὄζοντα,
1876 4875 1970 4927 καὶ

466 5015 637 5072 “Job
660 5029 698 5082 ι,
724 5014 814 5079 16,
843 5013 930 5070 17.
1004 5014 1049 5046 ⁸³
1080 5013 1125 5067 ll
1147 5014 1338 5071 Thess.
1370 5033 1430 5081 ιι,
1465 5018 1518 5071 9.
1595 5017 1640 5049 ⁸⁸
1667 5016 1768 5073 lsa.
1803 5033 1898 5081 vu,
1933 5018 2018 5070 Η.

462 5155 580 5278 ἔ89)
624 5154 735 5209 Καὶ
759 5153 949 5224 ἐχρῆν
986 5154 1206 5220 αὐτοὺς
1241 5154 1480 5218 ειδέναι,
1526 5170 1627 5212 etc.
1661 5156 1786 5212 Haec
1840 5157 1968 5211 item

480 5235 564 5278 ert
597 5225 1054 5278 Theonhvlactns.
1091 5223 1356 5278 HUETIUS.

399 5223 569 5296 refert
597 5223 1054 5296 Theophylactns.
1091 5223 1356 5278 HUETIUS.

467 5295 579 5366 (90)
605 5296 716 5350 Καὶ
751 5293 840 5349 ⁷οϊ
860 5293 1224 5361 ποιήσαντες
1278 5294 1432 5361 τρεῖς
1479 5295 1668 5364 ἀρχὰς
1721 5294 1964 5348 ἱππέων.

397 5385 499 5441 Job
545 5403 584 5452 ι,
619 5387 704 5452 17,
751 5405 770 5438 ι
811 5387 1045 5442 Chaldzei
1096 5397 1427 5456 posuerunt;
1469 5405 1488 5438 ι
1525 5395 1724 5456 επακ-π
1753 5370 1960 5453 mw;

401 5459 561 5528 vertit
610 5456 914 5528 Pagninus,
957 5476 975 5509 ι
1006 5455 1122 5528 tres
1170 5457 1370 5528 duces;
1426 5475 1445 5507 ι
1503 5455 1639 5528 LXX
1687 5457 1961 5525 Complut.

399 5525 531 5579 edit.
564 5536 616 5580 et
640 5524 741 5581 ms.
776 5527 1090 5591 Alexandr.,
1109 5527 1202 5580 καὶ
1231 5524 1484 5578 Χαλδαῖοι
1513 5527 1788 5596 ἐπέθηκαν
1816 5524 1963 5596 τρεῖς

399 5596 606 5665 ἀρχάς·
653 5604 853 5655 unum
902 5597 1004 5652 hoc
1051 5599 1206 5662 loco,
1249 5615 1266 5646 ι
1300 5612 1503 5650 cuneos
1548 5596 1804 5662 militum,
1847 5606 1962 5650 tur-

405 5681 543 5729 mas,
581 5667 816 5734 agmina,
852 5684 869 5717 ι
910 5667 1198 5734 signiﬁcat,
1237 5667 1310 5719 ita
1336 5666 1478 5719 dicta
1512 5667 1653 5735 quod
1708 5681 1963 5735 unaque:-

405 5751 509 5802 que
536 5750 694 5789 suum
724 5743 902 5803 caput,
935 5737 1048 5791 sive
1079 5753 1238 5792 suum
1273 5737 1464 5790 ducem
1499 5736 1751 5789 habeant.
1801 5736 1964 5790 Eam-

399 5804 520 5859 dem
556 5804 761 5860 obtinet
792 5805 1238 5875 signiﬁcationem
1266 5804 1391 5862 Jud.
1423 5822 1518 5875 vn,
1553 5807 1640 5875 16,
1669 5817 1722 5861 et
1761 5805 1781 5861 Ι
1813 5806 1963 5862 Sam.

2076 4597 2202 4654 Jesu
2234 4614 2339 4652 non
2372 4599 2692 4666 crederent;
2749 4606 3120 4653 verumtamen
3167 4600 3324 4654 venia
3375 4615 3482 4654 non
3528 4613 3656 4669 pro—

2076 4698 2258 4759 pterea
2285 4703 2408 4743 esse
2434 4688 2659 4758 dignos;
2704 4704 2828 4743 cum
2859 4705 2968 4742 non
3017 4687 3084 4742 ad
3116 4689 3499 4760 prophetarum
3535 4705 3653 4744 ser-

2077 4794 2265 4834 mones
2294 4778 2349 4831 in
2375 4776 2504 4832 Jesu
2541 4777 2697 4832 factis
2727 4778 2976 4847 impletos
3011 4781 3254 4833 animum
3289 4779 3649 4843 adverterent,

2076 4887 2198 4941 qua:
2244 4869 2384 4924 mala
2430 4878 2672 4940 potestas
2707 4870 2931 4940 implere
2961 4870 3378 4941 haudquaquam
3422 4883 3650 4942 poterat.

2101 5014 2143 5045 ⁸⁸
2173 5011 2217 5066 Il
2248 5012 2440 5068 Thess.
2475 5029 2532 5078 ιι,
2566 5013 2620 5080 9,
2653 5012 2740 5066 10.

2077 5167 2197 5218 xm,
2223 5153 2385 5220 i7,et
2407 5152 2554 5206 alibi.
2593 5149 2816 5222 Optime
2842 5160 3026 5220 itaque
3057 5150 3370 5224 Thargum:
3419 5171 3440 5203 ι
3483 5150 3647 5205 Cha}-

2075 5246 2163 5301 dai
2207 5246 2609 5333 egistituerupt
2667 5229 2823 5304 ιιι-151⁵1
2880 5226 3122 5333 τηοτξτιπδε
3178 5254 3288 5333 tres
3335 5253 3541 5333 turmas
3572 5260 3642 5306 ,,ι

2074 5330 2204 5370 voce
2254 5315 2435 5369 Grzera
2486 5313 2638 5384 δχλος
2675 5311 2924 5379 servata',
2976 5323 3029 5368 et
3091 5315 3334 5384 Aquila:
3396 5311 3649 5379 τάγματα

2069 5386 2227 5508 ἶρία·
2254 5394 2306 5438 et
2341 5384 2570 5454 Vulgata
2605 5403 2618 5439 :
2655 5404 2673 5436 ι
2709 5384 3207 5439 Chaldazifecerunt
3233 5391 3342 5436 tres
3367 5389 3595 5434 turmas.
3621 5399 3641 5432 ι

2096 5471 2147 5508 υ.

2096 5471 2147 5508 υ.

2141 5522 2250 5594 (91)
2276 5521 2682 5590 Μιμήσασθαι.
2705 5523 2883 5594 Codex
2910 5521 3132 5594 Regius,
3171 5518 3460 5594 μιμῆσθαι.
3493 5519 3646 5594 peri-

2070 5589 2309 5648 bendum
2340 5589 2574 5664 fortasse
2606 5593 2906 5664 μιμεῖσθαι.
2939 5589 3260 5664 Séd_tamen
3287 5589 3524 5664 Origeni.
3544 5589 3646 5664 ire:

2073 5677 2248 5732 quens
2273 5671 2356 5715 est
2375 5659 2640 5732 aoristum
2663 5659 2896 5732 primum
2927 5677 3024 5729 pro
3050 5659 3251 5732 futuro,
3286 5660 3368 5715 vel
3398 5662 3647 5732 praesenti

2076 5729 2459 5806 usurparehut
2517 5729 2763 5806 pluribus
2805 5732 2944 5787 infra
2977 5729 3348 5800 probabimus.
3375 5731 3457 5790 ad.
3490 5729 3688 5806 Capite,_
3737 5793 3742 5798 _

2077 5812 2232 5858 ment.
2260 5802 2314 5855 in
2347 5799 2603 5860 Ιοωιριο.
2978 5799 2989 5800 “
3265 5825 3275 5832 μ
3310 5827 3340 5836 --
