4094 6290
405 356 511 412 1’81

1403 354 1758 415 COMMENT.
1801 359 1870 414 ΙΝ
1909 361 2328 419 ΜΛΤΊἮᾸΕΠΜ
2365 357 2605 417 TOMUS
2644 355 2757 411 ΧΠ.

3565 365 3697 424 982”’

408 475 549 548 μένη
574 478 798 547 σημεῖον
829 475 926 546 τῆς
950 475 1103 548 παρὰ
1124 475 1203 548 τῷ
1222 476 1418 550 Παύλῳ
1443 479 1603 550 δηλου
1613 479 1780 551 μένης
1807 482 1866 535 ἐν
1899 481 1984 552 τῷ

2100 481 2273 552 tiquis
2299 479 2597 549 Scripturis
2627 486 2956 544 continetur,
2993 479 3152 550 cujus
3182 478 3260 536 rei
3299 479 3352 537 in
3392 485 3682 541 recentiori

411 585 434 617 ι
485 569 679 639 Ἡμεῖς
710 568 818 638 γάρ
847 568 1014 638 ἐσμεν
1063 569 1096 639 ἡ
1155 571 1479 641 περιτομή.»
1516 572 1676 642 Ζήτει
1708 572 1764 624 δὲ
1796 573 1889 626 καὶ
1926 573 1991 627 σὺ

401 659 516 712 πᾶν
552 658 611 711 τὸ
640 657 750 727 (95)
776 660 833 710 έν
861 660 973 720 τοῖς
1003 657 1252 722 παλαιοῖς
1275 659 1570 731 Γρὰμμασι
1596 664 1821 732 σημεῖον
1845 661 1992 725 τίνος

401 749 465 802 ἐν
490 752 557 818 τῇ
594 751 766 820 Καινῇ
799 749 1125 820 γράμματός
1149 750 1266 803 ἐστι
1293 750 1424 822 (96)°
1446 751 1541 806 καὶ
1569 753 1630 804 τὸ
1658 754 1714 805 ἐν
1741 756 1807 824 τῇ
1831 754 1988 824 καινῇ

395 841 644 912 Διαθήκῃ
684 841 985 912 ὀνομασθὲν
1015 845 1240 914 σημεῖον
1273 844 1418 908 τίνος
1445 845 1591 900 ἐστὶν
1615 847 1647 916 ἢ
1670 847 1728 900 ὲν
1752 847 1829 918 τῷ
1863 848 1989 918 μέλ-

2099 575 2367 641 scriptura
2399 572 2617 642 signum
2664 571 2769 636 sit;
2821 579 2874 623 et
2901 569 3047 639 quod
3071 572 3124 624 in
3154 569 3306 627 Novo
3333 573 3685 630 Testamento

2092 664 2316 733 signum
2364 661 2696 727 nominatur,
2736 673 3095 728 ecquamnam
3145 674 3257 713 rem
3305 660 3576 730 signiticet
3600 661 3686 715 vel

2097 755 2153 809 in
2201 754 2383 809 futuro
2422 751 2642 818 saeculo,
2692 752 2775 806 vel
2823 758 2968 805 certe
3000 750 3054 804 in
3091 748 3292 806 futuris
3324 752 3681 821 temporibus,

2096 853 2387 913 postquam
2423 842 2626 896 factum
2669 839 2832 895 fuerit
2874 839 3087 907 signum
3119 839 3270 895 illud.

395 933 546 988 λοντι
566 935 721 989 αίῶνι
753 935 1129 1010 δηλωτικὸν,ἢ
1158 939 1252 991 καὶ
1268 939 1324 991 ὲν
1349 942 1471 1004 ταῖς
1496 939 1624 994 ὕστε
1634 960 1722 1012 ρον
1751 945 1963 1012 γενεαῖς
2047 940 2186 1013 μετὰ
2213 941 2274 993 τὸ
2302 938 2585 1008 γεγονέναι
2620 937 2680 990 τὸ
2709 938 2954 1007 σημεῖον.

470 1027 581 1080 Καὶ
606 1028 848 1098 πονηρὰν
877 1028 975 1099 μὲν
996 1027 1150 1082 εἶπεν
1182 1030 1378 1094 αὐτοὺς
1409 1033 1598 1099 γενεὰν
1632 1033 1720 1087 διὰ
1752 1035 1849 1105 τὴν
1885 1034 1992 1088 ἀπὸ

393 1118 492 1171 τοῦ
529 1119 765 1190 πονηροῦ
790 1120 1050 1190 ποιότητα
1073 1122 1153 1185 εἰς
1192 1122 1391 1186 αὐτοὺς
1443 1123 1834 1194 ὲγγινομένην·
1875 1125 1990 1178 ἔστι

393 1207 455 1262 δὲ
479 1212 514 1275 ἡ
545 1210 780 1280 πονηρία
825 1209 1069 1275 ἑκούσιος
1095 1211 1388 1267 κακοποιία
1408 1229 1420 1241 ·
1479 1214 1761 1283 μοιχαλίδα
1797 1215 1855 1268 δὲ
1901 1216 1990 1275 διὰ

391 1298 574 1363 τοῦτο,
606 1299 727 1352 ἐπεὶ
758 1300 850 1354 τὸν
875 1301 1152 1372 τροπικῶς
1177 1301 1467 1372 λεγόμενον
1499 1302 1688 1375 ἄνδρα,
1724 1304 1822 1375 τῆς
1855 1305 1988 1376 ἀλη-

395 1388 550 1453 θείας
578 1390 756 1459 λόγον,
789 1392 823 1462 ἢ
860 1391 1022 1460 νόμον
1055 1391 1450 1456 καταλιπόντες
1486 1393 1536 1446 οἱ
1577 1395 1859 1464 Φαρισαῖοι
1893 1397 1988 1450 καὶ

391 1481 762 1548 Σαδδουκαῖοι,
791 1481 1192 1554 ὲμοιχεύθησαν
1219 1484 1326 1537 61:6
1355 1485 1447 1538 τοῦ
1488 1484 1718 1555 ψεύδους
1762 1488 1856 1540 καὶ
1894 1486 1987 1541 τοῦ

391 1573 562 1643 νόμου
589 1573 687 1644 τῆς
719 1574 993 1644 ἁμαρτίας
1025 1574 1158 1645 (97).
1189 1575 1249 1628 El
1280 1573 1389 1646 γὰρ
1421 1575 1514 1628 δύο
1536 1576 1644 1629 εἰσὶ
1674 1577 1847 1646 νόμοι,
1876 1578 1903 1631 6
1929 1595 1988 1630 τε

397 1682 422 1714 ‹
453 1665 511 1715 ὲν
537 1667 649 1727 τοῖς
680 1664 898 1734 μέλεσιν
937 1663 1098 1736 ἡμῶν
1137 1667 1693 1737 ἁντιστρατευόμενος
1719 1668 1797 1740 τῷ
1837 1670 1988 1741 νόμῳ

393 1753 490 1806 τοῦ
524 1755 676 1820 νοὸς,
715 1775 734 1806 ι
769 1757 862 1809 καὶ
901 1757 930 1810 6
963 1755 1058 1808 τοῦ
1098 1755 1218 1820 νοὸς
1240 1797 1255 1820 ,
1291 1755 1532 1821 λεκτέον,
1565 1758 1645 1812 δτι
1683 1760 1712 1812 6
1743 1759 1843 1829 μὲν
1891 1760 1986 1814 τοῦ

2167 1032 2222 1086 4.
2267 1034 2344 1087 Ac
2382 1029 2786 1100 generationem
2833 1028 3051 1098 quidem
3104 1028 3304 1082 malam
3352 1027 3493 1083 dixit
3534 1028 3678 1092 illos.

2094 1133 2316 1195 propter
2343 1122 2659 1193 qualitatem
2689 1136 2853 1190 quam
2880 1136 2907 1173 a
2939 1120 3082 1174 malo
3107 1128 3526 1186 contraxerant;
3561 1123 3681 1175 ma-

2094 1217 2208 1271 litia
2236 1224 2417 1271 autem
2466 1222 2548 1269 est
2588 1213 2893 1268 voluntaria
2931 1212 3285 1268 maleﬁcentia
3329 1231 3344 1268 :
3380 1213 3681 1268 adulteram

2097 1316 2302 1373 autem,
2338 1317 2622 1377 propterea
2653 1305 2798 1373 quod
2846 1303 3106 1360 Pharisaei
3138 1313 3192 1360 et
3222 1303 3508 1360 Sadducazi
3554 1305 3683 1360 reli-

2093 1407 2217 1463 cto,
2269 1398 2361 1468 qui
2393 1398 2474 1451 vir
2505 1398 2712 1465 tropice
2738 1397 3071 1466 appellatur,
3109 1396 3357 1451 veritatis
3405 1411 3679 1463 sermone,

2091 1491 2174 1544 vel
2203 1491 2339 1559 lege,
2392 1504 2422 1542 a
2473 1488 2756 1542 mendacio
2794 1498 2848 1542 et
2879 1489 2995 1558 lege
3028 1489 3236 1556 peccati
3267 1488 3534 1543 adulterio
3563 1488 3683 1558 pol-

2091 1579 2191 1633 luti
2243 1588 2390 1634 sunt.
2438 1575 2574 1630 Nam
2623 1577 2666 1633 si
2701 1577 2822 1631 duae
2855 1584 2984 1630 sunt
3009 1577 3178 1648 leges,
3225 1590 3280 1633 et
3310 1594 3372 1633 ea
3409 1595 3531 1649 quae
3571 1598 3588 1630 ι
3625 1579 3679 1632 in

2092 1671 2355 1726 membris
2390 1669 2592 1724 nostris
2640 1678 2908 1739 repugnat
2947 1670 3051 1740 legi
3101 1670 3300 1724 mentis
3333 1670 3401 1735 τ’,
3445 1688 3464 1720 ι
3495 1679 3550 1724 et
3595 1669 3680 1724 lex

2093 1763 2320 1827 mentis;
2363 1760 2652 1816 dicendum
2686 1769 2772 1813 est
2806 1760 2974 1829 legem
3017 1760 3235 1824 mentis,
3274 1761 3378 1814 hoc
3405 1768 3488 1814 est
3521 1759 3682 1829 spiri-

392 1848 534 1910 v06;,
564 1846 843 1902 τουτέστιν
895 1849 924 1900 ό
967 1848 1366 1918 πνευματικὸς,
1401 1848 1544 1920 ἁνήρ
1574 1851 1712 1914 ἐστι,
1763 1853 1898 1923 πρὸς
1929 1854 1984 1907 ὃν

2090 1852 2312 1916 tualem,
2366 1851 2542 1904 virum
2595 1865 2737 1915 esse,
2771 1851 2856 1903 cui
2889 1864 2918 1903 a
2959 1849 3067 1904 Deo
3115 1850 3309 1904 tradita
3347 1850 3512 1905 estin
3549 1865 3680 1905 uxo-

391 1937 644 2010 ⁴ἡρμόσθη
663 1938 772 1992 ἀπὸ
793 1936 927 1992 Θεοῦ
962 1937 1098 2008 γυνὴ
1121 1939 1153 2007 ἡ
1177 1936 1344 2009 ψυχὴ,
1371 1938 1527 2009 ἀνδρὶ
1552 1938 1628 2010 τῷ
1649 1940 1818 2011 νόμῳ,
1847 1943 1986 1995 κατὰ

394 2030 454 2082 τὸ
498 2029 912 2101 γεγραμμένον·
964 2049 983 2081 1
1027 2028 1184 2101 Παρὰ
1230 2029 1286 2081 δὲ
1329 2029 1464 2082 Θεοῦ
1498 2031 1800 2102 ἁρμόζεται
1833 2033 1988 2105 ἀνδρὶ

391 2123 562 2190 γυνή·
611 2124 680 2176 »ὁ
709 2121 766 2174 δὲ
800 2121 959 2184 ἄλλος
1007 2120 1194 2192 μοιχός
1230 2123 1346 2173 ἐστι
1392 2121 1493 2190 τῆς
1540 2121 1987 2197 ύποτασσομένης

394 2211 543 2282 αὐτῷ
565 2211 764 2282 ψυχῆς,
790 2211 884 2265 καὶ
909 2211 977 2263 δι’
995 2210 1156 2265 αὑτὸν
1194 2209 1500 2281 μοιχαλίδος
1516 2215 1983 2285 χρηματιςούσης.

395 2305 518 2357 Ὅτι
545 2305 603 2358 δὲ
629 2306 657 2357 6
689 2304 849 2373 νόμος
875 2301 1015 2373 ἀνὴρ
1045 2303 1144 2374 τῆς
1174 2302 1352 2374 ψυχῆς
1385 2303 1554 2367 ἐστιν,
1593 2305 1781 2373 σαφῶς
1824 2309 1880 2360 ὲν
1919 2311 1986 2380 τῇ

393 2395 531 2466 πρὸς
568 2395 875 2467 Ῥωμαίους
913 2396 1024 2466 (98)
1051 2397 1078 2447 6
1109 2395 1320 2462 Παῦλος
1343 2401 1588 2472 παριστᾷ
1627 2398 1801 2465 λέγων
1822 2439 1835 2464 ,
1880 2400 1986 2463 ὅτι,

397 2507 417 2538 ι
474 2488 532 2542 ⁸0
560 2488 726 2560 νόμος
759 2488 1004 2559 κυριεύει
1055 2489 1151 2542 τοῦ
1198 2490 1488 2563 ἀνθρώπου
1519 2493 1603 2562 ἐφ’
1639 2493 1762 2544 ὅσον
1798 2492 1987 2562 χρόνον

391 2577 458 2648 ζῇ
484 2593 498 2608 ’
533 2579 566 2648 ὴ
613 2578 722 2650 γὰρ
763 2576 1032 2648 ὕπανδρος
1057 2577 1193 2650 γυνὴ
1226 2579 1303 2649 τῷ
1355 2579 1518 2642 ζῶντι
1559 2581 1715 2652 ἀνδρὶ
1756 2580 1984 2644 δέδεται,

391 2669 506 2722 δντι
534 2669 712 2740 νόμῳ·
755 2688 773 2721 ι
799 2670 894 2722 καὶ
933 2669 1002 2722 τὰ
1051 2669 1201 2739 ἑξῆς.
1250 2671 1494 2742 Πρόσχες
1522 2671 1630 2743 γὰρ
1663 2674 1722 2726 ὲν
1754 2673 1984 2738 τούτοις,

392 2760 475 2812 ὅτι
503 2762 531 2813 6
571 2761 736 2830 νόμος
759 2761 1005 2832 κυριεύει
1033 2761 1126 2815 τοῦ
1159 2748 1482 2835 ἀνθρώπου,
1529 2766 1614 2835 ἐφ’
1647 2765 1771 2820 ὅσον
1796 2767 1986 2837 χρόνον

394 2849 463 2920 ζῇ
497 2840 539 2902 δ’
557 2850 740 2921 νόμος,
766 2851 841 2916 ὡς
863 2853 1003 2926 ἀνὴρ
1027 2855 1286 2924 γυναικός
1305 2873 1318 2886 ·
1343 2857 1376 2927 ἡ
1400 2856 1507 2928 γὰρ
1534 2857 1806 2928 ὕπανδρος
1826 2859 1982 2930 γυνὴ,

395 2943 428 3012 ἡ
460 2943 564 2996 61:6
592 2943 684 2996 τὸν
715 2945 879 3016 νόμον
911 2945 1079 3018 ψυχὴ,
1104 2947 1182 3018 τῷ
1216 2949 1380 3012 ζῶντι
1410 2951 1566 3022 ἀνδρὶ
1617 2950 1848 3014 δέδεται,
1873 2951 1985 3005 δντι

389 3033 573 3104 νόμῳ·
610 3035 708 3088 ἐὰν
738 3035 794 3089 δὲ
829 3037 1074 3112 ἀποθάνῃ
1107 3041 1136 3093 6
1170 3040 1330 3112 ἀνὴρ,
1370 3043 1399 3095 6
1438 3043 1600 3113 νόμος
1641 3044 1982 3116 κατήργηται

387 3125 498 3177 ἀπὸ
517 3123 608 3179 τοῦ
625 3126 814 3197 νόμου,
844 3129 903 3192 ὃς
925 3131 1072 3184 ἐστιν
1097 3132 1259 3203 ἀνήρ.
1299 3133 1659 3206 Ἀποθνήσκει
1677 3135 1735 3188 δὲ
1763 3139 1792 3189 6
1820 3136 1984 3207 νόμος

2093 1957 2207 1995 rem
2255 1940 2460 2004 anima,
2508 1953 2703 2006 nempe
2751 1939 2871 1992 viro
2914 1938 3040 2008 legi,
3085 1938 3240 2008 juxta
3273 1939 3324 1992 id
3355 1939 3500 2007 quod
3544 1939 3681 1994 scri-

2089 2040 2242 2100 ptum
2291 2038 2376 2084 est
2422 2028 2472 2060 ⁷³
2522 2046 2536 2082 :
2588 2046 2606 2080 ‹
2667 2029 2713 2081 Α
2754 2027 2865 2084 Deo
2918 2039 3100 2083 autem
3147 2029 3502 2100 conjungitur
3559 2031 3679 2084 viro

2090 2135 2258 2188 uxor;
2305 2138 2324 2173 ι
2373 2120 2601 2174 alteram
2627 2134 2755 2174 vero
2784 2120 2986 2189 legem,
3016 2120 3316 2174 adulteram
3345 2135 3467 2174 esse
3497 2120 3680 2189 subje—

2089 2224 2190 2268 ctae
2241 2213 2318 2266 illi
2369 2213 2585 2276 animte,
2633 2222 2685 2267 et
2735 2221 2956 2282 propter
3000 2213 3145 2266 illam
3183 2211 3440 2266 adulterae
3483 2227 3678 2265 nomen

2090 2314 2412 2359 consecutae.
2452 2303 2606 2370 Quod
2647 2312 2827 2358 autem
2866 2304 2951 2358 lex
2987 2304 3069 2358 vir
3108 2303 3305 2357 animae
3339 2303 3409 2358 sit
3445 2302 3681 2358 dilucide

2090 2396 2143 2450 id
2171 2397 2328 2450 docet
2360 2397 2563 2451 Paulus
2592 2396 2644 2449 in
2671 2395 2916 2461 Epistola
2960 2396 3027 2450 ad
3071 2394 3346 2450 Romanos
3399 2395 3584 2449 dicens
3609 2395 3676 2460 ⁷⁸,

2095 2505 2112 2537 ι
2152 2487 2320 2556 legem
2353 2486 2405 2539 in
2439 2485 2657 2540 homine
2683 2487 2955 2541 dominari
2989 2497 3194 2556 quanto
3227 2499 3471 2557 tempore
3505 2486 3674 2540 vivit:

2087 2576 2246 2640 Nam,
2281 2593 2401 2647 qua:
2447 2578 2550 2632 sub
2596 2577 2714 2632 viro
2755 2587 2838 2632 est
2885 2578 3100 2643 mulier,
3155 2579 3356 2634 viventi
3403 2579 3676 2648 alligatam

2088 2683 2210 2723 esse
2255 2669 2372 2723 viro
2400 2711 2414 2732 ,
2458 2673 2552 2738 qui
2602 2677 2686 2723 est
2736 2669 2855 2732 lex;
2903 2688 2922 2721 ι
2962 2679 3015 2724 et
3062 2685 3184 2740 quae
3227 2679 3356 2726 sunt
3400 2671 3674 2741 deinceps.

2087 2761 2322 2814 Adverte
2372 2760 2572 2829 quippe
2621 2759 2676 2814 in
2730 2759 2815 2814 his
2871 2759 3044 2829 legem
3100 2761 3374 2815 dominari
3427 2761 3674 2827 homini,

2085 2847 2330 2917 quandiu
2376 2847 2508 2901 vivit
2551 2847 2659 2910 lex,
2709 2847 3168 2917 quemadmodum
3208 2850 3291 2904 vir
3326 2851 3502 2906 uxori.
3539 2849 3675 2906 Nam

2087 2939 2204 2992 viro
2231 2937 2446 2993 subdita
2475 2953 2632 3000 uxor,
2669 2938 2848 2992 anima
2882 2939 3132 2995 videlicet
3157 2956 3279 3011 quae
3300 2952 3382 2996 est
3404 2943 3508 2997 sub
3538 2943 3673 3014 lege,

2085 3030 2286 3085 viventi
2312 3029 2534 3099 alligata
2567 3038 2651 3084 est
2675 3029 2812 3093 viro,
2855 3030 2949 3100 qui
2975 3040 3061 3086 est
3092 3032 3208 3098 lex;
3244 3033 3289 3088 si
3318 3042 3497 3087 autem
3529 3051 3676 3089 rnor-

2087 3132 2213 3177 tuus
2246 3121 2411 3176 fuerit
2453 3122 2554 3184 vir,
2605 3121 2709 3178 hoc
2749 3134 2831 3177 est
2860 3124 2978 3188 lex,
3029 3123 3256 3179 liberata
3307 3133 3391 3180 est
3433 3140 3465 3179 a
3517 3125 3632 3196 lege
3657 3168 3673 3193 ,

387 3217 469 3288 τῷ
491 3218 754 3273 ἁναὸάντι
777 3222 872 3274 ἐπὶ
894 3221 994 3294 τὴν
1035 3224 1446 3294 μακαριότητα,
1493 3228 1588 3279 καὶ
1629 3227 1826 3298 μηκέτι
1875 3227 1980 3281 ὑπὸ

2087 3227 2203 3282 quae
2231 3221 2314 3266 est
2338 3211 2442 3267 vir.
2479 3209 2704 3266 Moritur
2733 3221 2916 3268 autem
2961 3214 3045 3268 lex
3083 3214 3130 3269 ei
3173 3216 3267 3285 qui
3313 3217 3562 3272 ascendit
3603 3217 3674 3271 ad

389 3309 556 3380 νόμον
580 3310 1013 3384 πολιτευομένῳ·
1039 3313 1154 3368 ἀλλ’
1176 3314 1252 3380 ὡς
1274 3318 1303 3370 ό
1328 3317 1563 3389 Χριστὸς
1592 3318 1870 3389 πράττων,
1901 3317 1980 3381 ὃς,

390 3400 441 3454 εί
474 3400 567 3453 καὶ
615 3401 839 3470 γέγονεν
879 3402 984 3456 61:6
1031 3403 1196 3476 νόμον
1239 3404 1328 3458 διὰ
1361 3407 1489 3470 τοὺς
1527 3406 1632 3459 61:6
1676 3407 1859 3478 νόμον,
1897 3407 1983 3459 ἵνα

389 3491 516 3556 τοὺς
555 3492 659 3546 61:6
681 3493 845 3563 νόμον
871 3493 1133 3566 κερδήσῃ,
1160 3494 1272 3548 οὔτ’
1296 3494 1511 3566 ἔμεινεν
1536 3496 1641 3550 61:6
1670 3497 1853 3568 νόμον,
1872 3495 1981 3550 οὔτ’

391 3579 606 3651 ἀφῆκεν
652 3583 757 3636 61:6
800 3583 965 3654 νόμον
997 3585 1125 3648 τοὺς
1147 3585 1240 3637 ὑπ’
1265 3585 1433 3641 αὐτοῦ
1471 3586 1940 3659 ἐλευθερωθέντας
1965 3604 1978 3619 ο

388 3671 633 3744 ἀνήγαγε
668 3673 776 3746 γὰρ
795 3675 992 3739 αὐτοὺς
1021 3675 1137 3746 ἅμα
1165 3677 1347 3748 ἐαυτῷ
1373 3679 1467 3732 ἐπὶ
1488 3679 1586 3749 τὴν
1624 3679 1763 3750 ὑπὲρ
1785 3679 1876 3733 τὸν
1898 3679 1986 3733 νό-

393 3779 494 3832 μον
525 3763 676 3818 θείαν
715 3765 1013 3834 πολιτείαν,
1047 3767 1140 3821 τὺν
1184 3771 1534 3841 περιέχοντα,
1567 3771 1642 3835 ὼς
1674 3771 1811 3843 πρὸς
1856 3772 1984 3836 τοὺς

389 3856 814 3927 ἅτελεστέρους,
863 3861 959 3913 καὶ
1000 3861 1081 3913 ἔτι
1127 3863 1577 3933 ἁμαρτάνοντας,
1621 3862 1812 3927 θυσίας
1854 3864 1983 3934 περὶ

391 3945 635 4014 ἀφέσεως
659 3950 1095 4021 ἁμαρτημάτων.
1135 3952 1192 4005 '0
1213 3947 1306 4006 οὖν
1324 3952 1710 4025 ἀναμάρτητος
1731 3952 1864 4024 (99),
1888 3955 1983 4008 καὶ

393 4037 589 4107 μηκέτι
626 4037 877 4108 δεόμενος
925 4038 1035 4092 τῶν
1061 4040 1304 4112 νομικῶν
1359 4040 1585 4106 θυσιῶν,
1636 4043 1981 4116 ὑπερϐέϐηκε

389 4125 697 4192 τελειωθεὶς
736 4128 876 4199 τάχα
903 4129 997 4182 καὶ
1020 4129 1112 4182 τὸν
1138 4130 1509 4201 πνευματικὸν
1535 4131 1698 4202 νόμον
1717 4171 1732 4197 ,
1759 4134 1856 4188 καὶ
1892 4134 1985 4203 γέ-

389 4233 545 4286 γονεν
571 4221 628 4272 ὲν
646 4219 726 4291 τῷ
751 4220 892 4294 ὑπὲρ
920 4219 1091 4294 αὑτὸν.
1109 4221 1272 4293 λόγῳ,
1301 4223 1450 4286 ὅστις
1467 4225 1580 4286 τοῖς
1611 4225 1709 4294 μὲν
1735 4226 1794 4278 ὲν
1820 4227 1983 4297 σαρκὶ

391 4305 526 4372 ζῶσι
546 4308 681 4382 σὰρξ
709 4313 951 4382 ἐγεγόνει
971 4330 984 4344 ο
1021 4315 1134 4378 τοῖς
1159 4313 1216 4367 δὲ
1248 4313 1513 4386 μηδαμῶς
1539 4315 1618 4369 ἔτι
1642 4315 1785 4369 κατὰ
1807 4317 1985 4388 σάρκα

393 4402 864 4473 στρατευομένοις,
893 4404 970 4469 ὼς
989 4399 1058 4477 ἦν
1077 4405 1135 4459 ὲν
1163 4406 1307 4477 ἀρχῇ
1333 4403 1471 4476 πρὸς
1501 4405 1634 4460 Θεὸν
1657 4406 1790 4472 Θεὸς
1811 4407 1984 4477 Λόγος

2085 3302 2496 3369 beatitudinem,
2531 3318 2631 3357 nec
2660 3304 2894 3374 amplius
2927 3305 3029 3359 sub
3061 3305 3178 3374 lege
3205 3307 3364 3374 vivit;
3403 3308 3496 3363 sed
3531 3307 3674 3361 idem

2086 3393 2214 3450 facit
2245 3397 2388 3465 quod
2421 3396 2695 3460 Christus,
2743 3399 2833 3467 qui
2865 3399 3079 3453 etiamsi
3109 3399 3212 3470 legi
3246 3415 3304 3455 se
3347 3400 3670 3463 subdiderit,

2084 3497 2305 3557 propter
2340 3507 2358 3540 ι
2397 3503 2492 3544 eos
2527 3490 2622 3558 qui
2649 3490 2750 3545 sub
2772 3490 2889 3560 lege
2915 3499 3061 3558 sunt,
3099 3499 3155 3544 ιιι
3175 3505 3270 3545 eos
3299 3492 3392 3561 qui
3425 3493 3527 3547 sub
3559 3492 3674 3560 lege

2084 3589 2239 3635 erant
2285 3580 2628 3636 lucrifaceret
2674 3582 2742 3648 ⁷⁸,
2796 3600 2815 3633 ι
2865 3596 3044 3651 neque
3104 3586 3306 3638 mansit
3363 3585 3465 3638 sub
3515 3584 3670 3654 lege,

2084 3687 2261 3740 neque
2291 3672 2396 3743 legi
2428 3673 2713 3742 suhjaeere
2740 3688 2936 3743 passus
2961 3683 3064 3739 est,
3109 3689 3250 3744 quos
3279 3673 3331 3727 in
3365 3675 3670 3728 libertatem

2082 3763 2490 3832 vindicaverat;
2541 3764 2642 3820 hos
2669 3763 2813 3818 enim
2856 3780 3042 3820 secum
3069 3764 3133 3819 ad
3160 3765 3404 3819 divinum
3437 3764 3557 3821 vita:
3592 3765 3673 3818 in-

2083 3855 2335 3912 stitutum
2373 3855 2571 3920 evexit,
2608 3855 2754 3925 quod
2780 3864 2864 3911 est
2893 3871 3060 3926 supra
3089 3857 3279 3926 legem,
3311 3869 3432 3925 quae
3463 3854 3673 3910 saeviti-

2082 3947 2166 4004 cia
2215 3963 2314 4019 pro
2342 3955 2705 4019 peccatorum
2745 3945 2908 4018 516
2939 3947 3289 4012 remissione,
3337 3954 3523 4015 utpote
3573 3960 3673 4014 pro

2083 4040 2268 4096 minus
2313 4037 2608 4111 perfectis,
2664 4047 2718 4094 et
2752 4041 3050 4093 etiamnum
3097 4039 3448 4108 peccantibus
3497 4039 3673 4092 couti-

2083 4132 2266 4188 nebat.
2317 4131 2422 4199 Qui
2463 4148 2594 4201 ergo
2631 4141 2855 4202 peccato
2881 4131 3151 4186 obnoxius
3189 4146 3298 4185 non
3350 4140 3452 4198 est,
3497 4146 3672 4200 neque

2084 4227 2319 4297 amplius
2353 4224 2636 4280 sacriﬁciis
2665 4223 2931 4295 legalibus
2976 4223 3200 4294 indiget,
3252 4222 3480 4278 fortasse
3524 4234 3672 4294 post-

2083 4334 2246 4391 quam
2276 4319 2664 4390 perfectionem
2692 4327 2778 4374 est
2806 4323 3113 4382 assecutus,
3145 4315 3480 4386 spiritualem
3507 4316 3668 4369 etiam

2084 4410 2256 4480 legem
2285 4418 2702 4480 praetergressus
2735 4417 2839 4474 est,
2867 4416 2920 4464 et
2950 4407 3018 4463 ad
3053 4408 3276 4463 verbum
3316 4407 3461 4477 quod
3505 4422 3670 4476 supra

391 4487 487 4555 ὣν,
517 4491 823 4564 θεωρεῖται,
861 4497 958 4550 καὶ
1003 4497 1381 4552 ἀποκαλύπτει
1414 4497 1506 4551 τὸν
1552 4499 1792 4572 Πατέρα.
1843 4501 1982 4573 Τρία

2087 4501 2232 4555 illam
2268 4509 2370 4568 est,
2417 4501 2682 4570 pervenit,
2727 4501 2876 4572 quod
2925 4501 2994 4557 iis
3027 4500 3124 4571 qui
3152 4499 3341 4555 vivunt
3381 4499 3438 4553 in
3482 4514 3668 4566 carne,

475 4547 485 4555 .
628 4547 639 4564 .
790 4547 822 4558 ν,
1553 4547 1792 4572 ήτ-νιη-
1852 4547 1982 4573 -ι--π

389 4582 569 4635 τοίνυν
601 4586 744 4638 κατὰ
774 4587 865 4640 τὸν
904 4588 1071 4644 τόπον
1109 4590 1414 4661 νομιστέον,
1445 4592 1679 4659 γυναῖκα
1710 4592 1980 4666 ὔπανδρον

2271 4547 2370 4568 --Ἶ
2419 4547 2682 4570 ιν---ν--η,
2730 4547 2876 4572 1-m-
2925 4547 2994 4557 --ν
3028 4547 3124 4571 -ι--
3488 4547 3664 4566 "nu.

2087 4607 2215 4647 caro
2241 4591 2443 4648 factum
2479 4600 2592 4661 est;
2629 4593 2698 4649 iis
2731 4601 2914 4649 autem
2944 4593 3038 4664 qui
3071 4608 3179 4648 non
3213 4593 3448 4663 amplius
3477 4606 3664 4647 secun-

393 4673 498 4725 61:6
524 4675 691 4747 ἄνδρα
717 4679 807 4732 τὸν
831 4681 994 4751 νόμον
1011 4699 1024 4712 ·
1057 4684 1151 4737 καὶ
1183 4687 1418 4753 γυναῖκα
1446 4685 1748 4756 μοιχαλίδα,
1774 4687 1981 4753 ζῶντος

2087 4685 2216 4741 dum
2248 4698 2467 4740 carnem
2500 4685 2753 4753 militant,
2786 4686 2840 4741 id
2870 4687 3036 4756 quod,
3076 4701 3200 4741 cum
3231 4684 3467 4740 Verbum
3501 4691 3666 4749 esset,

390 4763 486 4818 τοῦ
513 4766 704 4838 ἀνδρὸς
743 4771 908 4841 νόμου
940 4776 1231 4849 γινομένην
1275 4777 1432 4848 ἀνδρὶ
1470 4778 1672 4850 ἑτέρῳ,
1711 4780 1789 4851 τῷ
1821 4781 1970 4852 νόμῳ

2087 4778 2132 4832 in
2176 4777 2446 4848 principio
2492 4787 2612 4834 erat
2657 4778 2800 4848 apud
2855 4778 3025 4834 Deum
3077 4777 3242 4841 Deus,
3291 4777 3568 4842 cernitur,
3617 4786 3671 4831 et

390 4853 492 4922 τῆς
527 4856 728 4926 σαρκὸς
750 4858 849 4930 τὴν
881 4860 1075 4933 ψυχήν·
1103 4865 1197 4918 καὶ
1234 4867 1468 4934 γυναῖκα
1503 4865 1581 4938 τῷ
1615 4866 1828 4938 ἀδελφῷ
1871 4867 1967 4922 τοῦ

2087 4869 2292 4926 Patrem
2332 4871 2553 4941 detegit.
2588 4870 2717 4926 Tria
2765 4871 2932 4942 igitur
2977 4870 3031 4924 in
3074 4871 3319 4926 animum
3362 4869 3671 4927 inducenda

465 4993 510 5025 ⁷³
550 4991 711 5049 Rom.
747 5011 844 5062 vn,
870 4995 962 5052 25.
1038 4997 1082 5028 ⁷³
1105 4996 1269 5054 Mare.
1309 5016 1361 5067 x,
1391 5002 1445 5059 9.
1521 5003 1568 5034 ⁷⁸
1600 5001 1759 5058 Rom.
1788 5004 1955 5069 vu,l,

2087 5007 2122 5062 i.
2200 5005 2286 5060 ⁷⁸1
2316 5007 2444 5062 Cor.
2477 5023 2552 5075 rx,
2587 5008 2677 5063 2i.

465 5155 578 5227 (95)
603 5155 777 5223 Ζήτει
822 5155 891 5210 δὲ
934 5157 1033 5211 καὶ
1083 5157 1167 5211 σὺ
1213 5157 1338 5212 πᾶν
1368 5163 1474 5226 τό,
1525 5171 1628 5219 etc.
1666 5161 1968 5219 Erasmus:

399 5244 438 5303 ε.
459 5225 720 5303 Quintum
749 5227 915 5303 etiam
952 5242 1135 5303 quaere
1169 5227 1422 5297 signum;
1457 5225 1476 5284 ι
1531 5232 1732 5303 legerat
1764 5252 1777 5286 :
1810 5234 1972 5298 Ζήτει

393 5295 452 5350 δὲ
476 5298 571 5368 καὶ
603 5297 667 5350 σὺ
697 5295 1264 5368 πέμπτονξΗιιετιυέ.

469 5366 580 5438 (96)
618 5365 784 5438 Τινοῤ
809 5367 880 5421 ἐν
903 5367 978 5436 τῇ
990 5365 1182 5436 Καινῇ
1198 5367 1536 5438 γράμματός
1556 5369 1705 5425 ἐστι.
1744 5373 1822 5426 ita
1849 5375 1969 5429 cod.

400 5433 580 5510 Ho'lmr'.
621 5433 778 5510 cujus
802 5433 1060 5510 adfor-am
1103 5433 1368 5493 attextu'ni
1411 5433 1530 5494 erat
1569 5441 1744 5495 aliena
1785 5458 1970 5510 manu,

397 5508 602 5582 γραφῇ.
638 5505 780 5577 Lege
810 5509 1002 5572 εΤίνος
1037 5511 1095 5582 έν
1115 5511 1178 5580 τῇ
1209 5511 1579 5582 κᾳινῇᾼγραφῇ
1613 5513 1748 5565 ἐστι.
1775 5505 1976 5582 Supple

401 5578 650 5653 σημεῖον,
675 5585 738 5653 ut
767 5594 930 5653 supra
963 5600 974 5634 :
1011 5579 1074 5653 1:6
1104 5578 1690 5653 σημεῖονἾωνᾶτῆς
1720 5583 1814 5635 τοῦ
1857 5578 1974 5636 εω-

398 5643 564 5718 τῆρος
587 5645 741 5716 ἡμῶν
770 5643 853 5718 ἦν’
868 5643 1236 5712 ἀναστάσεως.
1268 5647 1422 5705 lianc
1445 5643 1726 5706 lectionem
1757 5662 1977 5708 secutus

397 5713 816 5849 gsgnlilgamnlus':
863 5737 882 5771 ι
926 5721 1085 5791 cujus
1124 5717 1338 5790 signum
1369 5719 1440 5777 sit
1498 5723 1552 5776 in
1595 5720 1746 5779 Novo
1795 5721 1980 5780 Testa-

441 5803 452 5838 I
593 5827 604 5840 .
647 5804 664 5838 ι
723 5802 772 5842 υ.

441 5802 604 5842 tento.
647 5804 664 5838 ι
699 5802 772 5842 ID.

2150 5167 2263 5239 (97)
2295 5166 2476 5223 Codex
2501 5167 2728 5239 Regius,
2761 5167 2925 5237 νόμου
2951 5168 3044 5220 καὶ
3073 5167 3173 5238 τῆς
3203 5170 3500 5241 ἁμαρτίας.
3568 5232 3570 5234 τ

2149 5281 2260 5352 (98)
2294 5282 2503 5350 Σαφῶς
2532 5281 2602 5334 ἐν
2632 5279 2708 5348 τῇ
2739 5281 2888 5348 πρὸς
2909 5278 3252 5350 Ῥωμαίους,
3281 5291 3384 5336 etc.
3408 5279 3668 5352 Origenes

2081 5353 2134 5406 in
2170 5351 2314 5406 hunc
2339 5352 2492 5406 Pauli
2527 5353 2731 5416 locum,
2766 5352 2942 5420 capite
2962 5366 3156 5420 nempe
3178 5368 3274 5416 vn,
3310 5352 3519 5420 lib.7vr,
3565 5351 3667 5404 do-

2079 5422 2313 5477 ctrinam
2356 5425 2497 5477 hanc
2535 5422 2655 5476 fuse
2678 5419 3027 5491 persequitur
3058 5419 3112 5474 et
3139 5422 3356 5476 asserit.
3398 5419 3663 5475 Hue'rtus.

2155 5539 2268 5609 (99)
2305 5538 2358 5591 '0
2396 5534 2511 5592 οὖν
2541 5537 2973 5609 ἀναμάρτητος.
3019 5534 3345 5609 Damnosam
3398 5535 3491 5609 hic
3526 5535 3668 5589 ἀπα-

2085 5604 2235 5672 θείας
2257 5617 2312 5664 et
2333 5604 2752 5678 ἀναμαρτησίας
2775 5607 3078 5687 doctrinam
3109 5605 3363 5730 progenuit
3397 5604 3668 5687 ⁸Οτιειειιοξι

2085 5689 2140 5730 et
2159 5679 2282 5730 aliis
2314 5693 2564 5730 nuouue~
2585 5678 2719 5730 locis
2744 5693 2838 5730 (ιιιι
2872 5692 2929 5729 ιιι
2957 5685 3161 5730 nostris
3245 5691 3525 5730 ruremams
3563 5687 3664 5730 uo-

2085 5689 2140 5735 et
2159 5679 2282 5734 aliis
2314 5676 2564 5748 quoque~
2585 5676 2719 5733 lucis
2744 5676 2838 5748 qui
2872 5677 2929 5729 in
2957 5676 3161 5748 nostris
3194 5676 3525 5748 Origeniquis
3563 5687 3664 5730 uo-

2089 5751 2184 5807 tati
2225 5744 2374 5814 sunt,
2407 5744 2500 5806 lib.
2540 5765 2598 5813 ll,
2639 5744 2842 5820 capiﬁ,
2875 5757 3068 5802 uuaest.
3097 5746 3144 5811 7,
3186 5744 3339 5803 num.
3390 5744 3582 5803 18.10.
