4094 6290
449 355 565 413 985

1961 364 2282 424 ORIGENIS

3621 373 3762 429 984

460 483 590 530 sunt
615 473 760 531 circa
792 474 937 530 hunc
967 475 1175 540 locum;
1227 474 1422 530 mulier
1469 475 1683 531 subdita
1719 477 1836 534 viro
1857 519 1872 543 ,
1917 481 2022 538 virc

2134 479 2457 552 τεθνηκότος
2489 479 2681 551 ἀνδρὸς
2727 481 3079 552 γαμουμένην
3121 481 3198 553 τῷ
3236 481 3397 546 ζῶντι
3424 523 3440 550 ,
3494 484 3590 537 καὶ
3658 485 3754 555 μὴ

458 580 654 634 nempe
682 566 776 634 qui
798 575 880 619 est
905 565 1009 629 lex,
1037 573 1091 620 et
1130 565 1325 619 mulier
1349 567 1624 633 adultera,
1659 571 1843 624 anima
1878 572 2030 628 vide-

461 651 584 710 licet
608 670 728 725 quae
753 655 962 709 vivente
983 657 1125 722 viro,
1157 657 1276 711 viro
1303 658 1475 724 alteri,
1509 661 1610 732 legi
1639 678 1830 733 nempe
1852 667 2032 720 carnis

457 762 576 801 sese
603 746 956 815 applicuerit;
988 757 1042 802 et
1075 751 1272 806 mulier
1299 770 1420 823 qua:
1446 753 1718 810 demortui
1747 757 1845 810 viri
1878 756 2032 812 l'ratri

456 839 730 905 nupserit,
763 839 889 892 vivo
935 842 1146 898 scilicet
1187 854 1240 900 et
1290 862 1571 918 nunquam
1626 850 2034 907 intermorituro

457 928 653 996 Verbo,
686 933 832 1002 quod
866 943 1153 1005 postquam
1185 941 1483 994 resurrexit
1516 960 1535 992 ι
1577 957 1608 995 a
1639 943 1894 1006 mortuis,
1924 959 2030 998 non

449 1023 705 1090 moritur,
734 1040 881 1080 mors
909 1027 1053 1080 enim
1089 1026 1164 1080 illi
1195 1027 1336 1083 ultra
1369 1046 1475 1084 non
1506 1031 1876 1088 dominabitur
1904 1036 1970 1088 ⁷⁸.
2009 1053 2026 1084 ι

451 1111 516 1168 Et
549 1115 664 1169 hac
687 1115 906 1185 quidem
944 1126 1162 1187 propter
1190 1119 1320 1174 illud
1353 1121 1396 1151 ⁷⁷
1424 1139 1438 1173 :
1481 1140 1500 1172 ι
1540 1120 1596 1176 Si
1632 1133 1881 1178 mortuus
1911 1124 2030 1179 l‘ue-

448 1203 518 1258 rlt
540 1205 643 1270 vir,
668 1206 894 1262 liberata
922 1217 1006 1262 est
1031 1225 1061 1262 a
1096 1208 1212 1280 lege
1236 1211 1367 1276 viri;
1419 1231 1436 1262 ι
1481 1220 1534 1267 et
1563 1214 1783 1282 propter
1806 1215 1910 1268 hoc
1936 1216 1982 1249 ⁷⁸
2014 1235 2027 1270 :

453 1312 472 1345 α
511 1293 679 1365 Igitur
724 1295 936 1350 vivente
973 1297 1113 1362 viro,
1152 1299 1433 1352 vocabitur
1463 1300 1738 1366 adultera,
1779 1301 1825 1355 si
1869 1300 2032 1357 fuerit

445 1400 571 1438 cum
600 1385 707 1440 alio
735 1387 889 1453 viro;
945 1406 966 1438 ι
995 1396 1049 1441 et
1074 1398 1292 1458 propter
1333 1389 1462 1443 illud
1495 1408 1509 1444 ;
1540 1408 1558 1441 ι
1604 1389 1759 1456 Quod
1797 1393 1842 1447 si
1883 1409 2030 1445 mor—

447 1487 572 1533 tuus
596 1476 761 1532 fuerit
785 1479 887 1542 vir,
930 1477 1151 1532 liberata
1193 1487 1272 1534 est
1302 1496 1330 1534 a
1362 1481 1496 1550 lege,
1539 1491 1598 1536 ut
1635 1497 1740 1537 non
1771 1484 1842 1538 sit
1873 1484 2030 1537 adul-

447 1576 583 1633 tera,
611 1568 656 1624 si
681 1569 874 1640 juncta
904 1569 1066 1624 fuerit
1093 1571 1245 1624 alteri
1275 1571 1412 1627 viro.
1452 1591 1468 1622 ι
1503 1573 1556 1626 Id
1598 1573 1776 1643 ipsum
1803 1585 1982 1631 autem
2013 1595 2027 1632 :

451 1679 470 1710 ι
506 1658 648 1730 Ergo
688 1661 901 1716 vivente
936 1661 1054 1716 viro
1102 1661 1348 1716 adultera
1383 1665 1697 1732 vocabitur,
1751 1686 1770 1717 ι
1814 1682 2029 1722 assum-

448 1749 677 1818 psimus,
711 1751 951 1807 volentes
975 1753 1260 1822 perspicue
1301 1754 1578 1808 declarare
1616 1772 1786 1824 quare
1810 1767 2027 1813 tentan-

2135 575 2532 645 ἀποθνήσκοντι
2554 573 2731 642 Λόγῳ,
2758 573 2838 636 ὃς,
2859 572 3105 643 ἐγερθεὶς
3137 593 3157 625 ι
3189 576 3254 627 ὲκ
3279 574 3509 646 νεκρῶν,
3537 576 3754 629 οὐκέτι.

2135 666 2502 736 ἀποθνήσκειο
2548 665 2778 727 Θάνατος
2818 665 2927 736 γὰρ
2964 665 3127 718 αὑτοῦ
3161 665 3344 718 οὐκέτι
3394 666 3676 736 κυριεύει.
3721 687 3744 718 ι

2135 754 2246 806 Καὶ
2275 753 2448 805 ταῦτα
2480 752 2567 805 διὰ
2598 753 2660 805 τό
2682 769 2694 781 ·
2747 771 2764 803 ι
2808 753 2933 805 Ἐὰν
2967 752 3214 824 ἀποθάνῃ
3247 755 3276 805 6
3312 753 3484 825 ἀνὴρ,
3515 756 3749 825 κατήρ-

2134 862 2298 916 γηται
2313 844 2420 897 ἀπὸ
2434 842 2528 897 τοῦ
2540 843 2704 914 νόμου
2717 843 2810 895 τοῦ
2830 844 3042 914 ἀνδρὸς,
3065 865 3084 895 ι
3107 845 3202 897 καὶ
3220 844 3308 897 διὰ
3332 846 3422 898 τό·
3443 864 3462 897 ι
3487 848 3609 916 'Ap’
3629 842 3744 899 οὖν

2135 935 2335 999 ζῶντος
2366 935 2460 987 τοῦ
2489 934 2681 1004 ἀνδρὸς
2716 934 2968 1004 μοιχαλὶς
3010 935 3358 1006 χρηματίσει,
3396 935 3462 990 ἂν
3493 937 3742 1007 γένηται

2135 1028 2288 1099 ἀνδρὶ
2315 1028 2510 1098 ἑτέρῳ,
2553 1046 2571 1078 ι
2608 1025 2699 1079 διὰ
2718 1027 2778 1079 τό
2797 1043 2809 1056 ·
2844 1047 2862 1078 ι
2905 1027 3033 1080 Ἐὰν
3057 1028 3305 1099 ἀποθάνῃ
3329 1031 3357 1082 6
3379 1029 3539 1101 ἀνὴρ,
3565 1029 3740 1082 ἐλευ-

2135 1118 2270 1191 θέρα
2306 1119 2452 1172 ἐστὶν
2481 1118 2589 1171 ἀπὸ
2628 1117 2720 1170 τοῦ
2752 1117 2937 1188 νόμου,
2965 1117 3056 1170 τοῦ
3095 1119 3169 1189 μὴ
3210 1114 3346 1170 εἶναι
3380 1119 3548 1189 αὐτὴν
3595 1136 3734 1188 μοι-

2133 1213 2322 1283 χαλίδα
2377 1212 2677 1282 γενομένην
2723 1210 2878 1282 ἀνδρὶ
2925 1210 3118 1281 ἑτέρῳ.
3161 1231 3180 1262 ι
3218 1211 3358 1264 Αὐτὸ
3408 1211 3485 1280 (Ι)
3524 1210 3580 1262 δὲ
3619 1211 3690 1264 τό
3715 1226 3732 1240 ·

2139 1323 2157 1354 ι
2194 1304 2314 1374 ’Ἆρ’
2342 1299 2434 1357 οῦν
2467 1301 2666 1366 ζῶντος
2694 1300 2789 1354 τοῦ
2818 1301 3010 1371 ἀνδρὸς
3039 1301 3285 1372 μοιχαλὶς
3312 1302 3666 1372 χρηματίσει,
3703 1321 3728 1350 ι

2133 1394 2570 1467 παρειλήφαμεν,
2606 1394 2914 1464 βουλόμενοι
2936 1393 3121 1461 σαφῶς
3163 1394 3510 1464 παραστῆσαι
3538 1392 3626 1446 διὰ
3669 1391 3729 1443 τί

2131 1491 2242 1550 τοῖς
2275 1486 2592 1558 πειράζουσι
2619 1485 2932 1556 Φαρισαίοις
2955 1485 3047 1538 καὶ
3067 1483 3464 1547 Σαδδουκαίοις,
3488 1484 3581 1537 καὶ
3596 1485 3728 1536 ἐπι-

2132 1579 2355 1651 ζητοῦσι
2399 1582 2620 1651 σημεῖον
2653 1578 2713 1642 ἐξ
2745 1577 2973 1652 οὐρανοῦ
3010 1577 3268 1641 ἐπιδεῖξαι
3291 1578 3506 1638 αὐτοῖς,
3541 1577 3569 1628 ό
3606 1577 3724 1642 Ἰη-

2133 1672 2261 1735 σοῦς
2286 1668 2437 1724 εἶπεν
2461 1669 2523 1723 οὐ
2551 1669 2708 1740 μόνον
2731 1670 2791 1723 τό
2816 1687 2828 1700 ·
2864 1689 2881 1719 ι
2914 1669 3081 1723 Γενεὰ
3109 1669 3341 1740 πονηρὰ,
3387 1687 3405 1718 ι
3438 1666 3574 1720 ἀλλὰ
3596 1669 3722 1730 καὶ,

2139 1784 2158 1816 ι
2194 1762 2460 1834 μοιχαλίς.
2509 1781 2530 1812 ι
2564 1760 2800 1824 Γενικῶς
2837 1761 2935 1831 μὲν
2956 1757 3048 1814 οῦν
3081 1779 3099 1811 ι
3134 1761 3162 1812 6
3190 1761 3246 1813 ὲν
3272 1762 3383 1822 τοῖς
3411 1759 3594 1829 μέλεσι
3620 1758 3722 1810 νό-

447 1843 594 1897 tibus
639 1843 928 1899 Pharisaeis
971 1855 1025 1899 et
1074 1845 1406 1910 Sadduczeis,
1458 1857 1512 1902 et
1559 1851 1927 1917 quaerentibus
1969 1862 2022 1907 ut

2134 1872 2265 1925 μος,
2304 1855 2332 1905 6
2367 1851 2913 1924 ἀντιστρατευόμενος
2958 1849 3036 1920 τῷ
3060 1850 3210 1920 νόμῳ
3245 1849 3341 1903 τοῦ
3379 1850 3496 1911 νοὸς
3519 1887 3533 1911 ,
3578 1866 3597 1897 ι
3635 1847 3722 1912 ὡς

445 1935 664 2004 signum
697 1951 727 1990 e
755 1937 893 1990 ecelo
920 1939 1226 1992 ostenderet
1258 1939 1382 2002 sibi,
1424 1937 1585 1994 Jesus
1631 1957 1738 1995 non
1772 1943 1910 1997 dixit
1937 1959 2026 1998 so-

449 2025 584 2090 lum,
621 2043 638 2075 ι
677 2027 950 2094 generatio
980 2029 1140 2092 mala,
1172 2047 1190 2078 ι
1221 2030 1311 2083 sed
1353 2029 1538 2094 etiam,
1578 2049 1596 2080 ι
1634 2033 1877 2088 adultera
1904 2035 1969 2088 Ἴ.
2001 2054 2019 2084 ι

446 2115 781 2171 Generaliter
826 2117 988 2186 igitur
1023 2136 1041 2169 ‹
1085 2119 1166 2172 lex
1203 2135 1324 2187 qua:
1351 2130 1433 2175 est
1467 2119 1518 2173 in
1549 2124 1830 2190 membris,
1861 2141 2023 2193 repu-

445 2219 619 2272 gnans
651 2204 752 2274 legi
786 2206 983 2261 mentis
1010 2205 1078 2270 ⁸ο,
1120 2228 1138 2258 ι
1185 2214 1444 2274 tanquam
1479 2207 1560 2259 vir
1594 2207 1824 2274 adulter,
1871 2210 2025 2263 adul-

445 2303 558 2349 tera
608 2305 692 2350 est
735 2297 962 2360 animae;
1004 2297 1117 2366 jam
1147 2314 1274 2352 vero
1315 2307 1368 2351 et
1415 2299 1596 2353 omnis
1625 2308 1865 2367 potestas
1893 2316 2017 2354 con-

439 2389 629 2454 traria,
660 2388 858 2443 animae
887 2390 1140 2445 humana:
1177 2391 1370 2446 victrix
1403 2391 1562 2457 facta,
1601 2403 1656 2448 et
1685 2393 1760 2447 illi
1790 2397 2021 2449 commi-

438 2489 546 2545 sta,
586 2480 830 2533 adultera
875 2490 960 2535 est
1009 2482 1154 2536 illius
1185 2498 1446 2552 sponsum
1489 2500 1520 2537 a
1554 2483 1664 2538 Deo
1699 2483 1802 2538 sibi
1833 2484 2022 2538 datum

437 2573 709 2639 habentis,
738 2592 930 2646 nempe
965 2576 1220 2632 Verbum.
1260 2579 1388 2634 Post
1419 2579 1533 2634 lizec
1560 2580 1822 2649 scriptum
1854 2581 2020 2645 est“,

443 2687 464 2718 ι
509 2669 708 2723 relictis
753 2669 861 2724 illis
894 2670 1128 2734 abiisse;
1180 2689 1198 2721 ι
1256 2672 1529 2738 quomodo
1573 2673 1720 2726 enim
1759 2687 2021 2742 sponsum

441 2757 678 2815 Verbum
719 2777 828 2816 non
878 2762 1189 2832 reliquisset
1231 2764 1532 2818 adulteram
1579 2766 2020 2835 generationem,

436 2864 491 2906 et
519 2853 588 2907 ab
640 2854 729 2908 illa
772 2869 878 2908 non
914 2855 1266 2910 recessisset?
1299 2854 1507 2910 Dixeris
1552 2864 1734 2910 autem
1767 2856 1858 2910 Dei
1891 2855 2022 2911 V’er-

441 2948 566 2999 bum
593 2945 779 3000 rclicta
803 2945 1114 3000 Judatorum
1141 2962 1437 3016 synagoga,
1471 2956 1728 3017 tanquam
1753 2949 2019 3016 adultera,

438 3037 508 3089 ab
542 3035 628 3088 illa
661 3035 980 3090 discessisse
1022 3045 1075 3089 et
1118 3051 1343 3090 uxorem
1391 3038 1741 3092 scortationis
1779 3039 2018 3108 cepisse,

437 3143 535 3182 eos
590 3141 782 3196 nempe
816 3127 912 3196 qui
959 3143 1024 3181 ex
1077 3127 1327 3196 gentibus
1369 3137 1535 3193 sunt;
1581 3129 2018 3199 quandoquidem

2133 1943 2318 2014 μοιχὸς
2351 1943 2511 2013 ἀνὴρ,
2565 1941 2752 2012 μοιχός
2793 1942 2910 1993 ἐστι
2942 1941 3040 2011 τῆς
3093 1940 3305 2010 ψυχῆς·
3358 1940 3460 2010 ἤδη
3509 1938 3566 1992 δὲ
3612 1941 3718 1992 καὶ

2128 2036 2277 2088 πᾶσα
2307 2033 2534 2103 δύναμις
2565 2032 2940 2103 ἀντικειμένη,
2973 2031 3344 2102 ἐπικρατοῦσα
3377 2032 3476 2101 τῆς
3501 2030 3717 2101 ἀνθρω-

2127 2125 2287 2196 πίνης
2315 2125 2515 2195 ψυχῆς,
2548 2126 2642 2178 καὶ
2669 2123 3078 2193 ἅναμιγνυμένη
3123 2123 3261 2193 αὐτῇ
3285 2161 3299 2185 ,
3346 2122 3529 2192 μοιχός
3560 2122 3712 2174 ἐστιν

2125 2217 2315 2286 αὐτῆς,
2344 2216 2576 2286 νυμφίον
2607 2216 2838 2286 ἐχούσης
2878 2215 2984 2267 ὑπὸ
3013 2213 3108 2267 τοῦ
3144 2213 3279 2267 Θεοῦ
3307 2214 3444 2283 αὐτῇ
3485 2213 3711 2268 δοθέντα

2123 2307 2214 2359 τὸν
2241 2307 2430 2374 Λόγον.
2456 2305 2611 2358 Μετὰ
2642 2304 2811 2358 ταῦτα
2845 2305 3149 2376 γέγραπται
3167 2345 3182 2366 ,
3218 2305 3302 2356 ὅτι
3349 2323 3368 2355 ‹
3397 2304 3713 2358 καταλιπὼν

2124 2401 2321 2462 αὐτοὺς
2362 2397 2601 2468 ἀπῆλθε·
2650 2418 2668 2448 ι
2724 2397 2841 2460 πῶς
2881 2397 2989 2468 γὰρ
3022 2396 3124 2450 οὐκ
3171 2396 3392 2466 ἔμελλεν
3425 2398 3711 2466 ὁνυμφίος

2123 2493 2294 2560 Λόγος
2327 2491 2643 2546 καταλιπεῖν
2669 2491 2768 2561 τὴν
2804 2489 3086 2560 μοιχαλίδα
3113 2487 3326 2557 γενεὰν,
3359 2490 3454 2541 καὶ
3485 2491 3710 2542 ἀπεῖναι

2123 2583 2218 2635 ἀπ’
2245 2583 2452 2654 αὑτῆς;
2489 2582 2676 2646 Εἴποις
2711 2581 2756 2634 δ’
2797 2581 2882 2644 ἂν,
2907 2582 2988 2633 ὅτι
3014 2579 3110 2650 τὴν
3149 2580 3416 2633 Ἰουδαίων
3463 2596 3712 2646 συναγω-

2121 2675 2224 2745 γὴν
2256 2675 2331 2738 ὡς
2358 2674 2641 2744 μοιχαλίδα
2674 2671 2988 2727 καταλιπὼν
3013 2674 3042 2726 6
3066 2671 3158 2724 τοῦ
3184 2670 3320 2724 Θεοῦ
3347 2671 3539 2738 Λόγος,
3574 2672 3712 2724 ἀπε-

2122 2765 2349 2836 λήλυθεν
2372 2765 2466 2821 ἀπ’
2497 2765 2688 2836 αὐτῆς,
2722 2767 2815 2818 καὶ
2841 2764 2999 2817 ἔλασε
3022 2765 3256 2832 γυναῖκα
3287 2761 3564 2833 πορνείας,
3581 2762 3714 2823 τοὺς

2121 2861 2229 2916 ἀπὸ
2257 2860 2364 2913 τῶν
2395 2860 2562 2914 ὲονῶν
2587 2877 2600 2891 ³
2644 2860 2766 2912 ἐπεὶ
2791 2860 2988 2912 ἐκεῖνοι
3029 2859 3147 2929 μὲν,
3183 2858 3335 2921 ὄντες
3363 2857 3516 2919 πόλις
3542 2857 3710 2926 πιστὴ

2121 2950 2259 3004 Σιὼν
2300 2951 2412 3023 (2),
2451 2951 2708 3019 γεγόνασι
2743 2951 2961 3021 πόρνοιο
3002 2943 3147 3004 οῦτοι
3176 2949 3231 3002 δὲ
3279 2949 3354 3013 ὡς
3384 2950 3417 3018 ή
3463 2947 3632 3002 Ῥαὰὸ
3675 2949 3709 3017 η

2123 3041 2318 3111 πόρνη,
2352 3041 2477 3104 τοὺς
2518 3039 2612 3093 τοῦ
2665 3038 2840 3110 Ἰησοῦ
2878 3037 3256 3102 κατασκόπους
3307 3036 3708 3108 ὑποδεξαμένη,

2122 3131 2353 3202 διεσώοη
2408 3132 2665 3194 πανοικὶ,
2723 3130 2860 3201 μετὰ
2892 3129 3048 3184 τοῦτο
3095 3130 3291 3201 μηκέτι
3348 3128 3704 3200 πορνεύουσα,

441 3220 518 3274 illi
554 3218 680 3273 laeti
708 3227 839 3273 sunt
883 3221 1217 3285 meretrices,
1263 3235 1386 3274 cum
1419 3230 1602 3276 essent
1626 3221 1818 3276 civitas
1851 3223 2022 3278 lidelis

2126 3223 2240 3276 ἀλλ’
2277 3225 2351 3294 (5)
2387 3224 2618 3278 ἐλθοῦσα
2663 3222 2812 3293 παρὰ
2842 3224 2965 3286 τοὺς
3016 3221 3106 3275 τοῦ
3173 3221 3346 3292 Ἰησοῦ
3391 3221 3571 3284 πόδας,
3608 3221 3704 3274 καὶ

510 3333 555 3366 ⁷⁸
593 3333 750 3386 ιῖοιιι.
783 3347 857 3397 vt,
891 3332 944 3385 9.
1021 3334 1064 3363 ⁷⁷
1100 3333 1255 3387 Ihm.
1287 3335 1452 3398 vn,‘2.
1527 3334 1572 3364 ⁷⁸
1597 3334 1751 3398 ibid.,
1775 3335 1829 3388 3.
1905 3336 1949 3369 ⁷⁸
1985 3336 2174 3394 Matth.
2200 3354 2278 3402 xr,
2309 3339 2396 3393 39.

511 3453 780 3519 ι1)Αὐτό.
830 3453 968 3508 Male
999 3455 1165 3509 codex
1196 3453 1545 3517 Holmiensis,
1576 3456 1702 3509 ἀπό.

530 3525 586 3591 2)
628 3523 810 3590 Πόλις
857 3523 1044 3591 πιστὴ
1096 3523 1265 3578 Σιών.
1331 3525 1536 3580 Alludit
1583 3527 1648 3580 ad
1680 3529 1748 3582 ls.
1799 3543 1837 3591 ι,
1892 3527 1954 3580 21
1995 3545 2008 3580 :

442 3613 462 3645 ‹
496 3594 784 3665 Quomodo
819 3594 959 3665 far-ta
991 3602 1074 3650 est
1115 3596 1368 3649 meretrix
1396 3596 1588 3650 civitas
1619 3596 1790 3651 lldelis
1853 3597 2009 3665 plena

432 3664 670 3734 jndieii?
707 3665 818 3734 i_ln
856 3662 1082 3719 Hebraeo
1132 3681 1240 3718 non
1286 3677 1510 3734 apparet
1540 3681 1668 3730 vox,
1709 3687 1726 3717 ι
1771 3662 1899 3722 Sion
1928 3706 1942 3730 ,
1988 3687 2006 3717 ι

438 3750 611 3805 neque
643 3733 696 3786 in
731 3731 1059 3798 Jonatbane,
1090 3751 1266 3803 neque
1299 3731 1541 3805 iii—Syro.
1568 3739 1638 3789 At
1663 3736 1801 3790 LXX
1824 3776 1838 3800 ,
1869 3751 2010 3804 quos

437 3804 546 3858 fere
589 3815 892 3873 sequuntur
932 3805 1104 3857 Arabs
1154 3814 1209 3858 et
1263 3804 1525 3872 Origenes
1562 3824 1575 3858 :
1632 3806 1756 3868 Πῶς
1799 3807 2015 3873 ἐγένετο

436 3874 608 3945 πόρνη
663 3872 815 3935 πόλις
845 3873 1039 3997 πιστὲέί
1059 3873 1197 3927 Σιὼν
1231 3875 1443 3946 πλήρης
1492 3877 1754 3945 κρίσεως;
1813 3872 2012 3931 Vocem

438 3945 598 3997 hanc.
627 3943 786 3997 Σιών.
833 3961 863 3997 a
896 3943 989 3997 LX
1091 3944 1492 3997 perspicuitatis
1535 3947 1709 3997 gratia
1755 3946 2012 3997 insertam

438 3943 598 4006 hanc,
627 3943 786 4014 ξιών,
833 3961 863 3998 a
896 3943 1039 3997 LXX
1091 3943 1492 4014 perspicuitatis
1534 3943 1709 4014 gratia
1755 3946 2014 4000 insertam

439 4023 593 4085 putat
625 4013 1004 4085 Hieronymus,
1043 4015 1109 4069 At
1142 4013 1303 4085 versu
1334 4031 1457 4071 xxvi
1492 4013 1686 4083 capitis
1719 4015 1882 4084 hujus
1911 4031 2012 4069 vox

433 4084 647 4145 eadem,
679 4083 843 4146 Σιών,
859 4084 1001 4152 apud
1025 4086 1150 4146 τοὺς
1170 4083 1225 4136 0'
1251 4086 1538 4152 reperitur,
1566 4101 1686 4154 qua:
1709 4087 1774 4138 ad
1794 4083 2016 4141 versum

435 4164 753 4276 sleqnentem
789 4156 1112 4223 pertinebat,
1147 4164 1205 4210 ut
1259 4154 1522 4210 Hebraica
1574 4156 1736 4210 tidem
1784 4156 2013 4212 faciunt.

487 4240 703 4276 CETIUS.

487 4240 703 4278 UETIUS.

507 4295 584 4365 (3)
615 4295 776 4349 Μετὰ
805 4295 981 4351 τοῦτο
995 4293 1209 4364 μηκέτι
1249 4297 1632 4364 πορνεύουσα
1651 4338 1666 4362 ,
1699 4298 1858 4361 ἀλλ’,
1907 4306 2012 4354 etc.

437 4363 606 4420 Vetus
631 4375 688 4437 et
703 4365 927 4437 rancida
949 4363 1444 4430 controversiaest,
1469 4369 1876 4437 multorumque
1899 4378 2013 4422 tum

437 4435 805 4506 recentiorum
857 4434 1154 4506 Scriptura:
1194 4446 1399 4491 sancta:
1460 4434 1839 4506 interpretum,
1899 4447 2012 4491 tum

438 4487 816 4575 antiquiorum
848 4487 1855 4575 assumenda;agitata;{aisais
1892 4487 2015 4561 ira;
2052 4487 2093 4541 υ

437 4573 782 4639 Μαι-[Μανία
813 4573 1064 4630 videlicet
1117 4573 1451 4644 Magdalenie,
1477 4586 1678 4645 septem
1732 4577 2019 4631 daemoniis

440 4645 667 4700 liberata
689 4645 853 4700 fuerit
877 4663 890 4709 ;
914 4655 967 4700 et
983 4645 1125 4714 apud
1159 4645 1435 4700 Simonem
1457 4645 1811 4710 Pharisaenm,
1835 4663 2022 4715 quem-

440 4717 734 4771 admodum
767 4716 952 4770 retulit
985 4715 1195 4780 Lucas;
1229 4716 1468 4769 etmulto
1495 4725 1615 4785 post
1645 4717 1697 4770 in
1735 4716 2017 4781 Bethania,

441 4786 786 4840 ministrante
807 4785 1040 4849 Martha,
1075 4797 1128 4840 et
1155 4787 1510 4842 aecnmbente
1537 4786 1764 4847 Lazaro,
1796 4787 2020 4841 ut'scri-

444 4855 806 4926 sitJoanncs;
846 4858 986 4925 apud
1031 4857 1311 4914 Simonem
1355 4856 1692 4926 Leprosum,
1730 4866 1790 4910 ut
1841 4857 2020 4926 prodi-

443 4935 554 4974 tum
591 4934 674 4977 est
703 4941 731 4976 a
764 4925 1017 4980 Matutam
1046 4939 1100 4982 et
1151 4946 1180 4980 a
1213 4925 1726 4987 Mareo,C|n-istum
1781 4925 2015 4982 tinxerit.

437 4993 599 5046 Certe
617 5009 794 5060 opera:
810 4999 1041 5062 pretium
1058 5014 1165 5051 non
1180 5008 1263 5050 est
1278 4998 1532 5052 cramben
1548 4998 1688 5053 hanc
1702 5013 2016 5065 memorare,

439 5079 570 5135 eum
593 5065 660 5117 ad
685 5080 851 5135 unum
877 5066 1161 5135 Origenem
1188 5084 1362 5121 meam
1393 5069 1531 5121 hanc
1553 5083 1766 5121 omnem
1790 5068 2017 5135 opellam

439 5134 712 5203 pertinere
738 5134 1201 5199 intriligainJllud
1229 5138 1403 5192 obiter
1423 5139 1676 5200 dixerim,
1699 5134 2021 5194 verisimilii-

441 5221 584 5258 utam
611 5204 742 5258 mihi
767 5205 935 5260 videri
961 5205 1133 5260 Grotii
1158 5208 1480 5262 sententiam
1509 5247 1523 5268 ,
1560 5224 1667 5275 qua
1703 5222 1809 5259 non
1856 5223 2018 5260 unam

442 5276 1058 5344 tantum,eamdemqne
1100 5278 1382 5332 mulierem
1433 5277 1603 5331 fuisse
1656 5276 1865 5338 statuit,
1899 5291 2022 5345 quae

436 5345 717 5399 Christum
755 5347 897 5415 apud
918 5348 1192 5402 Simonem
1228 5347 1649 5408 Phariszeum,et
1675 5345 1818 5414 apud
1845 5345 2022 5400 Simo-

441 5429 562 5486 nem
591 5415 890 5486 Leprosum
928 5419 1180 5484 unxerit;
1233 5419 1325 5472 sed
1355 5429 1408 5470 et
1431 5417 1706 5472 Simonem
1733 5418 1984 5470 eumdem
2005 5455 2019 5478 ,

443 5485 695 5561 idemque
716 5487 943 5561 factum.
971 5487 1128 5561 Quod
1153 5495 1333 5561 autem
1355 5487 1873 5561 dubitatueademne
1908 5486 2024 5561 ham

444 5553 623 5629 fuerit
651 5573 772 5629 qua:
806 5557 972 5629 Maria
998 5553 1345 5629 ‘Magdaleue.
1376 5556 1442 5612 de
1471 5556 1641 5629 nihilo
1658 5566 1770 5629 es_t_;
1796 5565 1854 5610 ut
1875 5557 2019 5610 enim

445 5625 616 5698 fatear
641 5625 804 5682 verba
833 5627 1036 5683 Christi
1059 5625 1123 5683 de
1154 5628 1476 5698 pollinctore
1502 5627 1703 5690 Mariae,
1721 5626 1886 5682 Marc.
1910 5643 2018 5688 xw,

445 5694 674 5766 8;.Ioan.
705 5713 804 5759 xu,
826 5699 880 5758 7,
910 5694 1166 5766 praesens
1181 5697 1560 5759 ollieium,non
1579 5700 1821 5750 futurum
1841 5711 2022 5764 respe-

447 5765 635 5829 xisse;
677 5775 821 5821 certe
865 5765 1010 5837 quod
1054 5769 1138 5825 bis
1179 5767 1457 5823 Christum
1493 5769 1757 5823 viventem
1809 5769 2023 5821 unxerit

2476 3339 2522 3370 ⁸ο
2553 3337 2710 3392 Rom.
2745 3352 2838 3402 vn,
2870 3337 2960 3390 25.

2119 3459 2312 3512 Lazari
2330 3475 2518 3524 soror;
2549 3457 3079 3528 mortuumqueitem
3101 3457 3388 3528 unguentis
3402 3455 3694 3524 perfuderit

2124 3528 2726 3598 Magdalene,eamdem
2769 3526 2909 3581 hanc
2940 3526 3288 3597 Magdalenen
3321 3526 3587 3588 fuisse,ac
3602 3541 3697 3598 so-

2117 3595 2293 3653 rorem
2314 3598 2525 3662 Lazari,
2548 3599 2784 3667 aliquam
2803 3598 3010 3653 scilicet
3036 3595 3456 3667 unguentariam
3485 3595 3701 3667 _r_nu|ie-

2118 3685 2253 3733 rem,
2275 3685 2380 3722 non
2402 3677 2596 3737 prazter
2614 3665 2876 3723 rationem
2891 3667 3083 3736 conjici
3102 3665 3295 3736 potest.
3312 3666 3471 3737 Addit
3484 3665 3702 3737 Magda-

2119 3739 2276 3792 lenen
2309 3734 2476 3792 videri
2515 3738 2812 3798 Galilaeam,
2837 3753 2900 3791 ex
2939 3734 3127 3792 Matth.
3157 3753 3326 3797 xxvii.
3353 3735 3440 3796 56,
3466 3747 3520 3789 et
3535 3734 3700 3789 Marc.

2121 3825 2210 3870 xv,
2236 3809 2324 3862 40.
2357 3809 2422 3862 At
2445 3823 2476 3863 e
2515 3809 2732 3864 Calilzea
2764 3808 3044 3862 Christum
3082 3816 3324 3862 secutam
3365 3805 3534 3859 fuisse
3585 3804 3700 3858 Ma-

2123 3879 2384 3947 gdalenen
2430 3878 2682 3941 fatemur,
2711 3878 2985 3934 Galilaeam
3018 3877 3530 3947 fuissenegamus.:
3564 3874 3700 3947 stili-

2119 3942 2301 4018 jungit
2329 3949 2612 4004 daemoniis
2639 3950 2920 4003 liberatam
2958 3947 3126 4000 fuisse
3170 3942 3518 4018 Magdalenen
3546 3985 3561 4008 ,
3591 3942 3693 4000 La-

2127 4015 2250 4092 gari—
2266 4034 2510 4092 sororem
2541 4035 2647 4092 non
2666 4021 2797 4092 item
2821 4037 2834 4082 ;
2867 4032 2968 4088 ego
2995 4031 3100 4092 non
3129 4015 3614 4092 peccatis__solu_m,
3643 4024 3702 4092 ut

2125 4089 2258 4144 Luc.
2292 4105 2389 4154 vn,
2418 4088 2506 4152 47,
2541 4089 2632 4152 48,
2665 4085 2922 4151 habetur,
2954 4088 3047 4141 sed
3073 4093 3128 4138 et
3153 4086 3437 4139 dwmoniis
3483 4085 3700 4138 liberari

2127 4159 2370 4230 potuisse
2391 4157 2615 4230 Mariam
2639 4157 2944 4230 respondeo
2971 4174 2985 4208 :
3009 4155 3409 4230 pergitlueam
3429 4164 3552 4230 post
3576 4170 3702 4207 nar-

2125 4225 2393 4302 rationem
2426 4228 2492 4283 de
2523 4225 3017 4302 (carina—unctrice,
3072 4225 3342 4302 subjicere
3366 4225 3698 4302 mentionem

2125 4299 2454 4370 Magdalena‘
2485 4300 2773 4370 addentem
2800 4298 2849 4351 ei
2878 4304 3062 4370 notam
3083 4295 3150 4370 ab
3173 4293 3362 4370 ejectis
3385 4293 3694 4370 daemoniis,

2121 4378 2178 4425 et
2197 4363 2315 4441 rion
2346 4370 2412 4441 ab
2437 4369 2723 4441 unctione;
2762 4376 2816 4421 et
2842 4367 3036 4441 merito
3057 4364 3303 4441 quidem,
3339 4363 3490 4441 longe
3520 4363 3698 4441 magis

2121 4439 2266 4492 enim
2295 4440 2494 4511 mirum
2523 4447 2606 4493 est
2641 4432 2925 4511 daemoniis
2951 4437 3122 4511 ipsam
3150 4433 3334 4511 _l'uiss_e
3379 4432 3686 4511 liberatam,

2121 4525 2282 4580 quam
2306 4508 2586 4580 Christum
2611 4509 2855 4580 unxisse,
2889 4501 3185 4580 et‘Christi,
3216 4501 3376 4569 cujus
3407 4501 3693 4580 hismriant

2123 4570 2314 4634 scribit
2359 4579 2554 4642 Lucas,
2582 4577 2770 4634 virtuti
2804 4576 3154 4631 testiﬁcanda:
3171 4574 3328 4642 longe
3356 4570 3537 4640 aptius
3559 4570 3693 4622 illud

2121 4658 2205 4702 est
2240 4667 2251 4703 :
2297 4659 2410 4705 tum
2441 4649 2738 4704 Clementis
2771 4647 3226 4701 eonstitutionum
3259 4645 3476 4696 deruunt
3506 4648 3697 4694 aucto-

2124 4718 2282 4772 ritate
2323 4734 2384 4773 se
2416 4729 2615 4783 tuetur,
2653 4733 2816 4787 quam
2861 4731 2961 4787 ego
2990 4716 3226 4787 rejiei_o._
3253 4712 3358 4766 Sed
3408 4709 3696 4787 redeamus

2123 4789 2187 4840 ad
2220 4787 2506 4857 Origenem
2543 4805 2554 4840 :
2594 4780 2737 4841 illins
2768 4780 3188 4859 profectovalde
3216 4783 3424 4838 incerta
3443 4791 3498 4839 et
3515 4780 3698 4859 desul-

2123 4861 2263 4920 toria
2315 4855 2476 4927 Super
2511 4861 2611 4912 hac
2638 4858 2956 4927 quaestione
2981 4855 3190 4908 videtur
3215 4868 3336 4927 esse
3380 4855 3692 4911 sententia;

2126 4928 2228 4982 hoc
2256 4923 2398 4981 enini
2423 4945 2581 4998 quem
2611 4923 2907 4998 tractamus
2947 4926 3089 4986 loco,
3135 4923 3557 4998 mulierenream
3598 4935 3695 4998 no-

2126 5006 2221 5058 tat,
2253 4998 2320 5051 de
2345 4991 2456 5067 qua
2487 4999 2664 5067 agitur
2694 4997 2826 5050 Luc.
2853 5012 2950 5057 vn,
2985 5005 3043 5047 ut
3073 5010 3139 5048 ex
3175 4991 3569 5067 eo_intelligere
3588 4997 3692 5067 est,

2122 5059 2956 5143 quod_5i:ortatriceiiiappellat,
2990 5078 3215 5143 quoque
3231 5060 3371 5143 rJesu
3409 5059 3568 5128 pedes
3589 5140 3598 5143 _
3617 5059 3693 5110 la-

2123 5138 2324 5209 crymis
2358 5149 2410 5192 et
2438 5139 2726 5209 unguentis
2750 5135 3011 5209 rigentem
3038 5135 3242 5209 inducit
3277 5148 3289 5182 :
3339 5145 3464 5185 eum
3509 5140 3692 5209 autem

2125 5205 2402 5278 Simonem
2431 5205 2590 5278 cnjiis
2614 5210 2668 5261 in
2697 5208 2858 5278 domo
2877 5207 2990 5278 haec
3025 5205 3390 5276 contigerunt,
3429 5205 3696 5278 quiquea

2126 5277 2269 5332 Luca
2306 5275 2614 5332 Pharisieus
2651 5277 2851 5340 dicitur
2875 5315 2889 5339 ,
2936 5277 3214 5346 leprosum
3248 5277 3565 5342 nuncupet,
3619 5275 3694 5320 ita

2125 5358 2184 5419 ut
2205 5363 2236 5400 a
2268 5347 2521 5419 Matthaeo
2546 5357 2600 5402 et
2629 5363 2660 5402 a
2694 5346 2875 5401 Marco
2919 5346 3098 5419 dictus
3121 5353 3228 5410 est,
3262 5356 3430 5399 unum
3459 5349 3512 5419 et
3543 5352 3697 5416 eum-.-

2124 5418 2245 5471 dem
2272 5418 2548 5473 Simonem
2575 5433 2730 5482 esse,
2767 5427 2821 5471 et
2854 5425 2913 5470 ut
2941 5414 3139 5490 multis
3164 5414 3506 5490 argumentis
3550 5414 3694 5484 vinci

2125 5496 2322 5562 potest,
2344 5504 2519 5562 unam
2537 5479 2953 5562 consequenter,
2985 5479 3587 5562 οειιιιςιθῳῐιυε,δ¹³,ιῖῖ³¹η
3617 5479 3698 5562 ’Ϋ

2125 5549 2283 5611 detur
2307 5549 2635 5613 credidisse.
2665 5549 2898 5610 lloinilia
2920 5549 3067 5626 certe
3093 5549 3304 5626 decima
3337 5551 3389 5604 in
3425 5549 3702 5626 diversos,

2125 5643 2244 5696 quae
2271 5626 2487 5698 Origeni
2533 5629 2667 5698 falso
2711 5627 3026 5688 aseribitur,
3057 5623 3384 5698 h_'.ec_legas:
3416 5647 3433 5670 ι
3471 5618 3612 5672 Olim
3645 5624 3703 5668 to

2125 5693 2401 5768 diligebat,
2436 5699 2562 5752 olim
2587 5715 2615 5750 a
2637 5697 2911 5768 Pharisaro
2935 5704 2987 5768 te
3009 5693 3354 5768 defendebat,
3373 5701 3425 5745 et
3458 5707 3487 5742 a
3507 5699 3697 5768 sorore

2131 5761 2534 5840 tua'diligenter
2572 5766 2890 5829 excusabat,
2924 5766 3052 5821 olim
3086 5763 3341 5821 laudabat
3374 5773 3444 5830 te,
3475 5761 3697 5834 quando

3045 3336 3088 3368 ⁸⁸
3123 3334 3313 3390 Matth.
3358 3350 3466 3399 xvi,
3498 3336 3550 3388 4.
