4094 6290
304 358 412 416 985

1296 354 1654 415 COMMENT.
1690 357 1756 412 IN
1795 354 2212 414 MATTIUEUM
2248 354 2485 413 TOML'S
2524 353 2640 411 XII.

3460 356 3568 411 986

301 473 575 545 βρέχουσα
622 473 818 536 αὐτοὺς
871 473 982 534 τοῖς
1032 472 1130 540 τῆς
1178 472 1464 541 μετανοίας
1507 473 1757 546 δάκρυσι,
1793 474 1889 528 καὶ

1997 473 2124 529 Sion
2157 473 2240 539 ";
2291 473 2347 527 hi
2406 487 2536 556 vero
2566 470 3024 540 quemadmodum
3050 468 3240 528 Babab
3278 474 3563 532 meretrix.

298 564 597 634 ἀλείφουσα
624 567 690 635 τῇ
710 563 809 633 τῆς
830 563 994 630 ἁγίας
1026 560 1301 626 πολιτείας
1326 563 1435 616 τῶν
1452 563 1639 635 μύρων
1664 563 1882 635 εὐωδίᾳ,

297 655 369 710 δι’
397 655 466 729 ην
502 655 701 725 Σίμωνι
732 653 808 725 τῷ
837 652 1045 725 λεπρῷ,
1071 653 1150 724 τῷ
1182 654 1436 726 προτέρῳ
1460 654 1575 725 λαῷ
1609 655 1883 721 ὀνειδίζων

300 748 488 816 ἔλεγεν
519 748 619 800 ὅσα
646 746 980 817 γέγραπται.

1988 581 2110 636 qua:
2142 564 2308 621 Josue
2344 565 2712 634 speculatores
2730 574 3016 632 exceperat
3046 564 3114 628 ⁸³,
3148 580 3271 618 cum
3310 564 3566 619 universa

1989 656 2195 711 familia
2245 665 2456 711 servata
2503 656 2663 726 517
2707 665 2823 720 est;
2868 672 2978 711 non
3030 656 3259 725 amplius
3308 665 3566 726 praeterea

1989 759 2272 815 scortans,
2303 750 2396 805 sed
2431 749 2497 803 ad
2533 748 2693 818 pedes
2717 747 2845 804 Jesu
2877 749 3157 812 accidens,
3189 757 3244 804 et
3274 763 3368 802 eos
3394 747 3570 817 iacry-

301 838 411 893 mis
459 837 793 907 poenitentia:
841 838 1026 908 rigans
1046 880 1061 904 ,
1102 850 1154 895 et
1192 849 1395 895 sanctae
1428 840 1549 896 vitae
1580 850 1980 911 unguentorum
2016 841 2312 912 fragrantia
2347 843 2635 912 inungens,
2658 853 2880 913 propter
2902 858 3067 912 quam
3091 840 3301 896 Simoni
3330 840 3564 910 leproso.

302 929 475 1002 priori
520 943 713 997 nempe
749 929 949 997 popqu
975 945 1099 984 cum
1144 932 1563 1000 exprobratione
1609 949 1672 988 ea
1707 932 1842 987 dixit
1873 949 1997 1004 quae
2019 934 2219 1003 scripta
2249 942 2378 988 sunt
2398 933 2467 987 ⁸δ.

587 1022 728 1091 napi
754 1022 861 1091 τῆς
898 1022 1080 1093 ζύμης
1113 1023 1233 1079 τῶν
1255 1029 1610 1095 Φαρισαίων.

381 1137 400 1169 ι
445 1117 556 1171 Καὶ
585 1116 833 1181 ἐλθόντες
884 1117 935 1170 οί
988 1115 1230 1189 μαθηταὶ
1283 1118 1451 1172 αὑτοῦ
1491 1121 1572 1183 είς
1597 1120 1658 1173 τὸ
1697 1120 1885 1192 πέραν,

301 1208 632 1264 ἐπελάθοντο
657 1207 855 1279 ἄρτους
881 1208 1088 1262 λαϐεῖν.
1116 1228 1135 1260 ι
1176 1209 1330 1263 Ἐπεὶ
1362 1210 1436 1281 μὴ
1460 1212 1724 1282 χρήσιμοι
1752 1208 1894 1283 ἦσαν

300 1302 353 1353 oi
387 1298 563 1370 ἄρτοι,
611 1300 660 1351 οί
704 1298 813 1370 πρὸ
837 1297 932 1351 τοῦ
968 1298 1166 1369 πέραν,
1217 1301 1331 1363 τοῖς
1367 1298 1580 1353 ἐλθοῦσι
1628 1300 1893 1371 μαθηταῖς

300 1390 489 1459 εἰςιτδ
520 1390 730 1462 πέραν
766 1389 943 1444 ἄλλων
985 1390 1097 1462 γὰρ
1135 1388 1367 1463 ἔχρῃζον
1415 1391 1522 1462 πρὸ
1553 1391 1647 1445 τοῦ
1694 1391 1891 1463 πέραν,

302 1483 404 1535 καὶ
434 1482 607 1537 ἄλλων
629 1480 842 1535 ἐδέοντο
871 1482 953 1544 εἰς
985 1481 1049 1533 τὺ
1089 1480 1263 1552 πέραν
1282 1498 1297 1512 ο
1332 1481 1423 1536 διὰ
1451 1481 1645 1546 τοῦτο,
1690 1482 1897 1553 ἀμελή-

305 1589 503 1637 σαντες
528 1570 623 1626 τοῠ
647 1570 945 1639 ἐπάγεσθαι
974 1570 1226 1636 ἀπιόντες
1253 1572 1336 1636 είς
1362 1570 1424 1625 τὸ
1460 1572 1635 1643 πέραν
1669 1572 1887 1644 ἄρτους,

310 1683 331 1715 ι
371 1662 692 1717 ἐπελάθοντο
726 1680 746 1712 ›
770 1661 966 1724 αὐτοὺς
993 1660 1091 1715 σὺν
1120 1663 1334 1727 ἑαυτοῖς
1361 1680 1381 1714 ι
1420 1662 1627 1721 λαϐεῖν,
1663 1682 1681 1714 ι
1712 1664 1808 1728 Είς
1829 1664 1891 1717 τὸ

2364 1028 2442 1082 De
2474 1028 2728 1098 fermento
2760 1028 3177 1084 Pharisworum.

2063 1120 2114 1174 5.
2146 1137 2165 1171 ι
2194 1118 2408 1175 Etcum
2435 1119 2709 1175 venissent
2737 1119 2988 1189 discipuli
3019 1119 3140 1187 ejus
3166 1126 3317 1172 trans
3344 1115 3568 1185 fretum,

1992 1209 2149 1263 obliti
2174 1222 2301 1265 sunt
2326 1225 2496 1279 panes
2532 1209 2777 1278 accipere
2803 1210 2848 1241 ⁸⁸
2881 1248 2895 1263 .
2935 1229 2954 1261 ι
2986 1208 3250 1274 Quoniam
3289 1206 3572 1277 discipulis

1991 1300 2084 1369 qui
2129 1300 2538 1369 praeterieram.
2586 1299 2623 1353 ii
2673 1300 2787 1369 jam
2837 1316 2944 1353 non
3003 1300 3164 1355 utiles
3209 1306 3365 1353 erant
3402 1313 3573 1367 panes

1991 1404 2132 1458 quos
2180 1389 2450 1444 habebant
2494 1390 2811 1458 priusquam
2873 1390 3200 1455 transirent;
3248 1387 3374 1443 aliis
3424 1388 3571 1442 enim

1990 1495 2129 1549 epus
2170 1479 2280 1533 illis
2314 1488 2453 1541 erat,
2496 1489 2787 1548 antequam
2828 1481 3140 1544 transirent,
3183 1487 3237 1534 et
3265 1480 3387 1534 aliis
3418 1480 3570 1543 item,

1995 1578 2287 1640 postquam
2321 1569 2676 1635 transissent;
2717 1578 3001 1641 propterea
3043 1586 3167 1625 cum
3200 1571 3480 1625 tendentes
3504 1571 3571 1624 ad

1997 1663 2305 1716 ulteriorem
2351 1661 2562 1731 ripam,
2621 1677 2789 1731 panes
2832 1672 3113 1731 asportare
3162 1662 3572 1732 neglexissent,

304 1754 486 1825 πέραν
509 1753 567 1807 δὲ
602 1753 858 1822 γεγόνασι
898 1750 1139 1823 μαθηταὶ
1172 1752 1266 1807 τοῦ
1303 1753 1500 1825 Ἰησοῦ,
1542 1756 1591 1807 οί
1611 1754 1893 1817 διαϐάντες

2002 1771 2020 1801 ε
2050 1750 2201 1805 obliti
2245 1759 2374 1805 sunt
2407 1768 2428 1801 ι
2461 1766 2558 1805 eos
2584 1767 2768 1806 secum
2805 1771 2823 1803 ι
2871 1752 3136 1821 accipere.
3188 1772 3209 1804 ι
3252 1751 3429 1807 Trans
3459 1750 3574 1806 l're-

305 1842 420 1896 ἀπδ
438 1840 548 1896 τῶν
582 1841 913 1913 σωματικῶν
938 1842 1031 1895 ἐπὶ
1060 1842 1128 1897 τά
1150 1844 1517 1915 πνευματικὰ,
1547 1844 1641 1899 καὶ
1655 1845 1763 1899 ἀπὸ
1784 1843 1890 1897 τῶν

305 1933 583 2006 αίσθητῶν
613 1935 707 1989 ἐπὶ
729 1934 799 1989 τά
832 1936 1019 2007 νοητά..
1055 1936 1168 1990 Καὶ
1187 1938 1328 2008 τάχα
1360 1938 1448 1992 ἵνα
1481 1939 1892 2011 ἀποστρέφηται

303 2028 436 2092 τοὺς
463 2027 551 2082 διά
597 2027 694 2081 τοῦ
745 2028 1043 2097 ἐφθακέναι
1094 2031 1174 2093 εἰς
1225 2029 1287 2084 τὸ
1330 2032 1504 2102 πέραν
1557 2032 1895 2104 ἀρξαμένους

305 2112 580 2185 πνεύματι
601 2115 696 2168 τοῦ
736 2115 1120 2187 παλινδρομεῖν
1138 2118 1232 2169 ἐπὶ
1260 2117 1329 2171 τὰ
1358 2119 1610 2190 σάρκινα,
1639 2116 1761 2174 εἷπε
1781 2124 1894 2185 τοῖς

305 2204 392 2267 εἰς
415 2203 476 2257 τὸ
500 2204 673 2277 πέραν
705 2205 735 2258 ό
779 2205 1019 2275 ἰησοῧς⁹
1067 2224 1085 2256 ι
1134 2206 1349 2277 Ὁρᾶτε,
1377 2211 1472 2263 καὶ
1498 2212 1795 2282 προσέχετε
1818 2229 1832 2243 ·
1869 2231 1889 2263 ι

303 2290 376 2364 ἦν
403 2296 511 2367 γάρ
546 2314 599 2349 τι
650 2296 880 2370 φύραμα
919 2297 1269 2363 διδασκαλίας
1323 2302 1413 2353 καὶ
1456 2299 1635 2373 ζύμης
1679 2301 1896 2373 ἀληθῶς

309 2386 566 2452 παλαιᾶς,
601 2389 701 2460 τῆς
752 2388 892 2442 κατὰ
926 2390 986 2442 τὸ
1021 2390 1175 2459 ψιλὸν
1214 2390 1468 2463 γράμμα,
1499 2393 1592 2445 καὶ
1618 2392 1707 2447 διά
1739 2393 1896 2446 τοῦτο

306 2476 408 2530 οὐκ
451 2477 879 2550 ἀπηλλαγμένης
920 2478 1027 2532 τῶν
1056 2480 1165 2534 ἀπὸ
1204 2480 1426 2543 κακίας,
1458 2481 1596 2551 ὅπερ
1637 2484 1895 2555 παρεῖχον

306 2569 593 2636 Φαρισαῖοι
618 2569 713 2621 καὶ
745 2569 1130 2635 Σαδδουκαῖοι,
1165 2572 1259 2639 ἀφ’
1291 2567 1360 2642 ἦς
1383 2572 1445 2624 ού
1486 2571 1732 2641 βούλεται
1789 2574 1895 2643 Ἰη-

311 2660 439 2724 σοῦς
470 2660 672 2714 ἐσθίειν
709 2660 791 2714 ἔτι
822 2661 951 2725 τοὺς
1001 2662 1165 2726 ἰδίους
1202 2660 1451 2733 μαθητὰς
1472 2703 1487 2722 .
1522 2664 1753 2733 ποιήσας
1799 2665 1897 2718 αύ-

308 2756 425 2819 τοῖς
451 2751 528 2824 (4)
552 2752 671 2805 νέον
693 2754 787 2806 καὶ
814 2754 1180 2825 πνευματικὸν
1209 2754 1458 2826 φύραμα,
1484 2756 1673 2809 ἑαυτὸν
1720 2773 1896 2827 παρα-

315 2840 460 2913 σχὼν
498 2846 611 2908 τοῖς
658 2845 924 2898 ἀποστᾶσι
968 2844 1071 2914 τῆς
1122 2843 1303 2916 ζύμης
1340 2845 1450 2898 τῶν
1471 2845 1777 2915 Φαρισαίων
1803 2847 1896 2899 καὶ

313 2930 704 2998 Σαδδουκαίων,
732 2934 827 2987 καὶ
852 2933 1304 3005 προσεληλυθόσιν
1326 2935 1492 3006 αύτῷ,
1524 2935 1687 3007 ἄρτον
1718 2935 1896 3000 ζῶντα

313 3023 373 3090 ἐξ
400 3022 629 3095 ούρανοῦ
675 3025 1106 3095 καταϐεϐηκότα,
1146 3026 1242 3080 καὶ
1275 3026 1419 3098 ζωὴν
1450 3027 1660 3081 διδόντα
1693 3027 1772 3098 τῷ
1804 3028 1894 3080 κό-

314 3128 456 3184 σμῳ.
500 3113 651 3167 Ἐπεὶ
673 3113 729 3167 δὲ
754 3114 872 3178 ὁδός
904 3117 1017 3169 ἐστι
1051 3116 1128 3187 τῷ
1156 3118 1355 3188 μηκέτι
1374 3119 1695 3190 χρησομένῳ
1721 3118 1893 3192 ζύμῃ,
1923 3106 1969 3168 C

314 3202 408 3257 καὶ
433 3200 736 3273 φυράματι,
781 3204 876 3257 καὶ
914 3203 1236 3276 διδασκαλίᾳ
1273 3207 1583 3278 Φαρισαίων
1627 3209 1720 3262 καὶ
1757 3207 1890 3262 Σαδ-

312 3292 598 3356 δουκαίων,
650 3295 915 3365 πρότερον
947 3296 1046 3365 μὲν
1082 3296 1142 3349 τὸ
1175 3294 1393 3369 θεωρεῖν
1414 3339 1430 3364 ,
1463 3299 1714 3372 δεύτερον
1752 3300 1808 3355 δὲ
1832 3299 1896 3354 τὸ

317 3383 624 3456 προσέχειν,
677 3385 762 3438 ἵνα
799 3387 1008 3456 μήποτε
1069 3390 1134 3442 ἐκ
1183 3389 1277 3443 τοῦ
1330 3390 1407 3463 μὴ
1438 3391 1655 3462 βλέπειν
1706 3394 1800 3447 καὶ
1834 3393 1894 3458 ἐξ

316 3474 644 3546 ἀπροσεξίας
676 3477 954 3550 μεταλάϐῃ
983 3496 1069 3536 τις
1099 3481 1200 3552 τῆς
1230 3482 1685 3555 ἀπηγορευμένης
1716 3484 1894 3555 ζύμης

318 3565 537 3620 ἐκείνων
557 3583 570 3596 ·
601 3566 691 3620 διὰ
718 3566 876 3621 τοῦτο
908 3569 1123 3641 πρῶτον
1150 3571 1228 3624 τό·
1255 3590 1273 3623 ι
1314 3573 1528 3645 Ὁρᾶτε,
1557 3593 1575 3623 ι
1608 3573 1755 3643 λέγει
1781 3578 1894 3640 τοῖς

321 3657 608 3731 μαθηταῖς,
642 3659 735 3712 καὶ
758 3659 1010 3733 δεύτερον
1041 3664 1131 3715 τό·
1171 3680 1189 3713 ι
1224 3663 1545 3734 Προσέχετε.
1592 3684 1610 3715 ι
1652 3669 1898 3736 Διορατι-

320 3750 431 3805 κῶν
455 3747 548 3805 οὖν
593 3753 709 3806 ἐστι
754 3753 849 3807 καὶ
893 3753 1268 3825 προσεκτικῶν
1298 3756 1680 3826 χωρίζειντὴν
1720 3757 1898 3828 ζύμην

318 3842 427 3897 τῶν
459 3844 829 3899 Σαδδουκαίων
878 3846 973 3899 καὶ
1018 3846 1326 3917 Φαρισαίων
1350 3886 1367 3911 ,
1427 3848 1521 3901 καὶ
1569 3850 1751 3902 πᾶσαν
1798 3851 1899 3903 οὐκ

326 3954 346 3986 ι
382 3934 603 4007 ἀζύμων
623 3937 970 4006 είλικρινείας
999 3937 1095 3990 καὶ
1119 3938 1377 4009 ἀληθείας
1397 3958 1416 3989 ι
1444 3940 1650 4012 τροφὴν
1678 3943 1896 3997 ἀπὸτοῦ

318 4025 522 4093 ζῶντος
553 4027 742 4101 ἄρτου,
770 4028 861 4083 καὶ
893 4027 955 4093 ἐξ
972 4028 1203 4101 ούρανοῦ
1232 4031 1689 4102 καταϐεϐηκότος,
1714 4033 1800 4086 ἵνα
1832 4033 1901 4087 τὰ

324 4119 426 4191 μὲν
452 4122 561 4176 τῶν
582 4123 890 4194 Φαρισαίων
923 4123 1019 4177 καὶ
1062 4123 1434 4178 Σαδδουκαίων
1477 4124 1551 4195 μὴ
1586 4125 1897 4197 προσίηται,

319 4210 491 4267 me;
522 4212 700 4278 ζῶντα
731 4214 826 4268 καὶ
868 4212 1120 4283 ἀληθινὸν
1150 4214 1314 4285 ἄρτον
1353 4213 1548 4268 ἐσθίων
1586 4232 1671 4278 τις
1713 4215 1897 4287 ῥωσθῇ

1996 1851 2109 1896 ιιιηι
2145 1851 2324 1896 autem
2366 1840 2585 1896 iverunt
2626 1843 2883 1912 discipuli
2913 1843 3064 1909 Jesu,
3115 1845 3266 1913 quia
3293 1843 3577 1913 corporeis

1993 1930 2059 1985 ad
2108 1930 2408 1999 spiritualia
2452 1932 2847 1999 transiverunt;
2893 1941 2947 1988 et
2982 1951 3012 1987 a
3046 1934 3361 1999 sensilibus,
3408 1935 3473 1989 ad
3508 1948 3574 1989 ea

1993 2037 2114 2092 qua:
2145 2022 2418 2077 intellectu
2449 2023 3006 2092 comprehenduntur.
3037 2023 3113 2079 Ac
3137 2023 3362 2079 forsitan
3392 2034 3451 2079 ut
3478 2040 3577 2080 eos

1994 2123 2281 2181 averteret,
2326 2116 2420 2185 qui
2460 2116 2647 2171 animo
2668 2116 2780 2185 jam
2812 2116 2879 2171 ad
2914 2118 3156 2171 carnalia
3184 2132 3462 2172 recurrere
3491 2118 3576 2171 iu-

1995 2206 2298 2274 cipiebant,
2329 2216 2615 2276 postquam
2665 2207 2862 2261 fretum
2904 2207 3278 2275 Irajecissent,
3329 2207 3468 2261 dixit
3507 2208 3578 2264 iis

1993 2297 2156 2354 Jesus
2185 2298 2277 2368 qui
2311 2299 2675 2354 transiverant
2710 2299 2757 2330 "
2796 2317 2810 2353 :
2852 2317 2871 2349 ι
2907 2297 3196 2353 Intuemini
3221 2308 3274 2354 et
3299 2307 3505 2354 cavete.
3551 2316 3571 2348 ι

1997 2389 2126 2444 Erat
2146 2390 2290 2444 enim
2320 2405 2498 2444 massa
2522 2390 2769 2459 qumdam
2801 2391 3064 2445 doctrina:
3087 2400 3138 2445 et
3170 2389 3422 2444 fermenti
3450 2401 3577 2444 vere

1995 2482 2214 2548 veteris,
2248 2481 2393 2552 quod
2414 2489 2533 2537 erat
2562 2482 2858 2536 secundum
2900 2481 3101 2535 nudam
3148 2482 3400 2547 litteram,
3450 2495 3577 2548 pro-

1996 2584 2286 2644 ptereaque
2331 2573 2399 2628 ab
2427 2573 2494 2632 iis
2533 2588 2655 2643 qua:
2691 2574 2759 2628 ad
2804 2574 3098 2643 nequitiam
3128 2573 3396 2643 pertinent
3423 2572 3575 2626 solu-

1998 2677 2111 2722 tum
2143 2682 2249 2721 non
2277 2674 2415 2731 erat,
2455 2681 2619 2735 quant
2657 2681 2892 2720 massam
2931 2665 3190 2720 Pharisaei
3231 2663 3573 2734 praebebant,

1997 2776 2060 2815 ac
2090 2759 2405 2825 Sadducmi;
2444 2759 2510 2814 de
2554 2774 2660 2829 qua
2695 2759 2930 2829 amplius
2960 2774 3066 2813 non
3095 2758 3212 2812 vult
3245 2756 3407 2811 Jesus
3446 2770 3580 2812 suos

1994 2851 2294 2921 discipulos
2338 2853 2660 2916 comedere,
2712 2860 2895 2921 utpote
2943 2852 3037 2922 qui
3080 2852 3161 2907 eis
3206 2859 3479 2906 recentem
3525 2857 3582 2904 et

1996 2944 2340 3012 Spiritualem
2390 2959 2625 2999 massam
2671 2943 3016 3010 confecisset,
3063 2959 3123 3000 se
3169 2944 3286 3013 ipse
3328 2943 3581 3012 praebens

1999 3034 2067 3089 iis
2093 3035 2185 3104 qui
2219 3051 2252 3089 a
2285 3034 2554 3090 fermento
2603 3034 3003 3091 Pharisaeorum
3054 3045 3110 3090 et
3155 3034 3587 3090 Sadducarorum

1998 3133 2358 3191 recesserant,
2387 3133 2443 3182 et
2474 3125 2542 3181 ad
2572 3142 2632 3182 se
2655 3135 3021 3192 accesserant,
3059 3141 3252 3196 panem
3275 3126 3457 3181 vivum
3482 3124 3579 3195 qui

1996 3216 2066 3272 de
2110 3217 2253 3273 coelo
2280 3217 2601 3286 descendit,
2649 3227 2703 3273 et
2754 3218 2849 3287 qui
2892 3219 3060 3272 vitam
3113 3217 3206 3272 dat
3258 3216 3465 3271 mundo
3506 3214 3577 3269 "'.

1997 3306 2447 3379 Quandoquidem
2477 3321 2657 3365 autem
2686 3309 2733 3363 ei
2760 3307 2854 3378 qui
2882 3322 2991 3363 non
3023 3307 3258 3377 amplius
3287 3304 3577 3371 fermento,

1997 3408 2053 3453 et
2094 3415 2298 3466 massa,
2328 3415 2392 3455 ac
2435 3399 2681 3456 doctrina
2723 3397 3126 3453 Pharisaeorum
3160 3406 3214 3451 et
3257 3395 3579 3451 Sadduczeoo

1998 3506 2122 3544 rum
2151 3506 2356 3547 usurus
2401 3488 2506 3557 sit,
2553 3491 2669 3545 haec
2712 3499 2797 3545 est
2844 3490 2964 3555 via,
3002 3490 3235 3559 primum
3271 3488 3490 3556 quidem
3522 3492 3580 3539 ut

1999 3583 2198 3648 videat,
2227 3582 2467 3638 secundo
2496 3591 2676 3637 autem
2707 3591 2766 3635 ut
2791 3590 3010 3646 caveat,
3045 3596 3111 3634 ne
3138 3579 3261 3647 quis
3287 3577 3581 3647 aliquando

1999 3688 2065 3728 ex
2099 3689 2165 3727 eo
2192 3673 2335 3743 quod
2378 3688 2487 3727 non
2528 3672 2803 3727 intueatur
2838 3681 2893 3726 et
2937 3687 3043 3726 non
3086 3679 3291 3733 caveat,
3319 3667 3577 3738 prohibiti

2001 3765 2216 3819 illorum
2249 3763 2493 3818 fermenti
2527 3763 2795 3832 particeps
2825 3762 2948 3828 liat;
2992 3769 3273 3831 propterea
3298 3757 3582 3827 discipulis

2003 3854 2237 3923 primum
2269 3852 2439 3908 dicit:
2475 3872 2494 3903 ι
2534 3851 2858 3918 Intuemini;
2898 3870 2919 3903 ι
2949 3849 3143 3906 deinde
3183 3867 3199 3903 :
3240 3867 3260 3899 ι
3297 3846 3514 3904 Cavete.
3551 3863 3577 3899 ι

2004 3944 2169 4015 518
2186 3944 2587 4015 Perspicacium
2624 3943 2790 4013 igitur
2815 3952 2898 3997 est
2935 3950 2989 3997 ct
3021 3946 3351 3995 attentorum
3374 3979 3388 4002 ,
3422 3951 3581 4005 sepa-

2004 4051 2129 4090 rare
2154 4035 2477 4089 fermentum
2504 4033 2926 4088 Sadducazorum
2950 4040 2998 4086 et
3024 4028 3444 4093 Pharisaeorum,
3462 4041 3582 4080 om-

2008 4142 2241 4196 nemque
2261 4128 2442 4182 cilium
2476 4126 2568 4195 qui
2594 4141 2701 4180 non
2734 4133 2912 4179 estex
2950 4142 2969 4174 ι
3008 4120 3215 4192 azymis
3252 4117 3582 4175 sinceritatis

2005 4227 2061 4272 et
2088 4217 2331 4272 veritatis
2369 4217 2444 4284 ⁸⁸,
2489 4237 2507 4270 ι
2555 4233 2588 4273 a
2618 4231 2757 4288 pane
2784 4216 2942 4283 vivo,
2985 4225 3040 4270 et
3086 4212 3179 4284 qui
3212 4212 3280 4267 de
3318 4210 3458 4266 ccelo
3486 4210 3581 4265 de-

394 4355 441 4389 "
482 4355 657 4428 lsa._t2
690 4356 777 4412 2i.
859 4356 904 4428 ’ξ
940 4354 1056 4411 Jos.
1093 4372 1168 4421 vr,
1210 4355 1300 4410 25.
1376 4356 1424 4389 “
1452 4354 1589 4410 Luc.
1621 4370 1713 4420 vn,
1739 4355 1806 4409 57
1837 4366 1890 4411 et

1997 4372 2032 4427 [.
2109 4358 2156 4391 ⁸⁸
2179 4357 2370 4415 Matth.
2397 4375 2509 4425 xvr,
2539 4359 2594 4414 5.
2668 4358 2716 4391 ”
2742 4355 2874 4413 ibid.
2900 4354 2952 4410 6.
3030 4354 3077 4388 δ’
3110 4351 3271 4410 Joan.
3300 4371 3377 4420 vt,
3408 4354 3498 4419 5!,
3526 4365 3581 4409 et

322 4439 438 4497 seq.
513 4427 559 4460 ⁸⁸
587 4426 759 4485 lCor.
781 4442 835 4495 v,
869 4426 924 4481 8.

324 4583 604 4643 unguento
645 4571 1006 4643 pedesipsius
1040 4570 1304 4643 ungebas,
1335 4570 1592 4643 lacrymis
1617 4570 1889 4643 rigabas,
1928 4575 1970 4631 D
2001 4571 2207 4629 cientes
2228 4571 2284 4626 in
2322 4587 2433 4643 uno
2455 4571 2695 4640 capitulo
2725 4588 2739 4624 :
2770 4572 2997 4627 alteram
3038 4578 3220 4643 autem
3258 4568 3464 4643 fuisse.
3512 4569 3582 4643 de

323 4651 380 4697 et
410 4640 625 4711 capillis
648 4640 938 4711 'tergebas,
967 4640 1210 4711 dolorem
1243 4650 1396 4695 tuum
1430 4640 1725 4705 mulcebat,
1767 4656 1895 4711 pec-

323 4722 447 4767 cata
476 4708 801 4764 dimittebat.
830 4708 969 4763 Olim
1002 4710 1280 4778 quaerebat
1302 4718 1353 4765 te
1373 4726 1498 4764 cum
1519 4726 1627 4765 non
1653 4708 1894 4775 adesses,

321 4779 557 4849 vqcabat
584 4786 635 4833 te
665 4794 790 4850 _cum
813 4780 1369 4850 abesses,_maudabat
1398 4780 1492 4835 tibi
1528 4796 1623 4850 per
1649 4796 1895 4836 sororem

324 4846 499 4917 tuam,
534 4857 592 4903 ut
613 4846 682 4903 ad
709 4863 768 4919 se
794 4848 1035 4919 venires,
1057 4847 1311 4919 Magister
1328 4851 1503 4915 adest,
1528 4846 1585 4904 et
1598 4858 1755 4905 vocat
1785 4860 1854 4906 te.
1872 4870 1892 4903 ι

324 4921 395 4989 At
431 4919 656 4975 homilia
688 4917 896 4988 prima,
922 4930 975 4971 et
997 4918 1048 4989 _2
1082 4917 1381 4974 in‘Cautic.
1410 4920 1547 4976 duas
1584 4921 1699 4989 ipse
1728 4935 1898 4988 agno-

326 4988 448 5059 scit,
479 4989 643 5044 aliam
662 4987 929 5059 sanctam,
960 4987 1125 5059 aliam
1149 4989 1519 5059 scortatricem
1542 5029 1556 5041 .
1579 4987 1895 5059 (Loquitur

327 5056 1107 5131 Evangelium,iinquit,¢quia
1134 5057 1505 5131 venitmulier
1532 5056 1738 5131 habens
1770 5059 1889 5131 ala-

326 5126 567 5185 bastrum
603 5127 865 5198 unguenti
915 5127 1070 5198 nardi
1118 5126 1297 5195 pistici
1334 5128 1602 5198 pretiosi,
1646 5142 1753 5183 non
1803 5128 1893 5183 illa

328 5201 622 5266 peccatrix,
647 5197 740 5254 sed
760 5206 973 5261 sancta,
1006 5197 1074 5251 de
1100 5213 1206 5265 qua
1244 5213 1389 5252 nunc
1410 5197 1541 5250 mihi
1576 5214 1756 5253 sermo
1789 5208 1891 5254 est.

330 5268 455 5340 Scio
480 5270 680 5340 quippe
711 5267 912 5340 Lucam
942 5266 1008 5321 de
1034 5266 1355 5340 peccatrice,
1402 5266 1715 5340 Illattlueum
1741 5283 1892 5340 vero,

327 5336 677 5406 etJoannem,
702 5345 757 5393 et
785 5336 1026 5393 Marcum
1058 5352 1164 5390 non
1209 5336 1277 5390 de
1326 5337 1624 5406 peccatrice
1664 5337 1889 5391 dixisse.

330 5405 489 5463 Venit
517 5424 648 5479 ergo
676 5423 787 5479 no_n
813 5407 1083 5479 peccatrix
1115 5406 1227 5479 illa,
1259 5405 1360 5479 sed
1381 5416 1590 5479 sancta,
1620 5407 1777 5479 cujus
1794 5422 1892 5460 no-

330 5492 452 5531 men
482 5475 700 5549 quoque
728 5475 964 5549 Joannes
991 5476 1240 5532 inseruit.
1291 5497 1308 5549 ι
1342 5478 1402 5530 lu
1429 5475 1667 5531 Matthaei
1709 5483 1887 5549 autem

329 5562 449 5616 cap.
502 5547 633 5601 ’τινι
692 5547 852 5601 aliam
909 5562 1126 5602 rursum
1183 5548 1464 5616 proﬁtetur
1516 5547 1884 5601 sententiam:

336 5563 392 5600 ra
435 5587 449 5600 .
508 5562 633 5601 τινι
692 5562 852 5601 altam
909 5562 1126 5602 rursum
1183 5562 1464 5616 premetur
1516 5562 1884 5601 sententiam:

336 5562 481 5675 «Ego
500 5617 1156 5689 autem,iinqttit,unagis
1177 5620 1464 5689 consentio
1490 5627 1597 5689 tres
1621 5616 1808 5689 fuisse,
1834 5627 1890 5670 et

335 5701 497 5757 unam
524 5686 741 5757 quidem
777 5685 842 5740 de
870 5703 975 5753 qua
1019 5685 1463 5757 conscripserunt
1502 5685 1787 5741 Matthzeus
1826 5695 1891 5757 _et

333 5754 582 5828 Marcus,
600 5755 806 5825 atillam
850 5757 1205 5813 ditlerentiam
1241 5754 1618 5827 expositionis
1661 5771 1774 5811 suae
1817 5755 1893 5810 ta-

1997 4657 2108 4767 ?ua
2141 4642 2361 4712 scripsit
2401 4635 2617 4707 Lucas;
2672 4643 2835 4696 aliam
2872 4651 3052 4698 autem
3083 4641 3170 4723 .de
3199 4654 3307 4719 qua
3360 4635 3583 4718 scripsit

2030 4728 2254 4767 oannes.
2289 4730 2307 4760 ι
2331 4711 2469 4767 Lege
2491 4719 2662 4766 totum
2685 4720 2870 4767 caput.
2898 4712 3042 4765 unde
3082 4708 3353 4767 intelligas
3385 4722 3483 4761 cur
3506 4715 3581 4763 ita

2030 4708 2268 4767 oannesi
2289 4711 2469 4782 yiLege
2491 4719 2662 4766 totum
2685 4720 2870 4781 caput,
2898 4712 3054 4782 und_e_
3082 4708 3353 4776 intelligas
3385 4722 3483 4782 cur
3506 4708 3581 4763 ita

2000 4783 2252 4837 senserit.
2290 4777 2474 4835 Victor
2503 4777 2880 4837 Antiochenus
2906 4782 2962 4834 in
2996 4778 3168 4833 Marc.
3200 4794 3290 4833 11v
3311 4793 3377 4832 ex
3410 4777 3582 4831 iuter-
3690 4800 3695 4803 -

1998 4853 2305 4921 pretatione
2334 4850 2545 4921 Theod.
2579 4851 2788 4906 Peltaui
2810 4866 2857 4921 7:;
2893 4869 2911 4901 ι
2950 4847 3213 4920 Origenes
3247 4862 3379 4921 vero
3413 4847 3578 4921 aliain

2001 4916 2147 4976 illam
2176 4937 2298 4976 esse
2327 4920 2606 4991 dicit_qua:
2632 4922 2775 4991 apud
2808 4916 3119 4974 Matthmum
3147 4929 3201 4972 et
3247 4916 3488 4991 Marcum
3523 4916 3578 4970 iu

2000 4991 2164 5045 domo
2191 4991 2430 5045 Simonis
2452 4984 2684 5060 Léprosi
2703 4998 3037 5061 unguentum
3066 5005 3229 5061 super
3250 4995 3414 5061 caput
3445 4984 3578 5040 Jesu

2001 5061 2222 5126 effudit;
2256 5060 2418 5115 aliam
2452 5057 2644 5115 rursus
2674 5057 2806 5129 eamf
2831 5076 2953 5129 quae
2971 5074 3096 5115 cum
3136 5059 3190 5112 in
3220 5057 3438 5112 civitate
3463 5070 3583 5129 pec-

2002 5131 2171 5202 catrix
2207 5125 2393 5202 esset,
2427 5130 2739 5202 in‘dotuum
2783 5125 3043 5185 Pharisaei
3084 5129 3354 5202 ingressa,
3411 5125 3578 5202 pedes

2002 5201 2152 5271 illius
2173 5191 2428 5271 lacrymis
2458 5200 2651 5263 abluit,
2679 5209 2733 5255 et
2764 5212 3043 5271 unguento
3076 5191 3313 5271 perfudit
3325 5212 3349 5271 ξ
3371 5214 3391 5271 ξ
3414 5191 3581 5271 addit

2002 5269 2239 5350 Victoris
2277 5262 2595 5350 eodexntns.
2638 5262 2725 5338 gr.
2752 5262 3012 5350 _Origenjs
3039 5262 3276 5350 nomine
3298 5262 3460 5350 ‘fa‘lso
3484 5262 3571 5350 in;

1998 5341 2233 5413 scriptus
2260 5358 2274 5394 :
2305 5342 2398 5393 καὶ
2425 5339 2591 5413 ἀλλην
2626 5328 2777 5410 παρὰ
2809 5328 2899 5413 τιῖῖ
2938 5340 3159 5409 Ἰωάννῃ
3190 5332 3437 5413 ,ἀδελφὴν
3480 5328 3577 5383 τοῦ

1997 5405 2279 5481 Λαζάρου]
2321 5427 2340 5460 ι
2402 5419 2456 5465 et
2483 5405 2646 5464 aliam
2680 5405 2822 5479 apud
2860 5405 3157 5464 'Joannem"
3189 5405 3378 5459 Lazari
3413 5414 3571 5455 soro-

1996 5495 2132 5534 rem.
2155 5478 2193 5530 'i
2230 5478 2493 5535 Hverius.

2069 5550 2144 5619 (4)
2175 5548 2444 5616 Ποιήσας
2484 5549 2705 5616 αὐτοῖς.
2746 5549 3005 5603 Erasmus
3031 5570 3055 5619 ._
3107 5563 3125 5596 ι
3163 5542 3314 5609 Quos
3371 5541 3579 5619 fecerat

1999 5613 2193 5742 novagn
2242 5627 2298 5740 ft
2378 5613 2712 5691 spiritualein
2780 5617 3227 5688 conspersionem
3288 5631 3311 5667 ι
3370 5613 3582 5684 legerat

1999 5707 2142 5742 αυτόν
2168 5706 2213 5742 ς.
2269 5705 2321 5742 D.

1997 5691 2213 5752 αὐτούς.
2246 5691 2321 5743 In.
