4094 6290
521 361 621 414 987

2005 354 2328 412 ORIGENIS

3678 357 3808 410 938

514 475 747 540 scendit,
799 486 857 530 ut
899 489 961 529 ea
1009 489 1129 543 qua:
1158 473 1559 527 Pharisaeorum
1588 480 1642 526 et
1677 472 2092 529 Sadduczeorum

2206 474 2304 545 τὴν
2319 473 2516 544 ψυχήν.
2537 475 2645 527 Καὶ
2673 474 2733 527 τὸ
2764 475 2924 545 ῥητὸν
2945 474 3001 527 δέ
3018 475 3285 546 εὐκαίρως
3301 473 3366 530 ἂν
3385 475 3811 546 προσφέροιμεν

514 578 644 623 sunt
679 584 785 621 non
851 567 972 636 quis
1041 565 1322 628 admittat,
1377 564 1471 618 sed
1519 568 1858 621 comedendo
1918 567 2100 620 vivum

514 669 570 712 et
599 673 783 712 verum
821 672 1011 725 panem
1052 657 1238 710 animo
1275 659 1648 714 conﬁrmetur.
1696 659 1749 714 ld
1792 675 1924 714 vero
1953 661 2102 730 quod

511 749 716 802 dictum
740 757 843 810 est,
873 757 1177 816 opportune
1222 749 1291 803 iis
1325 750 1680 819 applicemus,
1713 753 1806 821 qui
1829 751 2100 806 Christia-

515 855 706 892 norum
737 854 886 892 more
913 840 1177 903 viventes,
1207 842 1562 910 corporaliter
1593 854 1850 912 praeterea
1883 842 2101 898 Iudaeo-

509 945 628 982 rum
676 944 829 983 more
872 930 1051 984 vivere
1085 932 1322 988 volunt:
1363 933 1415 986 Ιιί
1462 935 1608 988 enim
1666 951 1775 988 non
1821 935 2101 990 intuentur

509 1033 685 1088 neque
735 1031 927 1074 cavent
969 1037 1000 1074 a
1052 1021 1320 1077 fermento
1355 1022 1754 1079 Pharisaeorum
1799 1036 1854 1079 et
1891 1026 2100 1080 Saddu-

508 1125 788 1177 meorum;
857 1113 950 1166 sed
1010 1122 1205 1182 praeter
1246 1115 1580 1168 voluntatem
1641 1113 1770 1170 Jesu
1827 1117 1920 1184 qui
1965 1116 2094 1169 illud

477 1242 480 1245 .
510 1202 808 1270 prohibuit,
859 1202 1259 1258 Pharisaeorum
1291 1220 1482 1274 panem
1515 1205 1829 1260 comedunt.
1880 1206 1944 1260 Et
1981 1208 2099 1278 qui-

505 1309 756 1362 cunque,
801 1295 1029 1363 opinor,
1079 1296 1323 1349 animum
1379 1295 1637 1350 inducere
1687 1297 1878 1350 nolunt
1924 1297 2094 1366 legem

505 1401 628 1440 esse
667 1387 1042 1454 spiritnatem,
1079 1396 1134 1441 et
1183 1387 1492 1442 futurorum
1541 1388 1809 1442 bonorum
1845 1389 2094 1444 umbram

506 1477 806 1542 continere,
848 1487 902 1530 et
928 1478 1176 1530 umbram
1202 1492 1326 1531 esse
1352 1476 1660 1532 futurorum
1697 1479 1764 1543 θ’,
1810 1493 1908 1532 nec
1944 1494 2096 1548 quae-

508 1575 640 1619 runt
684 1567 976 1634 cujusnam
1027 1566 1196 1620 futuri
1244 1567 1370 1621 boni
1428 1568 1616 1620 umbra
1657 1568 1726 1621 sit
1759 1583 2096 1638 unaquaeque

507 1659 623 1722 lex,
656 1675 764 1712 non
804 1660 1118 1722 intuentur,
1167 1676 1346 1730 neque
1372 1672 1564 1716 cavent
1593 1677 1622 1714 a
1656 1661 1922 1715 fermento
1951 1661 2096 1716 Plia-

506 1751 826 1815 riszeorum;
862 1752 952 1820 qui
976 1761 1155 1804 autem
1185 1762 1239 1805 et
1266 1762 1605 1807 mortuorum
1636 1754 2092 1808 resurrectionem

2204 569 2316 628 τοῖς
2349 565 2487 636 μετά
2520 566 2614 618 τοῦ
2653 567 3053 637 Χριστιανίζειν
3082 569 3424 638 αἱρουμένοις
3453 568 3813 635 ’τὺ-σωματι-

2205 662 2318 724 κῶς
2360 661 2668 724 Ἰουδαΐζειν
2689 680 2702 692 ·
2733 655 2885 715 οὗτοι
2915 663 3023 733 γὰρ
3045 665 3142 733 ούχ
3165 664 3384 734 ὁρῶσιν,
3420 663 3542 716 ούδέ
3595 661 3813 731 προσέε-

2201 768 2386 820 χουσιν
2431 751 2536 805 ἀπὸ
2579 753 2678 823 τῆς
2716 752 2892 822 ζύμης
2935 753 3043 805 τῶν
3081 754 3390 823 Φαρισαίων
3429 753 3523 805 καὶ
3565 752 3812 805 Σαδδου-

2201 835 2391 900 καίων,
2433 838 2568 891 ἀλλά
2597 839 2746 908 παρά
2784 839 2843 891 τὸ
2887 839 3133 910 βούλημα
3179 840 3272 892 τοῦ
3313 842 3811 910 ἀπαγορεύσαντος

2201 926 2368 996 αὐτὴν
2401 929 2575 998 Ἰησοῦ
2599 929 2688 981 τὸν
2717 931 3022 998 Φαρισαίων
3048 930 3211 1000 ἄρτον
3237 931 3498 983 ἐσθίουσι.
3519 933 3633 983 Καὶ
3662 931 3812 985 πάν-

2197 1037 2290 1082 τες
2321 1021 2388 1084 δ’,
2428 1018 2599 1090 οἶμαι,
2626 1023 2740 1074 ὅσοι
2769 1023 2830 1074 ού
2861 1021 3142 1092 βούλονται
3175 1026 3424 1093 φρονεῖν,
3459 1024 3540 1076 ὅτι
3574 1026 3602 1076 ὁ
3631 1025 3813 1092 νόμος

2199 1111 2568 1180 πνευματικός
2612 1113 2780 1174 ἐστιν,
2828 1112 2923 1164 καὶ
2971 1111 3128 1164 σκιὰν
3159 1110 3270 1180 ἔχει
3316 1112 3423 1165 τῶν
3484 1113 3810 1181 μελλόντων

2198 1200 2438 1268 ἀγαθῶν,
2476 1202 2568 1254 καὶ
2603 1202 2731 1255 σκιά
2762 1203 2876 1254 ἐστι
2905 1202 3014 1255 τῶν
3045 1201 3366 1272 μελλόντων,
3399 1203 3521 1255 οὐδὲ
3569 1203 3808 1273 ζητοῦσι

2198 1291 2341 1354 τίνος
2373 1291 2657 1362 μέλλοντος
2681 1291 2886 1362 ἀγαθοῦ
2905 1296 3018 1345 ἐστι
3044 1294 3170 1347 σκιὰ
3195 1294 3424 1356 ἕκαστος
3447 1294 3558 1346 τῶν
3587 1295 3805 1364 νόμων,

2197 1382 2294 1451 οὐχ
2323 1381 2556 1453 ὁρῶσιν,
2598 1384 2720 1437 οὑδέ
2760 1385 3122 1455 προσέχουσιν
3173 1385 3283 1438 ἀπὸ
3315 1385 3413 1456 τῆς
3462 1384 3644 1457 ζύμης
3685 1386 3806 1441 τῶν

2195 1473 2502 1544 Φαρισαίων
2517 1490 2530 1502 ⁸
2555 1474 2605 1526 οἰ
2637 1474 2694 1526 δέ
2727 1476 2820 1528 καὶ
2843 1475 2938 1547 τὴν
2956 1476 3063 1528 τῶν
3086 1475 3295 1546 νεκρῶν
3321 1475 3643 1539 ἀθετοῦντες
3664 1479 3807 1531 ἀνά-

2199 1581 2390 1618 στασιν
2424 1565 2483 1617 ού
2524 1566 2879 1633 φυλάττονται
2913 1565 3020 1619 ἀπὸ
3049 1566 3146 1636 τῆς
3187 1567 3367 1638 ζύμης
3400 1568 3510 1621 τῶν
3555 1570 3806 1622 Σαδδου-

2199 1656 2370 1710 καίων
2393 1675 2396 1678 ·
2435 1656 2530 1709 καὶ
2560 1656 2742 1709 πολλοί
2771 1674 2835 1724 γε
2861 1659 2918 1710 ὲν
2941 1660 3052 1721 τοῖς
3078 1656 3402 1727 ἐτεροδόξοις
3421 1659 3515 1712 διὰ
3533 1661 3636 1728 τὴν
3667 1663 3808 1731 περὶ

2197 1749 2544 1813 ἀναστάσεως
2569 1749 2779 1820 νεκρῶν
2803 1750 3062 1803 ἀπιστίαν
3083 1751 3219 1806 εἰσὶν
3243 1753 3290 1804 οἱ
3322 1752 3695 1822 ἐμφυρόμενοι
3730 1755 3803 1823 τῇ

506 1842 819 1910 improbant
844 1885 859 1905 ,
909 1861 1013 1898 non
1044 1855 1236 1897 cavent
1269 1861 1298 1897 a
1333 1844 1596 1898 fermento
1630 1843 2091 1911 Sadducarorum;

2198 1841 2306 1895 τῶν
2355 1841 2725 1893 Σαδδουκαίων
2799 1841 2967 1914 ζύμῃ.
3033 1841 3218 1895 Ταῦτα
3260 1843 3324 1914 δὴ
3389 1842 3644 1910 λέγοντος
3698 1843 3806 1897 τοῦ

505 1943 561 1987 et
591 1935 744 1988 multi
784 1936 1001 2003 quidem
1052 1933 1193 1990 inter
1226 1951 1320 1990 eos
1362 1936 1456 2005 qui
1497 1935 1728 1990 diversis
1762 1937 1830 1990 ab
1855 1936 2092 1992 Ecclesia

411 2015 416 2019 ’
507 2027 863 2095 opinionibus
922 2027 1239 2093 adhaerent,
1301 2037 1522 2096 propter
1563 2041 1719 2081 suam
1755 2029 1899 2082 circa
1947 2044 2095 2082 mor-

507 2127 732 2171 tuorum
765 2119 1221 2173 resurrectionem
1268 2119 1726 2186 incredulitatem,
1765 2121 1799 2174 ii
1845 2129 1972 2175 sunt
1999 2121 2092 2190 qui

505 2207 775 2264 fermento
839 2208 1263 2265 Sadducaeorum
1327 2222 1456 2266 sunt
1525 2213 1739 2267 imbuti.
1793 2213 1930 2266 Dum
1977 2213 2095 2268 haec

501 2302 710 2356 diceret
748 2302 938 2366 Jesns,
993 2304 1304 2374 cogitabant
1341 2304 1627 2374 discipuli,
1660 2319 1765 2359 non
1795 2305 1938 2359 clara
1969 2304 2094 2373 qui-

502 2397 624 2448 dem
668 2411 839 2460 voee,
891 2397 983 2450 sed
1029 2397 1080 2450 in
1130 2397 1295 2451 corde
1335 2413 1436 2452 suo
1491 2399 1732 2453 dicentes
1755 2400 1801 2431 9°
1840 2416 1854 2453 :
1898 2418 1916 2450 ‹
1953 2397 2092 2464 Quia

503 2499 673 2553 panes
722 2501 830 2540 non
867 2488 1196 2556 accepimus.
1249 2507 1268 2540 ι
1299 2491 1376 2543 Ac
1412 2490 1536 2543 talia
1580 2488 1748 2544 ferme
1783 2500 1940 2544 erant
1971 2505 2094 2559 qua:

502 2576 789 2642 dicebant;
823 2578 867 2632 si
897 2579 1118 2647 quidem
1155 2580 1481 2636 haberemus
1509 2597 1693 2650 panes,
1725 2581 1792 2636 de
1827 2581 2094 2636 fermento

501 2665 904 2727 Pharisaeorum
928 2681 981 2724 et
1013 2669 1440 2725 Sadducaaorum
1475 2688 1582 2726 non
1615 2687 1966 2740 caperemus;
1999 2671 2092 2725 sed

502 2756 758 2822 quoniam
808 2775 919 2827 prae
959 2776 1158 2829 panum
1209 2761 1387 2830 inepia
1447 2760 1746 2832 periculum
1790 2768 1874 2815 est
1913 2776 1980 2814 ne
2026 2761 2094 2814 de

504 2846 770 2903 fermento
819 2849 1040 2904 illorum
1087 2853 1392 2920 capiamus.
1450 2870 1557 2907 non
1604 2853 1720 2906 vult
1748 2862 1927 2907 autem
1965 2852 2092 2906 Ser-

505 2947 659 2990 vator
703 2953 802 2992 nos
849 2939 915 2992 ad
963 2940 1180 2994 illorum
1215 2942 1517 2996 doctrinam
1555 2943 1752 2995 iterum
1787 2957 2088 3006 recurrere,

504 3038 788 3095 propterea
824 3030 954 3084 illud
992 3032 1150 3086 nobis
1197 3032 1336 3085 dixit
1364 3035 1406 3065 ⁹¹
1451 3050 1465 3085 :
1507 3051 1526 3084 ι
1570 3033 1888 3098 Intuemini,
1927 3044 1980 3088 et
2010 3049 2094 3088 ca—

506 3130 626 3170 vete
673 3133 702 3170 a
744 3118 1010 3174 fermento
1040 3121 1439 3176 Pharisaeorum
1487 3132 1537 3177 et
1578 3123 2024 3178 Sadducaeorum.
2066 3143 2085 3176 ι

506 3205 574 3262 Et
612 3209 726 3263 haec
771 3211 990 3279 quidem
1032 3213 1107 3266 illi
1149 3214 1462 3282 cogitabant
1513 3234 1527 3269 :
1579 3213 1740 3270 Jesus
1791 3225 1972 3270 autem
2026 3233 2088 3272 ea

505 3314 628 3367 qua
675 3299 728 3352 in
776 3301 990 3356 illorum
1031 3313 1189 3359 erant
1232 3304 1490 3359 cordibus
1530 3306 1846 3375 respiciens,
1885 3316 1940 3361 et
1973 3323 2091 3362 ser-

2209 1937 2381 2008 Ἰησοῦ
2407 1939 2762 2008 διελογίζοντο
2791 1940 2852 1993 ού
2883 1939 3122 2007 γεγωνὸς
3155 1939 3403 2008 λέγοντες
3424 1941 3499 2010 (5)
3539 1943 3588 1993 οἱ
3619 1942 3808 2012 μαθη-

2195 2033 2308 2093 ταὶ,
2341 2031 2455 2085 ἀλλ’
2485 2035 2542 2087 ἐν
2574 2037 2693 2095 ταῖς
2726 2032 2972 2103 καρδίαις
2997 2033 3205 2087 ἑαυτῶν
3226 2049 3239 2064 ·
3271 2051 3292 2084 ι
3321 2034 3438 2087 Ὅτι
3471 2035 3671 2105 ἄρτους
3693 2037 3807 2087 οὐκ

2195 2123 2478 2194 ἐλάϐομεν.
2523 2145 2540 2175 ι
2575 2125 2684 2178 Καὶ
2723 2125 2886 2177 οἱονεὶ
2917 2124 3140 2178 τοιαῦτα
3171 2121 3239 2197 ἦν
3277 2125 3311 2179 ἃ
3337 2124 3552 2192 ἔλεγον·
3591 2127 3655 2179 Ei
3695 2127 3806 2196 μὲν

2196 2215 2413 2284 εἴχομεν
2445 2214 2666 2285 ἄρτους,
2689 2217 2788 2269 οὐκ
2816 2215 2880 2269 ἂν
2908 2215 3017 2268 ἀπὸ
3037 2217 3135 2286 τῆς
3158 2214 3335 2286 ζύμης
3356 2216 3464 2268 τῶν
3476 2219 3805 2288 Φαρισαίων

2195 2306 2287 2358 καὶ
2341 2305 2714 2360 Σαδδουκαίων
2739 2307 3050 2378 είλήφειμεν
3070 2324 3084 2336 ·
3125 2307 3248 2358 ἐπεὶ
3279 2307 3336 2359 δέ
3370 2309 3574 2379 ἀπορίᾳ
3607 2310 3804 2380 ἀρτων

2195 2395 2575 2464 κινδυνεύομεν
2605 2397 2711 2450 ἀπὸ
2737 2397 2837 2466 τῆς
2867 2397 3091 2449 ἐκείνων
3119 2394 3296 2468 ζύμης
3328 2396 3532 2460 λαϐεῖν,
3572 2400 3633 2450 οὐ
3665 2399 3803 2468 βού-

2193 2484 2344 2538 λεται
2373 2485 2418 2538 δ’
2445 2487 2590 2556 ἡμᾶς
2611 2488 2638 2539 ὁ
2667 2487 2857 2558 Σωτὴρ
2889 2485 3269 2556 παλινδρομεῖν
3313 2487 3406 2538 ἐπὶ
3455 2491 3520 2558 τῇ
3566 2490 3800 2542 ἐκείνων

2193 2575 2527 2648 διδασκαλίᾳ,
2573 2577 2660 2630 διὰ
2707 2577 2864 2630 τοῦτο
2905 2580 3038 2648 ἡμῖν
3085 2573 3206 2629 εἷπε
3231 2576 3326 2629 τό’
3380 2597 3399 2628 ι
3440 2577 3658 2648 Ὁρᾶτε,
3698 2581 3801 2635 καὶ

2195 2669 2488 2738 προσέχετε
2516 2669 2623 2722 ἀπὸ
2650 2669 2748 2739 τῆς
2775 2669 2954 2738 ζύμης
2980 2668 3088 2722 τῶν
3113 2668 3422 2738 Φαρισαίων
3449 2671 3542 2722 καὶ
3567 2671 3800 2724 Σαδδου-

2194 2760 2383 2812 καίων.
2440 2779 2457 2811 ι
2499 2761 2608 2813 Καὶ
2647 2759 2820 2812 ταῦτα
2851 2759 2950 2829 μὲν
3000 2761 3195 2811 ἐκεῖνοι
3234 2758 3624 2828 διελογίζοντο·
3667 2764 3695 2814 ὁ
3731 2761 3796 2815 δὲ

2196 2849 2405 2920 βλέπων
2442 2851 2649 2922 Ἰησοῦς
2669 2851 2736 2904 τὰ
2759 2853 2816 2904 ἐν
2830 2852 2948 2912 ταῖς
2965 2849 3213 2921 καρδίαις
3231 2849 3430 2913 αὐτῶν,
3455 2851 3551 2902 καὶ
3576 2850 3794 2905 ἀκούων

2192 2942 2300 2994 τῶν
2329 2945 2386 2995 ἐν
2416 2943 2606 3005 αὑταῖς
2635 2943 2826 3010 λόγων,
2847 2943 2922 3004 ὡς
2945 2943 3052 2994 τῶν
3070 2941 3306 3014 καρδιῶν
3328 2943 3628 3007 ἐπίσκοπος
3651 2944 3789 3015 ἀλη-

2195 3037 2314 3106 Θὴς,
2351 3033 2680 3103 ἐπιπλήσσει
2710 3034 2910 3095 αὐτοῖς,
2939 3033 3014 3096 ὡς
3041 3033 3102 3084 ού
3133 3032 3372 3095 νοοῦσιν,
3409 3033 3528 3087 ούδέ
3573 3051 3785 3106 μεμνη-

2199 3125 2379 3197 μένοις
2404 3125 2604 3195 ἄρτων,
2634 3117 2707 3177 ὧν
2732 3125 2860 3195 παρ’
2890 3122 3051 3176 αύτοῦ
3081 3124 3356 3195 εἰλήφασι,
3387 3124 3454 3176 δι’
3487 3124 3581 3188 οὒς
3614 3126 3704 3178 καὶ
3725 3127 3786 3178 ἐν

2193 3217 2396 3288 ἀπορίᾳ
2429 3215 2714 3278 δοκοῦντες
2747 3210 2888 3268 εἶναι
2916 3214 3116 3286 ἄρτων,
3148 3216 3248 3268 οὐκ
3280 3215 3506 3288 ἔχρῃζον
3546 3217 3644 3286 τῆς
3675 3216 3784 3270 τῶν

2195 3307 2506 3378 Φαρισαίων
2530 3307 2623 3359 καὶ
2645 3305 3015 3360 Σαδδουκαίων
3046 3305 3246 3377 ζύμης.

505 3412 696 3453 mones
727 3400 818 3467 qui
851 3400 905 3453 in
946 3401 1053 3456 illis
1095 3401 1435 3456 habebantur
1465 3402 1726 3464 audiens,
1762 3411 1948 3472 utpote
1987 3401 2236 3456 cordium
2273 3417 2434 3455 verus
2480 3402 2772 3469 inspector.
2834 3398 3111 3452 insimulat
3170 3399 3314 3465 illos,
3361 3410 3615 3470 tanquam
3666 3417 3770 3455 non

505 3492 868 3557 advel-lentes,
908 3509 1082 3563 neque
1113 3509 1385 3548 memores
1423 3509 1625 3564 panum
1676 3508 1818 3562 quos
1860 3493 1929 3547 ab
1969 3493 2090 3562 ipso
2145 3501 2496 3563 acceperant;
2536 3501 2756 3561 propter
2813 3507 2975 3562 quos,
3029 3491 3243 3547 etiamsi
3280 3492 3507 3562 panibus
3537 3495 3776 3566 indigere

505 3585 850 3648 viderentur,
893 3583 1160 3639 fermento
1201 3593 1381 3639 tamen
1422 3585 1824 3640 Pharisaeorum
1874 3592 1928 3637 et
1957 3582 2378 3638 Sadduczeorum
2407 3597 2510 3636 non
2546 3581 2796 3651 egebant.

575 3680 629 3731 6.
672 3678 875 3733 Deinde
921 3694 1200 3748 exponens
1258 3689 1312 3734 et
1365 3683 1608 3749 apertius
1653 3679 1968 3749 signiﬁcans
2021 3679 2090 3736 iis

506 3783 645 3838 quos
674 3769 824 3822 varia
875 3770 1033 3837 panis
1073 3778 1129 3824 et
1178 3770 1434 3825 fermenti
1476 3771 1801 3842 signiﬁcatio
1853 3771 2090 3826 incertos

509 3861 759 3924 faciebat,
813 3876 922 3915 non
955 3861 1023 3915 de
1068 3862 1256 3917 sensili
1291 3877 1434 3931 pane
1467 3877 1525 3916 se
1557 3862 1663 3917 illis
1701 3863 1963 3926 locutum,
1997 3861 2092 3917 sed

506 3951 573 4004 de
615 3951 876 4004 fermento
920 3952 976 4006 in
1019 3952 1265 4007 doctrina
1314 3960 1610 4016 contento,
1670 3952 1943 4007 subnectit
1976 3953 2023 3984 ⁹¹
2075 3967 2090 4006 :

513 4061 531 4090 ι
584 4039 764 4106 Quare
810 4057 917 4095 non
972 4042 1274 4113 intelligitis
1337 4043 1466 4111 quia
1518 4059 1625 4096 non
1677 4043 1744 4096 de
1793 4058 1930 4111 pane
1979 4041 2091 4096 dixi

508 4135 684 4198 vobis,
730 4135 822 4189 sed
853 4147 1038 4190 cavete
1071 4151 1101 4189 a
1139 4135 1406 4190 fermento
1445 4133 1845 4188 Pharisaeorum
1871 4142 1924 4187 et
1956 4133 2093 4187 Sad-

505 4228 872 4282 clucmorum?
925 4245 946 4279 ι
1005 4226 1231 4282 Etiamsi
1293 4227 1795 4298 interpretationem
1857 4226 2090 4281 dilucide

508 4333 615 4374 non
641 4318 1004 4384 declarasset,
1038 4319 1131 4374 sed
1160 4319 1459 4375 etiamnum
1511 4319 1565 4372 in
1612 4319 1950 4390 trepologico
1975 4334 2093 4374 ser-

507 4424 669 4463 mone
701 4409 1035 4478 persisteret,
1081 4409 1466 4465 intellexerunt
1498 4409 1748 4478 discipuli
1783 4425 2092 4465 sermonem

507 4500 672 4570 519
733 4501 933 4555 habere
985 4498 1326 4555 Servatnrem
1376 4501 1444 4554 de
1498 4501 1788 4565 doctrina,
1850 4501 2089 4569 tropice,

2265 3673 2399 3730 Εἶτα
2420 3718 2434 3742 ,
2484 3675 2794 3747 σαφηνίζων
2816 3715 2830 3739 ,
2882 3675 2975 3728 καὶ
3003 3677 3332 3748 γυμνότερον
3374 3681 3645 3750 παριστὰς
3676 3683 3783 3748 τοῖς

2196 3766 2641 3838 περιελκομένοις
2674 3764 2762 3818 διὰ
2789 3765 2887 3834 τὴν
2920 3766 3236 3834 ὁμωνυμίαν
3265 3766 3430 3835 ἄρτου
3463 3768 3558 3820 καὶ
3585 3767 3782 3840 ζύμης,

2194 3865 2276 3918 ὅτι
2311 3861 2385 3932 μὴ
2417 3861 2544 3931 περὶ¹
2577 3857 2835 3928 αίσοητοῦ
2865 3857 3048 3926 ἔλεγεν
3072 3859 3254 3922 αὐτοῖς
3276 3857 3470 3928 ἄρτου,
3498 3858 3635 3912 ἀλλά
3657 3860 3785 3931 περὶ

2197 3954 2298 4024 τῆς
2329 3955 2386 4005 ἐν
2411 3954 2478 4022 τῇ
2511 3950 2829 4020 διδασκαλίᾳ
2868 3949 3067 4020 ζύμης,
3101 3950 3348 4020 ἐπιφέρει
3372 3950 3463 4002 τό·
3508 3970 3525 4002 ι
3561 3950 3687 4015 Πῶς
3721 3954 3784 4006 οὐ

2197 4047 2387 4108 νοεῖτε,
2415 4043 2497 4096 ὅτι
2533 4044 2594 4095 ού
2641 4043 2769 4113 περὶ
2809 4042 2973 4112 ἄρτου
3025 4038 3174 4094 εἷπον
3209 4042 3356 4112 ύμῖν,
3408 4043 3701 4114 προσέχετε
3725 4045 3784 4098 δέ

2198 4135 2305 4188 ἀπὺ
2343 4136 2442 4206 τῆς
2480 4133 2658 4205 ζύμης
2697 4133 2804 4187 τῶν
2841 4133 3148 4204 Φαρισαίων
3195 4133 3290 4186 καὶ
3323 4133 3726 4201 Σαδδουκαίων;
3758 4154 3780 4188 ι

2197 4227 2388 4280 Καίτοι
2432 4226 2569 4297 μηδὲ
2606 4225 2992 4296 γυμνώσαντος
3025 4225 3189 4278 αὑτοῦ
3225 4225 3299 4296 (6)
3327 4225 3424 4295 τὴν
3460 4227 3783 4296 ἑρμηνείαν,

2190 4318 2305 4372 ἀλλ’
2332 4318 2411 4371 ἔτι
2441 4316 2791 4388 ἐπιμένοντος
2819 4318 2884 4386 τῇ
2917 4315 3243 4386 τροπολογίᾳ
3262 4353 3276 4377 ,
3309 4316 3549 4383 συνῆκαν
3589 4321 3636 4369 οἱ
3668 4336 3781 4386 μα-

2189 4410 2370 4480 θηταὶ,
2404 4411 2486 4463 ὅτι
2513 4411 2541 4461 ὁ
2587 4407 2743 4476 λόγος
2774 4406 2851 4477 τῷ
2890 4407 3104 4478 Σωτῆρι
3133 4402 3199 4478 ἦν
3223 4406 3349 4476 περὶ
3385 4405 3735 4472 διδασκαλίας
3755 4447 3775 4473 ,

2187 4500 2462 4570 τροπικῶς
2495 4498 2671 4570 ζύμης
2697 4497 2994 4569 εἰρημένης
3020 4538 3034 4562 ,
3072 4498 3138 4568 ἢν
3178 4497 3454 4551 ἐδίδασκον
3484 4499 3779 4570 Φαρισαῖοι

508 4592 857 4659 fermentum,
901 4593 1068 4658 dicta,
1108 4608 1229 4662 quae
1271 4610 1300 4647 a
1347 4593 1639 4648 Pharisaais
1683 4601 1738 4646 et
1781 4592 2092 4648 Sadducaais

2196 4591 2285 4645 καὶ
2314 4591 2678 4645 Σαδδουκαῖοι.
2710 4590 2870 4644 Ὅσον
2905 4590 3000 4661 μὲν
3038 4585 3130 4643 οὖν
3160 4589 3351 4660 ἔχομεν
3383 4589 3458 4659 (7)
3505 4591 3599 4645 σὺν
3645 4594 3782 4662 ἡμῖν

508 4686 843 4740 tradebatur.
885 4684 1134 4752 Quandiu
1171 4685 1336 4755 igitur
1371 4684 1655 4739 nobiscum
1701 4684 1965 4739 habemus
2000 4682 2092 4739 Je-

2196 4683 2281 4736 τὸν
2333 4682 2538 4753 Ἰησοῦν
2591 4681 2850 4735 ποιοῦντα
2892 4683 2990 4752 τὴν
3039 4682 3354 4752 φάσκουσαν
3411 4684 3776 4751 ἐπαγγελίανο

507 4792 630 4829 smn
657 4777 987 4844 promissum
1019 4775 1302 4832 facientem
1337 4775 1482 4844 quod
1522 4775 1627 4829 tale
1653 4783 1738 4829 est
1773 4774 1821 4807 "
1851 4793 1864 4828 :
1902 4793 1921 4826 ι
1950 4773 2090 4829 Ecce

507 4881 608 4934 ego
658 4867 935 4921 vobiscum
967 4884 1087 4923 sum
1117 4867 1373 4923 omnibus
1399 4867 1614 4931 diebus,
1651 4883 1824 4936 usque
1853 4867 1919 4922 ad
1951 4883 2088 4922 con-

509 4955 929 5011 summationem
962 4960 1168 5022 saeculi,
1192 4979 1210 5011 ›
1236 4959 1485 5029 jejunare
1514 4975 1620 5013 non
1645 4975 1960 5028 possumus,
1989 4975 2089 5014 nec

507 5045 780 5100 alimentis
825 5047 1089 5117 indigere,
1122 5050 1196 5104 ita
1229 5057 1288 5104 ut
1313 5061 1533 5121 propter
1569 5050 1784 5104 illorum
1825 5051 2086 5120 inopiam,

574 5214 620 5246 θ’
657 5211 819 5268 llebr.
854 5229 908 5280 ς,
945 5213 1218 5280 l;Colos.
1253 5232 1313 5282 ιι,
1350 5217 1441 5272 l7.
1517 5218 1562 5250 ’θ
1594 5216 1787 5272 Matth.
1820 5233 1907 5271 xvr
1930 5256 1945 5279 ,
1978 5217 2032 5272 ’1.

2196 5217 2340 5281 ibid.,
2371 5215 2425 5272 6.

577 5397 775 5470 (5)_0f)
801 5397 1057 5467 γεγωνὸς
1081 5397 1386 5468 λέγοντες.
1423 5401 1688 5457 Erasmus
1716 5419 1727 5453 :
1763 5419 1781 5452 ι
1817 5399 1936 5454 Non
1960 5402 2087 5470 qui-

507 5467 628 5542 {lem
663 5465 892 5542 fatentes
914 5471 1056 5542 quod
1091 5465 1382 5534 acciderat,
1415 5491 1432 5520 ι
1472 5474 1674 5542 legerat
1706 5491 1718 5526 :
1755 5473 1816 5525 οὐ
1860 5465 2084 5539 γεγόνδς

508 5533 778 5611 λέγοντες.
830 5533 967 5611 Sed'_
987 5549 1196 5595 veteres
1219 5541 1341 5596 libri
1365 5533 1730 5607 reclamitant,
1759 5533 1922 5611 atque
1941 5533 2085 5597 adeo

511 5604 627 5681 ipse
653 5620 889 5681 sensits“:
922 5609 983 5661 τὸ
1014 5611 1272 5678 γεγωνός,
1303 5612 1382 5663 vel
1424 5612 1570 5680 quod
1613 5604 1754 5667 idem
1787 5604 1890 5677 est,
1918 5628 2086 5681 γεγω-

510 5671 622 5732 νόν.
657 5676 797 5740 apud
836 5671 1185 5758 llesycliiuni,
1213 5671 1670 5758 estﬁééiOWTQ‘f-
1713 5671 1954 5758 ρυροίιίὶ
1982 5671 2084 5758 ᾖδ’

511 5756 640 5809 que,
673 5745 910 5809 γεγωνὸς
949 5745 1150 5816 λέγειν,
1183 5750 1258 5819 τῷ
1305 5754 1360 5803 ἐν
1393 5753 1458 5820 τῇ
1490 5752 1685 5820 καρδίᾳ
1713 5745 1890 5820 λέγειν
1918 5769 1929 5805 :
1985 5753 2087 5807 hoc

2199 4793 2218 4827 ι
2278 4775 2408 4828 Ἰδοὺ
2439 4774 2549 4842 ἐγὼ
2585 4773 2701 4844 μεθ’
2735 4773 2885 4844 ὑμῶν
2913 4775 3027 4844 είμι
3059 4774 3240 4837 πάσας
3259 4774 3357 4836 τὰς
3383 4774 3598 4845 ἡμέρας
3617 4815 3631 4838 ,
3673 4775 3782 4839 ἕως

2193 4867 2294 4936 τῆς
2323 4866 2630 4930 συντελείας
2654 4864 2744 4918 τοῦ
2781 4865 2993 4928 αἰῶνος,
3037 4885 3054 4916 ι
3092 4867 3151 4918 ού
3176 4865 3450 4934 δυνάμεθα
3476 4863 3776 4936 νηστεύειν,

2193 4959 2314 5012 ούδέ
2342 4959 2567 5032 ἀπορεῖν
2600 4959 2823 5032 τροφῆς,
2856 4958 2930 5021 ὡς
2957 4957 3045 5010 διὰ
3075 4957 3172 5028 τὴν
3196 4958 3431 5029 ἀπορίαν
3471 4958 3638 5028 αὐτῆς
3681 4958 3779 5029 ζη-

2193 5054 2304 5106 τεῖν
2336 5051 2438 5106 κᾶν
2464 5050 2618 5121 παρά
2643 5050 2951 5121 Φαρισαίων
2973 5051 3068 5103 καὶ
3091 5048 3461 5103 Σαδδουκαίων
3495 5048 3596 5119 τῆς
3631 5049 3776 5118 ἀπηο

2499 5218 2546 5249 ⁹²
2575 5216 2730 5284 ibid.,
2766 5217 2852 5271 ll.
2929 5217 2976 5248 "
3008 5214 3194 5270 Matth.
3223 5230 3416 5280 xxvttt,
3457 5215 3546 5267 ξω.

2194 5397 2635 5470 θειίπροφορικὺν
2656 5397 2832 5470 λύγον,
2862 5398 3005 5470 λόγῳ
3031 5394 3338 5470 ἐνδιαθέτςρ.
3364 5392 3628 5470 lilUE'rlusn.

2255 5469 2331 5539 (6)
2354 5462 2746 5546 ’καίτοι-μηδὲ
2766 5462 3195 5546 γιεμνῴὰαζτος
3223 5462 3429 5546 αὑτοῦ,
3457 5473 3561 5546 etc.
3594 5462 3770 5532 Chry-

2184 5531 2462 5594 sostomus
2494 5556 2507 5591 :
2545 5531 2737 5591 Καίτοι
2773 5531 2946 5589 ἀύτοῦ
2989 5533 3149 5588 τοῦτο
3184 5536 3258 5604 μὴ
3307 5531 3767 5604 ἐρμηνεύσαντος.

2187 5607 2261 5663 Ita
2300 5620 2353 5662 et
2379 5611 2533 5662 Brev.
2574 5607 2822 5662 Enarrat.
2860 5609 2936 5659 In.

2259 5679 2334 5745 (7)
2373 5679 2554 5732 Ὅσον
2577 5677 2688 5744 μὲν
2708 5673 2820 5730 οὖν
2845 5673 3212 5745 ἕψμενζοιυ.
3237 5671 3538 5745 ,Αιιψῇιίῑ-ιὶό
3574 5669 3766 5727 Matth.

2189 5739 2274 5811 Ix,
2302 5739 2392 5815 l3;
2424 5739 2588 5803 Marc;
2626 5763 2683 5810 ιι,
2715 5745 2798 5811 19,
2829 5739 3096 5811 σιῡςίλυε.
3134 5759 3186 5806 v.
3213 5744 3303 5809 54,
3337 5742 3427 5798 35.
3457 5739 3536 5799 In.
