4094 6290
259 359 393 418 989
1295 363 1652 422 COMMENT.
1693 366 1762 421 IN
1800 366 1888 422 MA

1990 364 2217 423 'HIEUM
2248 363 2486 422 TOMUS
2520 362 2637 420 XII.
3487 363 3593 420 ΜΟ

259 485 682 559 γορευμινης
710 486 891 558 ζύμης
927 484 1259 557 λαμϐάνειν,
1307 486 1403 540 καὶ
1444 485 1668 541 ἐσθίειν.
1710 485 1888 538 Γένοιτ

1990 526 1997 543 .
2023 485 2184 539 etiam
2220 499 2251 539 a
2278 484 2571 540 Pbarisaeis
2603 492 2659 539 et
2683 480 2995 538 Sadducaais
3025 481 3252 538 vetitum
3279 481 3603 540 fermentum

261 573 319 626 δ’
346 573 435 629 ἂν
465 591 631 631 ποτε
656 577 847 649 καιρὸς
887 576 1136 640 συνόντος
1161 575 1324 630 αὐτοῦ
1343 576 1439 630 τοῦ
1462 578 1609 649 ἡμᾶς
1645 578 1888 646 ἀτροφεῖη

2026 576 2274 644 accipere
2316 584 2374 630 et
2423 577 2712 630 comedere
2745 574 3084 629 Studeamus.
3135 568 3252 628 Erit
3292 585 3470 630 autem
3506 577 3606 631 a|i~

259 663 358 729 ὡς
405 668 481 721 ὲν
516 670 657 733 τοῖς
682 668 943 739 ἀνωτέρω
969 668 1237 732 λέλεκται,
1264 669 1324 722 ἑν
1354 666 1462 738 τείν
1502 687 1522 720 ι
1549 668 1690 740 Ἤδη
1708 667 1888 740 ἡμέρα

2023 667 2244 735 quando
2289 667 2421 723 illud
2458 676 2706 738 tempus,
2758 681 2884 721 cum
2930 665 3023 720 illo
3063 675 3331 735 praesente
3377 668 3606 722 deerunt

261 759 446 828 τρεῖς
486 759 887 832 παραμένουσί
914 777 1024 830 μοι,
1047 759 1142 813 καὶ
1164 759 1266 812 οὐκ
1290 758 1473 830 ἔχουσι
1493 760 1549 813 τί
1579 759 1849 829 φάγωσιν.

2022 759 2182 814 nobis
2208 759 2486 824 alimenta,
2515 768 2575 813 ut
2597 759 2851 828 superius
2880 757 3087 812 dictum
3113 765 3198 812 est
3228 759 3331 811 hoc
3356 757 3475 812 loco
3507 760 3555 790 '*
3585 778 3602 813 :

277 845 480 901 Ἀλλὰ
505 848 631 902 κᾶν
658 848 822 905 τοῦτο
853 849 1056 920 συμϐῇ,
1083 848 1158 924 μὴ
1190 848 1513 919 βουλόμενος
1537 851 1685 920 ἡμᾶς
1709 851 1888 922 νήστει

2027 867 2047 900 ι
2089 847 2295 904 Triduo
2333 849 2449 918 jam
2484 857 2833 918 perseverant
2867 862 3116 912 meeum,
3161 855 3215 900 ct
3255 862 3361 900 non
3404 847 3602 903 habent

261 934 621 1005 ἀπολῦσαι,
659 941 869 1012 μήποτε
896 939 1206 1010 ἑκλυθῶμεν
1228 941 1288 995 ἑν
1318 943 1384 1011 τῇ
1435 940 1576 1011 ὁδῷ,
1610 941 1888 1013 εὐχαριστε

2019 938 2166 1009 quod
2195 940 2554 1007 manducent;
2595 959 2614 991 ›
2647 940 2740 995 sed
2768 939 2981 995 etiamsi
3010 938 3063 993 id
3089 938 3385 1007 contingat,
3418 938 3599 992 diruit-

262 1029 376 1081 ἐπὶ
404 1033 549 1094 τοῖς
603 1031 756 1102 παρὰ
793 1035 906 1095 τοῖς
949 1031 1218 1103 μαθηταῖς
1244 1030 1449 1102 ἄρτοις,
1494 1033 1587 1085 καὶ
1617 1035 1760 1087 ποιεῖ
1788 1034 1888 1104 ήμῖ

2019 1036 2131 1085 tere
2163 1044 2264 1085 nos
2285 1030 2501 1099 jejunos
2530 1031 2740 1096 nolens,
2779 1046 2848 1084 ne
2897 1028 3216 1084 deficiamus
3253 1027 3307 1081 in
3352 1027 3459 1093 via,
3508 1028 3598 1083 be-

266 1120 687 1191 περισσεῦσαι
704 1122 814 1176 ἀπὸ
833 1122 942 1177 τῶν
968 1122 1131 1183 ἑπτα,
1161 1122 1238 1186 ὡς
1267 1121 1689 1194 ἀποδεδώκαμεν
1715 1124 1888 1195 ἄρτων

2018 1120 2223 1176 nedicit
2261 1121 2497 1190 panibus
2524 1120 2617 1190 qui
2642 1130 2771 1176 sunt
2797 1120 2940 1190 apud
2971 1118 3297 1187 discipulos,
3330 1116 3592 1187 efﬁcitque

259 1209 380 1273 τὰς
408 1210 591 1267 ἑπτὰ
612 1212 897 1283 σπυρίδας.
937 1213 1058 1266 Ἐτι
1086 1211 1144 1265 δὲ
1173 1212 1270 1265 καὶ
1296 1212 1457 1265 τοῦτο
1491 1212 1756 1285 τηρητέον
1774 1253 1789 1278 ,
1828 1213 1888 1267 διε

2017 1223 2075 1269 ut
2103 1230 2136 1269 ο
2176 1223 2381 1284 septem
2414 1214 2647 1283 panibus
2670 1254 2687 1279 ,
2731 1212 3193 1284 quemadmodum
3245 1210 3592 1282 tradidimus,

260 1299 416 1365 τοὺς
447 1303 758 1374 οἰομένους
789 1303 864 1374 μὴ
902 1304 1043 1357 πάνυ
1067 1320 1122 1357 τι
1152 1305 1253 1376 τὴν
1285 1304 1514 1377 θεότητα
1546 1305 1888 1376 παρίστασθα

2015 1308 2295 1378 supersint
2329 1306 2490 1361 nobis
2532 1315 2740 1375 septem
2778 1314 2998 1375 sportae.
3043 1302 3179 1357 Illud
3212 1311 3473 1372 praeterea
3502 1303 3601 1357 ob-

261 1390 378 1448 τοῦ
409 1392 698 1466 Σωτῆρος
716 1396 782 1448 ὲκ
813 1394 907 1449 τοῦ
932 1393 1077 1448 κατὰ
1113 1394 1391 1449 Ματθαίον
1421 1396 1752 1464 Εὐαγγελίου
1770 1434 1788 1460 ,
1828 1396 1888 1449 ὅτ

2013 1398 2340 1454 servandum
2389 1404 2492 1462 est,
2529 1404 2750 1464 preptcr
2793 1408 2891 1450 eos
2927 1398 3024 1464 qui
3056 1392 3364 1448 Servatoris
3402 1390 3602 1449 divini-

263 1482 363 1547 τὸ,
401 1483 892 1556 διαλογιζομένων
911 1487 969 1542 ἑν
991 1487 1206 1550 ἑαυτοῖς
1235 1486 1344 1539 τῶν
1371 1486 1627 1560 μαθητῶν
1646 1526 1662 1553 ,
1708 1487 1801 1540 καὶ
1825 1485 1888 1539 λε·

2012 1497 2177 1543 tatem
2209 1504 2275 1544 ex
2305 1485 2599 1558 Evangelio
2642 1484 2878 1541 Matthaei
2924 1501 3029 1540 non
3059 1485 3215 1539 valde
3254 1485 3472 1554 probari
3506 1500 3602 1555 pu-

265 1573 514 1640 γόντων
553 1576 756 1646 ἄρτους
798 1576 876 1648 μὴ
916 1575 1061 1647 ἔχειν
1079 1617 1095 1642 ,
1130 1577 1330 1647 γνῶναι
1364 1579 1490 1643 τοὺς
1523 1578 1888 1650 διαλογισμοὺς

2013 1588 2163 1644 tant,
2208 1578 2458 1635 videlicet
2493 1576 2879 1647 reputantibus
2912 1575 3055 1645 apud
3085 1591 3144 1629 se
3178 1575 3494 1644 discipulis,
3543 1583 3599 1631 et

265 1664 378 1719 τὸν
432 1666 686 1739 Ἰησοῦν,
711 1668 805 1721 καὶ
826 1669 1027 1721 εἰπεῖν·
1067 1688 1086 1721 ι
1114 1670 1180 1722 Τί
1203 1669 1577 1740 διαλογίζεσθε
1591 1672 1651 1725 ἑν
1672 1672 1886 1735 ἑαυτοῖς

2009 1669 2317 1725 dicentibus
2381 1684 2550 1739 panes
2603 1683 2663 1722 se
2709 1682 2820 1722 non
2868 1666 3109 1731 habere,
3161 1682 3323 1723 nosse
3376 1667 3595 1722 illorum

264 1756 674 1828 ὀλιγόπιστοι,
698 1760 780 1815 ὅτι
804 1759 1004 1838 ἄρτους
1038 1762 1139 1819 οὐκ
1172 1762 1423 1831 ἑλάὸετε;
1457 1784 1477 1817 ι
1506 1765 1605 1818 οὐκ
1631 1763 1888 1837 ἀνθρώπια

2008 1762 2364 1834 cogitationes
2395 1759 2582 1816 Jesum
2625 1769 2680 1815 et
2728 1760 2913 1815 dicere
2947 1759 2994 1792 "
3032 1777 3047 1812 :
3093 1777 3110 1810 ι
3155 1758 3297 1825 Quid
3344 1760 3598 1830 cogitatis

265 1865 377 1904 νον
407 1845 492 1921 ἦν
513 1867 532 1881 ·
571 1849 878 1921 μονώτατος
903 1850 1011 1923 γὰρ
1031 1851 1290 1920 γινώσκει
1315 1854 1415 1917 τὰς
1436 1855 1660 1926 καρδίας
1682 1854 1792 1909 τῶν
1812 1857 1888 1911 ἀν

2010 1853 2150 1908 inter
2183 1868 2301 1917 vos,
2336 1853 2563 1906 modica:
2588 1851 2732 1915 fidei,
2769 1851 2896 1920 quia
2930 1866 3100 1920 panes
3131 1866 3238 1905 non
3287 1851 3540 1907 habetis?
3572 1871 3593 1904 ι

268 1936 574 2009 θρώπων,
604 1939 684 2004 ὡς
706 1942 735 1994 ὁ
762 1940 1015 2013 Σολομῶν
1063 1944 1122 1996 ἑν
1162 1947 1229 2015 τῇ
1263 1946 1420 2017 τρίτῃ
1459 1945 1566 2000 τῶν
1613 1944 1888 2001 Βασιλειῶ

2008 1963 2122 2003 rem
2164 1947 2462 2000 humanam
2497 1960 2607 1998 non
2651 1943 2842 1999 fuisse.
2898 1942 3061 1999 Solus
3091 1944 3237 1999 enim
3285 1945 3449 2000 corda
3491 1944 3596 1998 bo-

270 2046 470 2100 φησιν
501 2071 520 2097 ,
566 2033 596 2086 ό
626 2030 850 2103 Κύριος.
915 2033 1069 2087 Ἐπεὶ
1102 2033 1199 2099 δὲ,
1243 2034 1336 2090 τοῦ
1399 2033 1574 2105 Ἰησοῦ
1624 2034 1901 2098 εἰπόντος·

281 2139 300 2170 ι
343 2122 679 2193 Προσέχετε
704 2123 814 2177 ἀπὸ
841 2124 941 2196 τῆς
969 2123 1172 2195 ζύμης,
1213 2146 1233 2179 ι
1263 2127 1503 2197 συνῆκαν
1541 2128 1593 2181 οἱ
1637 2127 1900 2199 μαθηταὶ,

269 2212 370 2265 ὅτι
407 2214 524 2267 οὐκ
553 2209 676 2267 εἷπε
699 2213 987 2295 προσέχειν
1006 2216 1119 2270 ἀπὸ
1143 2214 1253 2271 τῶν
1277 2217 1478 2288 ἄρτων,
1513 2216 1651 2271 ἀλλὰ
1672 2217 1780 2271 ἀπὸ
1805 2217 1903 2289 τῆς

269 2300 528 2372 διδαχῆς
556 2301 665 2356 τῶν
704 2304 1015 2374 Φαρισαίων
1039 2305 1134 2358 καὶ
1162 2305 1557 2371 Σαδδουκαίων,
1589 2307 1903 2378 ἐπιστήσεις

272 2389 331 2441 εἰ
364 2390 519 2444 ὅπου
550 2395 671 2447 ποτ’
696 2391 766 2446 ἂν
797 2392 942 2465 ζύμη
973 2393 1289 2467 ὠνομάσθη,
1335 2398 1416 2459 είς
1451 2397 1672 2470 διδαχὴν
1707 2416 1903 2471 τροπο-

274 2485 570 2550 λογεῖται,
605 2482 717 2537 εἴτε
736 2485 798 2543 ἑν
825 2484 974 2557 νόμῳ
996 2486 1108 2540 εἴτε
1133 2488 1228 2545 καὶ
1254 2490 1314 2544 ἐν
1343 2492 1466 2553 ταῖς
1510 2491 1651 2561 μετὰ
1691 2491 1782 2545 τὸν
1815 2492 1901 2546 νό-

278 2592 400 2646 μον
439 2577 687 2648 Γραφαῖς
707 2594 721 2609 ’
746 2577 890 2632 οὕτω
911 2579 969 2634 δὲ
996 2581 1205 2653 μήποτε
1233 2582 1380 2654 ζύμη
1428 2584 1490 2637 οὐ
1530 2586 1898 2659 προσφέρεται

275 2666 390 2719 ἐπὶ
425 2667 493 2720 τὸ
536 2667 951 2741 θυσιαστήριον·
974 2672 1036 2724 οὐ
1074 2672 1187 2744 γὰρ
1228 2673 1312 2729 δεῖ
1343 2673 1444 2740 τὰς
1487 2675 1655 2746 εὐχὰς
1695 2676 1898 2748 τρόπον

275 2758 453 2827 ἔχειν
490 2757 838 2824 διδασκαλίας
862 2800 878 2826 ,
930 2762 1049 2816 ἀλλ’
1074 2760 1217 2819 εἶναι
1271 2764 1404 2820 αὐτὸ
1454 2766 1615 2837 μόνον
1654 2769 1908 2839 αἰτήσεις,

280 2848 531 2917 ἀγαθῶν
561 2851 670 2905 ἀπὸ
698 2851 793 2905 τοῦ
822 2852 981 2912 Θεοῦ.
1013 2857 1255 2928 Ζητήσαι
1284 2857 1329 2911 δ’
1353 2858 1419 2912 ἄν
1444 2876 1528 2924 τις
1551 2859 1638 2913 διὰ
1666 2860 1734 2914 τὰ
1762 2861 1897 2915 ἀπο-

277 2938 569 3008 δεδομένα
598 2942 726 3012 περὶ
755 2942 865 2998 τῶν
890 2944 1147 3015 μαθητῶν
1186 2947 1448 3003 ἐλθόντων
1483 2951 1562 3013 είς
1590 2949 1653 3002 τὸ
1696 2949 1891 3020 πέραν,

278 3029 337 3086 εἰ
376 3027 610 3089 δύναταί
637 3047 722 3093 τις
756 3031 926 3085 ὲλθὼν
974 3035 1056 3097 είς
1107 3035 1169 3088 τὸ
1216 3036 1391 3107 πέραν
1428 3038 1781 3104 ὀνειδίζεσθαι
1816 3041 1894 3105 ὡς

277 3122 662 3189 ὀλιγόπιστος,
687 3124 783 3177 καὶ
812 3123 889 3188 ὼς
907 3125 1116 3179 οὐδέπω
1150 3127 1315 3192 νοῶν,
1363 3129 1484 3185 οὐδὲ
1530 3132 1885 3202 μνημονεύων

283 3215 406 3268 τῶν
436 3214 543 3267 ὑπὸ
580 3214 673 3268 τοῦ
736 3201 910 3286 Ἰησοῦ
958 3219 1364 3289 γεγενημένων.
1414 3221 1489 3275 Οὐ
1537 3201 1771 3292 χαλεπὸν
1810 3223 1877 3290 δ’,

283 3303 448 3379 οἶμαι
469 3347 484 3371 ,
529 3308 669 3380 πρὸς
708 3309 869 3365 τοῦτο
907 3311 1085 3363 εἰπεῖν
1113 3348 1128 3375 ,
1155 3310 1236 3364 ὅτι
1263 3310 1339 3376 ὡς
1371 3312 1508 3384 πρὸς
1539 3313 1600 3367 τὸ
1645 3314 1879 3381 τέλειον,

290 3421 311 3453 ι
349 3402 491 3472 ὅπερ
533 3402 662 3456 ὅταν
705 3401 870 3474 ἔλθῃ,
896 3402 958 3455 τὺ
982 3403 1047 3456 ἑκ
1087 3402 1289 3475 μέρους
1316 3405 1815 3478 καταργηθήσεται,
1854 3427 1874 3460 ι

286 3495 449 3546 πᾶσα
473 3495 507 3564 ἡ
533 3491 768 3548 ἐνταῦθα
803 3492 988 3557 πίστις
1020 3493 1181 3564 ⁴ἡμῶν
1212 3495 1552 3564 ὀλιγοπιστία
1594 3500 1711 3552 ἐστὶ
1731 3541 1746 3565 ,
1790 3501 1883 3555 καὶ

283 3581 369 3645 ὡς
404 3582 538 3654 πρὸς
569 3582 748 3636 ἐκεῖνο
778 3582 992 3636 οὐδέπω
1017 3582 1248 3655 νοοῦμεν
1293 3587 1343 3639 oi
1387 3587 1453 3640 ἑκ
1493 3587 1692 3658 μέρους
1723 3589 1883 3658 γινώ-

285 3688 537 3741 σκοντες,
552 3674 677 3729 οὐδὲ
703 3672 1118 3746 μνημονεύομεν
1136 3691 1150 3704 °
1171 3675 1234 3728 ού
1250 3675 1362 3749 γὰρ
1381 3677 1602 3749 διαρκῆ,
1624 3679 1719 3731 καὶ
1742 3696 1882 3750 συμ-

286 3764 798 3836 ιταρεκτεινομένην
840 3765 1069 3838 μνήμην
1129 3764 1421 3820 ἀναλαϐεῖν
1477 3766 1757 3844 δυνάμεθα
1806 3769 1884 3841 τῷ

287 3851 487 3924 πλήθει
505 3853 608 3925 τῆς
628 3852 855 3926 ⁴φύσεως
880 3853 990 3910 τῶν
1023 3853 1422 3926 θεωρημάτων.

365 4166 490 4221 Ἔτι
519 4166 578 4221 δέ
603 4169 721 4223 ἑστι
746 4167 843 4222 καὶ
867 4166 1118 4223 ἐντεῦθεν
1150 4167 1373 4240 μαθεῖν,
1403 4171 1486 4224 ὅτι
1520 4172 1615 4225 καὶ
1644 4172 1738 4225 ἐπὶ
1785 4173 1884 4244 μό·-

288 4275 404 4323 νοις
426 4259 797 4332 διαλογισμοῖς
819 4259 914 4324 οὓς
940 4262 999 4316 ἑν
1025 4262 1241 4324 ἑαυτοῖς
1281 4261 1695 4335 δωλογιζόμεθα
1716 4306 1730 4331 ,
1771 4265 1885 4319 ἔσθ’

287 4349 382 4405 ὅτε
405 4349 815 4421 ἐγκαλούμεθα,
857 4350 951 4403 καὶ
995 4350 1073 4414 ὡς
1113 4350 1445 4421 ὀλιγόπιστοι
1484 4354 1881 4427 ὀνειδιζόμεθα.

299 4439 444 4511 Ἐγὼ
474 4441 520 4495 δ’
544 4438 727 4513 οἴμαι,
759 4443 842 4496 δτι
861 4484 876 4509 ,
918 4443 1105 4516 ὥσπερ
1124 4444 1364 4515 μοιχεύει
1383 4463 1466 4510 τις
1492 4448 1550 4500 ὲν
1586 4450 1654 4520 τῇ
1690 4450 1887 4523 καρδίᾳ

289 4534 452 4617 μόνη,
490 4536 552 4598 οὐ
580 4535 799 4601 πάντως
830 4535 1048 4604 φθάνων
1088 4537 1186 4590 καὶ
1221 4537 1316 4591 ἐπὶ
1353 4538 1455 4610 τὴν
1480 4538 1711 4611 πρᾶξιν,
1739 4540 1884 4598 οὕτω
1914 4525 1961 4584 D

287 4625 383 4680 uti
410 4624 485 4679 τὰ
507 4623 671 4677 λοιπὰ
696 4624 807 4690 τῶν
830 4624 1300 4699 ἀπηγορευμένων
1332 4627 1394 4681 έν
1423 4626 1561 4700 μόνῃ
1590 4630 1655 4700 τῇ
1683 4628 1882 4701 καρδία

286 4733 372 4781 τις
395 4714 650 4787 πράττει.
703 4715 792 4778 Ὠς
812 4710 905 4768 οὗν
927 4718 955 4769 ὁ
981 4717 1275 4788 μοιχεύσας
1296 4721 1355 4772 ἑν
1370 4721 1437 4791 τῇ
1460 4720 1658 4793 καρδίᾳ
1689 4720 1883 4776 ἀνάλο-

286 4823 383 4876 γον
420 4808 490 4878 τῇ
533 4804 759 4877 τοιαύτῃ
809 4807 1025 4877 μοιχείᾳ
1064 4808 1460 4882 κολασθήσεται
1484 4851 1500 4878 ,
1541 4810 1684 4865 οὕτω
1726 4813 1821 4871 καὶ
1852 4813 1882 4866 ό

286 4901 395 4964 τῶν
444 4901 523 4973 (8)
568 4899 1036 4972 ἀπηγορευμένων
1070 4917 1126 4967 τι
1169 4904 1403 4975 ποιήσας
1449 4907 1509 4959 ἑν
1540 4908 1606 4978 τῇ
1657 4909 1876 4980 καρδίᾳ,

287 4991 406 5062 φέρ’
439 4992 635 5055 εἰπεῖν,
668 4990 872 5061 κλέψας
909 4992 966 5047 ἑν
997 4990 1132 5064 μόνῃ
1165 4993 1396 5066 καρδία,
1425 4996 1459 5068 ἢ
1492 4996 1871 5071 ψευδομαρτυη

291 5083 458 5159 θήσεις
481 5082 541 5136 ἐν
571 5080 711 5155 μόνῃ
743 5080 958 5153 καρδίᾳτ
986 5082 1084 5153 οὐχ
1114 5083 1189 5148 ὼς
1223 5086 1251 5137 ὁ
1279 5088 1372 5139 καὶ
1418 5086 1565 5160 ἔργῳ
1607 5090 1707 5160 μὲν
1748 5092 1872 5145 κλέη

285 5172 411 5241 φας,
446 5173 480 5243 ἦ
513 5174 611 5227 καὶ
642 5173 743 5247 τὴν
775 5172 973 5245 πρᾶξιν
1001 5173 1099 5245 τῆς
1120 5173 1595 5247 ψευδομαρτυρίας
1629 5183 1872 5239 ὲπιτελέε

290 5279 407 5333 σας,
438 5264 513 5327 ὡς
541 5263 600 5317 δὲ
642 5264 803 5336 μόνον
849 5265 908 5317 ἑν
937 5266 1005 5335 τῇ
1029 5265 1226 5337 καρδίᾳ
1267 5265 1336 5319 τὰ
1380 5267 1603 5326 τοιαῦτα
1639 5272 1870 5338 ποιήσας

2005 2039 2216 2093 minum
2260 2036 2411 2093 novit
2444 2035 2733 2099 Dominus,
2783 2047 2841 2090 ut
2874 2037 2949 2089 ait
2991 2034 3247 2091 Salomon
3280 2034 3593 2106 Regnorum

2007 2129 2169 2186 tertio
2203 2129 2270 2200 ⁸⁸,
2319 2127 2589 2195 Quoniam
2641 2136 2848 2195 autem,
2889 2137 3177 2198 postquam
3212 2126 3373 2185 Jesus
3409 2130 3547 2185 dixit
3577 2147 3592 2185 ;

2011 2237 2030 2271 ι
2069 2218 2269 2275 Cavete
2297 2234 2328 2273 a
2364 2217 2632 2274 fermento
2656 2258 2673 2285 ,
2724 2237 2742 2270 ι
2777 2217 3163 2274 intellexerunt
3202 2218 3453 2289 discipuli
3483 2235 3591 2273 non

2002 2312 2210 2368 dixisse
2242 2311 2397 2366 illum
2431 2310 2735 2365 cavendum
2775 2324 2900 2366 esse
2926 2325 2956 2365 a
2985 2310 3242 2380 panibus,
3279 2311 3372 2366 sed
3421 2326 3452 2364 a
3494 2311 3593 2365 do-

2001 2403 2175 2457 ctrina
2218 2400 2626 2456 Pharisaeorum
2669 2410 2725 2455 et
2759 2400 3205 2466 Sadducaeorum,
3240 2400 3492 2456 advertes
3521 2415 3590 2455 an

2001 2495 2316 2565 ubicunque
2348 2492 2677 2549 fermentum
2711 2493 3045 2559 nominatur,
3079 2507 3177 2563 pro
3206 2493 3456 2548 doctrina
3484 2501 3592 2547 tro-

2000 2586 2122 2657 pice
2147 2584 2467 2655 explicetur,
2498 2584 2612 2639 sive
2639 2583 2694 2638 in
2729 2584 2869 2653 lege,
2901 2582 3017 2638 sive
3055 2582 3108 2637 in
3141 2582 3440 2652 Scripturis
3468 2598 3593 2653 quae

1999 2675 2172 2746 legem
2217 2682 2528 2745 sequuntur
2565 2692 2580 2729 :
2621 2674 2700 2729 ita
2746 2673 2911 2729 etiam
2953 2689 3022 2728 an
3067 2672 3396 2728 fermentum
3429 2688 3592 2744 super

1998 2766 2172 2820 altare
2196 2779 2307 2820 non
2334 2762 2595 2831 offertur;
2628 2778 2729 2818 nec
2756 2763 2901 2818 enim
2931 2777 3032 2832 par
3060 2771 3143 2818 est
3172 2778 3361 2833 preces
3392 2762 3593 2819 habere

2000 2857 2267 2912 rationem
2311 2855 2612 2921 doctrinae,
2667 2854 2762 2909 sed
2806 2870 2933 2910 esse
2983 2855 3251 2909 duntaxat
3302 2854 3591 2924 petitiones

1998 2949 2267 3005 bonorum
2304 2962 2335 3002 a
2373 2945 2505 3002 Deo.
2558 2944 2883 3013 Quzesiverit
2910 2954 3096 3000 autem
3148 2945 3420 3015 quispiam
3463 2959 3590 3017 pro-

1996 3054 2118 3114 pter
2144 3057 2209 3097 ea
2236 3054 2360 3110 quae
2400 3054 2431 3093 a
2483 3038 2641 3093 nobis
2677 3037 2881 3107 scripta
2915 3046 3044 3092 sunt
3083 3037 3150 3091 de
3179 3036 3465 3105 discipulis
3493 3038 3588 3108 qui

1998 3134 2352 3199 transierunt,
2409 3129 2654 3202 possitne
2706 3128 2894 3196 alicui,
2941 3137 3231 3199 postquam
3277 3129 3586 3199 traiecerit,

1988 3225 2200 3282 modica
2229 3222 2362 3278 ﬁdes
2389 3219 2732 3292 exprobrari,
2766 3219 3018 3290 quodque
3038 3219 3280 3274 nondum
3320 3218 3586 3290 intelligat

1984 3328 2040 3376 et
2070 3316 2310 3373 nondum
2334 3330 2522 3369 eorum
2559 3312 2871 3368 meminerit
2896 3328 3019 3382 qua:
3040 3327 3072 3367 a
3099 3310 3230 3368 Jesu
3258 3310 3401 3368 facta
3430 3323 3573 3373 sunt

1984 3411 2064 3466 Ad
2097 3411 2233 3474 haec,
2280 3408 2493 3477 opinor,
2529 3421 2639 3461 non
2690 3405 2906 3461 difﬁcile
2950 3405 3055 3460 erit
3103 3406 3316 3465 dicere,
3365 3406 3582 3462 ratione

1986 3502 2167 3557 habita
2207 3519 2225 3551 ι
2262 3498 2523 3569 perfecti,
2552 3497 2698 3566 quod
2727 3513 2854 3551 cum
2885 3497 3189 3563 advenerit,
3218 3496 3575 3552 evacuabitur

1984 3591 2134 3662 quod
2163 3604 2228 3642 ex
2259 3595 2411 3657 parte
2443 3595 2527 3641 est
2555 3588 2623 3653 ’⁷,
2662 3604 2681 3637 ι
2720 3600 2962 3650 omnem,
2992 3600 3116 3655 qua:
3150 3585 3240 3640 hic
3269 3593 3374 3651 est,
3410 3584 3572 3640 fidem

1986 3689 2256 3745 nostram,
2288 3677 2723 3732 incredulitatem
2753 3691 2903 3742 esse;
2953 3684 3008 3730 et
3052 3675 3202 3731 illius
3240 3676 3455 3729 ratione
3486 3676 3585 3729 ha—

1986 3772 2101 3827 bita
2142 3767 2386 3823 nondum
2434 3781 2536 3823 nos
2582 3766 2903 3839 intelligere,
2953 3765 3048 3837 qui
3085 3780 3152 3820 ex
3187 3773 3341 3835 parte
3374 3780 3584 3834 cogno-

1987 3859 2217 3925 scimus,
2248 3871 2425 3927 neque
2460 3855 2772 3924 recordari;
2818 3872 2919 3911 nec
2946 3856 3094 3911 enim
3135 3853 3493 3911 snﬂicientcm
3525 3864 3581 3913 et

1986 3949 2251 4021 aequalem
2279 3945 2643 4017 magnitudini
2670 3956 2878 4002 natura:
2904 3960 3092 4001 rerum
3122 3945 3580 4017 speculandarum

1987 4045 2311 4101 memoriam
2343 4055 2539 4113 capere
2566 4054 2885 4111 possumus.

2060 4176 2112 4231 7.
2155 4175 2426 4231 Prasterea
2454 4181 2511 4229 et
2538 4171 2664 4227 inde
2690 4170 2904 4226 discere
2930 4178 3016 4226 est
3049 4186 3441 4242 nonnunquam
3481 4187 3582 4227 nos

1989 4283 2212 4343 propter
2242 4267 2390 4324 solas
2414 4264 2774 4337 cogitationes
2811 4278 2951 4334 quas
2976 4263 3120 4318 intra
3160 4273 3376 4318 nosmet
3408 4262 3581 4332 agita-

1990 4378 2114 4419 mus
2155 4359 2443 4430 redargui,
2487 4366 2543 4413 et
2584 4366 2848 4427 tanquam
2877 4355 3072 4426 exigua
3116 4355 3280 4427 520
3319 4354 3579 4425 praeditos

1990 4453 2097 4509 ﬁde
2120 4452 2452 4509 insimulari.
2499 4447 2752 4504 Arbitror
2782 4455 2965 4503 autem
2991 4463 3093 4519 ego
3114 4446 3574 4518 quemadmodum

1986 4544 2153 4600 corde
2182 4551 2394 4599 tantum
2422 4542 2548 4613 quis
2581 4540 2942 4606 adulteratur,
2981 4555 3091 4594 non
3122 4539 3349 4593 omnino
3392 4537 3459 4592 ad
3493 4536 3577 4592 fa.

1983 4636 2140 4692 einus
2176 4635 2355 4705 ipsum
2387 4634 2775 4704 progrediens;
2819 4633 2895 4687 ita
2924 4641 2980 4687 et
3003 4631 3211 4701 reliqua
3242 4644 3365 4699 quae
3410 4630 3575 4687 vetita

1983 4737 2113 4786 sunt
2155 4730 2275 4785 solo
2304 4729 2469 4783 (κη-(1ο
2501 4726 2742 4797 aliquem
2787 4727 3150 4782 committere.
3201 4724 3573 4795 Quemadmo.

1981 4821 2110 4876 dum
2143 4837 2276 4892 ergo
2299 4820 2392 4891 qui
2427 4820 2546 4876 solo
2569 4818 2738 4875 corde
2764 4818 3128 4884 adulteratur,
3179 4832 3278 4887 pro
3301 4816 3571 4887 ejusmodi

1982 4913 2251 4968 adulterio
2277 4913 2569 4981 punietur;
2615 4911 2690 4965 ita
2722 4918 2777 4965 et
2804 4909 2898 4979 qui
2930 4924 3121 4964 eorum
3146 4925 3269 4979 quae
3297 4909 3571 4980 prohibita

1979 5012 2108 5059 sunt
2152 5004 2431 5075 quidpiam
2463 5003 2628 5058 corde
2652 5000 3014 5073 perpetrarit;
3063 5000 3216 5056 verbi
3260 5002 3433 5071 gratia
3473 5001 3570 5071 qui

1979 5095 2098 5149 solo
2139 5097 2304 5151 corde
2344 5095 2549 5150 furtum
2598 5092 2920 5161 admiserit,
2955 5095 3041 5149 vel
3087 5094 3253 5149 corde
3304 5096 3572 5155 duntaxat

1978 5183 2177 5245 falsum
2224 5185 2426 5241 dixerit
2472 5183 2845 5242 testimonium
2872 5221 2888 5247 ,
2941 5200 3048 5239 non
3096 5186 3320 5255 perinde
3372 5195 3430 5239 ut
3469 5186 3567 5254 qui

1979 5294 2168 5336 revera
2200 5276 2416 5334 furatus
2439 5276 2625 5346 fuerit,
2661 5279 2747 5334 vel
2776 5278 2991 5336 facinus
3036 5280 3215 5350 ipsum
3259 5278 3382 5335 falsi
3415 5277 3569 5333 testi-

353 5442 399 5473 ”
447 5441 634 5499 Matth.
672 5460 763 5509 xv,
792 5444 880 5499 52.
958 5446 1003 5477 ⁸⁸
1034 5443 1224 5501 Matth.
1265 5463 1376 5512 xw,
1404 5447 1458 5502 8.
1535 5451 1582 5482 ⁹⁶
1604 5450 1670 5505 Ill
1702 5452 1838 5525 Reg.
1870 5472 1990 5524 vm,
2015 5459 2105 5515 ‘59.
2182 5458 2225 5492 "
2263 5457 2282 5510 1
2316 5457 2447 5513 Cor.
2482 5473 2604 5523 XIII.
2628 5458 2715 5513 10.

358 5602 1009 5697 ίέ)-ἂ¹π1ινορίιιθμένων
1162 5615 1322 5697 μόνῃ
1371 5614 1450 5695 τῇ
1498 5617 1714 5697 analogia

290 5678 686 5756 πράττει.-Ὠς
709 5678 822 5756 οὖν
859 5682 892 5732 ὀ
920 5678 1254 5756 μοιχεύσῖας
1277 5678 1348 5735 ἐν
1376 5678 1450 5756 τῇ
1478 5678 1692 5756 κιιρδίᾴ
1719 5678 1863 5745 ard:

1774 5639 1863 5697 τις
1973 5626 2191 5691 miensi,
2240 5643 2416 5696 neque
2449 5628 2502 5681 in
2530 5626 2743 5683 Erasmi
2783 5627 3233 5697 interpretatione
3277 5641 3560 5697 compare-

1974 5696 2125 5770 bant,
2151 5697 2275 5752 licet
2305 5699 2645 5770 reperiantur
2689 5698 2743 5754 in
2793 5696 2951 5755 codd.
3004 5696 3195 5770 Regio,
3235 5696 3560 5769 Anglicano,

288 5742 589 5833 12ers
617 5747 858 5833 rem
881 5742 1119 5833 metu:
1148 5742 1596 5833 ςιοίιςισθιῖεγετάι

1990 5742 2240 5833 Vaticano
2255 5742 2316 5826 et
2335 5742 2657 5825 magis.

285 5813 388 5883 καί
413 5814 447 5869 ό
476 5813 609 5877 τῶν.
640 5813 765 5872 Haec
785 5813 1235 5889 desiderabantur
1262 5823 1318 5879 in
1338 5813 1501 5885 unico
1526 5813 1715 5888 codice
1735 5813 1866 5901 uol;
