  <div class='ocr_page' id='page_1' title='image "/cluster/home/n/w/nwhite01/storage/ocr_20150623/13/mdp.39015007036059/499.png"; bbox 0 0 4094 6290; ppageno 0'>
   <div class='ocr_carea' id='block_1_1' title="bbox 547 385 646 441">
    <p class='ocr_par' dir='ltr' id='par_1_1' title="bbox 547 385 646 441">
     <span class='ocr_line' id='line_1_1' title="bbox 547 385 646 441; baseline -0.01 0"><span class='ocrx_word' id='word_1_1' title='bbox 547 385 646 441; x_wconf 77' lang='lat'><strong>99!</strong></span> 
     </span>
    </p>
   </div>
   <div class='ocr_carea' id='block_1_2' title="bbox 2001 388 2322 445">
    <p class='ocr_par' dir='ltr' id='par_1_2' title="bbox 2001 388 2322 445">
     <span class='ocr_line' id='line_1_2' title="bbox 2001 388 2322 445; baseline 0.003 -1"><span class='ocrx_word' id='word_1_2' title='bbox 2001 388 2322 445; x_wconf 74' lang='lat' dir='ltr'><strong>ORIGENIS</strong></span> 
     </span>
    </p>
   </div>
   <div class='ocr_carea' id='block_1_3' title="bbox 3696 395 3817 451">
    <p class='ocr_par' dir='ltr' id='par_1_3' title="bbox 3696 395 3817 451">
     <span class='ocr_line' id='line_1_3' title="bbox 3696 395 3817 451; baseline 0 -2"><span class='ocrx_word' id='word_1_3' title='bbox 3696 395 3817 451; x_wconf 62' lang='lat'><strong>992</strong></span> 
     </span>
    </p>
   </div>
   <div class='ocr_carea' id='block_1_4' title="bbox 548 506 2104 584">
    <p class='ocr_par' dir='ltr' id='par_1_4' title="bbox 548 506 2104 578">
     <span class='ocr_line' id='line_1_4' title="bbox 548 506 2104 578; baseline 0.003 -20"><span class='ocrx_word' id='word_1_4' title='bbox 548 506 719 560; x_wconf 86' lang='lat' dir='ltr'><strong>tnonii</strong></span> <span class='ocrx_word' id='word_1_5' title='bbox 753 506 1118 571; x_wconf 94' lang='lat' dir='ltr'><strong>commiserit,</strong></span> <span class='ocrx_word' id='word_1_6' title='bbox 1166 507 1262 562; x_wconf 88' lang='lat' dir='ltr'><strong>sed</strong></span> <span class='ocrx_word' id='word_1_7' title='bbox 1310 515 1518 561; x_wconf 85' lang='lat' dir='ltr'><strong>tantum</strong></span> <span class='ocrx_word' id='word_1_8' title='bbox 1561 517 1618 563; x_wconf 94' lang='lat' dir='ltr'><strong>ut</strong></span> <span class='ocrx_word' id='word_1_9' title='bbox 1646 508 1741 578; x_wconf 89' lang='lat' dir='ltr'><strong>qui</strong></span> <span class='ocrx_word' id='word_1_10' title='bbox 1791 510 1920 565; x_wconf 85' lang='lat' dir='ltr'><strong>talia</strong></span> <span class='ocrx_word' id='word_1_11' title='bbox 1965 515 2104 567; x_wconf 51' lang='lat' dir='ltr'><strong>cordi</strong></span> 
     </span>
    </p>
   </div>
   <div class='ocr_carea' id='block_1_5' title="bbox 2206 506 3818 584">
    <p class='ocr_par' dir='ltr' id='par_1_5' title="bbox 2230 506 3818 584">
     <span class='ocr_line' id='line_1_5' title="bbox 2230 506 3818 584; baseline 0.003 -21"><span class='ocrx_word' id='word_1_12' title='bbox 2230 509 2645 578; x_wconf 74' lang='grc' dir='ltr'><strong>κολασθήσεται,</strong></span> <span class='ocrx_word' id='word_1_13' title='bbox 2680 512 2973 580; x_wconf 74' lang='grc' dir='ltr'>καὶτοῦτο,</span> <span class='ocrx_word' id='word_1_14' title='bbox 3001 516 3049 568; x_wconf 82' lang='grc' dir='ltr'>εἰ</span> <span class='ocrx_word' id='word_1_15' title='bbox 3077 514 3208 584; x_wconf 80' lang='grc' dir='ltr'>παρ’</span> <span class='ocrx_word' id='word_1_16' title='bbox 3233 511 3396 567; x_wconf 76' lang='grc' dir='ltr'>αὑτὸν</span> <span class='ocrx_word' id='word_1_17' title='bbox 3428 514 3503 583; x_wconf 83' lang='grc' dir='ltr'>μὴ</span> <span class='ocrx_word' id='word_1_18' title='bbox 3538 506 3672 583; x_wconf 75' lang='grc' dir='ltr'>ἦλθε</span> <span class='ocrx_word' id='word_1_19' title='bbox 3715 512 3818 567; x_wconf 75' lang='grc' dir='ltr'>καὶ</span> 
     </span>
    </p>
   </div>
   <div class='ocr_carea' id='block_1_6' title="bbox 549 594 2123 668">
    <p class='ocr_par' dir='ltr' id='par_1_6' title="bbox 549 594 2123 668">
     <span class='ocr_line' id='line_1_6' title="bbox 549 594 2123 668; baseline 0.004 -21"><span class='ocrx_word' id='word_1_20' title='bbox 549 594 757 657; x_wconf 83' lang='lat' dir='ltr'><strong>fecerit,</strong></span> <span class='ocrx_word' id='word_1_21' title='bbox 794 596 1044 664; x_wconf 86' lang='lat' dir='ltr'><strong>punietur</strong></span> <span class='ocrx_word' id='word_1_22' title='bbox 1071 604 1236 664; x_wconf 91' lang='lat' dir='ltr'><strong>atque</strong></span> <span class='ocrx_word' id='word_1_23' title='bbox 1265 595 1317 649; x_wconf 93' lang='lat' dir='ltr'><strong>id</strong></span> <span class='ocrx_word' id='word_1_24' title='bbox 1349 595 1592 665; x_wconf 87' lang='lat' dir='ltr'><strong>quidem,</strong></span> <span class='ocrx_word' id='word_1_25' title='bbox 1620 598 1663 651; x_wconf 96' lang='lat' dir='ltr'><strong>si</strong></span> <span class='ocrx_word' id='word_1_26' title='bbox 1696 612 1792 668; x_wconf 91' lang='lat' dir='ltr'><strong>per</strong></span> <span class='ocrx_word' id='word_1_27' title='bbox 1821 598 1998 667; x_wconf 88' lang='lat' dir='ltr'><strong>ipsum</strong></span> <span class='ocrx_word' id='word_1_28' title='bbox 2029 616 2123 655; x_wconf 85' lang='lat' dir='ltr'><strong>so-</strong></span> 
     </span>
    </p>
   </div>
   <div class='ocr_carea' id='block_1_7' title="bbox 546 686 2125 761">
    <p class='ocr_par' dir='ltr' id='par_1_7' title="bbox 546 686 2125 761">
     <span class='ocr_line' id='line_1_7' title="bbox 546 686 2125 761; baseline 0.004 -22"><span class='ocrx_word' id='word_1_29' title='bbox 546 686 656 740; x_wconf 89' lang='lat' dir='ltr'><strong>lum</strong></span> <span class='ocrx_word' id='word_1_30' title='bbox 692 686 934 751; x_wconf 88' lang='lat' dir='ltr'><strong>steterit,</strong></span> <span class='ocrx_word' id='word_1_31' title='bbox 979 686 1272 756; x_wconf 86' lang='lat' dir='ltr'><strong>quominus</strong></span> <span class='ocrx_word' id='word_1_32' title='bbox 1319 687 1387 741; x_wconf 91' lang='lat' dir='ltr'><strong>ad</strong></span> <span class='ocrx_word' id='word_1_33' title='bbox 1438 686 1705 742; x_wconf 85' lang='lat' dir='ltr'><strong>nefarium</strong></span> <span class='ocrx_word' id='word_1_34' title='bbox 1758 688 1970 745; x_wconf 79' lang='lat' dir='ltr'><strong>facinus</strong></span> <span class='ocrx_word' id='word_1_35' title='bbox 2000 706 2125 761; x_wconf 91' lang='lat' dir='ltr'><strong>per-</strong></span> 
     </span>
    </p>
   </div>
   <div class='ocr_carea' id='block_1_8' title="bbox 541 777 2121 854">
    <p class='ocr_par' dir='ltr' id='par_1_8' title="bbox 541 777 2121 854">
     <span class='ocr_line' id='line_1_8' title="bbox 541 777 2121 854; baseline 0.007 -26"><span class='ocrx_word' id='word_1_36' title='bbox 541 778 864 847; x_wconf 80' lang='lat' dir='ltr'><strong>petrandum</strong></span> <span class='ocrx_word' id='word_1_37' title='bbox 912 780 1226 833; x_wconf 83' lang='lat' dir='ltr'><strong>accesserit.</strong></span> <span class='ocrx_word' id='word_1_38' title='bbox 1275 777 1410 833; x_wconf 85' lang='lat' dir='ltr'><strong>Nam</strong></span> <span class='ocrx_word' id='word_1_39' title='bbox 1473 781 1518 836; x_wconf 91' lang='lat' dir='ltr'><strong>si</strong></span> <span class='ocrx_word' id='word_1_40' title='bbox 1570 792 1929 852; x_wconf 73' lang='lat' dir='ltr'><strong>praeterquam</strong></span> <span class='ocrx_word' id='word_1_41' title='bbox 1977 787 2121 854; x_wconf 74' lang='lat' dir='ltr'><strong>quod</strong></span> 
     </span>
    </p>
   </div>
   <div class='ocr_carea' id='block_1_9' title="bbox 540 867 2119 943">
    <p class='ocr_par' dir='ltr' id='par_1_9' title="bbox 540 867 2119 943">
     <span class='ocr_line' id='line_1_9' title="bbox 540 867 2119 943; baseline 0.009 -27"><span class='ocrx_word' id='word_1_42' title='bbox 540 867 731 931; x_wconf 83' lang='lat' dir='ltr'><strong>\oluit,</strong></span> <span class='ocrx_word' id='word_1_43' title='bbox 767 869 1049 923; x_wconf 88' lang='lat' dir='ltr'><strong>attentarit</strong></span> <span class='ocrx_word' id='word_1_44' title='bbox 1075 870 1318 938; x_wconf 87' lang='lat' dir='ltr'><strong>quidem,</strong></span> <span class='ocrx_word' id='word_1_45' title='bbox 1379 872 1472 925; x_wconf 89' lang='lat' dir='ltr'><strong>sed</strong></span> <span class='ocrx_word' id='word_1_46' title='bbox 1524 888 1713 941; x_wconf 87' lang='lat' dir='ltr'><strong>parum</strong></span> <span class='ocrx_word' id='word_1_47' title='bbox 1751 876 2119 943; x_wconf 85' lang='lat' dir='ltr'><strong>processerit;</strong></span> 
     </span>
    </p>
   </div>
   <div class='ocr_carea' id='block_1_10' title="bbox 538 956 2123 1035">
    <p class='ocr_par' dir='ltr' id='par_1_10' title="bbox 538 956 2123 1035">
     <span class='ocr_line' id='line_1_10' title="bbox 538 956 2123 1035; baseline 0.008 -25"><span class='ocrx_word' id='word_1_48' title='bbox 538 956 726 1011; x_wconf 79' lang='lat' dir='ltr'><strong>itidem</strong></span> <span class='ocrx_word' id='word_1_49' title='bbox 762 960 1035 1027; x_wconf 86' lang='lat' dir='ltr'><strong>punietur,</strong></span> <span class='ocrx_word' id='word_1_50' title='bbox 1085 969 1143 1014; x_wconf 91' lang='lat' dir='ltr'><strong>ut</strong></span> <span class='ocrx_word' id='word_1_51' title='bbox 1174 962 1266 1030; x_wconf 89' lang='lat' dir='ltr'><strong>qui</strong></span> <span class='ocrx_word' id='word_1_52' title='bbox 1308 977 1415 1017; x_wconf 93' lang='lat' dir='ltr'><strong>non</strong></span> <span class='ocrx_word' id='word_1_53' title='bbox 1447 964 1564 1018; x_wconf 91' lang='lat' dir='ltr'><strong>solo</strong></span> <span class='ocrx_word' id='word_1_54' title='bbox 1594 966 1778 1031; x_wconf 87' lang='lat' dir='ltr'><strong>corde,</strong></span> <span class='ocrx_word' id='word_1_55' title='bbox 1826 966 1917 1021; x_wconf 89' lang='lat' dir='ltr'><strong>sed</strong></span> <span class='ocrx_word' id='word_1_56' title='bbox 1960 982 2123 1035; x_wconf 85' lang='lat' dir='ltr'><strong>opere</strong></span> 
     </span>
    </p>
   </div>
   <div class='ocr_carea' id='block_1_11' title="bbox 539 1048 2120 1128">
    <p class='ocr_par' dir='ltr' id='par_1_11' title="bbox 539 1048 2120 1128">
     <span class='ocr_line' id='line_1_11' title="bbox 539 1048 2120 1128; baseline 0.008 -26"><span class='ocrx_word' id='word_1_57' title='bbox 539 1048 658 1117; x_wconf 82' lang='lat' dir='ltr'><strong>ipso</strong></span> <span class='ocrx_word' id='word_1_58' title='bbox 694 1051 1017 1118; x_wconf 83' lang='lat' dir='ltr'><strong>peccaverit.</strong></span> <span class='ocrx_word' id='word_1_59' title='bbox 1061 1053 1139 1106; x_wconf 87' lang='lat' dir='ltr'><strong>Ad</strong></span> <span class='ocrx_word' id='word_1_60' title='bbox 1175 1053 1288 1108; x_wconf 70' lang='lat' dir='ltr'><strong>lucc</strong></span> <span class='ocrx_word' id='word_1_61' title='bbox 1314 1053 1511 1123; x_wconf 83' lang='lat' dir='ltr'><strong>aliquis</strong></span> <span class='ocrx_word' id='word_1_62' title='bbox 1537 1057 1868 1123; x_wconf 75' lang='lat' dir='ltr'><strong>quaesiverit,</strong></span> <span class='ocrx_word' id='word_1_63' title='bbox 1901 1073 1969 1112; x_wconf 90' lang='lat' dir='ltr'><strong>an</strong></span> <span class='ocrx_word' id='word_1_64' title='bbox 1996 1060 2120 1128; x_wconf 87' lang='lat' dir='ltr'><strong>quis</strong></span> 
     </span>
    </p>
   </div>
   <div class='ocr_carea' id='block_1_12' title="bbox 535 1140 2120 1220">
    <p class='ocr_par' dir='ltr' id='par_1_12' title="bbox 535 1140 2120 1220">
     <span class='ocr_line' id='line_1_12' title="bbox 535 1140 2120 1220; baseline 0.009 -28"><span class='ocrx_word' id='word_1_65' title='bbox 535 1140 703 1194; x_wconf 89' lang='lat' dir='ltr'><strong>corde</strong></span> <span class='ocrx_word' id='word_1_66' title='bbox 756 1142 873 1196; x_wconf 89' lang='lat' dir='ltr'><strong>solo</strong></span> <span class='ocrx_word' id='word_1_67' title='bbox 912 1142 1269 1208; x_wconf 88' lang='lat' dir='ltr'><strong>adulteratur,</strong></span> <span class='ocrx_word' id='word_1_68' title='bbox 1323 1145 1450 1201; x_wconf 83' lang='lat' dir='ltr'><strong>licet</strong></span> <span class='ocrx_word' id='word_1_69' title='bbox 1478 1146 1653 1214; x_wconf 90' lang='lat' dir='ltr'><strong>ipsum</strong></span> <span class='ocrx_word' id='word_1_70' title='bbox 1694 1147 1944 1203; x_wconf 88' lang='lat' dir='ltr'><strong>adulterii</strong></span> <span class='ocrx_word' id='word_1_71' title='bbox 1982 1165 2120 1220; x_wconf 91' lang='lat' dir='ltr'><strong>opus</strong></span> 
     </span>
    </p>
   </div>
   <div class='ocr_carea' id='block_1_13' title="bbox 534 1232 2118 1308">
    <p class='ocr_par' dir='ltr' id='par_1_13' title="bbox 534 1232 2118 1308">
     <span class='ocr_line' id='line_1_13' title="bbox 534 1232 2118 1308; baseline 0.007 -25"><span class='ocrx_word' id='word_1_72' title='bbox 534 1244 642 1283; x_wconf 91' lang='lat' dir='ltr'><strong>non</strong></span> <span class='ocrx_word' id='word_1_73' title='bbox 669 1232 970 1299; x_wconf 82' lang='lat' dir='ltr'><strong>admiserit,</strong></span> <span class='ocrx_word' id='word_1_74' title='bbox 1006 1235 1098 1289; x_wconf 84' lang='lat' dir='ltr'><strong>sed</strong></span> <span class='ocrx_word' id='word_1_75' title='bbox 1131 1236 1249 1289; x_wconf 89' lang='lat' dir='ltr'><strong>solo</strong></span> <span class='ocrx_word' id='word_1_76' title='bbox 1281 1237 1447 1293; x_wconf 91' lang='lat' dir='ltr'><strong>corde</strong></span> <span class='ocrx_word' id='word_1_77' title='bbox 1490 1238 1860 1308; x_wconf 88' lang='lat' dir='ltr'><strong>intemperans</strong></span> <span class='ocrx_word' id='word_1_78' title='bbox 1889 1240 1980 1296; x_wconf 90' lang='lat' dir='ltr'><strong>sit.</strong></span> <span class='ocrx_word' id='word_1_79' title='bbox 2028 1239 2118 1295; x_wconf 90' lang='lat' dir='ltr'><strong>Si-</strong></span> 
     </span>
    </p>
   </div>
   <div class='ocr_carea' id='block_1_14' title="bbox 532 1324 2119 1402">
    <p class='ocr_par' dir='ltr' id='par_1_14' title="bbox 532 1324 2119 1402">
     <span class='ocr_line' id='line_1_14' title="bbox 532 1324 2119 1402; baseline 0.007 -23"><span class='ocrx_word' id='word_1_80' title='bbox 532 1325 662 1379; x_wconf 84' lang='lat' dir='ltr'><strong>mile</strong></span> <span class='ocrx_word' id='word_1_81' title='bbox 715 1324 884 1381; x_wconf 87' lang='lat' dir='ltr'><strong>facies</strong></span> <span class='ocrx_word' id='word_1_82' title='bbox 925 1326 994 1382; x_wconf 92' lang='lat' dir='ltr'><strong>de</strong></span> <span class='ocrx_word' id='word_1_83' title='bbox 1044 1328 1271 1398; x_wconf 85' lang='lat' dir='ltr'><strong>reliquis</strong></span> <span class='ocrx_word' id='word_1_84' title='bbox 1309 1330 1470 1385; x_wconf 86' lang='lat' dir='ltr'><strong>rebus</strong></span> <span class='ocrx_word' id='word_1_85' title='bbox 1512 1331 1669 1384; x_wconf 85' lang='lat' dir='ltr'><strong>laude</strong></span> <span class='ocrx_word' id='word_1_86' title='bbox 1698 1331 1898 1402; x_wconf 79' lang='lat' dir='ltr'><strong>dignis.</strong></span> <span class='ocrx_word' id='word_1_87' title='bbox 1950 1331 2119 1390; x_wconf 87' lang='lat' dir='ltr'><strong>Habet</strong></span> 
     </span>
    </p>
   </div>
   <div class='ocr_carea' id='block_1_15' title="bbox 531 1417 2116 1492">
    <p class='ocr_par' dir='ltr' id='par_1_15' title="bbox 531 1417 2116 1492">
     <span class='ocr_line' id='line_1_15' title="bbox 531 1417 2116 1492; baseline 0.007 -22"><span class='ocrx_word' id='word_1_88' title='bbox 531 1425 713 1471; x_wconf 89' lang='lat' dir='ltr'><strong>autem</strong></span> <span class='ocrx_word' id='word_1_89' title='bbox 766 1417 972 1488; x_wconf 89' lang='lat' dir='ltr'><strong>aliquid</strong></span> <span class='ocrx_word' id='word_1_90' title='bbox 1025 1419 1179 1475; x_wconf 90' lang='lat' dir='ltr'><strong>locus</strong></span> <span class='ocrx_word' id='word_1_91' title='bbox 1238 1420 1377 1486; x_wconf 90' lang='lat' dir='ltr'><strong>iste,</strong></span> <span class='ocrx_word' id='word_1_92' title='bbox 1432 1437 1542 1491; x_wconf 92' lang='lat' dir='ltr'><strong>quo</strong></span> <span class='ocrx_word' id='word_1_93' title='bbox 1597 1423 1951 1492; x_wconf 84' lang='lat' dir='ltr'><strong>probabiliter</strong></span> <span class='ocrx_word' id='word_1_94' title='bbox 2000 1424 2116 1481; x_wconf 88' lang='lat' dir='ltr'><strong>falli</strong></span> 
     </span>
    </p>
   </div>
   <div class='ocr_carea' id='block_1_16' title="bbox 532 1507 2115 1579">
    <p class='ocr_par' dir='ltr' id='par_1_16' title="bbox 532 1507 2115 1579">
     <span class='ocr_line' id='line_1_16' title="bbox 532 1507 2115 1579; baseline 0.008 -19"><span class='ocrx_word' id='word_1_95' title='bbox 532 1507 842 1575; x_wconf 88' lang='lat' dir='ltr'><strong>possimus,</strong></span> <span class='ocrx_word' id='word_1_96' title='bbox 871 1510 1018 1577; x_wconf 89' lang='lat' dir='ltr'><strong>quod</strong></span> <span class='ocrx_word' id='word_1_97' title='bbox 1057 1525 1153 1571; x_wconf 84' lang='lat' dir='ltr'><strong>ea.</strong></span> <span class='ocrx_word' id='word_1_98' title='bbox 1198 1511 1434 1579; x_wconf 89' lang='lat' dir='ltr'><strong>opinor,</strong></span> <span class='ocrx_word' id='word_1_99' title='bbox 1478 1513 1693 1569; x_wconf 88' lang='lat' dir='ltr'><strong>ratione</strong></span> <span class='ocrx_word' id='word_1_100' title='bbox 1728 1518 2115 1573; x_wconf 86' lang='lat' dir='ltr'><strong>removendum</strong></span> 
     </span>
    </p>
   </div>
   <div class='ocr_carea' id='block_1_17' title="bbox 528 1599 2109 1681">
    <p class='ocr_par' dir='ltr' id='par_1_17' title="bbox 528 1599 2109 1681">
     <span class='ocr_line' id='line_1_17' title="bbox 528 1599 2109 1681; baseline 0.012 -30"><span class='ocrx_word' id='word_1_101' title='bbox 528 1607 632 1652; x_wconf 83' lang='lat' dir='ltr'><strong>est.</strong></span> <span class='ocrx_word' id='word_1_102' title='bbox 666 1599 1006 1658; x_wconf 82' lang='lat' dir='ltr'><strong>Adulterium</strong></span> <span class='ocrx_word' id='word_1_103' title='bbox 1035 1605 1087 1658; x_wconf 92' lang='lat' dir='ltr'><strong>in</strong></span> <span class='ocrx_word' id='word_1_104' title='bbox 1115 1606 1280 1659; x_wconf 88' lang='lat' dir='ltr'><strong>corde</strong></span> <span class='ocrx_word' id='word_1_105' title='bbox 1306 1607 1628 1675; x_wconf 87' lang='lat' dir='ltr'><strong>admissum,</strong></span> <span class='ocrx_word' id='word_1_106' title='bbox 1668 1611 1847 1665; x_wconf 91' lang='lat' dir='ltr'><strong>minus</strong></span> <span class='ocrx_word' id='word_1_107' title='bbox 1872 1623 1955 1667; x_wconf 89' lang='lat' dir='ltr'><strong>est</strong></span> <span class='ocrx_word' id='word_1_108' title='bbox 1986 1629 2109 1681; x_wconf 84' lang='lat' dir='ltr'><strong>pec-</strong></span> 
     </span>
    </p>
   </div>
   <div class='ocr_carea' id='block_1_18' title="bbox 528 1695 2113 1780">
    <p class='ocr_par' dir='ltr' id='par_1_18' title="bbox 528 1695 2113 1780">
     <span class='ocr_line' id='line_1_18' title="bbox 528 1695 2113 1780; baseline 0.012 -41"><span class='ocrx_word' id='word_1_109' title='bbox 528 1697 736 1756; x_wconf 88' lang='lat' dir='ltr'><strong>catum,</strong></span> <span class='ocrx_word' id='word_1_110' title='bbox 766 1708 930 1760; x_wconf 89' lang='lat' dir='ltr'><strong>quam</strong></span> <span class='ocrx_word' id='word_1_111' title='bbox 966 1695 1011 1748; x_wconf 92' lang='lat' dir='ltr'><strong>si</strong></span> <span class='ocrx_word' id='word_1_112' title='bbox 1039 1697 1163 1764; x_wconf 85' lang='lat' dir='ltr'><strong>quis</strong></span> <span class='ocrx_word' id='word_1_113' title='bbox 1194 1711 1333 1766; x_wconf 92' lang='lat' dir='ltr'><strong>opus</strong></span> <span class='ocrx_word' id='word_1_114' title='bbox 1381 1698 1558 1766; x_wconf 90' lang='lat' dir='ltr'><strong>ipsum</strong></span> <span class='ocrx_word' id='word_1_115' title='bbox 1591 1699 1920 1780; x_wconf 73' lang='lat' dir='ltr'><strong>adiunxerit.</strong></span> <span class='ocrx_word' id='word_1_116' title='bbox 1971 1701 2113 1758; x_wconf 86' lang='lat' dir='ltr'><strong>Fieri</strong></span> 
     </span>
    </p>
   </div>
   <div class='ocr_carea' id='block_1_19' title="bbox 2226 601 3820 678">
    <p class='ocr_par' dir='ltr' id='par_1_19' title="bbox 2226 601 3820 678">
     <span class='ocr_line' id='line_1_19' title="bbox 2226 601 3820 678; baseline 0.002 -25"><span class='ocrx_word' id='word_1_117' title='bbox 2226 602 2320 654; x_wconf 73' lang='grc' dir='ltr'><strong>ἐπὶ</strong></span> <span class='ocrx_word' id='word_1_118' title='bbox 2351 602 2451 671; x_wconf 87' lang='grc' dir='ltr'>τὴν</span> <span class='ocrx_word' id='word_1_119' title='bbox 2478 601 2757 674; x_wconf 80' lang='grc' dir='ltr'>μοχθηρὰν</span> <span class='ocrx_word' id='word_1_120' title='bbox 2783 605 3004 671; x_wconf 76' lang='grc' dir='ltr'>πρᾶξιν.</span> <span class='ocrx_word' id='word_1_121' title='bbox 3034 607 3097 660; x_wconf 88' lang='grc' dir='ltr'><strong>Εἰ</strong></span> <span class='ocrx_word' id='word_1_122' title='bbox 3132 606 3243 678; x_wconf 85' lang='grc' dir='ltr'><strong>γὰρ</strong></span> <span class='ocrx_word' id='word_1_123' title='bbox 3270 605 3408 676; x_wconf 75' lang='grc' dir='ltr'>πρὸς</span> <span class='ocrx_word' id='word_1_124' title='bbox 3429 605 3507 675; x_wconf 75' lang='grc' dir='ltr'>τῷ</span> <span class='ocrx_word' id='word_1_125' title='bbox 3554 603 3820 675; x_wconf 79' lang='grc' dir='ltr'>βεϐουλῆ-</span> 
     </span>
    </p>
   </div>
   <div class='ocr_carea' id='block_1_20' title="bbox 2227 691 3813 769">
    <p class='ocr_par' dir='ltr' id='par_1_20' title="bbox 2227 691 3813 769">
     <span class='ocr_line' id='line_1_20' title="bbox 2227 691 3813 769; baseline 0.004 -25"><span class='ocrx_word' id='word_1_126' title='bbox 2227 691 2348 745; x_wconf 88' lang='grc' dir='ltr'>σθαι</span> <span class='ocrx_word' id='word_1_127' title='bbox 2382 694 2691 765; x_wconf 85' lang='grc' dir='ltr'>ἐνεχείρησε</span> <span class='ocrx_word' id='word_1_128' title='bbox 2737 696 2836 766; x_wconf 79' lang='grc' dir='ltr'>μὲν</span> <span class='ocrx_word' id='word_1_129' title='bbox 2857 736 2871 761; x_wconf 94' lang='grc'><strong>,</strong></span> <span class='ocrx_word' id='word_1_130' title='bbox 2901 698 2963 751; x_wconf 75' lang='grc' dir='ltr'><strong>οὐ</strong></span> <span class='ocrx_word' id='word_1_131' title='bbox 2986 697 3206 768; x_wconf 80' lang='grc' dir='ltr'><strong>τέτευχε</strong></span> <span class='ocrx_word' id='word_1_132' title='bbox 3236 698 3295 752; x_wconf 86' lang='grc' dir='ltr'>δὲ</span> <span class='ocrx_word' id='word_1_133' title='bbox 3313 738 3328 762; x_wconf 88' lang='grc'><strong>,</strong></span> <span class='ocrx_word' id='word_1_134' title='bbox 3380 697 3813 769; x_wconf 78' lang='grc' dir='ltr'><strong>κολασθήσεται,</strong></span> 
     </span>
    </p>
   </div>
   <div class='ocr_carea' id='block_1_21' title="bbox 2223 783 3816 861">
    <p class='ocr_par' dir='ltr' id='par_1_21' title="bbox 2223 783 3816 861">
     <span class='ocr_line' id='line_1_21' title="bbox 2223 783 3816 861; baseline 0.005 -27"><span class='ocrx_word' id='word_1_135' title='bbox 2223 783 2322 853; x_wconf 72' lang='grc' dir='ltr'>οὐχ</span> <span class='ocrx_word' id='word_1_136' title='bbox 2347 783 2424 846; x_wconf 85' lang='grc' dir='ltr'>ὼς</span> <span class='ocrx_word' id='word_1_137' title='bbox 2444 786 2508 854; x_wconf 85' lang='grc' dir='ltr'>τῇ</span> <span class='ocrx_word' id='word_1_138' title='bbox 2534 784 2732 857; x_wconf 77' lang='grc' dir='ltr'>καρδίᾳ</span> <span class='ocrx_word' id='word_1_139' title='bbox 2767 786 2924 858; x_wconf 84' lang='grc' dir='ltr'>μόνῃ,</span> <span class='ocrx_word' id='word_1_140' title='bbox 2956 786 3092 840; x_wconf 78' lang='grc' dir='ltr'>ἀλλὰ</span> <span class='ocrx_word' id='word_1_141' title='bbox 3117 788 3212 840; x_wconf 73' lang='grc' dir='ltr'>καὶ</span> <span class='ocrx_word' id='word_1_142' title='bbox 3235 790 3302 858; x_wconf 76' lang='grc' dir='ltr'>τῇ</span> <span class='ocrx_word' id='word_1_143' title='bbox 3326 788 3521 859; x_wconf 81' lang='grc' dir='ltr'>πράξει</span> <span class='ocrx_word' id='word_1_144' title='bbox 3550 790 3816 861; x_wconf 63' lang='grc' dir='ltr'>ήμαρτηυ</span> 
     </span>
    </p>
   </div>
   <div class='ocr_carea' id='block_1_22' title="bbox 2225 874 3814 951">
    <p class='ocr_par' dir='ltr' id='par_1_22' title="bbox 2225 874 3814 951">
     <span class='ocr_line' id='line_1_22' title="bbox 2225 874 3814 951; baseline 0.005 -24"><span class='ocrx_word' id='word_1_145' title='bbox 2225 874 2354 938; x_wconf 83' lang='grc' dir='ltr'>κῶς.</span> <span class='ocrx_word' id='word_1_146' title='bbox 2386 877 2625 947; x_wconf 87' lang='grc' dir='ltr'>Ζητήσαι</span> <span class='ocrx_word' id='word_1_147' title='bbox 2658 876 2702 930; x_wconf 85' lang='grc' dir='ltr'>δ’</span> <span class='ocrx_word' id='word_1_148' title='bbox 2735 877 2802 931; x_wconf 80' lang='grc' dir='ltr'>ἄν</span> <span class='ocrx_word' id='word_1_149' title='bbox 2834 895 2919 941; x_wconf 87' lang='grc' dir='ltr'><strong>τις</strong></span> <span class='ocrx_word' id='word_1_150' title='bbox 2947 879 3083 949; x_wconf 87' lang='grc' dir='ltr'>πρὸς</span> <span class='ocrx_word' id='word_1_151' title='bbox 3105 878 3173 933; x_wconf 84' lang='grc' dir='ltr'>τὰ</span> <span class='ocrx_word' id='word_1_152' title='bbox 3198 879 3442 942; x_wconf 71' lang='grc' dir='ltr'>τοιαῦτα,</span> <span class='ocrx_word' id='word_1_153' title='bbox 3476 881 3524 932; x_wconf 84' lang='grc' dir='ltr'><strong>εί</strong></span> <span class='ocrx_word' id='word_1_154' title='bbox 3564 883 3814 951; x_wconf 77' lang='grc' dir='ltr'><strong>μοιχεύει</strong></span> 
     </span>
    </p>
   </div>
   <div class='ocr_carea' id='block_1_23' title="bbox 2224 967 3815 1045">
    <p class='ocr_par' dir='ltr' id='par_1_23' title="bbox 2224 967 3815 1045">
     <span class='ocr_line' id='line_1_23' title="bbox 2224 967 3815 1045; baseline 0.017 -26"><span class='ocrx_word' id='word_1_155' title='bbox 2224 967 2325 1036; x_wconf 83' lang='grc' dir='ltr'><strong>μέν</strong></span> <span class='ocrx_word' id='word_1_156' title='bbox 2353 984 2436 1031; x_wconf 87' lang='grc' dir='ltr'><strong>τις</strong></span> <span class='ocrx_word' id='word_1_157' title='bbox 2463 970 2520 1023; x_wconf 92' lang='grc' dir='ltr'><strong>ἐν</strong></span> <span class='ocrx_word' id='word_1_158' title='bbox 2552 971 2617 1040; x_wconf 82' lang='grc' dir='ltr'>τῇ</span> <span class='ocrx_word' id='word_1_159' title='bbox 2648 968 2846 1041; x_wconf 71' lang='grc' dir='ltr'>καρδίᾳ</span> <span class='ocrx_word' id='word_1_160' title='bbox 2871 971 3028 1043; x_wconf 69' lang='grc' dir='ltr'>μόνῃ,</span> <span class='ocrx_word' id='word_1_161' title='bbox 3056 970 3158 1026; x_wconf 74' lang='grc' dir='ltr'><strong>κᾶν</strong></span> <span class='ocrx_word' id='word_1_162' title='bbox 3190 971 3266 1044; x_wconf 70' lang='grc' dir='ltr'><strong>μὴ</strong></span> <span class='ocrx_word' id='word_1_163' title='bbox 3299 972 3376 1044; x_wconf 87' lang='grc'><strong>(9)</strong></span> <span class='ocrx_word' id='word_1_164' title='bbox 3404 973 3467 1026; x_wconf 68' lang='grc' dir='ltr'><strong>τὸ</strong></span> <span class='ocrx_word' id='word_1_165' title='bbox 3500 972 3662 1044; x_wconf 74' lang='grc' dir='ltr'>ἔργον</span> <span class='ocrx_word' id='word_1_166' title='bbox 3702 975 3815 1045; x_wconf 64' lang='grc' dir='ltr'><strong>τῆς</strong></span> 
     </span>
    </p>
   </div>
   <div class='ocr_carea' id='block_1_24' title="bbox 2225 1058 3810 1139">
    <p class='ocr_par' dir='ltr' id='par_1_24' title="bbox 2225 1058 3810 1139">
     <span class='ocr_line' id='line_1_24' title="bbox 2225 1058 3810 1139; baseline 0.009 -29"><span class='ocrx_word' id='word_1_167' title='bbox 2225 1060 2466 1129; x_wconf 82' lang='grc' dir='ltr'>μοιχείας</span> <span class='ocrx_word' id='word_1_168' title='bbox 2496 1062 2719 1133; x_wconf 80' lang='grc' dir='ltr'>ποιήσῃ,</span> <span class='ocrx_word' id='word_1_169' title='bbox 2754 1063 2815 1114; x_wconf 85' lang='grc' dir='ltr'><strong>οὐ</strong></span> <span class='ocrx_word' id='word_1_170' title='bbox 2848 1058 3118 1134; x_wconf 81' lang='grc' dir='ltr'>σωφρονεῖ</span> <span class='ocrx_word' id='word_1_171' title='bbox 3144 1063 3201 1119; x_wconf 85' lang='grc' dir='ltr'>δὲ</span> <span class='ocrx_word' id='word_1_172' title='bbox 3224 1066 3283 1118; x_wconf 81' lang='grc' dir='ltr'><strong>ἐν</strong></span> <span class='ocrx_word' id='word_1_173' title='bbox 3311 1064 3448 1137; x_wconf 81' lang='grc' dir='ltr'>μόνῃ</span> <span class='ocrx_word' id='word_1_174' title='bbox 3486 1068 3555 1137; x_wconf 80' lang='grc' dir='ltr'>τῇ</span> <span class='ocrx_word' id='word_1_175' title='bbox 3582 1066 3810 1139; x_wconf 80' lang='grc' dir='ltr'>καρδίᾳ.</span> 
     </span>
    </p>
   </div>
   <div class='ocr_carea' id='block_1_25' title="bbox 2221 1150 3838 1229">
    <p class='ocr_par' dir='ltr' id='par_1_25' title="bbox 2221 1150 3838 1229">
     <span class='ocr_line' id='line_1_25' title="bbox 2221 1150 3838 1229; baseline 0.007 -28"><span class='ocrx_word' id='word_1_176' title='bbox 2221 1150 2295 1201; x_wconf 84' lang='grc' dir='ltr'>Τὸ</span> <span class='ocrx_word' id='word_1_177' title='bbox 2332 1151 2712 1222; x_wconf 86' lang='grc' dir='ltr'>παραπλήσιον</span> <span class='ocrx_word' id='word_1_178' title='bbox 2745 1153 2803 1206; x_wconf 83' lang='grc' dir='ltr'><strong>δέ</strong></span> <span class='ocrx_word' id='word_1_179' title='bbox 2836 1154 2930 1207; x_wconf 76' lang='grc' dir='ltr'>καὶ</span> <span class='ocrx_word' id='word_1_180' title='bbox 2975 1155 3103 1226; x_wconf 72' lang='grc' dir='ltr'>περὶ</span> <span class='ocrx_word' id='word_1_181' title='bbox 3144 1154 3252 1210; x_wconf 87' lang='grc' dir='ltr'><strong>τῶν</strong></span> <span class='ocrx_word' id='word_1_182' title='bbox 3297 1155 3498 1211; x_wconf 79' lang='grc' dir='ltr'>λοιπῶν</span> <span class='ocrx_word' id='word_1_183' title='bbox 3557 1161 3838 1229; x_wconf 66' lang='grc' dir='ltr'><strong>ποιήσεις⁴</strong></span> 
     </span>
    </p>
   </div>
   <div class='ocr_carea' id='block_1_26' title="bbox 2220 1241 3810 1319">
    <p class='ocr_par' dir='ltr' id='par_1_26' title="bbox 2220 1241 3810 1319">
     <span class='ocr_line' id='line_1_26' title="bbox 2220 1241 3810 1319; baseline 0.006 -26"><span class='ocrx_word' id='word_1_184' title='bbox 2220 1241 2539 1295; x_wconf 89' lang='grc' dir='ltr'>ἐπαινετῶν.</span> <span class='ocrx_word' id='word_1_185' title='bbox 2576 1244 2731 1313; x_wconf 89' lang='grc' dir='ltr'>Ἔχει</span> <span class='ocrx_word' id='word_1_186' title='bbox 2762 1244 2820 1297; x_wconf 88' lang='grc' dir='ltr'><strong>δέ</strong></span> <span class='ocrx_word' id='word_1_187' title='bbox 2851 1262 2904 1297; x_wconf 90' lang='grc' dir='ltr'><strong>τι</strong></span> <span class='ocrx_word' id='word_1_188' title='bbox 2945 1244 3189 1310; x_wconf 82' lang='grc' dir='ltr'>πιθανῶς</span> <span class='ocrx_word' id='word_1_189' title='bbox 3236 1248 3384 1317; x_wconf 79' lang='grc' dir='ltr'>ἡμᾶς</span> <span class='ocrx_word' id='word_1_190' title='bbox 3425 1248 3810 1319; x_wconf 80' lang='grc' dir='ltr'>παραλογίσα-</span> 
     </span>
    </p>
   </div>
   <div class='ocr_carea' id='block_1_27' title="bbox 2221 1331 3811 1412">
    <p class='ocr_par' dir='ltr' id='par_1_27' title="bbox 2221 1331 3811 1412">
     <span class='ocr_line' id='line_1_27' title="bbox 2221 1331 3811 1412; baseline 0.006 -27"><span class='ocrx_word' id='word_1_191' title='bbox 2221 1331 2344 1386; x_wconf 85' lang='grc' dir='ltr'>σθαι</span> <span class='ocrx_word' id='word_1_192' title='bbox 2366 1333 2665 1403; x_wconf 83' lang='grc' dir='ltr'>δυνάμενον</span> <span class='ocrx_word' id='word_1_193' title='bbox 2692 1337 2720 1387; x_wconf 85' lang='grc' dir='ltr'>ὁ</span> <span class='ocrx_word' id='word_1_194' title='bbox 2747 1334 2945 1398; x_wconf 79' lang='grc' dir='ltr'>τόπος,</span> <span class='ocrx_word' id='word_1_195' title='bbox 2979 1338 3117 1407; x_wconf 85' lang='grc' dir='ltr'>ὅπερ</span> <span class='ocrx_word' id='word_1_196' title='bbox 3139 1336 3348 1403; x_wconf 85' lang='grc' dir='ltr'>τοῦτον,</span> <span class='ocrx_word' id='word_1_197' title='bbox 3377 1334 3530 1409; x_wconf 75' lang='grc' dir='ltr'>οἴμαι</span> <span class='ocrx_word' id='word_1_198' title='bbox 3547 1377 3564 1404; x_wconf 90' lang='grc'><strong>,</strong></span> <span class='ocrx_word' id='word_1_199' title='bbox 3592 1341 3811 1412; x_wconf 90' lang='grc' dir='ltr'>καθαρ-</span> 
     </span>
    </p>
   </div>
   <div class='ocr_carea' id='block_1_28' title="bbox 2216 1422 3809 1501">
    <p class='ocr_par' dir='ltr' id='par_1_28' title="bbox 2216 1422 3809 1501">
     <span class='ocr_line' id='line_1_28' title="bbox 2216 1422 3809 1501; baseline 0.006 -27"><span class='ocrx_word' id='word_1_200' title='bbox 2216 1422 2337 1474; x_wconf 82' lang='grc' dir='ltr'>τὲον</span> <span class='ocrx_word' id='word_1_201' title='bbox 2368 1423 2463 1476; x_wconf 81' lang='grc' dir='ltr'><strong>τὸν</strong></span> <span class='ocrx_word' id='word_1_202' title='bbox 2491 1424 2689 1495; x_wconf 83' lang='grc' dir='ltr'>τρόπον</span> <span class='ocrx_word' id='word_1_203' title='bbox 2707 1440 2721 1453; x_wconf 88' lang='grc'>·</span> <span class='ocrx_word' id='word_1_204' title='bbox 2755 1425 2985 1495; x_wconf 85' lang='grc' dir='ltr'>Μοιχεία</span> <span class='ocrx_word' id='word_1_205' title='bbox 3011 1425 3110 1496; x_wconf 84' lang='grc' dir='ltr'>μὲν</span> <span class='ocrx_word' id='word_1_206' title='bbox 3137 1427 3404 1500; x_wconf 82' lang='grc' dir='ltr'>γενομένη</span> <span class='ocrx_word' id='word_1_207' title='bbox 3429 1429 3487 1481; x_wconf 89' lang='grc' dir='ltr'><strong>ἐν</strong></span> <span class='ocrx_word' id='word_1_208' title='bbox 3508 1431 3574 1500; x_wconf 82' lang='grc' dir='ltr'>τῇ</span> <span class='ocrx_word' id='word_1_209' title='bbox 3603 1430 3809 1501; x_wconf 76' lang='grc' dir='ltr'>καρδίᾳ</span> 
     </span>
    </p>
   </div>
   <div class='ocr_carea' id='block_1_29' title="bbox 2217 1512 3808 1593">
    <p class='ocr_par' dir='ltr' id='par_1_29' title="bbox 2217 1512 3808 1593">
     <span class='ocr_line' id='line_1_29' title="bbox 2217 1512 3808 1593; baseline 0.006 -28"><span class='ocrx_word' id='word_1_210' title='bbox 2217 1512 2439 1570; x_wconf 79' lang='grc' dir='ltr'>ἔλαττόν</span> <span class='ocrx_word' id='word_1_211' title='bbox 2472 1518 2620 1570; x_wconf 87' lang='grc' dir='ltr'>ἐστιν</span> <span class='ocrx_word' id='word_1_212' title='bbox 2649 1516 2974 1588; x_wconf 78' lang='grc' dir='ltr'>ἁμάρτημα,</span> <span class='ocrx_word' id='word_1_213' title='bbox 3009 1518 3042 1586; x_wconf 80' lang='grc' dir='ltr'>ἢ</span> <span class='ocrx_word' id='word_1_214' title='bbox 3071 1521 3118 1571; x_wconf 87' lang='grc' dir='ltr'><strong>εί</strong></span> <span class='ocrx_word' id='word_1_215' title='bbox 3151 1519 3412 1592; x_wconf 80' lang='grc' dir='ltr'>προσθείη</span> <span class='ocrx_word' id='word_1_216' title='bbox 3444 1538 3530 1585; x_wconf 86' lang='grc' dir='ltr'><strong>τις</strong></span> <span class='ocrx_word' id='word_1_217' title='bbox 3564 1523 3661 1575; x_wconf 77' lang='grc' dir='ltr'>καὶ</span> <span class='ocrx_word' id='word_1_218' title='bbox 3702 1522 3808 1593; x_wconf 82' lang='grc' dir='ltr'>τὴν</span> 
     </span>
    </p>
   </div>
   <div class='ocr_carea' id='block_1_30' title="bbox 2218 1604 3806 1684">
    <p class='ocr_par' dir='ltr' id='par_1_30' title="bbox 2218 1604 3806 1684">
     <span class='ocr_line' id='line_1_30' title="bbox 2218 1604 3806 1684; baseline 0.006 -27"><span class='ocrx_word' id='word_1_219' title='bbox 2218 1604 2448 1674; x_wconf 80' lang='grc' dir='ltr'>πρᾶξιν·</span> <span class='ocrx_word' id='word_1_220' title='bbox 2492 1607 2773 1678; x_wconf 83' lang='grc' dir='ltr'>ἀμήχανον</span> <span class='ocrx_word' id='word_1_221' title='bbox 2813 1607 2870 1661; x_wconf 85' lang='grc' dir='ltr'>δὲ</span> <span class='ocrx_word' id='word_1_222' title='bbox 2902 1608 3254 1680; x_wconf 80' lang='grc' dir='ltr'>σωφροσύνην</span> <span class='ocrx_word' id='word_1_223' title='bbox 3292 1605 3432 1664; x_wconf 81' lang='grc' dir='ltr'>εῖναι</span> <span class='ocrx_word' id='word_1_224' title='bbox 3466 1614 3524 1665; x_wconf 92' lang='grc' dir='ltr'><strong>ἐν</strong></span> <span class='ocrx_word' id='word_1_225' title='bbox 3564 1612 3806 1684; x_wconf 79' lang='grc' dir='ltr'>καρδίᾳ,</span> 
     </span>
    </p>
   </div>
   <div class='ocr_carea' id='block_1_31' title="bbox 2216 1696 3810 1777">
    <p class='ocr_par' dir='ltr' id='par_1_31' title="bbox 2216 1696 3810 1777">
     <span class='ocr_line' id='line_1_31' title="bbox 2216 1696 3810 1777; baseline 0.008 -30"><span class='ocrx_word' id='word_1_226' title='bbox 2216 1696 2610 1766; x_wconf 76' lang='grc' dir='ltr'>ἐμποδίζουσαν</span> <span class='ocrx_word' id='word_1_227' title='bbox 2648 1702 2714 1770; x_wconf 75' lang='grc' dir='ltr'>τῇ</span> <span class='ocrx_word' id='word_1_228' title='bbox 2748 1705 3056 1773; x_wconf 79' lang='grc' dir='ltr'>σωφρονικῇ</span> <span class='ocrx_word' id='word_1_229' title='bbox 3104 1703 3331 1775; x_wconf 85' lang='grc' dir='ltr'>πράξει·</span> <span class='ocrx_word' id='word_1_230' title='bbox 3358 1706 3408 1757; x_wconf 88' lang='grc' dir='ltr'><strong>εί</strong></span> <span class='ocrx_word' id='word_1_231' title='bbox 3450 1704 3524 1776; x_wconf 83' lang='grc' dir='ltr'>μὴ</span> <span class='ocrx_word' id='word_1_232' title='bbox 3562 1707 3674 1777; x_wconf 77' lang='grc' dir='ltr'>ἄρα</span> <span class='ocrx_word' id='word_1_233' title='bbox 3717 1724 3810 1772; x_wconf 85' lang='grc' dir='ltr'><strong>τις</strong></span> 
     </span>
    </p>
   </div>
   <div class='ocr_carea' id='block_1_32' title="bbox 528 1786 2104 1865">
    <p class='ocr_par' dir='ltr' id='par_1_32' title="bbox 528 1786 2104 1862">
     <span class='ocr_line' id='line_1_32' title="bbox 528 1786 2104 1862; baseline 0.01 -32"><span class='ocrx_word' id='word_1_234' title='bbox 528 1786 711 1832; x_wconf 90' lang='lat' dir='ltr'><strong>autem</strong></span> <span class='ocrx_word' id='word_1_235' title='bbox 748 1796 854 1834; x_wconf 92' lang='lat' dir='ltr'><strong>non</strong></span> <span class='ocrx_word' id='word_1_236' title='bbox 903 1794 1077 1851; x_wconf 83' lang='lat' dir='ltr'><strong>potest</strong></span> <span class='ocrx_word' id='word_1_237' title='bbox 1118 1786 1431 1855; x_wconf 88' lang='lat' dir='ltr'><strong>pudicitiam</strong></span> <span class='ocrx_word' id='word_1_238' title='bbox 1477 1803 1599 1843; x_wconf 91' lang='lat' dir='ltr'><strong>esse</strong></span> <span class='ocrx_word' id='word_1_239' title='bbox 1640 1790 1694 1843; x_wconf 92' lang='lat' dir='ltr'><strong>in</strong></span> <span class='ocrx_word' id='word_1_240' title='bbox 1740 1791 1903 1845; x_wconf 87' lang='lat' dir='ltr'><strong>corde</strong></span> <span class='ocrx_word' id='word_1_241' title='bbox 1929 1833 1942 1857; x_wconf 93' lang='lat'><strong>,</strong></span> <span class='ocrx_word' id='word_1_242' title='bbox 1990 1808 2104 1862; x_wconf 63' lang='lat' dir='ltr'><strong>quae</strong></span> 
     </span>
    </p>
   </div>
   <div class='ocr_carea' id='block_1_33' title="bbox 2206 1786 3811 1865">
    <p class='ocr_par' dir='ltr' id='par_1_33' title="bbox 2217 1786 3811 1865">
     <span class='ocr_line' id='line_1_33' title="bbox 2217 1786 3811 1865; baseline 0.008 -28"><span class='ocrx_word' id='word_1_243' title='bbox 2217 1786 2310 1838; x_wconf 76' lang='grc' dir='ltr'><strong>καὶ</strong></span> <span class='ocrx_word' id='word_1_244' title='bbox 2333 1786 2426 1838; x_wconf 77' lang='grc' dir='ltr'><strong>ἐπὶ</strong></span> <span class='ocrx_word' id='word_1_245' title='bbox 2446 1787 2637 1840; x_wconf 79' lang='grc' dir='ltr'>τούτου</span> <span class='ocrx_word' id='word_1_246' title='bbox 2672 1788 2771 1861; x_wconf 81' lang='grc' dir='ltr'>τὴν</span> <span class='ocrx_word' id='word_1_247' title='bbox 2802 1791 2859 1842; x_wconf 89' lang='grc' dir='ltr'><strong>ἐν</strong></span> <span class='ocrx_word' id='word_1_248' title='bbox 2882 1791 3087 1863; x_wconf 81' lang='grc' dir='ltr'>ἐρημίᾳ</span> <span class='ocrx_word' id='word_1_249' title='bbox 3131 1792 3442 1862; x_wconf 82' lang='grc' dir='ltr'>βιασθεῖσαν</span> <span class='ocrx_word' id='word_1_250' title='bbox 3469 1795 3811 1865; x_wconf 76' lang='grc' dir='ltr'>παραλάϐοι,</span> 
     </span>
    </p>
   </div>
   <div class='ocr_carea' id='block_1_34' title="bbox 526 1868 2112 1949">
    <p class='ocr_par' dir='ltr' id='par_1_34' title="bbox 526 1868 2112 1949">
     <span class='ocr_line' id='line_1_34' title="bbox 526 1868 2112 1949; baseline 0.01 -29"><span class='ocrx_word' id='word_1_251' title='bbox 526 1868 796 1924; x_wconf 88' lang='lat' dir='ltr'><strong>actionem</strong></span> <span class='ocrx_word' id='word_1_252' title='bbox 834 1874 1082 1941; x_wconf 87' lang='lat' dir='ltr'><strong>pudicam</strong></span> <span class='ocrx_word' id='word_1_253' title='bbox 1121 1875 1379 1944; x_wconf 80' lang='lat' dir='ltr'><strong>impediat</strong></span> <span class='ocrx_word' id='word_1_254' title='bbox 1415 1895 1428 1930; x_wconf 93' lang='lat'><strong>:</strong></span> <span class='ocrx_word' id='word_1_255' title='bbox 1468 1877 1571 1932; x_wconf 86' lang='lat' dir='ltr'><strong>nisi</strong></span> <span class='ocrx_word' id='word_1_256' title='bbox 1603 1880 1727 1948; x_wconf 91' lang='lat' dir='ltr'><strong>quis</strong></span> <span class='ocrx_word' id='word_1_257' title='bbox 1764 1895 1929 1949; x_wconf 92' lang='lat' dir='ltr'><strong>super</strong></span> <span class='ocrx_word' id='word_1_258' title='bbox 1955 1898 2016 1935; x_wconf 89' lang='lat' dir='ltr'><strong>ea</strong></span> <span class='ocrx_word' id='word_1_259' title='bbox 2054 1898 2112 1936; x_wconf 90' lang='lat' dir='ltr'><strong>re</strong></span> 
     </span>
    </p>
   </div>
   <div class='ocr_carea' id='block_1_35' title="bbox 525 1961 2109 2040">
    <p class='ocr_par' dir='ltr' id='par_1_35' title="bbox 525 1961 2109 2040">
     <span class='ocr_line' id='line_1_35' title="bbox 525 1961 2109 2040; baseline 0.011 -31"><span class='ocrx_word' id='word_1_260' title='bbox 525 1968 771 2013; x_wconf 83' lang='lat' dir='ltr'><strong>assumat</strong></span> <span class='ocrx_word' id='word_1_261' title='bbox 821 1961 874 2014; x_wconf 92' lang='lat' dir='ltr'><strong>in</strong></span> <span class='ocrx_word' id='word_1_262' title='bbox 926 1964 1271 2032; x_wconf 81' lang='lat' dir='ltr'><strong>exemplum,</strong></span> <span class='ocrx_word' id='word_1_263' title='bbox 1314 1965 1471 2034; x_wconf 81' lang='lat' dir='ltr'><strong>juxta</strong></span> <span class='ocrx_word' id='word_1_264' title='bbox 1505 1967 1713 2037; x_wconf 81' lang='lat' dir='ltr'><strong>legem,</strong></span> <span class='ocrx_word' id='word_1_265' title='bbox 1756 1970 2020 2040; x_wconf 81' lang='lat' dir='ltr'><strong>virginem</strong></span> <span class='ocrx_word' id='word_1_266' title='bbox 2055 1973 2109 2026; x_wconf 90' lang='lat' dir='ltr'><strong>in</strong></span> 
     </span>
    </p>
   </div>
   <div class='ocr_carea' id='block_1_36' title="bbox 524 2048 2112 2133">
    <p class='ocr_par' dir='ltr' id='par_1_36' title="bbox 524 2048 2112 2133">
     <span class='ocr_line' id='line_1_36' title="bbox 524 2048 2112 2133; baseline 0.011 -31"><span class='ocrx_word' id='word_1_267' title='bbox 524 2048 816 2106; x_wconf 84' lang='lat' dir='ltr'><strong>solitudine</strong></span> <span class='ocrx_word' id='word_1_268' title='bbox 858 2053 1111 2109; x_wconf 79' lang='lat' dir='ltr'><strong>violatam</strong></span> <span class='ocrx_word' id='word_1_269' title='bbox 1160 2056 1225 2108; x_wconf 69' lang='lat'><strong>9°.</strong></span> <span class='ocrx_word' id='word_1_270' title='bbox 1281 2056 1524 2112; x_wconf 90' lang='lat' dir='ltr'><strong>Ponatur</strong></span> <span class='ocrx_word' id='word_1_271' title='bbox 1556 2060 1701 2113; x_wconf 89' lang='lat' dir='ltr'><strong>enim</strong></span> <span class='ocrx_word' id='word_1_272' title='bbox 1751 2077 1845 2115; x_wconf 89' lang='lat' dir='ltr'><strong>cor</strong></span> <span class='ocrx_word' id='word_1_273' title='bbox 1879 2064 2112 2133; x_wconf 85' lang='lat' dir='ltr'><strong>alicujus</strong></span> 
     </span>
    </p>
   </div>
   <div class='ocr_carea' id='block_1_37' title="bbox 521 2142 2115 2222">
    <p class='ocr_par' dir='ltr' id='par_1_37' title="bbox 521 2142 2115 2222">
     <span class='ocr_line' id='line_1_37' title="bbox 521 2142 2115 2222; baseline 0.011 -29"><span class='ocrx_word' id='word_1_274' title='bbox 521 2156 644 2195; x_wconf 89' lang='lat' dir='ltr'><strong>esse</strong></span> <span class='ocrx_word' id='word_1_275' title='bbox 672 2142 1068 2211; x_wconf 85' lang='lat' dir='ltr'><strong>purissimum;</strong></span> <span class='ocrx_word' id='word_1_276' title='bbox 1109 2147 1217 2201; x_wconf 89' lang='lat' dir='ltr'><strong>vim</strong></span> <span class='ocrx_word' id='word_1_277' title='bbox 1261 2158 1444 2204; x_wconf 90' lang='lat' dir='ltr'><strong>autem</strong></span> <span class='ocrx_word' id='word_1_278' title='bbox 1490 2150 1544 2204; x_wconf 92' lang='lat' dir='ltr'><strong>in</strong></span> <span class='ocrx_word' id='word_1_279' title='bbox 1578 2166 1638 2206; x_wconf 88' lang='lat' dir='ltr'><strong>re</strong></span> <span class='ocrx_word' id='word_1_280' title='bbox 1674 2152 1944 2222; x_wconf 88' lang='lat' dir='ltr'><strong>impudica</strong></span> <span class='ocrx_word' id='word_1_281' title='bbox 1985 2171 2115 2210; x_wconf 86' lang='lat' dir='ltr'><strong>cor-</strong></span> 
     </span>
    </p>
   </div>
   <div class='ocr_carea' id='block_1_38' title="bbox 523 2231 2109 2313">
    <p class='ocr_par' dir='ltr' id='par_1_38' title="bbox 523 2231 2109 2313">
     <span class='ocr_line' id='line_1_38' title="bbox 523 2231 2109 2313; baseline 0.011 -29"><span class='ocrx_word' id='word_1_282' title='bbox 523 2231 638 2299; x_wconf 85' lang='lat' dir='ltr'><strong>pori</strong></span> <span class='ocrx_word' id='word_1_283' title='bbox 688 2243 840 2289; x_wconf 89' lang='lat' dir='ltr'><strong>casto</strong></span> <span class='ocrx_word' id='word_1_284' title='bbox 889 2236 1080 2290; x_wconf 87' lang='lat' dir='ltr'><strong>vitium</strong></span> <span class='ocrx_word' id='word_1_285' title='bbox 1125 2237 1395 2295; x_wconf 87' lang='lat' dir='ltr'><strong>intulisse.</strong></span> <span class='ocrx_word' id='word_1_286' title='bbox 1447 2240 1573 2297; x_wconf 76' lang='lat' dir='ltr'><strong>Haec</strong></span> <span class='ocrx_word' id='word_1_287' title='bbox 1618 2245 1835 2313; x_wconf 88' lang='lat' dir='ltr'><strong>quidem</strong></span> <span class='ocrx_word' id='word_1_288' title='bbox 1873 2248 2004 2302; x_wconf 90' lang='lat' dir='ltr'><strong>mihi</strong></span> <span class='ocrx_word' id='word_1_289' title='bbox 2054 2249 2109 2303; x_wconf 93' lang='lat' dir='ltr'><strong>in</strong></span> 
     </span>
    </p>
   </div>
   <div class='ocr_carea' id='block_1_39' title="bbox 519 2324 2109 2406">
    <p class='ocr_par' dir='ltr' id='par_1_39' title="bbox 519 2324 2109 2406">
     <span class='ocr_line' id='line_1_39' title="bbox 519 2324 2109 2406; baseline 0.012 -30"><span class='ocrx_word' id='word_1_290' title='bbox 519 2324 735 2379; x_wconf 88' lang='lat' dir='ltr'><strong>occulto</strong></span> <span class='ocrx_word' id='word_1_291' title='bbox 775 2336 925 2382; x_wconf 89' lang='lat' dir='ltr'><strong>casta</strong></span> <span class='ocrx_word' id='word_1_292' title='bbox 974 2329 1202 2385; x_wconf 93' lang='lat' dir='ltr'><strong>omnino</strong></span> <span class='ocrx_word' id='word_1_293' title='bbox 1247 2346 1368 2387; x_wconf 90' lang='lat' dir='ltr'><strong>esse</strong></span> <span class='ocrx_word' id='word_1_294' title='bbox 1416 2333 1665 2402; x_wconf 86' lang='lat' dir='ltr'><strong>videtur;</strong></span> <span class='ocrx_word' id='word_1_295' title='bbox 1708 2352 1939 2406; x_wconf 88' lang='lat' dir='ltr'><strong>corpore</strong></span> <span class='ocrx_word' id='word_1_296' title='bbox 1979 2356 2109 2396; x_wconf 89' lang='lat' dir='ltr'><strong>vero</strong></span> 
     </span>
    </p>
   </div>
   <div class='ocr_carea' id='block_1_40' title="bbox 519 2415 2105 2493">
    <p class='ocr_par' dir='ltr' id='par_1_40' title="bbox 519 2415 2105 2493">
     <span class='ocr_line' id='line_1_40' title="bbox 519 2415 2105 2493; baseline 0.013 -27"><span class='ocrx_word' id='word_1_297' title='bbox 519 2430 628 2468; x_wconf 87' lang='lat' dir='ltr'><strong>non</strong></span> <span class='ocrx_word' id='word_1_298' title='bbox 677 2415 805 2471; x_wconf 90' lang='lat' dir='ltr'><strong>item</strong></span> <span class='ocrx_word' id='word_1_299' title='bbox 835 2435 968 2488; x_wconf 90' lang='lat' dir='ltr'><strong>pura</strong></span> <span class='ocrx_word' id='word_1_300' title='bbox 1000 2436 1150 2487; x_wconf 84' lang='lat' dir='ltr'><strong>esse,</strong></span> <span class='ocrx_word' id='word_1_301' title='bbox 1183 2424 1360 2493; x_wconf 88' lang='lat' dir='ltr'><strong>qualis</strong></span> <span class='ocrx_word' id='word_1_302' title='bbox 1396 2435 1514 2479; x_wconf 75' lang='lat' dir='ltr'><strong>erat</strong></span> <span class='ocrx_word' id='word_1_303' title='bbox 1552 2436 1678 2482; x_wconf 89' lang='lat' dir='ltr'><strong>ante</strong></span> <span class='ocrx_word' id='word_1_304' title='bbox 1715 2428 1820 2482; x_wconf 89' lang='lat' dir='ltr'><strong>vim</strong></span> <span class='ocrx_word' id='word_1_305' title='bbox 1856 2429 2056 2485; x_wconf 80' lang='lat' dir='ltr'><strong>illatam</strong></span> <span class='ocrx_word' id='word_1_306' title='bbox 2090 2451 2105 2487; x_wconf 85' lang='lat'><strong>:</strong></span> 
     </span>
    </p>
   </div>
   <div class='ocr_carea' id='block_1_41' title="bbox 518 2507 2107 2590">
    <p class='ocr_par' dir='ltr' id='par_1_41' title="bbox 518 2507 2107 2590">
     <span class='ocr_line' id='line_1_41' title="bbox 518 2507 2107 2590; baseline 0.012 -31"><span class='ocrx_word' id='word_1_307' title='bbox 518 2507 612 2560; x_wconf 88' lang='lat' dir='ltr'><strong>sed</strong></span> <span class='ocrx_word' id='word_1_308' title='bbox 646 2522 750 2562; x_wconf 91' lang='lat' dir='ltr'><strong>non</strong></span> <span class='ocrx_word' id='word_1_309' title='bbox 790 2523 1071 2580; x_wconf 87' lang='lat' dir='ltr'><strong>propterea</strong></span> <span class='ocrx_word' id='word_1_310' title='bbox 1103 2517 1246 2582; x_wconf 79' lang='lat' dir='ltr'><strong>quod</strong></span> <span class='ocrx_word' id='word_1_311' title='bbox 1288 2532 1393 2570; x_wconf 92' lang='lat' dir='ltr'><strong>non</strong></span> <span class='ocrx_word' id='word_1_312' title='bbox 1428 2533 1563 2585; x_wconf 89' lang='lat' dir='ltr'><strong>pura</strong></span> <span class='ocrx_word' id='word_1_313' title='bbox 1614 2519 1705 2586; x_wconf 91' lang='lat' dir='ltr'><strong>sit,</strong></span> <span class='ocrx_word' id='word_1_314' title='bbox 1743 2521 1857 2590; x_wconf 89' lang='lat' dir='ltr'><strong>jam</strong></span> <span class='ocrx_word' id='word_1_315' title='bbox 1902 2532 1957 2577; x_wconf 90' lang='lat' dir='ltr'><strong>et</strong></span> <span class='ocrx_word' id='word_1_316' title='bbox 2006 2524 2107 2577; x_wconf 88' lang='lat' dir='ltr'><strong>im-</strong></span> 
     </span>
    </p>
   </div>
   <div class='ocr_carea' id='block_1_42' title="bbox 517 2597 2104 2680">
    <p class='ocr_par' dir='ltr' id='par_1_42' title="bbox 517 2597 2104 2680">
     <span class='ocr_line' id='line_1_42' title="bbox 517 2597 2104 2680; baseline 0.012 -30"><span class='ocrx_word' id='word_1_317' title='bbox 517 2597 712 2664; x_wconf 87' lang='lat' dir='ltr'><strong>pudica</strong></span> <span class='ocrx_word' id='word_1_318' title='bbox 740 2609 843 2656; x_wconf 89' lang='lat' dir='ltr'><strong>est.</strong></span> <span class='ocrx_word' id='word_1_319' title='bbox 877 2601 1003 2658; x_wconf 72' lang='lat' dir='ltr'><strong>litec</strong></span> <span class='ocrx_word' id='word_1_320' title='bbox 1031 2615 1211 2661; x_wconf 91' lang='lat' dir='ltr'><strong>autem</strong></span> <span class='ocrx_word' id='word_1_321' title='bbox 1244 2608 1387 2662; x_wconf 89' lang='lat' dir='ltr'><strong>dicta</strong></span> <span class='ocrx_word' id='word_1_322' title='bbox 1420 2618 1567 2674; x_wconf 91' lang='lat' dir='ltr'><strong>sunt,</strong></span> <span class='ocrx_word' id='word_1_323' title='bbox 1596 2620 1814 2680; x_wconf 89' lang='lat' dir='ltr'><strong>propter</strong></span> <span class='ocrx_word' id='word_1_324' title='bbox 1849 2614 1981 2668; x_wconf 88' lang='lat' dir='ltr'><strong>illud</strong></span> <span class='ocrx_word' id='word_1_325' title='bbox 2009 2616 2052 2648; x_wconf 69' lang='grc' dir='ltr'>’θ</span> <span class='ocrx_word' id='word_1_326' title='bbox 2090 2633 2104 2668; x_wconf 90' lang='lat'><strong>:</strong></span> 
     </span>
    </p>
   </div>
   <div class='ocr_carea' id='block_1_43' title="bbox 521 2688 2108 2771">
    <p class='ocr_par' dir='ltr' id='par_1_43' title="bbox 521 2688 2108 2771">
     <span class='ocr_line' id='line_1_43' title="bbox 521 2688 2108 2771; baseline 0.014 -32"><span class='ocrx_word' id='word_1_327' title='bbox 521 2708 541 2738; x_wconf 74' lang='grc' dir='ltr'><strong>ι</strong></span> <span class='ocrx_word' id='word_1_328' title='bbox 579 2688 900 2761; x_wconf 81' lang='lat' dir='ltr'><strong>Cogitabam</strong></span> <span class='ocrx_word' id='word_1_329' title='bbox 930 2694 1071 2749; x_wconf 89' lang='lat' dir='ltr'><strong>inter</strong></span> <span class='ocrx_word' id='word_1_330' title='bbox 1101 2712 1160 2750; x_wconf 86' lang='lat' dir='ltr'><strong>se</strong></span> <span class='ocrx_word' id='word_1_331' title='bbox 1197 2698 1462 2765; x_wconf 86' lang='lat' dir='ltr'><strong>dicentes,</strong></span> <span class='ocrx_word' id='word_1_332' title='bbox 1509 2701 1637 2769; x_wconf 90' lang='lat' dir='ltr'><strong>quia</strong></span> <span class='ocrx_word' id='word_1_333' title='bbox 1687 2718 1854 2771; x_wconf 88' lang='lat' dir='ltr'><strong>panes</strong></span> <span class='ocrx_word' id='word_1_334' title='bbox 1887 2721 1993 2759; x_wconf 90' lang='lat' dir='ltr'><strong>non</strong></span> <span class='ocrx_word' id='word_1_335' title='bbox 2021 2721 2108 2761; x_wconf 92' lang='lat' dir='ltr'><strong>ac-</strong></span> 
     </span>
    </p>
   </div>
   <div class='ocr_carea' id='block_1_44' title="bbox 514 2781 2107 2857">
    <p class='ocr_par' dir='ltr' id='par_1_44' title="bbox 514 2781 2107 2857">
     <span class='ocr_line' id='line_1_44' title="bbox 514 2781 2107 2857; baseline 0.012 -25"><span class='ocrx_word' id='word_1_336' title='bbox 514 2781 801 2849; x_wconf 87' lang='lat' dir='ltr'><strong>cepimus;</strong></span> <span class='ocrx_word' id='word_1_337' title='bbox 857 2804 876 2837; x_wconf 80' lang='grc'><strong>»</strong></span> <span class='ocrx_word' id='word_1_338' title='bbox 927 2785 1013 2840; x_wconf 89' lang='lat' dir='ltr'><strong>cui</strong></span> <span class='ocrx_word' id='word_1_339' title='bbox 1066 2786 1415 2857; x_wconf 84' lang='lat' dir='ltr'><strong>subjungitur</strong></span> <span class='ocrx_word' id='word_1_340' title='bbox 1462 2790 1594 2844; x_wconf 90' lang='lat' dir='ltr'><strong>illud</strong></span> <span class='ocrx_word' id='word_1_341' title='bbox 1623 2793 1638 2822; x_wconf 86' lang='grc'>¹</span> <span class='ocrx_word' id='word_1_342' title='bbox 1681 2810 1694 2846; x_wconf 91' lang='lat'><strong>:</strong></span> <span class='ocrx_word' id='word_1_343' title='bbox 1733 2812 1752 2844; x_wconf 82' lang='grc' dir='ltr'><strong>ι</strong></span> <span class='ocrx_word' id='word_1_344' title='bbox 1790 2794 1979 2850; x_wconf 86' lang='lat' dir='ltr'><strong>Sciens</strong></span> <span class='ocrx_word' id='word_1_345' title='bbox 2004 2812 2107 2850; x_wconf 83' lang='lat' dir='ltr'><strong>au-</strong></span> 
     </span>
    </p>
   </div>
   <div class='ocr_carea' id='block_1_45' title="bbox 517 2873 2107 2956">
    <p class='ocr_par' dir='ltr' id='par_1_45' title="bbox 517 2873 2107 2956">
     <span class='ocr_line' id='line_1_45' title="bbox 517 2873 2107 2956; baseline 0.011 -31"><span class='ocrx_word' id='word_1_346' title='bbox 517 2882 625 2927; x_wconf 89' lang='lat' dir='ltr'><strong>tem</strong></span> <span class='ocrx_word' id='word_1_347' title='bbox 658 2873 818 2931; x_wconf 86' lang='lat' dir='ltr'><strong>Jesus</strong></span> <span class='ocrx_word' id='word_1_348' title='bbox 844 2878 1017 2933; x_wconf 70' lang='lat' dir='ltr'><strong>dixit:</strong></span> <span class='ocrx_word' id='word_1_349' title='bbox 1051 2878 1277 2934; x_wconf 76' lang='lat' dir='ltr'><strong>Modicae</strong></span> <span class='ocrx_word' id='word_1_350' title='bbox 1321 2880 1441 2936; x_wconf 81' lang='lat' dir='ltr'><strong>fidei</strong></span> <span class='ocrx_word' id='word_1_351' title='bbox 1462 2925 1476 2947; x_wconf 89' lang='lat'><strong>,</strong></span> <span class='ocrx_word' id='word_1_352' title='bbox 1509 2883 1642 2954; x_wconf 90' lang='lat' dir='ltr'><strong>quid</strong></span> <span class='ocrx_word' id='word_1_353' title='bbox 1671 2886 1923 2956; x_wconf 81' lang='lat' dir='ltr'><strong>cogitatis</strong></span> <span class='ocrx_word' id='word_1_354' title='bbox 1965 2888 2107 2943; x_wconf 90' lang='lat' dir='ltr'><strong>inter</strong></span> 
     </span>
    </p>
   </div>
   <div class='ocr_carea' id='block_1_46' title="bbox 518 2967 2107 3057">
    <p class='ocr_par' dir='ltr' id='par_1_46' title="bbox 518 2967 2107 3057">
     <span class='ocr_line' id='line_1_46' title="bbox 518 2967 2107 3057; baseline 0.017 -41"><span class='ocrx_word' id='word_1_355' title='bbox 518 2967 659 3020; x_wconf 85' lang='lat' dir='ltr'><strong>vos?</strong></span> <span class='ocrx_word' id='word_1_356' title='bbox 712 2987 731 3021; x_wconf 68' lang='grc' dir='ltr'><strong>ι</strong></span> <span class='ocrx_word' id='word_1_357' title='bbox 786 2978 840 3024; x_wconf 89' lang='lat' dir='ltr'><strong>et</strong></span> <span class='ocrx_word' id='word_1_358' title='bbox 885 2988 1007 3042; x_wconf 72' lang='lat' dir='ltr'><strong>qua:</strong></span> <span class='ocrx_word' id='word_1_359' title='bbox 1043 2990 1387 3049; x_wconf 89' lang='lat' dir='ltr'><strong>sequuntur;</strong></span> <span class='ocrx_word' id='word_1_360' title='bbox 1446 2999 1571 3037; x_wconf 89' lang='lat' dir='ltr'><strong>nam</strong></span> <span class='ocrx_word' id='word_1_361' title='bbox 1603 2987 1830 3053; x_wconf 86' lang='lat' dir='ltr'><strong>expendi</strong></span> <span class='ocrx_word' id='word_1_362' title='bbox 1858 3003 1956 3057; x_wconf 91' lang='lat' dir='ltr'><strong>par</strong></span> <span class='ocrx_word' id='word_1_363' title='bbox 1989 2997 2107 3044; x_wconf 90' lang='lat' dir='ltr'><strong>erat</strong></span> 
     </span>
    </p>
   </div>
   <div class='ocr_carea' id='block_1_47' title="bbox 510 3055 2103 3147">
    <p class='ocr_par' dir='ltr' id='par_1_47' title="bbox 510 3055 2103 3147">
     <span class='ocr_line' id='line_1_47' title="bbox 510 3055 2103 3147; baseline 0.021 -41"><span class='ocrx_word' id='word_1_364' title='bbox 510 3055 848 3126; x_wconf 73' lang='lat' dir='ltr'><strong>vituperium&#39;</strong></span> <span class='ocrx_word' id='word_1_365' title='bbox 877 3079 1065 3121; x_wconf 89' lang='lat' dir='ltr'><strong>eorum</strong></span> <span class='ocrx_word' id='word_1_366' title='bbox 1103 3086 1226 3140; x_wconf 65' lang='lat' dir='ltr'><strong>quae</strong></span> <span class='ocrx_word' id='word_1_367' title='bbox 1274 3085 1402 3129; x_wconf 91' lang='lat' dir='ltr'><strong>sunt</strong></span> <span class='ocrx_word' id='word_1_368' title='bbox 1446 3075 1499 3128; x_wconf 94' lang='lat' dir='ltr'><strong>in</strong></span> <span class='ocrx_word' id='word_1_369' title='bbox 1537 3077 1790 3147; x_wconf 90' lang='lat' dir='ltr'><strong>occulto;</strong></span> <span class='ocrx_word' id='word_1_370' title='bbox 1829 3090 1882 3134; x_wconf 89' lang='lat' dir='ltr'><strong>et</strong></span> <span class='ocrx_word' id='word_1_371' title='bbox 1936 3082 2103 3138; x_wconf 88' lang='lat' dir='ltr'><strong>simul</strong></span> 
     </span>
    </p>
   </div>
   <div class='ocr_carea' id='block_1_48' title="bbox 512 3145 1637 3229">
    <p class='ocr_par' dir='ltr' id='par_1_48' title="bbox 512 3145 1637 3229">
     <span class='ocr_line' id='line_1_48' title="bbox 512 3145 1637 3229; baseline 0.02 -28"><span class='ocrx_word' id='word_1_372' title='bbox 512 3145 729 3204; x_wconf 84' lang='lat' dir='ltr'><strong>laudem</strong></span> <span class='ocrx_word' id='word_1_373' title='bbox 760 3167 949 3210; x_wconf 89' lang='lat' dir='ltr'><strong>eorum</strong></span> <span class='ocrx_word' id='word_1_374' title='bbox 982 3176 1103 3229; x_wconf 73' lang='lat' dir='ltr'><strong>quae</strong></span> <span class='ocrx_word' id='word_1_375' title='bbox 1137 3173 1267 3218; x_wconf 88' lang='lat' dir='ltr'><strong>sunt</strong></span> <span class='ocrx_word' id='word_1_376' title='bbox 1307 3165 1360 3219; x_wconf 90' lang='lat' dir='ltr'><strong>in</strong></span> <span class='ocrx_word' id='word_1_377' title='bbox 1402 3168 1637 3224; x_wconf 90' lang='lat' dir='ltr'><strong>occulto.</strong></span> 
     </span>
    </p>
   </div>
   <div class='ocr_carea' id='block_1_49' title="bbox 581 3238 2098 3332">
    <p class='ocr_par' dir='ltr' id='par_1_49' title="bbox 581 3238 2098 3332">
     <span class='ocr_line' id='line_1_49' title="bbox 581 3238 2098 3332; baseline 0.021 -41"><span class='ocrx_word' id='word_1_378' title='bbox 581 3238 636 3293; x_wconf 90' lang='lat'><strong>8.</strong></span> <span class='ocrx_word' id='word_1_379' title='bbox 673 3239 841 3297; x_wconf 82' lang='lat' dir='ltr'><strong>Miror</strong></span> <span class='ocrx_word' id='word_1_380' title='bbox 886 3258 1066 3303; x_wconf 88' lang='lat' dir='ltr'><strong>autem</strong></span> <span class='ocrx_word' id='word_1_381' title='bbox 1099 3252 1423 3325; x_wconf 87' lang='lat' dir='ltr'><strong>discipulos,</strong></span> <span class='ocrx_word' id='word_1_382' title='bbox 1458 3270 1752 3332; x_wconf 81' lang='lat' dir='ltr'><strong>antequam</strong></span> <span class='ocrx_word' id='word_1_383' title='bbox 1788 3280 1968 3323; x_wconf 91' lang='lat' dir='ltr'><strong>sermo</strong></span> <span class='ocrx_word' id='word_1_384' title='bbox 2002 3282 2098 3322; x_wconf 78' lang='lat' dir='ltr'><strong>ex—</strong></span> 
     </span>
    </p>
   </div>
   <div class='ocr_carea' id='block_1_50' title="bbox 510 3328 2098 3416">
    <p class='ocr_par' dir='ltr' id='par_1_50' title="bbox 510 3328 2098 3416">
     <span class='ocr_line' id='line_1_50' title="bbox 510 3328 2098 3416; baseline 0.021 -34"><span class='ocrx_word' id='word_1_385' title='bbox 510 3328 746 3398; x_wconf 91' lang='lat' dir='ltr'><strong>plicatus</strong></span> <span class='ocrx_word' id='word_1_386' title='bbox 794 3334 902 3392; x_wconf 90' lang='lat' dir='ltr'><strong>illis</strong></span> <span class='ocrx_word' id='word_1_387' title='bbox 947 3338 1109 3398; x_wconf 88' lang='lat' dir='ltr'><strong>fuerit</strong></span> <span class='ocrx_word' id='word_1_388' title='bbox 1154 3360 1185 3399; x_wconf 89' lang='lat' dir='ltr'><strong>a</strong></span> <span class='ocrx_word' id='word_1_389' title='bbox 1229 3345 1397 3414; x_wconf 84' lang='lat' dir='ltr'><strong>Jesu,</strong></span> <span class='ocrx_word' id='word_1_390' title='bbox 1445 3352 1497 3405; x_wconf 91' lang='lat' dir='ltr'><strong>in</strong></span> <span class='ocrx_word' id='word_1_391' title='bbox 1530 3354 1774 3410; x_wconf 84' lang='lat' dir='ltr'><strong>animum</strong></span> <span class='ocrx_word' id='word_1_392' title='bbox 1814 3358 2098 3416; x_wconf 78' lang='lat' dir='ltr'><strong>induxisse</strong></span> 
     </span>
    </p>
   </div>
   <div class='ocr_carea' id='block_1_51' title="bbox 512 3426 2096 3512">
    <p class='ocr_par' dir='ltr' id='par_1_51' title="bbox 512 3426 2096 3512">
     <span class='ocr_line' id='line_1_51' title="bbox 512 3426 2096 3512; baseline 0.019 -40"><span class='ocrx_word' id='word_1_393' title='bbox 512 3436 673 3475; x_wconf 90' lang='lat' dir='ltr'><strong>suum</strong></span> <span class='ocrx_word' id='word_1_394' title='bbox 707 3426 923 3482; x_wconf 89' lang='lat' dir='ltr'><strong>sancire</strong></span> <span class='ocrx_word' id='word_1_395' title='bbox 963 3431 1065 3485; x_wconf 87' lang='lat' dir='ltr'><strong>sibi</strong></span> <span class='ocrx_word' id='word_1_396' title='bbox 1116 3447 1502 3507; x_wconf 69' lang='lat' dir='ltr'><strong>praeceptorem</strong></span> <span class='ocrx_word' id='word_1_397' title='bbox 1537 3457 1602 3496; x_wconf 91' lang='lat' dir='ltr'><strong>ac</strong></span> <span class='ocrx_word' id='word_1_398' title='bbox 1629 3442 1943 3512; x_wconf 91' lang='lat' dir='ltr'><strong>Dominum,</strong></span> <span class='ocrx_word' id='word_1_399' title='bbox 1973 3456 2032 3501; x_wconf 94' lang='lat' dir='ltr'><strong>ut</strong></span> <span class='ocrx_word' id='word_1_400' title='bbox 2066 3463 2096 3503; x_wconf 88' lang='lat' dir='ltr'><strong>a</strong></span> 
     </span>
    </p>
   </div>
   <div class='ocr_carea' id='block_1_52' title="bbox 511 3509 2094 3606">
    <p class='ocr_par' dir='ltr' id='par_1_52' title="bbox 511 3509 2094 3606">
     <span class='ocr_line' id='line_1_52' title="bbox 511 3509 2094 3606; baseline 0.02 -43"><span class='ocrx_word' id='word_1_401' title='bbox 511 3509 910 3572; x_wconf 64' lang='lat' dir='ltr'><strong>Pharisaeorum</strong></span> <span class='ocrx_word' id='word_1_402' title='bbox 958 3536 1024 3577; x_wconf 89' lang='lat' dir='ltr'><strong>ac</strong></span> <span class='ocrx_word' id='word_1_403' title='bbox 1070 3522 1496 3585; x_wconf 81' lang='lat' dir='ltr'><strong>Saddueaeorum</strong></span> <span class='ocrx_word' id='word_1_404' title='bbox 1559 3534 1746 3590; x_wconf 89' lang='lat' dir='ltr'><strong>sensili</strong></span> <span class='ocrx_word' id='word_1_405' title='bbox 1781 3535 2050 3593; x_wconf 87' lang='lat' dir='ltr'><strong>fermento</strong></span> <span class='ocrx_word' id='word_1_406' title='bbox 2078 3580 2094 3606; x_wconf 92' lang='lat'><strong>,</strong></span> 
     </span>
    </p>
   </div>
   <div class='ocr_carea' id='block_1_53' title="bbox 512 3613 2093 3692">
    <p class='ocr_par' dir='ltr' id='par_1_53' title="bbox 512 3613 2093 3692">
     <span class='ocr_line' id='line_1_53' title="bbox 512 3613 2093 3692; baseline 0.021 -36"><span class='ocrx_word' id='word_1_407' title='bbox 512 3613 771 3676; x_wconf 74' lang='lat' dir='ltr'><strong>tanquam</strong></span> <span class='ocrx_word' id='word_1_408' title='bbox 819 3626 927 3667; x_wconf 93' lang='lat' dir='ltr'><strong>non</strong></span> <span class='ocrx_word' id='word_1_409' title='bbox 977 3631 1139 3685; x_wconf 90' lang='lat' dir='ltr'><strong>puro,</strong></span> <span class='ocrx_word' id='word_1_410' title='bbox 1189 3635 1254 3675; x_wconf 90' lang='lat' dir='ltr'><strong>ac</strong></span> <span class='ocrx_word' id='word_1_411' title='bbox 1286 3632 1573 3692; x_wconf 86' lang='lat' dir='ltr'><strong>propterea</strong></span> <span class='ocrx_word' id='word_1_412' title='bbox 1613 3628 1778 3684; x_wconf 86' lang='lat' dir='ltr'><strong>vetito</strong></span> <span class='ocrx_word' id='word_1_413' title='bbox 1817 3641 2047 3687; x_wconf 87' lang='lat' dir='ltr'><strong>caveant</strong></span> <span class='ocrx_word' id='word_1_414' title='bbox 2080 3652 2093 3689; x_wconf 92' lang='lat'><strong>:</strong></span> 
     </span>
    </p>
   </div>
   <div class='ocr_carea' id='block_1_54' title="bbox 506 3696 2094 3790">
    <p class='ocr_par' dir='ltr' id='par_1_54' title="bbox 506 3696 2094 3790">
     <span class='ocr_line' id='line_1_54' title="bbox 506 3696 2094 3790; baseline 0.021 -41"><span class='ocrx_word' id='word_1_415' title='bbox 506 3696 643 3751; x_wconf 82' lang='lat' dir='ltr'><strong>adeo</strong></span> <span class='ocrx_word' id='word_1_416' title='bbox 670 3710 745 3764; x_wconf 89' lang='lat' dir='ltr'><strong>ut,</strong></span> <span class='ocrx_word' id='word_1_417' title='bbox 781 3718 904 3758; x_wconf 91' lang='lat' dir='ltr'><strong>cum</strong></span> <span class='ocrx_word' id='word_1_418' title='bbox 932 3707 1095 3762; x_wconf 86' lang='lat' dir='ltr'><strong>etiam</strong></span> <span class='ocrx_word' id='word_1_419' title='bbox 1125 3726 1291 3779; x_wconf 88' lang='lat' dir='ltr'><strong>panes</strong></span> <span class='ocrx_word' id='word_1_420' title='bbox 1317 3730 1425 3768; x_wconf 91' lang='lat' dir='ltr'><strong>non</strong></span> <span class='ocrx_word' id='word_1_421' title='bbox 1457 3722 1877 3790; x_wconf 89' lang='lat' dir='ltr'><strong>assumpserint,</strong></span> <span class='ocrx_word' id='word_1_422' title='bbox 1903 3739 2094 3781; x_wconf 86' lang='lat' dir='ltr'><strong>eorum</strong></span> 
     </span>
    </p>
   </div>
   <div class='ocr_carea' id='block_1_55' title="bbox 506 3786 2095 3883">
    <p class='ocr_par' dir='ltr' id='par_1_55' title="bbox 506 3786 2095 3883">
     <span class='ocr_line' id='line_1_55' title="bbox 506 3786 2095 3883; baseline 0.021 -43"><span class='ocrx_word' id='word_1_423' title='bbox 506 3786 774 3846; x_wconf 88' lang='lat' dir='ltr'><strong>fermento</strong></span> <span class='ocrx_word' id='word_1_424' title='bbox 823 3811 929 3850; x_wconf 89' lang='lat' dir='ltr'><strong>non</strong></span> <span class='ocrx_word' id='word_1_425' title='bbox 983 3807 1225 3858; x_wconf 92' lang='lat' dir='ltr'><strong>utantur.</strong></span> <span class='ocrx_word' id='word_1_426' title='bbox 1277 3803 1467 3862; x_wconf 89' lang='lat' dir='ltr'><strong>Simile</strong></span> <span class='ocrx_word' id='word_1_427' title='bbox 1506 3786 1689 3865; x_wconf 80' lang='lat' dir='ltr'><strong>autem</strong></span> <span class='ocrx_word' id='word_1_428' title='bbox 1726 3786 2095 3883; x_wconf 71' lang='lat' dir='ltr'><strong>quaereremus</strong></span> 
     </span>
    </p>
   </div>
   <div class='ocr_carea' id='block_1_56' title="bbox 505 3877 2091 3977">
    <p class='ocr_par' dir='ltr' id='par_1_56' title="bbox 505 3877 2091 3977">
     <span class='ocr_line' id='line_1_56' title="bbox 505 3877 2091 3977; baseline 0.026 -51"><span class='ocrx_word' id='word_1_429' title='bbox 505 3883 560 3927; x_wconf 89' lang='lat' dir='ltr'><strong>et</strong></span> <span class='ocrx_word' id='word_1_430' title='bbox 600 3877 654 3930; x_wconf 92' lang='lat' dir='ltr'><strong>in</strong></span> <span class='ocrx_word' id='word_1_431' title='bbox 702 3880 868 3950; x_wconf 83' lang='lat' dir='ltr'><strong>aliis;</strong></span> <span class='ocrx_word' id='word_1_432' title='bbox 919 3887 1115 3944; x_wconf 75' lang='lat' dir='ltr'><strong>sufﬁcit</strong></span> <span class='ocrx_word' id='word_1_433' title='bbox 1158 3903 1383 3964; x_wconf 90' lang='lat' dir='ltr'><strong>autem,</strong></span> <span class='ocrx_word' id='word_1_434' title='bbox 1420 3901 1652 3970; x_wconf 84' lang='lat' dir='ltr'><strong>exempli</strong></span> <span class='ocrx_word' id='word_1_435' title='bbox 1689 3877 1856 3959; x_wconf 72' lang='lat' dir='ltr'><strong>causa</strong></span> <span class='ocrx_word' id='word_1_436' title='bbox 1885 3943 1899 3969; x_wconf 89' lang='lat'><strong>,</strong></span> <span class='ocrx_word' id='word_1_437' title='bbox 1934 3904 2091 3977; x_wconf 77' lang='grc'><strong>521,</strong></span> 
     </span>
    </p>
   </div>
   <div class='ocr_carea' id='block_1_57' title="bbox 507 3969 2113 4056">
    <p class='ocr_par' dir='ltr' id='par_1_57' title="bbox 507 3969 2113 4056">
     <span class='ocr_line' id='line_1_57' title="bbox 507 3969 2113 4056; baseline 0.022 -38"><span class='ocrx_word' id='word_1_438' title='bbox 507 3969 655 4035; x_wconf 88' lang='lat' dir='ltr'><strong>quod</strong></span> <span class='ocrx_word' id='word_1_439' title='bbox 704 3971 772 4025; x_wconf 88' lang='lat' dir='ltr'><strong>de</strong></span> <span class='ocrx_word' id='word_1_440' title='bbox 824 3972 1167 4036; x_wconf 84' lang='lat' dir='ltr'><strong>Samaritana</strong></span> <span class='ocrx_word' id='word_1_441' title='bbox 1216 3986 1481 4056; x_wconf 89' lang='lat' dir='ltr'><strong>scriptum</strong></span> <span class='ocrx_word' id='word_1_442' title='bbox 1530 3969 1616 4046; x_wconf 83' lang='lat' dir='ltr'><strong>est</strong></span> <span class='ocrx_word' id='word_1_443' title='bbox 1670 3991 1755 4047; x_wconf 87' lang='lat' dir='ltr'><strong>bis</strong></span> <span class='ocrx_word' id='word_1_444' title='bbox 1805 3969 2113 4052; x_wconf 47' lang='lat' dir='ltr'><strong>verbis—ra</strong></span> 
     </span>
    </p>
   </div>
   <div class='ocr_carea' id='block_1_58' title="bbox 510 4056 2094 4154">
    <p class='ocr_par' dir='ltr' id='par_1_58' title="bbox 510 4056 2094 4154">
     <span class='ocr_line' id='line_1_58' title="bbox 510 4056 2094 4154; baseline 0.021 -46"><span class='ocrx_word' id='word_1_445' title='bbox 510 4074 530 4107; x_wconf 76' lang='grc' dir='ltr'><strong>ι</strong></span> <span class='ocrx_word' id='word_1_446' title='bbox 573 4056 764 4154; x_wconf 80' lang='lat' dir='ltr'><strong>Omnis</strong></span> <span class='ocrx_word' id='word_1_447' title='bbox 796 4066 891 4154; x_wconf 90' lang='lat' dir='ltr'><strong>qui</strong></span> <span class='ocrx_word' id='word_1_448' title='bbox 937 4068 1075 4124; x_wconf 90' lang='lat' dir='ltr'><strong>bibit</strong></span> <span class='ocrx_word' id='word_1_449' title='bbox 1103 4087 1166 4127; x_wconf 83' lang='lat' dir='ltr'><strong>ex</strong></span> <span class='ocrx_word' id='word_1_450' title='bbox 1197 4091 1339 4146; x_wconf 86' lang='lat' dir='ltr'><strong>aqua</strong></span> <span class='ocrx_word' id='word_1_451' title='bbox 1369 4078 1490 4145; x_wconf 91' lang='lat' dir='ltr'><strong>bac,</strong></span> <span class='ocrx_word' id='word_1_452' title='bbox 1525 4082 1669 4137; x_wconf 90' lang='lat' dir='ltr'><strong>sitiet</strong></span> <span class='ocrx_word' id='word_1_453' title='bbox 1711 4084 1905 4140; x_wconf 90' lang='lat' dir='ltr'><strong>iterum</strong></span> <span class='ocrx_word' id='word_1_454' title='bbox 1938 4105 1951 4140; x_wconf 92' lang='lat'><strong>:</strong></span> <span class='ocrx_word' id='word_1_455' title='bbox 1988 4085 2094 4154; x_wconf 86' lang='lat' dir='ltr'><strong>Qui</strong></span> 
     </span>
    </p>
   </div>
   <div class='ocr_carea' id='block_1_59' title="bbox 505 4151 2097 4242">
    <p class='ocr_par' dir='ltr' id='par_1_59' title="bbox 505 4151 2097 4242">
     <span class='ocr_line' id='line_1_59' title="bbox 505 4151 2097 4242; baseline 0.023 -44"><span class='ocrx_word' id='word_1_456' title='bbox 505 4154 690 4242; x_wconf 76' lang='lat' dir='ltr'><strong>autem</strong></span> <span class='ocrx_word' id='word_1_457' title='bbox 733 4151 929 4210; x_wconf 84' lang='lat' dir='ltr'><strong>biberit</strong></span> <span class='ocrx_word' id='word_1_458' title='bbox 966 4173 1033 4214; x_wconf 81' lang='lat' dir='ltr'><strong>ex</strong></span> <span class='ocrx_word' id='word_1_459' title='bbox 1067 4176 1230 4232; x_wconf 85' lang='lat' dir='ltr'><strong>aqua,</strong></span> <span class='ocrx_word' id='word_1_460' title='bbox 1261 4183 1423 4237; x_wconf 91' lang='lat' dir='ltr'><strong>quam</strong></span> <span class='ocrx_word' id='word_1_461' title='bbox 1450 4186 1551 4240; x_wconf 72' lang='lat' dir='ltr'><strong>ego</strong></span> <span class='ocrx_word' id='word_1_462' title='bbox 1593 4172 1735 4229; x_wconf 87' lang='lat' dir='ltr'><strong>dabo</strong></span> <span class='ocrx_word' id='word_1_463' title='bbox 1776 4178 1847 4242; x_wconf 90' lang='lat' dir='ltr'><strong>ei,</strong></span> <span class='ocrx_word' id='word_1_464' title='bbox 1881 4192 1987 4232; x_wconf 93' lang='lat' dir='ltr'><strong>non</strong></span> <span class='ocrx_word' id='word_1_465' title='bbox 2012 4151 2097 4233; x_wconf 72' lang='lat' dir='ltr'><strong>si-</strong></span> 
     </span>
    </p>
   </div>
   <div class='ocr_carea' id='block_1_60' title="bbox 504 4237 2095 4338">
    <p class='ocr_par' dir='ltr' id='par_1_60' title="bbox 504 4237 2095 4338">
     <span class='ocr_line' id='line_1_60' title="bbox 504 4237 2095 4338; baseline 0.023 -46"><span class='ocrx_word' id='word_1_466' title='bbox 504 4237 601 4294; x_wconf 87' lang='lat' dir='ltr'><strong>tiet</strong></span> <span class='ocrx_word' id='word_1_467' title='bbox 647 4241 702 4297; x_wconf 89' lang='lat' dir='ltr'><strong>in</strong></span> <span class='ocrx_word' id='word_1_468' title='bbox 744 4255 1051 4320; x_wconf 62' lang='lat' dir='ltr'><strong>internum;</strong></span> <span class='ocrx_word' id='word_1_469' title='bbox 1100 4274 1119 4306; x_wconf 76' lang='grc' dir='ltr'><strong>ι</strong></span> <span class='ocrx_word' id='word_1_470' title='bbox 1167 4257 1277 4312; x_wconf 90' lang='lat' dir='ltr'><strong>illic</strong></span> <span class='ocrx_word' id='word_1_471' title='bbox 1321 4262 1466 4316; x_wconf 88' lang='lat' dir='ltr'><strong>enim</strong></span> <span class='ocrx_word' id='word_1_472' title='bbox 1492 4305 1505 4330; x_wconf 92' lang='lat'><strong>,</strong></span> <span class='ocrx_word' id='word_1_473' title='bbox 1551 4280 1650 4335; x_wconf 87' lang='lat' dir='ltr'><strong>pro</strong></span> <span class='ocrx_word' id='word_1_474' title='bbox 1695 4255 2095 4338; x_wconf 82' lang='lat' dir='ltr'><strong>significatione</strong></span> 
     </span>
    </p>
   </div>
   <div class='ocr_carea' id='block_1_61' title="bbox 502 4336 2090 4433">
    <p class='ocr_par' dir='ltr' id='par_1_61' title="bbox 502 4336 2090 4433">
     <span class='ocr_line' id='line_1_61' title="bbox 502 4336 2090 4433; baseline 0.021 -47"><span class='ocrx_word' id='word_1_475' title='bbox 502 4336 816 4405; x_wconf 81' lang='lat' dir='ltr'><strong>verborum,</strong></span> <span class='ocrx_word' id='word_1_476' title='bbox 851 4339 1197 4404; x_wconf 87' lang='lat' dir='ltr'><strong>Samaritana</strong></span> <span class='ocrx_word' id='word_1_477' title='bbox 1229 4350 1500 4410; x_wconf 89' lang='lat' dir='ltr'><strong>videbitur</strong></span> <span class='ocrx_word' id='word_1_478' title='bbox 1536 4336 1852 4416; x_wconf 78' lang='lat' dir='ltr'><strong>existimare</strong></span> <span class='ocrx_word' id='word_1_479' title='bbox 1889 4377 2090 4433; x_wconf 89' lang='lat' dir='ltr'><strong>aquam</strong></span> 
     </span>
    </p>
   </div>
   <div class='ocr_carea' id='block_1_62' title="bbox 2211 1878 3810 1960">
    <p class='ocr_par' dir='ltr' id='par_1_62' title="bbox 2211 1878 3810 1960">
     <span class='ocr_line' id='line_1_62' title="bbox 2211 1878 3810 1960; baseline 0.008 -30"><span class='ocrx_word' id='word_1_480' title='bbox 2211 1878 2352 1932; x_wconf 79' lang='grc' dir='ltr'>κατὰ</span> <span class='ocrx_word' id='word_1_481' title='bbox 2372 1879 2464 1932; x_wconf 83' lang='grc' dir='ltr'><strong>τὸν</strong></span> <span class='ocrx_word' id='word_1_482' title='bbox 2488 1881 2673 1951; x_wconf 84' lang='grc' dir='ltr'>νόμον,</span> <span class='ocrx_word' id='word_1_483' title='bbox 2696 1883 2775 1944; x_wconf 86' lang='grc' dir='ltr'><strong>είς</strong></span> <span class='ocrx_word' id='word_1_484' title='bbox 2795 1882 3145 1954; x_wconf 82' lang='grc' dir='ltr'>παράδειγμα</span> <span class='ocrx_word' id='word_1_485' title='bbox 3172 1885 3459 1954; x_wconf 79' lang='grc' dir='ltr'>παρθένον.</span> <span class='ocrx_word' id='word_1_486' title='bbox 3494 1887 3678 1941; x_wconf 85' lang='grc' dir='ltr'>Ἔστω</span> <span class='ocrx_word' id='word_1_487' title='bbox 3692 1888 3810 1960; x_wconf 73' lang='grc' dir='ltr'><strong>γὰρ</strong></span> 
     </span>
    </p>
   </div>
   <div class='ocr_carea' id='block_1_63' title="bbox 2208 1968 3807 2049">
    <p class='ocr_par' dir='ltr' id='par_1_63' title="bbox 2208 1968 3807 2049">
     <span class='ocr_line' id='line_1_63' title="bbox 2208 1968 3807 2049; baseline 0.009 -29"><span class='ocrx_word' id='word_1_488' title='bbox 2208 1969 2309 2040; x_wconf 77' lang='grc' dir='ltr'>τὴν</span> <span class='ocrx_word' id='word_1_489' title='bbox 2350 1970 2573 2042; x_wconf 77' lang='grc' dir='ltr'>καρδίαν</span> <span class='ocrx_word' id='word_1_490' title='bbox 2615 1972 2760 2036; x_wconf 85' lang='grc' dir='ltr'>τινὸς</span> <span class='ocrx_word' id='word_1_491' title='bbox 2796 1968 2937 2028; x_wconf 73' lang='grc' dir='ltr'>εἶναι</span> <span class='ocrx_word' id='word_1_492' title='bbox 2979 1974 3372 2048; x_wconf 78' lang='grc' dir='ltr'>καθαρωτάτην</span> <span class='ocrx_word' id='word_1_493' title='bbox 3399 2017 3414 2041; x_wconf 89' lang='grc'><strong>,</strong></span> <span class='ocrx_word' id='word_1_494' title='bbox 3447 1978 3549 2049; x_wconf 80' lang='grc' dir='ltr'><strong>τήν</strong></span> <span class='ocrx_word' id='word_1_495' title='bbox 3580 1978 3640 2033; x_wconf 80' lang='grc' dir='ltr'>δὲ</span> <span class='ocrx_word' id='word_1_496' title='bbox 3676 1979 3807 2048; x_wconf 88' lang='grc' dir='ltr'>βίαν</span> 
     </span>
    </p>
   </div>
   <div class='ocr_carea' id='block_1_64' title="bbox 2211 2062 3807 2140">
    <p class='ocr_par' dir='ltr' id='par_1_64' title="bbox 2211 2062 3807 2140">
     <span class='ocr_line' id='line_1_64' title="bbox 2211 2062 3807 2140; baseline 0.006 -26"><span class='ocrx_word' id='word_1_497' title='bbox 2211 2062 2565 2132; x_wconf 83' lang='grc' dir='ltr'>πεποιηκέναι</span> <span class='ocrx_word' id='word_1_498' title='bbox 2586 2066 2644 2117; x_wconf 85' lang='grc' dir='ltr'><strong>ἐν</strong></span> <span class='ocrx_word' id='word_1_499' title='bbox 2669 2064 2746 2134; x_wconf 81' lang='grc' dir='ltr'>τῷ</span> <span class='ocrx_word' id='word_1_500' title='bbox 2769 2064 3048 2136; x_wconf 82' lang='grc' dir='ltr'>ἀκολάστῳ</span> <span class='ocrx_word' id='word_1_501' title='bbox 3070 2066 3167 2138; x_wconf 85' lang='grc' dir='ltr'><strong>τὴν</strong></span> <span class='ocrx_word' id='word_1_502' title='bbox 3189 2066 3395 2138; x_wconf 77' lang='grc' dir='ltr'>φθορὰν</span> <span class='ocrx_word' id='word_1_503' title='bbox 3413 2070 3508 2125; x_wconf 82' lang='grc' dir='ltr'>τοῦ</span> <span class='ocrx_word' id='word_1_504' title='bbox 3547 2068 3807 2140; x_wconf 84' lang='grc' dir='ltr'>σώματος</span> 
     </span>
    </p>
   </div>
   <div class='ocr_carea' id='block_1_65' title="bbox 2208 2153 3808 2229">
    <p class='ocr_par' dir='ltr' id='par_1_65' title="bbox 2208 2153 3808 2229">
     <span class='ocr_line' id='line_1_65' title="bbox 2208 2153 3808 2229; baseline 0.006 -24"><span class='ocrx_word' id='word_1_505' title='bbox 2208 2153 2308 2224; x_wconf 85' lang='grc' dir='ltr'><strong>τῆς</strong></span> <span class='ocrx_word' id='word_1_506' title='bbox 2337 2153 2612 2227; x_wconf 80' lang='grc' dir='ltr'>σώφρονος</span> <span class='ocrx_word' id='word_1_507' title='bbox 2640 2155 2786 2225; x_wconf 72' lang='grc'><strong>(10)’</strong></span> <span class='ocrx_word' id='word_1_508' title='bbox 2823 2156 2962 2229; x_wconf 75' lang='grc' dir='ltr'>αὕτη</span> <span class='ocrx_word' id='word_1_509' title='bbox 2996 2156 3060 2229; x_wconf 83' lang='grc' dir='ltr'>δὴ</span> <span class='ocrx_word' id='word_1_510' title='bbox 3091 2157 3238 2211; x_wconf 86' lang='grc' dir='ltr'>δοκεῖ</span> <span class='ocrx_word' id='word_1_511' title='bbox 3277 2175 3368 2228; x_wconf 90' lang='grc' dir='ltr'><strong>μοι</strong></span> <span class='ocrx_word' id='word_1_512' title='bbox 3417 2159 3649 2229; x_wconf 80' lang='grc' dir='ltr'>σώφρων</span> <span class='ocrx_word' id='word_1_513' title='bbox 3699 2160 3808 2229; x_wconf 84' lang='grc' dir='ltr'>μὲν</span> 
     </span>
    </p>
   </div>
   <div class='ocr_carea' id='block_1_66' title="bbox 2209 2243 3806 2320">
    <p class='ocr_par' dir='ltr' id='par_1_66' title="bbox 2209 2243 3806 2320">
     <span class='ocr_line' id='line_1_66' title="bbox 2209 2243 3806 2320; baseline 0.005 -21"><span class='ocrx_word' id='word_1_514' title='bbox 2209 2246 2426 2310; x_wconf 86' lang='grc' dir='ltr'>πάντως</span> <span class='ocrx_word' id='word_1_515' title='bbox 2462 2243 2600 2301; x_wconf 75' lang='grc' dir='ltr'>εἶναι</span> <span class='ocrx_word' id='word_1_516' title='bbox 2654 2250 2710 2303; x_wconf 82' lang='grc' dir='ltr'><strong>ἐν</strong></span> <span class='ocrx_word' id='word_1_517' title='bbox 2734 2247 2812 2319; x_wconf 79' lang='grc' dir='ltr'>τῷ</span> <span class='ocrx_word' id='word_1_518' title='bbox 2838 2248 3088 2320; x_wconf 83' lang='grc' dir='ltr'>κρυπτῷ,</span> <span class='ocrx_word' id='word_1_519' title='bbox 3119 2249 3198 2320; x_wconf 81' lang='grc' dir='ltr'>τῷ</span> <span class='ocrx_word' id='word_1_520' title='bbox 3246 2250 3305 2303; x_wconf 78' lang='grc' dir='ltr'>δὲ</span> <span class='ocrx_word' id='word_1_521' title='bbox 3352 2248 3566 2320; x_wconf 89' lang='grc' dir='ltr'>σώματι</span> <span class='ocrx_word' id='word_1_522' title='bbox 3612 2252 3806 2307; x_wconf 82' lang='grc' dir='ltr'>οὐκέτι</span> 
     </span>
    </p>
   </div>
   <div class='ocr_carea' id='block_1_67' title="bbox 2208 2333 3806 2413">
    <p class='ocr_par' dir='ltr' id='par_1_67' title="bbox 2208 2333 3806 2413">
     <span class='ocr_line' id='line_1_67' title="bbox 2208 2333 3806 2413; baseline 0.003 -22"><span class='ocrx_word' id='word_1_523' title='bbox 2208 2333 2348 2391; x_wconf 80' lang='grc' dir='ltr'>εἶναι</span> <span class='ocrx_word' id='word_1_524' title='bbox 2375 2338 2611 2411; x_wconf 84' lang='grc' dir='ltr'>καθαρὰ,</span> <span class='ocrx_word' id='word_1_525' title='bbox 2638 2340 2799 2393; x_wconf 85' lang='grc' dir='ltr'>ὁποία</span> <span class='ocrx_word' id='word_1_526' title='bbox 2826 2340 2930 2411; x_wconf 84' lang='grc' dir='ltr'><strong>πρὸ</strong></span> <span class='ocrx_word' id='word_1_527' title='bbox 2964 2341 3063 2411; x_wconf 80' lang='grc' dir='ltr'>τῆς</span> <span class='ocrx_word' id='word_1_528' title='bbox 3085 2340 3206 2410; x_wconf 83' lang='grc' dir='ltr'>βίας</span> <span class='ocrx_word' id='word_1_529' title='bbox 3228 2337 3295 2413; x_wconf 84' lang='grc' dir='ltr'>ἦν</span> <span class='ocrx_word' id='word_1_530' title='bbox 3315 2359 3328 2371; x_wconf 84' lang='grc'><strong>-</strong></span> <span class='ocrx_word' id='word_1_531' title='bbox 3355 2342 3470 2395; x_wconf 83' lang='grc' dir='ltr'>ἀλλ’</span> <span class='ocrx_word' id='word_1_532' title='bbox 3501 2343 3646 2412; x_wconf 75' lang='grc' dir='ltr'>οὐχὶ,</span> <span class='ocrx_word' id='word_1_533' title='bbox 3675 2345 3806 2397; x_wconf 73' lang='grc' dir='ltr'>ἐπεὶ</span> 
     </span>
    </p>
   </div>
   <div class='ocr_carea' id='block_1_68' title="bbox 2207 2429 3799 2502">
    <p class='ocr_par' dir='ltr' id='par_1_68' title="bbox 2207 2429 3799 2502">
     <span class='ocr_line' id='line_1_68' title="bbox 2207 2429 3799 2502; baseline 0.004 -21"><span class='ocrx_word' id='word_1_534' title='bbox 2207 2430 2269 2482; x_wconf 84' lang='grc' dir='ltr'><strong>οὐ</strong></span> <span class='ocrx_word' id='word_1_535' title='bbox 2304 2429 2554 2502; x_wconf 76' lang='grc' dir='ltr'>καθαρὰ,</span> <span class='ocrx_word' id='word_1_536' title='bbox 2595 2430 2697 2502; x_wconf 71' lang='grc' dir='ltr'>ἤδη</span> <span class='ocrx_word' id='word_1_537' title='bbox 2729 2432 2823 2485; x_wconf 74' lang='grc' dir='ltr'><strong>καὶ</strong></span> <span class='ocrx_word' id='word_1_538' title='bbox 2869 2431 3189 2495; x_wconf 82' lang='grc' dir='ltr'>ἀκόλαστος.</span> <span class='ocrx_word' id='word_1_539' title='bbox 3220 2432 3405 2485; x_wconf 80' lang='grc' dir='ltr'>Ταῦτα</span> <span class='ocrx_word' id='word_1_540' title='bbox 3433 2435 3527 2486; x_wconf 73' lang='grc' dir='ltr'><strong>καὶ</strong></span> <span class='ocrx_word' id='word_1_541' title='bbox 3569 2433 3658 2486; x_wconf 81' lang='grc' dir='ltr'><strong>διὰ</strong></span> <span class='ocrx_word' id='word_1_542' title='bbox 3700 2433 3759 2487; x_wconf 88' lang='grc' dir='ltr'>τό</span> <span class='ocrx_word' id='word_1_543' title='bbox 3781 2451 3799 2465; x_wconf 76' lang='grc' dir='ltr'><strong>ο</strong></span> 
     </span>
    </p>
   </div>
   <div class='ocr_carea' id='block_1_69' title="bbox 2214 2520 3802 2592">
    <p class='ocr_par' dir='ltr' id='par_1_69' title="bbox 2214 2520 3802 2592">
     <span class='ocr_line' id='line_1_69' title="bbox 2214 2520 3802 2592; baseline 0.004 -21"><span class='ocrx_word' id='word_1_544' title='bbox 2214 2537 2234 2570; x_wconf 84' lang='grc'><strong><em>‹</em></strong></span> <span class='ocrx_word' id='word_1_545' title='bbox 2286 2520 2622 2589; x_wconf 76' lang='grc' dir='ltr'>Ἐλογίζοντο</span> <span class='ocrx_word' id='word_1_546' title='bbox 2660 2522 2717 2574; x_wconf 86' lang='grc' dir='ltr'><strong>ἐν</strong></span> <span class='ocrx_word' id='word_1_547' title='bbox 2760 2522 2973 2584; x_wconf 77' lang='grc' dir='ltr'>ἑαυτοῖς</span> <span class='ocrx_word' id='word_1_548' title='bbox 3003 2520 3249 2590; x_wconf 67' lang='grc' dir='ltr'>λέγοντες</span> <span class='ocrx_word' id='word_1_549' title='bbox 3271 2560 3286 2585; x_wconf 89' lang='grc'><strong>,</strong></span> <span class='ocrx_word' id='word_1_550' title='bbox 3326 2522 3408 2575; x_wconf 82' lang='grc' dir='ltr'>ὅτι</span> <span class='ocrx_word' id='word_1_551' title='bbox 3454 2522 3654 2592; x_wconf 79' lang='grc' dir='ltr'>ἄρτους</span> <span class='ocrx_word' id='word_1_552' title='bbox 3697 2523 3802 2577; x_wconf 71' lang='grc' dir='ltr'><strong>οὐκ</strong></span> 
     </span>
    </p>
   </div>
   <div class='ocr_carea' id='block_1_70' title="bbox 2207 2606 3799 2687">
    <p class='ocr_par' dir='ltr' id='par_1_70' title="bbox 2207 2606 3799 2687">
     <span class='ocr_line' id='line_1_70' title="bbox 2207 2606 3799 2687; baseline 0.003 -22"><span class='ocrx_word' id='word_1_553' title='bbox 2207 2612 2506 2683; x_wconf 76' lang='grc' dir='ltr'>ἐλάϐομεν·</span> <span class='ocrx_word' id='word_1_554' title='bbox 2538 2633 2555 2664; x_wconf 76' lang='grc' dir='ltr'><strong>ι</strong></span> <span class='ocrx_word' id='word_1_555' title='bbox 2590 2606 2634 2681; x_wconf 80' lang='grc' dir='ltr'><strong>ᾧ</strong></span> <span class='ocrx_word' id='word_1_556' title='bbox 2664 2614 2982 2684; x_wconf 82' lang='grc' dir='ltr'>ἐπιφέρεται</span> <span class='ocrx_word' id='word_1_557' title='bbox 3015 2614 3104 2667; x_wconf 68' lang='grc' dir='ltr'><strong>τό*</strong></span> <span class='ocrx_word' id='word_1_558' title='bbox 3141 2632 3158 2664; x_wconf 88' lang='lat' dir='ltr'><strong>t</strong></span> <span class='ocrx_word' id='word_1_559' title='bbox 3199 2615 3366 2677; x_wconf 80' lang='grc' dir='ltr'>Γνοὺς</span> <span class='ocrx_word' id='word_1_560' title='bbox 3406 2613 3463 2667; x_wconf 85' lang='grc' dir='ltr'>δὲ</span> <span class='ocrx_word' id='word_1_561' title='bbox 3508 2618 3537 2669; x_wconf 90' lang='lat'><strong>6</strong></span> <span class='ocrx_word' id='word_1_562' title='bbox 3587 2616 3799 2687; x_wconf 83' lang='grc' dir='ltr'>Ἰησοῦς</span> 
     </span>
    </p>
   </div>
   <div class='ocr_carea' id='block_1_71' title="bbox 2207 2701 3798 2774">
    <p class='ocr_par' dir='ltr' id='par_1_71' title="bbox 2207 2701 3798 2774">
     <span class='ocr_line' id='line_1_71' title="bbox 2207 2701 3798 2774; baseline 0.003 -17"><span class='ocrx_word' id='word_1_563' title='bbox 2207 2701 2387 2758; x_wconf 75' lang='grc' dir='ltr'>εἷπεν·</span> <span class='ocrx_word' id='word_1_564' title='bbox 2424 2705 2806 2774; x_wconf 85' lang='grc' dir='ltr'>Ὀλιγόπιστοι,</span> <span class='ocrx_word' id='word_1_565' title='bbox 2832 2705 2883 2758; x_wconf 90' lang='grc' dir='ltr'><strong>τί</strong></span> <span class='ocrx_word' id='word_1_566' title='bbox 2901 2705 3266 2774; x_wconf 75' lang='grc' dir='ltr'>διαλογίζεσθε</span> <span class='ocrx_word' id='word_1_567' title='bbox 3295 2708 3353 2759; x_wconf 90' lang='grc' dir='ltr'><strong>ἐν</strong></span> <span class='ocrx_word' id='word_1_568' title='bbox 3376 2708 3588 2769; x_wconf 80' lang='grc' dir='ltr'>ἑαυτοῖς</span> <span class='ocrx_word' id='word_1_569' title='bbox 3610 2723 3625 2772; x_wconf 91' lang='grc'>;</span> <span class='ocrx_word' id='word_1_570' title='bbox 3646 2725 3666 2759; x_wconf 75' lang='grc' dir='ltr'><strong>ι</strong></span> <span class='ocrx_word' id='word_1_571' title='bbox 3698 2708 3798 2761; x_wconf 81' lang='grc' dir='ltr'>καὶ</span> 
     </span>
    </p>
   </div>
   <div class='ocr_carea' id='block_1_72' title="bbox 2206 2795 3800 2870">
    <p class='ocr_par' dir='ltr' id='par_1_72' title="bbox 2206 2795 3800 2870">
     <span class='ocr_line' id='line_1_72' title="bbox 2206 2795 3800 2870; baseline 0.003 -21"><span class='ocrx_word' id='word_1_572' title='bbox 2206 2796 2274 2849; x_wconf 85' lang='grc' dir='ltr'>τὰ</span> <span class='ocrx_word' id='word_1_573' title='bbox 2299 2795 2427 2867; x_wconf 79' lang='grc' dir='ltr'>ἐξῆς</span> <span class='ocrx_word' id='word_1_574' title='bbox 2446 2813 2460 2826; x_wconf 85' lang='grc'>⁶</span> <span class='ocrx_word' id='word_1_575' title='bbox 2491 2796 2598 2849; x_wconf 75' lang='grc' dir='ltr'>ἔδει</span> <span class='ocrx_word' id='word_1_576' title='bbox 2627 2796 2735 2868; x_wconf 85' lang='grc' dir='ltr'>γὰρ</span> <span class='ocrx_word' id='word_1_577' title='bbox 2765 2798 2854 2851; x_wconf 80' lang='grc' dir='ltr'><strong>τὸν</strong></span> <span class='ocrx_word' id='word_1_578' title='bbox 2883 2798 3010 2868; x_wconf 72' lang='grc' dir='ltr'>περὶ</span> <span class='ocrx_word' id='word_1_579' title='bbox 3035 2796 3143 2850; x_wconf 90' lang='grc' dir='ltr'><strong>τῶν</strong></span> <span class='ocrx_word' id='word_1_580' title='bbox 3173 2798 3230 2850; x_wconf 82' lang='grc' dir='ltr'>ὲν</span> <span class='ocrx_word' id='word_1_581' title='bbox 3256 2797 3335 2867; x_wconf 81' lang='grc' dir='ltr'>τῷ</span> <span class='ocrx_word' id='word_1_582' title='bbox 3371 2797 3600 2870; x_wconf 87' lang='grc' dir='ltr'>κρυπτῷ</span> <span class='ocrx_word' id='word_1_583' title='bbox 3627 2799 3800 2869; x_wconf 77' lang='grc' dir='ltr'>ψόγον</span> 
     </span>
    </p>
   </div>
   <div class='ocr_carea' id='block_1_73' title="bbox 2206 2887 3807 2964">
    <p class='ocr_par' dir='ltr' id='par_1_73' title="bbox 2206 2887 3807 2964">
     <span class='ocr_line' id='line_1_73' title="bbox 2206 2887 3807 2964; baseline 0.002 -23"><span class='ocrx_word' id='word_1_584' title='bbox 2206 2887 2582 2960; x_wconf 81' lang='grc' dir='ltr'>ἐξετασθῆναι,</span> <span class='ocrx_word' id='word_1_585' title='bbox 2632 2890 2726 2942; x_wconf 72' lang='grc' dir='ltr'>καὶ</span> <span class='ocrx_word' id='word_1_586' title='bbox 2767 2888 3254 2960; x_wconf 83' lang='grc' dir='ltr'>παρανακειμένως</span> <span class='ocrx_word' id='word_1_587' title='bbox 3293 2889 3443 2960; x_wconf 84' lang='grc' dir='ltr'>αὐτῷ</span> <span class='ocrx_word' id='word_1_588' title='bbox 3484 2889 3595 2945; x_wconf 89' lang='grc' dir='ltr'><strong>τῶν</strong></span> <span class='ocrx_word' id='word_1_589' title='bbox 3626 2891 3686 2945; x_wconf 74' lang='grc' dir='ltr'><strong>ἐν</strong></span> 
     </span>
    </p>
   </div>
   <div class='ocr_carea' id='block_1_74' title="bbox 2206 2980 2845 3052">
    <p class='ocr_par' dir='ltr' id='par_1_74' title="bbox 2206 2980 2845 3052">
     <span class='ocr_line' id='line_1_74' title="bbox 2206 2980 2845 3052; baseline 0 -19"><span class='ocrx_word' id='word_1_590' title='bbox 2206 2980 2434 3052; x_wconf 87' lang='grc' dir='ltr'>κρυπτῷ</span> <span class='ocrx_word' id='word_1_591' title='bbox 2464 2981 2575 3052; x_wconf 82' lang='lat' dir='ltr'><strong>(ll)</strong></span> <span class='ocrx_word' id='word_1_592' title='bbox 2604 2980 2845 3035; x_wconf 80' lang='grc' dir='ltr'>ἔπαινον.</span> 
     </span>
    </p>
   </div>
   <div class='ocr_carea' id='block_1_75' title="bbox 2271 3270 3783 3355">
    <p class='ocr_par' dir='ltr' id='par_1_75' title="bbox 2271 3270 3783 3355">
     <span class='ocr_line' id='line_1_75' title="bbox 2271 3270 3783 3355; baseline 0.01 -31"><span class='ocrx_word' id='word_1_593' title='bbox 2271 3270 2383 3325; x_wconf 88' lang='grc' dir='ltr'>Θαυ</span> <span class='ocrx_word' id='word_1_594' title='bbox 2392 3273 2547 3343; x_wconf 78' lang='grc' dir='ltr'>μάξω</span> <span class='ocrx_word' id='word_1_595' title='bbox 2564 3274 2609 3327; x_wconf 86' lang='grc' dir='ltr'>δ’</span> <span class='ocrx_word' id='word_1_596' title='bbox 2624 3276 2671 3329; x_wconf 87' lang='grc' dir='ltr'><strong>εί</strong></span> <span class='ocrx_word' id='word_1_597' title='bbox 2697 3277 2745 3329; x_wconf 88' lang='grc' dir='ltr'>οἱ</span> <span class='ocrx_word' id='word_1_598' title='bbox 2772 3275 3008 3348; x_wconf 81' lang='grc' dir='ltr'>μαθηταὶ</span> <span class='ocrx_word' id='word_1_599' title='bbox 3035 3276 3219 3349; x_wconf 78' lang='grc' dir='ltr'>ᾤοντο,</span> <span class='ocrx_word' id='word_1_600' title='bbox 3238 3279 3365 3352; x_wconf 79' lang='grc' dir='ltr'>πρὶν</span> <span class='ocrx_word' id='word_1_601' title='bbox 3386 3283 3783 3355; x_wconf 71' lang='grc' dir='ltr'>σαφηνισθῆναι</span> 
     </span>
    </p>
   </div>
   <div class='ocr_carea' id='block_1_76' title="bbox 2199 3363 3779 3445">
    <p class='ocr_par' dir='ltr' id='par_1_76' title="bbox 2199 3363 3779 3445">
     <span class='ocr_line' id='line_1_76' title="bbox 2199 3363 3779 3445; baseline 0.01 -31"><span class='ocrx_word' id='word_1_602' title='bbox 2199 3363 2379 3427; x_wconf 81' lang='grc' dir='ltr'>αὐτοῖς</span> <span class='ocrx_word' id='word_1_603' title='bbox 2405 3365 2510 3418; x_wconf 85' lang='grc' dir='ltr'><strong>ὑπὸ</strong></span> <span class='ocrx_word' id='word_1_604' title='bbox 2534 3365 2628 3418; x_wconf 78' lang='grc' dir='ltr'>τοῦ</span> <span class='ocrx_word' id='word_1_605' title='bbox 2663 3367 2838 3439; x_wconf 81' lang='grc' dir='ltr'>Ἰησοῦ</span> <span class='ocrx_word' id='word_1_606' title='bbox 2858 3367 2947 3423; x_wconf 84' lang='grc' dir='ltr'><strong>τὸν</strong></span> <span class='ocrx_word' id='word_1_607' title='bbox 2979 3368 3163 3438; x_wconf 90' lang='grc' dir='ltr'>λόγον,</span> <span class='ocrx_word' id='word_1_608' title='bbox 3196 3372 3276 3426; x_wconf 83' lang='grc' dir='ltr'>ὅτι</span> <span class='ocrx_word' id='word_1_609' title='bbox 3309 3372 3634 3445; x_wconf 77' lang='grc' dir='ltr'>ἀπαγορεύει</span> <span class='ocrx_word' id='word_1_610' title='bbox 3677 3376 3779 3430; x_wconf 81' lang='grc' dir='ltr'><strong>αὐ-</strong></span> 
     </span>
    </p>
   </div>
   <div class='ocr_carea' id='block_1_77' title="bbox 2199 3456 3774 3536">
    <p class='ocr_par' dir='ltr' id='par_1_77' title="bbox 2199 3456 3774 3536">
     <span class='ocr_line' id='line_1_77' title="bbox 2199 3456 3774 3536; baseline 0.008 -29"><span class='ocrx_word' id='word_1_611' title='bbox 2199 3457 2310 3519; x_wconf 89' lang='grc' dir='ltr'>τοῖς</span> <span class='ocrx_word' id='word_1_612' title='bbox 2338 3457 2366 3509; x_wconf 91' lang='lat'><strong>6</strong></span> <span class='ocrx_word' id='word_1_613' title='bbox 2392 3456 2708 3522; x_wconf 84' lang='grc' dir='ltr'>διδάσκαλος</span> <span class='ocrx_word' id='word_1_614' title='bbox 2733 3460 2827 3512; x_wconf 71' lang='grc' dir='ltr'>καὶ</span> <span class='ocrx_word' id='word_1_615' title='bbox 2853 3461 2882 3513; x_wconf 87' lang='grc' dir='ltr'>ὁ</span> <span class='ocrx_word' id='word_1_616' title='bbox 2909 3459 3112 3532; x_wconf 84' lang='grc' dir='ltr'>Κύριος</span> <span class='ocrx_word' id='word_1_617' title='bbox 3136 3462 3392 3535; x_wconf 76' lang='grc' dir='ltr'>αἰσθητὴν</span> <span class='ocrx_word' id='word_1_618' title='bbox 3409 3463 3581 3536; x_wconf 82' lang='grc' dir='ltr'>ζύμην</span> <span class='ocrx_word' id='word_1_619' title='bbox 3602 3466 3774 3536; x_wconf 80' lang='grc' dir='ltr'>Φαρι-</span> 
     </span>
    </p>
   </div>
   <div class='ocr_carea' id='block_1_78' title="bbox 2202 3544 3778 3625">
    <p class='ocr_par' dir='ltr' id='par_1_78' title="bbox 2202 3544 3778 3625">
     <span class='ocr_line' id='line_1_78' title="bbox 2202 3544 3778 3625; baseline 0.003 -24"><span class='ocrx_word' id='word_1_620' title='bbox 2202 3544 2429 3618; x_wconf 82' lang='grc' dir='ltr'>σαίωνῆ</span> <span class='ocrx_word' id='word_1_621' title='bbox 2462 3547 2834 3602; x_wconf 85' lang='grc' dir='ltr'>Σαδδουκαίων</span> <span class='ocrx_word' id='word_1_622' title='bbox 2878 3550 3235 3618; x_wconf 81' lang='grc' dir='ltr'>φυλάξασθαι,</span> <span class='ocrx_word' id='word_1_623' title='bbox 3285 3553 3360 3616; x_wconf 82' lang='grc' dir='ltr'>ὡς</span> <span class='ocrx_word' id='word_1_624' title='bbox 3405 3553 3465 3605; x_wconf 85' lang='grc' dir='ltr'><strong>οὑ</strong></span> <span class='ocrx_word' id='word_1_625' title='bbox 3505 3552 3778 3625; x_wconf 85' lang='grc' dir='ltr'>καθαρὰν,</span> 
     </span>
    </p>
   </div>
   <div class='ocr_carea' id='block_1_79' title="bbox 2200 3638 3779 3718">
    <p class='ocr_par' dir='ltr' id='par_1_79' title="bbox 2200 3638 3779 3718">
     <span class='ocr_line' id='line_1_79' title="bbox 2200 3638 3779 3718; baseline 0.004 -27"><span class='ocrx_word' id='word_1_626' title='bbox 2200 3638 2294 3691; x_wconf 74' lang='grc' dir='ltr'><strong>καὶ</strong></span> <span class='ocrx_word' id='word_1_627' title='bbox 2323 3638 2411 3692; x_wconf 82' lang='grc' dir='ltr'><strong>διὰ</strong></span> <span class='ocrx_word' id='word_1_628' title='bbox 2434 3638 2591 3693; x_wconf 79' lang='grc' dir='ltr'>τοῦτο</span> <span class='ocrx_word' id='word_1_629' title='bbox 2618 3641 3118 3715; x_wconf 87' lang='grc' dir='ltr'>άπαγορευομένην.</span> <span class='ocrx_word' id='word_1_630' title='bbox 3157 3645 3243 3698; x_wconf 81' lang='grc' dir='ltr'>ἵνα</span> <span class='ocrx_word' id='word_1_631' title='bbox 3279 3644 3425 3717; x_wconf 78' lang='grc' dir='ltr'>μηδ’,</span> <span class='ocrx_word' id='word_1_632' title='bbox 3463 3646 3545 3699; x_wconf 82' lang='grc' dir='ltr'>ὅτι</span> <span class='ocrx_word' id='word_1_633' title='bbox 3582 3647 3779 3718; x_wconf 78' lang='grc' dir='ltr'>ἄρτους</span> 
     </span>
    </p>
   </div>
   <div class='ocr_carea' id='block_1_80' title="bbox 2198 3731 3778 3808">
    <p class='ocr_par' dir='ltr' id='par_1_80' title="bbox 2198 3731 3778 3808">
     <span class='ocr_line' id='line_1_80' title="bbox 2198 3731 3778 3808; baseline 0.005 -24"><span class='ocrx_word' id='word_1_634' title='bbox 2198 3731 2298 3784; x_wconf 84' lang='grc' dir='ltr'><strong>οὐκ</strong></span> <span class='ocrx_word' id='word_1_635' title='bbox 2346 3732 2690 3803; x_wconf 85' lang='grc' dir='ltr'>είλήφεισαν,</span> <span class='ocrx_word' id='word_1_636' title='bbox 2726 3736 2791 3805; x_wconf 82' lang='grc' dir='ltr'>τῇ</span> <span class='ocrx_word' id='word_1_637' title='bbox 2823 3735 3045 3789; x_wconf 84' lang='grc' dir='ltr'>ἐκείνων</span> <span class='ocrx_word' id='word_1_638' title='bbox 3079 3734 3226 3807; x_wconf 79' lang='grc' dir='ltr'>ζύμῃ</span> <span class='ocrx_word' id='word_1_639' title='bbox 3269 3738 3604 3808; x_wconf 86' lang='grc' dir='ltr'>χρήσωνται.</span> <span class='ocrx_word' id='word_1_640' title='bbox 3636 3738 3709 3790; x_wconf 86' lang='grc' dir='ltr'><strong>Τὸ</strong></span> <span class='ocrx_word' id='word_1_641' title='bbox 3732 3738 3778 3792; x_wconf 81' lang='grc' dir='ltr'>δ’</span> 
     </span>
    </p>
   </div>
   <div class='ocr_carea' id='block_1_81' title="bbox 2198 3823 3781 3902">
    <p class='ocr_par' dir='ltr' id='par_1_81' title="bbox 2198 3823 3781 3902">
     <span class='ocr_line' id='line_1_81' title="bbox 2198 3823 3781 3902; baseline 0.005 -27"><span class='ocrx_word' id='word_1_642' title='bbox 2198 3823 2382 3894; x_wconf 83' lang='grc' dir='ltr'>ὅμοιον</span> <span class='ocrx_word' id='word_1_643' title='bbox 2422 3825 2515 3878; x_wconf 74' lang='grc' dir='ltr'>καὶ</span> <span class='ocrx_word' id='word_1_644' title='bbox 2554 3825 2640 3878; x_wconf 87' lang='grc' dir='ltr'>ἐπ’</span> <span class='ocrx_word' id='word_1_645' title='bbox 2667 3825 2775 3896; x_wconf 72' lang='grc'><strong>(12)</strong></span> <span class='ocrx_word' id='word_1_646' title='bbox 2809 3825 2982 3881; x_wconf 76' lang='grc' dir='ltr'>ἄλλων</span> <span class='ocrx_word' id='word_1_647' title='bbox 3017 3828 3115 3899; x_wconf 85' lang='grc' dir='ltr'>μὲν</span> <span class='ocrx_word' id='word_1_648' title='bbox 3145 3828 3503 3901; x_wconf 83' lang='grc' dir='ltr'>ζητήσαιμεν,</span> <span class='ocrx_word' id='word_1_649' title='bbox 3538 3830 3700 3902; x_wconf 84' lang='grc' dir='ltr'>ἀρκεῖ</span> <span class='ocrx_word' id='word_1_650' title='bbox 3722 3830 3781 3883; x_wconf 82' lang='grc' dir='ltr'>δὲ</span> 
     </span>
    </p>
   </div>
   <div class='ocr_carea' id='block_1_82' title="bbox 2198 3916 3778 3993">
    <p class='ocr_par' dir='ltr' id='par_1_82' title="bbox 2198 3916 3778 3993">
     <span class='ocr_line' id='line_1_82' title="bbox 2198 3916 3778 3993; baseline -0.009 -24"><span class='ocrx_word' id='word_1_651' title='bbox 2198 3916 2638 3988; x_wconf 84' lang='grc' dir='ltr'>παραδείγματος</span> <span class='ocrx_word' id='word_1_652' title='bbox 2653 3918 2810 3990; x_wconf 86' lang='grc' dir='ltr'>χάριν</span> <span class='ocrx_word' id='word_1_653' title='bbox 2835 3919 2894 3971; x_wconf 86' lang='grc' dir='ltr'><strong>τὸ</strong></span> <span class='ocrx_word' id='word_1_654' title='bbox 2911 3920 3037 3991; x_wconf 78' lang='grc' dir='ltr'>περὶ</span> <span class='ocrx_word' id='word_1_655' title='bbox 3059 3919 3160 3989; x_wconf 81' lang='grc' dir='ltr'>τῆς</span> <span class='ocrx_word' id='word_1_656' title='bbox 3181 3920 3567 3993; x_wconf 75' lang='grc' dir='ltr'>Σαμαρείτιδος</span> <span class='ocrx_word' id='word_1_657' title='bbox 3593 3924 3651 3975; x_wconf 66' lang='grc' dir='ltr'><strong>ὲν</strong></span> <span class='ocrx_word' id='word_1_658' title='bbox 3679 3920 3778 3992; x_wconf 72' lang='grc' dir='ltr'><strong>τῷ.</strong></span> 
     </span>
    </p>
   </div>
   <div class='ocr_carea' id='block_1_83' title="bbox 2204 4008 3774 4085">
    <p class='ocr_par' dir='ltr' id='par_1_83' title="bbox 2204 4008 3774 4085">
     <span class='ocr_line' id='line_1_83' title="bbox 2204 4008 3774 4085; baseline 0.004 -26"><span class='ocrx_word' id='word_1_659' title='bbox 2204 4026 2223 4059; x_wconf 87' lang='grc'><strong><em>‹</em></strong></span> <span class='ocrx_word' id='word_1_660' title='bbox 2261 4008 2376 4072; x_wconf 81' lang='grc' dir='ltr'><strong>Πᾶς</strong></span> <span class='ocrx_word' id='word_1_661' title='bbox 2396 4010 2424 4063; x_wconf 87' lang='grc' dir='ltr'>ὁ</span> <span class='ocrx_word' id='word_1_662' title='bbox 2460 4009 2630 4063; x_wconf 88' lang='grc' dir='ltr'>πίνων</span> <span class='ocrx_word' id='word_1_663' title='bbox 2657 4012 2722 4064; x_wconf 86' lang='grc' dir='ltr'><strong>ἐκ</strong></span> <span class='ocrx_word' id='word_1_664' title='bbox 2742 4009 2835 4063; x_wconf 79' lang='grc' dir='ltr'><strong>τοῦ</strong></span> <span class='ocrx_word' id='word_1_665' title='bbox 2870 4009 3062 4074; x_wconf 79' lang='grc' dir='ltr'>ὓδατος</span> <span class='ocrx_word' id='word_1_666' title='bbox 3090 4010 3282 4065; x_wconf 88' lang='grc' dir='ltr'>τούτου</span> <span class='ocrx_word' id='word_1_667' title='bbox 3309 4012 3526 4085; x_wconf 80' lang='grc' dir='ltr'>διψήσει</span> <span class='ocrx_word' id='word_1_668' title='bbox 3577 4012 3774 4066; x_wconf 84' lang='grc' dir='ltr'>πάλιν·</span> 
     </span>
    </p>
   </div>
   <div class='ocr_carea' id='block_1_84' title="bbox 2196 4098 3776 4176">
    <p class='ocr_par' dir='ltr' id='par_1_84' title="bbox 2196 4098 3776 4176">
     <span class='ocr_line' id='line_1_84' title="bbox 2196 4098 3776 4176; baseline 0.003 -24"><span class='ocrx_word' id='word_1_669' title='bbox 2196 4099 2255 4163; x_wconf 84' lang='grc' dir='ltr'>ὃς</span> <span class='ocrx_word' id='word_1_670' title='bbox 2277 4100 2322 4153; x_wconf 82' lang='grc' dir='ltr'>δ’</span> <span class='ocrx_word' id='word_1_671' title='bbox 2352 4100 2416 4154; x_wconf 88' lang='grc' dir='ltr'>ἂν</span> <span class='ocrx_word' id='word_1_672' title='bbox 2446 4101 2541 4173; x_wconf 81' lang='grc' dir='ltr'><strong>πίῃ</strong></span> <span class='ocrx_word' id='word_1_673' title='bbox 2570 4104 2635 4155; x_wconf 88' lang='grc' dir='ltr'><strong>ἐκ</strong></span> <span class='ocrx_word' id='word_1_674' title='bbox 2662 4102 2753 4156; x_wconf 84' lang='grc' dir='ltr'>τοῦ</span> <span class='ocrx_word' id='word_1_675' title='bbox 2782 4102 2993 4167; x_wconf 82' lang='grc' dir='ltr'>ὓδατος,</span> <span class='ocrx_word' id='word_1_676' title='bbox 3016 4098 3076 4159; x_wconf 74' lang='grc' dir='ltr'>οὗ</span> <span class='ocrx_word' id='word_1_677' title='bbox 3094 4103 3202 4172; x_wconf 85' lang='grc' dir='ltr'><strong>ἐγὼ</strong></span> <span class='ocrx_word' id='word_1_678' title='bbox 3222 4104 3380 4159; x_wconf 83' lang='grc' dir='ltr'>δώσω</span> <span class='ocrx_word' id='word_1_679' title='bbox 3411 4104 3580 4175; x_wconf 86' lang='grc' dir='ltr'>αὐτῷ,</span> <span class='ocrx_word' id='word_1_680' title='bbox 3611 4106 3674 4157; x_wconf 82' lang='grc' dir='ltr'><strong>οὐ</strong></span> <span class='ocrx_word' id='word_1_681' title='bbox 3703 4104 3776 4176; x_wconf 81' lang='grc' dir='ltr'>μὴ</span> 
     </span>
    </p>
   </div>
   <div class='ocr_carea' id='block_1_85' title="bbox 2195 4191 3774 4266">
    <p class='ocr_par' dir='ltr' id='par_1_85' title="bbox 2195 4191 3774 4266">
     <span class='ocr_line' id='line_1_85' title="bbox 2195 4191 3774 4266; baseline 0.003 -22"><span class='ocrx_word' id='word_1_682' title='bbox 2195 4191 2410 4263; x_wconf 75' lang='grc' dir='ltr'>διψήσει</span> <span class='ocrx_word' id='word_1_683' title='bbox 2437 4195 2517 4258; x_wconf 89' lang='grc' dir='ltr'>εἰς</span> <span class='ocrx_word' id='word_1_684' title='bbox 2547 4194 2639 4247; x_wconf 85' lang='grc' dir='ltr'><strong>τὸν</strong></span> <span class='ocrx_word' id='word_1_685' title='bbox 2666 4192 2837 4247; x_wconf 81' lang='grc' dir='ltr'>αἰῶνα</span> <span class='ocrx_word' id='word_1_686' title='bbox 2857 4211 2870 4225; x_wconf 72' lang='grc' dir='ltr'><strong><em>ο</em></strong></span> <span class='ocrx_word' id='word_1_687' title='bbox 2907 4214 2926 4247; x_wconf 72' lang='grc' dir='ltr'><strong>ι</strong></span> <span class='ocrx_word' id='word_1_688' title='bbox 2971 4195 3065 4248; x_wconf 76' lang='grc' dir='ltr'>καὶ</span> <span class='ocrx_word' id='word_1_689' title='bbox 3095 4194 3204 4266; x_wconf 88' lang='grc' dir='ltr'><strong>γὰρ</strong></span> <span class='ocrx_word' id='word_1_690' title='bbox 3231 4196 3382 4258; x_wconf 88' lang='grc' dir='ltr'>ἐκεῖ,</span> <span class='ocrx_word' id='word_1_691' title='bbox 3428 4197 3552 4249; x_wconf 83' lang='grc' dir='ltr'>ὅσον</span> <span class='ocrx_word' id='word_1_692' title='bbox 3580 4196 3675 4248; x_wconf 81' lang='grc' dir='ltr'><strong>ἐπὶ</strong></span> <span class='ocrx_word' id='word_1_693' title='bbox 3706 4197 3774 4266; x_wconf 78' lang='grc' dir='ltr'>τῇ</span> 
     </span>
    </p>
   </div>
   <div class='ocr_carea' id='block_1_86' title="bbox 2195 4282 3777 4356">
    <p class='ocr_par' dir='ltr' id='par_1_86' title="bbox 2195 4282 3777 4356">
     <span class='ocr_line' id='line_1_86' title="bbox 2195 4282 3777 4356; baseline 0.001 -22"><span class='ocrx_word' id='word_1_694' title='bbox 2195 4282 2358 4348; x_wconf 77' lang='grc' dir='ltr'>λέξει,</span> <span class='ocrx_word' id='word_1_695' title='bbox 2392 4287 2424 4354; x_wconf 83' lang='grc' dir='ltr'>ἡ</span> <span class='ocrx_word' id='word_1_696' title='bbox 2456 4285 2784 4356; x_wconf 81' lang='grc' dir='ltr'>Σαμαρεῖτις</span> <span class='ocrx_word' id='word_1_697' title='bbox 2812 4283 2950 4346; x_wconf 80' lang='grc' dir='ltr'>δόξει</span> <span class='ocrx_word' id='word_1_698' title='bbox 2975 4284 3180 4338; x_wconf 74' lang='grc' dir='ltr'>οἴεσθαι</span> <span class='ocrx_word' id='word_1_699' title='bbox 3204 4285 3330 4355; x_wconf 74' lang='grc' dir='ltr'><strong>περί⁵</strong></span> <span class='ocrx_word' id='word_1_700' title='bbox 3360 4283 3551 4347; x_wconf 80' lang='grc' dir='ltr'>ὕδατος</span> <span class='ocrx_word' id='word_1_701' title='bbox 3582 4283 3777 4355; x_wconf 76' lang='grc' dir='ltr'>αἰσθη-</span> 
     </span>
    </p>
   </div>
   <div class='ocr_carea' id='block_1_87' title="bbox 2192 4370 3772 4447">
    <p class='ocr_par' dir='ltr' id='par_1_87' title="bbox 2192 4370 3772 4447">
     <span class='ocr_line' id='line_1_87' title="bbox 2192 4370 3772 4447; baseline 0.002 -23"><span class='ocrx_word' id='word_1_702' title='bbox 2192 4370 2287 4425; x_wconf 81' lang='grc' dir='ltr'>τοῦ</span> <span class='ocrx_word' id='word_1_703' title='bbox 2322 4372 2752 4441; x_wconf 80' lang='grc' dir='ltr'>ἐπαγγέλλεσθαι</span> <span class='ocrx_word' id='word_1_704' title='bbox 2781 4374 2872 4429; x_wconf 89' lang='grc' dir='ltr'><strong>τὸν</strong></span> <span class='ocrx_word' id='word_1_705' title='bbox 2909 4375 3136 4447; x_wconf 84' lang='grc' dir='ltr'>Σωτῆρα</span> <span class='ocrx_word' id='word_1_706' title='bbox 3167 4373 3416 4442; x_wconf 73' lang='grc' dir='ltr'>λέγονταο</span> <span class='ocrx_word' id='word_1_707' title='bbox 3447 4391 3465 4424; x_wconf 80' lang='grc' dir='ltr'><strong>ι</strong></span> <span class='ocrx_word' id='word_1_708' title='bbox 3510 4374 3607 4436; x_wconf 89' lang='grc' dir='ltr'>Ὃς</span> <span class='ocrx_word' id='word_1_709' title='bbox 3636 4374 3684 4427; x_wconf 87' lang='grc' dir='ltr'>δ’</span> <span class='ocrx_word' id='word_1_710' title='bbox 3702 4375 3772 4427; x_wconf 86' lang='grc' dir='ltr'><strong>ἂν</strong></span> 
     </span>
    </p>
   </div>
   <div class='ocr_carea' id='block_1_88' title="bbox 501 4429 2104 4538">
    <p class='ocr_par' dir='ltr' id='par_1_88' title="bbox 501 4429 2087 4522">
     <span class='ocr_line' id='line_1_88' title="bbox 501 4429 2087 4522; baseline 0.02 -42"><span class='ocrx_word' id='word_1_711' title='bbox 501 4429 757 4484; x_wconf 88' lang='lat' dir='ltr'><strong>sensilem</strong></span> <span class='ocrx_word' id='word_1_712' title='bbox 794 4437 1112 4501; x_wconf 85' lang='lat' dir='ltr'><strong>promittere</strong></span> <span class='ocrx_word' id='word_1_713' title='bbox 1162 4440 1502 4503; x_wconf 88' lang='lat' dir='ltr'><strong>Servatorem</strong></span> <span class='ocrx_word' id='word_1_714' title='bbox 1529 4488 1545 4514; x_wconf 90' lang='lat'><strong>,</strong></span> <span class='ocrx_word' id='word_1_715' title='bbox 1596 4465 1719 4506; x_wconf 91' lang='lat' dir='ltr'><strong>cum</strong></span> <span class='ocrx_word' id='word_1_716' title='bbox 1749 4453 1827 4507; x_wconf 89' lang='lat' dir='ltr'><strong>ait</strong></span> <span class='ocrx_word' id='word_1_717' title='bbox 1865 4473 1876 4507; x_wconf 94' lang='lat'>:</span> <span class='ocrx_word' id='word_1_718' title='bbox 1917 4429 1959 4507; x_wconf 40' lang='grc' dir='ltr'>ι-</span> <span class='ocrx_word' id='word_1_719' title='bbox 1982 4454 2087 4522; x_wconf 88' lang='lat' dir='ltr'><strong>Qui</strong></span> 
     </span>
    </p>
   </div>
   <div class='ocr_carea' id='block_1_89' title="bbox 2206 4429 3770 4538">
    <p class='ocr_par' dir='ltr' id='par_1_89' title="bbox 2206 4429 3770 4538">
     <span class='ocr_line' id='line_1_89' title="bbox 2206 4429 3770 4538; baseline -0.014 -3"><span class='ocrx_word' id='word_1_720' title='bbox 2206 4464 2291 4536; x_wconf 74' lang='grc' dir='ltr'><strong>πίῃ</strong></span> <span class='ocrx_word' id='word_1_721' title='bbox 2326 4467 2389 4518; x_wconf 70' lang='grc' dir='ltr'><strong>ὲκ</strong></span> <span class='ocrx_word' id='word_1_722' title='bbox 2412 4429 2514 4519; x_wconf 45' lang='lat'><strong>1-0;;</strong></span> <span class='ocrx_word' id='word_1_723' title='bbox 2534 4465 2744 4533; x_wconf 72' lang='grc' dir='ltr'>ὕδατος,</span> <span class='ocrx_word' id='word_1_724' title='bbox 2776 4459 2838 4518; x_wconf 72' lang='grc' dir='ltr'>οὗ</span> <span class='ocrx_word' id='word_1_725' title='bbox 2866 4466 2977 4536; x_wconf 80' lang='grc' dir='ltr'><strong>ἐγὼ</strong></span> <span class='ocrx_word' id='word_1_726' title='bbox 2997 4429 3153 4520; x_wconf 47' lang='lat' dir='ltr'><strong>ﬁngam</strong></span> <span class='ocrx_word' id='word_1_727' title='bbox 3184 4429 3359 4535; x_wconf 63' lang='grc' dir='ltr'>αύτῷ,</span> <span class='ocrx_word' id='word_1_728' title='bbox 3404 4465 3465 4518; x_wconf 89' lang='grc' dir='ltr'><strong>ού</strong></span> <span class='ocrx_word' id='word_1_729' title='bbox 3501 4464 3576 4536; x_wconf 82' lang='grc' dir='ltr'>μὴ</span> <span class='ocrx_word' id='word_1_730' title='bbox 3605 4464 3770 4538; x_wconf 72' lang='grc' dir='ltr'>διψή.</span> 
     </span>
    </p>
   </div>
   <div class='ocr_carea' id='block_1_90' title="bbox 500 4521 2161 4610">
    <p class='ocr_par' dir='ltr' id='par_1_90' title="bbox 500 4521 2161 4610">
     <span class='ocr_line' id='line_1_90' title="bbox 500 4521 2161 4610; baseline 0.02 -41"><span class='ocrx_word' id='word_1_731' title='bbox 500 4524 684 4610; x_wconf 86' lang='lat' dir='ltr'><strong>autem</strong></span> <span class='ocrx_word' id='word_1_732' title='bbox 710 4521 906 4579; x_wconf 88' lang='lat' dir='ltr'><strong>biberit</strong></span> <span class='ocrx_word' id='word_1_733' title='bbox 933 4542 1000 4582; x_wconf 81' lang='lat' dir='ltr'><strong>ex</strong></span> <span class='ocrx_word' id='word_1_734' title='bbox 1031 4544 1195 4597; x_wconf 89' lang='lat' dir='ltr'><strong>aqua,</strong></span> <span class='ocrx_word' id='word_1_735' title='bbox 1238 4550 1400 4603; x_wconf 88' lang='lat' dir='ltr'><strong>quam</strong></span> <span class='ocrx_word' id='word_1_736' title='bbox 1437 4553 1538 4609; x_wconf 90' lang='lat' dir='ltr'><strong>ego</strong></span> <span class='ocrx_word' id='word_1_737' title='bbox 1583 4541 1727 4597; x_wconf 91' lang='lat' dir='ltr'><strong>dabo</strong></span> <span class='ocrx_word' id='word_1_738' title='bbox 1759 4545 1830 4610; x_wconf 92' lang='lat' dir='ltr'><strong>ei,</strong></span> <span class='ocrx_word' id='word_1_739' title='bbox 1868 4561 1977 4601; x_wconf 89' lang='lat' dir='ltr'><strong>non</strong></span> <span class='ocrx_word' id='word_1_740' title='bbox 2007 4521 2084 4603; x_wconf 83' lang='lat' dir='ltr'><strong>si-</strong></span> <span class='ocrx_word' id='word_1_741' title='bbox 2117 4529 2161 4584; x_wconf 72' lang='grc' dir='ltr'>ί)</span> 
     </span>
    </p>
   </div>
   <div class='ocr_carea' id='block_1_91' title="bbox 500 4609 2080 4705">
    <p class='ocr_par' dir='ltr' id='par_1_91' title="bbox 500 4609 2080 4705">
     <span class='ocr_line' id='line_1_91' title="bbox 500 4609 2080 4705; baseline 0.02 -43"><span class='ocrx_word' id='word_1_742' title='bbox 500 4609 601 4664; x_wconf 82' lang='grc' dir='ltr'>ιίοι</span> <span class='ocrx_word' id='word_1_743' title='bbox 633 4611 687 4666; x_wconf 89' lang='lat' dir='ltr'><strong>in</strong></span> <span class='ocrx_word' id='word_1_744' title='bbox 738 4622 1022 4673; x_wconf 68' lang='lat' dir='ltr'><strong>aeternum.</strong></span> <span class='ocrx_word' id='word_1_745' title='bbox 1064 4639 1084 4672; x_wconf 72' lang='grc' dir='ltr'><strong>ι</strong></span> <span class='ocrx_word' id='word_1_746' title='bbox 1133 4620 1259 4678; x_wconf 64' lang='lat' dir='ltr'><strong>Haec</strong></span> <span class='ocrx_word' id='word_1_747' title='bbox 1305 4626 1468 4696; x_wconf 81' lang='lat' dir='ltr'><strong>igitur</strong></span> <span class='ocrx_word' id='word_1_748' title='bbox 1513 4633 1719 4700; x_wconf 90' lang='lat' dir='ltr'><strong>tropice</strong></span> <span class='ocrx_word' id='word_1_749' title='bbox 1764 4636 2080 4705; x_wconf 82' lang='lat' dir='ltr'><strong>explicanda</strong></span> 
     </span>
    </p>
   </div>
   <div class='ocr_carea' id='block_1_92' title="bbox 498 4712 2080 4799">
    <p class='ocr_par' dir='ltr' id='par_1_92' title="bbox 498 4712 2080 4799">
     <span class='ocr_line' id='line_1_92' title="bbox 498 4712 2080 4799; baseline 0.021 -46"><span class='ocrx_word' id='word_1_750' title='bbox 498 4712 666 4766; x_wconf 88' lang='lat' dir='ltr'><strong>sunt,</strong></span> <span class='ocrx_word' id='word_1_751' title='bbox 717 4716 772 4761; x_wconf 92' lang='lat' dir='ltr'><strong>et</strong></span> <span class='ocrx_word' id='word_1_752' title='bbox 818 4713 1193 4770; x_wconf 87' lang='lat' dir='ltr'><strong>contendenda</strong></span> <span class='ocrx_word' id='word_1_753' title='bbox 1243 4731 1382 4787; x_wconf 88' lang='lat' dir='ltr'><strong>aqua</strong></span> <span class='ocrx_word' id='word_1_754' title='bbox 1428 4718 1592 4778; x_wconf 87' lang='lat' dir='ltr'><strong>fontis</strong></span> <span class='ocrx_word' id='word_1_755' title='bbox 1639 4723 1850 4791; x_wconf 82' lang='lat' dir='ltr'><strong>Jacob,</strong></span> <span class='ocrx_word' id='word_1_756' title='bbox 1896 4743 1927 4782; x_wconf 89' lang='lat' dir='ltr'><strong>e</strong></span> <span class='ocrx_word' id='word_1_757' title='bbox 1971 4745 2080 4799; x_wconf 89' lang='lat' dir='ltr'><strong>quo</strong></span> 
     </span>
    </p>
   </div>
   <div class='ocr_carea' id='block_1_93' title="bbox 500 4791 1689 4882">
    <p class='ocr_par' dir='ltr' id='par_1_93' title="bbox 500 4791 1689 4882">
     <span class='ocr_line' id='line_1_93' title="bbox 500 4791 1689 4882; baseline 0.022 -38"><span class='ocrx_word' id='word_1_758' title='bbox 500 4791 783 4852; x_wconf 87' lang='lat' dir='ltr'><strong>hauriebat</strong></span> <span class='ocrx_word' id='word_1_759' title='bbox 817 4798 1180 4871; x_wconf 68' lang='lat' dir='ltr'><strong>Saluatitana,</strong></span> <span class='ocrx_word' id='word_1_760' title='bbox 1214 4824 1339 4863; x_wconf 86' lang='lat' dir='ltr'><strong>cum</strong></span> <span class='ocrx_word' id='word_1_761' title='bbox 1374 4828 1514 4882; x_wconf 89' lang='lat' dir='ltr'><strong>aqua</strong></span> <span class='ocrx_word' id='word_1_762' title='bbox 1561 4813 1689 4870; x_wconf 79' lang='lat' dir='ltr'><strong>Jesu</strong></span> 
     </span>
    </p>
   </div>
   <div class='ocr_carea' id='block_1_94' title="bbox 2191 4555 3772 4631">
    <p class='ocr_par' dir='ltr' id='par_1_94' title="bbox 2191 4555 3772 4631">
     <span class='ocr_line' id='line_1_94' title="bbox 2191 4555 3772 4631; baseline 0.003 -22"><span class='ocrx_word' id='word_1_763' title='bbox 2191 4573 2273 4610; x_wconf 90' lang='grc' dir='ltr'><strong>σει</strong></span> <span class='ocrx_word' id='word_1_764' title='bbox 2301 4560 2380 4621; x_wconf 80' lang='grc' dir='ltr'>εἰς</span> <span class='ocrx_word' id='word_1_765' title='bbox 2413 4558 2504 4612; x_wconf 81' lang='grc' dir='ltr'><strong>τὸν</strong></span> <span class='ocrx_word' id='word_1_766' title='bbox 2526 4558 2717 4613; x_wconf 76' lang='grc' dir='ltr'>αἰῶνα.</span> <span class='ocrx_word' id='word_1_767' title='bbox 2758 4578 2778 4606; x_wconf 76' lang='grc' dir='ltr'><strong>ι</strong></span> <span class='ocrx_word' id='word_1_768' title='bbox 2809 4561 3049 4613; x_wconf 83' lang='grc' dir='ltr'>Κάκείνα</span> <span class='ocrx_word' id='word_1_769' title='bbox 3071 4555 3162 4614; x_wconf 85' lang='grc' dir='ltr'><strong>οὖν</strong></span> <span class='ocrx_word' id='word_1_770' title='bbox 3192 4557 3641 4631; x_wconf 84' lang='grc' dir='ltr'>τροπολογητέον,</span> <span class='ocrx_word' id='word_1_771' title='bbox 3673 4560 3772 4613; x_wconf 75' lang='grc' dir='ltr'><strong>καὶ</strong></span> 
     </span>
    </p>
   </div>
   <div class='ocr_carea' id='block_1_95' title="bbox 2189 4647 3769 4725">
    <p class='ocr_par' dir='ltr' id='par_1_95' title="bbox 2189 4647 3769 4725">
     <span class='ocr_line' id='line_1_95' title="bbox 2189 4647 3769 4725; baseline 0.004 -23"><span class='ocrx_word' id='word_1_772' title='bbox 2189 4648 2601 4714; x_wconf 80' lang='grc' dir='ltr'>συνεξεταστέον</span> <span class='ocrx_word' id='word_1_773' title='bbox 2635 4650 2777 4725; x_wconf 83' lang='grc' dir='ltr'>ὕδωρ</span> <span class='ocrx_word' id='word_1_774' title='bbox 2794 4651 2976 4722; x_wconf 85' lang='grc' dir='ltr'>πηγῆς</span> <span class='ocrx_word' id='word_1_775' title='bbox 2999 4651 3094 4705; x_wconf 80' lang='grc' dir='ltr'>τοῦ</span> <span class='ocrx_word' id='word_1_776' title='bbox 3133 4649 3343 4716; x_wconf 78' lang='grc' dir='ltr'>Ἰακὼϐ,</span> <span class='ocrx_word' id='word_1_777' title='bbox 3375 4653 3464 4720; x_wconf 79' lang='grc' dir='ltr'><strong>ἀφ’</strong></span> <span class='ocrx_word' id='word_1_778' title='bbox 3491 4647 3560 4725; x_wconf 82' lang='grc' dir='ltr'>ἦς</span> <span class='ocrx_word' id='word_1_779' title='bbox 3581 4651 3769 4723; x_wconf 79' lang='grc' dir='ltr'>ήντλει</span> 
     </span>
    </p>
   </div>
   <div class='ocr_carea' id='block_1_96' title="bbox 2188 4740 3768 4813">
    <p class='ocr_par' dir='ltr' id='par_1_96' title="bbox 2188 4740 3768 4813">
     <span class='ocr_line' id='line_1_96' title="bbox 2188 4740 3768 4813; baseline 0.003 -21"><span class='ocrx_word' id='word_1_780' title='bbox 2188 4741 2220 4809; x_wconf 84' lang='grc' dir='ltr'>ἡ</span> <span class='ocrx_word' id='word_1_781' title='bbox 2263 4741 2621 4811; x_wconf 81' lang='grc' dir='ltr'>Σαμαρεῖτις,</span> <span class='ocrx_word' id='word_1_782' title='bbox 2671 4740 2823 4795; x_wconf 75' lang='grc' dir='ltr'>ὕδατι</span> <span class='ocrx_word' id='word_1_783' title='bbox 2875 4741 2971 4795; x_wconf 78' lang='grc' dir='ltr'>τοῦ</span> <span class='ocrx_word' id='word_1_784' title='bbox 3028 4742 3202 4813; x_wconf 83' lang='grc' dir='ltr'>Ἰησοῦ</span> <span class='ocrx_word' id='word_1_785' title='bbox 3228 4783 3243 4808; x_wconf 90' lang='grc'><strong>,</strong></span> <span class='ocrx_word' id='word_1_786' title='bbox 3287 4742 3381 4796; x_wconf 77' lang='grc' dir='ltr'>καὶ</span> <span class='ocrx_word' id='word_1_787' title='bbox 3420 4742 3656 4797; x_wconf 81' lang='grc' dir='ltr'>ἐνταῦθα</span> <span class='ocrx_word' id='word_1_788' title='bbox 3706 4742 3768 4796; x_wconf 78' lang='grc' dir='ltr'><strong>τὸ</strong></span> 
     </span>
    </p>
   </div>
   <div class='ocr_carea' id='block_1_97' title="bbox 1744 4821 3762 4906">
    <p class='ocr_par' dir='ltr' id='par_1_97' title="bbox 1744 4821 3762 4906">
     <span class='ocr_line' id='line_1_97' title="bbox 1744 4821 3762 4906; baseline 0.008 -34"><span class='ocrx_word' id='word_1_789' title='bbox 1744 4835 1759 4872; x_wconf 90' lang='lat'><strong><em>:</em></strong></span> <span class='ocrx_word' id='word_1_790' title='bbox 1811 4827 1866 4873; x_wconf 84' lang='lat' dir='ltr'><strong>et</strong></span> <span class='ocrx_word' id='word_1_791' title='bbox 1901 4821 2077 4877; x_wconf 77' lang='lat' dir='ltr'><strong>Simile</strong></span> <span class='ocrx_word' id='word_1_792' title='bbox 2183 4830 2368 4901; x_wconf 83' lang='grc' dir='ltr'>ὅμοιον</span> <span class='ocrx_word' id='word_1_793' title='bbox 2403 4831 2655 4902; x_wconf 81' lang='grc' dir='ltr'>ποιητέον</span> <span class='ocrx_word' id='word_1_794' title='bbox 2674 4849 2688 4862; x_wconf 75' lang='grc'><strong><em>⁸</em></strong></span> <span class='ocrx_word' id='word_1_795' title='bbox 2716 4832 2859 4904; x_wconf 86' lang='grc' dir='ltr'>τάχα</span> <span class='ocrx_word' id='word_1_796' title='bbox 2884 4834 2992 4905; x_wconf 81' lang='grc' dir='ltr'>γὰρ</span> <span class='ocrx_word' id='word_1_797' title='bbox 3024 4835 3146 4887; x_wconf 80' lang='grc' dir='ltr'>οὐδὲ</span> <span class='ocrx_word' id='word_1_798' title='bbox 3174 4835 3327 4906; x_wconf 72' lang='grc' dir='ltr'>ἄρτοι</span> <span class='ocrx_word' id='word_1_799' title='bbox 3360 4830 3501 4906; x_wconf 82' lang='grc' dir='ltr'>ἦσαν</span> <span class='ocrx_word' id='word_1_800' title='bbox 3531 4836 3762 4906; x_wconf 80' lang='grc' dir='ltr'>πεφθέν-</span> 
     </span>
    </p>
   </div>
   <div class='ocr_carea' id='block_1_98' title="bbox 501 4887 2104 5002">
    <p class='ocr_par' dir='ltr' id='par_1_98' title="bbox 501 4887 2076 4984">
     <span class='ocr_line' id='line_1_98' title="bbox 501 4887 2076 4984; baseline 0.022 -45"><span class='ocrx_word' id='word_1_801' title='bbox 501 4887 606 4942; x_wconf 87' lang='lat' dir='ltr'><strong>hoc</strong></span> <span class='ocrx_word' id='word_1_802' title='bbox 628 4891 744 4947; x_wconf 91' lang='lat' dir='ltr'><strong>loco</strong></span> <span class='ocrx_word' id='word_1_803' title='bbox 776 4894 1081 4955; x_wconf 88' lang='lat' dir='ltr'><strong>faciendum</strong></span> <span class='ocrx_word' id='word_1_804' title='bbox 1119 4912 1200 4958; x_wconf 88' lang='lat' dir='ltr'><strong>est</strong></span> <span class='ocrx_word' id='word_1_805' title='bbox 1227 4922 1243 4971; x_wconf 88' lang='lat'><strong>;</strong></span> <span class='ocrx_word' id='word_1_806' title='bbox 1280 4904 1514 4964; x_wconf 77' lang='lat' dir='ltr'><strong>fortasse</strong></span> <span class='ocrx_word' id='word_1_807' title='bbox 1535 4911 1680 4965; x_wconf 90' lang='lat' dir='ltr'><strong>enim</strong></span> <span class='ocrx_word' id='word_1_808' title='bbox 1709 4927 1883 4984; x_wconf 87' lang='lat' dir='ltr'><strong>neque</strong></span> <span class='ocrx_word' id='word_1_809' title='bbox 1908 4931 2076 4984; x_wconf 89' lang='lat' dir='ltr'><strong>panes</strong></span> 
     </span>
    </p>
   </div>
   <div class='ocr_carea' id='block_1_99' title="bbox 2206 4887 3758 5002">
    <p class='ocr_par' dir='ltr' id='par_1_99' title="bbox 2206 4887 3758 5002">
     <span class='ocr_line' id='line_1_99' title="bbox 2206 4887 3758 5002; baseline 0.006 -28"><span class='ocrx_word' id='word_1_810' title='bbox 2206 4887 2293 4987; x_wconf 68' lang='grc' dir='ltr'>τες,</span> <span class='ocrx_word' id='word_1_811' title='bbox 2332 4922 2469 4976; x_wconf 83' lang='grc' dir='ltr'><strong>ἀλλά</strong></span> <span class='ocrx_word' id='word_1_812' title='bbox 2507 4887 2590 4988; x_wconf 64' lang='grc' dir='ltr'><strong>τις</strong></span> <span class='ocrx_word' id='word_1_813' title='bbox 2625 4923 2768 4996; x_wconf 84' lang='grc' dir='ltr'>ζύμη</span> <span class='ocrx_word' id='word_1_814' title='bbox 2789 4887 2936 4980; x_wconf 45' lang='grc' dir='ltr'>ἀὐτὸ</span> <span class='ocrx_word' id='word_1_815' title='bbox 2959 4887 3125 4996; x_wconf 75' lang='grc' dir='ltr'>μόνον</span> 
     </span>
    </p>
   </div>
   <div class='ocr_carea' id='block_1_100' title="bbox 496 4988 2104 5083">
    <p class='ocr_par' dir='ltr' id='par_1_100' title="bbox 496 4988 2073 5072">
     <span class='ocr_line' id='line_1_100' title="bbox 496 4988 2073 5072; baseline 0.021 -41"><span class='ocrx_word' id='word_1_816' title='bbox 496 4988 637 5035; x_wconf 83' lang='lat' dir='ltr'><strong>cocti</strong></span> <span class='ocrx_word' id='word_1_817' title='bbox 680 4992 857 5047; x_wconf 88' lang='lat' dir='ltr'><strong>erant,</strong></span> <span class='ocrx_word' id='word_1_818' title='bbox 894 4991 986 5044; x_wconf 87' lang='lat' dir='ltr'><strong>sed</strong></span> <span class='ocrx_word' id='word_1_819' title='bbox 1026 4994 1255 5050; x_wconf 87' lang='lat' dir='ltr'><strong>crudum</strong></span> <span class='ocrx_word' id='word_1_820' title='bbox 1300 4998 1565 5056; x_wconf 76' lang='lat' dir='ltr'><strong>duntaxat</strong></span> <span class='ocrx_word' id='word_1_821' title='bbox 1597 5000 1946 5072; x_wconf 77' lang='lat' dir='ltr'><strong>fermentum,</strong></span> <span class='ocrx_word' id='word_1_822' title='bbox 1974 5007 2073 5063; x_wconf 88' lang='lat' dir='ltr'><strong>do-</strong></span> 
     </span>
    </p>
   </div>
   <div class='ocr_carea' id='block_1_101' title="bbox 2206 4988 3157 5083">
    <p class='ocr_par' dir='ltr' id='par_1_101' title="bbox 2206 5009 3157 5083">
     <span class='ocr_line' id='line_1_101' title="bbox 2206 5009 3157 5083; baseline 0.011 -21"><span class='ocrx_word' id='word_1_823' title='bbox 2206 5009 2284 5063; x_wconf 93' lang='grc' dir='ltr'>·ῶν</span> <span class='ocrx_word' id='word_1_824' title='bbox 2303 5012 2611 5083; x_wconf 80' lang='grc' dir='ltr'>Φαρισαίων</span> <span class='ocrx_word' id='word_1_825' title='bbox 2643 5014 2736 5068; x_wconf 75' lang='grc' dir='ltr'><strong>καὶ</strong></span> <span class='ocrx_word' id='word_1_826' title='bbox 2764 5014 3157 5072; x_wconf 85' lang='grc' dir='ltr'>Σαδδουκαίων.</span> 
     </span>
    </p>
   </div>
   <div class='ocr_carea' id='block_1_102' title="bbox 494 5071 1649 5149">
    <p class='ocr_par' dir='ltr' id='par_1_102' title="bbox 494 5071 1649 5149">
     <span class='ocr_line' id='line_1_102' title="bbox 494 5071 1649 5149; baseline 0.022 -25"><span class='ocrx_word' id='word_1_827' title='bbox 494 5071 670 5126; x_wconf 89' lang='lat' dir='ltr'><strong>ctrina</strong></span> <span class='ocrx_word' id='word_1_828' title='bbox 701 5072 1097 5137; x_wconf 63' lang='lat' dir='ltr'><strong>Pharisaeorum</strong></span> <span class='ocrx_word' id='word_1_829' title='bbox 1126 5094 1181 5142; x_wconf 90' lang='lat' dir='ltr'><strong>et</strong></span> <span class='ocrx_word' id='word_1_830' title='bbox 1208 5086 1649 5149; x_wconf 75' lang='lat' dir='ltr'><strong>Saddueaeorum.</strong></span> 
     </span>
    </p>
   </div>
   <div class='ocr_carea' id='block_1_103' title="bbox 567 5168 2104 5263">
    <p class='ocr_par' dir='ltr' id='par_1_103' title="bbox 567 5168 2045 5261">
     <span class='ocr_line' id='line_1_103' title="bbox 567 5168 2045 5261; baseline 0.02 -40"><span class='ocrx_word' id='word_1_831' title='bbox 567 5168 615 5201; x_wconf 80' lang='grc'><strong>⁸⁸</strong></span> <span class='ocrx_word' id='word_1_832' title='bbox 646 5168 806 5226; x_wconf 84' lang='lat' dir='ltr'><strong>Deut.</strong></span> <span class='ocrx_word' id='word_1_833' title='bbox 849 5190 982 5241; x_wconf 76' lang='lat' dir='ltr'><strong>nu,</strong></span> <span class='ocrx_word' id='word_1_834' title='bbox 1010 5177 1100 5233; x_wconf 76' lang='lat'><strong>25.</strong></span> <span class='ocrx_word' id='word_1_835' title='bbox 1176 5181 1220 5214; x_wconf 72' lang='lat'><strong>&#39;9</strong></span> <span class='ocrx_word' id='word_1_836' title='bbox 1253 5182 1441 5241; x_wconf 81' lang='lat' dir='ltr'><strong>Matth.</strong></span> <span class='ocrx_word' id='word_1_837' title='bbox 1485 5203 1595 5253; x_wconf 83' lang='lat' dir='ltr'><strong>xvt,</strong></span> <span class='ocrx_word' id='word_1_838' title='bbox 1624 5189 1675 5243; x_wconf 90' lang='lat'><strong>7.</strong></span> <span class='ocrx_word' id='word_1_839' title='bbox 1755 5193 1769 5221; x_wconf 90' lang='grc'>¹</span> <span class='ocrx_word' id='word_1_840' title='bbox 1801 5192 1956 5261; x_wconf 88' lang='lat' dir='ltr'><strong>ibid.,</strong></span> <span class='ocrx_word' id='word_1_841' title='bbox 1990 5195 2045 5251; x_wconf 90' lang='lat'><strong>8.</strong></span> 
     </span>
    </p>
   </div>
   <div class='ocr_carea' id='block_1_104' title="bbox 2206 5168 2699 5263">
    <p class='ocr_par' dir='ltr' id='par_1_104' title="bbox 2206 5195 2699 5263">
     <span class='ocr_line' id='line_1_104' title="bbox 2206 5195 2699 5263; baseline 0 -11"><span class='ocrx_word' id='word_1_842' title='bbox 2206 5195 2340 5252; x_wconf 64' lang='lat' dir='ltr'><strong>7oan.</strong></span> <span class='ocrx_word' id='word_1_843' title='bbox 2372 5214 2442 5263; x_wconf 87' lang='lat' dir='ltr'><strong>tv,</strong></span> <span class='ocrx_word' id='word_1_844' title='bbox 2481 5197 2566 5263; x_wconf 78' lang='lat' dir='ltr'><strong>l5,</strong></span> <span class='ocrx_word' id='word_1_845' title='bbox 2613 5198 2699 5252; x_wconf 69' lang='grc'><strong>14.</strong></span> 
     </span>
    </p>
   </div>
   <div class='ocr_carea' id='block_1_105' title="bbox 551 5291 2071 5378">
    <p class='ocr_par' dir='ltr' id='par_1_105' title="bbox 551 5291 2071 5378">
     <span class='ocr_line' id='line_1_105' title="bbox 551 5291 2071 5378; baseline 0.017 -33"><span class='ocrx_word' id='word_1_846' title='bbox 551 5291 643 5373; x_wconf 39' lang='grc'><strong>,(9)</strong></span> <span class='ocrx_word' id='word_1_847' title='bbox 678 5293 1069 5378; x_wconf 39' lang='grc' dir='ltr'>Κᾶκξῂηοιο.</span> <span class='ocrx_word' id='word_1_848' title='bbox 1103 5301 1177 5358; x_wconf 87' lang='lat' dir='ltr'><strong>Ita</strong></span> <span class='ocrx_word' id='word_1_849' title='bbox 1212 5315 1357 5378; x_wconf 60' lang='lat' dir='ltr'><strong>recte</strong></span> <span class='ocrx_word' id='word_1_850' title='bbox 1394 5309 1553 5364; x_wconf 91' lang='lat' dir='ltr'><strong>codd.</strong></span> <span class='ocrx_word' id='word_1_851' title='bbox 1583 5308 1909 5378; x_wconf 79' lang='lat' dir='ltr'><strong>Vaticanus,</strong></span> <span class='ocrx_word' id='word_1_852' title='bbox 1955 5315 2071 5371; x_wconf 85' lang='lat' dir='ltr'><strong>An-</strong></span> 
     </span>
    </p>
   </div>
   <div class='ocr_carea' id='block_1_106' title="bbox 493 5364 2068 5457">
    <p class='ocr_par' dir='ltr' id='par_1_106' title="bbox 493 5364 2068 5457">
     <span class='ocr_line' id='line_1_106' title="bbox 493 5364 2068 5457; baseline 0.017 -42"><span class='ocrx_word' id='word_1_853' title='bbox 493 5364 810 5457; x_wconf 45' lang='lat' dir='ltr'><strong>glican‘uset</strong></span> <span class='ocrx_word' id='word_1_854' title='bbox 825 5364 1407 5457; x_wconf 31' lang='lat' dir='ltr'><strong>’Tarinianus.&quot;Editio</strong></span> <span class='ocrx_word' id='word_1_855' title='bbox 1436 5395 1564 5434; x_wconf 87' lang='lat' dir='ltr'><strong>vero</strong></span> <span class='ocrx_word' id='word_1_856' title='bbox 1602 5364 1941 5457; x_wconf 39' lang='grc' dir='ltr'>ᾑιιειῖἰῗκάὶ</span> 
     </span>
    </p>
   </div>
   <div class='ocr_carea' id='block_1_107' title="bbox 2174 5318 3196 5387">
    <p class='ocr_par' dir='ltr' id='par_1_107' title="bbox 2174 5318 3196 5387">
     <span class='ocr_line' id='line_1_107' title="bbox 2174 5318 3196 5387; baseline 0.003 -13"><span class='ocrx_word' id='word_1_857' title='bbox 2174 5318 2344 5374; x_wconf 82' lang='lat' dir='ltr'><strong>codex</strong></span> <span class='ocrx_word' id='word_1_858' title='bbox 2370 5333 2531 5387; x_wconf 84' lang='lat' dir='ltr'><strong>quem</strong></span> <span class='ocrx_word' id='word_1_859' title='bbox 2564 5323 2914 5377; x_wconf 90' lang='lat' dir='ltr'><strong>consuluerat</strong></span> <span class='ocrx_word' id='word_1_860' title='bbox 2937 5320 3196 5379; x_wconf 84' lang='lat' dir='ltr'><strong>Tarinus.</strong></span> 
     </span>
    </p>
   </div>
   <div class='ocr_carea' id='block_1_108' title="bbox 2247 5387 3753 5460">
    <p class='ocr_par' dir='ltr' id='par_1_108' title="bbox 2247 5387 3753 5460">
     <span class='ocr_line' id='line_1_108' title="bbox 2247 5387 3753 5460; baseline 0.005 -19"><span class='ocrx_word' id='word_1_861' title='bbox 2247 5387 2578 5460; x_wconf 26' lang='lat' dir='ltr'><strong>(&#39;12)AE_(_llli0</strong></span> <span class='ocrx_word' id='word_1_862' title='bbox 2629 5387 2833 5458; x_wconf 85' lang='lat' dir='ltr'><strong>Huetii,</strong></span> <span class='ocrx_word' id='word_1_863' title='bbox 2866 5393 2960 5446; x_wconf 77' lang='grc' dir='ltr'><strong>καὶ</strong></span> <span class='ocrx_word' id='word_1_864' title='bbox 3011 5392 3206 5459; x_wconf 77' lang='grc' dir='ltr'>ἄλλων,</span> <span class='ocrx_word' id='word_1_865' title='bbox 3245 5392 3339 5448; x_wconf 88' lang='lat' dir='ltr'><strong>sed</strong></span> <span class='ocrx_word' id='word_1_866' title='bbox 3371 5406 3566 5449; x_wconf 87' lang='lat' dir='ltr'><strong>omnes</strong></span> <span class='ocrx_word' id='word_1_867' title='bbox 3592 5408 3753 5460; x_wconf 59' lang='lat' dir='ltr'><strong>mss,</strong></span> 
     </span>
    </p>
   </div>
   <div class='ocr_carea' id='block_1_109' title="bbox 491 5434 2104 5520">
    <p class='ocr_par' dir='ltr' id='par_1_109' title="bbox 491 5434 2069 5520">
     <span class='ocr_line' id='line_1_109' title="bbox 491 5434 2069 5520; baseline 0.015 -34"><span class='ocrx_word' id='word_1_868' title='bbox 491 5444 598 5520; x_wconf 73' lang='lat' dir='ltr'><strong>etc.</strong></span> <span class='ocrx_word' id='word_1_869' title='bbox 643 5434 814 5520; x_wconf 72' lang='lat' dir='ltr'><strong>Paulo</strong></span> <span class='ocrx_word' id='word_1_870' title='bbox 850 5443 1487 5520; x_wconf 61' lang='lat' dir='ltr'><strong>post_c_odtl._Vaticanus</strong></span> <span class='ocrx_word' id='word_1_871' title='bbox 1516 5458 1571 5506; x_wconf 90' lang='lat' dir='ltr'><strong>et</strong></span> <span class='ocrx_word' id='word_1_872' title='bbox 1605 5434 2069 5520; x_wconf 16' lang='lat' dir='ltr'><strong>Tari‘itianu&#39;s‘ﬁl‘g</strong></span> 
     </span>
    </p>
   </div>
   <div class='ocr_carea' id='block_1_110' title="bbox 2206 5434 2611 5520">
    <p class='ocr_par' dir='ltr' id='par_1_110' title="bbox 2206 5434 2611 5512">
     <span class='ocr_line' id='line_1_110' title="bbox 2206 5434 2611 5512; baseline 0.005 -3"><span class='ocrx_word' id='word_1_873' title='bbox 2206 5434 2384 5511; x_wconf 50' lang='lat' dir='ltr'><strong>ait}?</strong></span> <span class='ocrx_word' id='word_1_874' title='bbox 2399 5434 2611 5512; x_wconf 55' lang='lat' dir='ltr'><strong>21s.“...</strong></span> 
     </span>
    </p>
   </div>
   <div class='ocr_carea' id='block_1_111' title="bbox 491 5506 2069 5593">
    <p class='ocr_par' dir='ltr' id='par_1_111' title="bbox 491 5506 2069 5593">
     <span class='ocr_line' id='line_1_111' title="bbox 491 5506 2069 5593; baseline 0.016 -37"><span class='ocrx_word' id='word_1_875' title='bbox 491 5506 871 5593; x_wconf 55' lang='grc' dir='ltr'>παραπλήσιρν</span> <span class='ocrx_word' id='word_1_876' title='bbox 896 5512 989 5593; x_wconf 40' lang='lat' dir='ltr'><strong>{at</strong></span> <span class='ocrx_word' id='word_1_877' title='bbox 1014 5514 1106 5593; x_wconf 74' lang='grc' dir='ltr'><strong>ἐπὶ</strong></span> <span class='ocrx_word' id='word_1_878' title='bbox 1128 5515 1235 5593; x_wconf 68' lang='grc' dir='ltr'><strong>τῶν</strong></span> <span class='ocrx_word' id='word_1_879' title='bbox 1257 5516 1458 5593; x_wconf 81' lang='grc' dir='ltr'>λοιπῶν</span> <span class='ocrx_word' id='word_1_880' title='bbox 1482 5506 1726 5593; x_wconf 86' lang='grc' dir='ltr'>ποιήσεις</span> <span class='ocrx_word' id='word_1_881' title='bbox 1749 5506 2069 5581; x_wconf 70' lang='grc' dir='ltr'>ἐπαινετῶν.</span> 
     </span>
    </p>
   </div>
   <div class='ocr_carea' id='block_1_112' title="bbox 525 5521 2076 5675">
    <p class='ocr_par' dir='ltr' id='par_1_112' title="bbox 525 5521 2076 5675">
     <span class='ocr_line' id='line_1_112' title="bbox 525 5521 2069 5632; baseline 0.016 -76"><span class='ocrx_word' id='word_1_882' title='bbox 525 5521 570 5556; x_wconf 71' lang='grc' dir='ltr'><strong>ια</strong></span> <span class='ocrx_word' id='word_1_883' title='bbox 606 5521 871 5632; x_wconf 58' lang='grc' dir='ltr'>απλέσιον</span> <span class='ocrx_word' id='word_1_884' title='bbox 896 5521 989 5565; x_wconf 79' lang='grc' dir='ltr'>καὶ</span> <span class='ocrx_word' id='word_1_885' title='bbox 1014 5521 1106 5566; x_wconf 75' lang='grc' dir='ltr'>ἐπὶ</span> <span class='ocrx_word' id='word_1_886' title='bbox 1128 5521 1235 5567; x_wconf 86' lang='grc' dir='ltr'><strong>τῶν</strong></span> <span class='ocrx_word' id='word_1_887' title='bbox 1257 5521 1458 5573; x_wconf 90' lang='grc' dir='ltr'>λοιπῶν</span> <span class='ocrx_word' id='word_1_888' title='bbox 1482 5522 1726 5593; x_wconf 89' lang='grc' dir='ltr'>ποιήσεις</span> <span class='ocrx_word' id='word_1_889' title='bbox 1749 5524 2069 5581; x_wconf 77' lang='grc' dir='ltr'>ἐπαινετῶν.</span> 
     </span>
     <span class='ocr_line' id='line_1_113' title="bbox 525 5521 2076 5675; baseline 0 0"><span class='ocrx_word' id='word_1_890' title='bbox 525 5521 876 5675; x_wconf 49' lang='grc' dir='ltr'><strong>..ρηθηηοάίὲ</strong></span> <span class='ocrx_word' id='word_1_891' title='bbox 911 5581 1132 5666; x_wconf 42' lang='lat' dir='ltr'><strong>“eam,</strong></span> <span class='ocrx_word' id='word_1_892' title='bbox 1161 5584 1853 5675; x_wconf 48' lang='lat' dir='ltr'><strong>Veiisaeesehslisanus</strong></span> <span class='ocrx_word' id='word_1_893' title='bbox 1873 5603 1928 5675; x_wconf 65' lang='lat' dir='ltr'><strong>et</strong></span> <span class='ocrx_word' id='word_1_894' title='bbox 1967 5593 2076 5675; x_wconf 74' lang='lat' dir='ltr'><strong>Ta:</strong></span> 
     </span>
    </p>
   </div>
   <div class='ocr_carea' id='block_1_113' title="bbox 495 5654 2072 5779">
    <p class='ocr_par' dir='ltr' id='par_1_113' title="bbox 495 5654 2072 5779">
     <span class='ocr_line' id='line_1_114' title="bbox 495 5654 2072 5761; baseline 0.018 -71"><span class='ocrx_word' id='word_1_895' title='bbox 495 5657 761 5761; x_wconf 55' lang='lat' dir='ltr'><strong>r‘ttnanns,</strong></span> <span class='ocrx_word' id='word_1_896' title='bbox 793 5654 893 5720; x_wconf 77' lang='grc' dir='ltr'><strong>τῆς</strong></span> <span class='ocrx_word' id='word_1_897' title='bbox 929 5654 1223 5727; x_wconf 83' lang='grc' dir='ltr'>σώφρονος.</span> <span class='ocrx_word' id='word_1_898' title='bbox 1263 5654 1439 5712; x_wconf 82' lang='lat' dir='ltr'><strong>Editio</strong></span> <span class='ocrx_word' id='word_1_899' title='bbox 1466 5654 1646 5716; x_wconf 43' lang='lat' dir='ltr'><strong>lluet&#39;ii</strong></span> <span class='ocrx_word' id='word_1_900' title='bbox 1687 5663 1740 5716; x_wconf 90' lang='lat' dir='ltr'><strong>in</strong></span> <span class='ocrx_word' id='word_1_901' title='bbox 1779 5673 1948 5727; x_wconf 82' lang='lat' dir='ltr'><strong>textu,</strong></span> <span class='ocrx_word' id='word_1_902' title='bbox 1979 5664 2072 5718; x_wconf 79' lang='grc' dir='ltr'>τοῦ</span> 
     </span>
     <span class='ocr_line' id='line_1_115' title="bbox 532 5728 787 5779; baseline 0.024 -17"><span class='ocrx_word' id='word_1_903' title='bbox 532 5728 787 5779; x_wconf 78' lang='grc' dir='ltr'>ωφρονος.</span> 
     </span>
    </p>
   </div>
   <div class='ocr_carea' id='block_1_114' title="bbox 571 5754 2077 5862">
    <p class='ocr_par' dir='ltr' id='par_1_114' title="bbox 571 5754 2077 5862">
     <span class='ocr_line' id='line_1_116' title="bbox 571 5754 2077 5862; baseline 0.019 -30"><span class='ocrx_word' id='word_1_904' title='bbox 571 5754 685 5852; x_wconf 55' lang='grc' dir='ltr'><strong>δῖ)</strong></span> <span class='ocrx_word' id='word_1_905' title='bbox 719 5754 837 5841; x_wconf 55' lang='grc' dir='ltr'><strong>’ἰῶν</strong></span> <span class='ocrx_word' id='word_1_906' title='bbox 860 5788 928 5842; x_wconf 79' lang='grc' dir='ltr'>ἐν</span> <span class='ocrx_word' id='word_1_907' title='bbox 962 5792 1034 5857; x_wconf 83' lang='grc' dir='ltr'>τῷ</span> <span class='ocrx_word' id='word_1_908' title='bbox 1074 5795 1329 5861; x_wconf 73' lang='grc' dir='ltr'>κρυπτῷ.</span> <span class='ocrx_word' id='word_1_909' title='bbox 1362 5796 1451 5853; x_wconf 87' lang='lat' dir='ltr'><strong>Sic</strong></span> <span class='ocrx_word' id='word_1_910' title='bbox 1491 5811 1633 5855; x_wconf 89' lang='lat' dir='ltr'><strong>recte</strong></span> <span class='ocrx_word' id='word_1_911' title='bbox 1668 5801 1898 5858; x_wconf 87' lang='lat' dir='ltr'><strong>habebat</strong></span> <span class='ocrx_word' id='word_1_912' title='bbox 1935 5820 2077 5862; x_wconf 86' lang='lat' dir='ltr'><strong>unus</strong></span> 
     </span>
    </p>
   </div>
   <div class='ocr_carea' id='block_1_115' title="bbox 2249 5528 3755 5601">
    <p class='ocr_par' dir='ltr' id='par_1_115' title="bbox 2249 5528 3755 5601">
     <span class='ocr_line' id='line_1_117' title="bbox 2249 5528 3755 5601; baseline 0.005 -20"><span class='ocrx_word' id='word_1_913' title='bbox 2249 5528 2578 5601; x_wconf 40' lang='lat' dir='ltr'><strong>(13)“th</strong></span> <span class='ocrx_word' id='word_1_914' title='bbox 2604 5547 2699 5601; x_wconf 58' lang='lat' dir='ltr'><strong>ne</strong></span> <span class='ocrx_word' id='word_1_915' title='bbox 2716 5530 2861 5599; x_wconf 80' lang='grc' dir='ltr'>ζύμη</span> <span class='ocrx_word' id='word_1_916' title='bbox 2892 5530 3037 5585; x_wconf 83' lang='grc' dir='ltr'>αὐτὸ</span> <span class='ocrx_word' id='word_1_917' title='bbox 3057 5532 3250 5600; x_wconf 77' lang='grc' dir='ltr'>μόνον</span> <span class='ocrx_word' id='word_1_918' title='bbox 3273 5530 3422 5601; x_wconf 81' lang='grc' dir='ltr'>ὠμή,</span> <span class='ocrx_word' id='word_1_919' title='bbox 3452 5542 3559 5586; x_wconf 86' lang='lat' dir='ltr'><strong>etc.</strong></span> <span class='ocrx_word' id='word_1_920' title='bbox 3593 5531 3755 5589; x_wconf 76' lang='lat' dir='ltr'><strong>Eras-</strong></span> 
     </span>
    </p>
   </div>
   <div class='ocr_carea' id='block_1_116' title="bbox 2178 5597 3748 5669">
    <p class='ocr_par' dir='ltr' id='par_1_116' title="bbox 2178 5597 3748 5669">
     <span class='ocr_line' id='line_1_118' title="bbox 2178 5597 3748 5669; baseline 0.002 -17"><span class='ocrx_word' id='word_1_921' title='bbox 2178 5597 2301 5669; x_wconf 70' lang='lat' dir='ltr'><strong>mus</strong></span> <span class='ocrx_word' id='word_1_922' title='bbox 2332 5597 2490 5669; x_wconf 75' lang='lat' dir='ltr'><strong>aliter</strong></span> <span class='ocrx_word' id='word_1_923' title='bbox 2516 5598 2659 5654; x_wconf 89' lang='lat' dir='ltr'><strong>hunc</strong></span> <span class='ocrx_word' id='word_1_924' title='bbox 2690 5597 2867 5654; x_wconf 84' lang='lat' dir='ltr'><strong>locum</strong></span> <span class='ocrx_word' id='word_1_925' title='bbox 2913 5597 3144 5669; x_wconf 72' lang='lat' dir='ltr'><strong>legerat:</strong></span> <span class='ocrx_word' id='word_1_926' title='bbox 3186 5602 3267 5655; x_wconf 89' lang='lat' dir='ltr'><strong>sic</strong></span> <span class='ocrx_word' id='word_1_927' title='bbox 3308 5597 3486 5655; x_wconf 73' lang='lat' dir='ltr'><strong>autem</strong></span> <span class='ocrx_word' id='word_1_928' title='bbox 3532 5603 3694 5655; x_wconf 74' lang='lat' dir='ltr'><strong>vertit</strong></span> <span class='ocrx_word' id='word_1_929' title='bbox 3733 5618 3748 5655; x_wconf 91' lang='lat'><strong>:</strong></span> 
     </span>
    </p>
   </div>
   <div class='ocr_carea' id='block_1_117' title="bbox 2182 5666 3751 5737">
    <p class='ocr_par' dir='ltr' id='par_1_117' title="bbox 2182 5666 3751 5737">
     <span class='ocr_line' id='line_1_119' title="bbox 2182 5666 3751 5737; baseline 0.006 -18"><span class='ocrx_word' id='word_1_930' title='bbox 2182 5685 2201 5719; x_wconf 76' lang='grc' dir='ltr'><strong>ι</strong></span> <span class='ocrx_word' id='word_1_931' title='bbox 2242 5666 2345 5722; x_wconf 89' lang='lat' dir='ltr'><strong>Sed</strong></span> <span class='ocrx_word' id='word_1_932' title='bbox 2381 5666 2701 5722; x_wconf 82' lang='lat' dir='ltr'><strong>fermentum</strong></span> <span class='ocrx_word' id='word_1_933' title='bbox 2745 5670 2906 5723; x_wconf 89' lang='lat' dir='ltr'><strong>modo</strong></span> <span class='ocrx_word' id='word_1_934' title='bbox 2940 5666 3212 5737; x_wconf 70' lang='lat' dir='ltr'><strong>quoddam</strong></span> <span class='ocrx_word' id='word_1_935' title='bbox 3253 5671 3513 5727; x_wconf 74' lang='lat' dir='ltr'><strong>doctrina:</strong></span> <span class='ocrx_word' id='word_1_936' title='bbox 3558 5669 3751 5728; x_wconf 71' lang='lat' dir='ltr'><strong>Phari-</strong></span> 
     </span>
    </p>
   </div>
   <div class='ocr_carea' id='block_1_118' title="bbox 2178 5738 3022 5794">
    <p class='ocr_par' dir='ltr' id='par_1_118' title="bbox 2178 5738 3022 5794">
     <span class='ocr_line' id='line_1_120' title="bbox 2178 5738 3022 5794; baseline -0.006 0"><span class='ocrx_word' id='word_1_937' title='bbox 2178 5752 2408 5794; x_wconf 68' lang='lat' dir='ltr'><strong>saeorum</strong></span> <span class='ocrx_word' id='word_1_938' title='bbox 2441 5746 2495 5793; x_wconf 90' lang='lat' dir='ltr'><strong>ct</strong></span> <span class='ocrx_word' id='word_1_939' title='bbox 2527 5738 2963 5794; x_wconf 69' lang='lat' dir='ltr'><strong>Sadducworutn.</strong></span> <span class='ocrx_word' id='word_1_940' title='bbox 3004 5757 3022 5789; x_wconf 71' lang='grc' dir='ltr'><strong>ι</strong></span> 
     </span>
    </p>
   </div>
  </div>
