4094 6290
603 371 708 426 903

2085 356 2245 420 ORlG
2255 363 2406 423 ENIS

3767 373 3868 423 99ft

533 537 539 552 .
606 493 856 563 Magnum
883 487 1046 559 igitur
1077 496 1190 540 erat
1212 484 1265 539 id
1281 483 1474 554 quoda
1497 483 1946 540 PetroServalori
1972 485 2155 540 dicturi

2283 489 2378 551 κὸς
2428 489 2521 542 καὶ
2551 489 2784 559 αἳματος
2827 488 3093 561 μαθητὴς,
3131 489 3266 546 ἀλλὰ
3298 494 3393 546 καὶ
3439 494 3694 565 χωρήσας
3741 496 3869 549 dicos

547 582 552 592 ’
602 593 684 638 tst
715 585 769 636 'z
801 601 818 634 ι
850 579 930 632 Tu
955 595 1013 632 es
1035 576 1321 640 Christus;
1351 594 1368 625 ι
1399 575 1774 644 ignorantibus
1792 574 1994 629 Judwis
2027 575 2179 629 Chri-

601 685 744 729 stum
781 673 924 724 hunc
947 683 1067 722 esse
1104 685 1118 721 :
1147 667 1325 737 majus
1357 676 1561 729 autent,
1602 666 1830 720 seivisse
1860 667 2033 729 illum,
2067 683 2175 720 non

601 763 760 818 modo
785 764 928 812 hunc
960 773 1082 812 esse
1109 757 1413 818 Christum,
1441 757 1535 809 sed
1564 772 1584 806 ι
1621 754 1817 808 Filium
1845 753 1934 808 Dei
1958 755 2063 807 vivi
2094 794 2107 816 ,
2152 773 2169 805 ι

596 853 802 921 quique
825 864 920 918 per
950 848 1242 916 prophetas
1264 845 1477 899 dixerat
1503 845 1522 875 "
1555 862 1567 898 :
1603 862 1622 894 ι
1665 841 1799 896 Vivo
1831 858 1951 912 ego,
1991 861 2008 894 ι
2042 851 2094 895 et
2117 842 2136 871 "
2157 859 2175 896 :

607 963 625 994 ι
659 941 742 995 Me
773 939 1181 1007 dereliquerunt
1227 935 1428 990 fontem
1462 951 1617 1004 aqua:
1663 935 1816 987 vivm.
1850 953 1868 984 ι
1906 933 2034 986 Erat
2079 949 2176 986 au-

595 1044 700 1088 tem
726 1043 779 1086 et
810 1031 854 1086 is
883 1031 990 1082 vita
1021 1029 1111 1097 qui
1144 1027 1281 1080 dixit
1309 1028 1329 1058 ⁹
1366 1045 1379 1081 :
1424 1046 1440 1076 ι
1478 1011 1588 1096 Ego
1622 1040 1742 1079 sum
1773 1025 1906 1088 vita,
1933 1043 1950 1075 ι
1989 1029 2174 1091 utpote

590 1141 622 1181 a
655 1123 811 1178 Patre
836 1123 929 1190 qui
960 1119 1083 1173 fons
1118 1119 1242 1172 vita:
1270 1128 1374 1171 est.
1410 1116 1472 1170 Et
1519 1117 1737 1170 adverte
1762 1116 2048 1184 diligenter
2076 1129 2175 1167 an-

592 1232 700 1269 non
725 1210 1182 1284 quemadmodum
1209 1209 1348 1262 idem
1383 1223 1488 1261 non
1527 1215 1652 1261 sunt
1713 1204 1838 1260 fons
1863 1204 2013 1259 lluvii
2045 1244 2061 1268 ,
2120 1212 2175 1258 et

590 1307 821 1369 ﬂuvius;
852 1305 926 1356 ita
953 1302 1074 1356 fons
1114 1301 1237 1354 vitae
1267 1342 1281 1364 ,
1329 1309 1382 1354 et.
1418 1299 1549 1352 vita.
1581 1299 1757 1368 Atque
1792 1299 1905 1352 hinc
1950 1297 2169 1368 quidem

588 1396 923 1459 addidimus,
947 1393 1091 1462 quod
1129 1392 1194 1444 ad
1229 1391 1358 1444 illud
1384 1392 1718 1460 pertinerent
1743 1409 1756 1444 :
1785 1408 1802 1441 ι
1830 1378 1909 1442 Tu
1935 1404 1995 1444 es
2023 1389 2174 1444 Chri-

589 1500 706 1544 stus
739 1487 911 1541 Filius
936 1485 1028 1539 Dei
1060 1481 1162 1537 vivi
1197 1501 1210 1536 :
1258 1501 1275 1532 ι
1313 1483 1590 1552 egregium
1613 1482 1758 1535 enim
1777 1481 2055 1550 quidpiam
2079 1480 2173 1534 dos

585 1578 814 1633 cendum
844 1574 949 1626 fuit
978 1587 1142 1642 super
1187 1586 1251 1624 eo
1278 1571 1422 1640 quod
1450 1569 1517 1622 de
1553 1567 1661 1622 Deo
1692 1579 1745 1622 et
1775 1567 1936 1621 Patre
1985 1581 2167 1620 rerum

585 1668 833 1723 omnium
863 1666 1068 1720 dictum
1099 1671 1204 1725 est,
1235 1673 1488 1730 tanquam
1525 1661 1740 1714 vivente
1792 1667 1907 1711 tum
1939 1673 2003 1712 ex
2034 1673 2167 1727 pro--

585 1761 700 1830 pria
735 1760 820 1814 sui
846 1757 1018 1826 ipsius
1043 1755 1174 1818 vita,
1209 1763 1396 1807 tumet
1427 1767 1616 1806 eorum
1655 1749 1748 1820 qui
1801 1749 1946 1804 illius
2000 1748 2168 1818 parti-

2283 579 2515 648 κάλυψιν
2554 579 2649 631 τοῦ
2685 581 2743 632 ὲν
2789 581 3040 651 οὐρανοῖς
3069 583 3301 654 Πατρὺς,
3330 585 3684 656 ὡμολόγησεν
3711 588 3874 641 αὑτὸν

2279 671 2374 724 τὸν
2417 671 2651 750 Χριστὸν
2676 674 2982 744 τυγχὰνιειν,
3013 671 3121 730 ’Ἦν
3156 676 3254 746 μὲν
3281 672 3375 731 οῦν
3413 678 3508 731 καὶ
3551 678 3614 732 τὸ
3643 679 3750 733 ὑπὸ
3775 680 3871 734 τοῦ

2281 763 2487 833 Πέτρου
2534 762 2825 834 λεγόμενον
2871 765 2948 836 τῷ
2982 767 3215 839 Σωτῆρι,
3246 768 3343 821 τό’
3387 788 3404 819 ε
3460 769 3532 822 Σὺ
3576 767 3626 823 εἷ
3665 773 3695 824 ὁ
3733 773 3868 843 Χριρ-

2282 852 2427 916 στὸς,
2471 872 2490 903 ι
2545 853 2619 924 μὴ
2670 855 3068 926 γινωσκόμενον
3117 855 3222 911 ὑπὸ
3271 858 3380 911 τῶν
3433 861 3735 923 Ἰουδαίων,
3786 864 3864 917 ὅτι

2279 942 2512 1013 Χριστὸς
2548 943 2656 1014 εἴη,
2686 945 2856 1014 μέγαο
2890 947 3072 1017 μεῖζον
3107 948 3182 1012 δὲ,
3209 949 3289 1002 ὅτι
3319 949 3588 1019 ἠπίστατο
3614 952 3776 1005 αὑτὸν
3802 955 3862 1006 οῦ

2281 1033 2440 1101 μόνον
2472 1033 2706 1102 Χριστὸν
2739 1030 2896 1097 εἶναι,
2939 1035 3073 1089 ἀλλὰ
3118 1038 3210 1090 καὶ
3243 1056 3260 1088 ι
3312 1039 3436 1092 Υῑὸν
3467 1039 3560 1092 τοῦ
3607 1040 3743 1092 Θεοῦ
3772 1043 3861 1095 τοῦ

2277 1123 2497 1188 ζῶντος,
2544 1143 2561 1176 ι
2613 1126 2707 1178 καὶ
2737 1125 2826 1180 διὰ
2863 1127 2970 1180 τῶν
3010 1129 3303 1200 προφητῶν
3337 1122 3620 1202 εἰρηκότος
3645 1141 3659 1161 ⁴
3715 1151 3733 1184 ι
3779 1131 3861 1187 lt}

2275 1206 2404 1284 ἐγὼ,
2443 1236 2462 1268 ι
2491 1213 2584 1270 καί
2608 1235 2622 1248 ο
2667 1238 2685 1269 ι
2737 1219 2867 1291 Ἐμὲ
2897 1221 3254 1289 ἐγκατέλιπον
3287 1223 3467 1294 πηγὴν
3501 1223 3696 1288 ῦδατος
3724 1224 3855 1288 ζῶν-

2272 1325 2363 1372 τος
2387 1327 2400 1339 ·
2444 1329 2462 1362 ›
2492 1311 2586 1364 καὶ
2615 1309 2728 1383 ζωὴ
2756 1313 2832 1377 δὲ,
2872 1314 2947 1376 ὡς
2985 1314 3092 1368 ἀπὸ
3119 1313 3302 1386 πηγῆς
3331 1315 3477 1386 ζωῆς
3505 1315 3599 1369 τοῦ
3629 1318 3853 1388 Πατρὺς.

2272 1401 2300 1452 ὁ
2326 1402 2496 1454 εἰπών
2521 1421 2533 1433 ·
2573 1423 2591 1454 ι
2637 1405 2778 1472 Ἐγώ
2811 1407 2926 1476 εἰμι
2957 1408 2989 1474 ὴ
3024 1406 3158 1478 ζωή.
3195 1423 3214 1458 ι
3253 1407 3362 1460 Καὶ
3399 1409 3639 1479 πρόσχες
3667 1410 3853 1478 ἐπιμε-

2271 1493 2378 1559 λῶς
2407 1497 2455 1547 εἱ
2489 1496 2583 1568 μὴ,
2619 1495 2808 1568 ὥσπερ
2834 1499 2894 1551 οὐ
2926 1499 3120 1551 ταυτόν
3152 1500 3267 1552 ἐστι
3290 1500 3439 1572 πηγὴ
3466 1500 3739 1571 ποταμοῦ,
3765 1503 3852 1555 καὶ

2271 1583 2535 1656 ποταμδς,
2563 1587 2736 1652 οὕτως
2767 1587 2918 1659 πηγὴ
2953 1590 3117 1659 ζωῆς,
3149 1591 3242 1643 καὶ
3279 1591 3415 1663 ζωή.
3458 1593 3569 1645 Καὶ
3602 1593 3775 1647 ταῦτα
3800 1596 3850 1649 δὲ

2273 1679 2717 1750 προσεθήκαμεν,
2769 1679 2855 1732 διὰ
2892 1679 2952 1732 τὸ
2996 1674 3350 1752 προσκεῖσθαι
3389 1682 3467 1754 τῷ
3490 1690 3502 1712 ⁸
3556 1700 3574 1734 t
3613 1678 3688 1737 Σὺ
3736 1681 3785 1738 εἴ
3824 1689 3850 1739 6

2271 1761 2508 1839 Χριστὸς
2527 1773 2555 1824 ὁ
2584 1761 2710 1836 Υἱδς
2732 1771 2822 1824 τοῦ
2853 1770 3164 1838 Θεοῦ,ιτὸ,σ
3193 1775 3286 1828 τοῦ
3313 1773 3513 1840 ζῶντος
3535 1776 3669 1847 (19)·
3686 1778 3850 1841 »ἐξαί-

582 1828 731 1922 cipcs
761 1859 908 1904 sunt.
953 1844 1403 1914 Quandoquidem
1435 1854 1613 1896 autem
1665 1841 1906 1895 diximus
1940 1855 2034 1894 eos
2067 1840 2155 1908 qui

2268 1828 2421 1930 ρξ’τον
2451 1828 2557 1932 γάρ
2577 1881 2631 1915 τι
2659 1828 2828 1936 ἐχρῆν
2852 1828 3197 1938 παραστῆσαι
3227 1869 3284 1922 ὲν
3415 1828 3698 1940 λεγομένῳ

582 1941 766 1994 ,Ιπευηι
795 1953 917 1994 esse
971 1935 1234 1989 Joannem
1283 1933 1578 2002 Baptistam
1624 1931 2162 2002 pronuntiaverunt,

583 2033 662 2086 vel
696 2032 931 2100 aliquem
954 2044 1019 2081 ex
1051 2027 1116 2080 iis
1148 2040 1382 2095 quorum
1423 2023 1618 2078 deinde
1648 2024 1853 2078 mentio
1901 2016 1998 2086 lit,
2051 2035 2159 2076 non

579 2138 646 2175 ex
673 2121 823 2176 sanis
857 2117 1132 2186 aliquibus
1185 2115 1537 2185 opinionibus
1568 2112 1621 2166 id
1656 2112 1864 2166 dixisse
1891 2153 1906 2178 ,
1959 2111 2158 2181 probe-

579 2228 702 2266 mus
734 2221 787 2265 et
814 2211 942 2263 illud
971 2209 1235 2270 dicentes,
1287 2206 1332 2260 si
1365 2204 1550 2259 Jesum
1587 2205 1652 2258 ad
1697 2202 1964 2258 Joannem
1998 2203 2158 2274 523

576 2311 795 2356 euntem
830 2299 1082 2369 baptismi
1117 2312 1304 2357 causa.
1338 2305 1394 2350 et
1409 2293 1673 2349 Joannem
1734 2293 1922 2349 Jesum
1982 2295 2160 2364 bapti-

576 2403 788 2450 zantem
813 2392 1189 2455 oﬂ'endissent,
1215 2389 1283 2442 ab
1311 2388 1486 2441 aliove
1519 2387 1821 2451 audissent,
1841 2387 2155 2456 neutiquam

574 2486 820 2540 dicturos
855 2482 1026 2536 fuisse
1052 2479 1239 2534 Jesum
1267 2493 1392 2533 esse
1419 2474 1684 2532 Joannem
1712 2495 1726 2542 ;
1762 2477 1856 2531 sed
1893 2485 1947 2530 et
1988 2477 2032 2532 si
2064 2478 2149 2530 in-

576 2577 916 2631 tellexisscnt
965 2573 1187 2628 effatum
1243 2570 1388 2640 quod
1445 2569 1821 2639 pronuntiavit
1858 2567 2019 2623 Jesus
2055 2569 2099 2599 ¹⁰
2142 2585 2156 2623 :

577 2687 596 2719 ι
637 2669 692 2720 Si
718 2667 884 2720 vultis
919 2665 1176 2734 recipere,
1209 2665 1323 2732 ipse
1351 2669 1434 2716 est
1459 2661 1710 2730 liliasqui
1734 2669 2147 2717 vt-nturuscsta

570 2769 624 2814 et
651 2759 856 2814 dictum
895 2757 1023 2810 illud
1049 2755 1332 2807 audissent
1362 2762 1621 2820 tanquam
1650 2767 1811 2804 aures
1843 2751 2106 2803 habentes
2135 2791 2150 2813 ,

571 2856 681 2904 non
708 2849 951 2903 dicturos
987 2847 1156 2900 fuisse
1190 2841 1486 2896 nonnullos
1517 2841 1694 2909 ipsum
1744 2854 1866 2892 esse
1925 2836 2098 2890 Eliam
2135 2855 2149 2890 :

569 2947 622 2993 et
655 2939 747 3007 qui
771 2940 1025 2992 dixerunt
1079 2935 1224 2988 hunc
1263 2948 1384 2986 esse
1435 2930 1750 2994 Jeremiam,
1801 2931 1846 2983 si
1890 2930 2153 2981 vidissent

570 3029 853 3098 plerosque
874 3044 905 3082 e
931 3025 1211 3096 prophetis
1243 3023 1502 3076 nonnulla
1534 3022 1679 3075 illius
1711 3019 2068 3089 signiticativa
2098 3019 2150 3072 in

569 3133 628 3173 se
658 3117 986 3187 suscepisse,
1016 3115 1305 3170 Jeremiatn
1339 3113 1484 3165 hunc
1501 3126 1623 3166 esse
1647 3110 1872 3164 minime
1907 3124 2150 3178 pronun-

569 3211 800 3265 tiaturos
851 3209 1060 3271 fuisse;
1102 3205 1562 3276 quemadmodum
1601 3217 1781 3272 neque
1815 3203 1954 3256 alios
1982 3241 1996 3265 ,
2051 3203 2150 3254 ali-

567 3316 730 3374 quem
754 3315 818 3355 ex
855 3298 1154 3370 prophetis.

631 3599 720 3654 £0.
758 3596 916 3664 Quod
948 3605 1130 3651 autem
1165 3592 1498 3663 respondens
1545 3591 1734 3646 Simon
1769 3589 1963 3645 Petrus
2001 3591 2138 3644 dixit

2260 1949 2354 2003 τοῦ
2383 1950 2518 2003 Θεοῦ
2562 1953 2656 2005 καὶ
2707 1955 2918 2027 Πατρὸς
2954 1955 3062 2010 τῶν
3091 1957 3247 2021 ὅλων,
3278 1957 3354 2021 ὡς
3385 1957 3587 2022 ζῶντος
3618 1961 3772 2027 παρά
3794 1977 3848 2012 τε

2259 2043 2360 2114 τὴν
2417 2043 2716 2117 αὖτοζωὴν,
2768 2047 2862 2102 καὶ
2908 2049 2976 2102 τὰ
3027 2049 3326 2120 μετέχοντα
3368 2043 3560 2120 αὐτῆς.
3605 2042 3761 2103 Ἐπεὶ
3797 2051 3847 2103 δὲ

2259 2135 2484 2207 εἴπομεν
2540 2137 2615 2208 μὴ
2669 2138 2776 2192 ἀπό
2819 2155 2980 2194 τινων
3026 2141 3194 2210 ὑγιῶν
3239 2141 3523 2213 δογμάτων
3571 2143 3846 2212 εἰρηκέναι

2257 2229 2384 2292 τοὺς
2417 2223 2877 2301 ἀποφηναμένους
2917 2227 3055 2286 εἶναι
3085 2225 3174 2287 τὸν
3215 2233 3421 2306 Ἰησοῦν
3461 2235 3715 2304 Ἰωάννην
3754 2234 3845 2287 τὸν

2257 2319 2586 2391 Βαπτιστὴν,
2625 2318 2659 2392 ἦ
2704 2338 2825 2375 τινα
2869 2323 2977 2376 τῶν
3021 2322 3450 2395 ἐπιφερομένων,
3502 2327 3844 2378 κατασκευὰ-

2259 2427 2460 2482 σωμεν,
2492 2412 2584 2465 καὶ
2628 2411 2788 2465 τοῦτο
2823 2405 3092 2481 λέγοντες,
3124 2415 3226 2478 ὅτι,
3261 2416 3311 2468 ει
3344 2408 3841 2486 παρατετεύχεισαν

2257 2495 2349 2558 ἐπὶ
2394 2504 2456 2556 τὸ
2509 2504 2794 2575 βάπτισμα
2837 2506 3196 2577 ἀπεληλυθότι
3242 2505 3321 2577 τῷ
3355 2507 3528 2578 Ἰησοῦ
3577 2509 3717 2580 πρὸς
3751 2510 3842 2562 τὸν

2269 2592 2540 2669 Ἰωάννην,
2587 2596 2680 2648 καὶ
2729 2596 3042 2666 βαπτίζοντι
3083 2597 3160 2668 τῷ
3202 2599 3424 2672 Ἰωάννῃ
3474 2597 3563 2652 τὸν
3611 2600 3836 2672 Ἰησοῦν.

2255 2683 2288 2756 ἢ
2325 2688 2370 2738 εἰ
2411 2687 2744 2756 ἀκηκόεισαν
2780 2689 2891 2758 (20)
2924 2689 3074 2761 παρά
3101 2707 3264 2752 τινος,
3302 2691 3400 2743 οὐκ
3429 2691 3494 2744 ἂν
3522 2691 3706 2761 ἔλεγον
3739 2695 3838 2763 Ἰη-

2256 2777 2382 2830 σοῦν
2414 2772 2548 2831 εἶναι
2597 2771 2686 2832 τὸν
2733 2780 3004 2850 Ἰωάννην.
3051 2779 3211 2832 Ἀλλὰ
3249 2781 3340 2834 καὶ⁵
3381 2783 3429 2834 εἰ
3466 2783 3751 2854 νενοήκασι
3779 2782 3837 2835 τὸ

2252 2869 2426 2939 δόγμα
2451 2870 2541 2938 ἀφ’
2571 2863 2630 2922 οὗ
2674 2866 2825 2925 εἶπεν
2867 2872 2895 2923 ὁ
2937 2871 3142 2942 Ἰησοῦς
3171 2871 3326 2942 (21)⁶
3370 2891 3388 2923 ‹
3430 2874 3493 2926 Εἰ
3540 2872 3720 2926 θέλετε
3747 2874 3834 2926 δὲ-

2266 2959 2481 3024 ξασθαι,
2512 2959 2672 3024 αὐτός
2694 2964 2838 3014 ἐστιν
2880 2961 3064 3024 Ἦδλίας
3093 2964 3121 3015 ὁ
3154 2961 3360 3032 μέλλων
3386 2963 3658 3034 ἔρχεσθαι,
3692 2983 3709 3014 ι
3744 2966 3836 3017 καὶ

2253 3047 2328 3112 ὡς
2355 3047 2568 3119 ἔχοντες
2603 3045 2717 3104 ὦτα
2743 3052 3071 3120 ὰκηκὸεισαν
3093 3052 3186 3105 τοῦ
3214 3054 3537 3124 λελεγμένου
3571 3055 3701 3124 (22),
3736 3055 3836 3108 οὐκ

2177 3178 2222 3237 c
2255 3137 2320 3191 ἂν
2370 3135 2521 3192 εἶπόν
2562 3157 2706 3204 τινες
2739 3141 2900 3194 αὑτὸν
2933 3138 3070 3195 εἶναι
3113 3143 3320 3196 Ἦλίαν⁶
3365 3145 3456 3199 καὶ
3499 3147 3547 3198 οἱ
3592 3147 3835 3210 εἰπόντες

2257 3230 2418 3282 αὐτὸν
2446 3227 2584 3284 εἶναι
2624 3231 2910 3304 Ἰερεμίαν,
2943 3235 2991 3286 εἰ
3025 3235 3231 3305 ἐώρων,
3255 3237 3336 3288 ὃτι
3365 3237 3412 3288 οι
3456 3237 3693 3289 πλεῖστοι
3723 3238 3832 3289 τῶν

2257 3323 2548 3391 προφητῶν
2574 3319 2879 3391 συμϐολικά
2907 3342 3024 3377 τινα
3055 3325 3218 3379 αὑτοῦ
3248 3327 3610 3395 ἀνειλήφασιν,
3637 3329 3738 3379 οὐκ
3762 3329 3829 3382 ἂν

2253 3414 2435 3484 ἔλεγον
2465 3415 2624 3468 αὑτὸν
2655 3410 2794 3468 εἶναι
2841 3415 3104 3487 Ἰερεμίαν
3132 3435 3144 3446 ·
3187 3418 3386 3489 ὁμοίως
3424 3414 3480 3470 δὲ
3525 3418 3644 3470 οὐδὲ
3671 3417 3823 3472 ἄλλοι

2251 3505 2346 3557 ἕνα
2368 3504 2486 3557 τινὰ
2521 3504 2626 3557 τῶν
2662 3507 2972 3577 προφητῶν.

2315 3590 2466 3666 Τάχα
2495 3594 2552 3647 δὲ
2579 3596 2715 3666 ὅπερ
2744 3596 3059 3667 ἀποκριθεὶς
3092 3597 3203 3670 (25)
3229 3592 3412 3670 Σίμων
3442 3600 3644 3671 Πέτρος
3673 3596 3826 3654 εἶπεν

1765 3708 2000 3764 VETUS
2036 3709 2616 3764 INTERPRETATIO.

559 3847 662 3903 pus
700 3830 875 3885 fuerat
903 3828 1104 3903 Christi
1135 3846 1148 3881 :
1187 3837 1240 3882 et
1271 3835 1557 3903 prOpterea
1585 3841 1712 3903 quae
1738 3825 1957 3903 adeum
1993 3828 2264 3903 promissa
2296 3829 2446 3892 sint,
2485 3827 2538 3903 in
2570 3829 2794 3903 Christo
2829 3838 2959 3903 sunt
3013 3829 3306 3897 adimpleta
3343 3867 3354 3893 ,
3415 3829 3822 3903 arbitrabantur

558 3895 736 3972 ipsum
761 3917 882 3954 esse
902 3899 1189 3972 Jeremiam
1219 3895 1560 3972 qu‘ent’uDeus
1585 3895 1639 3972 in
1672 3896 1927 3964 gentibus
1953 3899 2326 3972 constituisset
2368 3901 2708 3972 prophetam.
2745 3899 2848 3972 Qui
2883 3909 3061 3972 autem
3103 3895 3270 3952 unum
3297 3914 3360 3952 ex
3395 3900 3674 3972 praphetis
3695 3917 3818 3954 eum

559 3967 987 4030 arbitrabantur.
1024 3969 1234 4022 ratione
1257 3967 1423 4020 simili
1438 3967 2076 4038 _movebantur_propte_r
2107 3968 2196 4020 illa
2233 3984 2352 4036 qnee
2381 3967 2522 4022 Deus
2556 3970 2712 4036 quasi
2741 3972 2805 4023 ad
2835 3969 2984 4038 ipsos
3013 3970 3228 4023 locutus
3253 3977 3337 4022 est
3359 3967 3674 4038 prophetas,
3710 3983 3815 4023 non

559 4050 738 4096 tamen
771 4051 898 4093 sunt
921 4039 973 4091 in
1003 4040 1135 4108 ipsis
1169 4039 1409 4106 impleta.
1437 4035 1502 4109 Et
1531 4035 1701 4090 Judaei
1726 4035 1945 4104 quidem
1979 4036 2224 4109 sciebant
2253 4035 2318 4092 de
2345 4035 2988 4093 Christo’aestimationes
3035 4040 3228 4106 dignas
3256 4035 3529 4109 velamine
3557 4035 3698 4108 (ιιιοά
3724 4056 3818 4109 po-

557 4113 721 4164 situm
747 4119 864 4164 erat
897 4105 1059 4178 super
1090 4123 1186 4162 cor
1214 4105 1649 4178 eoruin.iPetrus
1674 4117 1852 4178 autem
1890 4107 2049 4174 quasi
2087 4123 2194 4161 non
2225 4109 2409 4161 carnis
2437 4119 2489 4162 et
2515 4109 2800 4178 sanguinis
2831 4105 3155 4177 discipulus,
3209 4107 3304 4178 sed
3357 4109 3454 4176 qui
3490 4105 3818 4178 rev-elatione

560 4181 650 4234 Dei
675 4180 851 4233 Patris
875 4176 992 4232 erat
1021 4178 1387 4246 dignilicatus.
1417 4177 1698 4245 denegavit
1720 4177 1939 4244 quidem
1967 4178 2184 4246 aliquod
2208 4193 2397 4232 eorum
2425 4194 2547 4231 esse
2583 4176 2768 4230 Jesum
2799 4217 2814 4238 ,
2863 4176 2986 4246 (ιωιὲ
3015 4177 3425 4232 arbitrabantur
3475 4193 3596 4232 esse
3621 4177 3811 4233 Judaei.

557 4251 851 4304 Confessus
883 4257 967 4302 est
1017 4257 1198 4301 autem
1228 4265 1240 4300 :
1276 4266 1294 4297 ‹
1333 4246 1412 4299 Tu
1465 4263 1523 4300 es
1558 4247 1845 4307 Christus;
1884 4265 1901 4296 ι
1930 4249 2072 4313 quod
2115 4247 2635 4302 nesciebant-Judtei.
2665 4246 2729 4300 Et
2759 4263 2865 4301 non
2905 4249 3079 4301 solum
3106 4246 3392 4302 confessus
3433 4256 3514 4301 est
3545 4267 3559 4300 ς
3591 4265 3611 4296 ι
3651 4248 3726 4302 Tu
3758 4264 3819 4304 es

556 4321 826 4380 Christus,
863 4337 881 4370 i
916 4320 1008 4386 sed
1039 4319 1201 4370 etiam
1233 4317 1378 4385 quod
1409 4317 1584 4385 majus
1610 4326 1713 4375 est,
1751 4336 1767 4364 ε
1814 4315 1983 4369 Filius
2010 4315 2099 4369 Dei
2128 4316 2256 4381 vivi,
2299 4336 2316 4366 ι
2351 4319 2444 4384 qui
2471 4328 2524 4370 et
2560 4333 2653 4384 per
2681 4324 2977 4386 prophetas
3011 4319 3256 4371 dixerat:
3286 4334 3305 4366 ι
3349 4314 3486 4368 Vivo

3513 4331 3646 4384 ego,
3673 4318 3809 4371 dicit

557 4388 837 4442 Dominus.
874 4407 894 4438 ι
933 4385 998 4439 ΕΙ.
1019 4387 1248 4440 forsitan
1279 4387 1400 4439 ideo
1421 4387 1702 4438 dici-batur
1733 4387 1918 4443 vivus.
1952 4386 2249 4440 secundum
2281 4388 2631 4440 eminentiam
2655 4402 2762 4455 qua
2788 4385 3158 4455 supereminet
3190 4386 3445 4438 omnibus
3483 4385 3813 4455 habentibus

557 4475 607 4536 Ψ
631 4475 688 4514 se
719 4459 904 4536 vitam,
921 4457 1179 4536 quoniam
1203 4464 1257 4508 et
1281 4457 1430 4535 solus
1447 4455 1604 4536 habet
1626 4455 2126 4536 immortalitatem;
2135 4464 2188 4508 et
2201 4465 2285 4536 est
2307 4457 2427 4511 fons
2453 4458 2593 4536 vitae.
2619 4453 2686 4510 Et
2706 4453 3056 4536 fortsquidem
3084 4458 3202 4536 vitae
3215 4454 3650 4536 proprie_dicitur
3668 4453 3812 4536 Deus

557 4528 710 4581 Pater
737 4529 828 4597 qui
853 4523 984 4580 dicit
1009 4541 1102 4594 per
1127 4524 1414 4597 Jeremiam
1444 4543 1457 4577 :
1495 4544 1510 4573 ι
1537 4523 1619 4597 hic
1648 4523 2303 4597 tier-eliqueruiit_fontem
2332 4541 2490 4597 aqua:
2513 4527 2662 4580 vivae.
2701 4545 2718 4576 ι
2758 4523 2875 4580 Vita
2921 4537 3100 4580 autem
3125 4535 3207 4578 est
3231 4523 3388 4597 qpasi
3415 4523 3665 4597 de‘fonte
3685 4527 3811 4597 vita:

556 4599 730 4652 Patris
756 4592 1081 4666 procedens,
1113 4611 1234 4664 qua:
1269 4595 1404 4646 dixit
1431 4612 1444 4646 :
1486 4612 1501 4666 ι
1541 4593 1652 4662 Ego
1677 4609 1796 4646 sum
1827 4603 1952 4646 vita.
1998 4612 2016 4644 ι
2046 4592 2111 4647 Ει
2134 4595 2252 4649 vide
2287 4592 2548 4666 quoniam
2582 4597 2723 4650 sicut
2752 4612 2858 4650 non
2887 4607 2970 4652 est
3000 4598 3232 4666 idipsum
3254 4592 3380 4649 fons
3401 4603 3456 4649 et
3475 4593 3693 4660 ﬂuvius,
3729 4596 3808 4651 sic

551 4683 657 4721 non
698 4665 780 4722 est
804 4669 1049 4736 idipsum
1074 4665 1196 4719 fons
1223 4667 1425 4736 viunet
1453 4665 1580 4715 vita.

621 4739 706 4790 l0.
742 4755 760 4787 ι
795 4731 993 4791 Beatus
1028 4735 1220 4789 Simon
1250 4733 1486 4802 Barjona
1527 4751 1539 4786 :
1565 4731 1693 4800 quia
1723 4746 1852 4784 caro
1871 4739 1926 4784 et
1954 4734 2176 4801 sanguis
2204 4749 2312 4788 non
2352 4735 2610 4790 revelavit
2636 4736 2752 4800 tibi,
2778 4737 2870 4792 sed
2889 4737 3048 4792 Pater
3070 4737 3223 4793 meus
3247 4737 3338 4808 qui
3361 4747 3446 4793 est
3467 4737 3520 4790 in
3548 4736 3720 4792 caelis.
3746 4734 3810 4790 Et

619 4854 642 4884 '
662 4852 851 4907 Matth.
885 4869 994 4919 xvi,
1025 4852 1109 4906 16.
1189 4852 1207 4882 ⁷
1237 4849 1439 4905 Jerem.
1469 4865 1602 4912 χιιι,
1630 4848 1720 4902 24.

620 4986 728 5056 (l9)
763 4986 832 5040 Τὸ
865 4987 969 5040 τοῦ
999 4986 1229 5056 ζῶντος.
1280 4983 1353 5038 Τό
1385 4985 1527 5055 quod
1553 4985 1940 5056 necessarium
1976 4994 2110 5056 er_at,

545 5052 780 5113 t‘eest'in
839 5058 1074 5111 editione
1103 5055 1298 5118 Huetii,
1328 5067 1379 5108 et
1405 5052 1687 5124 suppletur
1719 5069 1750 5107 e
1791 5055 1974 5108 codice
2008 5052 2116 5108 Ta-

548 5131 782 5194 riniano.
817 5127 907 5180 Sic
941 5137 1120 5180 autem
1146 5128 1279 5179 verti
1312 5127 1469 5178 debet
1501 5127 1588 5178 hic
1614 5128 1764 5177 locus
1809 5143 1820 5176 :
1865 5143 1881 5175 ι
1939 5127 2116 5194 ᾼιιιιιο

544 5192 660 5253 hanc
691 5199 908 5266 quidem
945 5197 1252 5250 addidimus
1280 5235 1295 5256 ,
1346 5196 1489 5264 quod
1528 5195 1610 5266 his
1639 5195 1838 5266 verbis
1855 5213 1901 5266 __:
1942 5192 2041 5247 Τιί
2062 5211 2114 5248 es

545 5262 787 5322 Christus
820 5267 997 5320 Filius
1040 5267 1153 5330 Dei,
1188 5262 1504 5334 adjunctum
1539 5265 1610 5317 sit
1636 5264 1764 5317 illud
1801 5283 1811 5315 :
1855 5262 1989 5319 Vivi.
2027 5284 2046 5315 ι

616 5340 728 5462 (20')
752 5340 922 5394 Codd.
957 5333 1328 5391 Vaticanus’et
1352 5333 1698 5399 Tarinianus,
1723 5335 1756 5404 ἣ
1779 5336 1826 5385 εἰ
1856 5335 2114 5405 ἀκηκόει-

616 5429 660 5462 ν.
722 5428 751 5462 n
780 5411 1016 5462 editione
1049 5406 1222 5461 lluetii
1261 5409 1412 5460 deest
1444 5406 1499 5462 ἦ.

543 5406 660 5464 σαν.
698 5406 751 5463 In
780 5411 1016 5464 editione
1049 5406 1222 5461 lluetii
1261 5409 1412 5460 deest
1444 5406 1499 5476 ἦ.

612 5480 723 5552 (‘2!)
760 5479 1005 5552 Ἰησοῦς.
1032 5474 1476 5552 codexltegius,
1505 5474 1757 5552 Χριστᾴς.

755 5542 936 5605 Codex
964 5542 1192 5621 Regius,
1219 5542 1660 5621 άκηῖιόεισαντοῦ
1689 5542 1999 5621 λεγομένου.

613 5611 722 5689 (‘25)
766 5621 916 5690 Τάχα
949 5620 1014 5672 δὲ
1043 5611 1187 5686 ὅπερ
1215 5611 1563 5690 ἀποκριθείς
1583 5658 1597 5679 ,
1629 5625 1731 5690 etc_.
1777 5611 2114 5690 Epiphanius

539 5687 593 5741 in
621 5682 883 5743 'An'cora't'.
919 5707 968 5744 c.
1005 5682 1191 5742 avsis
1225 5682 1482 5754 ἀληθείας
1507 5686 1612 5756 γὰρ
1639 5684 1730 5736 καὶ
1754 5682 1954 5743 ειδότες
1985 5696 2111 5756 συν-

539 5759 650 5828 ῳδά
695 5775 749 5812 τε
794 5760 884 5811 καὶ
922 5759 1186 5828 σύμφωνα
1228 5751 1329 5826 (sic
1353 5758 1498 5811 enim
1521 5751 1669 5824 'le'go,
1701 5767 1810 5806 non
1846 5761 1902 5805 ut
1930 5751 2114 5819 vulgo,

1798 4847 1819 4878 ⁸
1845 4846 2046 4902 Jerem.
2081 4865 2143 4916 tt,
2180 4853 2264 4909 15.
2341 4852 2541 4908 'Joan.
2573 4871 2682 4919 xiv,
2707 4855 2758 4908 6.

2844 4856 2884 4886 ⁸ο
2911 4854 3100 4909 Matth.
3140 4871 3216 4919 xl,
3257 4857 3345 4908 Η.

2231 4980 2523 5054 συνοίδατε)
2557 4981 2736 5054 λέγειν
2777 4982 2857 5054 τῷ
2887 4981 3508 5054 μακαριωτάτῳῂηέτρῳ
3527 5023 3542 5045 ,
3571 4979 3686 5042 ὅτι.
3719 4980 3804 5054 Σὺ

2226 5043 2286 5108 εἴ
2314 5056 2347 5107 o’
2375 5043 2688 5118 Χριάτὸςίό
2733 5043 2867 5118 Υἱός
2888 5043 3002 5107 ’τοῦ
3033 5043 3181 5107 Θεοῦ
3211 5043 3316 5106 τὸῦ
3347 5043 3580 5117 (Furiae,
3613 5053 3801 5119 σαφῶς

2227 5121 2321 5195 fit?
2369 5120 2534 5195 αὑτοῦ
2581 5123 2786 5195 Κυρίου
2835 5123 3358 5195 μακαρισθήσονται,
3411 5120 3731 5195 καθὼςμκαὶ
3771 5123 3803 5195 ᾇ

2227 5192 2381 5264 ἅγιος,⁹
2421 5194 2628 5264 εκεῖνος
2665 5191 3010 5264 ἐμακαρίσθή
3032 5236 3046 5257 ,
3087 5191 3193 5247 etc.
3227 5212 3246 5242 ‹
3283 5191 3492 5246 Revera
3530 5193 3675 5264 enim
3708 5192 3799 5261 qui

2227 5262 2537 5318 beatissimo
2585 5262 2744 5316 Petro
2797 5262 3035 5318 consona
3085 5279 3148 5317 ac
3196 5266 3560 5316 consentanea
3619 5262 3802 5318 dicere

2225 5332 2538 5403 potuerint,
2587 5347 2778 5403 nempe
2813 5349 2830 5403 γε
2869 5334 2941 5386 Tu
2987 5351 3040 5388 es
3075 5328 3309 5403 Christus
3342 5325 3506 5386 Filius
3537 5331 3630 5403 Dei
3664 5333 3798 5397 vivi,

2226 5401 2510 5456 manifeste
2553 5401 2622 5455 ab
2662 5401 2778 5470 ipso
2811 5402 3038 5457 Domino
3074 5402 3216 5471 beati
3249 5401 3575 5471 praedicandi
3622 5411 3750 5457 sunt
3782 5421 3797 5457 ε

2225 5469 2694 5540 quemadmodum
2739 5482 2794 5526 et
2857 5484 3078 5526 sanctus
3127 5469 3320 5529 Petrus
3381 5473 3573 5526 beatus
3624 5473 3803 5527 dictus

2225 5551 2325 5602 est,
2368 5561 2386 5590 ι
2421 5550 2526 5595 etc.
2557 5541 2871 5596 Ambrosius
2896 5541 3184 5596 Comment.
3213 5545 3266 5595 in
3297 5543 3418 5595 Luc.
3451 5560 3500 5596 ix
3537 5561 3549 5595 :
3581 5563 3598 5594 ι
3628 5543 3802 5597 Crede

2228 5611 2388 5679 igitur
2427 5611 2505 5666 sic
2544 5613 2993 5680 quemadmodum
3044 5613 3236 5666 Petrus
3276 5611 3525 5678 credidit,
3569 5624 3626 5668 ut
3653 5623 3708 5668 et
3745 5623 3801 5667 ιιι

2226 5681 2416 5736 beatus
2442 5682 2536 5737 sis.
2577 5701 2593 5732 ι
2627 5682 2877 5736 “Ut-311175.
