4094 6290
326 407 436 467 997

1301 399 1652 462 ΟΟΜΜΕΝΤ.
1697 400 1764 455 IN
1804 397 2218 454 ΜΑΤΤΗᾸΞΕΜ
2256 396 2492 454 TOMUS
2527 396 2644 453 XII.

3489 401 3594 456 908

324 530 388 580 ὲν
411 527 497 596 τῷ
524 543 536 556 ·
579 543 599 578 ι
637 522 708 579 Σὺ
737 520 787 576 εἴ
817 525 844 577 6
880 522 1109 592 Χριστὸς
1135 523 1163 572 6
1195 521 1322 584 Υἱὸς
1349 520 1442 573 τοῦ
1473 519 1608 572 Θεοῦ
1639 517 1858 583 ζῶντος,

2019 514 2106 569 his
2136 515 2314 570 verbis
2342 516 2380 546 “
2413 532 2426 567 :
2467 532 2485 564 ι
2524 513 2603 566 Tn
2621 527 2681 567 es
2712 510 2964 566 Christus
2998 509 3168 566 Filius
3199 509 3293 567 Dei
3325 513 3455 580 vivi,
3498 533 3516 566 ι
3545 520 3590 572 si

320 618 420 672 ἐὰν
453 617 531 680 ὡς
568 619 598 669 6
649 617 850 685 Πέτρος
890 614 1155 684 λέγωμεν,
1202 614 1261 664 οὐ
1309 610 1507 682 σαρκὸς
1549 610 1642 663 καὶ
1689 609 1916 678 αἵματος

320 711 462 779 ἡμῖν
507 706 984 774 ἀποκαλύψαντος,
1019 704 1152 758 ἀλλὰ
1197 703 1374 772 φωτὸς
1418 702 1573 772 ἡμῶν
1618 704 1682 771 τῇ
1721 701 1916 770 καρδία

320 800 712 870 ὲλλάμψαντος
740 798 847 850 ἀπὸ
879 797 972 849 τοῦ
1015 799 1072 848 ὲν
1105 797 1349 866 οὐρανοῖς
1381 792 1608 862 Πατρδς,
1645 793 1734 844 καὶ
1762 791 1914 844 αὐτοὶ

319 892 596 961 γινόμεθα
643 892 781 958 ὅπερ
809 890 902 942 καὶ
935 889 962 940 6
995 889 1217 957 Πέτρος,
1245 886 1444 956 ὁμοίως
1485 883 1632 953 αὐτῷ
1683 899 1914 953 μακαρι-

318 981 571 1050 ζὸμτένοι,
609 980 701 1032 διὰ
727 980 788 1031 τὸ
809 978 877 1030 τὰ
905 977 1052 1030 αἴτια
1077 977 1168 1029 τοῦ
1212 974 1558 1046 μακαρισμοῦ
1600 973 1791 1042 ἐκείνῳ
1820 972 1913 1024 καὶ

313 1076 403 1142 ἐφ’
432 1075 592 1144 ἡμᾶς
627 1071 942 1140 ἐφθακέναι,
973 1069 1051 1139 τῷ
1080 1068 1255 1139 σάρκα
1297 1067 1389 1120 καὶ
1417 1061 1554 1136 αἷμα
1598 1065 1670 1135 μὴ
1713 1065 1913 1116 ἀποκε-

311 1165 637 1232 καλυφέναι
661 1165 794 1233 ἡμῖν
826 1161 952 1230 περὶ
989 1159 1083 1213 τοῦ
1111 1161 1201 1212 τὸν
1241 1156 1446 1225 Ἰησοῦν
1474 1151 1613 1210 εἷναι
1657 1150 1908 1227 Χριστύν,

311 1256 448 1306 Υἱὸν
495 1256 605 1308 τοῦ
655 1255 795 1309 Θεοῦ
838 1253 930 1306 τοῦ
982 1252 1202 1316 ζῶντος,
1251 1249 1389 1302 ἀλλὰ
1432 1248 1521 1300 τὸν
1566 1248 1624 1300 ὲν
1662 1247 1910 1316 οὐρανοῖς

315 1348 547 1418 Πατέρα
609 1349 702 1400 ἀπ’
731 1344 910 1399 αὐτῶν
957 1344 1062 1396 τῶν
1108 1341 1369 1412 οὐρανῶν,
1427 1340 1512 1392 ἵνα
1560 1339 1618 1390 ἐν
1661 1338 1910 1408 οὐρανοῖς

315 1437 796 1509 πολιτευσώμεθα,
860 1433 1310 1502 ἁποκαλύψαντος
1372 1432 1501 1500 ἡμῖν
1568 1427 1907 1496 ἀποκάλυψιν

315 1529 644 1598 ἀνάγουσαν
684 1531 762 1592 είς
787 1529 910 1590 τοὺς
932 1528 1190 1597 οὐρανοὺς
1217 1525 1341 1585 τούς
1363 1518 1777 1591 περιαιροῦντας
1808 1516 1906 1586 μὲν

317 1625 430 1676 πᾶν
463 1622 734 1692 κάλυμμα
760 1620 864 1673 ἀπὸ
897 1620 992 1688 τῆς
1027 1617 1270 1688 καρδίας,
1303 1613 1666 1674 ἀναλαϐόνάς
1697 1611 1754 1663 δὲ
1789 1630 1807 1660 ι
1845 1609 1906 1662 τὸ

317 1711 554 1781 Πνεῦμα
578 1715 675 1781 τῆς
709 1710 897 1778 σοφίας
923 1709 1012 1761 τοῦ
1047 1706 1178 1760 Θεοῦ
1203 1706 1292 1758 καὶ
1321 1705 1419 1775 τῆς
1445 1701 1856 1771 ἀποκαλύψεως.
1880 1719 1897 1753 ι

315 1803 380 1854 Εἰ
427 1802 486 1855 δὲ
523 1802 795 1871 φήσαντες
823 1799 916 1852 καὶ
951 1799 1127 1868 ἡμεῖς,
1155 1798 1229 1859 ὼς
1257 1798 1285 1849 6
1316 1795 1519 1865 Πέτρος
1543 1810 1556 1822 ο
1607 1812 1624 1843 ι
1677 1792 1747 1845 Σύ
1779 1786 1831 1843 εἴ
1874 1791 1902 1843 6

2025 605 2155 658 illud
2191 607 2329 660 idem
2370 605 2618 660 dicamus
2652 604 2794 658 sicut
2821 602 3032 666 Petrus,
3063 618 3129 656 eo
3165 604 3320 658 nobis
3353 621 3448 674 per
3469 622 3593 660 car-

2023 712 2144 750 nem
2169 706 2223 750 et
2263 697 2578 764 sanguinem
2637 711 2744 747 non
2787 694 3021 747 revelato
3053 734 3070 758 ,
3109 695 3202 748 sed
3254 710 3349 762 per
3406 696 3589 750 lumen

2020 787 2165 856 quod
2197 803 2224 840 a
2251 785 2409 840 Patre
2438 785 2642 840 coalesti
2673 785 2928 838 cordibus
2956 785 3157 838 nostris
3179 784 3462 842 affulserit.
3491 787 3593 839 for-

2023 884 2166 930 tasse
2206 879 2366 930 timus
2390 885 2444 929 ιιι
2472 876 2571 944 ipsi
2607 875 2657 928 id
2684 876 2824 944 quod
2877 873 3098 938 Petrus;
3152 889 3366 942 nempe,
3403 875 3498 928 itid
3539 894 3589 928 ιιι

2020 976 2079 1019 ut
2111 967 2220 1032 ille,
2253 966 2512 1019 fortunati
2541 965 2921 1034 praedicamur,
2977 972 3261 1032 propterea
3299 965 3442 1033 quod
3478 966 3594 1021 lure

2016 1057 2178 1111 etiam
2210 1057 2275 1110 ad
2307 1072 2408 1111 nos
2440 1063 2830 1125 pervenerunt,
2868 1070 2993 1124 qua:
3039 1070 3204 1109 causa
3249 1056 3324 1108 illi
3369 1055 3591 1110 fur-runt

2029 1164 2128 1202 cur
2153 1148 2342 1201 beatus
2393 1147 2464 1200 sit
2496 1145 2870 1210 existimatus;
2918 1159 2981 1197 eo
3036 1144 3181 1212 quod
3232 1161 3406 1214 neque
3459 1161 3596 1204 caro

2015 1254 2191 1308 neque
2215 1238 2442 1308 sanguis
2474 1237 2835 1291 revelaverint
2869 1235 3026 1289 nobis
3055 1234 3240 1290 Jesum
3264 1252 3384 1290 esse
3425 1237 3592 1292 Chri-

2013 1338 2180 1394 stum,
2215 1328 2408 1382 Filium
2442 1327 2535 1382 Dei
2565 1328 2691 1391 vixi,
2728 1328 2820 1382 sed
2859 1326 3016 1380 Pater
3047 1326 3140 1396 qui
3196 1327 3250 1380 in
3281 1326 3433 1382 C(Blis
3461 1339 3544 1382 est
3566 1368 3586 1393 ,

2012 1435 2041 1474 e
2066 1420 2204 1474 cado
2230 1420 2370 1489 ipso,
2401 1427 2460 1472 nt
2494 1419 2547 1471 in
2581 1419 2721 1473 ccelo
2764 1419 3054 1484 vivamus;
3110 1431 3176 1471 eo
3233 1418 3390 1471 nobis
3435 1432 3584 1471 reve-

2012 1509 2156 1564 lante
2189 1509 2568 1562 revelationem
2606 1507 2671 1561 ad
2712 1508 2911 1561 caelum
2962 1507 3084 1561 illos
3133 1508 3448 1561 evehentem
3487 1507 3588 1574 qui

2011 1597 2252 1650 velamen
2285 1612 2314 1649 a
2349 1597 2512 1651 corde
2540 1595 2894 1660 detraxerint,
2928 1613 2947 1645 ι
2982 1593 3244 1664 Spiritum
3283 1606 3463 1648 autem
3494 1611 3586 1652 sa-

2011 1688 2229 1756 pientia:
2256 1687 2348 1741 Dei
2376 1697 2429 1741 et
2457 1687 2810 1740 revelationis
2837 1704 2855 1736 ›
2893 1686 3230 1754 susceperint
3261 1688 3322 1736 ¹¹.
3355 1685 3508 1751 Quod
3537 1687 3589 1740 si

2008 1789 2293 1848 postquam
2316 1779 2616 1832 dixerimus
2642 1787 2696 1831 et
2720 1792 2841 1841 nos,
2865 1776 3322 1845 quemadmodum
3345 1775 3539 1833 Petrus
3566 1796 3581 1833 :

315 1867 627 1961 Χριστὸς-ὁ
672 1892 791 1953 Υἱὸς
823 1888 915 1944 τοῦ
955 1867 1088 1943 Θεοῦ
1123 1888 1340 1953 ζῶντος,
1390 1906 1407 1936 ι
1454 1886 1552 1955 οὐχ
1595 1884 1670 1947 ὡς
1706 1882 1889 1955 σαρκὸς

2014 1889 2032 1921 ι
2073 1871 2154 1924 Τιι
2183 1887 2242 1926 es
2271 1869 2521 1924 Christus
2547 1867 2718 1922 Filius
2743 1867 2834 1922 Dei
2875 1867 3003 1932 vivi,
3043 1886 3061 1919 ι
3095 1883 3203 1922 non
3239 1868 3396 1937 quasi
3423 1883 3580 1923 reve-

316 1983 415 2035 καὶ
448 1983 684 2052 αἵματος
716 1983 844 2052 ἡμῖν
871 1979 1349 2048 ἀποκαλυψάντων,
1376 1975 1512 2029 ἀλλὰ
1546 1975 1721 2043 φωτὸς
1747 1973 1904 2044 ἡμῶν

315 2075 382 2141 τῇ
422 2073 626 2143 καρδίᾳ
657 2072 1024 2141 ἐλλάμψαντος
1055 2070 1162 2123 ἀπὸ
1181 2066 1276 2121 τοῦ
1308 2069 1364 2120 ἐν
1396 2067 1642 2137 οὐρανοῖς
1667 2063 1903 2133 Πατρὸς,

318 2163 588 2232 γινόμεθα
621 2162 860 2232 Πέτρος’
893 2161 987 2213 καὶ
1034 2162 1163 2229 ἡμῖν
1205 2157 1272 2210 ἂν
1299 2157 1506 2222 λέγοιτο
1537 2154 1644 2206 ἀπὸ
1677 2152 1768 2206 τοῦ
1797 2153 1901 2204 Λό-

315 2270 416 2320 γου
459 2254 554 2306 τό·
597 2273 613 2303 ι
651 2253 720 2305 Σὺ
764 2248 814 2304 εἴ
852 2250 1074 2321 Πέτρος,
1110 2268 1127 2300 ι
1167 2248 1262 2302 καὶ
1297 2247 1365 2300 τὰ
1397 2245 1542 2313 ἑξῆς.
1578 2244 1758 2314 Πέτρα
1793 2243 1903 2315 γὰρ

318 2347 434 2408 πᾶς
483 2348 511 2397 6
553 2344 786 2416 Χριστοῦ
836 2340 1079 2412 μαθητὴς
1113 2337 1244 2410 (24),
1291 2337 1382 2406 ἀφ’
1419 2333 1707 2392 οὐιὲπινον
1739 2335 1788 2387 οἱ
1839 2335 1903 2386 ἐκ

318 2435 700 2505 πνευματικῆς
729 2431 1123 2499 ἀκολουθούσης
1154 2429 1377 2499 πέτρας,
1418 2446 1436 2477 ι
1471 2427 1566 2479 κα)⁵
1599 2426 1691 2477 ἐπὶ
1723 2426 1902 2478 πᾶσαν

315 2527 424 2597 τὴν
473 2525 726 2596 τοιαύτην
773 2524 975 2594 πέτραν
1006 2520 1362 2590 οἰκοδομεῖται
1395 2519 1424 2570 6
1452 2515 1899 2587 ἐκκλησιαστικδς

315 2618 436 2680 πᾶς
487 2616 662 2684 λόγος,
705 2615 800 2668 καὶ
830 2616 884 2684 ἡν
911 2613 1030 2666 κατ’
1069 2611 1230 2664 αὐτῦν
1277 2607 1517 2662 πολιτεία
1541 2626 1553 2638 ·
1596 2609 1652 2660 ἐν
1686 2607 1900 2678 ἑκάστῳ

314 2705 435 2775 γὰρ
473 2706 578 2759 τῶν
608 2705 824 2757 τελείων
849 2702 958 2774 (25)
985 2703 1214 2772 ἐχόντων
1241 2701 1300 2753 τὸ
1333 2699 1603 2770 ἄθροισμα
1628 2699 1735 2751 τῶν
1766 2715 1903 2768 συμ-

317 2797 678 2866 πληρούντων
709 2795 818 2867 (26)
840 2796 938 2866 τὴν
964 2795 1337 2866 μακαριότητα
1367 2793 1556 2862 λόγων,
1589 2792 1682 2845 καὶ
1707 2792 1902 2863 ἔργων,

2009 1961 2177 2016 latum
2217 1961 2375 2016 nobis
2410 1959 2572 2013 fuerit
2606 1974 2635 2012 a
2676 1972 2840 2012 carne
2861 1958 2943 2012 vel
2974 1973 3004 2012 a
3036 1959 3318 2027 sanguine,
3339 1960 3431 2013 sed
3462 1955 3590 2014 luce

2007 2053 2158 2108 cordi
2221 2060 2410 2106 nostro
2458 2049 2750 2119 aﬂ‘ulgente
2799 2065 2829 2102 a
2862 2046 3022 2102 Patre
3051 2049 3142 2118 qui
3179 2049 3232 2102 in
3262 2051 3416 2104 caalis
3448 2061 3532 2105 est
3559 2090 3580 2119 ,

2006 2144 2200 2198 Petrus
2231 2142 2524 2207 eﬂicimur;
2556 2141 2770 2195 dicatur
2790 2150 2842 2193 et
2869 2139 3026 2194 nobis
3060 2155 3090 2192 a
3125 2138 3302 2194 Verbo
3333 2142 3374 2172 ⁸³
3404 2160 3418 2198 :
3453 2161 3470 2194 ι
3494 2141 3577 2197 Τιι

2006 2251 2066 2291 es
2088 2235 2302 2298 Petrus,
2343 2253 2361 2284 ι
2391 2244 2448 2288 et
2493 2248 2616 2304 quae
2652 2240 2976 2302 sequuntur.
3023 2230 3191 2302 524
3224 2229 3380 2287 Petra
3431 2237 3586 2288 enim

2007 2357 2091 2402 est
2121 2345 2302 2400 omnis
2327 2344 2628 2414 discipulus
2656 2342 2884 2406 Christi,
2913 2341 2980 2396 de
3006 2358 3115 2413 quo
3147 2343 3403 2398 bibebant
3431 2384 3446 2409 ,
3482 2345 3574 2414 qui

2014 2455 2033 2488 ι
2072 2435 2330 2490 bibebant
2355 2435 2422 2490 de
2453 2433 2684 2503 spiritali
2718 2441 3086 2502 consequente
3127 2443 3276 2503 petra
3297 2434 3463 2497 umet
3479 2451 3569 2490 su-

2006 2544 2102 2597 per
2144 2526 2440 2596 quamlibet
2493 2525 2760 2594 ejusmodi
2819 2535 3026 2594 petram
3061 2526 3360 2581 mditicatur
3394 2527 3578 2582 omnis

2007 2631 2188 2671 sermo
2223 2615 2644 2676 ecclesiasticus,
2677 2622 2733 2668 et
2761 2615 2883 2668 vita:
2909 2615 3066 2684 juxta
3091 2613 3268 2683 ipsum
3315 2616 3578 2672 institutae

2004 2707 2146 2760 ratio
2174 2725 2187 2760 :
2213 2705 2506 2774 unicuique
2525 2704 2668 2758 enim
2686 2703 2926 2774 perfecto
2954 2703 3173 2758 babenti
3201 2707 3578 2776 congregatio-

2012 2811 2135 2850 nem
2159 2809 2472 2850 sermonum
2510 2794 2892 2850 beatitudinem
2931 2795 3347 2865 pcrﬁeientium,
3372 2806 3427 2851 ct
3448 2810 3578 2866 epe-

1522 2907 1752 2962 VETUS
1792 2905 2376 2962 INTERPRETATIO.

315 3031 430 3085 ego
456 3021 579 3075 dieo
608 3022 701 3074 tibi
745 3039 758 3075 :
787 3021 866 3075 Tu
898 3037 955 3076 es
981 3021 1194 3082 Petrus,
1230 3030 1280 3075 et
1310 3037 1474 3089 super
1503 3021 1642 3074 hanc
1673 3028 1882 3090 petram
1915 3021 2196 3076 aediﬁcabo
2239 3019 2538 3090 Ecclesiam
2580 3035 2780 3084 meam,
2806 3029 2861 3075 et
2900 3030 3067 3089 portm
3107 3019 3410 3074 inferorum
3457 3037 3566 3074 non

315 3091 684 3161 praevalebunt
717 3091 787 3143 ei.
824 3111 843 3142 ›
879 3090 1128 3161 Forsitan
1168 3091 1211 3144 si
1244 3101 1297 3143 et
1325 3107 1424 3144 nos
1450 3089 1749 3161 dixerimus
1785 3092 1928 3156 quod
1962 3091 2098 3146 dixit
2121 3090 2314 3146 Petrus
2347 3109 2359 3144 :
2395 3109 2412 3141 ι
2445 3089 2524 3143 Tu
2549 3107 2608 3145 es
2636 3091 2890 3161 Christus
2923 3090 3090 3143 Filius
3116 3090 3204 3144 Dei
3239 3090 3371 3156 vivi,
3404 3109 3422 3141 ι
3461 3107 3568 3144 nou

317 3161 374 3230 i_n
411 3175 573 3214 carne
604 3160 758 3213 nobis
793 3169 845 3214 et
879 3159 1143 3227 sanguine
1179 3161 1448 3213 revel-inte
1471 3199 1485 3220 ,
1525 3161 1615 3213 sed
1647 3159 1806 3213 Patre
1848 3161 1940 3230 qui
1975 3170 2062 3215 est
2097 3161 2150 3214 in
2183 3161 2337 3216 cuzlis
2372 3171 2607 3230 mentem
2643 3159 2883 3214 nostram
2927 3161 3307 3225 illuminante;
3352 3161 3576 3230 erimus

316 3226 606 3300 PetrnsLet
622 3230 864 3282 eamdem
883 3226 1265 3283 beatitudinem
1281 3243 1680 3296 consequemur
1703 3226 2000 3300 quam'ille.
2028 3239 2249 3300 pr0pter
2272 3228 2671 3300 confessionem
2705 3239 2944 3284 nostram
2968 3231 3199 3284 similem
3228 3229 3577 3300 confessioni-

320 3300 487 3352 illins.
525 3298 675 3352 Tune
700 3310 878 3351 autem
909 3315 1013 3351 non
1047 3315 1174 3352 caro
1204 3309 1257 3351 et
1293 3300 1517 3367 sanguis
1549 3300 1749 3352 revelat
1773 3301 1930 3354 nobis
1959 3298 2145 3354 Iesum
2173 3315 2294 3353 esse
2320 3300 2600 3353 Christum
2634 3299 2828 3369 Filium
2863 3300 2955 3353 Dei
2983 3301 3110 3365 vivi,
3143 3299 3237 3354 sed
3279 3298 3440 3354 Pater
3471 3301 3566 3369 qui

317 3377 402 3439 est
430 3369 481 3420 in
524 3369 678 3439 etelis
706 3387 718 3422 :
761 3370 979 3439 quando
1010 3369 1352 3439 conversatio
1383 3379 1568 3422 nostra
1601 3369 1654 3420 in
1685 3369 1841 3422 ccelis
1871 3381 1973 3434 est,
2011 3382 2064 3423 et
2095 3370 2260 3439 digna
2284 3369 2611 3439 revelatione
2637 3368 2814 3424 Patris
2849 3370 3108 3431 cmlestis,
3152 3380 3281 3422 tunc
3321 3385 3444 3423 vere
3483 3368 3572 3424 re-

316 3437 516 3491 velatio
540 3437 631 3491 Dei
659 3438 880 3508 abstulit
911 3439 1126 3506 quidem
1155 3452 1185 3508 a
1218 3438 1376 3492 nobis
1401 3453 1563 3491 omne
1583 3439 1948 3492 velamentum
1979 3437 2186 3502 cordis,
2227 3438 2377 3492 dedit
2401 3448 2580 3492 autem
2619 3441 2776 3493 nobis
2799 3439 3052 3508 spiritum
3093 3439 3372 3508 sapientia:
3392 3451 3444 3491 et
3483 3457 3568 3492 rr-

318 3508 625 3561 velationis.
667 3507 719 3559 Si
755 3518 933 3560 autem
963 3507 1260 3561 secundum
1293 3521 1512 3560 carnem
1538 3516 1592 3560 et
1622 3509 1944 3574 sanguinem
1978 3523 2390 3572 conversemur,
2427 3508 2562 3562 alias
2590 3518 2768 3562 autem
2797 3507 3161 3562 conﬁteamnr
3188 3507 3375 3562 Jesnm
3400 3509 3564 3562 Chri-

315 3586 458 3646 stum
487 3591 608 3630 esse
638 3576 830 3628 Filium
863 3575 953 3628 Dei
985 3577 1111 3636 vivi,
1144 3585 1201 3628 ut
1226 3585 1375 3646 puta,
1403 3578 1596 3644 dogma
1631 3578 1945 3646 hujusmodi
1982 3577 2341 3646 suscipientes
2369 3593 2398 3630 a
2429 3579 2744 3645 parentibus
2775 3577 3035 3632 traditum
3067 3579 3226 3630 nobis
3259 3595 3272 3629 :
3304 3588 3429 3630 tunc
3455 3594 3563 3632 non

317 3644 474 3698 Pater
503 3647 756 3698 revelavit
781 3646 954 3708 nobis,
993 3645 1084 3698 sed
1122 3644 1250 3698 caro
1277 3656 1330 3699 et
1358 3647 1608 3715 sanguis.
1642 3645 1933 3714 Propterea
1967 3662 2065 3699 nec
2093 3644 2325 3715 stabiles
2349 3644 2541 3700 sumus
2575 3648 2627 3698 in
2664 3646 2768 3700 ﬁde
2799 3648 2994 3715 ipsius,
3017 3647 3158 3699 sicut
3192 3647 3420 3713 Petrus,
3468 3664 3569 3702 nec

317 3715 549 3785 similem
586 3716 634 3768 ei
666 3715 1050 3785 beatitudinem
1076 3730 1498 3785 consequemur.
1516 3714 1588 3785 _Si
1623 3731 1752 3785 ergo
1783 3724 1836 3768 et
1861 3730 1984 3776 nos,
2016 3715 2176 3768 Patre
2204 3714 2382 3785 nobis,
2407 3716 2549 3769 sicut
2576 3714 2850 3780 diximus,
2893 3717 3206 3785 revelantg,
3241 3715 3564 3785 conﬁtentes

313 3783 497 3837 .lesum
533 3799 653 3838 esse
682 3784 959 3837 Christum
993 3783 1186 3837 Filium
1225 3779 1318 3837 Dei
1354 3784 1481 3842 vivi.
1508 3782 1634 3838 facti
1659 3779 1924 3839 fuerimus
1951 3785 2142 3839 Petrus
2177 3783 2407 3852 :utique
2438 3793 2490 3837 et
2517 3785 2675 3838 nobis
2706 3779 2919 3838 dicetur
2946 3799 2976 3837 a
3015 3783 3122 3838 Deo
3147 3779 3324 3837 Verbo
3358 3803 3370 3837 :
3417 3803 3436 3836 ι
3482 3783 3560 3837 Τιι

313 3869 372 3906 es
406 3852 622 3918 Petrus,
649 3862 702 3906 et
727 3869 892 3921 super
923 3853 1064 3906 hanc
1099 3861 1304 3921 petram
1333 3854 1610 3907 aediﬁcabo
1638 3853 1935 3908 Ecclesiam
1971 3870 2168 3917 meam;
2212 3873 2231 3906 ι
2269 3861 2374 3907 etc.
2407 3853 2564 3908 Petra
2587 3865 2670 3908 est
2694 3856 2839 3907 enim
2870 3854 3049 3906 omnis
3075 3855 3168 3922 qui
3206 3853 3450 3907 imitator
3475 3865 3564 3908 est

315 3923 540 3993 Christi,
571 3938 634 3976 ex
649 3937 780 3993 _quo
808 3923 1180 3993 bibebant_qui
1216 3943 1232 3971 ι
1265 3923 1521 3993 bibebant
1551 3922 1617 3976 de
1649 3924 1878 3993 spiritali
1903 3932 2267 3992 consequente
2299 3932 2472 3992 petra.
2513 3943 2532 3975 ›
2575 3922 2638 3977 Et
2671 3939 2832 3992 super
2855 3925 3004 3976 omni
3052 3924 3363 3991 bujusmodi
3407 3933 3571 3993 petra~

318 3988 613 4046 aedificatur
639 3988 883 4047 Ecclesia
913 3989 1030 4048 Dei.
1064 3988 1121 4044 In
1150 3992 1381 4062 singulis
1404 3992 1549 4046 enim
1579 3988 1890 4062 quibusque
1925 3988 2180 4064 perfectis
2206 3988 2315 4062 qui'
2333 3993 2535 4047 habent
2571 3993 2626 4047 in
2655 4009 2712 4049 sc
2741 3988 3213 4064 congregationem
3243 3988 3562 4063 verborum,

387 4155 425 4184 ¹¹
459 4153 648 4208 Matth.
682 4170 794 4221 xw,
825 4156 908 4210 i6.
989 4158 1031 4187 ¹²
1059 4155 1253 4225 Ephes.
1283 4171 1318 4222 t,
1352 4155 1432 4208 i7.

1515 4158 1558 4188 ¹³
1584 4155 1776 4211 Matth.
1813 4174 1925 4223 xvt,
1954 4160 2038 4215 18.

2118 4161 2159 4194 ¹¹⁵
2193 4161 2212 4216 l
2241 4164 2372 4220 Cor.
2407 4181 2460 4231 χ,
2487 4163 2536 4217 4.

379 4290 723 4367 (είληέτρα
761 4294 870 4363 γὰρ
909 4295 1027 4362 πᾶς
1056 4299 1088 4349 ό
1130 4297 1382 4367 Χριστοῦ
1421 4299 1723 4367 μαθητής,
1768 4309 1872 4356 etc.

1999 4305 2283 4361 ationibus
2309 4305 2674 4361 confutandus
2703 4304 2983 4360 Graeculus
3021 4306 3157 4360 alter
3203 4322 3231 4359 a
3287 4305 3560 4362 Salmasio

309 4360 776 4442 T.lieoj"ihylaettts_:'
805 4360 958 4442 Ἔστι.
987 4360 1042 4418 δὲ
1087 4360 1198 4442 καί
1217 4360 1442 4431 ἕκαστος
1485 4360 1648 4437 ἡμῶν
1666 4360 1875 4442 ’ἐκκλη-

310 4431 416 4490 σία,
445 4428 588 4494 οἶκος
622 4433 1131 4508 Θεοῦῌγινόμενοςηι
1158 4434 1253 4490 Est
1286 4428 1462 4508 autem
1490 4428 1873 4508 etiunusquis-

307 4517 412 4570 que
457 4510 702 4555 nostrum
747 4503 1006 4563 Ecclr-Sia.
1043 4505 1268 4559 etB-ctus
1311 4507 1502 4560 domus
1559 4507 1668 4561 Dei.
1727 4503 1752 4558 ί
1796 4509 1871 4564 Ex

309 4572 410 4622 hoc
455 4572 705 4638 tirigenis
749 4573 866 4626 loco
922 4576 1202 4627 contendit
1239 4576 1496 4629 Erasmus
1528 4576 1873 4634 Christianos

306 4655 494 4713 ouines
533 4651 696 4713 petra:
712 4643 938 4713 nomine
964 4658 992 4695 a
1023 4645 1240 4698 Christo
1273 4645 1543 4713 designari
1589 4663 1602 4698 :
1643 4649 1732 4700 sed
1778 4664 1875 4701 ex-

306 4708 544 4787 ploditur
576 4723 604 4758 a
635 4708 958 4787 Bellarmino
987 4713 1104 4766 libr.
1125 4729 1147 4787 _l
1205 4708 1466 4787 Deficit.
1500 4717 1868 4787 pontif.,_cap.

307 4779 394 4848 ψ.
433 4775 798 4848 Cujusetiam
838 4783 1169 4848 argumentis
1218 4775 1542 4838 refelleudns
1593 4775 1677 4838 est
1705 4775 1872 4842 Nilus

304 4845 810 4924 Thessalonicensis
836 4845 1272 4924 archiepiscopus
1298 4852 1394 4922 (a),
1422 4870 1545 4924 cum
1589 4871 1738 4922 ριιρςε
1759 4857 1871 4924 pri-

307 4925 510 4996 malum
546 4914 628 4996 his
649 4915 828 4996 verbis
849 4914 1109 4996 abrogare
1138 4914 1315 4996 siudet
1349 4914 1378 4996 ΞΑ
1398 4923 1533 4996 Ἀλλ’
1556 4914 1869 4996 ιξᾶκξξδόμῖησε

307 4986 401 5066 μὲν
427 4983 525 5066 τῂν
542 4984 938 5066 Δἰἓῖκκλῃσίανῤ
955 4977 1219 5066 ἔρια-τος,
1244 4977 1582 5062 ᾠκοδόμησε⁸
1602 4994 1659 5044 δὲ
1702 4977 1872 5066 α’ὐιέὴν

307 5005 401 5054 μεν
427 5005 525 5054 την
579 5005 887 5055 εικκΛησιαν
911 5005 938 5038 ο
968 5005 1219 5109 Λέοιστος,
1244 5005 1556 5062 ῳκοοομησε
1602 5005 1659 5044 οε
1702 5005 1870 5066 αὐτὴν

301 5055 394 5106 ἐπὶ
541 5052 800 5134 θεολογίᾳ.
827 5055 919 5108 τοῦ
1033 5075 1184 5134 τρουΖ
1215 5061 1306 5112 καὶ
1353 5062 1442 5114 ἐπί
1488 5065 1650 5134 πᾶσιν
1690 5065 1738 5134 οἳ
1773 5066 1870 5134 τῆς

301 5123 553 5194 τοιαύτὴς
580 5123 868 5195 ὁμολογίας
901 5123 1133 5193 φύλακες
1161 5128 1392 5182 ἔσονται.
1432 5150 1449 5181 ι
1489 5133 1592 5185 Sed
1621 5123 1861 5186 aediﬁca:

302 5195 376 5245 vit
405 5195 621 5260 quidem
644 5195 936 5250 Ecclesiam
955 5195 1225 5262 Christus;
1243 5200 1526 5253 militicavit
1545 5211 1725 5255 autem
1747 5218 1866 5256 eam

301 5277 462 5336 super
491 5279 736 5336 sermone
769 5281 940 5336 quem
980 5268 1045 5318 de
1094 5266 1202 5319 Deo
1243 5267 1432 5322 Petrus
1480 5270 1770 5334 habuerat,
1815 5281 1868 5325 et

301 5334 462 5398 super
489 5334 740 5388 omnibus
769 5336 859 5402 qui
895 5334 1159 5402 ejusmodi
1209 5338 1567 5392 confessionis
1611 5340 1866 5394 custodes

299 5410 480 5464 erunt;
515 5420 546 5476 λ»
585 5403 695 5476 haec
726 5405 885 5476 enim
915 5403 1066 5458 Nilus
1103 5423 1208 5458 non
1259 5418 1314 5459 ut
1358 5407 1643 5474 allegorice
1683 5411 1823 5464 dieta
1846 5451 1862 5476 ,

298 5471 752 5548 quemadmodum
798 5473 1217 5548 Qrigene_s__loci_s
1267 5471 1533 5548 laudatis,
1583 5487 1637 5532 et
1664 5471 1863 5548 ωοχὰ

299 5539 455 5618 nobis
489 5540 768 5618 laudandis
798 5539 984 5618 (ita'ut
1022 5545 1127 5618 illic
1159 5539 1717 5618 demonstrabimus),
1768 5550 1863 5604 sed

297 5611 482 5661 stricte
505 5647 520 5671 ,
564 5618 616 5662 ct
647 5611 711 5664 ad
744 5614 961 5667 verbum
992 5615 1106 5670 vult
1147 5617 1341 5686 accipi.
1399 5615 1593 5672 Iisdem
1641 5611 1860 5688 quoque

363 5762 434 5821 iu)
463 5761 564 5812 lib.
599 5776 626 5810 ιι
653 5765 718 5812 De
737 5763 880 5826 prim.
903 5781 1061 5832 papae.

1971 4372 2156 4460 digitus
2190 4395 2202 4428 :
2233 4377 2335 4458 Σύν
2358 4375 2643 4460 τούτῳκαὶ
2664 4376 2764 4460 τὴν
2789 4375 3159 4460 τοῦηΣωτῆρος
3187 4377 3323 4460 πρὸς
3347 4378 3568 4432 ἐκεῖνον»

1978 4444 2226 4516 (Πέτρον)
2285 4444 2612 4514 ἐπαγγελίαν
2659 4444 2962 4508 καθολικῶς
3008 4444 3135 4516 περὶ
3185 4444 3402 4500 πᾶντων
3448 4450 3560 4501 τίειν

1976 4516 2378 4588 πιστευσάντων
2417 4517 2510 4568 καὶ
2541 4517 2900 4569 πιστευόντων
2929 4519 3038 4588 τοῖς
3068 4517 3231 4578 θείοις
3258 4518 3564 4588 έρμηνευίοεσ

1977 4580 2468 4670 μένηνιῖατράσιν,
2524 4589 2873 4670 στενοχωρεῖν
2919 4586 3076 4670 ὑμεῖς
3112 4588 3190 4670 εἰς
3236 4580 3403 4670 μῇην
3454 4587 3564 4656 τὴν

1985 4605 2143 4653 in:qu
2158 4605 2436 4655 ιιατρασιν
2455 4625 2468 4648 ,
2524 4605 2873 4670 στενοχωρειν
2919 4605 3076 4706 oga;
3112 4605 3190 4648 εις
3236 4605 3403 4655 μονην
3454 4605 3561 4656 την

1985 4651 2204 4726 ῘῌΡώμην
2233 4657 2326 4726 καὶ
2344 4671 2780 4726 παρερμηνευειν
2798 4673 2946 4726 παρα
2987 4654 3217 4720 ιάζεσθε.
3246 4673 3264 4705 ι
3289 4654 3561 4711 Ρῐκῑθινιῐ

2003 4675 2204 4723 τωμην
2233 4675 2326 4706 και
2344 4675 2418 4706 πα
2459 4675 2780 4725 ερμηνευειν
2798 4675 3217 4726 παραοιαςεσυε.
3246 4675 3264 4705 ί
3289 4675 3560 4711 ιἸπῑειύἱῙ

1975 4721 2279 4796 servatoris
2306 4725 2353 4778 ei
2385 4675 2585 4796 (lectro)
2618 4725 2812 4779 factam
2850 4727 3267 4796 promissionem
3295 4726 3560 4779 universe

1971 4792 2037 4863 de
2066 4794 2321 4847 omnibus
2354 4792 2446 4863 qui
2481 4792 2860 4856 crediderunt,
2886 4795 2967 4847 vel
3017 4794 3246 4847 credunt
3278 4810 3312 4846 a
3349 4797 3559 4853 sanctis

1973 4859 2226 4915 Pati-ibus
2261 4859 2560 4932 expositam
2594 4881 2609 4918 :
2643 4880 2739 4917 vos
2767 4863 2832 4914 ad
2857 4879 3026 4932 unam
3058 4863 3284 4932 Romam
3320 4865 3548 4918 restrin-

1970 4946 2117 5000 gere,
2138 4941 2189 5002 et
2216 4931 2490 5001 perperam
2525 4931 2878 5002 interpretari
2901 4932 3197 5002 conamini.
3214 4931 3362 4987 illaec
3388 4950 3563 5002 porro'

1972 4998 2134 5069 atque
2163 4998 2342 5055 itidem
2379 4998 2739 5070 sequentia—in
2784 4998 3124 5068 Origenimu:
3162 5004 3365 5057 nOSIris
3388 4998 3560 5058 “satis

1968 5073 2324 5137 pensitamus.
2360 5070 2626 5125 HUETIUS.
2656 5101 2724 5110 —
2753 5071 3018 5125 Caeterum
3055 5073 3107 5126 in
3136 5073 3325 5128 codice
3363 5073 3556 5127 Tarin.

1967 5139 2163 5209 legitur
2192 5140 2396 5212 Πέτρος
2428 5141 2556 5210 γάρ,
2592 5149 2695 5194 etc.

2037 5241 2148 5312 (9.5)
2185 5243 2281 5295 Ἐν
2305 5242 2539 5310 ἑκάστῳ
2562 5243 2672 5311 γὰρ
2695 5242 2813 5297 τῶν
2844 5245 3110 5309 τελείων,
3159 5256 3272 5300 ctcr
3317 5245 3555 5298 Ambro-

1966 5311 2081 5366 sius
2114 5311 2137 5364 z’
2159 5330 2178 5362 ι
2212 5313 2312 5376 Qui
2345 5314 2489 5366 enim
2528 5329 2748 5367 carnem
2783 5315 2972 5368 vicerit
2997 5355 3011 5376 ,
3054 5315 3310 5369 Ecclesia:
3350 5314 3556 5367 funda-

1965 5390 2212 5434 mentum
2244 5390 2347 5455 est,
2375 5393 2428 5436 et
2463 5383 2511 5437 si
2545 5384 2747 5452 aequari
2772 5381 2932 5438 Petro
2963 5399 3070 5438 non
3111 5395 3310 5455 potest,
3341 5383 3554 5440 imitari

1966 5460 2159 5517 potest.
2190 5469 2209 5503 ι
2245 5449 2508 5506 Ηυετιυε.

2043 5552 2158 5623 (26)
2201 5555 2743 5622 Συμπληρούντων.
2802 5554 2953 5610 Alius
3008 5559 3218 5624 codex,
3272 5557 3548 5632 πληρούνεσ

1961 5639 2068 5675 των
2077 5663 2090 5676 .
