4028 6296
436 348 574 405 1007

1900 334 2238 395 .ORIGENIS

3568 340 3703 399 1008

436 482 611 544 portae
641 464 798 526 inferi
834 483 940 524 non
972 464 1287 537 praevalent,
1322 462 1397 519 illi
1438 471 1746 535 qumrentes
1780 463 2005 531 intrare,

2112 476 2238 525 στος
2265 459 2366 532 μὲν
2390 459 2497 514 τῶν
2531 460 2782 534 πατέρων
2811 460 3090 533 μοχθηρᾶς
3112 459 3340 532 γνώμης
3367 450 3706 534 ἀρχιτέκτων

437 572 716 636 poterunt,
748 557 929 615 omnia
958 557 1198 612 valentes
1224 557 1280 610 in
1310 570 1377 612 eo
1407 556 1501 627 qui
1533 556 1857 612 corroborat
1895 570 2012 623 eos,

436 655 669 711 Domino
692 650 840 705 Jesu.
871 648 1048 719 Atque
1072 647 1146 703 ita
1178 647 1559 719 unusquisque
1590 664 1653 703 ex
1685 648 1754 703 iis
1776 648 1869 718 qui
1892 662 2017 717 pra-

434 762 517 800 vae
563 740 844 798 sententia!
888 746 1073 809 patres
1117 746 1278 801 sunt,
1332 737 1665 792 architectus
1714 736 1891 792 factus
1932 744 2017 791 est

432 844 606 909 portae
643 830 877 902 alicujus
922 830 1121 897 interi;
1162 828 1257 900 qui
1300 843 1432 884 vero
1472 828 1660 883 talium
1709 842 1891 883 rerum
1927 842 2017 882 ar-

433 927 653 985 chitecti
696 924 960 981 doctrinae
1009 938 1169 994 opem
1225 937 1380 977 suam
1432 931 1728 993 praestant,
1779 920 2016 977 ministri

432 1029 601 1084 sunt,
640 1028 694 1075 et
732 1017 1159 1087 dispensatores,
1204 1014 1504 1070 servientes
1551 1027 1724 1083 pravo
1775 1011 2015 1068 sermoni

432 1108 730 1182 impietatis
778 1105 1120 1161 fabricatori.
1165 1105 1235 1159 At
1263 1119 1389 1160 eum
1436 1102 1626 1158 multa)
1678 1104 1788 1158 sint
1827 1111 1881 1156 et
1923 1102 2016 1156 vix

430 1197 784 1258 numeranda:
810 1194 971 1251 inferi
1018 1201 1210 1265 portae,
1245 1193 1393 1247 nulla
1430 1191 1587 1247 inferi
1620 1199 1775 1262 porta
1810 1206 2017 1261 praeva-

429 1294 561 1350 lebit
601 1291 866 1347 adversus
908 1296 1140 1359 petram,
1183 1286 1269 1342 vel
1304 1284 1605 1341 Ecclesium
1651 1298 1817 1355 quam
1852 1297 2017 1353 super

430 1385 577 1441 illam
634 1382 885 1438 Christus
928 1378 1179 1434 aediﬁcat.
1223 1364 1713 1433 Verumtamenvi
1755 1374 2015 1450 nonnulla

427 1474 633 1546 pollent
656 1468 955 1544 hm'portm,
986 1484 1094 1540 qua
1125 1467 1391 1539 quosdam
1416 1465 1792 1536 cvomantqui
1815 1466 1883 1521 iis
1907 1480 2013 1519 non

428 1565 715 1629 resistunt,
756 1575 856 1616 nec
900 1560 1167 1616 adversus
1212 1572 1307 1613 eas
1353 1564 1635 1627 pugnant;
1685 1550 2017 1625 superantur

425 1665 609 1714 autem
641 1654 711 1709 ah
743 1653 889 1715 aliis,
924 1650 1018 1721 qui
1058 1657 1347 1721 propterea
1379 1647 1526 1718 quod
1573 1646 1642 1701 ab
1689 1660 1756 1700 eo
1795 1660 1901 1700 non
1931 1660 2016 1700 re-

427 1751 629 1806 cedunt
656 1746 750 1818 qui
780 1745 916 1801 dixit
942 1745 987 1776 ’°
1014 1761 1025 1797 :
1058 1761 1076 1795 ι
1108 1741 1222 1813 Ego
1251 1755 1373 1796 sum
1404 1739 1631 1803 ostium,
1664 1756 1684 1789 ι
1712 1752 1904 1793 omnes
1929 1737 2010 1791 in-

2116 551 2307 621 γέγονε
2370 551 2545 623 πύλης
2601 552 2749 616 τινὸς
2781 551 2942 623 ἀδουο
2991 554 3041 605 οἱ
3078 552 3136 605 δὲ
3175 554 3429 624 συνεργοὶ
3487 556 3555 625 τῇ
3608 554 3704 608 τοῦ

2116 640 2495 715 ἀρχιτέκτονος
2550 642 2658 696 τῶν
2705 642 2962 697 τοιούτων
3020 642 3371 715 διδασκαλίᾳ,
3442 644 3705 715 ὑπουργοί

2114 751 2260 798 τινες
2327 734 2425 787 καὶ
2485 733 2759 805 οἰκονόμοι
2824 733 3169 800 δουλεύοντες
3239 737 3500 809 μοχθηρῷ
3552 740 3704 811 ἀρχι-

2116 823 2415 894 τεκτονικῷ
2469 823 2727 887 ἀσεϐείας
2790 823 2953 896 λόγῳ.
3023 824 3243 880 Πολλῶν
3301 826 3359 880 δὲ
3392 827 3488 882 καὶ
3545 828 3706 883 δυσα-

2119 914 2396 987 ριθμήτων
2457 914 2633 970 οὐσῶν
2680 916 2788 969 τῶν
2847 915 2976 988 ᾅδου
3027 915 3255 982 πυλῶν,
3286 917 3512 989 οὐδεμία
3564 918 3703 992 πύλη

2118 1008 2243 1081 ᾅδου
2288 1007 2606 1079 κατισχύσει
2644 1006 2746 1079 τῆς
2787 1008 3016 1080 πέτρας,
3061 1008 3095 1080 ἢ
3145 1008 3477 1081 Ἑκκλησίας
3508 1012 3578 1082 ἢν
3617 1014 3705 1067 ἐπ’

2117 1104 2253 1175 αὐτῇ
2286 1103 2522 1174 Χριστὸς
2545 1102 2836 1174 οἰκοδομεῖ.
2869 1101 3017 1173 Πλὴν
3044 1101 3229 1172 ἔχουσί
3252 1120 3376 1157 τινα
3417 1104 3573 1175 ἰσχὺν
3611 1100 3703 1161 αὖ·
3794 1140 3799 1143 -

2114 1213 2207 1250 ται
2246 1196 2300 1247 αί
2342 1194 2532 1259 πύλαι,
2567 1194 2662 1264 ἀφ’
2707 1189 2777 1267 ἦς
2821 1211 2982 1247 τινων
3031 1193 3130 1265 μὲν
3173 1193 3437 1264 κρατοῦσι
3467 1194 3577 1249 τῶν
3629 1196 3702 1268 μὴ

2117 1286 2528 1341 ἀντιτεινόντων
2551 1285 3188 1356 καὶάνταγωνιζομένων
3212 1285 3352 1357 πρὸς
3376 1286 3547 1350 αὑτάς
3566 1304 3581 1317 ⁸
3615 1288 3703 1357 ὑφ’

2117 1382 2320 1454 ἑτέρων
2348 1381 2407 1435 δὲ
2444 1380 2723 1444 νικῶνται,
2761 1379 2868 1433 τῶν
2903 1379 2991 1433 διὰ
3030 1380 3093 1433 τὸ
3124 1379 3198 1450 μὴ
3234 1380 3568 1449 ἀφίστασθαι
3609 1377 3703 1436 τοῦ

2118 1472 2398 1537 εἰπόντος’
2454 1490 2473 1523 σ
2524 1470 2667 1542 Ἐγώ
2714 1473 2828 1544 είμι
2867 1474 2901 1544 ὴ
2936 1470 3095 1543 θύρα,
3139 1490 3157 1523 ι
3199 1472 3381 1536 πάσας
3426 1472 3528 1537 τὰς
3579 1474 3704 1546 ᾅδου

2118 1565 2292 1629 πύλας
2318 1564 2656 1618 καθελόντων
2679 1564 2791 1618 ἀπὸ
2818 1565 2917 1636 τῆς
2945 1563 3155 1618 ἑαυτῶν
3180 1564 3379 1636 ψυχῆς.
3408 1567 3520 1619 Kal
3545 1566 3704 1620 τοῦτο

2115 1654 2172 1709 δὲ
2206 1653 2311 1726 χρὴ
2340 1651 2911 1724 είδὲναι,ὅτι,ῖῶσπερ
2937 1654 2994 1706 αί
3026 1653 3235 1707 πόλεων
3268 1654 3432 1708 πύλαι
3465 1655 3705 1726 ὀνόματα

2118 1746 2330 1818 ἔχουσιν
2368 1745 2573 1816 ἑκάστη
2601 1747 2778 1799 οἰκεῖα
2794 1785 2809 1810 ,
2836 1745 2928 1799 τὸν
2956 1745 3120 1799 αὑτὸν
3147 1744 3347 1816 τρόπον
3372 1748 3430 1799 αἱ
3453 1747 3551 1801 τοῦ
3578 1748 3703 1819 ᾅδου

426 1841 529 1898 feri
553 1849 742 1912 portas
766 1853 832 1893 ex
858 1835 1042 1891 anima
1079 1849 1179 1889 sua
1209 1832 1590 1887 deturbarunt.
1613 1829 1793 1899 Atque
1818 1828 1872 1883 id
1890 1827 2008 1899 qui

2118 1837 2284 1892 πύλαι
2313 1836 2665 1908 όνομασθεῖεν
2692 1835 2759 1892 ἂν
2795 1835 2939 1890 κατά
2975 1836 3045 1890 τὰ
3076 1836 3189 1909 εἴδη
3219 1837 3330 1891 τῶν
3372 1839 3705 1912 ἁμαρτημά-

425 1937 551 1992 ιιεηι
596 1931 876 1990 sciendum
916 1935 1021 1995 est,
1062 1924 1524 1997 quemadmodum
1575 1922 1793 1977 urbium
1842 1929 2013 1993 portae

2116 1945 2246 1993 των,
2279 1928 2356 1991 ὼς
2384 1926 2511 1997 μίαν
2544 1927 2644 1999 μὲν
2667 1927 3029 1997 ὀνομάζεσθαι
3065 1926 3241 1999 πύλην
3267 1928 3395 2001 ᾅδου
3421 1932 3702 2003 πορνείαν,

424 2026 654 2098 singulae
685 2021 903 2095 propria
941 2019 1145 2074 habent
1178 2014 1432 2080 nomina,
1467 2014 1656 2070 eodem
1692 2012 1854 2067 modo
1881 2026 2008 2082 por-

2112 2019 2182 2073 δι’
2223 2015 2292 2092 ἦς
2319 2018 2591 2073 ὁδεύουσιν
2622 2019 2685 2086 ⁵οί
2717 2018 3094 2090 πορνεύοντες·
3132 2019 3325 2091 ἑτέραν
3350 2021 3419 2083 δὲ,
3438 2023 3698 2096 ἄρνησιν,

423 2120 495 2175 tis
521 2116 680 2173 inferi
712 2129 817 2186 pro
847 2111 1013 2167 variis
1041 2117 1395 2181 peccatOrum
1422 2106 1617 2163 formis
1651 2106 1874 2162 nomina
1899 2106 2005 2162 im-

2112 2109 2176 2164 δι’
2204 2104 2272 2181 ἦς
2294 2108 2603 2181 ἀρνησίθεοι
2621 2110 2705 2173 ἐίς
2728 2109 2855 2180 ᾅδου
2885 2109 3325 2165 καταϐαίνουσιν.
3356 2112 3495 2184 Ἤδη
3519 2114 3579 2166 δὲ
3605 2114 3702 2170 καὶ

422 2210 553 2284 poni
585 2224 784 2281 posse;
818 2206 891 2262 ita
926 2213 986 2260 ut
1031 2217 1141 2259 una
1177 2201 1335 2258 inferi
1383 2208 1542 2272 porta
1580 2199 1873 2255 fornicatio
1910 2215 2007 2271 ap-

2112 2200 2342 2264 ἑκαστος
2369 2198 2478 2253 τῶν
2505 2198 2827 2270 ἑτεροδόξων
2863 2198 2996 2272 (37),
3043 2202 3135 2255 καὶ
3166 2203 3544 2274 γεννησάντων
3568 2205 3702 2276 ψευ-

423 2302 674 2375 pelletur,
709 2314 807 2369 per
842 2311 1008 2367 quam
1056 2296 1162 2351 iter
1197 2292 1406 2349 faciunt
1443 2291 1609 2363 523
1640 2301 2005 2359 scortatores;

2113 2291 2357 2363 δὼνυμόν
2381 2308 2506 2346 τινα
2531 2290 2752 2360 γνῶσιν,
2777 2290 3128 2364 ᾠκοδόμησεν
3153 2294 3281 2365 ᾅδου
3307 2294 3501 2366 πύλην,
3533 2297 3705 2370 ἀλλην

423 2395 593 2450 altera
625 2401 807 2447 autem
852 2386 1139 2454 inliciatio,
1185 2401 1283 2456 per
1325 2400 1492 2456 quam
1542 2384 1597 2437 in
1649 2382 1884 2438 inferum
1916 2382 2008 2437 de-

2121 2382 2219 2453 μὲν
2242 2381 2528 2454 Μαρκίων,
2558 2381 2653 2435 καλ⁹
2684 2381 2974 2454 Βασιλίδης
3004 2382 3191 2456 ἀλλην,
3223 2387 3319 2440 καὶ
3348 2385 3703 2454 Οὐαλεντῦος

422 2485 715 2551 scendunt,
748 2482 843 2554 qui
874 2480 1046 2536 Deum
1078 2478 1414 2534 inticiantur.
1440 2474 1561 2553 Iam
1589 2490 1718 2530 vero
1745 2484 1798 2529 et
1832 2489 2013 2530 unus-
2118 2474 2308 2546 ἀλλην.

421 2577 660 2649 quisque
723 2571 941 2626 illorum
981 2568 1075 2638 qui
1118 2566 1355 2621 diversis
1416 2566 1485 2619 ab
1544 2563 1786 2619 Ecclesia
1830 2561 2183 2633 Opinionihus
2232 2562 2510 2618 adhzerent
2554 2570 2611 2619 ct
2653 2564 2893 2634 aliquam
2951 2563 3363 2624 falsi‘nominis
3411 2572 3703 2630 scientiam

420 2676 729 2744 genuerunt
767 2666 839 2728 ”,
880 2670 1093 2735 portam
1136 2658 1295 2716 inferi
1331 2659 1639 2723 aediﬁcavit,
1674 2658 1838 2712 aliam
1883 2656 2105 2726 quidem
2138 2654 2402 2722 Marcion,
2429 2656 2912 2722 Basilides'atiam,
2937 2667 2992 2715 et
3024 2660 3188 2715 aliam
3214 2658 3559 2721 Valentinus.

493 2766 584 2823 l5.
626 2762 728 2819 Hic
775 2761 943 2833 igitur
987 2768 1158 2829 porta:
1210 2754 1510 2811 inferorum
1559 2754 1719 2809 dictae
1753 2760 1900 2808 sunt.
1950 2750 2007 2806 ln

2200 2750 2465 2805 Ἐνταῦθα
2502 2752 2601 2823 μὲν
2621 2747 2713 2806 οὖν
2745 2752 2908 2807 πύλαι
2942 2752 3067 2824 ᾅδου
3094 2754 3370 2826 εἴρηνται’
3405 2757 3465 2811 ἑν
3495 2758 3555 2812 δὲ
3591 2760 3701 2824 τοῖς

424 2858 659 2917 Psalmis
688 2868 822 2910 vero
851 2850 1054 2922 gratias
1078 2847 1189 2920 agit
1224 2845 1493 2916 Propheta
1523 2846 1714 2901 dicens
1738 2845 1784 2877 ³⁸
1808 2861 1820 2897 :
1852 2864 1873 2896 ί
1903 2842 2008 2909 Qui

2112 2843 2359 2914 Ψαλμοῖς
2391 2846 2420 2897 ὁ
2455 2844 2751 2916 Προφήτης
2782 2843 2899 2917 (58)
2950 2844 3265 2918 εὐχαριστεῖ
3295 2847 3502 2917 λέγων·
3546 2869 3567 2902 ι
3644 2850 3706 2903 ὐ

422 2950 637 3007 exaltas
672 2960 760 3001 me
799 2942 867 2998 de
902 2938 1078 3012 portis
1122 2936 1336 3001 mortis,
1373 2943 1433 2990 ut
1457 2935 1777 2991 annuntiem
1816 2946 2008 2987 omnes

2113 2934 2263 3003 ύψῶν
2296 2952 2362 3005 με
2393 2936 2459 2988 ὲκ
2497 2934 2606 2990 τῶν
2634 2933 2817 2988 πυλῶν
2847 2934 2943 2989 τοῦ
2970 2936 3221 3001 θανάτου,
3256 2938 3407 3001 ὅπως
3444 2938 3511 2992 ἂν
3538 2941 3702 3010 ἑξαγ-

425 3038 771 3096 laudationes
804 3043 927 3089 tuas
954 3034 1007 3085 in
1036 3028 1210 3101 portis
1237 3027 1361 3081 tilia:
1382 3024 1537 3081 Sion.
1562 3044 1584 3077 ι
1611 3025 1789 3094 Atque
1812 3038 1878 3078 ex
1905 3024 2008 3078 hoc

2112 3026 2275 3095 γείλω
2300 3027 2480 3090 πάσας
2506 3025 2604 3090 τὰς
2631 3026 2867 3090 αἱνὲσεις
2902 3041 2995 3079 σου
3028 3029 3084 3080 ὲν
3108 3031 3231 3092 ταῖς
3255 3028 3453 3093 πύλαις
3477 3030 3581 3100 τῆς
3605 3030 3701 3085 θυ-

421 3133 548 3188 loco
597 3125 864 3184 discimus
914 3120 1032 3178 fieri
1085 3133 1363 3188 nunquam
1416 3131 1597 3188 posse,
1646 3124 1706 3172 ut
1751 3114 1846 3184 qui
1896 3130 2006 3169 non

2112 3116 2311 3189 γατρὸς
2344 3116 2503 3172 Σιών.
2553 3137 2571 3169 ι
2621 3119 2730 3171 Καὶ
2765 3119 2830 3172 ἑκ
2867 3117 3060 3173 τούτου
3089 3119 3151 3173 δὲ
3194 3119 3563 3191 μανθάνομεν,
3609 3121 3697 3176 ὅτι

421 3223 695 3281 exaltatus
730 3215 895 3271 fuerit
920 3212 989 3268 de
1021 3210 1192 3282 portis
1220 3208 1437 3273 mortis,
1464 3216 1519 3263 et
1549 3206 1616 3261 ad
1644 3214 1831 3277 partas
1872 3204 2004 3259 Sion

2114 3208 2325 3279 μήποτε
2353 3207 2452 3279 οὐχ
2479 3204 2591 3263 οἷόν
2628 3225 2688 3260 τε
2730 3209 2876 3262 ἐστὶν
2905 3210 3088 3273 πάσας
3127 3209 3412 3282 δυνηθῆναι
3444 3209 3700 3280 ἑξαγγεῖο

424 3329 535 3370 non
573 3308 900 3384 pervenerit,
925 3317 1117 3359 omnes
1151 3299 1492 3356 laudationes
1539 3297 1634 3354 Dei
1676 3297 2005 3352 annuntiare

423 3407 614 3480 possit.
657 3400 838 3457 Portae
867 3406 1049 3453 autem
1098 3392 1235 3449 Sion
1274 3392 1561 3448 contrariae
1601 3391 1773 3461 portis
1812 3390 2004 3446 mortis

312 3500 319 3509 '
422 3481 649 3565 intelligi
680 3490 912 3564 possint,
946 3486 1082 3543 adeo
1128 3493 1187 3539 ut
1231 3492 1387 3554 porta
1416 3482 1610 3537 mortis
1649 3483 1722 3538 sit
1755 3481 2001 3549 luxuria;

421 3600 580 3661 porta
609 3592 793 3640 autem
823 3578 956 3635 Sion
996 3574 1255 3642 castitas;
1287 3574 1482 3629 mortis
1515 3572 1665 3641 item,
1698 3571 1999 3643 injustitia;

424 3679 557 3735 Sion
587 3689 718 3732 vero
741 3671 975 3745 iustitia,
1002 3683 1168 3741 quam
1196 3666 1494 3723 ostendens
1521 3664 1794 3736 Propheta
1822 3664 1896 3718 ait
1914 3663 1955 3695 ³³
1985 3680 1999 3716 :

427 3791 446 3825 ς
483 3769 610 3826 llaec
652 3774 809 3839 porta
841 3762 1091 3827 Domini,
1130 3759 1265 3831 juSti
1314 3758 1596 3813 intrabunt
1640 3759 1695 3812 in
1728 3773 1872 3825 eam;
1904 3776 1922 3810 ›
1950 3768 2004 3813 et

424 3875 641 3917 rursum
675 3856 868 3913 mortis
905 3861 1085 3925 porta,
1122 3853 1193 3907 sit
1223 3849 1519 3916 timiditas;
1558 3847 1820 3902 fortitudo
1850 3862 1999 3914 vero,

428 3952 558 4010 Sion
599 3970 615 4008 :
666 3946 1062 4020 imprudentia,
1113 3942 1335 4010 mortis;
1368 3941 1645 3998 contraria
1691 3949 1872 3995 autem
1925 3940 2001 3995 illi

423 4044 718 4117 sapientia,
770 4041 925 4097 Sion.
968 4037 1238 4094 Omnibus
1282 4043 1465 4090 autem
1532 4032 1704 4104 portis
1757 4031 2001 4088 scientiae

423 4137 619 4193 falsum
649 4147 848 4189 nomen
886 4128 1124 4204 gerentis
1151 4142 1260 4183 una
1290 4124 1567 4183 contraria
1595 4132 1681 4180 est
1723 4132 1883 4194 porta
1908 4138 1999 4179 ve-

2108 3297 2198 3352 λαι
2224 3297 2323 3362 τὰς
2357 3299 2591 3364 αἰνέσεις
2615 3299 2739 3354 τινὰ
2772 3301 2868 3356 τοῦ
2894 3301 3051 3365 Θεοῦ,
3086 3302 3160 3375 μὴ
3188 3302 3467 3373 ύύωθέντα
3497 3306 3563 3358 ἑκ
3585 3305 3702 3359 τῶν

2110 3389 2295 3444 πυλῶν
2318 3390 2413 3444 τοῦ
2450 3391 2700 3456 θανάτου,
2730 3393 2823 3446 καὶ
2852 3394 3142 3464 γενόμενον
3172 3393 3322 3467 παρὰ
3353 3398 3474 3459 ταῖς
3503 3395 3701 3460 πύλαις

2110 3479 2267 3535 Σιών.
2309 3481 2482 3537 Πύλαι
2508 3484 2566 3537 δὲ
2598 3483 2736 3538 Σιὼν
2764 3486 3026 3550 ἑναντίως
3050 3487 3297 3558 ,νοηθεῖεν
3331 3489 3453 3552 ταῖς
3495 3487 3694 3551 πύλαις

2106 3574 2201 3628 τοῦ
2236 3574 2489 3641 θανάτου,
2524 3575 2600 3638 ὡς
2641 3574 2779 3631 εἶναι
2823 3578 2999 3650 πύλην
3042 3580 3140 3651 μὲν
3173 3579 3403 3634 θανάτου
3435 3580 3534 3651 τὴν
3567 3582 3697 3636 ἀκο-

2108 3668 2321 3733 λασίαν,
2356 3669 2531 3742 πύλην
2571 3670 2627 3723 δὲ
2673 3670 2813 3725 Σιὼν
2857 3672 2960 3742 τὴν
3012 3666 3383 3742 σωφροσύνηνό
3427 3673 3522 3725 καὶ
3553 3672 3695 3727 οὕτω

2109 3758 2339 3814 θανάτου
2382 3761 2480 3832 μὲν
2515 3761 2615 3834 τὴν
2647 3761 2882 3828 ἀδικίαν,
2914 3762 3051 3816 Σιὼν
3088 3763 3145 3816 δὲ
3186 3763 3285 3835 τὴν
3323 3763 3695 3835 δικαιοσύνην,

2108 3850 2299 3920 ἥντινα
2320 3853 2536 3917 δεικνὺς
2563 3856 2592 3907 ό
2613 3856 2897 3926 προφήτης
2920 3854 3103 3925 φησιν·
3140 3873 3157 3905 ι
3188 3853 3336 3925 Αὕτη
3364 3857 3397 3924 ἡ
3428 3854 3572 3924 πύλη
3596 3854 3690 3908 τοῦ

2109 3947 2339 4021 Κυρίου,
2378 3948 2578 4003 δίκαιοι
2619 3949 3013 4004 εἰσελεύσονται
3048 3952 3107 4005 ἑν
3136 3951 3306 4022 αὐτῇ·
3344 3971 3362 4003 ι
3394 3953 3489 4005 καὶ
3528 3952 3693 4007 πάλιν

2105 4037 2204 4108 τὴν
2246 4039 2343 4109 μὲν
2391 4039 2612 4107 δειλίαν,
2641 4041 2869 4097 θανάτου
2904 4042 3110 4114 πύλην⁶
3160 4041 3260 4113 τὴν
3303 4042 3360 4096 δὲ
3414 4043 3693 4115 ἀνδρείαν,

2106 4130 2244 4185 Σιών
2266 4148 2282 4162 ·
2315 4133 2408 4186 καὶ
2442 4133 2754 4206 ἀφροσύνην
2801 4135 2899 4206 μὲν
2941 4134 3194 4200 θανάτου,
3226 4136 3325 4207 τὴν
3352 4135 3410 4189 δὲ
3439 4136 3692 4193 ἐναντίαν

1623 4241 1858 4300 VETUS
1897 4241 1963 4296 ΙΝ
1971 4242 2482 4304 TERPRETATIO.

421 4371 690 4430 scendunt
710 4370 764 4425 in
799 4367 1022 4445 inferos.
1050 4364 1238 4445 Ter_ti_a_
1259 4362 1532 4445 cupiditas
1562 4363 1944 4445 pecuniarum,
1973 4378 2071 4445 per
2103 4381 2268 4445 quam
2306 4368 2491 4445 cupidi
2538 4370 2896 4439 pecuniarum
2938 4370 3231 4445 incedunt,
3275 4369 3551 4445 no_n_Deo,
3577 4370 3685 4445 sed

426 4455 754 4514 mammona:
786 4439 1106 4494 servientes.
1138 4434 1539 4514 adhueautem
1565 4441 1620 4488 et
1644 4434 2028 4514 unusquisque
2055 4434 2863 4514 haéresiarcharum:auctorum
2892 4441 2985 4511 qui
3012 4434 3249 4514 aliquam
3286 4434 3683 4514 falsinominis

422 4513 704 4585 scien_t_ia_m
736 4516 1065 4585 genuerunt.
1090 4502 1380 4585 aediﬁcavit
1408 4503 1658 4585 aliquam.
1679 4501 1838 4585 inferi
1866 4501 2105 4585 portam.
2134 4506 2200 4561 Et
2232 4508 2396 4562 aliam
2430 4509 2651 4579 quidem
2686 4501 2928 4565 Marcion
2954 4519 3006 4585 et
3041 4501 3307 4585 Basilides
3335 4511 3547 4585 :_aliam
3583 4526 3685 4585 au-

419 4593 530 4640 tem
567 4572 892 4650 Valcnlinus
922 4584 1027 4650 :Aet
1056 4576 1137 4631 sic
1166 4573 1368 4644 singuli
1398 4582 1581 4642 patres
1615 4572 2304 4650 singulorumdogmatum
2324 4572 2741 4650 upefversorum
2765 4622 2780 4647 ,
2814 4581 2974 4650 quasi
3025 4580 3311 4637 architecti
3363 4580 3687 4650 impietatis.

424 4664 606 4718 portas
640 4651 854 4724 aliquas
880 4647 1749 4724 inferorumconstruxerunt;‘et
1778 4644 1933 4724 multi
1957 4644 2164 4700 intrant
2198 4662 2295 4717 per
2322 4644 2570 4724 illasuqui
2593 4644 2900 4719 sequuntur
2930 4651 3186 4724 dogmata
3210 4644 3585 4724 perversi-tatis
3614 4650 3683 4704 il—

425 4712 621 4777 lorum.
648 4712 784 4776 Cum
812 4720 1070 4794 sintergo
1101 4714 1250 4794 mille
1263 4722 1323 4794 _et
1347 4713 1777 4794 innumerabiles
1803 4712 2103 4794 inferorum
2128 4712 2330 4794 poi-tre,
2362 4712 2749 4794 nulla-earum
2778 4712 3037 4794 praevalet
3068 4712 3259 4777 contra
3289 4735 3415 4776 eum
3453 4721 3555 4794 qui
3588 4727 3684 4794 aut

426 4801 576 4861 petra
603 4799 707 4854 est,
738 4799 834 4844 aut
857 4782 1120 4861 aedificata
1153 4783 1394 4861 Ecclesia
1419 4799 1586 4861 super
1617 4791 1849 4853 petram.
1879 4782 2084 4861 Tamen
2115 4782 2435 4861 portavistaa
2472 4789 2712 4860 aliquam
2736 4782 2938 4845 habent
2964 4791 3221 4846 virtutem
3244 4832 3260 4857 ,
3296 4782 3558 4861 quoniam
3588 4791 3688 4861 ad_~

426 4854 619 4914 versus
654 4861 864 4930 aliquos
902 4859 1124 4929 quidem
1153 4854 1465 4930 praevalent,
1495 4854 1588 4930 qui
1623 4870 1683 4909 se
1714 4868 1821 4930 non
1854 4854 2154 4930 extendunt
2174 4858 2435 4930 adversus
2464 4854 2598 4925 eas',
2646 4874 2825 4930 neque
2851 4875 3121 4916 conantur
3151 4854 3413 4915 resistere
3453 4860 3571 4926 eis;
3602 4859 3685 4930 ab

426 4930 548 5000 aliis
572 4924 760 4983 autem
782 4924 1095 5000 vincuntur,
1126 4924 1219 4996 qui
1252 4939 1361 4979 non
1393 4925 1652 4980 recedunt
1681 4924 1751 4979 ab
1778 4938 1844 4980 eo
1866 4925 1962 4995 qui
1991 4925 2133 4980 dixit
2159 4946 2173 4983 :
2210 4946 2230 4980 ι
2262 4926 2376 5000 Ego
2409 4943 2529 4986 sum
2551 4924 2753 5000 janua;
2779 4948 2797 4983 ι
2826 4939 2882 4987 et
2907 4931 3030 4986 ideo
3052 4931 3345 4987 destruunt
3376 4924 3571 4987 omnes
3597 4929 3680 4983 in-

427 4999 668 5067 ferorum
692 5005 874 5067 portas
904 4998 972 5051 ab
995 4998 1176 5050 anima
1211 5010 1330 5049 sua.

496 5069 588 5141 15,
621 5063 832 5141 Εῐιιοη
852 5067 1037 5141 solum
1070 5066 1156 5120 hic
1184 5073 1355 5141 porta:
1390 5063 1687 5141 inferorum
1712 5067 2056 5141 appellantur
2082 5077 2331 5141 peccata,
2360 5069 2455 5125 sed
2487 5069 2652 5141 etiam
2689 5069 2958 5140 Propheta
2988 5071 3195 5141 gratias
3244 5084 3412 5139 agens
3450 5067 3562 5141 Deo
3587 5066 3683 5138 qui

427 5140 680 5211 sublevat
714 5136 947 5192 humiles
977 5134 1043 5211 de
1074 5136 1246 5211 portis
1277 5136 1467 5211 mortis
1500 5135 1759 5211 deorsum
1786 5134 2239 5211 consistent-ibus,
2282 5140 2456 5211 dicit:
2489 5158 2507 5191 ι
2537 5139 2643 5211 Qui
2674 5134 2883 5196 exalias
2908 5134 3018 5211 ίιιιᾷ
3063 5140 3131 5195 de
3165 5134 3338 5211 portis
3372 5139 3588 5211 mortis,
3603 5134 3684 5191 'ut

430 5210 745 5265 annnntiem
784 5221 976 5280 omnes
1006 5204 1194 5280 laudes
1222 5214 1347 5280 tuas
1386 5206 1438 5258 in
1469 5206 1637 5280 portis
1670 5204 1793 5280 lilia:
1820 5205 1973 5280 Sion.
2007 5226 2026 5259 ι
2076 5207 2155 5280 Ex
2184 5208 2305 5280 hoc
2322 5210 2468 5264 enim
2502 5204 2780 5280 discimus
2826 5210 2957 5280 quia
2990 5210 3130 5265 forte
3160 5204 3422 5280 possibile
3457 5213 3688 5280 nonest

420 5280 661 5352 aliquem
697 5293 889 5335 omnes
917 5278 1106 5332 laudes
1142 5274 1236 5330 Dei
1267 5278 1618 5340 annuntiare,
1648 5277 1756 5329 nisi
1784 5278 2058 5333 exaltatus
2084 5277 2250 5334 fuerit
2274 5278 2343 5333 de
2370 5279 2543 5349 portis
2572 5280 2786 5345 mortis,
2818 5274 2871 5336 e't
2902 5279 3082 5336 factus
3114 5274 3280 5336 tuerit
3322 5281 3377 5334 in
3427 5277 3686 5333 omnibus

508 5421 557 5454 “
594 5422 750 5477 Joan.
782 5437 836 5488 x,
871 5419 922 5485 7,
959 5418 1014 5474 9.
1105 5417 1149 5447 "
1189 5415 1208 5469 ι
1242 5415 1383 5470 Tim.
1419 5431 1495 5483 vl,
1524 5415 1615 5471 20.

493 5561 605 5644 φῖ)
640 5559 782 5642 wn
805 5559 884 5641 ,δὲ
906 5559 1012 5644 βίαι
1043 5558 1301 5644 ἐκράτεε
1326 5554 1451 5644 si?
1478 5530 1991 5644 έτρρρδιὲξωνήειξιέ

367 5678 371 5683 .
427 5624 779 5710 Epiphanius
804 5631 1140 5710 ἰιιηΑηεορτιιἶ
1169 5624 1816 5710 ea!);rThe0phylactu_s;
1852 5624 1989 5706 Gre-

442 5696 817 5825 ;loriusvhlagn.
846 5697 1084 5768 Exposit.
1122 5700 1185 5751 iu’
1208 5696 1360 5752 Ρειί.
1390 5696 1596 5764 pauit;
1637 5696 1983 5766 Euthymius.

442 5791 444 5797 ν
476 5782 598 5824 om
639 5783 685 5822 s.

1715 5416 1759 5447 ⁸⁸
1797 5414 1945 5473 Psal.
1979 5434 2056 5485 rx,
2085 5418 2172 5474 15.
2265 5415 2480 5475 “Psal.
2516 5434 2688 5485 cxvn,
2717 5419 2808 5477 20.

2172 5556 2286 5630 (58)
2332 5559 2427 5615 Ἑν
2470 5561 2540 5614 δὲ
2592 5561 2717 5628 τοῖς
2774 5558 3041 5629 Ψαλμοῖς
3101 5562 3136 5614 ό
3185 5558 3679 5630 Προφήτηςησιῑο.

2097 5625 2421 5700 Ambrosius
2467 5631 2560 5686 lih.
2589 5625 2841 5700 Der—bono
2888 5625 3095 5700 mortis,
3149 5625 3271 5700 cap.
3304 5625 3393 5696 Β,
3429 5637 3484 5682 et
3524 5625 3678 5682 Cam-

2098 5707 2257 5752 menl.
2284 5701 2338 5754 iu
2368 5699 2497 5755 Luc.
2534 5716 2620 5765 Ix;
2659 5699 3119 5771 Theophylactus.
3156 5699 3229 5755 In.
