4028 6296
281 407 421 462 llll'l

1214 408 1568 467 COMMENT.
1612 407 1679 463 lN
1721 409 2150 468 ΜΑΤΪΙΙᾹΞΗΜ
2192 413 2433 471 TOMUS
2471 413 2586 473 XII.

3412 430 3546 487 l0l8

270 522 365 579 τοῦ
393 522 532 578 Θεοῦ
556 522 689 595 (47).
712 544 730 574 ι
761 522 956 577 ’ἰστέον
988 522 1192 595 μέντοι,
1214 527 1297 594 ὅτι
1321 526 1444 581 τινὰ
1469 526 1577 581 τῶν
1601 528 1855 599 ἀντιγρά-

1964 530 2488 588 dicitiS?Cln-istum
2537 532 2651 592 Dei.
2689 555 2706 585 ι
2774 536 3066 597 Sciendum
3118 558 3247 600 vero
3289 550 3537 615 quaedam

268 632 386 685 φων
423 614 520 668 τοῦ
568 613 708 669 κατὰ
738 614 1016 687 Ματθαῖον
1062 615 1175 686 ἔχει
1220 618 1305 682 τὸ,
1348 635 1367 669 ‹
1414 617 1767 689 ἐπετίμησεν.
1833 635 1851 668 ι

281 705 348 759 Ἡ
378 703 478 775 μὲν
506 698 600 757 οὗν
624 702 968 775 ἐπαπόρησις
1000 703 1147 757 δοκεῖ
1183 721 1274 774 μοι
1306 699 1448 760 εἶναι
1476 703 1855 775 γενναιοτάτη·

267 795 422 859 λύσις
450 796 495 848 δ’
528 794 705 868 ἀὐτῆς
734 794 1129 865 ἀναντίρρητος
1167 793 1476 868 ζητηθήτω,
1509 796 1576 868 ἢν
1621 796 1652 849 ό
1699 795 1853 867 εὑρί-

268 900 435 947 σκων,
461 862 557 936 ἐὰν
645 862 1142 954 πιστικωτέραττῶν
1159 862 1250 952 6'9"
1274 862 1432 957 ημιῖιν
1442 862 1857 959 λείθησομὲνων

263 973 340 1038 ὡς
385 972 755 1044 ὑπομετρίων,
796 974 877 1037 είς
920 973 1085 1045 μέσον
1126 975 1360 1045 φερέτω.
1395 976 1640 1047 Πρόσχες
1680 970 1776 1029 οὖν
1808 978 1858 1029 εἰ

264 1065 493 1123 δύνασαι
532 1064 735 1134 λέγειν,
764 1066 849 1144 ὅτι
876 1066 936 1119 τὸ
970 1065 1338 1133 πιστεύεσθαι·
1363 1066 1570 1138 Ἰησοῦν
1605 1062 1746 1121 εἶναι
1765 1068 1858 1123 τὸν

263 1154 524 1227 Χριστὸν,
556 1152 776 1207 ἔλαττόν
802 1155 921 1207 ἐστι
956 1152 1050 1207 τοῦ
1076 1154 1442 1223 γινώσκεσθαι
1467 1156 1531 1209 τὸ
1565 1173 1859 1210 πεπιστευ-

268 1245 455 1316 μένονο
488 1248 632 1318 τάχα
658 1247 715 1300 δὲ
739 1244 948 1300 καὶτοῦ
969 1244 1334 1316 γινώσκεσθαι
1373 1247 1580 1318 Ἰησοῦν
1608 1244 1746 1302 εἶναι
1767 1247 1857 1302 τὸν

262 1339 507 1410 Χριστὸν
546 1337 783 1410 διαφορά
823 1338 993 1402 ἐστιν,
1036 1337 1098 1390 οὐ
1124 1338 1325 1403 παντὸς
1365 1338 1458 1392 τοῦ
1496 1338 1858 1409 γινώσκοντος

262 1431 469 1501 ἐμοίως
498 1429 660 1483 αὐτὸν
695 1427 1076 1498 γινώσκοντος.
1108 1429 1230 1482 ’Ότι
1263 1430 1361 1501 μὲν
1390 1426 1484 1484 οὗν
1511 1430 1575 1508 το
1604 1430 1859 1511 πιστειξετ

263 1520 393 1575 σθαι
433 1522 602 1593 χωρὶς
632 1519 888 1589 γνώσεως
919 1518 1141 1585 ἔλαττόν
1182 1521 1301 1584 ἐστι
1335 1520 1432 1597 τοῦ
1464 1520 1853 1592 γινώσκεσθαι,

259 1611 423 1683 δῆλον
456 1613 522 1664 ἐκ
547 1610 643 1664 τοῦ
685 1610 839 1677 κατὰΔ
862 1610 1119 1683 Ἰωάννην
1139 1627 1152 1641 ·
1206 1630 1226 1663 ι
1278 1610 1403 1665 Ἐὰν
1445 1611 1669 1684 μείνητε
1697 1614 1755 1665 ἐν
1778 1610 1857 1682 τῷ

263 1702 411 1773 λόγῳ
436 1700 515 1773 τῷ
544 1700 682 1773 ἐμῷ,
711 1699 988 1771 γνώσεσθε
1011 1700 1111 1773 τὴν
1133 1700 1414 1774 ἀλήθειαν,
1438 1702 1533 1756 καὶ
1562 1703 1596 1773 ἡ
1627 1701 1857 1773 ἀλήθεια

260 1790 625 1863 ἐλευθερώσει
676 1792 844 1864 ῦμᾶςῖ
904 1809 922 1844 ι
975 1792 1056 1846 ὃτι
1098 1793 1157 1846 δὲ
1210 1791 1438 1846 καὶτοῦ
1490 1791 1855 1863 γινώσκεσθαι

1961 622 2294 692 exemplaria
2327 622 2602 696 Evangelii
2637 629 2936 683 secundum
2974 629 3283 689 Mattharum
3318 636 3539 702 habere.

1966 729 1984 763 ι
2035 713 2545 773 comminatus'cst.
2608 716 2626 771 ι
2703 720 2946 777 Dillicilis
3000 722 3188 793 itaque
3252 736 3308 781 et
3368 729 3539 786 ardua

1960 804 2092 859 mihi
2119 804 2334 862 videtur
2356 825 2477 865 esse
2505 812 2736 880 qliazstio
2766 830 2780 867 :
2809 814 2956 869 illius
2973 822 3152 871 autem
3175 817 3541 890 solutiozqu'ae-

1958 906 2114 951 ratur
2163 914 2225 953 ea
2288 915 2411 969 quae
2457 901 2682 956 minime
2744 902 2908 974 533
2960 904 3266 975 impugnari
3325 904 3536 978 possit;

1957 1004 2123 1057 quam
2157 989 2248 1059 qui
2282 988 2574 1057 invenerit,
2610 992 2664 1047 in
2697 996 2933 1049 medium
2972 995 3229 1065 proferat,
3274 998 3318 1052 si
3365 1000 3541 1071 majo-

1959 1094 2073 1133 rem
2105 1079 2263 1135 Iidem
2295 1091 2591 1147 mereatur,
2642 1100 2809 1154 quam
2858 1102 2981 1156 qnze
3034 1103 3066 1141 a
3113 1088 3271 1144 nobis
3310 1089 3540 1146 dicenda

1959 1177 2110 1235 sunt,
2138 1171 2294 1240 quasi
2342 1187 2464 1241 qua:
2504 1173 2581 1228 rei
2622 1175 2773 1244 paria
2797 1191 2919 1230 'non
2963 1177 3091 1232 sint.
3118 1176 3369 1235 .Adverte
3410 1197 3542 1253 ergo

1960 1276 2090 1315 num
2122 1261 2305 1317 dicere
2327 1262 2505 1331 possis
2535 1265 2681 1319 credi
2718 1264 2904 1321 Jesum
2946 1282 3069 1323 esse
3107 1267 3409 1334 Chris'um,
3438 1272 3547 1325 mio‘

1959 1368 2064 1408 nus
2088 1368 2213 1408 esse
2256 1368 2420 1422 quam
2473 1357 2728 1425 cognosci
2785 1357 2932 1427 quod
2990 1360 3259 1426 creditur;
3310 1360 3541 1418 fortasse

1958 1453 2142 1500 autem
2180 1453 2235 1499 et
2293 1445 2348 1499 in
2404 1445 2718 1517 cognitione
2772 1448 2893 1513 hac,
2933 1446 3119 1503 Jesum
3169 1450 3373 1506 scilicet
3419 1467 3542 1509 esse

1957 1535 2262 1603 Christum,
2302 1536 2661 1592 differentiam
2702 1554 2847 1605 esse,
2886 1556 3010 1595 cum
3054 1541 3306 1612 quisquis
3339 1559 3543 1614 cogno-

1958 1627 2063 1683 scit
2088 1628 2263 1692 illum,
2296 1628 2486 1683 eodem
2515 1629 2676 1684 modo
2708 1646 2818 1685 non
2844 1632 3334 1700 cognoscat.Crcdi
3361 1634 3543 1704 itaque

1959 1721 2167 1791 absque
2196 1723 2530 1790 cognitione,
2563 1724 2747 1778 minus
2770 1737 2893 1780 esse
2919 1739 3084 1794 quam
3108 1728 3385 1794 cognosci,
3414 1743 3540 1797 per-

1960 1813 2210 1882 spicuum
2245 1814 2429 1871 estex
2460 1817 2565 1872 hoc
2592 1815 2823 1872 Joannis
2846 1816 2891 1849 “
2924 1834 2937 1870 :
2983 1836 3002 1867 ι
3044 1817 3101 1871 Si
3131 1832 3228 1873 vos
3271 1819 3539 1875 manseri-

272 1886 488 1956 Ἰησοῦν
507 1881 644 1940 εἶναι
673 1885 767 1939 τὸν
805 1884 1039 1958 Χριστὸν
1058 1885 1296 1957 διαφορά
1327 1887 1499 1951 ἐστιν,
1530 1886 1630 1939 οὐκ
1663 1884 1855 1957 ἐπίσης

1962 1906 2034 1961 tis
2058 1906 2110 1960 in
2135 1920 2390 1962 sermone
2417 1924 2558 1974 meo,
2588 1908 2928 1978 cognoscetis
2955 1908 3262 1974 veritatem,
3305 1920 3359 1964 et
3399 1910 3543 1964 veri-

258 1981 372 2035 τῶν
401 1977 775 2048 γινωσκόντων
814 1977 1192 2047 γινωσκόντων
1223 1978 1411 2045 αὑτὸν,
1447 1978 1541 2030 καὶ
1577 1976 1717 2049 αὐτὴ
1758 1979 1858 2048 μὲν

260 2073 296 2141 ἡ
341 2070 600 2141 ἐνάργεια
659 2067 736 2138 τῷ
776 2067 879 2122 κᾶν
937 2069 1030 2123 ἐπὶ
1075 2069 1247 2147 ποσὸν,
1291 2070 1645 2141 ἐπιστήσαντι
1690 2069 1861 2140 παρίη,

262 2177 425 2233 στησι
474 2160 536 2212 τὸ
568 2160 819 2230 πρᾶγμα·
866 2146 959 2223 ’τίς
987 2157 1098 2230 γὰρ
1133 2146 1245 2211 οὐκ
1272 2156 1340 2211 ἃν
1371 2157 1723 2229 ὁμολογήσαι,
1750 2160 1854 2219 ὅτι,

260 2250 384 2320 φέρ’
424 2251 621 2312 εἰπεῖν,
670 2247 933 2319 Τιμόθεος
977 2245 1264 2316 γινώσκων
1326 2247 1533 2319 Ἰησοῦν
1572 2245 1711 2302 εἶναι
1763 2248 1857 2302 τὸν

260 2340 517 2412 Χριστὸν,
581 2341 683 2393 οὐκ
763 2339 859 2393 ἐπὶ
925 2338 1180 2393 τοσοῦτον
1245 2337 1557 2408 πεφώτιστο
1616 2341 1696 2402 εἰς
1759 2338 1856 2409 τὴν

261 2431 392 2503 περὶ
426 2428 595 2484 αὐτοῦ
645 2428 866 2498 γνῶσιν,
911 2428 1035 2482 ὅσον
1086 2428 1116 2480 ό
1160 2427 1460 2491 ἀπόστολος
1496 2426 1711 2494 Παῦλος
1757 2444 1857 2507 πε-

262 2520 533 2590 φώτιστο;
584 2520 696 2574 Καὶ
736 2518 895 2574 τοῦτο
921 2518 968 2572 δ’
1001 2517 1069 2572 ἂν
1099 2518 1319 2587 τίς-οὐκ
1361 2518 1428 2573 ἂν
1469 2517 1854 2590 παραδέξαιτο,

261 2615 366 2678 ὅτι,
420 2612 522 2683 κᾶν
571 2610 816 2675 πλείονες
862 2609 1220 2682 ἀληθεύοντες
1265 2610 1467 2679 λέγωσι
1513 2611 1643 2682 περὶ
1693 2609 1853 2676 Θεοῦ,

260 2707 367 2767 ὅτι,
397 2703 573 2767 Αὐτός
606 2720 696 2772 μοι
722 2700 923 2754 δέδωκε
945 2700 1054 2753 τῶν
1075 2700 1245 2755 ὄντων
1269 2700 1471 2770 γνῶσιν
1497 2700 1724 2773 ἀψευδῆ,
1754 2702 1855 2773 οὐχ

260 2794 467 2866 ὁμοίως
504 2791 827 2863 τρανοῦντες
873 2793 969 2846 καὶ
1010 2791 1523 2864 καταλαμϐάνοντες
1569 2791 1639 2845 τὰ
1692 2808 1856 2861 γινω-

265 2886 531 2957 σκόμενα,
553 2884 673 2938 οὐδὲ
697 2883 773 2955 τῷ
802 2883 1023 2956 ἀριθμῷ
1048 2883 1287 2938 τοσαῦτα
1306 2883 1669 2963 γινώσκοντες
1695 2883 1856 2937 τοῦτο

260 2977 523 3050 ἐροῦσινς
554 2978 629 3029 Οὐ
669 2977 829 3045 μόνον
864 2976 919 3029 δὲ
952 2975 1094 3030 κατὰ
1122 2974 1222 3047 τὴν
1260 2974 1529 3047 διαφορὰν
1564 2973 1660 3028 τοῦ
1690 2970 1853 3042 γινώ-

261 3086 412 3122 σκειν
444 3069 565 3121 ἐστὶ
612 3068 740 3130 τοὺς
778 3065 1146 3135 γινώσκοντας
1189 3066 1278 3137 μὴ,
1315 3066 1516 3137 ὁμοίως
1539 3063 1849 3134 γινώσκειν,

259 3159 396 3213 ἀλλὰ
431 3159 527 3213 καὶ
565 3159 705 3212 κατὰ
732 3158 793 3210 τὸ
820 3158 1181 3228 παραστῆσαν
1205 3158 1304 3229 τὴν
1345 3156 1568 3225 γνῶσιν,
1602 3156 1679 3220 ώς
1710 3153 1852 3209 κατὰ

259 3251 418 3304 τοῦτο
441 3251 532 3304 τὸν
561 3227 1013 3322 ἀποκαλύψαντος
1051 3227 1146 3303 τοῦ
1180 3227 1394 3320 Παντρὸς
1417 3246 1508 3301 τὸν
1530 3247 1659 3301 Υἱὸν
1680 3248 1851 3318 ἐγνω-
1875 3227 1919 3285 C

263 3345 414 3409 κότα,
457 3345 532 3410 ώς
574 3346 779 3418 Πέτρος
806 3345 1226 3417 μεμαρτύρηται
1244 3343 1565 3412 ἐγνωκέναι,
1590 3342 1733 3415 ἔχειν
1756 3342 1849 3396 τὸν

260 3421 520 3493 ἀνωτάτω
550 3424 920 3510 μακαρισμόν.
942 3438 1007 3490 El.
1031 3436 1091 3490 δέ
1122 3435 1291 3505 ὑγιῶς
1328 3436 1460 3506 ἡμῖν
1491 3430 1667 3489 ταῦτα
1694 3436 1848 3507 εῐρη-

261 3546 371 3594 ται,
406 3530 723 3602 ἐπιστήσεις
751 3532 865 3584 εἱοὶ
892 3528 1101 3583 δώδεκα
1130 3528 1398 3601 πρότερον
1417 3526 1515 3597 μὲν
1537 3526 1847 3597 ἐπίστευον,

260 3622 361 3675 οὐκ
406 3623 702 3691 ἐγίνωσκον
726 3623 803 3677 δέ’
848 3620 1071 3692 ἐξῆς·δέ
1095 3619 1175 3690 τῷ
1215 3617 1512 3682 πιστεύειν,
1548 3618 1641 3671 καὶ⁸
1671 3618 1848 3690 ἀρχὰς

261 3710 406 3785 εἶχον
426 3713 518 3767 τοῦ
541 3713 851 3783 γινώσκειν,
888 3712 982 3766 καὶ
1007 3710 1308 3782 όλιγώτερα
1330 3710 1454 3780 περὶ
1483 3707 1647 3761 αὑτοῦ
1666 3708 1849 3777 ἐγίνω-

265 3818 415 3858 σκονο
441 3802 666 3876 ὕστερον
703 3803 760 3856 δὲ
789 3800 1132 3876 προῦκοπτον
1158 3801 1216 3853 ἐν
1239 3798 1317 3870 τῷ
1336 3797 1648 3868 γινώσκειν,
1674 3797 1750 3861 ὡς
1770 3795 1854 3851 δύο

261 3892 458 3948 νασθαι
479 3895 723 3964 χωρῆσαι
757 3892 852 3964 τὴν
885 3889 994 3945 άπὸ
1016 3889 1112 3943 τοῦ
1147 3888 1361 3961 Πατρὸς
1394 3887 1617 3957 γνῶσιν,
1646 3888 1855 3943 ἀποκα-

261 3984 555 4049 λύπτοντες
582 3984 674 4037 τὸν
696 3983 845 4048 Υίδν,
871 3986 930 4037 ἐν
954 3981 1118 4053 ὁποίᾳ
1146 3980 1480 4035 καταστάσει
1499 3980 1529 4033 ό
1549 3979 1757 4051 Πέτρος
1781 3974 1853 4051 ἧν

258 4078 424 4149 ἡνίκα
458 4076 825 4150 ἐμακαρίσθη·
853 4077 949 4130 καὶ
971 4073 1082 4146 γὰρ
1113 4072 1497 4145 μακαρίζεται,
1520 4071 1622 4125 οὐκ
1648 4071 1743 4124 ἐπὶ
1773 4069 1854 4142 τῷ

261 4148 577 4243 εἰρηκέναιο
692 4170 770 4223 Σὺ
804 4166 855 4223 εἶ
881 4169 912 4222 ὁ
950 4148 1206 4239 Χριστὸς,
1240 4184 1259 4217 ι
1319 4163 1498 4235 μόνον,
1537 4162 1676 4243 ἀλλὰ
1711 4161 1855 4241 μετά

260 4261 361 4332 τῆς
390 4259 729 4333 προσθήκης,
761 4260 879 4330 τῆς,
918 4278 937 4311 ι
966 4257 1140 4322 ὁΥίὸς
1170 4255 1266 4310 τοῦ
1288 4254 1424 4308 Θεοῦ
1446 4253 1541 4308 τοῦ
1568 4253 1793 4319 ζῶντος.
1827 4274 1845 4306 ι

1961 2004 2043 2051 tas
2065 1997 2319 2054 liberabit
2341 2015 2460 2055 vos.
2506 2018 2524 2051 ι
2558 1997 2614 2054 1η
2646 2000 2958 2071 cognitione
2989 2008 3175 2054 autem
3209 1999 3538 2066 illa,,Jesmn

1959 2088 2400 2154 esserristum,
2436 2088 2797 2151 diﬁcrentiam
2843 2103 2987 2156 esse,
3030 2102 3156 2143 cum
3196 2104 3386 2145 ornnes
3417 2086 3542 2160 qni-

1959 2192 2177 2246 cunque
2202 2191 2328 2232 eum
2352 2178 2777 2248 eognoScunt‘ex
2822 2192 2980 2249 aequo
3023 2194 3133 2233 non
3181 2190 3535 2258 cognoscant,

1959 2268 2043 2322 vel
2070 2267 2359 2323 minimum
2388 2268 2689 2324 attendenti
2720 2285 2833 2324 rem
2879 2266 3122 2325 declarat
3167 2270 3283 2341 ipsa
3333 2275 3542 2343 perspi-

1958 2357 2136 2413 cuitas
2167 2373 2232 2413 ac
2260 2358 2551 2413 evidentia.
2592 2359 2729 2426 Quis
2754 2359 2899 2416 enim
2947 2376 3056 2416 non
3089 2360 3322 2418 fateatur
3357 2362 3541 2427 Time:

1957 2448 2167 2514 theum,
2194 2448 2343 2502 verbi
2361 2449 3002 2520 gratia,'cogn0scentem
3027 2449 3221 2507 Jesum‘
3237 2461 3363 2507 esse
3382 2440 3541 2507 Chri-

1957 2546 2127 2601 stum,
2158 2552 2267 2593 non
2300 2545 2509 2591 tantum
2539 2536 2712 2593 fuisse
2736 2539 2803 2593 ad
2839 2539 2984 2594 illius
3010 2540 3374 2611 cognitionem
3416 2541 3541 2595 illu-

1956 2634 2208 2693 stratum,
2242 2636 2507 2698 quantum
2529 2627 2834 2684 illustratus
2863 2628 2965 2683 fuit
2990 2627 3194 2684 Paulus
3221 2631 3541 2699 apostolus?

1956 2717 2093 2773 Illud
2121 2727 2301 2774 autem
2326 2719 2451 2788 quis
2483 2733 2597 2773 .non
2635 2718 2938 2783 admiserit,
2966 2720 3122 2793 quod
3156 2719 3370 2775 etiamsi
3418 2720 3540 2792 plu-

1954 2826 2042 2866 res
2067 2826 2193 2866 vere
2225 2810 2410 2866 dicant
2438 2811 2506 2866 de
2538 2810 2645 2866 Deo
2687 2828 2702 2867 :
2740 2809 2856 2880 ipse
2880 2811 3012 2867 mihi
3033 2827 3223 2868 eorum
3258 2807 3381 2884 quae
3410 2822 3547 2868 sunt

1954 2901 2319 2973 cognitionem
2352 2917 2537 2957 veram
2577 2901 2728 2958 dedit
2760 2921 2775 2958 :
2819 2917 2930 2958 non
2961 2902 3093 2958 illud
3141 2903 3325 2959 dicent
3369 2904 3538 2959 simili

1952 3007 2079 3047 cum
2122 2990 2515 3062 perspicuitate
2570 3000 2927 3063 exponentes,
2977 3003 3032 3049 et
3074 2994 3292 3065 cognita
3335 2994 3540 3065 pariter

1951 3077 2137 3133 animo
2176 3074 2723 3150 comprehendentes,
2776 3082 2858 3137 vel
2920 3081 3415 3152 totidemanumero
3449 3100 3537 3141 res

1952 3172 2381 3241 cOgnoseentes?
2400 3169 2519 3227 Non
2560 3173 2737 3229 solum
2764 3183 2944 3229 autem
2969 3190 3067 3246 per
3092 3175 3304 3232 varium
3332 3176 3537 3247 cegno-

1954 3261 2143 3318 scendi
2174 3264 2399 3318 modum
2425 3263 2644 3328 accidit,
2689 3274 2746 3319 ut
2803 3266 2897 3335 qui
2941 3275 3302 3336 cognoscunt,
3345 3267 3537 3322 eodem

1954 3356 2127 3418 modo,
2145 3371 2256 3412 non
2282 3365 2639 3429 cognoscant,
2666 3357 2761 3427 sed
2788 3365 2843 3413 et
2875 3374 2971 3429 per
3007 3358 3059 3413 id
3087 3360 3231 3430 quod
3267 3358 3539 3429 cognitio-

1953 3456 2076 3497 nem
2108 3441 2339 3505 confert,
2375 3452 2436 3498 ut
2456 3442 2616 3515 juxta
2645 3445 2802 3513 illud,
2831 3445 2878 3502 is
2901 3446 2996 3517 qui
3039 3447 3296 3516 cognovit
3339 3446 3538 3504 Filium

1953 3529 2227 3585 revelante
2248 3529 2427 3595 Patre,
2472 3531 2933 3601 quemadmodum
2978 3535 3298 3605 cognovisse
3342 3534 3540 3593 Petrus

1954 3620 2292 3691 perhibetur,
2352 3636 2668 3690 supremam
2719 3623 3105 3679 beatitudinem
3152 3636 3535 3694 consequatur.

1955 3712 2111 3780 Quod
2145 3712 2192 3766 si
2222 3711 2337 3766 haec
2362 3727 2391 3766 a
2417 3712 2578 3784 nobis
2600 3721 2756 3781 recte
2787 3707 2930 3769 dicta
2959 3700 3106 3783 sunt,
3140 3716 3540 3774 animadvertes

1955 3820 2025 3860 an
2070 3801 2356 3858 duodecim
2407 3803 2641 3874 primum
2691 3804 2912 3875 quidem
2962 3805 3275 3868 credebant.
3315 3807 3540 3864 minime

1951 3908 2083 3951 vero
2112 3893 2546 3965 cognoscebant;
2594 3895 2790 3952 deinde
2830 3904 3120 3967 postquam
3162 3896 3536 3966 crediderunt,

1953 3983 2289 4056 cognitionis
2322 3985 2636 4041 rudimenta
2679 3986 3063 4062 capessebant,
3086 3995 3141 4043 et
3173 4001 3443 4059 perpauca
3472 3989 3540 4045 de

1954 4077 2048 4133 illo
2087 4076 2544 4158 cognoscebant;
2571 4063 2851 4147 postremo
2885 4077 3102 4134 tandem
3144 4077 3199 4134 in
3232 4080 3541 4151 cognitione

1956 4168 2334 4238 proficiebant,
2362 4176 2424 4222 ut
2450 4168 2779 4240 cognitionis
2805 4169 2949 4225 datae
2984 4186 3016 4224 ιι
3045 4169 3203 4227 Patre
3230 4170 3424 4225 Filium
3451 4188 3540 4227 rc-

1899 4284 1905 4293 ο
1958 4256 2172 4313 velante
2210 4272 2438 4328 capaces
2464 4268 2683 4326 essent;
2720 4258 3030 4330 cuiusmodi
3076 4268 3279 4315 statum
3327 4261 3540 4316 obtine-

262 4353 326 4408 Οί
355 4353 486 4423 γοῦν
516 4351 933 4425 ἀναγράψαντες
974 4351 1202 4422 Μάρκος
1241 4347 1337 4402 καὶ
1366 4348 1580 4413 Λουκᾶς
1622 4348 1853 4419 ἀποκρι-

1958 4347 2053 4403 bat
2078 4347 2299 4417 Petrus,
2326 4348 2548 4421 quando
2569 4349 2760 4406 beatus
2776 4350 3102 4434 praedicatus
3121 4358 3224 4407 est.
3253 4348 3363 4407 Nec
3390 4352 3535 4407 enim

1473 4457 1707 4515 VETUS
1747 4455 2338 4516 INTERPRETATIO.
2616 4490 2663 4503 ..
2739 4466 2744 4476 ι
3526 4456 3533 4463 π

266 4582 557 4654 incipiente
588 4581 656 4637 ah
687 4581 974 4654 Antiochia
996 4581 1229 4654 nomine
1265 4582 1393 4637 isto.
1426 4577 1563 4654 illud
1608 4577 1772 4654 etiam
1817 4578 1874 4654 in
1917 4577 2022 4634 hoc
2074 4580 2195 4654 loco
2234 4584 2603 4654 quaerendum
2652 4594 2737 4654 est
2769 4593 2973 4651 utrum,
3005 4598 3129 4639 cum
3175 4583 3537 4654 mitterentur,

267 4646 393 4722 iani'
411 4653 816 4722 cognoscebant
846 4652 1104 4722 quoniam
1146 4652 1261 4722 ipse
1284 4658 1405 4707 erat
1424 4649 1698 4723 Christus.
1730 4646 1798 4701 Et
1831 4648 1876 4702 si
1904 4646 2312 4720 cognoscebant
2335 4652 2471 4721 jam,
2500 4654 2644 4723 ,sine
2694 4653 2864 4707 dubio
2910 4646 3275 4723 cognoscebat
3322 4646 3533 4709 Petrus;

269 4717 556 4793 Quonmilo
588 4737 719 4792 ergo
755 4717 877 4793 post
905 4730 1053 4793 tanta
1087 4717 1387 4793 interrogat
1407 4717 1513 4793 eos
1529 4736 1594 4793 :_«
1628 4717 1737 4793 Yos
1763 4727 1943 4793 autem
1979 4717 2149 4793 quem
2188 4737 2276 4776 me
2304 4717 2675 4793 essegllicitisg?
2708 4742 2727 4773 ι
2748 4717 3070 4793 νηιιειιιιιοίει
3095 4723 3441 4793 respondenti
3483 4733 3539 4777 ct

268 4787 470 4848 dicenti
499 4787 701 4864 Petro:
729 4787 868 4864 [Tu
898 4808 959 4864 es
974 4791 1243 4864 _Christus
1275 4787 1446 4864 Filius
1474 4787 1574 4864 _Dei
1603 4788 1734 4864 vivi,
1770 4806 1789 4839 ι
1816 4787 2046 4864 ιΙίιίείι
2077 4788 2383 4864 Beatuses,
2418 4791 2607 4848 Simon
2622 4787 2888 4864 Barjtina,
2918 4791 3045 4861 quia
3068 4787 3291 4864 cardet
3312 4794 3537 4864 sanguis

273 4879 379 4918 non
414 4861 670 4933 revelavit
702 4862 821 4933 tibi,
851 4862 944 4916 sed
973 4857 1147 4933 Patet:
1160 4876 1315 4916 meus
1343 4860 1434 4933 qui
1461 4859 1526 4933 in
1555 4858 1847 4933 cmliscst.
1884 4876 1915 4933 ι
1941 4857 2047 4933 Per
2077 4859 2199 4933 haec
2218 4857 2377 4933 enim
2395 4877 2576 4917 sermo
2599 4857 3237 4933 demonstrat,quoniam
3269 4872 3398 4917 tunc
3417 4857 3536 4933 pri-

271 4949 420 4988 mum
451 4931 739 4989 confessus
762 4930 939 4986 fuerat
967 4946 1091 5001 eum
1116 4929 1312 5001 Petrus
1342 4926 1626 5001 Christum
1656 4926 1853 5001 Filium
1882 4926 1974 5001 Dei
2000 4929 2128 4982 vivi.
2160 4929 2224 4984 Et
2253 4932 2375 4986 vide
2414 4933 2459 4986 si
2490 4940 2641 5001 poles
2671 4930 2981 4999 hujusmodi
3000 4926 3194 4987 Tacere
3218 4926 3538 5001 quarstionis

272 5004 602 5058 solutionem
637 5001 846 5071 (licens,
884 4998 1143 5069 quoniam
1179 5000 1400 5071 credere
1421 4996 1753 5071 Jesnnt_esse
1772 4997 2291 5071 ChristumLminus
2320 5010 2405 5056 est
2437 4996 2602 5071 quam
2648 4996 2997 5068 cognoscere.
3033 4996 3301 5068 Quoniam
3353 5012 3534 5057 autem

274 5074 459 5142 minus
485 5081 592 5142 est,
622 5064 1103 5142 manifestaturex
1134 5086 1199 5142 eo
1227 5070 1372 5142 quod
1407 5067 1575 5123 refert
1599 5064 1839 5121 Joannes
1868 5066 1940 5142 ita
1969 5086 1982 5120 :
2014 5087 2033 5118 ι
2067 5066 2289 5142 Dicebat
2318 5064 2670 5142 ergo'JesusA
2693 5064 2760 5127 ad
2800 5086 2896 5142 eos
2939 5072 3031 5141 qui
3056 5064 3428 5128 vcrcdideraut
3460 5073 3533 5136 ei,

270 5140 531 5198 Judaaos:
567 5141 622 5197 Si
660 5157 758 5196 vos
789 5139 1105 5194 manseritis
1137 5139 1190 5193 in
1222 5137 1389 5193 verbo
1419 5152 1562 5197 meo,
1597 5137 1940 5206 cognoscetis
1972 5138 2276 5206 veritatem,
2317 5137 2619 5195 et'veritas
2660 5140 2908 5196 liberabit
2941 5137 3073 5206 vos;
3107 5161 3125 5192 ι
3160 5153 3218 5195 ιιι
3246 5144 3534 5198 dicamus:

273 5213 496 5283 quando
532 5212 885 5283 mittebantur
913 5208 979 5264 ad
1007 5208 1434 5283 pradicandum,
1466 5202 1761 5283 credebant
1787 5202 2009 5283 quidem
2044 5204 2230 5283 Jesurm
2260 5202 2397 5283 esse
2431 5210 2729 5283 Christum,
2754 5225 2860 5264 non
2909 5202 3087 5266 tamen
3121 5212 3300 5283 adhuc
3330 5225 3539 5283 cogno-

273 5275 519 5356 scebant.
558 5281 755 5356 Postea
795 5288 973 5334 autem
1003 5275 1348 5356 igelicicptes
1378 5293 1473 5347 per
1496 5275 1810 5356 doctrinam
1839 5283 1893 5355 et
1920 5275 2073 5356 plura
2109 5279 2595 5356 mir_acul_a,_etiam
2619 5275 3010 5356 cognoverunt,
3044 5282 3264 5356 quando
3286 5290 3342 5335 et
3371 5275 3541 5356 inter-

274 5354 450 5423 rogati
487 5351 725 5423 confessi
753 5358 887 5423 sunt
913 5368 927 5403 :
960 5342 1092 5423 {Td
1123 5363 1184 5404 es
1209 5342 1462 5423 Christus
1496 5345 1670 5423 Filius
1702 5342 1957 5423 Deiviyi.
1994 5365 2012 5398 ι
2046 5347 2155 5402 Ant
2182 5350 2227 5403 si
2259 5350 2638 5404 existimentur
2660 5342 2773 5419 jam
2808 5358 2939 5423 tunc
2960 5342 3186 5423 apostoli
3217 5351 3538 5423 cognovisse

271 5413 458 5478 Iesum
492 5437 615 5478 esse
633 5418 1048 5491 Christum._gita
1081 5428 1166 5474 cst
1196 5416 1633 5491 respondendum
1666 5431 1679 5467 :
1721 5413 1851 5483 quia
1889 5415 2031 5470 inter
2063 5431 2395 5491 co_guoscere
2427 5429 2480 5474 et
2508 5413 2809 5491 agnoscere
2833 5413 3136 5475 diﬂ‘erentia
3173 5413 3538 5491 esthtputa,

274 5493 403 5562 quis
434 5492 653 5562 sapiens
682 5507 789 5546 non
824 5488 1077 5561 intelligit
1105 5484 1366 5558 quoniam
1399 5484 1723 5541 Timotheus
1751 5499 2089 5554 cognoscens
2111 5484 2298 5542 E-sum
2333 5504 2455 5545 esse
2477 5484 2777 5558 Christum,
2805 5505 2914 5544 non
2943 5498 3149 5544 tantum
3185 5490 3237 5544 in
3261 5484 3539 5560 agnitione

346 5632 390 5665 “
425 5629 585 5686 Joan.
622 5644 738 5695 vm,
773 5629 862 5698 '51,
896 5629 983 5684 32.
1034 5700 1037 5705 ι

347 5751 459 5822 (-i'i)
481 5748 666 5822 Codex
695 5748 850 5822 μσς..
877 5749 966 5803 τὸν
996 5748 1125 5807 Υἱὸν
1160 5747 1253 5803 τοῦ
1303 5745 1469 5814 θεοῦ,
1501 5743 1847 5810 't‘arinianus,

1955 5764 1979 5797 ν
2009 5746 2246 5822 Χριστὸν
2292 5747 2382 5803 τὸν
2422 5746 2549 5803 Υἱὸν
2594 5744 2686 5801 τοῦ
2717 5743 2870 5800 Θεοῦ.
2906 5741 3054 5801 ln‘ra
3091 5742 3261 5801 codex
3297 5738 3482 5801 Turini
3512 5756 3530 5802 :

288 5817 363 5879 ’11
384 5817 485 5898 μὲν
506 5817 607 5879 οὖν
638 5817 925 5894 ἁπόρησις.
