4028 6296
426 425 569 480 ml!)
1260 488 1299 525 ἱ

1888 400 2213 458 OfiﬂlENlS

3547 390 3705 446 i020

424 559 714 620 prepterea
769 544 944 600 solum
994 535 1138 606 quod
1194 507 1394 601 dixerit
1430 533 1521 585 5°:
1566 549 1583 581 ι
1632 531 1711 583 Τιι
1748 547 1806 584 es
1842 528 2002 582 Chri-

2125 525 2268 576 iivtz
2297 521 2387 575 τὸν
2417 521 2622 592 Πέτρον
2649 519 2947 591 εἰρηκέναι“
2991 536 3009 569 ι
3043 516 3114 570 Σὺ
3138 510 3194 569 εἷ
3212 517 3240 567 ὁ
3261 513 3520 585 Χριστὸς,
3547 533 3566 566 ι
3592 518 3704 570 καὶ

424 649 571 706 stus,
606 661 625 693 ι
659 639 851 691 beatus
897 628 1253 700 praedicatur;
1291 626 1386 680 sed
1430 639 1553 679 cum
1596 623 2013 682 additamcuto,‘

428 750 451 785 ι
493 730 664 785 Filius
689 727 781 782 Dei
813 724 945 778 vivi.
981 740 997 773 ι
1030 719 1247 774 Marcus
1280 717 1478 788 quippe
1512 724 1565 770 ct
1603 713 1767 785 53a
1804 712 2006 773 Lucas,

423 823 523 894 qui
589 819 931 888 scripserunt
982 814 1401 883 respondentem
1459 809 1677 862 Petrum
1736 805 1940 859 dixisse
1989 819 2003 856 :

427 933 449 967 ι
484 912 568 967 'l'u
602 927 661 966 es
700 908 978 970 Christus,
1036 924 1053 956 ›
1103 913 1158 958 et
1208 903 1260 957 id
1318 917 1426 955 non
1479 899 1805 953 addiderunt
1858 894 2004 965 quod

2119 616 2193 685 μὴ
2222 612 2549 683 προσθέντες
2590 611 2652 663 τὸ
2684 608 2834 680 παρά
2862 607 2939 680 τῷ
2975 607 3242 677 Ματθαίῳ
3281 606 3556 678 κείμενον,
3589 609 3707 661 οὐκ

2115 706 2426 777 ἀνέγραψαν
2461 705 2550 758 τὸν
2594 703 2687 756 ἐπὶ
2733 702 2813 774 τῷ
2863 704 3139 774 εἰρημένῳ
3185 701 3553 773 μακαρισμὸν,
3599 703 3705 756 καὶ

2113 798 2212 869 τὴν
2262 796 2400 868 μετά
2446 797 2538 849 τὸν
2589 794 2935 867 μακαρισμὸν
2982 794 3251 864 εὐλογίαν,
3297 793 3561 865 λέγουσαν
3596 794 3705 848 τόο

2119 909 2136 940 ι
2173 891 2245 944 Σὺ
2276 886 2326 942 εἶ
2356 888 2583 960 Πέτρος,
2622 907 2641 939 ι
2676 887 2771 941 καὶ
2794 886 2865 940 τὰ
2891 885 3041 957 ὲξῆς.

420 1018 607 1065 exstat
635 1004 780 1076 apud
806 1001 1147 1065 Matthmum,
1183 1013 1290 1053 non
1316 996 1655 1062 scripserunt
1689 993 1907 1047 beatum
1942 990 2094 1043 illum
2134 995 2351 1076 prepter
2379 985 2586 1076 dictum
2630 983 2763 1076 i_llud
2815 980 2982 1076 fuisse
3027 981 3414 1051 pratdicatum,
3467 990 3524 1035 et
3575 990 3707 1052 post

425 1071 866 1170 pmdimtioncm
902 1093 1044 1146 hanc
1073 1088 1454 1145 benedictione
1482 1083 1652 1139 fuisse
1674 1081 2011 1150 impertitum
2030 1078 2115 1131 his
2142 1075 2355 1130 verbis:
2388 1093 2405 1125 ι
2436 1072 2520 1128 Tu
2555 1088 2615 1128 es
2637 1071 2831 1127 Petrus
2861 1073 2929 1138 ",
2966 1079 3081 1170 »ἐι
3112 1086 3235 1140 quae
3264 1079 3593 1140 sequuntur.

502 1187 587 1241 16.
619 1185 739 1240 Jam
786 1199 916 1238 vero
954 1181 1189 1250 primum
1225 1178 1359 1232 illud
1411 1172 1865 1230 considerandum
1910 1179 2014 1233 est,

428 1281 531 1336 hos
565 1288 760 1333 eictera
793 1274 1012 1345 quidem
1058 1272 1125 1325 de
1161 1285 1228 1325 eo
1280 1279 1537 1336 tauquam
1592 1264 1659 1318 de
1711 1276 1907 1332 magno
1962 1270 2019 1313 et

429 1368 740 1426 admirabili
789 1367 911 1420 viro
961 1362 1278 1425 nuntiasse,
1330 1358 1611 1414 Christum
1660 1363 1841 1409 autem
1888 1367 2016 1407 eum

428 1480 572 1528 esse,
619 1462 863 1517 nondum
921 1457 1296 1529 praedicasse:
1348 1467 1415 1507 ne
1455 1450 1701 1504 videatur
1760 1446 2019 1501 Servator

431 1554 651 1611 auferre
684 1553 817 1623 ipsis
855 1548 1165 1605 facultatem
1201 1542 1559 1600 annuntiandi
1596 1556 1654 1594 se
1686 1554 1811 1594 esse
1853 1535 2015 1591 Clu-i-

430 1659 603 1714 stunt,
637 1660 800 1715 quam
843 1641 997 1710 prius
1041 1636 1420 1693 concessisset.
1471 1632 1538 1686 Et
1583 1629 1854 1701 quispiam
1900 1626 2015 1680 for-

2192 1166 2330 1236 ’Πδη
2373 1165 2432 1218 δὲ
2470 1165 2563 1217 καὶ
2603 1163 2665 1216 τδ
2703 1162 2919 1234 πρῶτον
2960 1161 3292 1226 ἐξεταστέον,
3339 1163 3427 1214 ὅτι
3477 1161 3548 1214 τά
3599 1161 3704 1231 μὲν
3756 1146 3763 1150 ’

2119 1257 2252 1311 ἄλλα
2280 1256 2409 1327 περὶ
2438 1253 2602 1308 αύτοῦ
2636 1252 3026 1324 κατήγγελλον,
3062 1252 3138 1315 ὡς
3175 1250 3412 1322 μεγάλου
3441 1253 3536 1305 καὶ
3570 1252 3707 1305 θαυο

2122 1348 2346 1421 μαστοῦ·
2373 1348 2435 1401 τὸ
2471 1346 2529 1399 δὲ
2565 1343 2800 1417 Χριστὸν
2834 1339 2974 1396 εἶναι
3004 1343 3217 1396 οὐδέπω
3246 1344 3568 1414 ἐκήρυσσον·
3613 1344 3704 1397 ἵνα

2123 1440 2198 1511 μὴ
2246 1437 2431 1507 δοκοίη
2486 1438 2517 1489 ὁ
2564 1436 2754 1508 Σωτὴρ
2795 1437 3049 1508 ἀφαιρεῖν
3090 1433 3273 1488 αὐτῶν
3312 1434 3563 1499 ἐξουσίαν
3605 1435 3706 1507 τὴν

2120 1530 2246 1601 περὶ
2289 1527 2383 1581 τοῦ
2418 1528 2809 1596 καταγγέλλειν
2840 1527 3000 1580 αὐτὸν
3036 1526 3293 1598 Χριστὸν,
3337 1526 3405 1597 ἣν
3436 1527 3707 1599 πρὼερον

2120 1624 2445 1695 ἐδωρήσατο.
2470 1624 2578 1676 Καὶ
2601 1622 2742 1693 τάχα
2769 1640 2853 1686 τις
2882 1622 2961 1693 τῷ
2983 1620 3209 1690 τοιούτῳ
3234 1620 3377 1690 λόγῳ
3414 1622 3703 1692 παραστή-

433 1712 875 1804 δίιιιιιρίιιειυοάὶ
918 1727 1152 1783 orationi
1185 1725 1534 1789 assentietur,
1577 1722 1763 1776 dicens
1793 1718 2016 1773 edoctos

2125 1735 2295 1782 σεται,
2332 1717 2554 1788 φάσκων
2586 1718 2661 1780 ὡς
2706 1718 2764 1771 ὲν
2804 1718 3082 1788 εἰσαγωγῇ
3122 1714 3427 1785 δεδιδάχθαι
3463 1713 3569 1768 ὑπὸ
3598 1712 3707 1767 τῶν

435 1829 605 1884 fuisse
626 1824 846 1880 Judaaos
876 1822 943 1876 ab
990 1818 1275 1890 apostolis,
1310 1827 1568 1886 tanquam
1609 1814 1897 1875 elementa,
1930 1824 2020 1865 res

434 1934 531 1974 cas
559 1916 830 1985 gloriosas
863 1912 1175 1967 etillustres
1202 1927 1325 1979 qnze
1351 1910 1416 1964 ad
1446 1907 1632 1964 Jesum
1658 1903 2021 1976 pertinebant,

438 2019 501 2064 ut
535 2019 778 2077 tempore
807 2012 1116 2074 opportuno
1158 2001 1524 2070 adjicerentur
1561 2013 1629 2052 ea
1677 2011 1803 2066 qua:
1856 1993 2022 2048 Chri-

438 2109 583 2155 stum
626 2111 901 2152 cumesse
949 2093 1336 2157 conficiebant;
1382 2100 1435 2145 et
1489 2089 1747 2159 pleraque
1794 2084 2028 2140 fortasse

438 2208 510 2248 ex
539 2190 644 2245 illis
679 2204 802 2259 qua!
832 2188 915 2242 bis
941 2186 1084 2240 dicta
1107 2194 1255 2249 sunt,
1288 2181 1543 2236 erunibus
1577 2180 1672 2248 qui
1710 2177 1867 2232 ﬁdem
1902 2190 2025 2229 am-

440 2280 600 2352 plecti
638 2286 887 2349 poterant
913 2276 1057 2330 dicta
1084 2289 1203 2328 esse
1235 2290 1248 2326 :
1300 2287 1401 2327 nec
1433 2270 1581 2325 enim
1633 2269 1766 2324 solis
1802 2267 1857 2320 id
1888 2282 2024 2336 apo-

442 2371 597 2427 stoiis
627 2368 1006 2439 congruebat:
1042 2365 1152 2419 «Ad
1194 2363 1451 2433 praesides
1487 2370 1541 2416 ct
1572 2361 1637 2414 ad
1669 2375 1823 2429 rcges
1861 2358 2030 2413 duce-

444 2463 578 2517 mini
626 2470 847 2531 propter
889 2476 998 2525 me,
1049 2459 1103 2513 in
1153 2456 1526 2513 testimonium
1581 2452 1688 2507 illis
1742 2459 1796 2504 et
1850 2449 2029 2519 genti-

443 2555 550 2609 bus
577 2553 661 2616 ";
702 2570 719 2602 ι
750 2551 979 2605 forsitan
1004 2557 1187 2603 autem
1225 2562 1324 2603 nec
1369 2547 1502 2601 solis
1560 2543 1691 2598 illud
1740 2540 2026 2611 apostolis,

442 2644 538 2700 sed
567 2654 621 2698 et
647 2644 906 2697 eninibus
938 2641 1037 2711 qui
1074 2640 1333 2696 credituri
1376 2645 1534 2692 erant
1567 2654 1580 2690 :
1626 2655 1643 2687 ι
1686 2633 1887 2688 Tradet
1930 2647 2032 2685 an—

443 2746 552 2793 tem
577 2734 743 2790 frater
770 2733 995 2788 fratrem
1019 2733 1073 2787 in
1117 2743 1349 2787 mortem
1388 2731 1456 2797 εἴ,
1495 2748 1513 2781 ι
1553 2736 1608 2782 et
1634 2742 1757 2797 qua:
1784 2741 2031 2795 sequun-

2123 1808 2432 1863 ἀποστόλων
2460 1810 2588 1871 τοὺς
2621 1808 2907 1872 Ἰουδαίους
2924 1807 2993 1861 τὰ
3015 1808 3142 1879 περὶ
3166 1806 3260 1860 τοῦ
3293 1805 3467 1877 Ἰησοῦ
3495 1803 3705 1869 ἔνδοξα,

2122 1902 2209 1955 ἵνα
2234 1902 2442 1965 τούτοις
2471 1903 2529 1954 ὲν
2563 1897 3172 1973 καιρῷβποικοδομηθῇ
3207 1898 3303 1950 καὶ
3334 1898 3405 1951 τὰ
3441 1898 3575 1967 περὶ
3606 1897 3706 1949 τοῦ

2122 1994 2354 2065 Χριστὸν
2387 1993 2548 2046 αὑτὸν
2571 1988 2733 2045 εἶναι’
2763 1992 2903 2062 τάχα
2922 1990 2981 2043 δὲ
3011 1988 3182 2043 πολλά
3206 1989 3314 2043 τῶν
3337 1988 3473 2060 πρὸς
3504 1989 3709 2051 αὐτοὺς

2122 2082 2462 2152 λελεγμένων
2482 2082 2593 2153 (48)
2622 2082 2760 2152 πρὸς
2778 2082 2987 2144 πάντας
3002 2079 3254 2152 εξρῆσθαι
3281 2080 3408 2143 τοὺς
3430 2079 3707 2133 πιστεύον-

2123 2190 2222 2235 τας
2265 2171 2513 2243 δυνάμει·
2555 2172 2616 2224 ού
2650 2169 2762 2242 γάρ
2801 2170 2982 2241 μόνοις
3023 2172 3136 2233 τοῖς
3180 2169 3496 2232 ἀποστόλοις
3536 2170 3708 2239 ἐφήρ-

2129 2258 2261 2332 μοζε
2287 2260 2368 2312 τό·
2412 2278 2430 2311 ι
2474 2261 2598 2313 Ἐπὶ
2627 2260 2901 2331 ἡγεμόνας
2924 2259 2981 2313 δὲ
3007 2260 3100 2313 καὶ
3134 2258 3371 2329 βασιλεῖς
3402 2258 3709 2331 ἀχθήσεσθε

2124 2351 2309 2406 ἓνεκεν
2339 2351 2476 2423 ἐμοῦ
2508 2353 2587 2416 είς
2618 2351 2915 2424 μαρτύριον
2940 2352 3123 2415 αὐτοῖς
3156 2352 3250 2404 καὶ
3290 2354 3403 2414 τοῖς
3451 2350 3650 2404 ἔθνεσιο
3683 2370 3703 2402 ι

2125 2442 2263 2512 τάχα
2294 2441 2351 2494 δὲ
2379 2442 2489 2494 οὐδ’
2526 2444 2664 2506 ὅλως
2700 2445 2815 2506 τοῖς
2843 2443 3182 2507 ἀποστόλοις,
3218 2442 3332 2496 ἀλλ’
3378 2444 3551 2496 ἅπασι
3598 2447 3711 2510 τοῖς

2127 2534 2403 2587 πιστεύειν
2440 2535 2687 2606 μέλλουσι
2712 2535 2773 2590 τό
2792 2553 2805 2566 ·
2843 2555 2861 2587 ι
2891 2534 3208 2606 Παραδιῦσει
3230 2534 3286 2588 δὲ
3316 2535 3540 2605 ἀδελφὸς
3566 2537 3715 2591 ἀδελ-

2129 2623 2227 2693 φὸν
2261 2625 2341 2688 είς
2374 2623 2623 2690 θάνατον,
2666 2646 2683 2676 ι
2724 2626 2818 2679 καὶ
2856 2625 2924 2678 τά
2956 2624 3103 2697 ἑξῆς
3136 2625 3272 2680 ἀλλά
3304 2626 3398 2679 καὶ
3428 2626 3519 2679 τό·
3554 2646 3572 2679 ι
3596 2628 3713 2692 Πᾶς

2129 2712 2223 2767 οὖν
2255 2715 2403 2778 ὅστις
2432 2715 2758 2786 ὁμολογήσει
2796 2717 2854 2768 ὲν
2904 2714 3048 2785 ἐμοὶ,
3096 2734 3114 2766 ι
3170 2715 3263 2768 καὶ¹
3307 2715 3376 2768 τά
3422 2714 3570 2786 ἑξῆς,
3613 2716 3714 2769 οὐκ

443 2836 565 2894 tur;
601 2828 694 2883 sed
723 2836 778 2882 et
810 2827 912 2881 hoc
941 2826 1033 2880 ἐς
1069 2844 1091 2877 ι
1139 2824 1331 2879 Omnis
1367 2837 1498 2892 ergo
1538 2820 1630 2890 qui
1681 2818 2020 2873 confitebitur

2133 2805 2278 2867 ἰδίως
2312 2803 2422 2875 (49)
2456 2806 2570 2868 τοῖς
2601 2802 3111 2867 ἀποστόλοις,’ἀλλά
3159 2804 3253 2856 καὶ
3299 2805 3433 2857 πᾶσι
3467 2807 3580 2868 τοῖς
3624 2823 3713 2859 πι-

446 2936 554 2984 me,
584 2938 604 2971 ι
637 2928 691 2973 et
720 2918 954 2988 reliqua,
987 2932 1094 2971 non
1126 2914 1390 2986 apostolis
1418 2913 1725 2982 speciatim,
1773 2912 1870 2966 sed
1908 2926 2020 2965 om-

2134 2895 2415 2949 στεύουσιν
2460 2895 2694 2966 εἴρηται.
2738 2895 2896 2950 Κατά
2927 2892 3087 2948 τοῦτο
3127 2891 3219 2948 οὖν
3259 2896 3716 2968 προύποτύπωσίς

451 3010 617 3064 nibus
646 2987 993 3062 credentibus
1038 3007 1243 3061 dictum
1277 3012 1385 3058 cst.
1429 3002 1557 3057 Inde
1610 3016 1740 3071 ergo
1786 3000 2020 3069 sequitur

2134 2988 2250 3040 ἐστι
2281 2987 2631 3052 διδασκαλίας
2656 2989 2746 3043 διὰ
2776 2989 2883 3042 τῶν
2930 2990 3068 3062 πρὸς
3105 2992 3229 3055 τοὺς
3260 2990 3592 3053 ἀποστόλους
3622 2991 3713 3043 λε-

453 3114 550 3161 per
578 3113 641 3150 ra
663 3114 787 3166 qua:
813 3096 1077 3165 apostolis
1114 3096 1255 3149 dicta
1290 3104 1417 3148 sunt
1457 3092 1834 3146 adumbratam
1865 3090 2020 3145 fuisse

2134 3076 2439 3147 λεγμένων,
2462 3076 2687 3150 ὕστερον
2711 3079 2984 3144 κάκείνοις
3012 3080 3104 3134 καὶ
3127 3080 3280 3133 παντὶ
3302 3078 3380 3150 τῷ
3405 3079 3711 3134 διδάσκοντι

451 3187 782 3252 doctrinam,
810 3202 932 3255 qua:
964 3186 1032 3240 ab
1083 3185 1191 3239 illis
1239 3183 1611 3253 postmodum,
1661 3190 1711 3236 et
1757 3197 1788 3236 a
1837 3181 2020 3252 quovis

2139 3169 2218 3231 εἰς
2249 3167 2440 3239 χρῆσιν
2472 3167 2847 3240 ἐλευσομένης.

449 3280 680 3335 docente
712 3276 1026 3346 usurpanda
1054 3286 1217 3332 esset.

525 3374 611 3429 t'l.
649 3373 751 3440 Qui
794 3372 1072 3427 contendit
1103 3384 1229 3427 vero
1258 3368 1413 3442 prius
1433 3370 1835 3441 promulgatum
1867 3369 2037 3425 fuisse

454 3466 605 3521 hunc
626 3482 748 3521 esse
784 3464 1063 3519 Christum
1110 3465 1180 3518 ab
1223 3462 1510 3534 apostolis,
1565 3462 1660 3532 qui
1716 3462 1770 3516 id
1814 3462 2020 3517 audive

2145 3462 2340 3537 ρύχθαι
2386 3464 2648 3536 πρότερον
2703 3464 2808 3518 ὑπὸ
2852 3465 2960 3519 τῶν
3010 3464 3357 3517 ἀκουσάντων
3407 3462 3717 3516 ἀποστόλων

462 3567 616 3614 tam:
651 3575 671 3609 ι
706 3557 862 3624 Quod
901 3556 1024 3611 dico
1050 3556 1203 3611 vobis
1240 3558 1293 3610 in
1336 3554 1594 3621 tenebris,
1645 3553 1808 3608 dicite
1862 3553 1914 3607 in
1955 3553 2020 3607 lu«

2142 3554 2229 3607 τό·
2269 3573 2289 3606 ι
2332 3557 2398 3608 ⁸0
2422 3555 2567 3625 λέγω
2585 3557 2713 3627 ὑμῖν
2739 3557 2798 3609 ὲν
2824 3558 2892 3627 τῇ
2919 3554 3126 3626 σκοτία,
3151 3555 3342 3608 εἴπατε
3366 3556 3424 3608 ἐν
3452 3552 3529 3625 τῷ
3556 3553 3718 3624 φωτίθ

1651 3668 1689 3722 ν
1701 3669 1833 3727 ETU
1845 3668 1885 3724 S
1918 3669 2495 3727 lNTEBPRETATIO.

453 3767 575 3837 ejus
606 3776 723 3822 erat
756 3764 1116 3837 illuminatus,
1140 3775 1405 3837 quantum
1434 3764 1682 3837 Paulus?
1706 3763 1838 3831 Quis
1869 3775 2047 3819 autem
2080 3767 2240 3820 etiam
2294 3768 2398 3821 hoc
2451 3768 2685 3837 ignorat,
2721 3766 2848 3835 quia
2900 3765 3002 3822 etsi
3046 3766 3203 3821 multi
3256 3782 3382 3821 vera
3413 3766 3602 3823 dicunt
3635 3767 3721 3823 di-

455 3835 641 3892 centes
672 3838 738 3891 de
774 3835 921 3889 Deo:
953 3835 1221 3901 Quoniam
1254 3836 1369 3903 ipse
1398 3835 1528 3888 mihi
1564 3835 1713 3889 dedit
1743 3850 1933 3889 eorum
1969 3852 2091 3904 quae
2120 3845 2249 3889 sunt
2280 3835 2564 3891 scientiam
2603 3852 2785 3890 veram
2816 3855 2828 3889 :
2856 3852 2962 3889 non
3014 3845 3190 3891 tamen
3229 3851 3421 3891 omnes
3465 3838 3723 3891 similiter

460 3908 745 3977 manifeste
774 3914 867 3977 aut
895 3904 1129 3977 perfecte
1159 3914 1500 3974 cognoscunt
1530 3921 1593 3959 ea
1620 3920 1742 3975 qua:
1771 3907 1952 3977 sciunt
1978 3924 1993 3977 7:
2032 3907 2364 3977 utidicamus
2393 3908 2652 3977 quoniam
2685 3918 2814 3977 tunc
2836 3908 3051 3976 quidem
3081 3907 3311 3974 apostoli
3350 3906 3502 3961 initia
3533 3908 3723 3977 cogni-

458 3977 626 4033 tionis
654 3975 857 4029 Christi
896 3976 1187 4047 babebaut,
1221 3977 1500 4047 etﬂexigua
1531 3975 1931 4047 cognoscebant
1956 3976 2147 4047 de_illo
2175 3995 2187 4029 :
2223 3975 2618 4045 postca'autem
2650 3975 2994 4047 proh‘cerunt
3034 3976 3109 4047 in;
3131 3977 3408 4047 agnitione
3435 3975 3627 4047 ipsius,
3663 3986 3724 4033 ut

459 4053 682 4117 possent
713 4060 911 4117 capere
949 4045 1232 4099 scientiam
1267 4044 1469 4100 CbriSti
1501 4044 1789 4117 revelatam
1822 4046 1923 4117 sibi
1960 4061 1991 4117 a
2021 4044 2710 4117 Patregquemadmodu’m
2759 4045 2985 4117 Petrus,
3027 4044 3208 4117 cuipe't
3254 4046 3391 4117 dixit
3423 4044 3490 4098 εί(
3523 4046 3722 4102 Beatus

459 4113 541 4179 es,
576 4113 792 4179 Simon,
822 4113 949 4184 quia
978 4130 1086 4186 non
1121 4130 1250 4169 caro
1282 4126 1335 4186 c_t
1360 4115 1582 4184 sanguis
1610 4116 1865 4169 revelavit
1897 4116 2015 4179 tibi,
2053 4116 2148 4171 sed
2189 4113 2347 4170 Pater
2375 4132 2528 4172 meus
2558 4118 2647 4186 qui
2677 4116 2838 4169 estin
2871 4116 3042 4186 ctelis.
3080 4135 3098 4166 ι
3131 4115 3195 4169 Ει
3226 4116 3584 4186 beatificatnr,
3613 4133 3720 4186 non

460 4186 637 4240 solum
672 4186 725 4256 in
756 4201 823 4239 eo
845 4185 991 4253 quod
1018 4185 1200 4256 dixit:
1232 4203 1254 4256 ι
1289 4184 1367 4240 Tu
1399 4201 1458 4240 es
1484 4186 1765 4256 Christus;
1804 4186 1956 4256 i_sed
2000 4187 2054 4239 in
2086 4201 2152 4240 eo
2189 4187 2361 4256 magis
2404 4186 2546 4256 quod
2580 4184 2793 4239 addidit
2824 4205 2839 4239 :
2871 4205 2890 4236 ι
2921 4185 2999 4256 Tu
3040 4202 3100 4240 es
3130 4186 3380 4256 Christus
3423 4184 3595 4239 Filius
3631 4185 3722 4256 Dei

461 4256 592 4310 vivi.
626 4274 643 4305 ι
676 4253 894 4325 Marcus
942 4255 1086 4325 enim
1132 4263 1186 4308 et
1236 4254 1412 4312 Lucas
1452 4255 1790 4325 scripserunt
1829 4254 2049 4309 Petrum
2095 4253 2513 4325 respondentem
2561 4256 2805 4310 dixisse:
2857 4275 2876 4307 ι
2907 4255 2983 4309 Tu
3024 4271 3085 4310 es
3125 4254 3562 4325 Christus.mon
3580 4255 3722 4325 adji-

460 4325 667 4397 cientes
697 4326 840 4397 quod
864 4324 929 4397 _in
965 4323 1215 4397 Mattbmo
1244 4326 1481 4392 positum
1518 4334 1619 4397 est.
1644 4344 1662 4374 ι
1694 4324 1861 4379 Filius
1891 4325 1981 4397 Dei
2015 4325 2117 4378 vivi
2146 4344 2160 4391 ;
2191 4323 2213 4377 i
2244 4337 2527 4397 peopterea
2557 4342 2657 4381 nec
2685 4327 3026 4395 scripserunt
3056 4325 3122 4379 ad
3147 4324 3547 4397 confessionem
3570 4323 3723 4397 Petri

461 4396 689 4519 gelaltam
738 4394 1145 4457 beatitudinem,
1201 4409 1375 4461 neque
1428 4396 1857 4449 benedictionem
1888 4396 2155 4449 dicentem
2185 4413 2195 4447 :
2236 4394 2253 4447 ε
2286 4394 2365 4449 Tu
2398 4412 2457 4452 es
2490 4394 2683 4451 Petrus
2729 4406 2783 4449 ct
2810 4394 2987 4466 super
3022 4397 3160 4450 hanc
3193 4404 3401 4465 petram
3445 4396 3723 4450 aedificabo

513 4481 574 4519 cc
598 4480 765 4518 esram
804 4478 999 4519 meam.
1036 4482 1054 4513 ι
1090 4473 1145 4515 ιι
1178 4473 1390 4516 αιτιοι-ο.

513 4473 765 4520 cclesiam
804 4478 999 4525 meam,
1036 4482 1054 4513 ι
1090 4473 1145 4515 ιι
1178 4473 1390 4516 caetera.

2223 3371 2283 3425 Ὀ
2310 3370 2365 3424 δὲ
2394 3371 2711 3444 βουλόμενος
2735 3374 2828 3426 καὶ
2858 3374 2917 3426 τὸ
2942 3373 3171 3445 Χριστὸν
3201 3371 3361 3426 αὐτὸν
3389 3365 3525 3425 εἶναι
3553 3388 3718 3441 κεκη-

536 4536 623 4587 16.
660 4534 768 4587 Aut
801 4533 875 4585 ita
913 4533 1255 4604 tractandum
1274 4542 1389 4604 est,
1417 4549 1531 4604 non
1557 4535 1685 4603 quia
1719 4542 1848 4587 tunc
1881 4532 2150 4604 docebant
2187 4532 2372 4589 Jcsum
2399 4550 2519 4592 esse
2547 4536 2849 4596 Christum,
2875 4543 2929 4589 et
2964 4534 3125 4590 modo
3152 4534 3405 4604 praecepit
3426 4533 3506 4604 eis
3542 4544 3601 4587 ut
3630 4550 3724 4583 tte-

468 4604 603 4657 tnini
632 4605 837 4666 dicant;
874 4603 965 4656 sed
994 4602 1373 4674 luue‘quidem
1415 4602 1602 4656 leviter
1632 4604 1699 4657 de
1728 4618 1794 4657 co
1833 4603 2255 4674 annuutiabaut,
2297 4605 2453 4674 quasi
2493 4606 2568 4674 de
2597 4621 2792 4674 magno
2840 4614 2895 4658 ct
2927 4602 3229 4659 admirabili
3264 4606 3404 4667 viro,
3441 4603 3723 4656 Christum

468 4684 651 4727 autem
677 4689 801 4727 esse
837 4688 962 4726 eum
998 4672 1237 4743 nondum
1265 4674 1684 4736 annuntiabaut,
1704 4674 1797 4727 sed
1828 4674 1983 4743 quasi
2016 4674 2083 4726 ad
2126 4672 2495 4729 inductionem
2542 4672 2855 4728 Iudaeorum
2890 4675 3136 4743 quaedam
3180 4674 3390 4727 modica
3428 4674 3726 4741 praemitte-

469 4744 603 4797 bant
632 4744 700 4797 de
729 4758 815 4814 eo,
851 4751 910 4795 ut
949 4742 1264 4811 praeparatis
1291 4758 1356 4796 ex
1390 4753 1540 4812 parte
1567 4743 1777 4796 modica
1800 4743 1868 4795 ad
1901 4741 2231 4814 fideiirejns,
2272 4753 2512 4814 tempore
2545 4753 2850 4812 opportuno
2884 4741 3044 4798 etiam
3087 4746 3189 4798 hoc
3233 4744 3524 4814 adderetur
3549 4812 3558 4814 _
3580 4743 3723 4811 quod

469 4814 584 4883 ipse
609 4822 754 4883 esset
777 4811 1057 4875 Christus;
1092 4821 1185 4866 aut
1211 4820 1358 4866 certe
1386 4811 1455 4866 ita
1488 4815 1717 4881 qumstio
1751 4823 1829 4866 est
1862 4811 2140 4883 solvenda,
2176 4823 2229 4865 ut
2253 4811 2500 4868 dicamus
2534 4811 2675 4880 quml
2706 4815 2857 4882 plura
2898 4829 3019 4883 qua:
3054 4822 3183 4868 tunc
3221 4812 3467 4883 Christus
3496 4812 3563 4865 ad
3590 4826 3725 4881 apo-

466 4882 638 4933 stolos
665 4882 820 4943 dixit,
856 4898 959 4934 non
996 4891 1204 4935 tantum
1246 4884 1312 4937 ad
1343 4884 1620 4951 apostolos
1650 4882 2008 4949 pertinebant,
2042 4892 2305 4951 quantum
2340 4884 2404 4936 ad
2432 4898 2624 4937 omnes
2662 4881 2944 4937 credentes
2981 4884 3033 4936 in
3070 4885 3372 4938 Christum.
3414 4881 3525 4935 Nec
3577 4883 3725 4935 enim

468 4952 603 5023 solis
629 4951 986 5023 conueniebat
1009 4953 1271 5020 apostolis
1300 4953 1444 5021 quod
1473 4962 1559 5007 est
1581 4953 1785 5023 dictum
1812 4970 1824 5003 :
1868 4972 1887 5001 ι
1934 4953 2071 5023 Ante
2105 4952 2363 5021 praesides
2385 4961 2440 5006 ct
2474 4968 2630 5021 reges
2663 4953 2876 5007 stabitis
2908 4962 3127 5023 propter
3159 4969 3244 5007 me
3271 4953 3326 5005 in
3350 4952 3723 5023 testimonium

471 5020 658 5093 illiset
691 5021 961 5086 gentibus.
1009 5041 1025 5072 ι
1054 5024 1185 5093 item
1212 5020 1355 5091 quod
1389 5024 1464 5076 ait
1497 5041 1509 5076 :
1546 5042 1564 5073 ι
1603 5021 1803 5075 Tradet
1825 5034 2004 5093 autem
2034 5020 2202 5093 frater
2224 5023 2443 5093 fratrem
2469 5023 2522 5076 in
2544 5020 3068 5093 'niortetn,_et_pater
3105 5023 3296 5085 lilium,
3344 5030 3398 5075 el.
3443 5022 3732 5093 insurgent

471 5090 565 5144 lilii
596 5089 648 5140 in
673 5098 944 5157 parentes.
977 5092 1104 5145 etin
1140 5089 1245 5144 moi
1265 5101 1369 5146 tem
1397 5094 1615 5161 alligent
1640 5107 1754 5145 eos.
1792 5111 1809 5142 ι
1850 5092 1954 5144 Sed
1984 5101 2038 5145 et
2072 5092 2203 5145 illud
2241 5110 2253 5145 :
2294 5112 2311 5141 ‹
2349 5091 2539 5147 Omnis
2566 5093 2658 5161 qui
2689 5089 2972 5148 confessus
3004 5092 3165 5147 fuerit
3197 5107 3282 5147 me
3312 5106 3494 5145 coram
3542 5089 3727 5161 homi-

470 5161 654 5220 nibus,
690 5178 715 5231 r
740 5168 794 5211 et
820 5169 1032 5221 (ποιοῖο,
1066 5176 1176 5231 non
1205 5163 1338 5216 solis
1367 5159 1647 5231 apostolis,
1682 5162 1775 5214 sed
1803 5161 2058 5215 omnibus
2085 5163 2433 5217 credentibus
2464 5159 2608 5216 dicta
2635 5171 2782 5217 sunt.
2813 5163 3122 5217 Secundum
3149 5163 3251 5217 hoc
3278 5159 3723 5231 crgodicendnm

469 5229 719 5299 estquod
752 5231 1029 5297 praemissa
1057 5230 1157 5284 fuit
1183 5232 1271 5285 illa
1308 5229 1556 5285 doc—trina
1582 5248 1703 5300 qua:
1727 5233 1865 5285 facta
1893 5239 1977 5284 est
2006 5232 2072 5285 ad
2104 5234 2403 5301 apostolos,
2435 5241 2619 5301 postea
2641 5242 2821 5286 autem
2857 5232 3127 5300 implenda
3164 5250 3178 5285 :
3230 5241 3290 5286 ut
3335 5229 3624 5301 videantur
3660 5244 3724 5282 ea

468 5298 688 5370 quidem
716 5314 840 5368 quae
862 5302 1114 5368 superius
1144 5302 1209 5353 de
1230 5298 1613 5356 annuntiando
1634 5301 2006 5370 Christosunt
2034 5298 2177 5356 dicta
2202 5318 2231 5354 a
2254 5298 2474 5356 Christo
2491 5343 2508 5368 ,
2544 5318 2649 5356 non
2675 5304 2744 5357 ad
2768 5298 2984 5370 tempus
3007 5303 3279 5370 pertinere
3302 5300 3448 5370 quod
3475 5298 3575 5353 fuit
3600 5308 3727 5353 aute

470 5367 675 5493 (ibriin
709 5367 1189 5451 resurrectionem,
1217 5372 1309 5426 sed
1335 5370 1401 5426 ad
1435 5383 1677 5440 tempora
1704 5379 1829 5440 post
1853 5367 2035 5422 futura
2069 5387 2085 5424 :
2112 5371 2227 5425 haec
2258 5381 2436 5426 autem
2462 5367 2584 5441 quae
2617 5371 2839 5426 mandat
2863 5367 2921 5425 ut
2969 5367 3173 5425 nemini
3202 5367 3407 5433 dicant,
3441 5380 3569 5423 tune
3595 5384 3727 5439 apu-

470 5456 495 5493 ε
523 5453 558 5493 ο
582 5455 629 5493 ιε
654 5454 967 5493 convenire.

470 5449 629 5495 uelis
654 5449 967 5493 convenire.

546 5510 634 5562 i7.
665 5509 859 5563 Adhuc
879 5518 1060 5564 autem
1088 5509 1181 5580 qui
1210 5511 1325 5564 vult
1347 5519 1401 5565 et
1430 5510 1710 5567 Christum
1748 5525 1869 5563 esse
1903 5509 2252 5578 prtedicatum
2294 5512 2445 5578 prius
2471 5512 2538 5566 ab
2574 5512 2857 5580 apostolis,
2898 5510 3042 5580 dicet
3073 5509 3331 5578 quoniam
3367 5509 3555 5564 leviter
3591 5524 3728 5578 pm:

474 5579 687 5633 mittere
718 5581 889 5634 voluit
920 5596 1016 5635 eos
1049 5579 1381 5637 mentionem
1412 5582 1649 5636 nominis
1673 5581 1781 5644 sui,
1821 5590 1879 5633 ut
1907 5580 2122 5633 interim
2156 5580 2299 5633 facto
2328 5582 2546 5635 silentio
2584 5579 2986 5649 pra-dicatiouis
3029 5579 3343 5649 bujusmodi
3389 5582 3492 5636 hoc
3547 5580 3726 5651 ipsum

545 5697 591 5728 ”
630 5698 820 5754 Matth.
857 5717 967 5765 xvi,
1004 5704 1085 5756 16.
1162 5700 1207 5733 ’ί
1250 5700 1380 5755 ibid.
1419 5702 1502 5756 f8.
1578 5702 1622 5733 δ’
1665 5702 1793 5757 ibid.
1837 5717 1890 5767 Χ,
1922 5700 2004 5753 18.
2081 5700 2127 5730 ⁸³
2167 5698 2298 5753 ibid.
2324 5700 2414 5753 ‘2].
2491 5702 2537 5732 ⁵⁵
2578 5699 2708 5756 ibid.
2743 5699 2831 5753 5‘2.

549 5834 660 5904 (is)
698 5836 882 5892 Codex
913 5838 1134 5908 Regius,
1162 5838 1491 5909 λεγομένων.

2224 5839 2338 5909 (49)
2386 5838 2589 5905 Ἰδίως,
2631 5840 2811 5897 Codex
2844 5837 3064 5909 Regius,
3096 5835 3265 5898 ἰδίοις.
3483 5830 3513 5875 τ
