4028 6296
251 443 391 500 πολι

1222 439 1578 496 COMMENT.
1622 438 1693 494 IN
1732 435 2147 494 MAT'IHIEUM
2188 434 2425 490 TOMUS
2465 434 2580 490 ΧΠ.

3406 438 3541 491 10ΐί

249 566 347 616 καί
384 557 414 613 ὃ
439 555 521 621 εἰς
567 556 631 612 τὸ
669 551 763 620 οὖς
806 554 1031 611 ἀκούετε
1063 556 1199 627 (50),
1249 557 1552 630 κηρύσσετε
1599 559 1693 613 ἐπὶ
1736 557 1837 611 τῶν

1947 558 2130 625 mine;
2163 565 2217 612 et
2247 555 2393 626 quod
2420 557 2475 611 in
2506 570 2639 609 aure
2677 555 2901 620 auditis,
2930 554 3217 624 pratdicate
3257 572 3421 626 super
3460 567 3542 612 te-

246 652 542 721 δωμάτων,
584 668 603 700 ι
634 650 751 721 ὲρεῖ
779 648 860 702 ὅτι
896 649 1060 701 οἱονεὶ
1092 649 1403 719 κατηχῆσαι
1443 648 1675 720 ἠθέλησε
1713 650 1846 721 πρό-

243 758 410 813 τερον
434 739 562 803 τοὺς
594 737 704 792 τῶν
736 736 1051 791 ἀποστόλων
1078 737 1483 810 ἀκουσομένους
1506 737 1566 791 τὸ
1607 739 1844 812 Χριστοῦ

242 832 445 905 ὄνομα,
479 827 578 885 εἴτ’
616 831 776 885 ἐᾶσαι
801 828 960 884 τοῦτο
988 832 1151 885 οἱονεὶ
1190 830 1465 903 πεφθῆναι
1493 833 1551 886 ὲν
1583 836 1701 896 ταῖς
1733 832 1847 886 δια-

243 925 426 988 νοίαις
448 923 558 977 τῶν
591 922 963 990 ἀκουσάντων,
995 923 1080 977 ἵνα
1110 924 1321 995 σιωπῆς
1335 925 1636 996 γενομένης
1661 926 1754 978 τοῦ
1780 925 1847 979 τὸ

241 1018 495 1073 τοιοῦτον
524 1017 653 1089 περὶ
679 1015 842 1072 αὑτοῦ
866 1017 1261 1090 κηρύσσεσθαι,
1292 1017 1673 1090 εὐκαιρότερον
1696 1020 1846 1072 ἐποι-

245 1108 529 1181 κοδομηθῇ
591 1110 705 1172 τοῖς
781 1108 1247 1180 προκατηχηθεῖσι
1316 1110 1552 1182 Χριστὸς
1638 1110 1845 1181 Ἰησοῦς

240 1199 686 1272 ἐσταυρωμένος,
737 1200 831 1253 καὶ
875 1202 940 1253 ἐκ
986 1200 1196 1270 νεκρῶν
1248 1201 1652 1272 ἐγηγερμένος·
1703 1202 1841 1274 ὅπερ

241 1292 304 1343 ἐν
336 1294 459 1355 ταῖς
489 1292 686 1363 ἀρχαῖς
719 1291 840 1345 οὐδὲ
873 1291 1028 1345 αὑτοί
1064 1293 1114 1345 οἰ
1154 1291 1443 1346 ἀπόστολοι
1475 1292 1713 1364 ᾔδεισαν·
1752 1294 1844 1363 γέ-

240 1394 497 1454 γραπται
521 1384 630 1454 γὰρ
656 1384 714 1436 ὲν
758 1385 873 1447 τοῖς
905 1382 999 1437 νῦν
1035 1382 1467 1454 ὲξεταζομένοις,
1506 1385 1611 1450 ὅτι,
1643 1404 1662 1438 (
1710 1385 1842 1439 ’Δπὸ

238 1472 371 1528 τότε
397 1471 600 1546 ἤρξατο
620 1475 649 1527 6
684 1474 892 1546 Ἰησοῦς
918 1474 1185 1530 δεικνύειν
1211 1479 1325 1540 τοῖς
1352 1476 1624 1548 μαθηταῖς
1650 1477 1838 1541 αὑτοῦ,

241 1566 333 1621 δτι
371 1567 453 1620 δεῖ
482 1567 645 1621 αὐτὸν
692 1569 773 1633 εἰς
815 1567 1165 1640 Ἰεροσόλυμα
1199 1565 1479 1632 ἀπελθεῖν,
1522 1589 1541 1621 ι
1575 1570 1669 1623 καὶ
1688 1569 1837 1634 τάδε,

242 1659 345 1711 καὶ
373 1660 500 1713 τάδε
527 1659 739 1714 παθεῖν.
778 1661 842 1713 Εἰ
874 1659 933 1714 δὲ
965 1660 1138 1714 ταῦτα
1172 1659 1268 1714 νῦν
1294 1662 1344 1714 οἰ
1378 1660 1670 1716 ἀπόστολοι
1706 1680 1839 1734 μαν-

241 1747 473 1803 θάνουσι
510 1750 661 1823 παρὰ
689 1751 785 1806 τοῦ
837 1750 1014 1824 Ἰησοῦ
1053 1752 1481 1824 ἀπαντησόμενα
1520 1753 1691 1825 αὐτῷ,
1738 1755 1838 1826 τὴν

242 1841 362 1897 ἀπὸ
401 1841 512 1895 τῶν
549 1842 940 1914 πρεσϐυτέρων
981 1842 1292 1915 ἐπιϐουλὴν,
1320 1843 1415 1897 καὶ
1447 1843 1523 1908 ὡς
1549 1844 1839 1918 ἀναιρεθή-

242 1946 425 1998 σεται,
452 1933 546 1986 καὶ
573 1932 647 1996 ὼς
674 1932 812 2004 μετά
840 1932 1009 1987 ταῦτα
1038 1937 1103 2006 τῇ
1130 1934 1291 2008 τρίτῃ
1321 1935 1508 2007 ἡμέρᾳ
1537 1936 1602 1989 ὲκ
1628 1936 1839 2008 νεκρῶν

243 2026 635 2096 ἀναστήσεται,
678 2023 733 2077 τί
781 2024 886 2096 χρὴ
941 2023 1184 2095 νομίζειν
1226 2027 1525 2095 ἐγνωκέναι
1575 2026 1840 2099 πρότερον

243 2118 376 2181 τοὺς
398 2116 876 2189 μαθητευομένους
910 2116 1022 2189 (51)
1052 2116 1204 2187 παρά
1228 2118 1341 2178 τοῖς
1366 2115 1684 2179 ἀποστόλοις
1712 2115 1840 2187 περὶ

244 2207 343 2262 τοῦ
394 2209 592 2280 Ἰησοῦ,
633 2209 667 2280 ἢ
700 2209 804 2272 ὅτι,
832 2210 882 2261 εἰ
920 2208 1016 2261 καὶ
1052 2206 1456 2278 κατηγγέλλετο
1490 2208 1673 2269 αὐτοῖς
1705 2208 1840 2277 Χρι-

247 2299 395 2364 στὸς,
420 2299 497 2364 ὡς
529 2303 587 2354 ὲν
620 2300 897 2369 εἰσαγωγῇ
931 2296 1334 2368 κατηγγέλλετο
1357 2297 1418 2350 οὐ
1456 2297 1733 2371 τρανούσῃ
1770 2297 1840 2350 τὰ

245 2396 371 2447 κατ’
403 2389 602 2460 αὐτόν;
646 2393 755 2446 Καὶ
785 2390 896 2461 γάρ
925 2391 954 2443 6
990 2389 1179 2462 Σωτὴρ
1213 2388 1372 2462 ἡμῶν
1403 2388 1675 2454 ἐϐούλετο,
1720 2391 1837 2443 δια-

247 2482 601 2556 στελλόμενος
645 2483 758 2546 τοῖς
794 2478 1084 2552 μαθηταῖς,
1121 2480 1209 2532 ἴνα
1257 2478 1446 2551 μηδενὶ
1476 2480 1723 2545 εἴπωσιν,
1757 2483 1842 2534 ὅτι

244 2579 409 2644 αὑτός
441 2579 589 2631 ἐστιν
623 2577 652 2629 6
676 2560 932 2646 Χριστὸς,
958 2571 1196 2645 τηρῆσαι
1218 2571 1317 2644 τὴν
1340 2571 1682 2644 τελειοτέραν
1708 2592 1774 2627 πε
1785 2576 1839 2648 ρὶ

244 2670 413 2726 αὑτοῦ
439 2668 790 2724 διδασκαλίαν
823 2664 1243 2739 ἐπιτηδειοτέρῳ
1268 2664 1444 2738 καιρῷ
1470 2667 1553 2721 ὅτι
1579 2667 1693 2738 (52)
1722 2668 1841 2722 ἐδύ-

243 2777 407 2818 ναντο
443 2759 793 2832 μαρτυρῆσαι
826 2761 940 2821 τοῖς
973 2757 1273 2829 ἑωρακόσιν
1304 2757 1466 2812 αὐτὸν
1497 2758 1838 2831 σταυρούμε-

243 2869 335 2905 νον
380 2849 450 2904 τά
500 2848 628 2921 περὶ
674 2848 775 2919 τῆς
828 2847 1180 2910 ἀναστάσεως
1217 2843 1384 2900 αὐτοῦ
1436 2847 1486 2899 ol.
1532 2848 1839 2919 ἑωρακότες

245 2941 412 2995 αὐτὸν
453 2939 854 3012 σταυρούμενον
887 2938 982 2992 καὶ
1014 2938 1320 2992 ἀναστάντα
1349 2937 1607 3009 μαθηταί.
1638 2940 1701 2991 Εἰ
1728 2939 1838 3011 γὰρ

242 3035 296 3087 οἱ
328 3033 418 3087 ἀεὶ
456 3032 607 3104 αὖτῷ
636 3031 888 3094 συνόντες
920 3031 1031 3101 (55)
1064 3030 1373 3095 ἀπόστολοι,
1405 3031 1500 3084 καὶ
1531 3030 1710 3084 πάντα
1737 3032 1838 3084 ἐω-

247 3125 478 3197 ρακότες
510 3122 549 3177 ὃ.
570 3122 746 3176 ἐποίει
781 3121 1077 3192 θαυμάσια,
1106 3122 1202 3176 καὶ
1229 3121 1635 3194 μαρτυροῦντες
1668 3120 1835 3176 αὑτοῦ

241 3218 356 3280 τοῖς
393 3216 594 3284 λόγοις,
624 3216 706 3269 ὅτι
743 3215 964 3286 ῥήματα
1002 3212 1151 3284 ζωῆς
1184 3213 1405 3266 αἰωνίου
1432 3209 1595 3285 ἦσαν,
1641 3215 1838 3267 ὲσκαν-

243 3309 573 3381 δαλίοθησαν
624 3308 756 3379 περ).
802 3306 901 3380 τὴν
949 3304 1120 3359 νύκτα
1164 3305 1259 3359 τοῦ
1309 3296 1665 3377 ’προδεδόσθαι
1721 3305 1832 3378 (54)

247 3399 431 3454 αὐτόν’
474 3399 525 3451 τί
563 3397 666 3451 οῐει
710 3396 904 3451 παθεῖν
935 3396 1062 3460 τοὺς
1111 3397 1374 3468 πρότερον
1421 3396 1714 3467 μαθόντας,
1754 3397 1837 3449 ὅτι

247 3489 407 3557 αὐτὸς
437 3490 523 3563 εἴη
552 3493 583 3545 6
617 3489 886 3563 Χριστός;
926 3481 1049 3553 Ὧν,
1097 3485 1271 3561 οἶμαι,
1307 3489 1623 3560 φειδόμενος
1659 3488 1834 3542 ταῦτα

242 3582 598 3638 διεστείλατο.

326 3673 384 3728 '0
421 3674 477 3728 δὲ
516 3675 836 3747 βουλόμενος
864 3674 933 3727 τὰ
965 3673 1234 3745 εἰρημένα
1283 3673 1420 3744 πρὸς
1468 3672 1593 3735 τοὺς
1626 3670 1837 3724 δώδεκα

241 3767 324 3830 εἰς
351 3768 477 3830 τοὺς
509 3765 650 3838 μετά
684 3765 863 3820 ταῦτα
906 3763 1278 3834 ἀναφέρεσθαι
1312 3762 1559 3834 χρόνους,
1592 3761 1689 3814 καὶ
1726 3777 1835 3833 μη-

241 3859 389 3912 δέπω
414 3856 848 3931 κατηγγελκέναι
882 3857 1007 3919 τοὺς
1035 3854 1368 3917 ἀποστόλους
1401 3855 1513 3916 τοῖς
1545 3850 1835 3905 ἀκούουσιν

241 3951 445 4017 αὐτῶν,
486 3953 568 4005 ὅτι
594 3951 758 4016 αὐτὸς
787 3952 870 4022 εἴη
904 3950 933 4001 6
957 3949 1212 4020 Χριστὸς,
1249 3948 1432 4018 φήσει,
1470 3946 1551 3999 ὅτι
1584 3944 1835 3998 ἐϐούλετο

241 4043 547 4115 τηρηθῆναι
571 4042 671 4113 τὴν
696 4040 792 4095 τοῦ
827 4037 1067 4111 Χριστοῦ
1115 4038 1325 4092 ἔννοιαν
1351 4035 1832 4106 ὲπιπεπλεγμένην

241 4136 324 4206 τῷ
358 4134 535 4208 Ἰησοῦ
566 4135 813 4207 ὀνόματι,
844 4136 911 4205 τῇ
938 4131 1248 4204 τελειοτέρᾳ
1269 4172 1283 4195 ,
1319 4130 1413 4184 καὶ
1446 4128 1698 4200 σωτηρίῳ
1735 4145 1835 4200 κη-

1951 659 2038 705 cta
2059 650 2140 712 ⁵⁵,
2180 668 2197 700 ι
2235 647 2381 704 dicet
2421 647 2707 702 instituere
2753 648 2989 716 primum
3034 647 3272 702 voluisse
3308 663 3402 703 eos
3444 649 3542 719 qui

1949 741 2018 796 ab
2046 740 2309 810 apostolis
2349 738 2553 795 Christi
2598 756 2795 792 nomen
2844 749 2999 793 erant
3047 738 3310 804 audituri,
3346 740 3542 795 deinde

1950 848 2077 887 vero
2104 833 2159 886 in
2186 832 2499 887 auditorum
2539 830 2739 885 animis
2764 829 2922 901 535
2961 830 3011 884 id
3063 830 3220 900 quasi
3268 832 3540 899 concoqui

1947 922 2162 987 sivissc,
2195 929 2253 978 ut
2285 922 2502 976 silentio
2547 920 2751 990 pressis
2808 921 2972 975 rebus
3022 919 3288 990 ejusmodi
3332 921 3400 975 de
3447 920 3542 975 illo

1946 1015 2281 1089 prmdicatis,
2334 1015 2598 1069 doctrinae
2642 1011 2807 1081 hujus
2862 1012 3148 1067 elementis
3209 1028 3332 1085 qua:
3385 1013 3540 1082 prius

1948 1106 2147 1161 tradita
2176 1105 2416 1172 fuerant,
2448 1107 2824 1175 tempestivius
2870 1114 3338 1173 superstruerelnr
3377 1105 3540 1159 Chri-

1947 1213 2066 1259 stus
2089 1202 2248 1258 Jesus
2279 1201 2578 1258 cruciﬁxus
2607 1210 2662 1255 ct
2694 1216 2726 1255 a
2749 1200 2982 1255 mortuis
3011 1200 3313 1255 suscitatus
3338 1217 3352 1265 ;
3385 1203 3534 1270 quod

1946 1296 2173 1366 necipsi
2198 1297 2417 1367 quidem
2457 1295 2614 1350 initio
2652 1295 2897 1350 sciebant
2933 1296 3163 1364 apostoli
3200 1314 3213 1349 :
3272 1296 3535 1366 scriptum

1943 1397 2027 1445 est
2055 1388 2199 1443 enim
2249 1389 2302 1442 in
2355 1388 2422 1443 iis
2466 1404 2588 1457 quze
2634 1403 2779 1442 nunc
2831 1386 3211 1455 expendimus,
3263 1404 3281 1438 ι
3342 1388 3540 1443 exinde

1944 1481 2180 1549 coepisse
2205 1477 2391 1534 Jesum
2416 1479 2707 1533 ostendere
2729 1477 3014 1548 discipulis
3048 1479 3185 1545 suis,
3220 1479 3348 1549 quia
3375 1495 3539 1549 opor-

1947 1579 2083 1626 teret
2116 1586 2240 1624 eum
2280 1571 2359 1625 ire
2392 1568 2817 1641 Jerosolymam,
2850 1589 2869 1621 ι
2915 1578 2969 1623 et
3016 1569 3152 1632 haec,
3205 1579 3366 1640 atque
3423 1571 3537 1625 haec

1947 1662 2081 1731 pati.
2114 1661 2272 1729 Quod
2305 1661 2351 1715 si
2391 1659 2625 1731 apostoli
2650 1675 2799 1714 nunc
2821 1659 3058 1731 primum
3087 1676 3116 1714 a
3159 1659 3283 1716 Jesu
3318 1662 3539 1717 discunt

1944 1751 2197 1807 futurum
2232 1760 2295 1807 ut
2329 1752 2443 1806 haec
2480 1751 2554 1804 illi
2589 1752 2866 1817 eveniant,
2909 1759 2969 1806 ut
3014 1766 3207 1821 nempe
3250 1752 3466 1807 insidiis
3504 1767 3535 1807 a

1942 1843 2250 1898 senioribus
2277 1850 2581 1912 appetatur,
2613 1856 2677 1896 ac
2706 1842 2772 1897 de
2804 1841 2985 1895 medio
3012 1842 3252 1906 tollatur,
3281 1858 3346 1896 ac
3380 1850 3535 1913 pust-

1943 1952 2007 1992 ea
2044 1937 2203 1992 tertia
2251 1935 2338 1989 die
2386 1949 2416 1987 a
2466 1934 2699 1989 mortuis
2752 1940 3038 2005 resurgat,
3084 1935 3213 2003 quid
3270 1935 3416 1989 aliud
3468 1935 3537 1989 de

1940 2026 2071 2084 Jesu
2121 2027 2274 2097 prius
2305 2027 2628 2096 eugnovisse
2655 2040 2748 2080 eos
2778 2024 2871 2094 qui
2904 2025 2972 2079 ab
3016 2027 3276 2095 apostolis
3322 2027 3539 2081 erudie-

1941 2119 2166 2185 bantur,
2202 2119 2522 2174 existimare
2565 2126 2993 2173 consentaneum
3036 2127 3139 2180 est,
3185 2133 3348 2187 quam
3386 2118 3535 2187 quod

1941 2212 2158 2267 etiamsi
2189 2213 2610 2269 annuntiaretur
2655 2209 2722 2265 iis
2767 2208 3044 2276 Christus,
3096 2211 3167 2264 ita
3218 2220 3396 2265 tamen
3436 2225 3536 2264 an-

1944 2302 2295 2358 nuntiabatur
2351 2301 2508 2372 quasi
2562 2315 2657 2370 per
2727 2301 3119 2355 elementorum
3187 2301 3531 2356 traditionem

1942 2391 2179 2448 dilucide
2206 2406 2313 2446 non
2340 2399 2700 2461 exponentem
2734 2404 2856 2460 quas
2891 2390 2958 2445 ad
2991 2374 3141 2444 illum
3182 2391 3537 2460 spectabant?

1944 2482 2171 2539 Volebat
2206 2483 2407 2553 quippe
2448 2480 2709 2537 Servatur
2751 2489 2957 2549 noster,
2990 2482 3272 2552 discipulis
3315 2482 3536 2538 edieens

1942 2592 2011 2631 ne
2044 2576 2300 2645 cuiquam
2333 2589 2392 2631 se
2425 2589 2547 2630 esse
2564 2572 2844 2628 Christum
2863 2573 3127 2639 dicerent,
3154 2574 3530 2644 perfectiorem

1942 2668 2008 2723 de
2034 2682 2093 2723 se
2133 2667 2439 2723 doctrinam
2480 2668 2534 2721 in
2583 2666 2925 2723 commodius
2964 2674 3179 2737 tempus
3221 2682 3529 2735 reservare;

1942 2760 2011 2816 iis
2039 2759 2240 2831 quippe
2267 2760 2361 2830 qui
2388 2774 2511 2815 eum
2550 2758 2873 2815 cruciﬁxum
2919 2758 3167 2814 viderant
3195 2758 3381 2814 testari
3431 2775 3531 2828 pu—

1949 2859 2128 2907 terant
2154 2859 2277 2920 qua:
2306 2850 2372 2906 ad
2401 2851 2523 2922 ejus
2560 2849 3019 2906 resurrectionem
3063 2850 3407 2921 pertinebant
3445 2850 3532 2905 di-

1939 2942 2158 3012 scipuli,
2197 2942 2290 3011 qui
2326 2957 2451 2997 eum
2488 2952 2541 2997 et
2594 2941 2915 2998 crucilixum
2954 2941 3203 2996 viderant
3243 2952 3298 2996 et
3344 2958 3525 2997 resur-

1939 3044 2176 3107 gentem.
2208 3032 2344 3088 Nam
2388 3035 2431 3090 si
2459 3036 2688 3104 apostoli
2737 3036 2829 3106 qui
2873 3034 3105 3090 comites
3151 3034 3229 3088 illi
3270 3043 3530 3103 perpetuo

1939 3127 2197 3191 aderant,
2255 3134 2310 3180 et
2355 3141 2692 3196 quaecunque
2765 3126 3028 3183 miracula
3095 3125 3341 3180 ediderat
3399 3141 3533 3180 con-

1864 3250 1905 3307 ε
1940 3226 2249 3290 spexerant,
2280 3226 2334 3271 et
2360 3217 2505 3273 illius
2527 3232 2812 3274 sermones
2832 3218 2995 3274 verba
3017 3231 3142 3273 esse
3163 3217 3286 3272 vitae
3312 3226 3530 3273 aeterna

1940 3307 2255 3364 testimonio
2308 3322 2405 3361 suo
2469 3308 2931 3377 comprobabant,
3004 3321 3067 3361 ea
3126 3315 3285 3362 nocte
3336 3304 3527 3362 offensi

1940 3409 2089 3466 sunt,
2120 3398 2265 3468 quod
2309 3398 2556 3467 proditus
2603 3398 2831 3467 fuisset;
2880 3398 3010 3469 quid
3052 3415 3314 3469 passuros
3359 3399 3529 3455 fuisse

1940 3491 2225 3550 existimas
2251 3490 2344 3560 qui
2376 3489 2528 3559 prius
2557 3490 2839 3545 Chrismm
2864 3506 2988 3545 eum
3016 3506 3141 3546 esse
3174 3491 3530 3546 didit-issent?

1943 3581 2177 3648 Quibus,
2208 3579 2427 3648 Opinor,
2458 3593 2689 3647 parcens
2724 3579 2836 3633 haec
2861 3578 3136 3648 praecepit.

2006 3674 2094 3728 18.
2130 3671 2235 3737 Qui
2270 3679 2477 3740 pugnat
2513 3678 2697 3725 autent
2743 3687 2808 3726 ca
2866 3685 2988 3739 quae
3037 3668 3322 3723 duodecim
3378 3669 3527 3725 dicta

1936 3774 2086 3831 sunt,
2127 3764 2195 3819 ad
2246 3760 2642 3829 consequentia
2701 3770 2945 3829 tempora
3002 3759 3217 3824 referri,
3261 3774 3361 3814 nec
3407 3759 3533 3815 suis

1934 3856 2047 3911 ullo
2086 3854 2251 3910 modo
2301 3852 2642 3909 auditoribus
2684 3851 2963 3921 apostolos
3003 3851 3287 3905 nuntiasse
3340 3850 3524 3919 ipsum

1938 3960 2063 4002 esse
2092 3944 2395 4010 Christum,
2424 3942 2569 3997 dicet
2602 3942 2839 3996 voluisse
2866 3940 3019 3994 illum
3056 3938 3330 3993 notionem
3359 3938 3525 3993 Chri-

1940 4037 2012 4093 sti
2046 4036 2337 4106 implexam
2370 4033 2579 4089 numini
2613 4032 2777 4103 536
2828 4030 2958 4087 Jesu
3000 4030 3068 4085 ad
3123 4030 3424 4094 meliorem,
3469 4040 3524 4087 et

1946 4128 2123 4199 magis
2146 4127 2441 4183 salutarem
2488 4123 2927 4196 praedicationem
2967 4122 3254 4190 reservari,
3304 4122 3524 4193 qualem

1446 4282 1677 4340 VETUS
1712 4281 2290 4337 INTERPRETATIO.

246 4425 393 4494 quod
425 4423 615 4480 leviter
643 4425 711 4480 de
748 4425 970 4480 Christo
1017 4424 1264 4479 auditum
1299 4422 1493 4486 fuerat,
1529 4422 1807 4494 digeratur
1848 4422 1902 4476 in
1937 4422 2192 4494 sensibus
2228 4420 2565 4494 auditorum,
2612 4420 2693 4479 sic
2731 4431 2786 4478 et
2814 4418 3176 4494 opportunius
3212 4418 3523 4494 insinuetur

245 4490 325 4550 eis
347 4494 509 4550 Jesus
532 4496 787 4551 Christus
815 4495 1136 4560 cruciﬁxus,
1174 4504 1229 4549 et
1249 4509 1312 4549 ex
1352 4490 1935 4563 mortuis'suscitatus.
1980 4490 2137 4563 Quod
2178 4491 2466 4563 inprimis
2511 4508 2614 4547 nec
2658 4494 2758 4563 ipsi
2810 4490 3040 4561 apustoli
3095 4490 3516 4563 cognoscebant,

244 4566 387 4620 sicut
421 4581 659 4635 praesens
683 4582 862 4621 sermo
886 4559 1382 4635 testatur-dicens:
1418 4582 1436 4613 ι
1472 4562 1682 4635 Exinde
1701 4564 1869 4635 coepit
1892 4559 2491 4635 ostenderediscipulis
2514 4634 2520 4635 ί
2542 4559 2694 4635 suis,-
2715 4559 2978 4635 quoniam
3012 4569 3230 4630 oportet
3265 4559 3343 4612 ire
3389 4576 3517 4635 eum

243 4635 297 4690 in
321 4630 649 4700 Jerusalem,
686 4646 740 4691 et
764 4637 931 4689 multa
959 4637 1067 4705 pati
1102 4651 1131 4689 a
1161 4633 1489 4705 senioribus,
1525 4642 1576 4687 et
1606 4630 1963 4702 principibus,
1997 4641 2048 4687 et
2070 4632 2291 4705 scribis,
2320 4640 2380 4705 et
2408 4634 2603 4705 occidi,
2637 4643 2690 4689 et
2727 4630 2881 4688 tertia
2923 4633 3012 4687 die
3048 4644 3351 4705 resurgere.
3381 4647 3400 4680 ι
3458 4630 3519 4705 Si

242 4715 428 4777 autem
463 4715 594 4762 tunc
619 4697 847 4777 apostoli
879 4697 1298 4777 haecdiscchant
1326 4707 1392 4758 de
1413 4697 1835 4777 Jesu_qu:e-erat
1866 4697 2153 4777 passurus,
2202 4704 2332 4777 quid
2382 4703 2701 4777 existimare
2744 4704 3004 4777 debemus
3047 4697 3220 4777 scisse
3257 4697 3411 4767 prius
3449 4700 3519 4753 de

241 4775 464 4831 Christo
493 4794 590 4833 eus
620 4770 713 4846 q'ui
740 4778 807 4830 ab
836 4777 1099 4846 apostolis
1125 4775 1502 4829 docebantur?
1529 4770 1664 4828 Nam
1687 4775 1790 4830 etsi
1821 4770 2253 4829 annuntiabatur
2282 4773 2362 4846 eis
2392 4772 2667 4839 Christus,
2699 4775 2856 4846 quasi
2880 4773 2932 4826 in
2969 4770 3303 4846 inductione,
3325 4779 3380 4822 et
3407 4783 3517 4823 non

244 4846 538 4902 manifeste
569 4840 1016 4901 annuntiahatur.
1048 4844 1172 4899 Ideo
1204 4856 1257 4899 et
1288 4846 1540 4899 Salvator
1564 4846 1786 4899 mittens
1813 4846 2112 4914 apostolos,
2158 4845 2374 4899 volebat
2413 4853 2473 4897 ut
2505 4840 2991 4898 nemini—dicerent
3026 4840 3329 4914 manifeste
3372 4854 3515 4908 quu-

242 4916 391 4971 niam
417 4918 533 4986 ipse
561 4926 678 4971 erat
711 4917 987 4976 Christus,
1015 4916 1265 4970 videlicet
1290 4925 1349 4970 ut
1375 4916 1754 4985 perfectiurem
1782 4912 1860 4970 de
1883 4931 1948 4970 co
1980 4916 2286 4986 doctrinam
2331 4916 2386 4968 in
2420 4925 2700 4985 posterum
2731 4912 3109 4986 opportunius
3146 4918 3510 4986 reservarem,

241 4978 465 5055 quando
487 4996 738 5057 poterant
771 4986 1097 5041 ammntiare
1129 4987 1207 5040 eis
1236 4987 1330 5056 qui
1353 4978 1476 5039 e'nm
1511 4986 1762 5039 viderant
1793 4986 2118 5057 crucilixum
2161 4978 2661 5057 deiresuri'ectione
2692 4978 2921 5057 ejus'ex
2973 4981 3225 5057 mortuis.
3261 4978 3319 5033 Si
3365 4981 3510 5057 enim

243 5049 849 5139 apostoli-quisemper
876 5057 1030 5125 juxta
1052 5071 1188 5138 .cutn
1220 5049 1461 5139 fuerunt,
1493 5064 1547 5109 et
1587 5057 1839 5109 viderunt
1870 5056 2133 5110 miracula
2159 5056 2420 5139 universa
2461 5070 2583 5137 quae.
2623 5049 2769 5120 fecit,
2805 5065 2856 5108 et
2908 5053 3280 5139 testimonium
3316 5049 3514 5139 perhi-

242 5121 483 5182 buerunt
513 5121 694 5184 verbis
721 5121 1159 5197 ejus,'quuniam
1185 5125 1356 5197 verba
1386 5128 1507 5179 vitae
1533 5134 1749 5197 {etet-nae
1789 5134 1966 5197 erant,
2006 5125 2357 5197 scandalizati
2396 5121 2524 5180 sunt
2572 5126 2641 5197 in
2677 5140 2740 5179 ea
2798 5134 2958 5178 nocte
3007 5139 3119 5197 qua
3150 5121 3509 5197 tradebatur;

282 5198 372 5251 uid
401 5190 859 5253 arbitramur'eos
885 5190 1157 5267 passuros
1176 5194 1346 5251 fuisse
1363 5196 1461 5267 qui
1493 5196 1728 5267 primum
1781 5196 2096 5267 audiebant,
2120 5197 2188 5267 psi
2227 5195 2680 5267 audissent_quia
2728 5197 3001 5267 ipseerat
3028 5190 3326 5267 Christus?
3356 5190 3514 5267 Sicut

266 5261 373 5321 ’ecit
400 5267 601 5324 Paulus
627 5261 1050 5324 Atheniensibus
1074 5266 1253 5320 adhuc
1276 5261 1506 5320 rudibus
1532 5265 1868 5328 constitutis,
1902 5266 2235 5320 annuntians
2264 5266 2346 5321 eis
2378 5281 2484 5319 non
2506 5261 2785 5319 Christum
2819 5264 3015 5318 Filium
3047 5263 3163 5326 Dei,
3201 5263 3295 5317 sed
3328 5261 3508 5314 virum

242 5339 535 5418 quemdam
570 5341 671 5418 hoc
696 5340 896 5418 modo:
931 5356 950 5389 ί
990 5336 1261 5405 Tempora
1299 5337 1464 5418 igitur
1488 5336 1813 5418 ignorantia}
1843 5336 2150 5418 despiciens
2195 5337 2360 5417 Deus,
2401 5351 2547 5417 nunc
2578 5336 2863 5417 denuntiat
2897 5335 3152 5388 omnibus
3193 5329 3514 5418 hominibus

244 5401 446 5477 ubique
475 5410 847 5478 paenitentiam
883 5423 1062 5478 agere,
1090 5401 1156 5478 eo
1189 5401 1345 5475 quod
1364 5401 1554 5460 statuit
1581 5405 1724 5478 diem
1757 5401 2006 5474 judicare
2035 5408 2223 5461 urbem
2257 5407 2312 5460 in
2352 5407 2626 5475 aequitate,
2669 5408 2726 5460 in
2754 5407 2931 5459 virum
2962 5419 3122 5474 quem
3158 5401 3346 5458 smtuit
3372 5413 3512 5470 prae-

242 5475 391 5532 stare
419 5475 576 5532 fidem
606 5481 884 5546 omnibus,
919 5475 1257 5533 resuscitans
1283 5492 1405 5530 eum
1432 5492 1462 5530 a
1491 5475 1737 5529 mortuis.
1774 5494 1791 5525 ι

311 5571 358 5604 ⁸⁸
398 5570 587 5627 Matth.
618 5590 674 5637 κ,
713 5574 802 5630 27.

314 5691 428 5762 (50)
480 5691 760 5745 Ἀκούετε.
802 5692 997 5762 Codex"
1025 5691 1338 5762 Vaticanus,
1378 5690 1671 5761 ἀκηκόατε.

316 5760 431 5830 (Si)
465 5761 1010 5832 Μαθητευομένους.
1044 5765 1223 5819 Codex
1255 5760 1605 5825 Tarinianus,
1646 5761 1817 5832 μαθη-

246 5833 622 5902 τευσομένρυς.

317 5897 429 5976 (5:2)
458 5897 600 5959 Ὅτι.
629 5902 801 5960 Codd.
839 5897 1038 5981 [legitis
1073 5912 1126 5960 et
1150 5903 1468 5970 Vaticanus,
1501 5903 1610 5957 ὅτε.

2000 5690 2111 5761 (55)
2156 5692 2225 5742 Εἰ
2260 5690 2370 5757 γὰρ
2418 5690 2470 5741 οἱ
2512 5688 2603 5742 ἀεὶ
2635 5687 2794 5761 αέιτῴ
2824 5687 3138 5761 συνόντες,
3160 5693 3278 5761 ειςἶ
3314 5680 3508 5761 Hieru-

1932 5754 2630 5834 nyinu's,tilirysustomus,
2663 5757 3121 5834 Theophylactus,
3158 5754 3497 5821 Enthvmius.

2005 5831 2116 5903 (Si)
2155 5828 2340 5887 Codex
2372 5828 2639 5895 Vatican.,
2679 5828 3039 5903 προδίδοσθαι.
