4028 6296
362 451 503 507 1055

1836 430 2158 488 ORICENIS

3480 412 3627 468 1036

430 566 524 621 25.
584 564 775 618 Postea
825 558 1210 628 inquirendum
1253 556 1403 611 venit
1450 570 1678 611 curnam
1731 552 1932 607 dixerit

2106 548 2259 603 Μετά
2291 547 2461 601 ταῦτα
2493 545 2752 617 ζητητέον
2799 544 2915 608 πῶς
2948 543 3135 615 εἴρηκε
3167 540 3244 613 τῷ
3290 539 3483 613 Πέτρῳ
3523 541 3589 594 τό
3611 558 3626 572 ·

362 656 523 713 Petro
544 656 626 707 ":
676 672 696 704 c
730 651 1055 706 Scantlalum
1103 666 1164 704 es
1197 650 1359 713 mihi;
1389 667 1407 701 ο
1456 663 1579 703 cum
1637 645 1933 715 praesertim

360 749 506 804 dicat
553 744 721 798 David
745 744 791 775 "
836 761 849 796 :
901 760 918 793 ι
970 740 1080 796 Pax
1141 742 1308 796 multa
1358 739 1707 809 diligentibus
1758 739 1931 805 legem

361 847 533 900 tuam,
568 844 620 887 et
653 847 757 888 non
785 841 867 889 est
897 831 1004 886 illis
1035 830 1375 887 scandalum.
1406 848 1425 880 ι
1475 828 1625 883 Dicet
1651 827 1796 882 enim
1833 825 1936 879 ali-

359 926 521 995 quis:
544 923 601 979 Si
620 931 847 992 propter
867 936 1056 977 eorum
1081 920 1489 986 ﬁrmitudinem,
1505 919 1599 989 qui
1620 916 1938 975 charitatem

367 1017 597 1080 habent,
628 1021 684 1069 et
720 1012 991 1068 scandalis
1031 1011 1257 1070 obnoxii
1286 1026 1396 1066 non
1423 1020 1589 1067 sunt:
1626 1028 1644 1061 ι
1684 1006 1939 1064 Charitas

362 1112 508 1167 enim
543 1108 727 1164 omnia
758 1104 982 1167 suﬁert,
1030 1102 1214 1160 omnia
1257 1100 1452 1167 credit,
1500 1098 1685 1155 omnia
1735 1105 1936 1167 sperat,

361 1203 547 1259 otunia
574 1200 807 1254 sustinet
833 1212 848 1251 :
871 1195 1110 1251 charitas
1136 1207 1414 1262 nunquam
1438 1188 1733 1255 excidit”;
1763 1206 1781 1239 ι
1807 1187 1859 1242 id
1886 1187 1938 1239 in

362 1293 630 1365 propheta
659 1289 864 1345 dictum
894 1295 1011 1351 est;
1037 1299 1274 1355 quanam
1292 1282 1503 1339 ratione
1525 1299 1543 1332 ι
1570 1280 1812 1336 allevans
1837 1276 1941 1331 Do-

363 1387 547 1441 minus
559 1396 752 1440 omnes
765 1379 857 1448 qui
874 1385 1217 1442 corruunt,et
1230 1377 1447 1444 erigens
1458 1386 1651 1428 omnes
1661 1370 1824 1425 elisos
1836 1369 1903 1431 ⁸⁸,
1916 1386 1935 1419 ι

363 1474 528 1533 Petro
550 1470 687 1529 dixit
712 1487 725 1523 :
755 1465 1116 1523 tScandalum
1141 1462 1301 1535 552
1326 1462 1456 1517 mihi
1483 1461 1577 1516 es?
1596 1480 1616 1513 ι
1646 1457 1940 1514 Dicendum

361 1571 546 1623 autem
564 1558 823 1621 seandalo
849 1556 1149 1613 obnoxium
1167 1570 1271 1608 non
1290 1567 1435 1616 esse,
1453 1566 1559 1606 non
1577 1551 1755 1619 ipsum
1782 1548 1943 1607 modo

365 1654 737 1716 Servatorem,
756 1649 848 1709 sed
868 1656 921 1709 et
934 1662 1061 1707 eum
1079 1647 1170 1715 qui
1191 1645 1245 1698 in
1264 1644 1529 1699 charitate
1546 1639 1940 1712 perfectionem

367 1749 598 1817 adeptus
634 1750 755 1807 est;
798 1749 856 1794 at
920 1745 1184 1807 quantum
1219 1736 1273 1789 in
1314 1749 1381 1788 eo
1413 1742 1498 1789 est
1524 1732 1617 1803 qui
1651 1732 1777 1788 talia
1812 1730 1944 1786 dicit

370 1838 456 1891 vel
499 1836 657 1898 facit,
711 1829 995 1889 offensioni
1024 1828 1338 1885 etiam-esse
1370 1824 1522 1880 illum
1554 1824 1634 1879 vel
1663 1823 1711 1878 ei
1737 1821 1830 1893 qui
1860 1820 1946 1877 oi—

2043 659 2062 694 (
2100 639 2399 694 Σκάνδαλόν
2436 654 2536 708 μου
2564 634 2644 690 εἷ·
2689 657 2708 688 ι
2745 635 2979 707 μάλιστα
3018 634 3139 689 ἐπεί
3175 648 3339 704 φησιν
3368 633 3398 685 ὸ
3427 632 3588 687 Δαυίδ

2043 748 2060 779 ι
2099 730 2300 800 Είρήνη
2330 727 2499 799 πολλὴ
2532 730 2645 789 τοῖς
2676 726 2931 794 ἀγαπῶσι
2953 725 3044 778 τὸν
3063 724 3226 796 νόμον
3262 740 3378 788 aeu,
3403 722 3497 776 καὶ
3526 723 3629 776 οὐκ

2038 820 2184 874 ἔστιν
2215 820 2400 884 αὐτοῖς
2449 817 2769 871 σκάνδαλον.
2806 836 2824 869 ι
2854 817 3018 890 Φήσει
3059 815 3171 887 γάρ
3193 831 3280 879 τις
3301 831 3314 845 ·
3349 814 3415 868 Ei.
3458 814 3546 869 διά
3566 816 3630 866 τὸ

2040 912 2256 983 βέϐαιον
2288 910 2397 963 τῶν
2427 910 2526 979 τὴν
2558 908 2778 981 ἀγάπην
2825 911 3078 979 ἑχόντων,
3111 907 3205 960 καὶ
3253 906 3629 961 άνεπιδέκτων

2040 1004 2210 1058 ὄντων
2250 1002 2346 1057 τοῦ
2393 1000 2860 1067 σκανδαλίζεσθαι’
2902 1018 2923 1052 t
2970 1001 3032 1054 Ἥ
3079 999 3268 1069 ἀγάπη
3302 996 3410 1070 γὰρ
3445 997 3627 1053 πάντα

2041 1094 2242 1163 στέγει,
2277 1093 2453 1147 πάντα
2501 1091 2768 1155 πιστεύει,
2799 1090 2977 1144 πάντα
3015 1087 3248 1155 ἐλπίζει,
3279 1090 3452 1144 πάντα
3482 1091 3622 1143 ὐπο-

2044 1180 2215 1250 μένει,
2254 1182 2286 1250 ἡ
2320 1180 2505 1250 ἀγάπη
2536 1179 2790 1235 οὐδέποτε
2821 1178 3106 1231 ἐκπίπτει·
3144 1197 3163 1231 ι
3209 1179 3422 1250 εἴρηται
3461 1179 3622 1234 τοῦτο

2040 1273 2097 1327 ὲν
2145 1271 2223 1342 τῷ
2273 1271 2547 1342 προφήτῃ,
2590 1267 2709 1332 πῶς
2750 1269 2913 1332 αὐτὸς
2941 1271 2969 1322 ὁ
3008 1269 3232 1341 Κύριος,
3272 1288 3292 1322 ι
3328 1271 3616 1343 ὑποστηρί-

2041 1360 2148 1425 ζων
2182 1360 2390 1424 πάντας
2419 1361 2544 1425 τοὺς
2577 1360 3038 1425 καταπίπτοντας,
3084 1361 3177 1413 καὶ
3208 1360 3451 1432 ἀνορθῶν
3483 1365 3620 1416 πάν-

2042 1469 2140 1519 τας
2170 1453 2294 1517 τοὺς
2324 1450 2823 1524 κατερραγμένους,
2862 1469 2881 1501 ι
2902 1446 3021 1507 εἷπε
3052 1451 3133 1521 τῷ
3163 1451 3357 1524 Πέτρῳ
3378 1468 3392 1481 ·
3419 1473 3437 1503 ι
3463 1452 3635 1509 Σκάν-

2040 1544 2197 1598 δαλόν
2229 1527 2328 1615 μού
2357 1539 2428 1610 εἷ;
2467 1563 2485 1596 ι
2518 1544 2752 1598 Λεκτέον
2779 1542 2868 1607 δὲ,
2895 1543 2976 1597 ὅτι
2998 1543 3345 1609 ἀνεπίδεκτος
3382 1546 3480 1615 μὲν
3510 1544 3624 1600 ἔστι

2041 1634 2135 1688 τοῦ
2162 1633 2608 1697 σκανδαλίζεσθαι
2630 1635 2692 1686 ού
2728 1634 2884 1705 μόνον
2908 1634 2937 1685 ὁ
2965 1632 3177 1705 Σωτὴρ,
3210 1632 3348 1687 ἀλλά
3378 1634 3474 1688 καὶ
3512 1636 3541 1689 ὁ
3567 1636 3624 1686 ἐν

2042 1725 2229 1797 ἀγάπῃ
2274 1724 2729 1795 τετελειωμένος·
2782 1723 2843 1777 τδ
2879 1724 3002 1779 ὅσον
3038 1723 3096 1776 δὲ
3138 1725 3225 1794 ἐφ’
3276 1723 3454 1795 ἑαυτῷ
3482 1726 3511 1777 ὁ
3558 1728 3625 1779 τά

2042 1818 2266 1873 τοιαῦτα
2311 1817 2548 1888 λέγωνῆ
2589 1817 2869 1887 πράττων,
2918 1815 3209 1871 σκάνδαλον
3250 1819 3368 1872 ἐστι
3400 1818 3494 1873 καὶ
3526 1816 3625 1870 τοῦ

371 1928 561 1987 fensus
595 1922 802 1993 alioqui
822 1937 929 1976 non
962 1919 1180 1984 fuisset;
1206 1918 1311 1975 nisi
1341 1914 1573 1977 fortasse
1594 1913 1755 1975 lenus
1776 1911 1938 1973 disci-

2046 1908 2120 1980 μὴ
2173 1906 2801 1978 σκανδαλισθησομένου·
2852 1908 2900 1959 εί
2955 1908 3031 1977 μὴ
3081 1906 3188 1979 ἄρα
3227 1906 3319 1961 τὸν
3374 1907 3627 1978 μαθητὴν

244 2019 261 2032 ⁵
366 2020 553 2088 pulum
607 2022 921 2085 peccantem
959 2010 1314 2072 scandalum,
1346 2018 1509 2075 atque
1542 2006 1673 2061 illud
1717 2004 1937 2075 quidem

365 2126 527 2167 suum
581 2107 847 2177 appellat,
900 2114 1086 2174 utpote
1128 2111 1344 2171 propter
1392 2099 1715 2153 charitatem
1768 2096 1939 2153 multo

363 2198 527 2257 etiam
544 2195 719 2265 magis
735 2210 898 2264 quam
923 2192 1123 2248 Paulus
1144 2188 1445 2245 dicturus"
1473 2205 1486 2240 :
1516 2187 1679 2253 «Quis
1703 2186 1943 2241 infirma-

360 2301 474 2357 tur,
497 2299 551 2345 et
577 2302 679 2358 ego
708 2301 815 2341 non
842 2282 1122 2339 infirmor?
1149 2280 1286 2347 Quis
1311 2280 1736 2343 scandalizatur,
1758 2286 1813 2337 et
1841 2291 1941 2346 ego

366 2398 476 2437 non
517 2381 683 2439 uror?
713 2398 730 2430 ι
794 2377 957 2432 ius-ta
992 2375 1136 2446 quod
1172 2372 1334 2433 scribi
1364 2380 1541 2442 potest
1573 2387 1587 2423 :
1619 2369 1754 2436 Quis
1777 2383 1941 2429 scan.

366 2475 659 2535 dalixatur,
687 2479 743 2526 et
771 2484 871 2540 ego
899 2483 1006 2525 non
1039 2464 1423 2523 scandalizor?
1463 2462 1624 2530 Quod
1667 2464 1711 2519 si
1759 2472 1940 2518 autem

365 2566 559 2620 Petrus
594 2572 815 2633 propter
843 2559 972 2615 illud
994 2558 1079 2610 "z
1110 2574 1128 2604 ι
1181 2556 1338 2635 Absit
1372 2571 1401 2610 a
1436 2564 1508 2621 te,
1534 2554 1780 2624 Domine,
1832 2571 1940 2610 non

372 2659 476 2713 erit
508 2657 603 2711 tibi
632 2655 755 2720 hoc,
789 2672 808 2704 ι
857 2648 1175 2707 scandalum
1219 2661 1251 2702 a
1293 2644 1422 2702 Jesu
1461 2654 1591 2703 tunc
1621 2644 1798 2701 dictus
1833 2654 1940 2708 cst,

365 2745 528 2816 quasi
559 2745 615 2801 in
644 2744 712 2800 iis
734 2757 858 2812 quae
892 2739 1031 2799 dixit
1057 2753 1120 2799 ea
1145 2751 1268 2807 quae
1296 2734 1391 2793 Dei
1428 2742 1558 2791 sunt
1588 2734 1810 2790 minime
1853 2750 1943 2789 suo

365 2835 541 2906 piens,
597 2830 690 2891 sed
742 2845 807 2886 ea
850 2842 973 2898 qua:
1023 2825 1303 2883 hominum
1352 2831 1519 2887 sunt;
1583 2822 1716 2894 quid
1759 2824 1827 2877 de
1875 2822 1944 2876 iis

362 2926 624 2985 omnibus
666 2920 955 2979 dicendum
1002 2926 1087 2973 est
1126 2916 1220 2985 qui
1250 2914 1456 2973 Christi
1496 2914 1801 2969 doctrinam
1851 2929 1943 2967 ca-

2054 1998 2259 2070 Ἰησοῦς
2301 1999 2681 2069 ἁμαρτάνοντα
2732 1997 3024 2052 σκάνδαλον
3059 1998 3150 2051 καὶ
3177 1996 3371 2052 ἑαυτοῦ
3404 1999 3641 2075 ιὶτιεοκειηΔ

2041 2093 2144 2156 λετ,
2172 2093 2248 2154 ὡς
2280 2091 2460 2163 πολλῷ
2494 2091 2692 2163 μᾶλλον
2735 2091 2883 2163 παρὰ
2912 2090 3122 2145 Παῦλον
3156 2090 3242 2144 διὰ
3270 2091 3369 2162 τὴν
3394 2090 3623 2161 ἀγάπην

2042 2182 2210 2247 λέξων
2243 2181 2309 2235 ἄν
2327 2198 2340 2211 ·
2373 2200 2391 2233 ι
2428 2182 2524 2247 Τίς
2553 2181 2789 2244 ἀσθενεῖ,
2816 2181 2906 2235 καὶ
2938 2182 3039 2235 οὐκ
3062 2180 3270 2236 ἀσθενῶ
3293 2197 3308 2247 ;
3334 2180 3427 2244 Τίς
3453 2198 3617 2236 σκανο

2040 2271 2334 2336 δαλίζεται,
2376 2272 2468 2326 καὶ
2494 2272 2595 2325 οὐκ
2625 2270 2734 2340 ἐγὼ
2779 2270 3087 2344 πυροῦμαι;
3125 2290 3145 2324 ι
3177 2270 3302 2342 παρ’
3339 2270 3368 2322 ὃ
3397 2269 3622 2324 δυνατὸν

2044 2362 2300 2433 ποιῆσαιο
2338 2362 2434 2428 Τίς
2477 2362 2909 2427 σκανδαλίζεται,
2944 2363 3038 2416 καὶ
3064 2362 3165 2415 οὐκ
3192 2359 3304 2430 ἐγὼ
3339 2361 3620 2416 σκανδαλί-

2043 2458 2243 2527 ζομαι;
2276 2456 2338 2508 Ei
2368 2454 2424 2510 δὲ
2465 2454 2672 2525 Πέτρος
2711 2454 2829 2506 τότε
2857 2453 2944 2511 διὰ
2968 2453 3059 2506 1:6-
3097 2472 3115 2505 ι
3159 2452 3347 2517 Ἵλεώς
3379 2469 3481 2515 σοι,
3509 2454 3621 2505 Κύ-

2046 2564 2126 2619 ριε
2152 2588 2167 2609 ,
2216 2547 2275 2601 οὐ
2332 2546 2407 2617 μὴ
2453 2545 2605 2599 ἔσται
2648 2563 2730 2599 σοι
2777 2545 2954 2608 τοῦτο,
2993 2565 3012 2597 ι
3069 2544 3362 2599 σκάνδαλον
3407 2546 3624 2619 εἴρηται

2044 2639 2145 2692 ὑπὸ
2162 2637 2254 2691 τοῦ
2286 2636 2481 2708 Ἰησοῦ.
2505 2637 2580 2699 ὡς
2608 2637 2667 2690 οὺ
2695 2636 2764 2689 τά
2788 2636 2879 2689 τοῦ
2901 2634 3037 2689 Θεοῦ
3052 2636 3112 2689 ὲν
3131 2630 3213 2699 οἷς
3236 2631 3356 2690 εἷπε
3388 2636 3622 2706 φρονῶν,

2042 2730 2177 2785 ἀλλά
2208 2730 2277 2783 τὰ
2296 2730 2403 2781 τῶν
2429 2727 2757 2799 dvdptbrtww
2791 2728 2842 2779 τί
2875 2727 3094 2780 λεκτέον
3127 2728 3256 2799 περὶ
3283 2728 3499 2783 πάντων
3526 2728 3623 2781 τοῦ

2042 2820 2526 2892 ἐπαγγελλομένων
2580 2818 2978 2891 μαθητεύεσθαι
3026 2817 3103 2889 τῷ
3145 2817 3344 2889 Ἰησοῦ,
3381 2819 3456 2891 μὴ
3488 2835 3618 2892 φρο-

2042 2912 2275 2966 νούντων
2321 2912 2377 2967 δὲ
2413 2911 2482 2964 τὰ
2524 2910 2617 2963 τοῦ
2651 2910 2809 2974 Θεοῦ,
2839 2911 2932 2965 καὶ
2977 2909 3051 2981 μὴ
3081 2908 3425 2963 σκοπούντων
3446 2909 3515 2962 τὰ
3546 2917 3620 2986 μὴ

368 3029 583 3086 pessere
616 3028 674 3067 se
705 3009 1058 3080 proﬁtentur,
1096 3021 1157 3059 ea
1194 3014 1376 3059 autem
1407 3019 1527 3074 quae
1559 3004 1653 3059 Dei
1681 3013 1807 3059 sunt
1833 3019 1938 3057 non

2045 3001 2352 3072 βλεπόμενα
2412 3003 2504 3054 καὶ
2551 3002 2764 3065 αἰώνια,
2798 2999 3135 3073 φρονούντων
3176 3000 3233 3054 δὲ
3283 2999 3352 3055 τά
3388 3000 3496 3057 τῶν
3526 3002 3618 3056 ἁν-

372 3105 613 3174 sapiant,
649 3116 746 3155 nec
772 3114 834 3154 ea
865 3112 986 3167 quae
1025 3096 1196 3150 oculis
1229 3110 1335 3148 non
1377 3094 1624 3148 videntur
1653 3101 1938 3148 etaterna

2046 3093 2300 3166 θρὼπων,
2343 3094 2437 3147 καὶ
2472 3093 2814 3147 σκοπούντων
2846 3092 2913 3146 τά
2957 3092 3262 3165 βλεπόμενα
3311 3094 3404 3148 καὶ
3455 3093 3624 3165 πρόσ-

366 3198 519 3251 sunt,
554 3190 738 3242 animo
784 3187 1094 3250 intuentur;
1143 3184 1237 3237 sed
1272 3182 1495 3252 sapiunt
1521 3197 1648 3253 quae
1676 3192 1805 3239 sunt
1843 3183 1938 3237 lio-

2044 3202 2234 3255 καιρα,
2265 3185 2299 3256 ἢ
2343 3186 2426 3238 ὃτι
2458 3187 2507 3238 οί
2553 3180 2780 3239 τοιοῦτοι
2810 3185 2889 3241 ἔτι
2924 3185 3122 3257 μᾶλλον
3153 3186 3218 3239 ἂν
3260 3187 3366 3240 ὑπὸ
3387 3186 3482 3243 τοῦ
3521 3189 3631 3257 Ἰη.

371 3282 602 3341 minum,
646 3287 700 3331 et
746 3292 809 3330 ea
862 3273 1299 3344 contemplantur
1343 3289 1465 3344 qua:
1507 3274 1758 3328 videntur
1790 3271 1840 3307 "
1886 3283 1938 3328 ct

2043 3275 2135 3329 σοῦ
2166 3276 2520 3329 ἀποκαλοῖντο
2555 3276 2848 3330 σκάνδαλον
2879 3275 3073 3330 αὑτοῦ·
3111 3277 3203 3329 καὶ
3233 3276 3321 3330 διὰ
3351 3276 3412 3330 τδ
3451 3278 3618 3329 σκάνο

372 3369 700 3440 temporaria
762 3376 927 3432 sunt,
983 3367 1084 3422 nisi
1138 3366 1409 3437 ejusmodi
1471 3365 1724 3423 homines
1780 3366 1939 3436 longe

371 3467 552 3534 potius
597 3477 627 3514 a
681 3458 808 3513 Jesu
865 3456 1185 3512 scandalum
1238 3456 1410 3527 ipsius
1461 3454 1788 3525 appellatum
1837 3456 1934 3523 iri;

369 3565 423 3608 et
449 3552 590 3623 quod
613 3550 868 3606 scandala
900 3548 1064 3614 illius,
1096 3546 1326 3602 fratrum
1355 3561 1573 3618 quoque
1596 3547 1769 3617 ipsius
1794 3563 1935 3612 esse,

367 3658 599 3715 quorum
628 3654 791 3695 causa
821 3636 1278 3708 quemadmodum
1311 3636 1362 3691 id
1391 3635 1524 3693 dicit
1546 3637 1593 3670 ⁸⁸
1618 3656 1631 3692 ;
1664 3656 1681 3688 ι
1712 3636 1935 3693 Esurie-

368 3734 517 3800 bam,
561 3743 617 3789 et
662 3747 772 3787 non
817 3730 1043 3785 dedistis
1097 3730 1229 3785 mihi
1270 3731 1627 3794 manducare,
1671 3750 1691 3783 ι
1737 3742 1791 3787 et
1817 3748 1939 3802 qua:

368 3832 498 3881 sunt
542 3823 827 3891 deinceps;
867 3821 940 3875 ita
988 3830 1042 3874 ct
1084 3820 1216 3876 illud
1262 3822 1406 3876 dicat
1444 3837 1459 3874 :
1506 3821 1758 3877 Currenti
1804 3824 1936 3877 mihi

368 3913 683 3973 scandalum
727 3898 1037 3987 objecistis?
1083 3912 1318 3969 Proinde
1361 3927 1467 3966 non
1509 3912 1623 3967 leve
1665 3914 1938 3969 existime-

370 4022 493 4061 mus
523 4020 646 4059 esse
679 4013 958 4073 peccatum
993 4018 1059 4059 ea
1090 4020 1212 4073 qua:
1255 4012 1383 4065 sunt
1409 4002 1691 4061 hominum
1726 4020 1938 4075 sapere,

367 4109 492 4151 cum
542 4094 594 4151 in
627 4094 881 4149 omnibus
913 4108 977 4151 ea
1003 4109 1124 4165 qua:
1152 4092 1242 4148 Dei
1275 4101 1405 4153 sunt
1444 4108 1638 4165 sapere
1669 4104 1937 4164 oporteat.

2037 3366 2171 3425 διλα
2211 3367 2375 3423 αὑτοῦ
2413 3364 2550 3419 εἶναι
2590 3368 2683 3420 καὶ
2716 3366 2821 3420 τῶν
2850 3366 3114 3436 ἀδελφῶν,
3145 3366 3230 3438 ἐφ’
3265 3362 3345 3431 οἷς
3368 3366 3442 3430 ὡς
3470 3366 3618 3434 λέγει

2039 3459 2133 3511 τό’
2168 3478 2185 3509 ι
2248 3459 2528 3525 Ἐπείνων,
2553 3461 2647 3513 καὶ
2685 3460 2783 3513 οὐκ
2825 3459 3060 3513 ἐδώκατέ
3099 3476 3187 3532 μοι
3229 3462 3436 3529 φαγεῖν,
3474 3479 3491 3510 ι
3524 3460 3619 3512 καὶ

2038 3549 2106 3603 τὰ
2134 3549 2280 3621 ἑξῆς,
2316 3549 2487 3614 οὓτως
2520 3549 2662 3603 είποι
2691 3549 2755 3603 ἀν
2787 3550 2882 3603 καὶ
2913 3550 2976 3603 τό
3001 3566 3013 3581 ·
3052 3549 3332 3621 Τρέχοντα
3363 3548 3621 3602 ἐσκανδα-

2039 3640 2223 3694 λίσατέ
2277 3656 2379 3711 με;
2426 3638 2519 3711 Μὴ
2562 3639 2870 3710 νομίσωμεν
2921 3638 3101 3693 τοίνυν
3159 3638 3222 3692 τὸ
3272 3632 3622 3708 τυχδνεϊναι

2045 3732 2346 3803 ἁμάρτημα
2393 3733 2609 3800 φρονεῖν
2651 3731 2721 3785 τὰ
2750 3730 2857 3785 τῶν
2890 3729 3211 3801 ἀνθρώπων,
3247 3728 3364 3785 δέον
3398 3729 3455 3782 ὲν
3488 3728 3621 3781 πᾶσι

2046 3825 2261 3895 φρονεῖν
2293 3823 2360 3875 τὰ
2407 3821 2502 3876 τοῦ
2547 3822 2702 3876 Θεοῦ.
2747 3823 3002 3894 Ἀρμόσει
3032 3821 3088 3878 δὲ
3120 3821 3299 3889 λέγειν
3345 3819 3503 3873 τοῦτο
3526 3819 3619 3874 καὶ

2048 3914 2206 3967 παντὶ
2257 3912 2335 3984 τῷ
2385 3914 2804 3968 ἁποπεπτωκότι
2856 3913 2954 3984 μὲν
2998 3911 3280 3983 δογμάτων
3321 3908 3476 3975 Θεοῦ,
3525 3910 3622 3963 καὶ

2047 4004 2218 4072 λόγων
2267 4003 2770 4075 ἐκκλησιαστικῶν,
2818 4004 2912 4060 καὶ
2960 4006 3303 4075 φρονήματος
3349 4001 3580 4074 ἀληθοῦς
3602 3992 3633 4032 ”

2048 4096 2331 4169 φρονοῦντι
2357 4096 2401 4148 δ’
2437 4096 2512 4159 ὡς
2542 4095 2735 4168 ἀληθῆ,
2768 4097 2901 4168 φέρε
2928 4099 3120 4159 εἰπεῖν,
3151 4096 3216 4149 τὰ
3252 4094 3547 4155 Βασιλίδου,
3584 4092 3619 4163 ἢ

1571 4228 1797 4286 VETUS
1841 4230 2422 4288 INTERPRETATK).

439 4327 533 4381 23.
575 4325 765 4380 Adhuc
797 4334 976 4380 autem
1024 4325 1241 4392 requiro
1293 4339 1461 4393 quare
1509 4325 1645 4378 dixit
1675 4327 1740 4380 ad
1773 4325 1991 4381 Petrum
2025 4346 2037 4382 :
2067 4345 2084 4379 ι
2111 4326 2436 4381 Scandalum
2473 4327 2604 4384 mihi
2628 4342 2727 4392 es;
2765 4346 2786 4381 ο
2821 4327 3055 4383 maxime
3083 4340 3204 4379 cum
3235 4323 3288 4377 in
3315 4325 3616 4380 centesimo

368 4397 580 4467 decimo
611 4396 1045 4467 octavo‘psalmo
1069 4394 1351 4467 Propheta
1384 4396 1716 4467 pronuntiet,
1747 4397 1934 4451 dicens
1969 4415 1982 4450 :
2024 4415 2042 4447 ι
2080 4396 2188 4450 Pax
2220 4399 2386 4450 multa
2413 4397 2763 4467 diligentibus
2788 4398 2962 4467 legem
2994 4403 3246 4467 tuam,_ct
3274 4407 3382 4467 non
3406 4403 3489 4446 est
3525 4396 3609 4447 cis

369 4465 705 4538 scandalum.
747 4484 766 4514 ι
806 4461 954 4517 Dicet
986 4465 1139 4538 enim
1171 4461 1403 4538 aliquis,
1448 4464 1707 4538 quoniam
1734 4467 2039 4538 __proprium
2074 4476 2157 4538 est
2188 4482 2377 4519 eorum
2426 4461 3077 4538 quiuperfectam'hubcnt
3110 4461 3449 4538 dilectionem
3481 4475 3613 4538 erga

372 4534 563 4599 Deum,
605 4541 664 4587 ut
696 4548 803 4586 non
836 4530 1283 4601 scandalizentur
1306 4530 1618 4600 aliquando.
1668 4549 1686 4582 ι
1724 4530 1977 4590 Charitas
2009 4535 2153 4589 enim
2186 4538 2366 4588 utnnia
2401 4530 2669 4600 sustinet,
2700 4537 2891 4589 omnia
2910 4532 3083 4586 credit
3115 4572 3130 4597 ,
3161 4532 3343 4589 omnia
3377 4530 3563 4601 sperat
3595 4550 3611 4587 :

371 4605 611 4660 charitas
642 4600 1212 4674 nunquamexcidit.)
1251 4600 1834 4674 Quoutodoergoipse
1865 4602 2160 4667 Dominus,
2196 4605 2287 4674 qui
2318 4606 2604 4659 confirmat
2631 4620 2825 4674 omnes
2851 4604 2943 4673 qui
2974 4601 3389 4674 confirmantur,
3410 4600 3475 4656 ct
3502 4603 3615 4656 cri-

410 4674 448 4726 it
476 4686 666 4745 omnes
696 4667 883 4733 cliSos,
918 4669 1140 4745 dicitad
1168 4667 1439 4745 Petrum:
1478 4688 1495 4719 ι
1532 4667 1859 4745 Scaptia—lum
1891 4675 2023 4726 mihi
2054 4674 2150 4745 es?
2187 4667 2349 4745 {Sed
2384 4675 2454 4727 ita
2481 4683 2579 4745 est_
2599 4667 3057 4745 respondendum,
3095 4670 3354 4745 quoniam
3388 4687 3494 4725 non
3520 4686 3612 4745 so-_

396 4757 482 4795 um
510 4740 668 4812 Iesus
721 4757 827 4812 non
858 4739 1277 4812 scandalizatur,
1299 4738 1406 4812 _se_d
1438 4754 1536 4812 nec
1583 4738 1762 4793 omnis
1797 4740 1960 4812 homo
1999 4743 2091 4811 qui
2136 4743 2188 4795 i.i
2230 4743 2521 4797 dilectione
2551 4742 2643 4796 Dei
2680 4738 2951 4811 perfectus
2979 4752 3064 4796 est
3090 4738 3226 4812 {sed
3250 4751 3516 4812 quantum
3544 4743 3615 4796 ad

373 4824 433 4863 se
459 4811 548 4874 qui
580 4810 685 4864 tale
711 4810 914 4878 aliquid
948 4809 1029 4863 vel
1056 4809 1193 4877 agit,
1233 4808 1312 4861 vel
1363 4807 1629 4877 loquitur,
1665 4810 1980 4864 scandalum
2015 4807 2102 4865 cst
2143 4812 2334 4875 alteri,
2370 4813 2494 4867 licet
2528 4812 2615 4866 ille
2659 4807 3159 4866 iiiscandalizabiiis
3192 4807 3285 4865 sit:
3316 4812 3423 4865 Aut
3466 4822 3615 4878 certe

375 4892 591 4949 omnem
618 4877 941 4947 discipulum
977 4888 1288 4949 peccantem
1321 4879 1637 4949 scandalum
1666 4878 2037 4949 sibiappellat
2070 4897 2082 4934 :
2121 4881 2264 4935 sicut
2292 4891 2346 4936 et
2374 4881 2577 4936 Paulus
2611 4882 2679 4935 de
2707 4881 3016 4949 huiusmodi
3045 4881 3329 4949 discipulis
3370 4900 3387 4938 ε
3425 4899 3443 4931 ι
3475 4877 3611 4946 Quis

378 4946 700 5019 infirmatur,
737 4945 920 5019 etego
954 4945 1058 5019 non
1091 4948 1373 5019 infirmor'!
1406 4945 2005 5019 Qttisscandaliiatur,
2042 4958 2095 5002 et
2124 4964 2224 5019 ego
2252 4966 2358 5003 non
2390 4951 2553 5006 uror?
2589 4967 2608 5004 ι
2662 4950 2718 5003 Si
2747 4945 2878 5019 ergo
2907 4949 3101 5005 Petrus
3131 4945 3233 5004 hoc
3279 4951 3456 5004 solum
3486 4945 3614 5017 quia

371 5014 515 5095 diuit
546 5032 560 5067 :
598 5032 619 5066 ι
639 5014 921 5095 Propitius
953 5016 1055 5095 tibi.
1082 5024 1309 5095 esto,_et
1336 5016 1440 5095 h_oc_
1467 5016 1560 5070 tibi
1591 5032 1698 5095 non
1734 5020 1877 5095 erit“:
1917 5037 1936 5069 ι
1972 5014 2289 5095 scandalum
2333 5020 2729 5095 a_(.‘.hristo__est
2751 5014 3139 5095 di_étus,_quasi
3171 5020 3263 5090 qui
3296 5034 3404 5095 non
3433 5014 3613 5095 sape-

383 5093 466 5159 [et
493 5100 615 5159 qua:
635 5083 728 5137 Dei
756 5083 929 5147 erant,
965 5086 1057 5141 sed
1087 5101 1210 5159 qua;
1236 5085 1475 5140 hominis
1505 5085 1683 5159 :_qu_i.l
1711 5094 1795 5139 cst
1822 5087 2111 5159 dicendum
2145 5087 2213 5142 de
2244 5090 2556 5143 hominibus
2591 5089 2696 5144 illis
2722 5090 2813 5159 qui
2844 5083 3167 5159 profitentur
3188 5083 3271 5143 'se
3311 5083 3610 5159 discipulos

374 5152 617 5219 Christi,
646 5169 754 5227 non
782 5162 962 5209 autem
987 5152 1202 5225 sapiunt
1231 5170 1353 5225 quae
1379 5162 1507 5210 sunt
1537 5152 1662 5227 Dei,
1696 5170 1794 5208 nee
1822 5157 2093 5227 aspiciunt
2118 5171 2181 5212 ea
2217 5173 2339 5226 qua
2373 5173 2477 5212 non
2504 5152 2773 5221 ridentur,
2810 5152 3036 5221 aiterna,
3066 5158 3162 5217 sed
3184 5172 3308 5227 quas
3330 5152 3611 5213 hominum

379 5234 510 5297 sunt
539 5224 831 5297 aspiciunt,
861 5239 983 5297 quae
1016 5224 1287 5297 ridentur,
1318 5226 1724 5297 ettcmporaha
1752 5224 1917 5297 sunt?
1972 5227 2101 5297 Sine
2128 5224 2295 5297 dubio
2328 5228 2500 5283 multo
2530 5230 2704 5297 magis
2741 5227 3059 5297 hujusmodi
3088 5224 3339 5283 homines
3358 5228 3616 5283 scandala

373 5293 576 5365 Christi
608 5301 736 5365 sunt
757 5294 1079 5365 appellandi.
1108 5293 1390 5365 Sedetqui
1410 5293 1630 5365 fratrem
1649 5309 1807 5365 suum
1841 5295 1894 5347 in
1920 5296 2235 5350 scandalum
2255 5299 2438 5364 mittit,
2457 5293 2775 5352 scandalum
2792 5293 2997 5353 Christi
3026 5304 3133 5362 est,
3150 5298 3455 5355 secundum
3467 5297 3617 5365 quoi

374 5364 490 5436 ipse
521 5363 652 5436 dicit
683 5380 698 5421 ς
735 5383 754 5414 ι
776 5363 1009 5436 Esurivi,
1027 5374 1081 5419 et
1104 5363 1337 5436 dedistis
1359 5364 1491 5436 mihi
1515 5363 1863 5436 manducare,
1890 5374 1995 5436 rei
2018 5375 2232 5436 caetera.
2265 5364 2419 5422 Sicut
2441 5382 2570 5436 ergo
2596 5368 2691 5436 qui
2712 5368 2930 5422 fratrem
2958 5382 3119 5425 suum
3146 5366 3308 5430 cibat,
3336 5363 3617 5423 Christum

370 5435 548 5501 cibat;
568 5435 648 5489 sic
675 5442 730 5487 et
753 5435 845 5515 qui
873 5432 1024 5515 fratri
1044 5447 1145 5489 suo
1174 5433 1491 5515 scandalum
1510 5431 1673 5515 fuerit
1701 5432 1896 5513 factus,
1913 5434 2131 5515 Christo
2149 5433 2323 5490 factus
2340 5445 2425 5490 est
2440 5431 2778 5515 scandalum.
2806 5439 3036 5515 μορ-ομ
3060 5450 3187 5501 ergo
3204 5436 3321 5492 iere
3338 5446 3616 5515 ιδεοιξριιιειι

376 5518 437 5557 sa
512 5520 571 5559 re
608 5518 731 5575 quae
767 5502 1051 5557 hominum
1088 5514 1235 5568 sunt,
1285 5517 1409 5557 cum
1459 5503 1649 5557 debeat
1722 5502 1805 5556 uis
1852 5503 1903 5554 in
1938 5504 2196 5557 erunibus
2223 5520 2413 5574 sapere
2438 5507 2584 5573 quod
2611 5514 2696 5561 est
2727 5506 2842 5559 Dei.
2907 5502 3023 5561 Ho'c
3052 5516 3235 5563 autem
3264 5506 3411 5573 quod
3437 5506 3567 5559 dicit
3601 5520 3616 5558 :

377 5591 396 5621 ι
432 5518 762 5629 Ξεηύιιιιηι
795 5573 933 5628 mihi
964 5588 1045 5629 es.
1083 5573 1213 5629 auia
1245 5589 1352 5626 non
1380 5572 1529 5629 sanis
1551 5519 1799 5629 aquDci
1825 5582 1972 5629 sunt.
2027 5578 2119 5626 sed
2149 5590 2269 5629 uua:
2299 5576 2581 5629 hominum
2612 5595 2625 5629 :
2668 5595 2689 5628 ι
2719 5592 2825 5629 non
2855 5576 3032 5629 solum
3061 5574 3350 5629 dicendum
3381 5582 3465 5629 est
3496 5589 3616 5629 mae-

377 5591 396 5621 ι
432 5572 762 5629 Scandalurn
795 5573 933 5628 mihi
964 5588 1045 5638 es,
1083 5573 1213 5642 quia
1245 5589 1352 5626 non
1380 5572 1529 5642 sapis
1551 5588 1673 5641 qua:
1702 5572 1799 5626 Dei
1825 5582 1972 5636 sunt,
2027 5578 2119 5626 sed
2149 5590 2269 5643 qua:
2290 5572 2581 5629 hominum
2612 5595 2625 5630 :
2668 5595 2689 5628 ι
2719 5592 2825 5631 non
2855 5576 3032 5631 solum
3061 5572 3350 5629 dicendum
3381 5582 3465 5630 est
3496 5589 3620 5644 pce-

437 5727 483 5758 "
508 5727 695 5782 Matth.
730 5744 842 5791 ινι,
868 5728 960 5783 25.
1035 5728 1080 5759 ⁷⁸
1107 5725 1246 5780 Psal.
1281 5740 1474 5795 cxvii',
1508 5723 1630 5778 165.
1696 5724 2095 5795 γθξιίίοιετίχιη,
2124 5724 2173 5789 7,
2199 5725 2252 5780 8.
2349 5727 2391 5758 ⁸¹
2419 5726 2561 5784 Psal.
2595 5744 2773 5795 CXLIV,
2817 5729 2902 5793 id,
2938 5737 2993 5782 et
3019 5742 3177 5786 cur.
3205 5728 3258 5780 8.
3359 5727 3406 5760 ⁸³
3428 5724 3615 5783 liuor.

371 5813 444 5863 XI,
480 5797 569 5850 ‘29.
644 5798 690 5829 ⁸³
714 5797 899 5851 Matth.
932 5813 1041 5859 XVI,
1075 5796 1165 5850 2:2.
1239 5796 1285 5826 "
1308 5795 1348 5846 il
1374 5793 1498 5847 Cur.
1579 5810 1648 5859 tv,
1686 5794 1771 5849 18.
1860 5793 1938 5847 ⁸⁸]

2042 5796 2117 5849 th.
2149 5811 2275 5863 xxv,
2303 5795 2392 5851 i9...
