4028 6296
403 489 425 542 1
436 486 528 541 037

1345 478 1695 533 COMMENT.
1739 477 1804 531 ΙΝ
1845 477 2259 533 ΜΑΤΤΗΕΠΜ
2301 478 2541 534 ΤΟΜυδ
2580 477 2691 533 ΧΠ.

3508 482 3647 540 1038

403 605 772 665 Οὐαλεντίνου,
808 603 839 674 ἢ
872 601 1213 674 Μαρκίωνος,
1249 600 1284 669 ᾗ
1315 616 1459 662 τινος
1491 599 1597 651 τῶν
1630 599 1971 653 διδασκόντωι

2090 597 2392 654 Conveniet
2433 609 2613 655 aulem
2660 598 2792 654 illud
2822 598 3114 669 unicuique
3135 599 3228 669 qui
3272 615 3302 654 a
3327 599 3420 655 Dei
3451 600 3649 666 eﬂ'atis,

406 697 470 751 τὰ
500 693 808 766 ἀνθρώπινα
838 693 912 755 ὡς
944 693 1078 750 θεῖα.

2085 700 2138 745 ει
2167 691 2410 746 doctrina
2439 691 2824 757 ecclesiastica,
2848 699 2900 744 et
2927 705 3052 746 vera
3076 691 3339 746 sententia
3369 692 3648 757 exciderit;

407 802 502 860 pro
525 784 664 838 veris
694 791 875 836 autem
907 781 1130 835 habebit
1165 781 1416 853 dogmata
1437 822 1452 846 ,
1483 778 1633 834 verbi
1670 779 1842 848 gratia
1869 817 1884 842 ,
1917 775 2200 846 Basilidis,
2265 781 2571 848 Valentini,
2631 781 2712 836 vel
2744 779 3065 846 Marcionis,
3102 789 3196 837 aut
3224 781 3457 858 alicujus
3485 798 3548 837 ex
3584 783 3651 840 iis

406 882 491 954 qui
523 881 758 933 humana
801 891 898 946 pro
926 876 1128 931 divinis
1154 877 1367 930 docent.

474 991 490 1022 ι
532 968 664 1024 Τότε
689 970 718 1028 ό
759 966 966 1038 Ἰησοῦς
992 962 1111 1020 εἷπε
1144 970 1255 1030 τοῖς
1287 967 1554 1037 μαθηταῖς
1583 964 1772 1019 αὐτοῦ’
1809 965 1977 1030 Εἴτις

397 1063 534 1116 θέλει
564 1061 742 1113 ὀπίσω
770 1075 870 1130 μου
896 1056 1227 1120 ἀκολουθεῖν,
1271 1076 1290 1109 ι
1328 1056 1514 1110 καὶτὰ
1548 1054 1692 1126 ἑξῆς.
1727 1056 1826 1108 Διά
1857 1055 1978 1107 τού-

393 1171 500 1207 ⁴ιιων
532 1152 827 1215 δείκνυται,
859 1151 940 1202 ὅτι
967 1150 1027 1202 τὸ
1049 1149 1221 1203 θελεῖν
1254 1149 1429 1201 ὀπίσω
1456 1145 1550 1201 τοῦ
1597 1146 1770 1216 Ἰησοῦ
1803 1145 1976 1202 ἐλθεῖν

393 1246 491 1303 καὶ
522 1242 834 1301 ἀκολουθεῖν
862 1239 1010 1311 αὐτῷ
1043 1242 1142 1292 οὐκ
1170 1240 1276 1292 ἀπὸ
1307 1237 1400 1292 τοῦ
1432 1239 1680 1309 τυχόντος
1707 1237 1975 1308 ἀνδραγα-

397 1334 638 1406 θήματος
675 1333 882 1401 γίνεται
904 1350 916 1364 ’
943 1332 1035 1384 καὶ
1065 1331 1239 1394 οὐδεὶς
1273 1330 1347 1401 μὴ
1381 1328 1755 1399 ἀρνησάμενος
1783 1327 1975 1380 ἑαυτὸν

394 1428 522 1496 ἥκοι
585 1425 648 1478 ἂν
711 1420 885 1477 ὀπίσω
936 1421 1030 1475 τοῦ
1096 1421 1306 1492 Ἰησοῦ*
1362 1419 1604 1492 ἀρνεῖται
1668 1419 1725 1472 δὲ
1786 1417 1976 1472 ἑαυτὸν

397 1520 427 1572 ό
457 1518 545 1570 τὸν
580 1514 771 1570 ἑαυτοῦ
807 1514 916 1585 (67)
948 1513 1209 1586 πρότερον
1241 1512 1381 1566 κατὰ
1425 1511 1620 1567 κακίαν
1663 1510 1777 1580 βίον
1819 1528 1977 1580 γεγε-

402 1609 632 1679 νημὲνον
664 1611 729 1678 τῇ
758 1605 1019 1677 ἀξιολόγῳ
1051 1605 1314 1676 μεταϐολῇ
1354 1603 1670 1673 ἀπαλείφων
1694 1621 1707 1634 ⁸
1737 1599 1866 1667 οἷον,
1901 1604 1976 1667 ὡς

403 1697 497 1748 ἐπὶ
545 1696 993 1767 παραδείγματος,
1034 1697 1062 1747 ὁ
1094 1693 1256 1748 πάλαι
1289 1692 1578 1755 ἀκόλαστος
1607 1693 1849 1764 ἀρνεῖται
1881 1694 1977 1747 αὑ-

2159 963 2250 1018 24.
2315 983 2334 1014 ι
2364 961 2517 1020 Tunc
2543 964 2703 1020 Jesus
2745 964 2882 1019 dixit
2925 964 3245 1036 discipulis:
3276 965 3332 1021 Si
3369 965 3492 1038 quis
3535 965 3648 1021 vult

2086 1065 2210 1126 post
2260 1071 2346 1111 me
2392 1057 2676 1124 venire“;
2712 1077 2730 1110 ι
2779 1066 2831 1113 ει
2885 1067 3096 1112 caetera.
3156 1055 3292 1114 Hinc
3348 1059 3648 1117 ostenditur

2085 1163 2193 1202 non
2234 1150 2350 1204 leve
2375 1163 2496 1203 esse
2527 1156 2582 1202 et
2605 1149 3057 1203 contemnendum
3093 1145 3328 1212 facinus,
3362 1149 3497 1204 velle
3525 1155 3646 1218 post

2081 1237 2268 1294 Jcsum
2301 1238 2399 1304 ire,
2434 1254 2670 1308 eumque
2700 1237 2891 1309 sequi;
2925 1255 3026 1293 nec
3051 1252 3378 1309 quemquam
3413 1250 3533 1310 post
3557 1237 3648 1294 ιθ.

2081 1346 2202 1386 sum
2234 1332 2434 1384 iturum
2484 1331 2578 1400 qui
2608 1331 2710 1386 sibi
2760 1331 2875 1399 ipse
2904 1345 3012 1383 non
3059 1331 3448 1387 renuntiaverit
3489 1348 3503 1386 :
3540 1329 3648 1387 sibi

2081 1425 2260 1471 autem
2297 1417 2411 1488 ipse
2452 1418 2748 1482 renuntiat,
2785 1419 2882 1488 qui
2915 1415 3074 1490 διδ
3109 1428 3413 1476 anteactam
3446 1421 3549 1476 sibi
3590 1421 3646 1480 in

2081 1507 2322 1576 nequitia
2347 1510 2535 1572 vitam,
2564 1509 2778 1578 egregia
2805 1511 3160 1564 conversione
3186 1509 3358 1577 delet;
3385 1511 3648 1579 quemad-

2081 1599 2322 1665 modum,
2362 1599 2590 1668 exempli
2633 1613 2820 1666 causa,
2861 1599 2955 1669 qui
3000 1599 3150 1669 prius
3181 1600 3502 1656 libidinosus
3544 1601 3646 1656 fuit

2079 1696 2134 1741 et
2167 1687 2562 1758 intemperans,
2597 1696 2882 1758 postquam
2925 1689 3097 1758 magis
3123 1689 3316 1743 deinde
3361 1691 3645 1745 continens

399 1789 491 1842 τὸν
519 1788 834 1851 ἀκόλαστον,
861 1788 1237 1858 σωφρονήσας,
1270 1787 1364 1839 καὶ
1389 1783 1644 1854 καθεξῆς.
1679 1785 1817 1839 Ἀλλ’
1839 1785 1971 1849 εἰκὸς

2085 1777 2260 1834 factus
2289 1789 2392 1844 est,
2428 1779 2530 1835 sibi
2565 1779 2766 1836 lascivo
2794 1780 2910 1851 ipse
2939 1780 3232 1836 renuntiat.
3271 1778 3377 1837 Sed
3416 1782 3646 1836 interce-

399 1877 739 1935 ἀντιπίπτειν
768 1876 907 1939 τινὰ,
939 1879 1007 1942 εἰ,
1040 1876 1226 1950 ὥσπερ
1273 1876 1462 1929 ἑαυτὸν
1484 1875 1780 1946 ἠρνήσατο,
1808 1873 1978 1938 οὕτως

398 1965 489 2020 καὶ
515 1966 673 2018 αὑτὸν
703 1965 972 2034 ὁμολογεῖ,
1008 1966 1384 2038 ἀρνησάμενος
1417 1964 1513 2038 μὲν
1540 1964 1729 2018 ἑαυτὸν
1755 1963 1844 2018 τὸν
1870 1964 1979 2018 ἄδι-

394 2073 510 2119 κον,
541 2056 813 2126 ὁμολογῶν
839 2056 894 2109 δὲ
925 2057 1116 2110 ἑαυτὸν
1141 2058 1231 2110 τὸν
1260 2057 1464 2110 δίκαιον
1484 2073 1496 2084 ·
1525 2053 1639 2108 ἀλλ’
1664 2055 1822 2126 εἴπερ
1846 2056 1980 2125 Χρισ-

393 2147 520 2210 στός
547 2149 694 2200 ἐστιν
735 2148 769 2218 ἡ
806 2147 1137 2220 δικαιοσύνη,
1177 2150 1205 2200 ό
1237 2149 1334 2216 τὴν
1376 2144 1722 2218 δικαιοσύνην
1761 2145 1976 2216 ἀνειλη-

391 2239 509 2308 φὼς
540 2240 637 2310 οὐχ
663 2239 873 2304 ἑαυτὸν,
914 2240 1049 2294 ἀλλά
1081 2239 1314 2310 Χριστὸν
1347 2237 1600 2309 ὁμολογεῖ
1621 2253 1634 2268 ο
1669 2237 1846 2298 οὕτως
1885 2239 1977 2290 καὶ

388 2331 418 2382 ὁ
454 2329 550 2399 τὴν
577 2328 766 2397 σοφίαν
794 2329 988 2402 εὑρὼν,
1023 2330 1089 2383 δι’
1118 2327 1281 2382 αὐτοῦ
1307 2327 1399 2381 τοῦ
1432 2327 1576 2397 ἔχειν
1613 2328 1803 2396 σοφίαν
1837 2330 1974 2399 Χρι-

393 2420 523 2472 στὸν
552 2419 822 2490 ὁμολογεῖ.
858 2420 967 2472 Καὶ
999 2421 1027 2472 ὁ
1050 2418 1291 2482 τοιοῦτός
1318 2435 1405 2487 γε,
1442 2436 1460 2467 ι
1485 2417 1680 2490 καρδίᾳ
1710 2416 1976 2471 πιστεύων

391 2511 476 2573 είς
526 2510 891 2581 δικαιοσύνην,
927 2510 1020 2563 καὶ
1070 2510 1298 2580 στόματι
1348 2507 1627 2580 ὁμολογῶν
1672 2509 1750 2572 εἰς
1804 2526 1976 2580 σωτη-

395 2599 538 2670 ρίαν,
578 2618 594 2648 »
631 2591 860 2662 καὶτοῖς
899 2597 1083 2669 ἔργοις
1115 2597 1354 2670 Χριστοῦ
1399 2597 1714 2670 μαρτυρῶν,
1743 2598 1818 2661 ὼς
1849 2601 1976 2669 ὁμο-

390 2689 630 2758 λογήσας
663 2689 751 2741 διὰ
785 2688 1002 2742 πάντων
1046 2687 1252 2743 τούτων
1281 2689 1368 2741 τὸν
1405 2688 1636 2759 Χριστὸν
1671 2687 1975 2762 ἔμπροσθεν

391 2777 504 2830 τῶν
534 2777 856 2848 ἀνθρώπων,
875 2777 1340 2850 όμολογηθήσεται
1364 2779 1453 2834 ὑπ’
1482 2779 1644 2832 αὑτοῦ
1672 2778 1975 2851 ἔμπροσθεν

393 2865 491 2917 τοῦ
519 2867 575 2916 ἐν
609 2869 721 2929 τοῖς
754 2868 1002 2937 οὐρανοῖς
1027 2868 1260 2938 Πατρός.
1300 2867 1455 2921 Οὕτω
1497 2868 1554 2920 δὲ
1587 2869 1680 2920 καὶ
1707 2871 1735 2921 ὁ
1769 2867 1843 2939 μὴ
1873 2870 1974 2939 ἀρ-

397 2959 702 3029 νησάμενος
731 2960 948 3026 ἑαυτὸν,
987 2961 1366 3032 ἀρνησάμενος
1388 2961 1476 3012 τὸν
1509 2960 1762 3031 Χριστὸν,
1794 2962 1976 3014 πείσε-

394 3067 486 3104 ται
517 3051 614 3102 τό’
652 3071 670 3100 ι
710 3051 881 3119 Κάγὼ
906 3051 1066 3105 αὑτὸν
1105 3053 1429 3124 ἀρνήσομαι.
1470 3072 1488 3102 ›
1526 3052 1624 3106 Διά
1667 3051 1824 3107 τοῦτο
1867 3056 1973 3124 πᾶς

2079 1870 2171 1923 det
2204 1867 2427 1924 forsitan
2464 1869 2661 1939 aliquis
2711 1885 2961 1940 quaerens
3002 1886 3069 1924 an
3116 1871 3392 1941 quomodo
3436 1872 3646 1942 seipse

2080 1959 2330 2026 ejuravit,
2367 1960 2439 2013 ita
2479 1968 2532 2012 et
2565 1975 2623 2014 se
2658 1959 2772 2028 ipse
2815 1960 3123 2025 conﬁtetur,
3155 1960 3250 2030 qui
3283 1975 3342 2017 se
3380 1960 3643 2032 injustum

2080 2049 2194 2117 ipse
2239 2049 2492 2118 cjuravit,
2532 2048 2740 2119 justum
2773 2065 2903 2104 vero
2935 2051 3223 2107 conﬁtetur
3266 2058 3320 2108 et
3362 2054 3640 2124 agnoscit:

2079 2150 2133 2192 at
2162 2139 2205 2193 si
2232 2139 2482 2196 Christus
2509 2139 2723 2211 justitia
2757 2149 2860 2205 est,
2897 2141 2943 2196 is
2965 2142 3057 2210 qui
3082 2142 3353 2210 justitiam
3383 2145 3641 2213 suscepit,

2081 2243 2189 2282 non
2235 2245 2294 2284 se
2337 2231 2475 2300 ipse,
2516 2231 2608 2284 sed
2641 2229 2918 2285 Christum
2969 2232 3284 2299 conﬁtetur;
3330 2230 3405 2286 ita
3445 2243 3500 2287 et
3546 2234 3641 2306 qui

2079 2319 2399 2387 sapientiam
2463 2329 2747 2375 assecutus
2815 2330 2918 2386 est,
2975 2321 3226 2378 habendo
3282 2324 3639 2393 sapientiam,

2076 2408 2355 2464 Christum
2403 2411 2710 2465 conﬁtetur.
2760 2410 2823 2466 Et
2851 2412 2944 2481 qui
2979 2411 3246 2481 ejusmodi
3275 2421 3384 2475 est,
3428 2432 3446 2464 ι
3476 2415 3645 2472 corde

2076 2501 2296 2573 quidem
2337 2500 2568 2557 credens
2610 2501 2677 2556 ad
2712 2502 3004 2571 justitiam,
3040 2517 3135 2558 ore
3165 2511 3344 2559 autem
3377 2505 3644 2564 conﬁtens

2077 2593 2143 2648 ad
2175 2593 2405 2647 salutem
2428 2593 2495 2658 ",
2531 2613 2549 2645 ι
2579 2601 2632 2648 ει
2662 2591 2826 2662 opera
2856 2591 2984 2649 Jesu
3020 2596 3333 2650 testimonio
3376 2609 3478 2650 suo
3505 2611 3633 2651 cou-

2077 2686 2322 2752 ﬁrmans,
2362 2695 2546 2756 utpote
2592 2688 2683 2757 qui
2726 2686 2811 2742 his
2857 2689 3112 2744 omnibus
3135 2687 3416 2745 Christum
3453 2705 3639 2747 coram

2075 2777 2389 2836 hominibus
2447 2778 2730 2834 confessus
2778 2777 2975 2845 fuerit;
3034 2795 3158 2836 cum
3215 2791 3536 2852 quoquest
3590 2783 3638 2838 is

2075 2880 2260 2922 coram
2286 2866 2446 2923 Patre
2491 2867 2585 2939 qui
2637 2868 2690 2920 in
2733 2867 2887 2922 caelis
2925 2876 3010 2924 est
3047 2866 3410 2924 conﬁtebitur.
3461 2868 3538 2924 Ita
3585 2877 3642 2926 et

2073 2957 2167 3028 qui
2204 2955 2307 3012 sibi
2346 2959 2460 3030 ipse
2495 2972 2604 3012 non
2648 2958 3056 3023 renuntiaverit,
3093 2967 3147 3013 et
3181 2957 3459 3015 Christum
3516 2959 3638 3028 ejuc

2078 3050 2310 3116 raverit,
2366 3049 2415 3103 id
2459 3050 2692 3118 patietur
2733 3066 2745 3102 :
2801 3046 3061 3120 «Negabo
3106 3057 3159 3103 et
3211 3065 3311 3120 ego
3359 3065 3484 3107 eum
3508 3049 3576 3106 ⁸³.
3614 3069 3633 3103 ι

389 3140 736 3212 διαλογισμὸς
784 3141 939 3213 ἡμῶν
991 3144 1084 3199 καὶ
1129 3143 1327 3214 νόημα,
1375 3144 1468 3196 καὶ
1511 3145 1618 3206 πᾶς
1663 3143 1841 3211 λόγος,
1879 3145 1971 3199 καὶ

2075 3141 2383 3212 Propterea,
2425 3153 2586 3196 omne
2623 3140 2955 3208 colloquium
2998 3149 3245 3195 nostrum
3269 3148 3323 3196 et
3355 3141 3634 3212 cogitatio,

393 3234 544 3286 πᾶσα
574 3230 770 3304 πρᾶξις
796 3232 1028 3300 γινέσθω
1050 3233 1148 3305 τῆς
1174 3233 1330 3307 ἡμῶν
1352 3234 1479 3306 περὶ
1513 3233 1723 3289 ἑαυτῶν
1754 3234 1851 3305 μὲν
1874 3235 1972 3306 ἀρ-

389 3325 618 3395 νήσεως,
657 3325 784 3394 περὶ
815 3324 871 3376 δὲ
901 3323 1160 3395 Χριστοῦ,
1189 3326 1284 3378 καὶ
1310 3327 1366 3378 ὲν
1387 3323 1608 3396 Χριστῷ
1637 3325 1965 3397 μαρτυρίας’

391 3413 650 3484 πείθομαι
682 3414 792 3485 γὰρ
821 3417 1001 3468 πᾶσαν
1032 3415 1130 3486 τὴν
1159 3416 1252 3469 τοῦ
1287 3416 1491 3469 τελείου
1532 3417 1729 3488 πρᾶξιν
1766 3421 1970 3490 μαρτύ-

393 3522 510 3577 ριον
539 3500 677 3559 εἶναι
705 3506 939 3575 Χριστοῦ
983 3506 1179 3577 Ἰησοῦ,
1219 3507 1312 3561 καὶ
1352 3509 1450 3580 τὴν
1483 3509 1663 3578 πάσης
1695 3511 1967 3581 ἁμαρτίας

391 3595 604 3665 ἀποχὴν
641 3596 864 3666 ἄρνησιν
905 3593 1043 3650 εἶναι
1084 3597 1298 3662 ἑαυτοῦ,
1332 3599 1600 3670 φέρουσαν
1653 3602 1826 3653 ὀπίσω
1869 3601 1962 3654 τοῦ

404 3685 602 3756 Ἰησοῦ.
647 3687 703 3740 '0
734 3688 791 3741 δὲ
821 3689 1059 3752 τοιοῦτος
1090 3689 1310 3760 Χριστῷ
1359 3690 1816 3761 συνεσταύρωται,
1869 3693 1962 3748 καὶ

395 3774 539 3846 ἄρας
559 3775 648 3829 τὸν
669 3778 898 3848 σταυρὸν
919 3778 1111 3836 ἑαυτοῦ
1134 3779 1413 3838 ἀκολουθεῖ
1425 3778 1502 3852 τῷ
1516 3779 1581 3832 δι’
1601 3781 1748 3850 ἡμᾶς
1765 3779 1962 3848 βαστά-

393 3865 541 3929 ζοντι
577 3864 666 3920 τὸν
707 3868 900 3921 ἑαυτοῦ
948 3871 1198 3941 σταυρὸν,
1242 3870 1382 3923 κατὰ
1412 3871 1476 3923 τὸ
1507 3871 1791 3941 είρημένον
1823 3871 1964 3924 οὕτω

392 3957 545 4027 παρὰ
565 3956 642 4028 τῷ
677 3959 924 4036 Ἰωάννῃ·
955 3978 973 4011 ‹
1015 3961 1427 4032 Παραλαόόντες
1455 3955 1546 4016 οὖν
1569 3961 1732 4017 αὑτὸν
1769 3962 1964 4032 ἐπέθη-

391 4064 495 4107 καν
541 4049 706 4120 αὐτῷ,
760 4069 779 4102 ι
815 4052 909 4106 καὶ
954 4051 1022 4105 τὰ
1055 4052 1180 4124 ἑξῆς
1219 4054 1322 4116 ἓως
1367 4053 1460 4107 τοῦ
1484 4071 1496 4085 ·
1540 4073 1557 4105 ι
1597 4055 1768 4108 Ὅπου
1802 4055 1963 4111 αὑτὸν

2074 3233 2253 3289 omnis
2285 3247 2464 3288 sermo
2495 3239 2546 3286 et
2581 3231 2722 3287 actio
2752 3229 2826 3286 ita
2857 3232 2968 3296 liat,
2999 3242 3057 3286 ut
3095 3231 3254 3287 nobis
3283 3233 3502 3302 quidem
3533 3234 3636 3304 ipsi

2070 3325 2476 3391 renuntiemus;
2525 3321 2804 3378 Christum
2851 3331 3054 3387 autem,
3087 3332 3142 3380 et
3194 3323 3248 3378 in
3291 3324 3513 3382 Christo
3554 3337 3637 3381 tcv

2070 3427 2299 3472 stemur.
2335 3414 2426 3470 Sic
2454 3416 2599 3470 enim
2631 3431 2954 3485 persuasum
2986 3416 3159 3471 habeo
3195 3430 3357 3472 omne
3399 3417 3638 3474 hominis

2073 3506 2296 3575 perfecti
2344 3521 2480 3575 opus
2521 3505 2800 3560 Christum
2861 3507 3081 3572 testari;
3133 3515 3188 3561 et
3226 3509 3404 3564 omnis
3428 3511 3635 3579 peccati

2071 3597 2939 3660 abstinentiam,renuntiationem
2953 3612 3072 3650 esse
3088 3596 3170 3651 sui
3186 3597 3502 3668 ipsins,quae
3513 3611 3637 3673 post

2069 3688 2348 3744 Christum
2378 3688 2626 3742 deducat.
2681 3687 3006 3756 Quicunque
3039 3701 3168 3740 vero
3202 3687 3323 3742 talis
3349 3697 3464 3756 est,
3509 3706 3633 3747 cum

2069 3778 2287 3833 Christo
2311 3777 2607 3834 cruciﬁxus
2635 3789 2736 3842 est,
2766 3786 2820 3832 et
2845 3777 3037 3832 tollens
3071 3792 3289 3832 crucem
3321 3793 3475 3834 suam
3505 3796 3630 3837 eum

2069 3869 2312 3939 sequitur
2341 3868 2432 3938 qui
2456 3879 2676 3940 propter
2698 3884 2800 3924 nos
2825 3884 3040 3924 crucem
3065 3883 3128 3923 su
3149 3884 3219 3923 tm
3246 3877 3448 3938 portat.
3477 3871 3633 3941 juxta

2069 3961 2120 4018 id
2150 3964 2295 4033 quod
2332 3967 2403 4018 ita
2448 3980 2478 4018 a
2528 3961 2740 4016 Joanne
2786 3961 2991 4015 dictum
3023 3969 3106 4014 est
3131 3959 3220 4013 ":
3261 3978 3280 4012 ι
3311 3958 3459 4015 Hanc
3501 3977 3632 4035 ergo

2069 4054 2397 4124 accipientes
2441 4053 2822 4126 imposuerunt
2864 4050 2950 4115 ei;
2990 4067 3008 4102 ι
3050 4061 3100 4104 et
3126 4059 3318 4108 catera
3362 4066 3534 4127 usque
3561 4057 3629 4114 ad

1594 4170 1823 4230 VETUS
1859 4169 2434 4227 INTERPBETATIO.

397 4263 651 4339 cantibus
678 4266 732 4320 in
766 4269 1202 4339 conversatione.
1249 4269 1344 4324 sed
1365 4278 1420 4324 et
1447 4269 1702 4324 omnibus
1747 4269 1843 4339 qui
1877 4285 1908 4323 a
1932 4267 2277 4339 dogmatibus
2301 4265 2393 4322 Dei
2429 4266 2743 4339 ceciderint,
2761 4275 2832 4339 _et
2857 4267 2927 4339 ab
2951 4267 3220 4339 omnibus
3225 4265 3628 4339 ecclesiasticis

397 4335 579 4409 verbis
603 4374 616 4394 ,
642 4345 704 4409 et
731 4338 800 4393 ab
828 4338 977 4409 omni
1006 4338 1269 4406 sapientia
1298 4339 1583 4396 veritatis.
1635 4348 1689 4393 et
1713 4335 1968 4409 dogmata
2001 4335 2314 4409 sapueritit_,
2355 4338 2506 4409 verbi
2528 4338 2728 4407 gratia,
2760 4337 3050 4406 Basilidis,
3083 4338 3168 4394 vel
3199 4335 3496 4403 Valentini,
3541 4337 3624 4392 vel

397 4400 705 4478 Marcionis,
736 4415 827 4478 aut
851 4400 1237 4478 cujuscunque
1252 4422 1441 4478 eo_rum
1477 4409 1570 4478 qui
1606 4400 1840 4464 humana
1866 4400 2243 4478 docent—quasi
2268 4400 2472 4478 divina.

466 4472 554 4548 24.
603 4491 620 4523 ι
656 4473 710 4527 ln
746 4475 838 4530 illo
862 4472 1104 4544 tempore
1129 4472 1267 4530 dixit
1301 4475 1465 4531 Jesus
1494 4472 1778 4546 discipulis
1811 4478 1926 4533 suis
1955 4496 1968 4531 :
2001 4477 2057 4529 Si
2088 4472 2212 4545 quis
2243 4475 2360 4548 vult
2392 4475 2574 4532 venire
2615 4484 2740 4548 post
2768 4492 2887 4548 me,
2909 4478 3137 4548 abneget
3160 4478 3534 4548 semetipsum,
3570 4483 3627 4531 et

396 4541 549 4620 tollat
595 4557 812 4620 crucem
845 4541 1027 4610 suam,
1068 4556 1120 4620 et
1147 4556 1405 4615 sequatur
1443 4562 1547 4620 me.
1585 4567 1602 4599 ι
1636 4541 1901 4620 Quoniam
1953 4541 2205 4620 superi-us
2253 4546 2492 4620 diximus
2543 4541 2720 4620 magni
2758 4547 2902 4620 boni
2921 4541 3150 4603 esse'ire
3173 4557 3295 4620 post
3320 4541 3626 4620 Christum,

400 4610 521 4688 ideq
569 4612 915 4688 conferamus
949 4615 1192 4669 omnium
1224 4610 1791 4688 'evangelistarunrde
1821 4617 1924 4688 hoc
1956 4610 2477 4688 locorconvenientia
2515 4610 2697 4688 verba.
2757 4614 2825 4670 Et
2853 4614 3066 4672 Marcus
3110 4610 3329 4688 quidem
3367 4617 3499 4673 dicit
3525 4616 3629 4670 hoc

397 4679 563 4756 modo
594 4698 607 4732 :
649 4699 667 4730 ί
711 4681 776 4734 Et
803 4697 1112 4756 convocans
1139 4679 1407 4753 populum
1429 4703 1551 4743 cunt
1583 4687 1865 4755 discipulis
1895 4687 2010 4741 suis
2041 4686 2179 4756 dixit
2210 4685 2290 4740 eis
2319 4704 2332 4739 :
2371 4684 2427 4740 Si
2459 4686 2583 4755 quis
2609 4685 2722 4740 vult
2753 4695 2878 4756 post
2910 4702 2996 4741 me
3023 4679 3226 4751 venire,
3279 4687 3509 4756 abneget
3537 4699 3628 4756 se-

396 4752 728 4826 metipsum,
755 4760 810 4804 et
851 4752 1004 4826 tollat
1044 4752 1258 4826 cruCcin
1296 4770 1492 4826 suam,
1522 4765 1576 4810 et
1604 4752 1878 4826 sequatur,
1903 4771 2007 4810 me.
2047 4774 2066 4807 ι
2113 4755 2309 4812 Lucas
2336 4752 2516 4810 autem
2544 4756 2619 4809 ita
2649 4775 2662 4809 :
2723 4752 2997 4812 (Dicebat
3041 4757 3106 4810 ad
3137 4772 3329 4826 omnes
3360 4774 3374 4810 :
3411 4752 3466 4809 Si
3502 4755 3627 4825 quis

396 4817 670 4896 vultpost
698 4835 783 4873 me
815 4823 1017 4896 venire,
1052 4825 1280 4892 abneget
1308 4817 1699 4896 seinetipsum;
1721 4835 1775 4880 et
1810 4825 1958 4896 tollat
1988 4841 2205 4882 crucem
2233 4840 2412 4896 suam,
2453 4835 2507 4896 et
2528 4835 2787 4896 sequatur
2811 4841 2916 4879 me.
2952 4844 2971 4876 ι
3014 4827 3152 4893 Ergo
3173 4841 3268 4893 per
3299 4825 3398 4896 bos
3429 4817 3621 4896 omnes

397 4889 686 4941 inanileste
738 4891 1156 4965 cognosci:nus_._
1187 4889 1446 4965 quoniam
1490 4889 1601 4965 non
1647 4889 1730 4950 est
1780 4894 2176 4965 qualiscunque
2222 4895 2439 4949 virtutis
2472 4895 2549 4948 ire
2580 4889 2704 4965 post
2732 4894 3033 4965 Christum,
3066 4889 3139 4965 iet
3169 4889 3321 4965 sequi
3349 4910 3494 4950 eum.
3560 4892 3628 4950 Et

401 4970 558 5034 nemo
604 4967 779 5034 potest
823 4960 903 5014 ire
935 4971 1056 5034 post
1096 4961 1395 5034 Christum,
1424 4964 1552 5034 nisi
1579 4960 1922 5034 denegaverit
1949 4980 2026 5018 se.
2086 4960 2325 5033 Denegat
2365 4973 2546 5020 autem
2580 4960 2843 5033 seipsnm,
2875 4964 2968 5033 qui
2997 4960 3430 5034 priorem—vitam
3468 4979 3625 5021 suam

399 5026 597 5104 malam
629 5027 770 5082 bona
805 5026 1160 5104 conversione
1184 5033 1458 5104 relinquit
1488 5051 1502 5091 :
1537 5026 1747 5101 utputa'
1772 5035 2065 5102 aliquando
2097 5026 2412 5088 luxuriosus
2439 5026 2679 5104 denegat"
2718 5049 2777 5087 se
2822 5026 3190 5104 iniuriosum,
3227 5050 3523 5104 conversus
3556 5035 3625 5088 ad

398 5100 703 5185 ﬂagitatam
732 5116 745 5152 :
780 5108 834 5152 et
849 5101 952 5185 .qui
973 5111 1090 5185 erat
1123 5100 1390 5185 injust-us,
1419 5100 1646 5185 denegat
1678 5119 1736 5160 se
1764 5100 2022 5183 injustum
2043 5119 2180 5185 _cu_m
2207 5104 2435 5184 casperit
2461 5100 2679 5185 servaris
2714 5103 3002 5185 justitiam.
3045 5100 3136 5185 Sic
3165 5114 3218 5160 et
3242 5106 3335 5185 qui
3364 5101 3626 5182 insipiens

399 5160 573 5242 fuerat
607 5160 920 5242 aliquando,
953 5160 1262 5242 denegat-se
1291 5160 1655 5242 insipientem,
1689 5160 2009 5241 sapientiam
2042 5171 2131 5225 Dei
2160 5160 2484 5242 suscipiens.
2523 5171 2591 5228 Et
2621 5160 2842 5228 timidus
2867 5175 3161 5242 aliquando
3182 5160 3540 5232 conﬁrmatus
3570 5172 3624 5224 in

401 5235 593 5314 virtute
616 5235 711 5292 Dei
726 5279 742 5300 ,
775 5239 1022 5314 timidum
1047 5235 1278 5314 denegat
1302 5256 1380 5295 se.
1400 5235 1521 5314 ’δίε
1548 5251 1601 5294 ει
1629 5243 1682 5298 in
1715 5235 1864 5314 ojuni
1895 5241 2096 5297 malitia
2123 5253 2205 5296 est
2228 5235 2516 5298 dicendum
2547 5261 2559 5297 :
2583 5245 2676 5314 qui
2703 5259 2760 5298 se
2785 5245 2854 5298 ab
2877 5258 2938 5298 ea
2960 5235 3294 5314 converterit
3325 5243 3624 5314 secundum

401 5300 818 5390 praecepit
839 5308 1019 5390 Jcsus,
1050 5300 1280 5390 denegat
1305 5311 1448 5390 quod
1474 5314 1676 5390 luerat.
1720 5311 2139 5390 _Consequenter
2169 5321 2360 5390 autem
2387 5321 2471 5390 est
2497 5300 2885 5390 requirendum
2917 5329 2985 5368 ne
3012 5311 3153 5368 forte
3194 5313 3319 5390 quis
3351 5313 3489 5366 sicut
3520 5311 3623 5390 Ide:

405 5379 848 5452 {'Segal"5€ipslll_ﬂl_,
882 5380 962 5434 sic
984 5390 1038 5434 et
1065 5380 1671 5452 conﬁteaturseipsum,
1702 5379 1978 5452 denegans
2002 5397 2062 5435 se
2090 5382 2305 5449 quidem
2347 5379 2631 5451 injustum,
2659 5383 2926 5452 conﬁtens
2958 5393 3137 5437 autem
3165 5379 3230 5438 se
3246 5384 3475 5452 justum.
3520 5379 3624 5452 Sed

403 5443 446 5488 si
471 5443 682 5504 justitia
710 5443 960 5503 Christus
981 5458 1084 5513 est,
1115 5449 1206 5518 qui
1233 5443 1507 5517 justitiam
1524 5443 1783 5519 suscepit,
1813 5443 1918 5505 non
1960 5467 2019 5508 se
2051 5443 2338 5505 conﬁtetur
2363 5491 2378 5518 ,
2401 5443 2503 5506 sed
2531 5443 2829 5507 Christum.
2875 5451 2966 5508 Sic
2990 5462 3043 5508 et
3070 5453 3164 5523 qui
3194 5443 3511 5523 sapientiam
3544 5450 3624 5503 in-

469 5567 515 5598 “
536 5568 724 5630 Matth.
759 5591 866 5643 xw,
890 5580 977 5634 Ἃ.
1053 5581 1096 5612 ³⁷
1122 5581 1278 5638 Rom.
1312 5598 1365 5646 κ,
1395 5581 1475 5636 l0.
1552 5582 1596 5614 ³⁸
1618 5581 1806 5639 Matth.
1841 5600 1892 5648 x,
1918 5584 1971 5638 Si

2075 5585 2128 5652 ὅς
2170 5583 2301 5640 Luc.
2334 5601 2430 5652 an,
2469 5585 2519 5648 8,
2548 5585 2600 5639 9.
2677 5585 2898 5642 “Joan.
2938 5587 3156 5654 1:13,“,
3180 5587 3266 5655 l7,
3295 5585 3379 5645 l8.

467 5703 586 5784 (67)
650 5705 919 5784 Ἁργε-ῖται
946 5712 1039 5784 ea
1083 5714 1302 5771 ἑαυτὸν
1357 5718 1390 5770 ὀ
1435 5715 1542 5772 τὸν
1589 5717 1825 5780 ἑαυτοῦ,
1849 5728 1952 5774 etc.

394 5770 526 5858 Quae
562 5770 614 5828 in
653 5770 905 5858 eumdem
943 5779 1176 5858 Matthaai
1223 5785 1400 5839 locum
1439 5770 1655 5858 scripsit
1694 5770 1957 5858 Hieron)";

394 5857 536 5900 tuus.
567 5861 627 5902 ea
654 5863 720 5901 ex
753 5849 838 5902 his
866 5849 1131 5916 Origenis,
1157 5864 1208 5908 et
1238 5849 1608 5923 sequentibus,
1634 5858 1699 5915 ad
1736 5849 1954 5917 Verbum

2064 5720 2244 5804 pluuia
2283 5720 2573 5804 expressit.
2611 5719 2736 5779 Vide
2762 5724 2889 5804 ite_t_n
2918 5723 3237 5804 Gregqrium
3269 5725 3325 5778 in
3357 5721 3546 5804 Eua-Ii.
3572 5733 3624 5782 et

2066 5789 2252 5843 homil.
2287 5789 2437 5848 52in
2483 5789 2685 5868 .lft'ang.
2736 5804 2789 5850 et
2814 5789 3298 5868 Theoph'ylactum.
3360 5793 3623 5856 HUlTan.
