  <div class='ocr_page' id='page_1' title='image "/cluster/home/n/w/nwhite01/storage/ocr_20150623/13/mdp.39015007036059/523.png"; bbox 0 0 4028 6296; ppageno 0'>
   <div class='ocr_carea' id='block_1_1' title="bbox 355 398 498 456">
    <p class='ocr_par' dir='ltr' id='par_1_1' title="bbox 355 398 498 456">
     <span class='ocr_line' id='line_1_1' title="bbox 355 398 498 456; baseline 0.021 -2"><span class='ocrx_word' id='word_1_1' title='bbox 355 398 498 456; x_wconf 73' lang='grc'><strong>1059</strong></span> 
     </span>
    </p>
   </div>
   <div class='ocr_carea' id='block_1_2' title="bbox 1838 386 2164 445">
    <p class='ocr_par' dir='ltr' id='par_1_2' title="bbox 1838 386 2164 445">
     <span class='ocr_line' id='line_1_2' title="bbox 1838 386 2164 445; baseline -0.003 -1"><span class='ocrx_word' id='word_1_2' title='bbox 1838 386 2164 445; x_wconf 75' lang='lat' dir='ltr'><strong>ORICENIS</strong></span> 
     </span>
    </p>
   </div>
   <div class='ocr_carea' id='block_1_3' title="bbox 3479 388 3655 444">
    <p class='ocr_par' dir='ltr' id='par_1_3' title="bbox 3479 388 3655 444">
     <span class='ocr_line' id='line_1_3' title="bbox 3479 388 3655 444; baseline 0.006 -3"><span class='ocrx_word' id='word_1_3' title='bbox 3479 388 3623 444; x_wconf 64' lang='lat'><strong>1060</strong></span> <span class='ocrx_word' id='word_1_4' title='bbox 3648 420 3655 425; x_wconf 60' lang='grc' dir='ltr'><strong><em>ι</em></strong></span> 
     </span>
    </p>
   </div>
   <div class='ocr_carea' id='block_1_4' title="bbox 355 500 1931 579">
    <p class='ocr_par' dir='ltr' id='par_1_4' title="bbox 355 507 1931 579">
     <span class='ocr_line' id='line_1_4' title="bbox 355 507 1931 579; baseline -0.005 -11"><span class='ocrx_word' id='word_1_5' title='bbox 355 515 406 568; x_wconf 90' lang='lat' dir='ltr'><strong>id</strong></span> <span class='ocrx_word' id='word_1_6' title='bbox 440 533 453 570; x_wconf 90' lang='lat'><strong>:</strong></span> <span class='ocrx_word' id='word_1_7' title='bbox 496 531 517 566; x_wconf 81' lang='grc' dir='ltr'><strong>ι</strong></span> <span class='ocrx_word' id='word_1_8' title='bbox 553 510 652 568; x_wconf 88' lang='lat' dir='ltr'><strong>Ubi</strong></span> <span class='ocrx_word' id='word_1_9' title='bbox 698 508 1086 565; x_wconf 83' lang='lat' dir='ltr'><strong>cruciﬁxerunt</strong></span> <span class='ocrx_word' id='word_1_10' title='bbox 1137 522 1283 563; x_wconf 84' lang='lat' dir='ltr'><strong>eunt.</strong></span> <span class='ocrx_word' id='word_1_11' title='bbox 1326 528 1343 561; x_wconf 75' lang='grc' dir='ltr'><strong>ι</strong></span> <span class='ocrx_word' id='word_1_12' title='bbox 1398 508 1462 564; x_wconf 82' lang='lat' dir='ltr'><strong>At</strong></span> <span class='ocrx_word' id='word_1_13' title='bbox 1491 507 1685 576; x_wconf 69' lang='lat' dir='ltr'><strong>Iesus,</strong></span> <span class='ocrx_word' id='word_1_14' title='bbox 1722 509 1931 579; x_wconf 88' lang='lat' dir='ltr'><strong>quiest</strong></span> 
     </span>
    </p>
   </div>
   <div class='ocr_carea' id='block_1_5' title="bbox 2038 500 3626 579">
    <p class='ocr_par' dir='ltr' id='par_1_5' title="bbox 2038 500 3626 579">
     <span class='ocr_line' id='line_1_5' title="bbox 2038 500 3626 579; baseline 0.003 -21"><span class='ocrx_word' id='word_1_15' title='bbox 2038 505 2402 579; x_wconf 76' lang='grc' dir='ltr'>ἐσταύρωσαν.</span> <span class='ocrx_word' id='word_1_16' title='bbox 2445 524 2463 556; x_wconf 77' lang='grc' dir='ltr'><strong>ι</strong></span> <span class='ocrx_word' id='word_1_17' title='bbox 2510 503 2647 558; x_wconf 82' lang='grc' dir='ltr'>Ἀλλ’</span> <span class='ocrx_word' id='word_1_18' title='bbox 2680 506 2708 557; x_wconf 89' lang='lat'><strong>6</strong></span> <span class='ocrx_word' id='word_1_19' title='bbox 2737 505 2856 576; x_wconf 78' lang='grc' dir='ltr'>μὲν,</span> <span class='ocrx_word' id='word_1_20' title='bbox 2887 504 2951 559; x_wconf 83' lang='grc' dir='ltr'>ἵν’</span> <span class='ocrx_word' id='word_1_21' title='bbox 2980 500 3151 569; x_wconf 62' lang='lat' dir='ltr'><strong>aii-ctu;</strong></span> <span class='ocrx_word' id='word_1_22' title='bbox 3182 504 3455 576; x_wconf 80' lang='grc' dir='ltr'>ὀνομάσω,</span> <span class='ocrx_word' id='word_1_23' title='bbox 3482 509 3626 563; x_wconf 84' lang='grc' dir='ltr'><strong>κατά</strong></span> 
     </span>
    </p>
   </div>
   <div class='ocr_carea' id='block_1_6' title="bbox 355 601 1930 674">
    <p class='ocr_par' dir='ltr' id='par_1_6' title="bbox 355 601 1930 674">
     <span class='ocr_line' id='line_1_6' title="bbox 355 601 1930 674; baseline -0.004 -13"><span class='ocrx_word' id='word_1_24' title='bbox 355 605 654 661; x_wconf 87' lang='lat' dir='ltr'><strong>secundum</strong></span> <span class='ocrx_word' id='word_1_25' title='bbox 687 601 976 667; x_wconf 81' lang='lat' dir='ltr'><strong>Joannem,</strong></span> <span class='ocrx_word' id='word_1_26' title='bbox 1007 611 1067 656; x_wconf 91' lang='lat' dir='ltr'><strong>ut</strong></span> <span class='ocrx_word' id='word_1_27' title='bbox 1093 617 1219 658; x_wconf 89' lang='lat' dir='ltr'><strong>eum</strong></span> <span class='ocrx_word' id='word_1_28' title='bbox 1255 603 1333 657; x_wconf 91' lang='lat' dir='ltr'><strong>sic</strong></span> <span class='ocrx_word' id='word_1_29' title='bbox 1366 604 1652 674; x_wconf 85' lang='lat' dir='ltr'><strong>appellem,</strong></span> <span class='ocrx_word' id='word_1_30' title='bbox 1683 602 1787 657; x_wconf 86' lang='lat' dir='ltr'><strong>sibi</strong></span> <span class='ocrx_word' id='word_1_31' title='bbox 1815 601 1930 671; x_wconf 87' lang='lat' dir='ltr'><strong>ipse</strong></span> 
     </span>
    </p>
   </div>
   <div class='ocr_carea' id='block_1_7' title="bbox 354 692 1932 763">
    <p class='ocr_par' dir='ltr' id='par_1_7' title="bbox 354 692 1932 763">
     <span class='ocr_line' id='line_1_7' title="bbox 354 692 1932 763; baseline -0.003 -14"><span class='ocrx_word' id='word_1_32' title='bbox 354 708 572 749; x_wconf 89' lang='lat' dir='ltr'><strong>crucem</strong></span> <span class='ocrx_word' id='word_1_33' title='bbox 605 700 807 761; x_wconf 91' lang='lat' dir='ltr'><strong>portat,</strong></span> <span class='ocrx_word' id='word_1_34' title='bbox 837 700 891 746; x_wconf 87' lang='lat' dir='ltr'><strong>et</strong></span> <span class='ocrx_word' id='word_1_35' title='bbox 920 712 937 743; x_wconf 80' lang='grc' dir='ltr'><strong>ι</strong></span> <span class='ocrx_word' id='word_1_36' title='bbox 970 692 1227 763; x_wconf 87' lang='lat' dir='ltr'><strong>bajulans</strong></span> <span class='ocrx_word' id='word_1_37' title='bbox 1256 709 1376 748; x_wconf 90' lang='lat' dir='ltr'><strong>eam</strong></span> <span class='ocrx_word' id='word_1_38' title='bbox 1401 694 1602 760; x_wconf 89' lang='lat' dir='ltr'><strong>exivit;</strong></span> <span class='ocrx_word' id='word_1_39' title='bbox 1642 713 1661 746; x_wconf 75' lang='grc' dir='ltr'><strong>ι</strong></span> <span class='ocrx_word' id='word_1_40' title='bbox 1695 694 1783 748; x_wconf 93' lang='lat' dir='ltr'><strong>ille</strong></span> <span class='ocrx_word' id='word_1_41' title='bbox 1805 707 1932 746; x_wconf 87' lang='lat' dir='ltr'><strong>vero</strong></span> 
     </span>
    </p>
   </div>
   <div class='ocr_carea' id='block_1_8' title="bbox 352 782 1930 854">
    <p class='ocr_par' dir='ltr' id='par_1_8' title="bbox 352 782 1930 854">
     <span class='ocr_line' id='line_1_8' title="bbox 352 782 1930 854; baseline -0.001 -14"><span class='ocrx_word' id='word_1_42' title='bbox 352 785 446 854; x_wconf 92' lang='lat' dir='ltr'><strong>qui</strong></span> <span class='ocrx_word' id='word_1_43' title='bbox 498 792 582 839; x_wconf 89' lang='lat' dir='ltr'><strong>est</strong></span> <span class='ocrx_word' id='word_1_44' title='bbox 630 784 931 839; x_wconf 90' lang='lat' dir='ltr'><strong>secundum</strong></span> <span class='ocrx_word' id='word_1_45' title='bbox 970 783 1319 849; x_wconf 66' lang='lat' dir='ltr'><strong>Matthaaum,</strong></span> <span class='ocrx_word' id='word_1_46' title='bbox 1351 796 1406 841; x_wconf 90' lang='lat' dir='ltr'><strong>et</strong></span> <span class='ocrx_word' id='word_1_47' title='bbox 1436 785 1677 841; x_wconf 83' lang='lat' dir='ltr'><strong>Marcum</strong></span> <span class='ocrx_word' id='word_1_48' title='bbox 1699 827 1715 852; x_wconf 94' lang='lat'><strong>,</strong></span> <span class='ocrx_word' id='word_1_49' title='bbox 1741 793 1796 839; x_wconf 90' lang='lat' dir='ltr'><strong>et</strong></span> <span class='ocrx_word' id='word_1_50' title='bbox 1821 782 1930 838; x_wconf 85' lang='lat' dir='ltr'><strong>Lu-</strong></span> 
     </span>
    </p>
   </div>
   <div class='ocr_carea' id='block_1_9' title="bbox 351 871 1932 945">
    <p class='ocr_par' dir='ltr' id='par_1_9' title="bbox 351 871 1932 945">
     <span class='ocr_line' id='line_1_9' title="bbox 351 871 1932 945; baseline -0.001 -15"><span class='ocrx_word' id='word_1_51' title='bbox 351 888 494 938; x_wconf 87' lang='lat' dir='ltr'><strong>cam,</strong></span> <span class='ocrx_word' id='word_1_52' title='bbox 530 871 635 929; x_wconf 85' lang='lat' dir='ltr'><strong>sibi</strong></span> <span class='ocrx_word' id='word_1_53' title='bbox 663 885 784 926; x_wconf 86' lang='lat' dir='ltr'><strong>cam</strong></span> <span class='ocrx_word' id='word_1_54' title='bbox 816 872 932 942; x_wconf 91' lang='lat' dir='ltr'><strong>ipse</strong></span> <span class='ocrx_word' id='word_1_55' title='bbox 956 888 1066 928; x_wconf 91' lang='lat' dir='ltr'><strong>non</strong></span> <span class='ocrx_word' id='word_1_56' title='bbox 1094 872 1218 941; x_wconf 86' lang='lat' dir='ltr'><strong>fert,</strong></span> <span class='ocrx_word' id='word_1_57' title='bbox 1256 873 1443 928; x_wconf 84' lang='lat' dir='ltr'><strong>Simon</strong></span> <span class='ocrx_word' id='word_1_58' title='bbox 1469 874 1616 930; x_wconf 87' lang='lat' dir='ltr'><strong>enim</strong></span> <span class='ocrx_word' id='word_1_59' title='bbox 1637 872 1932 945; x_wconf 65' lang='lat' dir='ltr'><strong>Cyrenaeus</strong></span> 
     </span>
    </p>
   </div>
   <div class='ocr_carea' id='block_1_10' title="bbox 351 962 1923 1035">
    <p class='ocr_par' dir='ltr' id='par_1_10' title="bbox 351 962 1923 1035">
     <span class='ocr_line' id='line_1_10' title="bbox 351 962 1923 1035; baseline 0 -16"><span class='ocrx_word' id='word_1_60' title='bbox 351 979 472 1020; x_wconf 87' lang='lat' dir='ltr'><strong>eam</strong></span> <span class='ocrx_word' id='word_1_61' title='bbox 504 972 685 1035; x_wconf 81' lang='lat' dir='ltr'><strong>portat</strong></span> <span class='ocrx_word' id='word_1_62' title='bbox 711 963 778 1016; x_wconf 79' lang='lat'><strong>&#39;°.</strong></span> <span class='ocrx_word' id='word_1_63' title='bbox 825 962 893 1018; x_wconf 89' lang='lat' dir='ltr'><strong>Et</strong></span> <span class='ocrx_word' id='word_1_64' title='bbox 927 965 975 1020; x_wconf 87' lang='lat' dir='ltr'><strong>is</strong></span> <span class='ocrx_word' id='word_1_65' title='bbox 1000 966 1221 1035; x_wconf 85' lang='lat' dir='ltr'><strong>quidem</strong></span> <span class='ocrx_word' id='word_1_66' title='bbox 1267 964 1502 1021; x_wconf 81' lang='lat' dir='ltr'><strong>fortasse</strong></span> <span class='ocrx_word' id='word_1_67' title='bbox 1535 964 1602 1020; x_wconf 91' lang='lat' dir='ltr'><strong>ad</strong></span> <span class='ocrx_word' id='word_1_68' title='bbox 1632 980 1731 1020; x_wconf 89' lang='lat' dir='ltr'><strong>nos</strong></span> <span class='ocrx_word' id='word_1_69' title='bbox 1763 962 1923 1020; x_wconf 78' lang='lat' dir='ltr'><strong>refer-</strong></span> 
     </span>
    </p>
   </div>
   <div class='ocr_carea' id='block_1_11' title="bbox 352 1054 1934 1127">
    <p class='ocr_par' dir='ltr' id='par_1_11' title="bbox 352 1054 1934 1127">
     <span class='ocr_line' id='line_1_11' title="bbox 352 1054 1934 1127; baseline -0.001 -16"><span class='ocrx_word' id='word_1_70' title='bbox 352 1067 460 1120; x_wconf 89' lang='lat' dir='ltr'><strong>tur,</strong></span> <span class='ocrx_word' id='word_1_71' title='bbox 494 1055 588 1126; x_wconf 88' lang='lat' dir='ltr'><strong>qui</strong></span> <span class='ocrx_word' id='word_1_72' title='bbox 611 1065 834 1127; x_wconf 86' lang='lat' dir='ltr'><strong>propter</strong></span> <span class='ocrx_word' id='word_1_73' title='bbox 860 1054 1049 1111; x_wconf 74' lang='lat' dir='ltr'><strong>Iesum</strong></span> <span class='ocrx_word' id='word_1_74' title='bbox 1071 1055 1201 1112; x_wconf 85' lang='lat' dir='ltr'><strong>Jesu</strong></span> <span class='ocrx_word' id='word_1_75' title='bbox 1230 1072 1448 1112; x_wconf 91' lang='lat' dir='ltr'><strong>crucem</strong></span> <span class='ocrx_word' id='word_1_76' title='bbox 1477 1065 1789 1126; x_wconf 87' lang='lat' dir='ltr'><strong>portamus;</strong></span> <span class='ocrx_word' id='word_1_77' title='bbox 1818 1055 1934 1127; x_wconf 91' lang='lat' dir='ltr'><strong>ipse</strong></span> 
     </span>
    </p>
   </div>
   <div class='ocr_carea' id='block_1_12' title="bbox 354 1144 1933 1219">
    <p class='ocr_par' dir='ltr' id='par_1_12' title="bbox 354 1144 1933 1219">
     <span class='ocr_line' id='line_1_12' title="bbox 354 1144 1933 1219; baseline 0 -19"><span class='ocrx_word' id='word_1_78' title='bbox 354 1160 481 1200; x_wconf 82' lang='lat' dir='ltr'><strong>vero</strong></span> <span class='ocrx_word' id='word_1_79' title='bbox 506 1144 665 1201; x_wconf 84' lang='lat' dir='ltr'><strong>Jesus</strong></span> <span class='ocrx_word' id='word_1_80' title='bbox 696 1146 764 1201; x_wconf 90' lang='lat' dir='ltr'><strong>ad</strong></span> <span class='ocrx_word' id='word_1_81' title='bbox 795 1146 1056 1217; x_wconf 89' lang='lat' dir='ltr'><strong>seipsum.</strong></span> <span class='ocrx_word' id='word_1_82' title='bbox 1087 1146 1249 1219; x_wconf 67' lang='grc'><strong>544</strong></span> <span class='ocrx_word' id='word_1_83' title='bbox 1275 1146 1408 1201; x_wconf 85' lang='lat' dir='ltr'><strong>Nam</strong></span> <span class='ocrx_word' id='word_1_84' title='bbox 1448 1147 1603 1217; x_wconf 88' lang='lat' dir='ltr'><strong>quasi</strong></span> <span class='ocrx_word' id='word_1_85' title='bbox 1648 1145 1933 1216; x_wconf 81' lang='lat' dir='ltr'><strong>dupliciter</strong></span> 
     </span>
    </p>
   </div>
   <div class='ocr_carea' id='block_1_13' title="bbox 353 1236 1927 1310">
    <p class='ocr_par' dir='ltr' id='par_1_13' title="bbox 353 1236 1927 1310">
     <span class='ocr_line' id='line_1_13' title="bbox 353 1236 1927 1310; baseline -0.002 -16"><span class='ocrx_word' id='word_1_86' title='bbox 353 1254 488 1295; x_wconf 88' lang='lat' dir='ltr'><strong>crux</strong></span> <span class='ocrx_word' id='word_1_87' title='bbox 531 1238 718 1293; x_wconf 91' lang='lat' dir='ltr'><strong>animo</strong></span> <span class='ocrx_word' id='word_1_88' title='bbox 764 1239 1155 1310; x_wconf 84' lang='lat' dir='ltr'><strong>comprehendi</strong></span> <span class='ocrx_word' id='word_1_89' title='bbox 1190 1248 1402 1310; x_wconf 86' lang='lat' dir='ltr'><strong>potest,</strong></span> <span class='ocrx_word' id='word_1_90' title='bbox 1450 1240 1523 1294; x_wconf 86' lang='lat' dir='ltr'><strong>ita</strong></span> <span class='ocrx_word' id='word_1_91' title='bbox 1570 1248 1631 1294; x_wconf 90' lang='lat' dir='ltr'><strong>ttt</strong></span> <span class='ocrx_word' id='word_1_92' title='bbox 1666 1239 1836 1293; x_wconf 89' lang='lat' dir='ltr'><strong>altera</strong></span> <span class='ocrx_word' id='word_1_93' title='bbox 1863 1236 1927 1292; x_wconf 93' lang='lat' dir='ltr'><strong>sit</strong></span> 
     </span>
    </p>
   </div>
   <div class='ocr_carea' id='block_1_14' title="bbox 352 1328 1934 1402">
    <p class='ocr_par' dir='ltr' id='par_1_14' title="bbox 352 1328 1934 1402">
     <span class='ocr_line' id='line_1_14' title="bbox 352 1328 1934 1402; baseline 0.001 -19"><span class='ocrx_word' id='word_1_94' title='bbox 352 1345 517 1401; x_wconf 87' lang='lat' dir='ltr'><strong>quam</strong></span> <span class='ocrx_word' id='word_1_95' title='bbox 573 1328 764 1386; x_wconf 89' lang='lat' dir='ltr'><strong>Simon</strong></span> <span class='ocrx_word' id='word_1_96' title='bbox 809 1331 1144 1402; x_wconf 69' lang='lat' dir='ltr'><strong>Cyrenreus,</strong></span> <span class='ocrx_word' id='word_1_97' title='bbox 1218 1332 1387 1386; x_wconf 89' lang='lat' dir='ltr'><strong>altera</strong></span> <span class='ocrx_word' id='word_1_98' title='bbox 1454 1346 1622 1402; x_wconf 84' lang='lat' dir='ltr'><strong>quam</strong></span> <span class='ocrx_word' id='word_1_99' title='bbox 1670 1330 1775 1387; x_wconf 86' lang='lat' dir='ltr'><strong>sibi</strong></span> <span class='ocrx_word' id='word_1_100' title='bbox 1818 1328 1934 1400; x_wconf 91' lang='lat' dir='ltr'><strong>ipse</strong></span> 
     </span>
    </p>
   </div>
   <div class='ocr_carea' id='block_1_15' title="bbox 354 1420 1705 1503">
    <p class='ocr_par' dir='ltr' id='par_1_15' title="bbox 354 1420 1705 1503">
     <span class='ocr_line' id='line_1_15' title="bbox 354 1420 1705 1503; baseline 0 -26"><span class='ocrx_word' id='word_1_101' title='bbox 354 1422 606 1477; x_wconf 81' lang='lat' dir='ltr'><strong>Christus</strong></span> <span class='ocrx_word' id='word_1_102' title='bbox 636 1420 764 1478; x_wconf 84' lang='lat' dir='ltr'><strong>fert.</strong></span> <span class='ocrx_word' id='word_1_103' title='bbox 1698 1486 1705 1503; x_wconf 38' lang='grc' dir='ltr'><strong><em>ι</em></strong></span> 
     </span>
    </p>
   </div>
   <div class='ocr_carea' id='block_1_16' title="bbox 423 1511 1926 1585">
    <p class='ocr_par' dir='ltr' id='par_1_16' title="bbox 423 1511 1926 1585">
     <span class='ocr_line' id='line_1_16' title="bbox 423 1511 1926 1585; baseline 0.001 -19"><span class='ocrx_word' id='word_1_104' title='bbox 423 1512 514 1566; x_wconf 70' lang='lat'><strong>25.</strong></span> <span class='ocrx_word' id='word_1_105' title='bbox 554 1511 828 1567; x_wconf 59' lang='lat' dir='ltr'><strong>Praeterea</strong></span> <span class='ocrx_word' id='word_1_106' title='bbox 863 1512 929 1566; x_wconf 86' lang='lat' dir='ltr'><strong>ad</strong></span> <span class='ocrx_word' id='word_1_107' title='bbox 962 1512 1013 1568; x_wconf 90' lang='lat' dir='ltr'><strong>id</strong></span> <span class='ocrx_word' id='word_1_108' title='bbox 1041 1513 1085 1544; x_wconf 80' lang='lat'><strong>&quot;</strong></span> <span class='ocrx_word' id='word_1_109' title='bbox 1121 1533 1136 1569; x_wconf 91' lang='lat'><strong>:</strong></span> <span class='ocrx_word' id='word_1_110' title='bbox 1179 1533 1197 1567; x_wconf 82' lang='grc' dir='ltr'><strong>Ι</strong></span> <span class='ocrx_word' id='word_1_111' title='bbox 1229 1515 1473 1585; x_wconf 87' lang='lat' dir='ltr'><strong>Abneget</strong></span> <span class='ocrx_word' id='word_1_112' title='bbox 1502 1515 1876 1585; x_wconf 88' lang='lat' dir='ltr'><strong>semetipsum,</strong></span> <span class='ocrx_word' id='word_1_113' title='bbox 1907 1536 1926 1568; x_wconf 75' lang='grc' dir='ltr'><strong>ι</strong></span> 
     </span>
    </p>
   </div>
   <div class='ocr_carea' id='block_1_17' title="bbox 356 1605 1931 1676">
    <p class='ocr_par' dir='ltr' id='par_1_17' title="bbox 356 1605 1931 1676">
     <span class='ocr_line' id='line_1_17' title="bbox 356 1605 1931 1676; baseline 0 -14"><span class='ocrx_word' id='word_1_114' title='bbox 356 1607 571 1662; x_wconf 77' lang='lat' dir='ltr'><strong>videtur</strong></span> <span class='ocrx_word' id='word_1_115' title='bbox 602 1605 735 1660; x_wconf 92' lang='lat' dir='ltr'><strong>mihi</strong></span> <span class='ocrx_word' id='word_1_116' title='bbox 765 1606 898 1661; x_wconf 88' lang='lat' dir='ltr'><strong>utile</strong></span> <span class='ocrx_word' id='word_1_117' title='bbox 926 1620 1049 1661; x_wconf 88' lang='lat' dir='ltr'><strong>esse</strong></span> <span class='ocrx_word' id='word_1_118' title='bbox 1073 1606 1126 1661; x_wconf 88' lang='lat' dir='ltr'><strong>id</strong></span> <span class='ocrx_word' id='word_1_119' title='bbox 1157 1608 1301 1676; x_wconf 89' lang='lat' dir='ltr'><strong>quod</strong></span> <span class='ocrx_word' id='word_1_120' title='bbox 1333 1623 1363 1662; x_wconf 90' lang='lat' dir='ltr'><strong>a</strong></span> <span class='ocrx_word' id='word_1_121' title='bbox 1393 1606 1563 1663; x_wconf 90' lang='lat' dir='ltr'><strong>Paulo</strong></span> <span class='ocrx_word' id='word_1_122' title='bbox 1594 1607 1695 1663; x_wconf 89' lang='lat' dir='ltr'><strong>sibi</strong></span> <span class='ocrx_word' id='word_1_123' title='bbox 1730 1623 1931 1662; x_wconf 92' lang='lat' dir='ltr'><strong>renun-</strong></span> 
     </span>
    </p>
   </div>
   <div class='ocr_carea' id='block_1_18' title="bbox 358 1696 1925 1768">
    <p class='ocr_par' dir='ltr' id='par_1_18' title="bbox 358 1696 1925 1768">
     <span class='ocr_line' id='line_1_18' title="bbox 358 1696 1925 1768; baseline -0.002 -16"><span class='ocrx_word' id='word_1_124' title='bbox 358 1698 528 1753; x_wconf 86' lang='lat' dir='ltr'><strong>tiante</strong></span> <span class='ocrx_word' id='word_1_125' title='bbox 551 1696 757 1751; x_wconf 91' lang='lat' dir='ltr'><strong>dictum</strong></span> <span class='ocrx_word' id='word_1_126' title='bbox 783 1704 884 1760; x_wconf 90' lang='lat' dir='ltr'><strong>est,</strong></span> <span class='ocrx_word' id='word_1_127' title='bbox 911 1697 1054 1766; x_wconf 89' lang='lat' dir='ltr'><strong>quod</strong></span> <span class='ocrx_word' id='word_1_128' title='bbox 1087 1696 1159 1752; x_wconf 90' lang='lat' dir='ltr'><strong>ita</strong></span> <span class='ocrx_word' id='word_1_129' title='bbox 1193 1713 1251 1753; x_wconf 90' lang='lat' dir='ltr'><strong>se</strong></span> <span class='ocrx_word' id='word_1_130' title='bbox 1272 1697 1434 1752; x_wconf 85' lang='lat' dir='ltr'><strong>habet</strong></span> <span class='ocrx_word' id='word_1_131' title='bbox 1457 1699 1503 1732; x_wconf 67' lang='grc' dir='ltr'>θ’</span> <span class='ocrx_word' id='word_1_132' title='bbox 1538 1717 1550 1753; x_wconf 95' lang='lat'><strong>:</strong></span> <span class='ocrx_word' id='word_1_133' title='bbox 1592 1717 1610 1749; x_wconf 75' lang='grc' dir='ltr'><strong>ι</strong></span> <span class='ocrx_word' id='word_1_134' title='bbox 1644 1696 1778 1752; x_wconf 83' lang='lat' dir='ltr'><strong>Vivo</strong></span> <span class='ocrx_word' id='word_1_135' title='bbox 1800 1713 1925 1768; x_wconf 84' lang='lat' dir='ltr'><strong>ego,</strong></span> 
     </span>
    </p>
   </div>
   <div class='ocr_carea' id='block_1_19' title="bbox 359 1785 1927 1857">
    <p class='ocr_par' dir='ltr' id='par_1_19' title="bbox 359 1785 1927 1857">
     <span class='ocr_line' id='line_1_19' title="bbox 359 1785 1927 1857; baseline 0 -16"><span class='ocrx_word' id='word_1_136' title='bbox 359 1787 466 1857; x_wconf 83' lang='lat' dir='ltr'><strong>iam</strong></span> <span class='ocrx_word' id='word_1_137' title='bbox 511 1800 620 1841; x_wconf 90' lang='lat' dir='ltr'><strong>non</strong></span> <span class='ocrx_word' id='word_1_138' title='bbox 654 1801 756 1856; x_wconf 86' lang='lat' dir='ltr'><strong>ego</strong></span> <span class='ocrx_word' id='word_1_139' title='bbox 789 1805 802 1840; x_wconf 90' lang='lat'><strong>:</strong></span> <span class='ocrx_word' id='word_1_140' title='bbox 834 1786 965 1841; x_wconf 86' lang='lat' dir='ltr'><strong>vivit</strong></span> <span class='ocrx_word' id='word_1_141' title='bbox 993 1801 1122 1842; x_wconf 87' lang='lat' dir='ltr'><strong>vero</strong></span> <span class='ocrx_word' id='word_1_142' title='bbox 1162 1787 1217 1841; x_wconf 93' lang='lat' dir='ltr'><strong>in</strong></span> <span class='ocrx_word' id='word_1_143' title='bbox 1259 1802 1346 1841; x_wconf 93' lang='lat' dir='ltr'><strong>me</strong></span> <span class='ocrx_word' id='word_1_144' title='bbox 1384 1785 1656 1843; x_wconf 90' lang='lat' dir='ltr'><strong>Christus.</strong></span> <span class='ocrx_word' id='word_1_145' title='bbox 1695 1807 1714 1839; x_wconf 78' lang='grc' dir='ltr'><strong>ι</strong></span> <span class='ocrx_word' id='word_1_146' title='bbox 1743 1787 1877 1841; x_wconf 79' lang='lat' dir='ltr'><strong>Nam</strong></span> <span class='ocrx_word' id='word_1_147' title='bbox 1915 1807 1927 1841; x_wconf 89' lang='lat'><strong><em>:</em></strong></span> 
     </span>
    </p>
   </div>
   <div class='ocr_carea' id='block_1_20' title="bbox 363 1874 1931 1947">
    <p class='ocr_par' dir='ltr' id='par_1_20' title="bbox 363 1874 1931 1947">
     <span class='ocr_line' id='line_1_20' title="bbox 363 1874 1931 1947; baseline 0.003 -18"><span class='ocrx_word' id='word_1_148' title='bbox 363 1900 381 1929; x_wconf 79' lang='grc' dir='ltr'><strong>ι</strong></span> <span class='ocrx_word' id='word_1_149' title='bbox 418 1874 554 1932; x_wconf 86' lang='lat' dir='ltr'><strong>Vivo</strong></span> <span class='ocrx_word' id='word_1_150' title='bbox 580 1891 702 1947; x_wconf 81' lang='lat' dir='ltr'><strong>ego,</strong></span> <span class='ocrx_word' id='word_1_151' title='bbox 751 1875 865 1945; x_wconf 84' lang='lat' dir='ltr'><strong>jam</strong></span> <span class='ocrx_word' id='word_1_152' title='bbox 896 1891 1005 1931; x_wconf 91' lang='lat' dir='ltr'><strong>non</strong></span> <span class='ocrx_word' id='word_1_153' title='bbox 1042 1891 1165 1947; x_wconf 80' lang='lat' dir='ltr'><strong>ego,</strong></span> <span class='ocrx_word' id='word_1_154' title='bbox 1205 1896 1223 1928; x_wconf 85' lang='grc'>›</span> <span class='ocrx_word' id='word_1_155' title='bbox 1275 1892 1381 1931; x_wconf 84' lang='lat' dir='ltr'><strong>vox</strong></span> <span class='ocrx_word' id='word_1_156' title='bbox 1412 1885 1530 1932; x_wconf 88' lang='lat' dir='ltr'><strong>erat</strong></span> <span class='ocrx_word' id='word_1_157' title='bbox 1555 1893 1614 1934; x_wconf 88' lang='lat' dir='ltr'><strong>se</strong></span> <span class='ocrx_word' id='word_1_158' title='bbox 1643 1878 1931 1947; x_wconf 82' lang='lat' dir='ltr'><strong>ejurantis,</strong></span> 
     </span>
    </p>
   </div>
   <div class='ocr_carea' id='block_1_21' title="bbox 358 1967 1931 2039">
    <p class='ocr_par' dir='ltr' id='par_1_21' title="bbox 358 1967 1931 2039">
     <span class='ocr_line' id='line_1_21' title="bbox 358 1967 1931 2039; baseline 0.001 -16"><span class='ocrx_word' id='word_1_159' title='bbox 358 1978 617 2039; x_wconf 84' lang='lat' dir='ltr'><strong>tanquam</strong></span> <span class='ocrx_word' id='word_1_160' title='bbox 643 1967 738 2038; x_wconf 90' lang='lat' dir='ltr'><strong>qui</strong></span> <span class='ocrx_word' id='word_1_161' title='bbox 762 1969 1039 2037; x_wconf 83' lang='lat' dir='ltr'><strong>propriam</strong></span> <span class='ocrx_word' id='word_1_162' title='bbox 1065 1969 1231 2024; x_wconf 87' lang='lat' dir='ltr'><strong>vitam</strong></span> <span class='ocrx_word' id='word_1_163' title='bbox 1254 1971 1558 2036; x_wconf 89' lang='lat' dir='ltr'><strong>amisisset,</strong></span> <span class='ocrx_word' id='word_1_164' title='bbox 1594 1970 1648 2025; x_wconf 92' lang='lat' dir='ltr'><strong>in</strong></span> <span class='ocrx_word' id='word_1_165' title='bbox 1674 1985 1733 2027; x_wconf 90' lang='lat' dir='ltr'><strong>se</strong></span> <span class='ocrx_word' id='word_1_166' title='bbox 1752 1979 1931 2026; x_wconf 90' lang='lat' dir='ltr'><strong>autem</strong></span> 
     </span>
    </p>
   </div>
   <div class='ocr_carea' id='block_1_22' title="bbox 358 2056 1935 2127">
    <p class='ocr_par' dir='ltr' id='par_1_22' title="bbox 358 2056 1935 2127">
     <span class='ocr_line' id='line_1_22' title="bbox 358 2056 1935 2127; baseline 0.001 -15"><span class='ocrx_word' id='word_1_167' title='bbox 358 2058 635 2114; x_wconf 82' lang='lat' dir='ltr'><strong>Christum</strong></span> <span class='ocrx_word' id='word_1_168' title='bbox 673 2057 1030 2127; x_wconf 86' lang='lat' dir='ltr'><strong>suscepisset,</strong></span> <span class='ocrx_word' id='word_1_169' title='bbox 1064 2066 1126 2111; x_wconf 88' lang='lat' dir='ltr'><strong>ut</strong></span> <span class='ocrx_word' id='word_1_170' title='bbox 1168 2056 1285 2127; x_wconf 90' lang='lat' dir='ltr'><strong>ipse</strong></span> <span class='ocrx_word' id='word_1_171' title='bbox 1331 2057 1383 2111; x_wconf 94' lang='lat' dir='ltr'><strong>in</strong></span> <span class='ocrx_word' id='word_1_172' title='bbox 1433 2072 1499 2113; x_wconf 90' lang='lat' dir='ltr'><strong>eo</strong></span> <span class='ocrx_word' id='word_1_173' title='bbox 1532 2057 1772 2119; x_wconf 87' lang='lat' dir='ltr'><strong>viveret.</strong></span> <span class='ocrx_word' id='word_1_174' title='bbox 1816 2066 1935 2114; x_wconf 91' lang='lat' dir='ltr'><strong>tan-</strong></span> 
     </span>
    </p>
   </div>
   <div class='ocr_carea' id='block_1_23' title="bbox 358 2148 1932 2220">
    <p class='ocr_par' dir='ltr' id='par_1_23' title="bbox 358 2148 1932 2220">
     <span class='ocr_line' id='line_1_23' title="bbox 358 2148 1932 2220; baseline 0.001 -17"><span class='ocrx_word' id='word_1_175' title='bbox 358 2165 520 2220; x_wconf 84' lang='lat' dir='ltr'><strong>quam</strong></span> <span class='ocrx_word' id='word_1_176' title='bbox 567 2150 816 2219; x_wconf 87' lang='lat' dir='ltr'><strong>justitia,</strong></span> <span class='ocrx_word' id='word_1_177' title='bbox 864 2157 914 2203; x_wconf 93' lang='lat' dir='ltr'><strong>et</strong></span> <span class='ocrx_word' id='word_1_178' title='bbox 946 2156 1203 2218; x_wconf 86' lang='lat' dir='ltr'><strong>tanquam</strong></span> <span class='ocrx_word' id='word_1_179' title='bbox 1253 2148 1554 2218; x_wconf 89' lang='lat' dir='ltr'><strong>sapientia,</strong></span> <span class='ocrx_word' id='word_1_180' title='bbox 1591 2157 1646 2204; x_wconf 92' lang='lat' dir='ltr'><strong>et</strong></span> <span class='ocrx_word' id='word_1_181' title='bbox 1674 2156 1932 2220; x_wconf 86' lang='lat' dir='ltr'><strong>tanquam</strong></span> 
     </span>
    </p>
   </div>
   <div class='ocr_carea' id='block_1_24' title="bbox 357 2240 1933 2310">
    <p class='ocr_par' dir='ltr' id='par_1_24' title="bbox 357 2240 1933 2310">
     <span class='ocr_line' id='line_1_24' title="bbox 357 2240 1933 2310; baseline -0.003 -12"><span class='ocrx_word' id='word_1_182' title='bbox 357 2240 717 2298; x_wconf 88' lang='lat' dir='ltr'><strong>sanctiﬁcatio</strong></span> <span class='ocrx_word' id='word_1_183' title='bbox 737 2281 753 2307; x_wconf 94' lang='lat'><strong>,</strong></span> <span class='ocrx_word' id='word_1_184' title='bbox 806 2248 862 2294; x_wconf 90' lang='lat' dir='ltr'><strong>et</strong></span> <span class='ocrx_word' id='word_1_185' title='bbox 895 2248 1152 2308; x_wconf 90' lang='lat' dir='ltr'><strong>tanquam</strong></span> <span class='ocrx_word' id='word_1_186' title='bbox 1187 2254 1283 2309; x_wconf 69' lang='lat' dir='ltr'><strong>par</strong></span> <span class='ocrx_word' id='word_1_187' title='bbox 1317 2249 1504 2294; x_wconf 88' lang='lat' dir='ltr'><strong>nostra</strong></span> <span class='ocrx_word' id='word_1_188' title='bbox 1527 2277 1542 2304; x_wconf 91' lang='lat'><strong>,</strong></span> <span class='ocrx_word' id='word_1_189' title='bbox 1593 2248 1648 2294; x_wconf 89' lang='lat' dir='ltr'><strong>et</strong></span> <span class='ocrx_word' id='word_1_190' title='bbox 1674 2248 1933 2310; x_wconf 89' lang='lat' dir='ltr'><strong>tanquam</strong></span> 
     </span>
    </p>
   </div>
   <div class='ocr_carea' id='block_1_25' title="bbox 358 2328 1935 2403">
    <p class='ocr_par' dir='ltr' id='par_1_25' title="bbox 358 2328 1935 2403">
     <span class='ocr_line' id='line_1_25' title="bbox 358 2328 1935 2403; baseline -0.001 -16"><span class='ocrx_word' id='word_1_191' title='bbox 358 2330 592 2403; x_wconf 89' lang='lat' dir='ltr'><strong>potentia</strong></span> <span class='ocrx_word' id='word_1_192' title='bbox 623 2330 738 2395; x_wconf 85' lang='lat' dir='ltr'><strong>Dei,</strong></span> <span class='ocrx_word' id='word_1_193' title='bbox 772 2330 959 2385; x_wconf 88' lang='lat' dir='ltr'><strong>omnia</strong></span> <span class='ocrx_word' id='word_1_194' title='bbox 995 2332 1050 2384; x_wconf 91' lang='lat' dir='ltr'><strong>in</strong></span> <span class='ocrx_word' id='word_1_195' title='bbox 1076 2329 1195 2399; x_wconf 91' lang='lat' dir='ltr'><strong>ipso</strong></span> <span class='ocrx_word' id='word_1_196' title='bbox 1224 2328 1482 2386; x_wconf 82' lang='lat' dir='ltr'><strong>eﬁiciens.</strong></span> <span class='ocrx_word' id='word_1_197' title='bbox 1524 2330 1757 2385; x_wconf 84' lang='lat' dir='ltr'><strong>Advertc</strong></span> <span class='ocrx_word' id='word_1_198' title='bbox 1779 2330 1935 2386; x_wconf 90' lang='lat' dir='ltr'><strong>insu-</strong></span> 
     </span>
    </p>
   </div>
   <div class='ocr_carea' id='block_1_26' title="bbox 361 2420 1931 2494">
    <p class='ocr_par' dir='ltr' id='par_1_26' title="bbox 361 2420 1931 2494">
     <span class='ocr_line' id='line_1_26' title="bbox 361 2420 1931 2494; baseline -0.002 -15"><span class='ocrx_word' id='word_1_199' title='bbox 361 2439 454 2494; x_wconf 86' lang='lat' dir='ltr'><strong>per</strong></span> <span class='ocrx_word' id='word_1_200' title='bbox 477 2422 722 2477; x_wconf 89' lang='lat' dir='ltr'><strong>animum</strong></span> <span class='ocrx_word' id='word_1_201' title='bbox 753 2420 821 2477; x_wconf 89' lang='lat' dir='ltr'><strong>ad</strong></span> <span class='ocrx_word' id='word_1_202' title='bbox 855 2421 1095 2491; x_wconf 89' lang='lat' dir='ltr'><strong>id,quod</strong></span> <span class='ocrx_word' id='word_1_203' title='bbox 1126 2435 1250 2477; x_wconf 89' lang='lat' dir='ltr'><strong>cum</strong></span> <span class='ocrx_word' id='word_1_204' title='bbox 1276 2421 1499 2491; x_wconf 86' lang='lat' dir='ltr'><strong>plurimi</strong></span> <span class='ocrx_word' id='word_1_205' title='bbox 1530 2421 1636 2477; x_wconf 91' lang='lat' dir='ltr'><strong>sint</strong></span> <span class='ocrx_word' id='word_1_206' title='bbox 1666 2423 1931 2478; x_wconf 91' lang='lat' dir='ltr'><strong>moriendi</strong></span> 
     </span>
    </p>
   </div>
   <div class='ocr_carea' id='block_1_27' title="bbox 360 2512 1932 2584">
    <p class='ocr_par' dir='ltr' id='par_1_27' title="bbox 360 2512 1932 2584">
     <span class='ocr_line' id='line_1_27' title="bbox 360 2512 1932 2584; baseline -0.002 -14"><span class='ocrx_word' id='word_1_207' title='bbox 360 2514 530 2579; x_wconf 90' lang='lat' dir='ltr'><strong>modi,</strong></span> <span class='ocrx_word' id='word_1_208' title='bbox 561 2528 862 2583; x_wconf 82' lang='lat' dir='ltr'><strong>suspensus</strong></span> <span class='ocrx_word' id='word_1_209' title='bbox 897 2512 954 2567; x_wconf 93' lang='lat' dir='ltr'><strong>in</strong></span> <span class='ocrx_word' id='word_1_210' title='bbox 996 2512 1141 2584; x_wconf 82' lang='lat' dir='ltr'><strong>ligno</strong></span> <span class='ocrx_word' id='word_1_211' title='bbox 1166 2512 1461 2569; x_wconf 86' lang='lat' dir='ltr'><strong>cruciﬁxus</strong></span> <span class='ocrx_word' id='word_1_212' title='bbox 1491 2523 1575 2569; x_wconf 89' lang='lat' dir='ltr'><strong>est</strong></span> <span class='ocrx_word' id='word_1_213' title='bbox 1618 2513 1789 2570; x_wconf 87' lang='lat' dir='ltr'><strong>Filius</strong></span> <span class='ocrx_word' id='word_1_214' title='bbox 1815 2513 1932 2578; x_wconf 87' lang='lat' dir='ltr'><strong>Dei,</strong></span> 
     </span>
    </p>
   </div>
   <div class='ocr_carea' id='block_1_28' title="bbox 357 2601 1933 2673">
    <p class='ocr_par' dir='ltr' id='par_1_28' title="bbox 357 2601 1933 2673">
     <span class='ocr_line' id='line_1_28' title="bbox 357 2601 1933 2673; baseline -0.001 -14"><span class='ocrx_word' id='word_1_215' title='bbox 357 2613 418 2659; x_wconf 87' lang='lat' dir='ltr'><strong>ut</strong></span> <span class='ocrx_word' id='word_1_216' title='bbox 445 2602 764 2673; x_wconf 86' lang='lat' dir='ltr'><strong>quicunque</strong></span> <span class='ocrx_word' id='word_1_217' title='bbox 790 2608 1016 2671; x_wconf 87' lang='lat' dir='ltr'><strong>peccato</strong></span> <span class='ocrx_word' id='word_1_218' title='bbox 1044 2601 1369 2666; x_wconf 88' lang='lat' dir='ltr'><strong>morientur,</strong></span> <span class='ocrx_word' id='word_1_219' title='bbox 1422 2617 1530 2658; x_wconf 92' lang='lat' dir='ltr'><strong>non</strong></span> <span class='ocrx_word' id='word_1_220' title='bbox 1567 2602 1675 2657; x_wconf 88' lang='lat' dir='ltr'><strong>alio</strong></span> <span class='ocrx_word' id='word_1_221' title='bbox 1700 2602 1862 2658; x_wconf 90' lang='lat' dir='ltr'><strong>modo</strong></span> <span class='ocrx_word' id='word_1_222' title='bbox 1884 2603 1933 2657; x_wconf 91' lang='lat' dir='ltr'><strong>ei</strong></span> 
     </span>
    </p>
   </div>
   <div class='ocr_carea' id='block_1_29' title="bbox 360 2692 1931 2764">
    <p class='ocr_par' dir='ltr' id='par_1_29' title="bbox 360 2692 1931 2764">
     <span class='ocr_line' id='line_1_29' title="bbox 360 2692 1931 2764; baseline -0.001 -14"><span class='ocrx_word' id='word_1_223' title='bbox 360 2694 683 2761; x_wconf 82' lang='lat' dir='ltr'><strong>moriantur,</strong></span> <span class='ocrx_word' id='word_1_224' title='bbox 711 2707 877 2763; x_wconf 89' lang='lat' dir='ltr'><strong>quam</strong></span> <span class='ocrx_word' id='word_1_225' title='bbox 908 2707 1002 2763; x_wconf 88' lang='lat' dir='ltr'><strong>per</strong></span> <span class='ocrx_word' id='word_1_226' title='bbox 1030 2708 1267 2748; x_wconf 91' lang='lat' dir='ltr'><strong>crucem.</strong></span> <span class='ocrx_word' id='word_1_227' title='bbox 1323 2692 1615 2764; x_wconf 85' lang='lat' dir='ltr'><strong>Propterea</strong></span> <span class='ocrx_word' id='word_1_228' title='bbox 1649 2694 1833 2749; x_wconf 87' lang='lat' dir='ltr'><strong>dicent</strong></span> <span class='ocrx_word' id='word_1_229' title='bbox 1856 2693 1931 2749; x_wconf 61' lang='lat'><strong>’3:</strong></span> 
     </span>
    </p>
   </div>
   <div class='ocr_carea' id='block_1_30' title="bbox 363 2783 1937 2848">
    <p class='ocr_par' dir='ltr' id='par_1_30' title="bbox 363 2783 1937 2848">
     <span class='ocr_line' id='line_1_30' title="bbox 363 2783 1937 2848; baseline 0.001 -10"><span class='ocrx_word' id='word_1_230' title='bbox 363 2805 382 2838; x_wconf 77' lang='grc' dir='ltr'><strong>ι</strong></span> <span class='ocrx_word' id='word_1_231' title='bbox 415 2785 636 2841; x_wconf 86' lang='lat' dir='ltr'><strong>Christo</strong></span> <span class='ocrx_word' id='word_1_232' title='bbox 667 2783 919 2840; x_wconf 88' lang='lat' dir='ltr'><strong>conﬁxus</strong></span> <span class='ocrx_word' id='word_1_233' title='bbox 963 2798 1085 2838; x_wconf 92' lang='lat' dir='ltr'><strong>sum</strong></span> <span class='ocrx_word' id='word_1_234' title='bbox 1125 2783 1297 2848; x_wconf 91' lang='lat' dir='ltr'><strong>cruci,</strong></span> <span class='ocrx_word' id='word_1_235' title='bbox 1331 2803 1350 2836; x_wconf 74' lang='grc' dir='ltr'><strong>ι</strong></span> <span class='ocrx_word' id='word_1_236' title='bbox 1387 2794 1441 2839; x_wconf 91' lang='lat' dir='ltr'><strong>et</strong></span> <span class='ocrx_word' id='word_1_237' title='bbox 1467 2784 1551 2837; x_wconf 67' lang='grc' dir='ltr'><strong>’δε</strong></span> <span class='ocrx_word' id='word_1_238' title='bbox 1586 2804 1605 2836; x_wconf 84' lang='grc' dir='ltr'><strong>ι</strong></span> <span class='ocrx_word' id='word_1_239' title='bbox 1637 2784 1769 2839; x_wconf 89' lang='lat' dir='ltr'><strong>Mihi</strong></span> <span class='ocrx_word' id='word_1_240' title='bbox 1795 2785 1937 2841; x_wconf 85' lang='lat' dir='ltr'><strong>absit</strong></span> 
     </span>
    </p>
   </div>
   <div class='ocr_carea' id='block_1_31' title="bbox 361 2874 1937 2946">
    <p class='ocr_par' dir='ltr' id='par_1_31' title="bbox 361 2874 1937 2946">
     <span class='ocr_line' id='line_1_31' title="bbox 361 2874 1937 2946; baseline 0 -16"><span class='ocrx_word' id='word_1_241' title='bbox 361 2874 579 2946; x_wconf 78' lang='lat' dir='ltr'><strong>gloriari</strong></span> <span class='ocrx_word' id='word_1_242' title='bbox 613 2875 717 2930; x_wconf 90' lang='lat' dir='ltr'><strong>nisi</strong></span> <span class='ocrx_word' id='word_1_243' title='bbox 752 2875 805 2929; x_wconf 93' lang='lat' dir='ltr'><strong>in</strong></span> <span class='ocrx_word' id='word_1_244' title='bbox 836 2889 1000 2930; x_wconf 87' lang='lat' dir='ltr'><strong>cruce</strong></span> <span class='ocrx_word' id='word_1_245' title='bbox 1024 2874 1263 2943; x_wconf 87' lang='lat' dir='ltr'><strong>Domini,</strong></span> <span class='ocrx_word' id='word_1_246' title='bbox 1292 2891 1388 2945; x_wconf 90' lang='lat' dir='ltr'><strong>per</strong></span> <span class='ocrx_word' id='word_1_247' title='bbox 1415 2891 1577 2946; x_wconf 88' lang='lat' dir='ltr'><strong>quam</strong></span> <span class='ocrx_word' id='word_1_248' title='bbox 1613 2876 1743 2930; x_wconf 89' lang='lat' dir='ltr'><strong>mihi</strong></span> <span class='ocrx_word' id='word_1_249' title='bbox 1779 2892 1937 2931; x_wconf 90' lang='lat' dir='ltr'><strong>mun-</strong></span> 
     </span>
    </p>
   </div>
   <div class='ocr_carea' id='block_1_32' title="bbox 362 2965 1933 3037">
    <p class='ocr_par' dir='ltr' id='par_1_32' title="bbox 362 2965 1933 3037">
     <span class='ocr_line' id='line_1_32' title="bbox 362 2965 1933 3037; baseline -0.001 -16"><span class='ocrx_word' id='word_1_250' title='bbox 362 2967 465 3021; x_wconf 83' lang='lat' dir='ltr'><strong>dus</strong></span> <span class='ocrx_word' id='word_1_251' title='bbox 504 2965 801 3022; x_wconf 74' lang='lat' dir='ltr'><strong>crucifixus</strong></span> <span class='ocrx_word' id='word_1_252' title='bbox 834 2976 940 3030; x_wconf 90' lang='lat' dir='ltr'><strong>est,</strong></span> <span class='ocrx_word' id='word_1_253' title='bbox 971 2974 1026 3020; x_wconf 92' lang='lat' dir='ltr'><strong>et</strong></span> <span class='ocrx_word' id='word_1_254' title='bbox 1068 2981 1168 3037; x_wconf 91' lang='lat' dir='ltr'><strong>ego</strong></span> <span class='ocrx_word' id='word_1_255' title='bbox 1198 2967 1421 3022; x_wconf 91' lang='lat' dir='ltr'><strong>mundo.</strong></span> <span class='ocrx_word' id='word_1_256' title='bbox 1459 2987 1478 3019; x_wconf 79' lang='grc' dir='ltr'><strong>ι</strong></span> <span class='ocrx_word' id='word_1_257' title='bbox 1510 2965 1766 3023; x_wconf 87' lang='lat' dir='ltr'><strong>Fortasse</strong></span> <span class='ocrx_word' id='word_1_258' title='bbox 1791 2966 1933 3022; x_wconf 90' lang='lat' dir='ltr'><strong>enim</strong></span> 
     </span>
    </p>
   </div>
   <div class='ocr_carea' id='block_1_33' title="bbox 363 3055 1934 3127">
    <p class='ocr_par' dir='ltr' id='par_1_33' title="bbox 363 3055 1934 3127">
     <span class='ocr_line' id='line_1_33' title="bbox 363 3055 1934 3127; baseline 0.001 -16"><span class='ocrx_word' id='word_1_259' title='bbox 363 3057 747 3127; x_wconf 89' lang='lat' dir='ltr'><strong>unusquisque</strong></span> <span class='ocrx_word' id='word_1_260' title='bbox 771 3072 835 3111; x_wconf 86' lang='lat' dir='ltr'><strong>ex</strong></span> <span class='ocrx_word' id='word_1_261' title='bbox 874 3056 941 3111; x_wconf 92' lang='lat' dir='ltr'><strong>iis</strong></span> <span class='ocrx_word' id='word_1_262' title='bbox 965 3056 1059 3127; x_wconf 85' lang='lat' dir='ltr'><strong>qui</strong></span> <span class='ocrx_word' id='word_1_263' title='bbox 1095 3072 1219 3112; x_wconf 90' lang='lat' dir='ltr'><strong>cum</strong></span> <span class='ocrx_word' id='word_1_264' title='bbox 1251 3055 1471 3113; x_wconf 88' lang='lat' dir='ltr'><strong>Christo</strong></span> <span class='ocrx_word' id='word_1_265' title='bbox 1504 3057 1748 3113; x_wconf 87' lang='lat' dir='ltr'><strong>cruciﬁxi</strong></span> <span class='ocrx_word' id='word_1_266' title='bbox 1784 3067 1934 3124; x_wconf 86' lang='lat' dir='ltr'><strong>sunt,</strong></span> 
     </span>
    </p>
   </div>
   <div class='ocr_carea' id='block_1_34' title="bbox 2032 594 3625 670">
    <p class='ocr_par' dir='ltr' id='par_1_34' title="bbox 2032 594 3625 670">
     <span class='ocr_line' id='line_1_34' title="bbox 2032 594 3625 670; baseline 0.003 -22"><span class='ocrx_word' id='word_1_267' title='bbox 2032 596 2125 648; x_wconf 84' lang='grc' dir='ltr'><strong>τὸν</strong></span> <span class='ocrx_word' id='word_1_268' title='bbox 2174 597 2426 666; x_wconf 86' lang='grc' dir='ltr'><strong>Ἰωάννην</strong></span> <span class='ocrx_word' id='word_1_269' title='bbox 2486 594 2694 667; x_wconf 87' lang='grc' dir='ltr'>Ἰησοῦς</span> <span class='ocrx_word' id='word_1_270' title='bbox 2733 596 2914 667; x_wconf 79' lang='grc' dir='ltr'>ἑαυτῷ</span> <span class='ocrx_word' id='word_1_271' title='bbox 2948 594 3204 666; x_wconf 80' lang='grc' dir='ltr'><strong>βαστάζει</strong></span> <span class='ocrx_word' id='word_1_272' title='bbox 3236 596 3329 650; x_wconf 83' lang='grc' dir='ltr'><strong>τὸν</strong></span> <span class='ocrx_word' id='word_1_273' title='bbox 3364 599 3625 670; x_wconf 80' lang='grc' dir='ltr'>σταυρὸν,</span> 
     </span>
    </p>
   </div>
   <div class='ocr_carea' id='block_1_35' title="bbox 2034 687 3627 759">
    <p class='ocr_par' dir='ltr' id='par_1_35' title="bbox 2034 687 3627 759">
     <span class='ocr_line' id='line_1_35' title="bbox 2034 687 3627 759; baseline 0.002 -18"><span class='ocrx_word' id='word_1_274' title='bbox 2034 689 2129 741; x_wconf 76' lang='grc' dir='ltr'>καὶ</span> <span class='ocrx_word' id='word_1_275' title='bbox 2180 708 2199 740; x_wconf 79' lang='grc' dir='ltr'><strong>ι</strong></span> <span class='ocrx_word' id='word_1_276' title='bbox 2251 688 2536 759; x_wconf 76' lang='grc' dir='ltr'><strong>βαστάζων</strong></span> <span class='ocrx_word' id='word_1_277' title='bbox 2579 688 2745 742; x_wconf 82' lang='grc' dir='ltr'>αὐτὸν</span> <span class='ocrx_word' id='word_1_278' title='bbox 2792 687 3014 758; x_wconf 76' lang='grc' dir='ltr'>ἐξῆλθεν</span> <span class='ocrx_word' id='word_1_279' title='bbox 3033 705 3047 718; x_wconf 89' lang='grc'>·</span> <span class='ocrx_word' id='word_1_280' title='bbox 3101 707 3119 738; x_wconf 74' lang='grc' dir='ltr'><strong>ι</strong></span> <span class='ocrx_word' id='word_1_281' title='bbox 3166 688 3196 742; x_wconf 98' lang='lat'><strong>6</strong></span> <span class='ocrx_word' id='word_1_282' title='bbox 3233 687 3291 741; x_wconf 83' lang='grc' dir='ltr'><strong>δὲ</strong></span> <span class='ocrx_word' id='word_1_283' title='bbox 3342 689 3487 743; x_wconf 84' lang='grc' dir='ltr'><strong>κατά</strong></span> <span class='ocrx_word' id='word_1_284' title='bbox 3533 691 3627 744; x_wconf 78' lang='grc' dir='ltr'><strong>τὸν</strong></span> 
     </span>
    </p>
   </div>
   <div class='ocr_carea' id='block_1_36' title="bbox 2033 779 3626 852">
    <p class='ocr_par' dir='ltr' id='par_1_36' title="bbox 2033 779 3626 852">
     <span class='ocr_line' id='line_1_36' title="bbox 2033 779 3626 852; baseline 0.001 -19"><span class='ocrx_word' id='word_1_285' title='bbox 2033 779 2332 843; x_wconf 81' lang='grc' dir='ltr'>Ματθαῖον,</span> <span class='ocrx_word' id='word_1_286' title='bbox 2358 779 2454 833; x_wconf 74' lang='grc' dir='ltr'><strong>καὶ</strong></span> <span class='ocrx_word' id='word_1_287' title='bbox 2475 780 2725 852; x_wconf 84' lang='grc' dir='ltr'>Μάρκον,</span> <span class='ocrx_word' id='word_1_288' title='bbox 2748 779 2844 833; x_wconf 73' lang='grc' dir='ltr'><strong>καὶ</strong></span> <span class='ocrx_word' id='word_1_289' title='bbox 2870 780 3106 844; x_wconf 83' lang='grc' dir='ltr'>Λουκᾶν,</span> <span class='ocrx_word' id='word_1_290' title='bbox 3127 779 3225 850; x_wconf 78' lang='grc' dir='ltr'><strong>οὐχ</strong></span> <span class='ocrx_word' id='word_1_291' title='bbox 3254 781 3434 851; x_wconf 80' lang='grc' dir='ltr'>ἐαυτῷ</span> <span class='ocrx_word' id='word_1_292' title='bbox 3455 782 3626 834; x_wconf 77' lang='grc' dir='ltr'>αὑτὸν</span> 
     </span>
    </p>
   </div>
   <div class='ocr_carea' id='block_1_37' title="bbox 2033 870 3625 944">
    <p class='ocr_par' dir='ltr' id='par_1_37' title="bbox 2033 870 3625 944">
     <span class='ocr_line' id='line_1_37' title="bbox 2033 870 3625 944; baseline 0.001 -19"><span class='ocrx_word' id='word_1_293' title='bbox 2033 871 2209 944; x_wconf 60' lang='lat' dir='ltr'><strong>utpar</strong></span> <span class='ocrx_word' id='word_1_294' title='bbox 2244 870 2427 943; x_wconf 85' lang='grc' dir='ltr'>Σίμων</span> <span class='ocrx_word' id='word_1_295' title='bbox 2460 871 2571 944; x_wconf 90' lang='grc' dir='ltr'><strong>γάρ</strong></span> <span class='ocrx_word' id='word_1_296' title='bbox 2598 872 2627 924; x_wconf 89' lang='lat'><strong>6</strong></span> <span class='ocrx_word' id='word_1_297' title='bbox 2660 872 2970 943; x_wconf 82' lang='grc' dir='ltr'>Κυρηναῖος</span> <span class='ocrx_word' id='word_1_298' title='bbox 3002 872 3164 925; x_wconf 81' lang='grc' dir='ltr'>αὑτὸν</span> <span class='ocrx_word' id='word_1_299' title='bbox 3200 870 3481 942; x_wconf 74' lang='grc' dir='ltr'><strong>βαστάζει.</strong></span> <span class='ocrx_word' id='word_1_300' title='bbox 3512 874 3625 927; x_wconf 80' lang='grc' dir='ltr'><strong>Καὶ</strong></span> 
     </span>
    </p>
   </div>
   <div class='ocr_carea' id='block_1_38' title="bbox 2031 953 3622 1034">
    <p class='ocr_par' dir='ltr' id='par_1_38' title="bbox 2031 953 3622 1034">
     <span class='ocr_line' id='line_1_38' title="bbox 2031 953 3622 1034; baseline 0.003 -19"><span class='ocrx_word' id='word_1_301' title='bbox 2031 962 2173 1033; x_wconf 86' lang='grc' dir='ltr'>τάχα</span> <span class='ocrx_word' id='word_1_302' title='bbox 2201 953 2356 1026; x_wconf 78' lang='grc' dir='ltr'>οὗτος</span> <span class='ocrx_word' id='word_1_303' title='bbox 2404 963 2502 1034; x_wconf 81' lang='grc' dir='ltr'><strong>μὲν</strong></span> <span class='ocrx_word' id='word_1_304' title='bbox 2529 964 2611 1026; x_wconf 79' lang='grc' dir='ltr'>εἰς</span> <span class='ocrx_word' id='word_1_305' title='bbox 2649 964 2796 1034; x_wconf 81' lang='grc' dir='ltr'>ἡμᾶς</span> <span class='ocrx_word' id='word_1_306' title='bbox 2845 963 3195 1034; x_wconf 75' lang='grc' dir='ltr'>ἀναφέρεται,</span> <span class='ocrx_word' id='word_1_307' title='bbox 3226 965 3355 1028; x_wconf 81' lang='grc' dir='ltr'>τοὺς</span> <span class='ocrx_word' id='word_1_308' title='bbox 3397 963 3485 1018; x_wconf 78' lang='grc' dir='ltr'><strong>διὰ</strong></span> <span class='ocrx_word' id='word_1_309' title='bbox 3528 965 3622 1019; x_wconf 76' lang='grc' dir='ltr'><strong>τὸν</strong></span> 
     </span>
    </p>
   </div>
   <div class='ocr_carea' id='block_1_39' title="bbox 2045 1051 3617 1126">
    <p class='ocr_par' dir='ltr' id='par_1_39' title="bbox 2045 1051 3617 1126">
     <span class='ocr_line' id='line_1_39' title="bbox 2045 1051 3617 1126; baseline 0.002 -20"><span class='ocrx_word' id='word_1_310' title='bbox 2045 1051 2253 1125; x_wconf 82' lang='grc' dir='ltr'>Ἰησοῦν</span> <span class='ocrx_word' id='word_1_311' title='bbox 2294 1053 2386 1107; x_wconf 82' lang='grc' dir='ltr'>τὸν</span> <span class='ocrx_word' id='word_1_312' title='bbox 2441 1052 2617 1125; x_wconf 86' lang='grc' dir='ltr'>Ἰησοῦ</span> <span class='ocrx_word' id='word_1_313' title='bbox 2656 1053 2888 1125; x_wconf 82' lang='grc' dir='ltr'>σταυρὸν</span> <span class='ocrx_word' id='word_1_314' title='bbox 2927 1055 3184 1126; x_wconf 80' lang='grc' dir='ltr'>αἴροντας</span> <span class='ocrx_word' id='word_1_315' title='bbox 3208 1092 3223 1120; x_wconf 89' lang='grc'><strong>,</strong></span> <span class='ocrx_word' id='word_1_316' title='bbox 3274 1055 3434 1118; x_wconf 78' lang='grc' dir='ltr'>αὐτὸς</span> <span class='ocrx_word' id='word_1_317' title='bbox 3473 1055 3529 1108; x_wconf 87' lang='grc' dir='ltr'><strong>δὲ</strong></span> <span class='ocrx_word' id='word_1_318' title='bbox 3586 1059 3617 1109; x_wconf 88' lang='grc' dir='ltr'><strong><em>ὁ</em></strong></span> 
     </span>
    </p>
   </div>
   <div class='ocr_carea' id='block_1_40' title="bbox 2046 1140 3613 1218">
    <p class='ocr_par' dir='ltr' id='par_1_40' title="bbox 2046 1140 3613 1218">
     <span class='ocr_line' id='line_1_40' title="bbox 2046 1140 3613 1218; baseline 0.001 -19"><span class='ocrx_word' id='word_1_319' title='bbox 2046 1145 2248 1217; x_wconf 85' lang='grc' dir='ltr'>Ἰησοῦς</span> <span class='ocrx_word' id='word_1_320' title='bbox 2272 1148 2352 1210; x_wconf 86' lang='grc' dir='ltr'><strong>είς</strong></span> <span class='ocrx_word' id='word_1_321' title='bbox 2373 1146 2562 1199; x_wconf 79' lang='grc' dir='ltr'>ἑαυτόν</span> <span class='ocrx_word' id='word_1_322' title='bbox 2580 1163 2593 1176; x_wconf 73' lang='grc' dir='ltr'><strong>ο</strong></span> <span class='ocrx_word' id='word_1_323' title='bbox 2619 1140 2732 1200; x_wconf 71' lang='grc' dir='ltr'>οἷον</span> <span class='ocrx_word' id='word_1_324' title='bbox 2756 1145 2864 1217; x_wconf 83' lang='grc' dir='ltr'>γὰρ</span> <span class='ocrx_word' id='word_1_325' title='bbox 2888 1145 2982 1199; x_wconf 85' lang='grc' dir='ltr'>δύο</span> <span class='ocrx_word' id='word_1_326' title='bbox 3005 1147 3237 1201; x_wconf 79' lang='grc' dir='ltr'>ἐπίνοιαι</span> <span class='ocrx_word' id='word_1_327' title='bbox 3260 1147 3355 1201; x_wconf 92' lang='grc' dir='ltr'><strong>τοῦ</strong></span> <span class='ocrx_word' id='word_1_328' title='bbox 3386 1146 3613 1218; x_wconf 86' lang='grc' dir='ltr'>σταυροῦ</span> 
     </span>
    </p>
   </div>
   <div class='ocr_carea' id='block_1_41' title="bbox 2034 1236 3612 1311">
    <p class='ocr_par' dir='ltr' id='par_1_41' title="bbox 2034 1236 3612 1311">
     <span class='ocr_line' id='line_1_41' title="bbox 2034 1236 3612 1311; baseline 0.001 -21"><span class='ocrx_word' id='word_1_329' title='bbox 2034 1239 2190 1301; x_wconf 84' lang='grc' dir='ltr'>εἰσιν,</span> <span class='ocrx_word' id='word_1_330' title='bbox 2220 1238 2339 1302; x_wconf 82' lang='grc' dir='ltr'>ἐνὸς</span> <span class='ocrx_word' id='word_1_331' title='bbox 2364 1238 2462 1309; x_wconf 84' lang='grc' dir='ltr'>μὲν</span> <span class='ocrx_word' id='word_1_332' title='bbox 2487 1237 2547 1291; x_wconf 84' lang='grc' dir='ltr'>ὃν</span> <span class='ocrx_word' id='word_1_333' title='bbox 2581 1238 2761 1309; x_wconf 85' lang='grc' dir='ltr'>Σίμων</span> <span class='ocrx_word' id='word_1_334' title='bbox 2789 1240 2818 1290; x_wconf 91' lang='lat'><strong>6</strong></span> <span class='ocrx_word' id='word_1_335' title='bbox 2845 1236 3152 1311; x_wconf 78' lang='grc' dir='ltr'>Κυρηναῖος</span> <span class='ocrx_word' id='word_1_336' title='bbox 3183 1238 3463 1309; x_wconf 78' lang='grc' dir='ltr'>βαστάζει,</span> <span class='ocrx_word' id='word_1_337' title='bbox 3497 1240 3612 1292; x_wconf 78' lang='grc' dir='ltr'><strong>ἑτέ-</strong></span> 
     </span>
    </p>
   </div>
   <div class='ocr_carea' id='block_1_42' title="bbox 2036 1327 3020 1401">
    <p class='ocr_par' dir='ltr' id='par_1_42' title="bbox 2036 1327 3020 1401">
     <span class='ocr_line' id='line_1_42' title="bbox 2036 1327 3020 1401; baseline 0.003 -21"><span class='ocrx_word' id='word_1_338' title='bbox 2036 1346 2130 1399; x_wconf 82' lang='grc' dir='ltr'><strong>ρου</strong></span> <span class='ocrx_word' id='word_1_339' title='bbox 2152 1327 2207 1380; x_wconf 81' lang='grc' dir='ltr'>δὲ</span> <span class='ocrx_word' id='word_1_340' title='bbox 2233 1328 2291 1381; x_wconf 79' lang='grc' dir='ltr'>ὃν</span> <span class='ocrx_word' id='word_1_341' title='bbox 2325 1328 2487 1393; x_wconf 83' lang='grc' dir='ltr'>αὐτὸς</span> <span class='ocrx_word' id='word_1_342' title='bbox 2514 1329 2693 1400; x_wconf 80' lang='grc' dir='ltr'>ἑαυτῷ</span> <span class='ocrx_word' id='word_1_343' title='bbox 2721 1330 2751 1381; x_wconf 89' lang='lat'><strong>6</strong></span> <span class='ocrx_word' id='word_1_344' title='bbox 2794 1328 3020 1401; x_wconf 86' lang='grc' dir='ltr'>Ἰησοῦς.</span> 
     </span>
    </p>
   </div>
   <div class='ocr_carea' id='block_1_43' title="bbox 2108 1510 3622 1583">
    <p class='ocr_par' dir='ltr' id='par_1_43' title="bbox 2108 1510 3622 1583">
     <span class='ocr_line' id='line_1_43' title="bbox 2108 1510 3622 1583; baseline 0.002 -19"><span class='ocrx_word' id='word_1_345' title='bbox 2108 1511 2229 1564; x_wconf 88' lang='grc' dir='ltr'>Ἔτι</span> <span class='ocrx_word' id='word_1_346' title='bbox 2261 1510 2319 1563; x_wconf 84' lang='grc' dir='ltr'><strong>δὲ</strong></span> <span class='ocrx_word' id='word_1_347' title='bbox 2347 1512 2426 1573; x_wconf 87' lang='grc' dir='ltr'>εἰς</span> <span class='ocrx_word' id='word_1_348' title='bbox 2452 1511 2545 1563; x_wconf 81' lang='grc' dir='ltr'><strong>τό’</strong></span> <span class='ocrx_word' id='word_1_349' title='bbox 2580 1530 2599 1562; x_wconf 83' lang='lat' dir='ltr'><strong>t</strong></span> <span class='ocrx_word' id='word_1_350' title='bbox 2647 1510 3000 1583; x_wconf 75' lang='grc' dir='ltr'>Ἀρνησάσθω</span> <span class='ocrx_word' id='word_1_351' title='bbox 3030 1511 3242 1576; x_wconf 78' lang='grc' dir='ltr'>ἑαυτὸν,</span> <span class='ocrx_word' id='word_1_352' title='bbox 3297 1529 3316 1563; x_wconf 80' lang='grc' dir='ltr'><strong>ι</strong></span> <span class='ocrx_word' id='word_1_353' title='bbox 3347 1511 3497 1566; x_wconf 82' lang='grc' dir='ltr'>δοκεῖ</span> <span class='ocrx_word' id='word_1_354' title='bbox 3528 1528 3622 1583; x_wconf 81' lang='grc' dir='ltr'><strong>μοι</strong></span> 
     </span>
    </p>
   </div>
   <div class='ocr_carea' id='block_1_44' title="bbox 2031 1597 3625 1673">
    <p class='ocr_par' dir='ltr' id='par_1_44' title="bbox 2031 1597 3625 1673">
     <span class='ocr_line' id='line_1_44' title="bbox 2031 1597 3625 1673; baseline 0.005 -23"><span class='ocrx_word' id='word_1_355' title='bbox 2031 1602 2300 1673; x_wconf 81' lang='grc' dir='ltr'>χρήσιμον</span> <span class='ocrx_word' id='word_1_356' title='bbox 2324 1597 2462 1654; x_wconf 79' lang='grc' dir='ltr'>εἶναι</span> <span class='ocrx_word' id='word_1_357' title='bbox 2486 1600 2545 1654; x_wconf 81' lang='grc' dir='ltr'><strong>τὸ</strong></span> <span class='ocrx_word' id='word_1_358' title='bbox 2575 1600 2680 1653; x_wconf 84' lang='grc' dir='ltr'>ὑπὸ</span> <span class='ocrx_word' id='word_1_359' title='bbox 2703 1599 2798 1653; x_wconf 88' lang='grc' dir='ltr'><strong>τοῦ</strong></span> <span class='ocrx_word' id='word_1_360' title='bbox 2821 1599 3034 1654; x_wconf 83' lang='grc' dir='ltr'>Παύλου</span> <span class='ocrx_word' id='word_1_361' title='bbox 3063 1601 3399 1673; x_wconf 83' lang='grc' dir='ltr'>ἀρνουμένου</span> <span class='ocrx_word' id='word_1_362' title='bbox 3430 1602 3625 1657; x_wconf 77' lang='grc' dir='ltr'>ἑαυτὸν</span> 
     </span>
    </p>
   </div>
   <div class='ocr_carea' id='block_1_45' title="bbox 2032 1690 3622 1765">
    <p class='ocr_par' dir='ltr' id='par_1_45' title="bbox 2032 1690 3622 1765">
     <span class='ocr_line' id='line_1_45' title="bbox 2032 1690 3622 1765; baseline 0.003 -21"><span class='ocrx_word' id='word_1_363' title='bbox 2032 1692 2340 1763; x_wconf 83' lang='grc' dir='ltr'>εἰρημένον,</span> <span class='ocrx_word' id='word_1_364' title='bbox 2381 1691 2556 1755; x_wconf 71' lang='grc' dir='ltr'>οὕτως</span> <span class='ocrx_word' id='word_1_365' title='bbox 2591 1690 2741 1763; x_wconf 73' lang='grc' dir='ltr'>ἕχον·</span> <span class='ocrx_word' id='word_1_366' title='bbox 2783 1709 2803 1744; x_wconf 84' lang='grc' dir='ltr'><strong>ι</strong></span> <span class='ocrx_word' id='word_1_367' title='bbox 2845 1690 2932 1744; x_wconf 94' lang='grc' dir='ltr'>Ζῶ</span> <span class='ocrx_word' id='word_1_368' title='bbox 2959 1692 3017 1745; x_wconf 79' lang='grc' dir='ltr'><strong>δὲ</strong></span> <span class='ocrx_word' id='word_1_369' title='bbox 3051 1692 3153 1746; x_wconf 84' lang='grc' dir='ltr'><strong>οὐκ</strong></span> <span class='ocrx_word' id='word_1_370' title='bbox 3190 1692 3272 1746; x_wconf 79' lang='grc' dir='ltr'>ἔτι</span> <span class='ocrx_word' id='word_1_371' title='bbox 3305 1692 3437 1762; x_wconf 76' lang='grc' dir='ltr'><strong>ἐγὼ,</strong></span> <span class='ocrx_word' id='word_1_372' title='bbox 3469 1691 3535 1765; x_wconf 81' lang='grc' dir='ltr'><strong>ζῇ</strong></span> <span class='ocrx_word' id='word_1_373' title='bbox 3562 1692 3622 1748; x_wconf 63' lang='grc' dir='ltr'><strong>δὲ</strong></span> 
     </span>
    </p>
   </div>
   <div class='ocr_carea' id='block_1_46' title="bbox 2034 1781 3619 1855">
    <p class='ocr_par' dir='ltr' id='par_1_46' title="bbox 2034 1781 3619 1855">
     <span class='ocr_line' id='line_1_46' title="bbox 2034 1781 3619 1855; baseline 0.003 -21"><span class='ocrx_word' id='word_1_374' title='bbox 2034 1783 2092 1834; x_wconf 81' lang='grc' dir='ltr'>ὲν</span> <span class='ocrx_word' id='word_1_375' title='bbox 2133 1781 2257 1852; x_wconf 74' lang='grc' dir='ltr'>ἐμοὶ</span> <span class='ocrx_word' id='word_1_376' title='bbox 2292 1781 2559 1853; x_wconf 75' lang='grc' dir='ltr'>Χριστόςο</span> <span class='ocrx_word' id='word_1_377' title='bbox 2609 1801 2628 1834; x_wconf 76' lang='grc' dir='ltr'><strong>ι</strong></span> <span class='ocrx_word' id='word_1_378' title='bbox 2676 1783 2738 1835; x_wconf 83' lang='grc' dir='ltr'>τὸ</span> <span class='ocrx_word' id='word_1_379' title='bbox 2777 1782 2907 1855; x_wconf 83' lang='grc' dir='ltr'>γὰρ,</span> <span class='ocrx_word' id='word_1_380' title='bbox 2950 1803 2969 1835; x_wconf 78' lang='lat' dir='ltr'><strong>t</strong></span> <span class='ocrx_word' id='word_1_381' title='bbox 3020 1781 3106 1836; x_wconf 90' lang='grc' dir='ltr'>Ζῶ</span> <span class='ocrx_word' id='word_1_382' title='bbox 3147 1783 3247 1836; x_wconf 74' lang='grc' dir='ltr'>οὐκ</span> <span class='ocrx_word' id='word_1_383' title='bbox 3289 1783 3369 1837; x_wconf 76' lang='grc' dir='ltr'>ἔτι</span> <span class='ocrx_word' id='word_1_384' title='bbox 3419 1783 3552 1852; x_wconf 81' lang='grc' dir='ltr'>ἐγὼ,</span> <span class='ocrx_word' id='word_1_385' title='bbox 3596 1803 3619 1839; x_wconf 79' lang='grc' dir='ltr'><strong>ι</strong></span> 
     </span>
    </p>
   </div>
   <div class='ocr_carea' id='block_1_47' title="bbox 1964 1854 3624 1949">
    <p class='ocr_par' dir='ltr' id='par_1_47' title="bbox 1964 1854 3624 1949">
     <span class='ocr_line' id='line_1_47' title="bbox 1964 1854 3624 1949; baseline 0.004 -23"><span class='ocrx_word' id='word_1_386' title='bbox 1964 1854 2009 1913; x_wconf 77' lang='grc' dir='ltr'><strong>Β</strong></span> <span class='ocrx_word' id='word_1_387' title='bbox 2037 1874 2187 1944; x_wconf 80' lang='grc' dir='ltr'><strong>φωνὴ</strong></span> <span class='ocrx_word' id='word_1_388' title='bbox 2218 1869 2286 1945; x_wconf 85' lang='grc' dir='ltr'>ἦν</span> <span class='ocrx_word' id='word_1_389' title='bbox 2319 1873 2512 1927; x_wconf 78' lang='grc' dir='ltr'>ἑαυτὸν</span> <span class='ocrx_word' id='word_1_390' title='bbox 2539 1854 2895 1945; x_wconf 79' lang='grc' dir='ltr'>ἀρνουμένου,</span> <span class='ocrx_word' id='word_1_391' title='bbox 2925 1875 3002 1939; x_wconf 81' lang='grc' dir='ltr'>ὡς</span> <span class='ocrx_word' id='word_1_392' title='bbox 3028 1875 3364 1946; x_wconf 84' lang='grc' dir='ltr'>ἀποθεμένου</span> <span class='ocrx_word' id='word_1_393' title='bbox 3401 1877 3499 1948; x_wconf 85' lang='grc' dir='ltr'>μὲν</span> <span class='ocrx_word' id='word_1_394' title='bbox 3521 1878 3624 1949; x_wconf 78' lang='grc' dir='ltr'><strong>τὴν</strong></span> 
     </span>
    </p>
   </div>
   <div class='ocr_carea' id='block_1_48' title="bbox 2034 1963 3625 2039">
    <p class='ocr_par' dir='ltr' id='par_1_48' title="bbox 2034 1963 3625 2039">
     <span class='ocr_line' id='line_1_48' title="bbox 2034 1963 3625 2039; baseline 0.003 -22"><span class='ocrx_word' id='word_1_395' title='bbox 2034 1964 2226 2018; x_wconf 78' lang='grc' dir='ltr'>ἑαυτοῦ</span> <span class='ocrx_word' id='word_1_396' title='bbox 2256 1963 2420 2036; x_wconf 78' lang='grc' dir='ltr'>ζωὴν,</span> <span class='ocrx_word' id='word_1_397' title='bbox 2450 1965 2806 2036; x_wconf 81' lang='grc' dir='ltr'>ἀνειληφότος</span> <span class='ocrx_word' id='word_1_398' title='bbox 2835 1965 2891 2019; x_wconf 82' lang='grc' dir='ltr'><strong>δὲ</strong></span> <span class='ocrx_word' id='word_1_399' title='bbox 2918 1967 2998 2030; x_wconf 78' lang='grc' dir='ltr'>εἰς</span> <span class='ocrx_word' id='word_1_400' title='bbox 3026 1966 3218 2021; x_wconf 76' lang='grc' dir='ltr'>ἑαυτὸν</span> <span class='ocrx_word' id='word_1_401' title='bbox 3247 1967 3338 2020; x_wconf 85' lang='grc' dir='ltr'>τὸν</span> <span class='ocrx_word' id='word_1_402' title='bbox 3362 1966 3625 2039; x_wconf 82' lang='grc' dir='ltr'>Χριστὸν,</span> 
     </span>
    </p>
   </div>
   <div class='ocr_carea' id='block_1_49' title="bbox 2037 2048 3623 2130">
    <p class='ocr_par' dir='ltr' id='par_1_49' title="bbox 2037 2048 3623 2130">
     <span class='ocr_line' id='line_1_49' title="bbox 2037 2048 3623 2130; baseline 0.001 -21"><span class='ocrx_word' id='word_1_403' title='bbox 2037 2058 2124 2109; x_wconf 79' lang='grc' dir='ltr'>ἵνα</span> <span class='ocrx_word' id='word_1_404' title='bbox 2151 2055 2314 2120; x_wconf 83' lang='grc' dir='ltr'>αὐτὸς</span> <span class='ocrx_word' id='word_1_405' title='bbox 2353 2059 2411 2109; x_wconf 84' lang='grc' dir='ltr'>ὲν</span> <span class='ocrx_word' id='word_1_406' title='bbox 2441 2055 2591 2128; x_wconf 84' lang='grc' dir='ltr'>αύτῷ</span> <span class='ocrx_word' id='word_1_407' title='bbox 2627 2057 2789 2129; x_wconf 79' lang='grc' dir='ltr'>ζήσῃ,</span> <span class='ocrx_word' id='word_1_408' title='bbox 2820 2048 3264 2130; x_wconf 62' lang='grc' dir='ltr'>ὡς’δικαιοσύνη,</span> <span class='ocrx_word' id='word_1_409' title='bbox 3297 2059 3389 2112; x_wconf 77' lang='grc' dir='ltr'>καὶ</span> <span class='ocrx_word' id='word_1_410' title='bbox 3420 2058 3497 2122; x_wconf 85' lang='grc' dir='ltr'>ὡς</span> <span class='ocrx_word' id='word_1_411' title='bbox 3526 2076 3623 2111; x_wconf 77' lang='grc' dir='ltr'>σο-</span> 
     </span>
    </p>
   </div>
   <div class='ocr_carea' id='block_1_50' title="bbox 2036 2147 3618 2222">
    <p class='ocr_par' dir='ltr' id='par_1_50' title="bbox 2036 2147 3618 2222">
     <span class='ocr_line' id='line_1_50' title="bbox 2036 2147 3618 2222; baseline 0.003 -23"><span class='ocrx_word' id='word_1_412' title='bbox 2036 2147 2154 2217; x_wconf 81' lang='grc' dir='ltr'>φία,</span> <span class='ocrx_word' id='word_1_413' title='bbox 2187 2148 2280 2201; x_wconf 77' lang='grc' dir='ltr'><strong>καὶ</strong></span> <span class='ocrx_word' id='word_1_414' title='bbox 2314 2148 2391 2212; x_wconf 82' lang='grc' dir='ltr'>ὡς</span> <span class='ocrx_word' id='word_1_415' title='bbox 2420 2148 2711 2220; x_wconf 84' lang='grc' dir='ltr'>ἁγιασμὸς,</span> <span class='ocrx_word' id='word_1_416' title='bbox 2748 2148 2843 2203; x_wconf 69' lang='grc' dir='ltr'>καὶ</span> <span class='ocrx_word' id='word_1_417' title='bbox 2879 2149 2954 2212; x_wconf 87' lang='grc' dir='ltr'><strong>ὡς</strong></span> <span class='ocrx_word' id='word_1_418' title='bbox 2993 2150 3183 2222; x_wconf 75' lang='grc' dir='ltr'>εἰρήνη</span> <span class='ocrx_word' id='word_1_419' title='bbox 3215 2149 3389 2222; x_wconf 80' lang='grc' dir='ltr'>ἡμῶν,</span> <span class='ocrx_word' id='word_1_420' title='bbox 3415 2150 3509 2204; x_wconf 73' lang='grc' dir='ltr'>καὶ</span> <span class='ocrx_word' id='word_1_421' title='bbox 3537 2149 3618 2213; x_wconf 82' lang='grc' dir='ltr'><strong>ὡς</strong></span> 
     </span>
    </p>
   </div>
   <div class='ocr_carea' id='block_1_51' title="bbox 2033 2237 3619 2310">
    <p class='ocr_par' dir='ltr' id='par_1_51' title="bbox 2033 2237 3619 2310">
     <span class='ocr_line' id='line_1_51' title="bbox 2033 2237 3619 2310; baseline 0.003 -19"><span class='ocrx_word' id='word_1_422' title='bbox 2033 2239 2260 2308; x_wconf 87' lang='grc' dir='ltr'>δύναμις</span> <span class='ocrx_word' id='word_1_423' title='bbox 2293 2237 2450 2302; x_wconf 88' lang='grc' dir='ltr'>Θεοῦ,</span> <span class='ocrx_word' id='word_1_424' title='bbox 2484 2239 2662 2293; x_wconf 84' lang='grc' dir='ltr'>πάντα</span> <span class='ocrx_word' id='word_1_425' title='bbox 2698 2241 2756 2294; x_wconf 85' lang='grc' dir='ltr'>ὲν</span> <span class='ocrx_word' id='word_1_426' title='bbox 2789 2239 2940 2310; x_wconf 80' lang='grc' dir='ltr'>αὐτῷ</span> <span class='ocrx_word' id='word_1_427' title='bbox 2972 2239 3229 2310; x_wconf 79' lang='grc' dir='ltr'>ἐνεργῶν.</span> <span class='ocrx_word' id='word_1_428' title='bbox 3262 2242 3384 2295; x_wconf 86' lang='grc' dir='ltr'><strong>Ἔτι</strong></span> <span class='ocrx_word' id='word_1_429' title='bbox 3427 2241 3482 2295; x_wconf 83' lang='grc' dir='ltr'><strong>δὲ</strong></span> <span class='ocrx_word' id='word_1_430' title='bbox 3520 2244 3619 2295; x_wconf 71' lang='grc' dir='ltr'><strong>καὶ</strong></span> 
     </span>
    </p>
   </div>
   <div class='ocr_carea' id='block_1_52' title="bbox 2034 2328 3621 2403">
    <p class='ocr_par' dir='ltr' id='par_1_52' title="bbox 2034 2328 3621 2403">
     <span class='ocr_line' id='line_1_52' title="bbox 2034 2328 3621 2403; baseline 0.003 -22"><span class='ocrx_word' id='word_1_431' title='bbox 2034 2328 2210 2399; x_wconf 83' lang='grc' dir='ltr'>τούτῳ</span> <span class='ocrx_word' id='word_1_432' title='bbox 2250 2329 2505 2402; x_wconf 84' lang='grc' dir='ltr'>πρόσχες,</span> <span class='ocrx_word' id='word_1_433' title='bbox 2552 2330 2654 2392; x_wconf 86' lang='grc' dir='ltr'>ὅτι,</span> <span class='ocrx_word' id='word_1_434' title='bbox 2687 2329 2897 2384; x_wconf 84' lang='grc' dir='ltr'>πολλῶν</span> <span class='ocrx_word' id='word_1_435' title='bbox 2939 2330 3107 2384; x_wconf 72' lang='grc' dir='ltr'>ὄντων</span> <span class='ocrx_word' id='word_1_436' title='bbox 3136 2330 3246 2384; x_wconf 86' lang='grc' dir='ltr'><strong>τῶν</strong></span> <span class='ocrx_word' id='word_1_437' title='bbox 3277 2332 3494 2403; x_wconf 79' lang='grc' dir='ltr'>τρόπων</span> <span class='ocrx_word' id='word_1_438' title='bbox 3523 2332 3621 2387; x_wconf 89' lang='grc' dir='ltr'><strong>τοῦ</strong></span> 
     </span>
    </p>
   </div>
   <div class='ocr_carea' id='block_1_53' title="bbox 2036 2420 3623 2494">
    <p class='ocr_par' dir='ltr' id='par_1_53' title="bbox 2036 2420 3623 2494">
     <span class='ocr_line' id='line_1_53' title="bbox 2036 2420 3623 2494; baseline 0.002 -20"><span class='ocrx_word' id='word_1_439' title='bbox 2036 2420 2420 2491; x_wconf 83' lang='grc' dir='ltr'>ἀποθνήσκειν,</span> <span class='ocrx_word' id='word_1_440' title='bbox 2455 2421 2548 2474; x_wconf 69' lang='grc' dir='ltr'>ἐπὶ</span> <span class='ocrx_word' id='word_1_441' title='bbox 2590 2420 2748 2485; x_wconf 79' lang='grc' dir='ltr'>ξύλου</span> <span class='ocrx_word' id='word_1_442' title='bbox 2780 2421 3044 2493; x_wconf 80' lang='grc' dir='ltr'>κρεμαδεὶ</span> <span class='ocrx_word' id='word_1_443' title='bbox 3075 2421 3389 2494; x_wconf 82' lang='grc' dir='ltr'>ἐσταυρώθη</span> <span class='ocrx_word' id='word_1_444' title='bbox 3419 2425 3448 2476; x_wconf 89' lang='lat'><strong>6</strong></span> <span class='ocrx_word' id='word_1_445' title='bbox 3493 2422 3623 2486; x_wconf 83' lang='grc' dir='ltr'>Υίὺς</span> 
     </span>
    </p>
   </div>
   <div class='ocr_carea' id='block_1_54' title="bbox 2035 2510 3621 2584">
    <p class='ocr_par' dir='ltr' id='par_1_54' title="bbox 2035 2510 3621 2584">
     <span class='ocr_line' id='line_1_54' title="bbox 2035 2510 3621 2584; baseline 0 -20"><span class='ocrx_word' id='word_1_446' title='bbox 2035 2511 2128 2565; x_wconf 89' lang='grc' dir='ltr'><strong>τοῦ</strong></span> <span class='ocrx_word' id='word_1_447' title='bbox 2158 2510 2314 2574; x_wconf 85' lang='grc' dir='ltr'>Θεοῦ,</span> <span class='ocrx_word' id='word_1_448' title='bbox 2347 2512 2433 2565; x_wconf 82' lang='grc' dir='ltr'>ἵνα</span> <span class='ocrx_word' id='word_1_449' title='bbox 2464 2512 2665 2575; x_wconf 85' lang='grc' dir='ltr'>πάντες</span> <span class='ocrx_word' id='word_1_450' title='bbox 2705 2513 2754 2565; x_wconf 80' lang='grc' dir='ltr'>οἱ</span> <span class='ocrx_word' id='word_1_451' title='bbox 2797 2511 3229 2583; x_wconf 81' lang='grc' dir='ltr'>ἀποθνήσκοντες</span> <span class='ocrx_word' id='word_1_452' title='bbox 3262 2515 3328 2583; x_wconf 79' lang='grc' dir='ltr'>τῇ</span> <span class='ocrx_word' id='word_1_453' title='bbox 3368 2512 3621 2584; x_wconf 79' lang='grc' dir='ltr'>ἁμαρτίᾳ</span> 
     </span>
    </p>
   </div>
   <div class='ocr_carea' id='block_1_55' title="bbox 2039 2601 3621 2675">
    <p class='ocr_par' dir='ltr' id='par_1_55' title="bbox 2039 2601 3621 2675">
     <span class='ocr_line' id='line_1_55' title="bbox 2039 2601 3621 2675; baseline -0.001 -20"><span class='ocrx_word' id='word_1_454' title='bbox 2039 2603 2114 2675; x_wconf 85' lang='grc' dir='ltr'>μὴ</span> <span class='ocrx_word' id='word_1_455' title='bbox 2162 2601 2307 2672; x_wconf 73' lang='grc' dir='ltr'>ἄλλῳ</span> <span class='ocrx_word' id='word_1_456' title='bbox 2357 2602 2544 2674; x_wconf 86' lang='grc' dir='ltr'>τρόπῳ</span> <span class='ocrx_word' id='word_1_457' title='bbox 2591 2601 2933 2655; x_wconf 86' lang='grc' dir='ltr'>ἀποθάνωσιν</span> <span class='ocrx_word' id='word_1_458' title='bbox 2980 2602 3178 2674; x_wconf 77' lang='grc' dir='ltr'>αὺτῇῆ</span> <span class='ocrx_word' id='word_1_459' title='bbox 3226 2603 3306 2674; x_wconf 82' lang='grc' dir='ltr'>τῷ</span> <span class='ocrx_word' id='word_1_460' title='bbox 3345 2601 3489 2657; x_wconf 87' lang='grc' dir='ltr'>κατά</span> <span class='ocrx_word' id='word_1_461' title='bbox 3522 2601 3621 2654; x_wconf 82' lang='grc' dir='ltr'><strong>τὸν</strong></span> 
     </span>
    </p>
   </div>
   <div class='ocr_carea' id='block_1_56' title="bbox 2037 2691 3614 2765">
    <p class='ocr_par' dir='ltr' id='par_1_56' title="bbox 2037 2691 3614 2765">
     <span class='ocr_line' id='line_1_56' title="bbox 2037 2691 3614 2765; baseline -0.003 -18"><span class='ocrx_word' id='word_1_462' title='bbox 2037 2693 2284 2765; x_wconf 77' lang='grc' dir='ltr'>σταυρόν·</span> <span class='ocrx_word' id='word_1_463' title='bbox 2305 2693 2385 2747; x_wconf 83' lang='grc' dir='ltr'>διὸ</span> <span class='ocrx_word' id='word_1_464' title='bbox 2410 2696 2435 2747; x_wconf 85' lang='grc' dir='ltr'>ὲ</span> <span class='ocrx_word' id='word_1_465' title='bbox 2444 2693 2594 2765; x_wconf 89' lang='grc' dir='ltr'>ροῦσι</span> <span class='ocrx_word' id='word_1_466' title='bbox 2612 2692 2954 2765; x_wconf 82' lang='grc' dir='ltr'>τό·‹Χριστῷ</span> <span class='ocrx_word' id='word_1_467' title='bbox 2968 2694 3419 2763; x_wconf 77' lang='grc' dir='ltr'>συνεσταύρωμαι</span> <span class='ocrx_word' id='word_1_468' title='bbox 3439 2691 3579 2764; x_wconf 81' lang='lat'><strong>(68-),</strong></span> <span class='ocrx_word' id='word_1_469' title='bbox 3595 2709 3614 2743; x_wconf 71' lang='grc' dir='ltr'><strong>ι</strong></span> 
     </span>
    </p>
   </div>
   <div class='ocr_carea' id='block_1_57' title="bbox 2037 2782 3621 2856">
    <p class='ocr_par' dir='ltr' id='par_1_57' title="bbox 2037 2782 3621 2856">
     <span class='ocr_line' id='line_1_57' title="bbox 2037 2782 3621 2856; baseline -0.002 -18"><span class='ocrx_word' id='word_1_470' title='bbox 2037 2784 2132 2838; x_wconf 78' lang='grc' dir='ltr'><strong>καὶ</strong></span> <span class='ocrx_word' id='word_1_471' title='bbox 2157 2784 2244 2837; x_wconf 88' lang='grc' dir='ltr'><strong>τό·</strong></span> <span class='ocrx_word' id='word_1_472' title='bbox 2284 2803 2302 2835; x_wconf 83' lang='grc' dir='ltr'><strong>ι</strong></span> <span class='ocrx_word' id='word_1_473' title='bbox 2347 2785 2500 2856; x_wconf 81' lang='grc' dir='ltr'>Ἐμοὶ</span> <span class='ocrx_word' id='word_1_474' title='bbox 2544 2783 2619 2855; x_wconf 84' lang='grc' dir='ltr'><strong>μὴ</strong></span> <span class='ocrx_word' id='word_1_475' title='bbox 2644 2785 2854 2853; x_wconf 81' lang='grc' dir='ltr'>γένοιτο</span> <span class='ocrx_word' id='word_1_476' title='bbox 2894 2783 3204 2855; x_wconf 84' lang='grc' dir='ltr'>καυχᾶσθαι</span> <span class='ocrx_word' id='word_1_477' title='bbox 3234 2785 3284 2838; x_wconf 80' lang='grc' dir='ltr'>εἰ</span> <span class='ocrx_word' id='word_1_478' title='bbox 3324 2784 3400 2855; x_wconf 81' lang='grc' dir='ltr'>μὴ</span> <span class='ocrx_word' id='word_1_479' title='bbox 3444 2784 3503 2836; x_wconf 84' lang='grc' dir='ltr'>ὲν</span> <span class='ocrx_word' id='word_1_480' title='bbox 3538 2782 3621 2853; x_wconf 83' lang='grc' dir='ltr'>τῷ</span> 
     </span>
    </p>
   </div>
   <div class='ocr_carea' id='block_1_58' title="bbox 2038 2868 3616 2950">
    <p class='ocr_par' dir='ltr' id='par_1_58' title="bbox 2038 2868 3616 2950">
     <span class='ocr_line' id='line_1_58' title="bbox 2038 2868 3616 2950; baseline -0.002 -20"><span class='ocrx_word' id='word_1_481' title='bbox 2038 2876 2255 2948; x_wconf 87' lang='grc' dir='ltr'>σταυρῷ</span> <span class='ocrx_word' id='word_1_482' title='bbox 2284 2876 2378 2930; x_wconf 91' lang='grc' dir='ltr'><strong>τοῦ</strong></span> <span class='ocrx_word' id='word_1_483' title='bbox 2420 2876 2647 2950; x_wconf 82' lang='grc' dir='ltr'>Κυρίου,</span> <span class='ocrx_word' id='word_1_484' title='bbox 2671 2876 2740 2929; x_wconf 77' lang='grc' dir='ltr'><strong>δι’</strong></span> <span class='ocrx_word' id='word_1_485' title='bbox 2771 2868 2833 2929; x_wconf 73' lang='grc' dir='ltr'>οὗ</span> <span class='ocrx_word' id='word_1_486' title='bbox 2868 2877 2995 2949; x_wconf 58' lang='grc' dir='ltr'><strong>ἐμοὶ⁸</strong></span> <span class='ocrx_word' id='word_1_487' title='bbox 3021 2876 3226 2948; x_wconf 85' lang='grc' dir='ltr'>κόσμος</span> <span class='ocrx_word' id='word_1_488' title='bbox 3256 2875 3616 2946; x_wconf 78' lang='grc' dir='ltr'>ἐσταύρωται,</span> 
     </span>
    </p>
   </div>
   <div class='ocr_carea' id='block_1_59' title="bbox 2036 2963 3639 3039">
    <p class='ocr_par' dir='ltr' id='par_1_59' title="bbox 2036 2963 3639 3039">
     <span class='ocr_line' id='line_1_59' title="bbox 2036 2963 3639 3039; baseline -0.004 -17"><span class='ocrx_word' id='word_1_489' title='bbox 2036 2967 2193 3038; x_wconf 82' lang='grc' dir='ltr'><strong>κάγὼ</strong></span> <span class='ocrx_word' id='word_1_490' title='bbox 2220 2967 2299 3039; x_wconf 80' lang='grc' dir='ltr'><strong>τῷ</strong></span> <span class='ocrx_word' id='word_1_491' title='bbox 2328 2967 2538 3039; x_wconf 83' lang='grc' dir='ltr'>κόσμῳ.</span> <span class='ocrx_word' id='word_1_492' title='bbox 2580 2987 2600 3020; x_wconf 78' lang='grc' dir='ltr'><strong>ι</strong></span> <span class='ocrx_word' id='word_1_493' title='bbox 2642 2966 2796 3037; x_wconf 86' lang='grc' dir='ltr'>Τάχα</span> <span class='ocrx_word' id='word_1_494' title='bbox 2823 2967 2932 3039; x_wconf 82' lang='grc' dir='ltr'><strong>γὰρ</strong></span> <span class='ocrx_word' id='word_1_495' title='bbox 2973 2967 3070 3020; x_wconf 74' lang='grc' dir='ltr'><strong>καὶ</strong></span> <span class='ocrx_word' id='word_1_496' title='bbox 3117 2966 3348 3029; x_wconf 74' lang='grc' dir='ltr'>ἕκαστος</span> <span class='ocrx_word' id='word_1_497' title='bbox 3380 2963 3487 3018; x_wconf 87' lang='grc' dir='ltr'><strong>τῶν</strong></span> <span class='ocrx_word' id='word_1_498' title='bbox 3524 2979 3639 3039; x_wconf 26' lang='grc' dir='ltr'>συαι</span> 
     </span>
    </p>
   </div>
   <div class='ocr_carea' id='block_1_60' title="bbox 2040 3054 3620 3133">
    <p class='ocr_par' dir='ltr' id='par_1_60' title="bbox 2040 3054 3620 3133">
     <span class='ocr_line' id='line_1_60' title="bbox 2040 3054 3620 3133; baseline -0.005 -18"><span class='ocrx_word' id='word_1_499' title='bbox 2040 3078 2173 3116; x_wconf 87' lang='grc' dir='ltr'>σταυ</span> <span class='ocrx_word' id='word_1_500' title='bbox 2180 3078 2272 3133; x_wconf 93' lang='grc' dir='ltr'><strong>ρου</strong></span> <span class='ocrx_word' id='word_1_501' title='bbox 2281 3061 2455 3132; x_wconf 82' lang='grc' dir='ltr'>μένων</span> <span class='ocrx_word' id='word_1_502' title='bbox 2481 3059 2701 3131; x_wconf 85' lang='grc' dir='ltr'>Χριστῷ</span> <span class='ocrx_word' id='word_1_503' title='bbox 2718 3058 2826 3131; x_wconf 83' lang='lat'><strong>(69)</strong></span> <span class='ocrx_word' id='word_1_504' title='bbox 2839 3079 2856 3109; x_wconf 77' lang='grc' dir='ltr'><strong>ι</strong></span> <span class='ocrx_word' id='word_1_505' title='bbox 2877 3058 3204 3113; x_wconf 83' lang='grc' dir='ltr'>ἀπεκδύεται</span> <span class='ocrx_word' id='word_1_506' title='bbox 3222 3057 3322 3121; x_wconf 87' lang='grc' dir='ltr'><strong>τάς</strong></span> <span class='ocrx_word' id='word_1_507' title='bbox 3337 3055 3507 3129; x_wconf 82' lang='grc' dir='ltr'>ἀρχὰς</span> <span class='ocrx_word' id='word_1_508' title='bbox 3523 3054 3620 3108; x_wconf 69' lang='grc' dir='ltr'>καὶ</span> 
     </span>
    </p>
   </div>
   <div class='ocr_carea' id='block_1_61' title="bbox 367 3144 1931 3244">
    <p class='ocr_par' dir='ltr' id='par_1_61' title="bbox 367 3148 1931 3219">
     <span class='ocr_line' id='line_1_61' title="bbox 367 3148 1931 3219; baseline 0.003 -18"><span class='ocrx_word' id='word_1_509' title='bbox 367 3168 387 3201; x_wconf 77' lang='lat' dir='ltr'><strong>t</strong></span> <span class='ocrx_word' id='word_1_510' title='bbox 416 3149 686 3219; x_wconf 85' lang='lat' dir='ltr'><strong>exspoliat</strong></span> <span class='ocrx_word' id='word_1_511' title='bbox 736 3148 1080 3219; x_wconf 83' lang='lat' dir='ltr'><strong>principatus</strong></span> <span class='ocrx_word' id='word_1_512' title='bbox 1125 3158 1178 3204; x_wconf 88' lang='lat' dir='ltr'><strong>et</strong></span> <span class='ocrx_word' id='word_1_513' title='bbox 1220 3157 1550 3218; x_wconf 86' lang='lat' dir='ltr'><strong>potestates,</strong></span> <span class='ocrx_word' id='word_1_514' title='bbox 1607 3156 1661 3204; x_wconf 86' lang='lat' dir='ltr'><strong>et</strong></span> <span class='ocrx_word' id='word_1_515' title='bbox 1703 3150 1931 3206; x_wconf 85' lang='lat' dir='ltr'><strong>traducit</strong></span> 
     </span>
    </p>
   </div>
   <div class='ocr_carea' id='block_1_62' title="bbox 2038 3144 3619 3244">
    <p class='ocr_par' dir='ltr' id='par_1_62' title="bbox 2038 3144 3619 3221">
     <span class='ocr_line' id='line_1_62' title="bbox 2038 3144 3619 3221; baseline -0.003 -16"><span class='ocrx_word' id='word_1_516' title='bbox 2038 3151 2138 3216; x_wconf 84' lang='grc' dir='ltr'>τὰς</span> <span class='ocrx_word' id='word_1_517' title='bbox 2170 3150 2437 3216; x_wconf 71' lang='grc' dir='ltr'>ἐξουσίας,</span> <span class='ocrx_word' id='word_1_518' title='bbox 2470 3149 2565 3204; x_wconf 78' lang='grc' dir='ltr'><strong>καὶ</strong></span> <span class='ocrx_word' id='word_1_519' title='bbox 2593 3149 2931 3221; x_wconf 76' lang='grc' dir='ltr'>δειγματίζει</span> <span class='ocrx_word' id='word_1_520' title='bbox 2970 3149 3159 3212; x_wconf 83' lang='grc' dir='ltr'>αύτάς,</span> <span class='ocrx_word' id='word_1_521' title='bbox 3191 3149 3286 3202; x_wconf 76' lang='grc' dir='ltr'>καὶ</span> <span class='ocrx_word' id='word_1_522' title='bbox 3301 3144 3619 3219; x_wconf 78' lang='grc' dir='ltr'>θριαμϐεύει</span> 
     </span>
    </p>
   </div>
   <div class='ocr_carea' id='block_1_63' title="bbox 360 3233 1931 3312">
    <p class='ocr_par' dir='ltr' id='par_1_63' title="bbox 360 3239 1931 3311">
     <span class='ocr_line' id='line_1_63' title="bbox 360 3239 1931 3311; baseline 0 -14"><span class='ocrx_word' id='word_1_523' title='bbox 360 3256 479 3309; x_wconf 85' lang='lat' dir='ltr'><strong>eas,</strong></span> <span class='ocrx_word' id='word_1_524' title='bbox 510 3250 563 3297; x_wconf 89' lang='lat' dir='ltr'><strong>et</strong></span> <span class='ocrx_word' id='word_1_525' title='bbox 597 3240 900 3310; x_wconf 89' lang='lat' dir='ltr'><strong>triumphat</strong></span> <span class='ocrx_word' id='word_1_526' title='bbox 935 3240 990 3294; x_wconf 91' lang='lat' dir='ltr'><strong>in</strong></span> <span class='ocrx_word' id='word_1_527' title='bbox 1026 3240 1173 3311; x_wconf 83' lang='lat' dir='ltr'><strong>ligno</strong></span> <span class='ocrx_word' id='word_1_528' title='bbox 1196 3239 1276 3307; x_wconf 85' lang='grc'><strong>⁹¹¹;</strong></span> <span class='ocrx_word' id='word_1_529' title='bbox 1309 3258 1327 3292; x_wconf 76' lang='grc' dir='ltr'><strong>ι</strong></span> <span class='ocrx_word' id='word_1_530' title='bbox 1364 3240 1448 3296; x_wconf 84' lang='lat' dir='ltr'><strong>vel</strong></span> <span class='ocrx_word' id='word_1_531' title='bbox 1478 3239 1733 3297; x_wconf 81' lang='lat' dir='ltr'><strong>Christus</strong></span> <span class='ocrx_word' id='word_1_532' title='bbox 1755 3242 1931 3311; x_wconf 85' lang='lat' dir='ltr'><strong>potius</strong></span> 
     </span>
    </p>
   </div>
   <div class='ocr_carea' id='block_1_64' title="bbox 2038 3233 3617 3312">
    <p class='ocr_par' dir='ltr' id='par_1_64' title="bbox 2043 3233 3617 3312">
     <span class='ocr_line' id='line_1_64' title="bbox 2043 3233 3617 3312; baseline -0.003 -18"><span class='ocrx_word' id='word_1_533' title='bbox 2043 3243 2100 3294; x_wconf 80' lang='grc' dir='ltr'>ὲν</span> <span class='ocrx_word' id='word_1_534' title='bbox 2144 3240 2222 3310; x_wconf 84' lang='grc' dir='ltr'><strong>τῷ</strong></span> <span class='ocrx_word' id='word_1_535' title='bbox 2271 3239 2412 3309; x_wconf 79' lang='grc' dir='ltr'>ξύλῳ</span> <span class='ocrx_word' id='word_1_536' title='bbox 2438 3255 2449 3266; x_wconf 92' lang='grc'>·</span> <span class='ocrx_word' id='word_1_537' title='bbox 2501 3258 2519 3290; x_wconf 74' lang='grc' dir='ltr'><strong>ι</strong></span> <span class='ocrx_word' id='word_1_538' title='bbox 2551 3237 2751 3312; x_wconf 85' lang='grc' dir='ltr'>μᾶλλον</span> <span class='ocrx_word' id='word_1_539' title='bbox 2776 3237 2831 3290; x_wconf 85' lang='grc' dir='ltr'><strong>δὲ</strong></span> <span class='ocrx_word' id='word_1_540' title='bbox 2865 3237 3095 3309; x_wconf 81' lang='grc' dir='ltr'>Χριστὸς</span> <span class='ocrx_word' id='word_1_541' title='bbox 3137 3238 3195 3290; x_wconf 80' lang='grc' dir='ltr'><strong>ἐν</strong></span> <span class='ocrx_word' id='word_1_542' title='bbox 3221 3237 3404 3299; x_wconf 74' lang='grc' dir='ltr'>αὐτοῖς</span> <span class='ocrx_word' id='word_1_543' title='bbox 3445 3233 3617 3290; x_wconf 80' lang='grc' dir='ltr'>ταῦτα</span> 
     </span>
    </p>
   </div>
   <div class='ocr_carea' id='block_1_65' title="bbox 364 3330 1931 3391">
    <p class='ocr_par' dir='ltr' id='par_1_65' title="bbox 364 3330 878 3391">
     <span class='ocr_line' id='line_1_65' title="bbox 364 3330 878 3391; baseline -0.012 0"><span class='ocrx_word' id='word_1_544' title='bbox 364 3333 483 3391; x_wconf 77' lang='lat' dir='ltr'><strong>lure</strong></span> <span class='ocrx_word' id='word_1_545' title='bbox 506 3332 633 3389; x_wconf 78' lang='lat' dir='ltr'><strong>facit</strong></span> <span class='ocrx_word' id='word_1_546' title='bbox 662 3331 716 3386; x_wconf 78' lang='lat' dir='ltr'><strong>in</strong></span> <span class='ocrx_word' id='word_1_547' title='bbox 749 3330 878 3388; x_wconf 91' lang='lat' dir='ltr'><strong>illis.</strong></span> 
     </span>
    </p>
   </div>
   <div class='ocr_carea' id='block_1_66' title="bbox 2038 3330 2205 3391">
    <p class='ocr_par' dir='ltr' id='par_1_66' title="bbox 2043 3336 2205 3387">
     <span class='ocr_line' id='line_1_66' title="bbox 2043 3336 2205 3387; baseline 0.012 -2"><span class='ocrx_word' id='word_1_548' title='bbox 2043 3336 2205 3387; x_wconf 84' lang='grc' dir='ltr'>ποιεῖ.</span> 
     </span>
    </p>
   </div>
   <div class='ocr_carea' id='block_1_67' title="bbox 1567 3506 2414 3565">
    <p class='ocr_par' dir='ltr' id='par_1_67' title="bbox 1567 3506 2414 3565">
     <span class='ocr_line' id='line_1_67' title="bbox 1567 3506 2414 3565; baseline 0.005 -4"><span class='ocrx_word' id='word_1_549' title='bbox 1567 3506 1796 3563; x_wconf 77' lang='lat' dir='ltr'><strong>VETUS</strong></span> <span class='ocrx_word' id='word_1_550' title='bbox 1838 3507 2414 3565; x_wconf 66' lang='lat' dir='ltr'><strong>INTERPRETATIO.</strong></span> 
     </span>
    </p>
   </div>
   <div class='ocr_carea' id='block_1_68' title="bbox 369 3679 3607 3755">
    <p class='ocr_par' dir='ltr' id='par_1_68' title="bbox 369 3679 3607 3755">
     <span class='ocr_line' id='line_1_68' title="bbox 369 3679 3607 3755; baseline 0.001 -19"><span class='ocrx_word' id='word_1_551' title='bbox 369 3683 532 3749; x_wconf 77' lang='lat' dir='ltr'><strong>venit,</strong></span> <span class='ocrx_word' id='word_1_552' title='bbox 564 3698 656 3752; x_wconf 86' lang='lat' dir='ltr'><strong>per</strong></span> <span class='ocrx_word' id='word_1_553' title='bbox 685 3682 788 3736; x_wconf 90' lang='lat' dir='ltr'><strong>hoc</strong></span> <span class='ocrx_word' id='word_1_554' title='bbox 816 3681 993 3755; x_wconf 89' lang='lat' dir='ltr'><strong>ipsum</strong></span> <span class='ocrx_word' id='word_1_555' title='bbox 1023 3679 1475 3755; x_wconf 79' lang='lat' dir='ltr'><strong>quodsapienter</strong></span> <span class='ocrx_word' id='word_1_556' title='bbox 1507 3683 1617 3753; x_wconf 83' lang='lat' dir='ltr'><strong>agit</strong></span> <span class='ocrx_word' id='word_1_557' title='bbox 1649 3684 1939 3755; x_wconf 81' lang='lat' dir='ltr'><strong>conﬁtetur</strong></span> <span class='ocrx_word' id='word_1_558' title='bbox 1965 3682 2268 3740; x_wconf 88' lang='lat' dir='ltr'><strong>Christum.</strong></span> <span class='ocrx_word' id='word_1_559' title='bbox 2310 3683 2445 3739; x_wconf 86' lang='lat' dir='ltr'><strong>Nam</strong></span> <span class='ocrx_word' id='word_1_560' title='bbox 2476 3685 2601 3755; x_wconf 82' lang='lat' dir='ltr'><strong>etis</strong></span> <span class='ocrx_word' id='word_1_561' title='bbox 2631 3685 2724 3755; x_wconf 85' lang='lat' dir='ltr'><strong>qui</strong></span> <span class='ocrx_word' id='word_1_562' title='bbox 2763 3704 2782 3735; x_wconf 79' lang='grc' dir='ltr'><strong>ι</strong></span> <span class='ocrx_word' id='word_1_563' title='bbox 2825 3685 2991 3740; x_wconf 89' lang='lat' dir='ltr'><strong>corde</strong></span> <span class='ocrx_word' id='word_1_564' title='bbox 3016 3685 3188 3740; x_wconf 87' lang='lat' dir='ltr'><strong>credit</strong></span> <span class='ocrx_word' id='word_1_565' title='bbox 3216 3685 3281 3739; x_wconf 89' lang='lat' dir='ltr'><strong>ad</strong></span> <span class='ocrx_word' id='word_1_566' title='bbox 3312 3683 3607 3753; x_wconf 85' lang='lat' dir='ltr'><strong>justitiam,</strong></span> 
     </span>
    </p>
   </div>
   <div class='ocr_carea' id='block_1_69' title="bbox 366 3750 3615 3826">
    <p class='ocr_par' dir='ltr' id='par_1_69' title="bbox 366 3750 3615 3826">
     <span class='ocr_line' id='line_1_69' title="bbox 366 3750 3615 3826; baseline -0 -17"><span class='ocrx_word' id='word_1_567' title='bbox 366 3768 458 3809; x_wconf 86' lang='lat' dir='ltr'><strong>ore</strong></span> <span class='ocrx_word' id='word_1_568' title='bbox 492 3750 671 3826; x_wconf 82' lang='lat' dir='ltr'><strong>autem</strong></span> <span class='ocrx_word' id='word_1_569' title='bbox 702 3750 1077 3826; x_wconf 75' lang='lat' dir='ltr'><strong>conﬁteturad</strong></span> <span class='ocrx_word' id='word_1_570' title='bbox 1109 3750 1361 3818; x_wconf 83' lang='lat' dir='ltr'><strong>salutem,</strong></span> <span class='ocrx_word' id='word_1_571' title='bbox 1394 3772 1410 3803; x_wconf 77' lang='grc' dir='ltr'><strong>ι</strong></span> <span class='ocrx_word' id='word_1_572' title='bbox 1444 3763 1498 3826; x_wconf 82' lang='lat' dir='ltr'><strong>et</strong></span> <span class='ocrx_word' id='word_1_573' title='bbox 1524 3750 1781 3826; x_wconf 79' lang='lat' dir='ltr'><strong>operibus</strong></span> <span class='ocrx_word' id='word_1_574' title='bbox 1809 3754 2029 3808; x_wconf 89' lang='lat' dir='ltr'><strong>Christo</strong></span> <span class='ocrx_word' id='word_1_575' title='bbox 2063 3755 2435 3826; x_wconf 83' lang='lat' dir='ltr'><strong>testimonium</strong></span> <span class='ocrx_word' id='word_1_576' title='bbox 2465 3750 2686 3826; x_wconf 60' lang='lat' dir='ltr'><strong>praebet,</strong></span> <span class='ocrx_word' id='word_1_577' title='bbox 2713 3762 2767 3826; x_wconf 70' lang='lat' dir='ltr'><strong>et</strong></span> <span class='ocrx_word' id='word_1_578' title='bbox 2790 3755 2992 3820; x_wconf 89' lang='lat' dir='ltr'><strong>verbis,</strong></span> <span class='ocrx_word' id='word_1_579' title='bbox 3020 3756 3176 3824; x_wconf 91' lang='lat' dir='ltr'><strong>quasi</strong></span> <span class='ocrx_word' id='word_1_580' title='bbox 3197 3750 3408 3826; x_wconf 77' lang='lat' dir='ltr'><strong>quipcr</strong></span> <span class='ocrx_word' id='word_1_581' title='bbox 3427 3755 3615 3826; x_wconf 81' lang='lat' dir='ltr'><strong>omnia</strong></span> 
     </span>
    </p>
   </div>
   <div class='ocr_carea' id='block_1_70' title="bbox 366 3820 3615 3886">
    <p class='ocr_par' dir='ltr' id='par_1_70' title="bbox 366 3820 3615 3886">
     <span class='ocr_line' id='line_1_70' title="bbox 366 3820 3615 3886; baseline 0 -9"><span class='ocrx_word' id='word_1_582' title='bbox 366 3826 479 3877; x_wconf 77' lang='lat' dir='ltr'><strong>haec</strong></span> <span class='ocrx_word' id='word_1_583' title='bbox 511 3822 798 3877; x_wconf 76' lang='lat' dir='ltr'><strong>confessus</strong></span> <span class='ocrx_word' id='word_1_584' title='bbox 823 3831 908 3876; x_wconf 90' lang='lat' dir='ltr'><strong>est</strong></span> <span class='ocrx_word' id='word_1_585' title='bbox 947 3820 1224 3877; x_wconf 89' lang='lat' dir='ltr'><strong>Christum</strong></span> <span class='ocrx_word' id='word_1_586' title='bbox 1259 3837 1446 3877; x_wconf 86' lang='lat' dir='ltr'><strong>coram</strong></span> <span class='ocrx_word' id='word_1_587' title='bbox 1476 3820 1786 3878; x_wconf 83' lang='lat' dir='ltr'><strong>hominibus</strong></span> <span class='ocrx_word' id='word_1_588' title='bbox 1807 3862 1822 3886; x_wconf 95' lang='lat'><strong>,</strong></span> <span class='ocrx_word' id='word_1_589' title='bbox 1858 3833 1918 3876; x_wconf 90' lang='lat' dir='ltr'><strong>ut</strong></span> <span class='ocrx_word' id='word_1_590' title='bbox 1946 3824 2272 3878; x_wconf 88' lang='lat' dir='ltr'><strong>conliteatur</strong></span> <span class='ocrx_word' id='word_1_591' title='bbox 2304 3820 2483 3879; x_wconf 50' lang='lat' dir='ltr'><strong>illum&quot;</strong></span> <span class='ocrx_word' id='word_1_592' title='bbox 2502 3838 2687 3880; x_wconf 82' lang='lat' dir='ltr'><strong>coram</strong></span> <span class='ocrx_word' id='word_1_593' title='bbox 2717 3822 2876 3878; x_wconf 89' lang='lat' dir='ltr'><strong>Patre</strong></span> <span class='ocrx_word' id='word_1_594' title='bbox 2902 3820 3148 3879; x_wconf 83' lang='lat' dir='ltr'><strong>omnium</strong></span> <span class='ocrx_word' id='word_1_595' title='bbox 3184 3820 3458 3878; x_wconf 80' lang='lat' dir='ltr'><strong>Christus.</strong></span> <span class='ocrx_word' id='word_1_596' title='bbox 3522 3824 3615 3878; x_wconf 87' lang='lat' dir='ltr'><strong>Sic</strong></span> 
     </span>
    </p>
   </div>
   <div class='ocr_carea' id='block_1_71' title="bbox 364 3891 3613 3965">
    <p class='ocr_par' dir='ltr' id='par_1_71' title="bbox 364 3891 3613 3965">
     <span class='ocr_line' id='line_1_71' title="bbox 364 3891 3613 3965; baseline 0 -19"><span class='ocrx_word' id='word_1_597' title='bbox 364 3902 418 3946; x_wconf 88' lang='lat' dir='ltr'><strong>et</strong></span> <span class='ocrx_word' id='word_1_598' title='bbox 444 3902 663 3965; x_wconf 71' lang='lat' dir='ltr'><strong>econtra</strong></span> <span class='ocrx_word' id='word_1_599' title='bbox 693 3891 785 3965; x_wconf 82' lang='lat' dir='ltr'><strong>qui</strong></span> <span class='ocrx_word' id='word_1_600' title='bbox 806 3905 922 3965; x_wconf 82' lang='lat' dir='ltr'><strong>non</strong></span> <span class='ocrx_word' id='word_1_601' title='bbox 955 3892 1183 3965; x_wconf 79' lang='lat' dir='ltr'><strong>denegat</strong></span> <span class='ocrx_word' id='word_1_602' title='bbox 1209 3892 1582 3965; x_wconf 77' lang='lat' dir='ltr'><strong>semetipsum,</strong></span> <span class='ocrx_word' id='word_1_603' title='bbox 1619 3907 1677 3946; x_wconf 88' lang='lat' dir='ltr'><strong>se</strong></span> <span class='ocrx_word' id='word_1_604' title='bbox 1702 3892 1922 3965; x_wconf 64' lang='lat' dir='ltr'><strong>quidem</strong></span> <span class='ocrx_word' id='word_1_605' title='bbox 1953 3894 2266 3965; x_wconf 71' lang='lat' dir='ltr'><strong>conﬁtetur,</strong></span> <span class='ocrx_word' id='word_1_606' title='bbox 2300 3895 2541 3965; x_wconf 84' lang='lat' dir='ltr'><strong>denegat</strong></span> <span class='ocrx_word' id='word_1_607' title='bbox 2562 3903 2741 3965; x_wconf 80' lang='lat' dir='ltr'><strong>autem</strong></span> <span class='ocrx_word' id='word_1_608' title='bbox 2766 3891 3046 3965; x_wconf 85' lang='lat' dir='ltr'><strong>Christum</strong></span> <span class='ocrx_word' id='word_1_609' title='bbox 3082 3912 3096 3948; x_wconf 90' lang='lat'>:</span> <span class='ocrx_word' id='word_1_610' title='bbox 3124 3903 3179 3949; x_wconf 90' lang='lat' dir='ltr'><strong>et</strong></span> <span class='ocrx_word' id='word_1_611' title='bbox 3196 3893 3365 3965; x_wconf 82' lang='lat' dir='ltr'><strong>quasi</strong></span> <span class='ocrx_word' id='word_1_612' title='bbox 3393 3893 3487 3962; x_wconf 84' lang='lat' dir='ltr'><strong>qui</strong></span> <span class='ocrx_word' id='word_1_613' title='bbox 3516 3893 3613 3947; x_wconf 84' lang='lat' dir='ltr'><strong>de—</strong></span> 
     </span>
    </p>
   </div>
   <div class='ocr_carea' id='block_1_72' title="bbox 366 3960 3615 4032">
    <p class='ocr_par' dir='ltr' id='par_1_72' title="bbox 366 3960 3615 4032">
     <span class='ocr_line' id='line_1_72' title="bbox 366 3960 3615 4032; baseline -0 -15"><span class='ocrx_word' id='word_1_614' title='bbox 366 3961 643 4032; x_wconf 74' lang='lat' dir='ltr'><strong>negaverit</strong></span> <span class='ocrx_word' id='word_1_615' title='bbox 692 3961 968 4016; x_wconf 81' lang='lat' dir='ltr'><strong>Christum</strong></span> <span class='ocrx_word' id='word_1_616' title='bbox 994 4002 1010 4027; x_wconf 94' lang='lat'><strong>,</strong></span> <span class='ocrx_word' id='word_1_617' title='bbox 1053 3960 1415 4032; x_wconf 78' lang='lat' dir='ltr'><strong>denegabitur</strong></span> <span class='ocrx_word' id='word_1_618' title='bbox 1449 3970 1503 4015; x_wconf 91' lang='lat' dir='ltr'><strong>et</strong></span> <span class='ocrx_word' id='word_1_619' title='bbox 1549 3962 1665 4032; x_wconf 90' lang='lat' dir='ltr'><strong>ipse</strong></span> <span class='ocrx_word' id='word_1_620' title='bbox 1697 3960 1734 4014; x_wconf 67' lang='grc' dir='ltr'><strong>εἰ</strong></span> <span class='ocrx_word' id='word_1_621' title='bbox 1757 3960 1999 4032; x_wconf 85' lang='lat' dir='ltr'><strong>Christo.</strong></span> <span class='ocrx_word' id='word_1_622' title='bbox 2030 4031 2035 4032; x_wconf 14' lang='grc' dir='ltr'>ί</span> <span class='ocrx_word' id='word_1_623' title='bbox 2074 3961 2365 4032; x_wconf 90' lang='lat' dir='ltr'><strong>Propterea</strong></span> <span class='ocrx_word' id='word_1_624' title='bbox 2397 3960 2578 4018; x_wconf 81' lang='lat' dir='ltr'><strong>omnis</strong></span> <span class='ocrx_word' id='word_1_625' title='bbox 2609 3962 2867 4032; x_wconf 85' lang='lat' dir='ltr'><strong>cogitatio</strong></span> <span class='ocrx_word' id='word_1_626' title='bbox 2901 3972 3087 4019; x_wconf 91' lang='lat' dir='ltr'><strong>nostra</strong></span> <span class='ocrx_word' id='word_1_627' title='bbox 3115 3974 3167 4018; x_wconf 90' lang='lat' dir='ltr'><strong>et</strong></span> <span class='ocrx_word' id='word_1_628' title='bbox 3195 3960 3531 4027; x_wconf 77' lang='lat' dir='ltr'><strong>intellectus,</strong></span> <span class='ocrx_word' id='word_1_629' title='bbox 3562 3972 3615 4018; x_wconf 85' lang='lat' dir='ltr'><strong>et</strong></span> 
     </span>
    </p>
   </div>
   <div class='ocr_carea' id='block_1_73' title="bbox 366 4030 3615 4113">
    <p class='ocr_par' dir='ltr' id='par_1_73' title="bbox 366 4030 3615 4113">
     <span class='ocr_line' id='line_1_73' title="bbox 366 4030 3615 4113; baseline 0.001 -31"><span class='ocrx_word' id='word_1_630' title='bbox 366 4030 546 4113; x_wconf 70' lang='lat' dir='ltr'><strong>omnis</strong></span> <span class='ocrx_word' id='word_1_631' title='bbox 570 4044 771 4113; x_wconf 61' lang='lat' dir='ltr'><strong>sermu,</strong></span> <span class='ocrx_word' id='word_1_632' title='bbox 803 4037 857 4113; x_wconf 71' lang='lat' dir='ltr'><strong>et</strong></span> <span class='ocrx_word' id='word_1_633' title='bbox 876 4032 1056 4112; x_wconf 84' lang='lat' dir='ltr'><strong>omnis</strong></span> <span class='ocrx_word' id='word_1_634' title='bbox 1085 4030 1240 4113; x_wconf 75' lang='lat' dir='ltr'><strong>nctus</strong></span> <span class='ocrx_word' id='word_1_635' title='bbox 1271 4040 1512 4113; x_wconf 51' lang='lat' dir='ltr'><strong>nostrain</strong></span> <span class='ocrx_word' id='word_1_636' title='bbox 1542 4030 1760 4113; x_wconf 78' lang='lat' dir='ltr'><strong>quidem</strong></span> <span class='ocrx_word' id='word_1_637' title='bbox 1790 4030 2204 4110; x_wconf 77' lang='lat' dir='ltr'><strong>denegationem</strong></span> <span class='ocrx_word' id='word_1_638' title='bbox 2238 4033 2653 4113; x_wconf 35' lang='lat' dir='ltr'><strong>spiretLChris&#39;ti</strong></span> <span class='ocrx_word' id='word_1_639' title='bbox 2680 4030 2863 4087; x_wconf 78' lang='lat' dir='ltr'><strong>autem</strong></span> <span class='ocrx_word' id='word_1_640' title='bbox 2895 4033 3269 4113; x_wconf 77' lang='lat' dir='ltr'><strong>testimonium</strong></span> <span class='ocrx_word' id='word_1_641' title='bbox 3299 4039 3464 4101; x_wconf 89' lang='lat' dir='ltr'><strong>atque</strong></span> <span class='ocrx_word' id='word_1_642' title='bbox 3489 4047 3615 4113; x_wconf 79' lang='lat' dir='ltr'><strong>con-</strong></span> 
     </span>
    </p>
   </div>
   <div class='ocr_carea' id='block_1_74' title="bbox 366 4098 3612 4169">
    <p class='ocr_par' dir='ltr' id='par_1_74' title="bbox 366 4098 3612 4169">
     <span class='ocr_line' id='line_1_74' title="bbox 366 4098 3612 4169; baseline 0.001 -18"><span class='ocrx_word' id='word_1_643' title='bbox 366 4098 678 4152; x_wconf 85' lang='lat' dir='ltr'><strong>fessionem.</strong></span> <span class='ocrx_word' id='word_1_644' title='bbox 718 4098 894 4169; x_wconf 82' lang='lat' dir='ltr'><strong>Credo</strong></span> <span class='ocrx_word' id='word_1_645' title='bbox 921 4101 1065 4152; x_wconf 85' lang='lat' dir='ltr'><strong>enim</strong></span> <span class='ocrx_word' id='word_1_646' title='bbox 1094 4099 1332 4154; x_wconf 86' lang='lat' dir='ltr'><strong>hominis</strong></span> <span class='ocrx_word' id='word_1_647' title='bbox 1354 4098 1578 4169; x_wconf 79' lang='lat' dir='ltr'><strong>perfecti</strong></span> <span class='ocrx_word' id='word_1_648' title='bbox 1610 4115 1802 4156; x_wconf 87' lang='lat' dir='ltr'><strong>omnes</strong></span> <span class='ocrx_word' id='word_1_649' title='bbox 1835 4098 1990 4155; x_wconf 76' lang='lat' dir='ltr'><strong>actus</strong></span> <span class='ocrx_word' id='word_1_650' title='bbox 2017 4098 2390 4156; x_wconf 80' lang='lat' dir='ltr'><strong>testimonium</strong></span> <span class='ocrx_word' id='word_1_651' title='bbox 2418 4102 2621 4158; x_wconf 87' lang='lat' dir='ltr'><strong>Christi</strong></span> <span class='ocrx_word' id='word_1_652' title='bbox 2655 4116 2777 4157; x_wconf 87' lang='lat' dir='ltr'><strong>esse</strong></span> <span class='ocrx_word' id='word_1_653' title='bbox 2812 4119 2825 4154; x_wconf 92' lang='lat'>:</span> <span class='ocrx_word' id='word_1_654' title='bbox 2862 4111 2918 4156; x_wconf 90' lang='lat' dir='ltr'><strong>et</strong></span> <span class='ocrx_word' id='word_1_655' title='bbox 2943 4103 3328 4158; x_wconf 88' lang='lat' dir='ltr'><strong>abstinentiam</strong></span> <span class='ocrx_word' id='word_1_656' title='bbox 3364 4098 3612 4156; x_wconf 80' lang='lat' dir='ltr'><strong>omnium</strong></span> 
     </span>
    </p>
   </div>
   <div class='ocr_carea' id='block_1_75' title="bbox 366 4167 3611 4240">
    <p class='ocr_par' dir='ltr' id='par_1_75' title="bbox 366 4167 3611 4240">
     <span class='ocr_line' id='line_1_75' title="bbox 366 4167 3611 4240; baseline 0.001 -20"><span class='ocrx_word' id='word_1_657' title='bbox 366 4175 712 4240; x_wconf 78' lang='lat' dir='ltr'><strong>peccatorum</strong></span> <span class='ocrx_word' id='word_1_658' title='bbox 739 4167 1148 4237; x_wconf 82' lang='lat' dir='ltr'><strong>denegationem</strong></span> <span class='ocrx_word' id='word_1_659' title='bbox 1185 4167 1423 4225; x_wconf 82' lang='lat' dir='ltr'><strong>hominis</strong></span> <span class='ocrx_word' id='word_1_660' title='bbox 1454 4185 1576 4225; x_wconf 91' lang='lat' dir='ltr'><strong>esse</strong></span> <span class='ocrx_word' id='word_1_661' title='bbox 1606 4172 1891 4224; x_wconf 89' lang='lat' dir='ltr'><strong>ducentem</strong></span> <span class='ocrx_word' id='word_1_662' title='bbox 1924 4185 2049 4224; x_wconf 90' lang='lat' dir='ltr'><strong>cum</strong></span> <span class='ocrx_word' id='word_1_663' title='bbox 2078 4181 2197 4240; x_wconf 86' lang='lat' dir='ltr'><strong>post</strong></span> <span class='ocrx_word' id='word_1_664' title='bbox 2227 4170 2533 4227; x_wconf 89' lang='lat' dir='ltr'><strong>Christum.</strong></span> <span class='ocrx_word' id='word_1_665' title='bbox 2602 4171 2706 4227; x_wconf 87' lang='lat' dir='ltr'><strong>Iste</strong></span> <span class='ocrx_word' id='word_1_666' title='bbox 2736 4170 2882 4225; x_wconf 85' lang='lat' dir='ltr'><strong>enim</strong></span> <span class='ocrx_word' id='word_1_667' title='bbox 2916 4173 3043 4227; x_wconf 89' lang='lat' dir='ltr'><strong>talis</strong></span> <span class='ocrx_word' id='word_1_668' title='bbox 3075 4172 3292 4226; x_wconf 85' lang='lat' dir='ltr'><strong>Christo</strong></span> <span class='ocrx_word' id='word_1_669' title='bbox 3314 4171 3611 4225; x_wconf 88' lang='lat' dir='ltr'><strong>cruciﬁxus</strong></span> 
     </span>
    </p>
   </div>
   <div class='ocr_carea' id='block_1_76' title="bbox 367 4235 3610 4312">
    <p class='ocr_par' dir='ltr' id='par_1_76' title="bbox 367 4235 3610 4312">
     <span class='ocr_line' id='line_1_76' title="bbox 367 4235 3610 4312; baseline 0.001 -23"><span class='ocrx_word' id='word_1_670' title='bbox 367 4235 468 4297; x_wconf 73' lang='lat' dir='ltr'><strong>est,</strong></span> <span class='ocrx_word' id='word_1_671' title='bbox 502 4244 555 4289; x_wconf 91' lang='lat' dir='ltr'><strong>et</strong></span> <span class='ocrx_word' id='word_1_672' title='bbox 587 4235 781 4312; x_wconf 64' lang='lat' dir='ltr'><strong>tollens</strong></span> <span class='ocrx_word' id='word_1_673' title='bbox 809 4235 1024 4290; x_wconf 82' lang='lat' dir='ltr'><strong>crucem</strong></span> <span class='ocrx_word' id='word_1_674' title='bbox 1057 4253 1212 4312; x_wconf 76' lang='lat' dir='ltr'><strong>snam</strong></span> <span class='ocrx_word' id='word_1_675' title='bbox 1246 4240 1493 4307; x_wconf 89' lang='lat' dir='ltr'><strong>sequitur</strong></span> <span class='ocrx_word' id='word_1_676' title='bbox 1521 4256 1667 4312; x_wconf 81' lang='lat' dir='ltr'><strong>curn,</strong></span> <span class='ocrx_word' id='word_1_677' title='bbox 1703 4240 1796 4309; x_wconf 93' lang='lat' dir='ltr'><strong>qui</strong></span> <span class='ocrx_word' id='word_1_678' title='bbox 1827 4248 2051 4312; x_wconf 80' lang='lat' dir='ltr'><strong>prapter</strong></span> <span class='ocrx_word' id='word_1_679' title='bbox 2072 4235 2178 4312; x_wconf 74' lang='lat' dir='ltr'><strong>jtos</strong></span> <span class='ocrx_word' id='word_1_680' title='bbox 2199 4255 2415 4295; x_wconf 90' lang='lat' dir='ltr'><strong>crucem</strong></span> <span class='ocrx_word' id='word_1_681' title='bbox 2444 4255 2599 4312; x_wconf 87' lang='lat' dir='ltr'><strong>suam</strong></span> <span class='ocrx_word' id='word_1_682' title='bbox 2634 4241 2872 4312; x_wconf 82' lang='lat' dir='ltr'><strong>portavit</strong></span> <span class='ocrx_word' id='word_1_683' title='bbox 2901 4259 2916 4295; x_wconf 91' lang='lat'><strong>:</strong></span> <span class='ocrx_word' id='word_1_684' title='bbox 2953 4242 3252 4296; x_wconf 86' lang='lat' dir='ltr'><strong>secundum</strong></span> <span class='ocrx_word' id='word_1_685' title='bbox 3279 4240 3427 4308; x_wconf 92' lang='lat' dir='ltr'><strong>quod</strong></span> <span class='ocrx_word' id='word_1_686' title='bbox 3464 4241 3610 4294; x_wconf 88' lang='lat' dir='ltr'><strong>scri-</strong></span> 
     </span>
    </p>
   </div>
   <div class='ocr_carea' id='block_1_77' title="bbox 367 4303 3614 4380">
    <p class='ocr_par' dir='ltr' id='par_1_77' title="bbox 367 4303 3614 4380">
     <span class='ocr_line' id='line_1_77' title="bbox 367 4303 3614 4380; baseline 0.001 -22"><span class='ocrx_word' id='word_1_687' title='bbox 367 4316 514 4374; x_wconf 86' lang='lat' dir='ltr'><strong>ptum</strong></span> <span class='ocrx_word' id='word_1_688' title='bbox 543 4312 627 4359; x_wconf 83' lang='lat' dir='ltr'><strong>est</strong></span> <span class='ocrx_word' id='word_1_689' title='bbox 656 4306 708 4357; x_wconf 94' lang='lat' dir='ltr'><strong>in</strong></span> <span class='ocrx_word' id='word_1_690' title='bbox 734 4303 985 4359; x_wconf 80' lang='lat' dir='ltr'><strong>Joanne:</strong></span> <span class='ocrx_word' id='word_1_691' title='bbox 1027 4325 1046 4356; x_wconf 74' lang='grc' dir='ltr'><strong>ι</strong></span> <span class='ocrx_word' id='word_1_692' title='bbox 1082 4303 1582 4380; x_wconf 74' lang='lat' dir='ltr'><strong>Receperuntcrgo</strong></span> <span class='ocrx_word' id='word_1_693' title='bbox 1613 4303 1844 4380; x_wconf 59' lang='lat' dir='ltr'><strong>Jesum,</strong></span> <span class='ocrx_word' id='word_1_694' title='bbox 1862 4303 1946 4380; x_wconf 58' lang='lat' dir='ltr'><strong>et</strong></span> <span class='ocrx_word' id='word_1_695' title='bbox 1982 4309 2359 4380; x_wconf 74' lang='lat' dir='ltr'><strong>adduxerunt,</strong></span> <span class='ocrx_word' id='word_1_696' title='bbox 2397 4319 2447 4365; x_wconf 90' lang='lat' dir='ltr'><strong>et</strong></span> <span class='ocrx_word' id='word_1_697' title='bbox 2498 4303 2880 4380; x_wconf 72' lang='lat' dir='ltr'><strong>imposuerunt</strong></span> <span class='ocrx_word' id='word_1_698' title='bbox 2926 4325 3089 4380; x_wconf 90' lang='lat' dir='ltr'><strong>super</strong></span> <span class='ocrx_word' id='word_1_699' title='bbox 3114 4323 3239 4364; x_wconf 91' lang='lat' dir='ltr'><strong>eum</strong></span> <span class='ocrx_word' id='word_1_700' title='bbox 3266 4303 3519 4374; x_wconf 74' lang='lat' dir='ltr'><strong>crucem,</strong></span> <span class='ocrx_word' id='word_1_701' title='bbox 3556 4319 3614 4363; x_wconf 88' lang='lat' dir='ltr'><strong>et</strong></span> 
     </span>
    </p>
   </div>
   <div class='ocr_carea' id='block_1_78' title="bbox 364 4378 2406 4447">
    <p class='ocr_par' dir='ltr' id='par_1_78' title="bbox 364 4378 2406 4447">
     <span class='ocr_line' id='line_1_78' title="bbox 364 4378 2406 4447; baseline 0.002 -18"><span class='ocrx_word' id='word_1_702' title='bbox 364 4385 589 4447; x_wconf 79' lang='lat' dir='ltr'><strong>portans</strong></span> <span class='ocrx_word' id='word_1_703' title='bbox 610 4389 826 4447; x_wconf 79' lang='lat' dir='ltr'><strong>crucem</strong></span> <span class='ocrx_word' id='word_1_704' title='bbox 860 4390 1014 4447; x_wconf 83' lang='lat' dir='ltr'><strong>suam</strong></span> <span class='ocrx_word' id='word_1_705' title='bbox 1043 4386 1406 4447; x_wconf 77' lang='lat' dir='ltr'><strong>egressusest</strong></span> <span class='ocrx_word' id='word_1_706' title='bbox 1429 4378 1481 4430; x_wconf 88' lang='lat' dir='ltr'><strong>itt</strong></span> <span class='ocrx_word' id='word_1_707' title='bbox 1506 4378 1685 4433; x_wconf 90' lang='lat' dir='ltr'><strong>locum</strong></span> <span class='ocrx_word' id='word_1_708' title='bbox 1721 4379 1814 4447; x_wconf 87' lang='lat' dir='ltr'><strong>qui</strong></span> <span class='ocrx_word' id='word_1_709' title='bbox 1843 4378 2040 4433; x_wconf 90' lang='lat' dir='ltr'><strong>dicitur</strong></span> <span class='ocrx_word' id='word_1_710' title='bbox 2065 4378 2353 4442; x_wconf 53' lang='lat' dir='ltr'><strong>Calvariaa,</strong></span> <span class='ocrx_word' id='word_1_711' title='bbox 2387 4399 2406 4432; x_wconf 74' lang='grc' dir='ltr'><strong>ι</strong></span> 
     </span>
    </p>
   </div>
   <div class='ocr_carea' id='block_1_79' title="bbox 434 4442 3609 4517">
    <p class='ocr_par' dir='ltr' id='par_1_79' title="bbox 434 4442 3609 4517">
     <span class='ocr_line' id='line_1_79' title="bbox 434 4442 3609 4517; baseline 0 -18"><span class='ocrx_word' id='word_1_712' title='bbox 434 4446 523 4501; x_wconf 72' lang='lat'><strong>25.</strong></span> <span class='ocrx_word' id='word_1_713' title='bbox 564 4444 963 4517; x_wconf 79' lang='lat' dir='ltr'><strong>Adhucautetn</strong></span> <span class='ocrx_word' id='word_1_714' title='bbox 995 4445 1048 4497; x_wconf 92' lang='lat' dir='ltr'><strong>in</strong></span> <span class='ocrx_word' id='word_1_715' title='bbox 1078 4442 1143 4517; x_wconf 70' lang='lat' dir='ltr'><strong>eo</strong></span> <span class='ocrx_word' id='word_1_716' title='bbox 1169 4445 1314 4517; x_wconf 71' lang='lat' dir='ltr'><strong>quod</strong></span> <span class='ocrx_word' id='word_1_717' title='bbox 1350 4445 1485 4517; x_wconf 73' lang='lat' dir='ltr'><strong>dicit</strong></span> <span class='ocrx_word' id='word_1_718' title='bbox 1515 4465 1528 4500; x_wconf 89' lang='lat'><strong>:</strong></span> <span class='ocrx_word' id='word_1_719' title='bbox 1568 4465 1585 4498; x_wconf 80' lang='grc' dir='ltr'><strong>ι</strong></span> <span class='ocrx_word' id='word_1_720' title='bbox 1618 4442 1861 4517; x_wconf 67' lang='grc' dir='ltr'>Αὺηὶιςρι</span> <span class='ocrx_word' id='word_1_721' title='bbox 1889 4449 2272 4517; x_wconf 86' lang='lat' dir='ltr'><strong>semetipsum;</strong></span> <span class='ocrx_word' id='word_1_722' title='bbox 2314 4467 2333 4500; x_wconf 72' lang='grc' dir='ltr'><strong>ι</strong></span> <span class='ocrx_word' id='word_1_723' title='bbox 2374 4449 2587 4504; x_wconf 89' lang='lat' dir='ltr'><strong>videtur</strong></span> <span class='ocrx_word' id='word_1_724' title='bbox 2618 4449 2750 4503; x_wconf 90' lang='lat' dir='ltr'><strong>mihi</strong></span> <span class='ocrx_word' id='word_1_725' title='bbox 2782 4449 2914 4504; x_wconf 89' lang='lat' dir='ltr'><strong>utile</strong></span> <span class='ocrx_word' id='word_1_726' title='bbox 2956 4462 3080 4503; x_wconf 87' lang='lat' dir='ltr'><strong>esse</strong></span> <span class='ocrx_word' id='word_1_727' title='bbox 3109 4445 3430 4517; x_wconf 81' lang='lat' dir='ltr'><strong>exemplum</strong></span> <span class='ocrx_word' id='word_1_728' title='bbox 3446 4442 3609 4517; x_wconf 82' lang='lat' dir='ltr'><strong>Pauli</strong></span> 
     </span>
    </p>
   </div>
   <div class='ocr_carea' id='block_1_80' title="bbox 366 4513 3610 4588">
    <p class='ocr_par' dir='ltr' id='par_1_80' title="bbox 366 4513 3610 4588">
     <span class='ocr_line' id='line_1_80' title="bbox 366 4513 3610 4588; baseline -0.001 -18"><span class='ocrx_word' id='word_1_729' title='bbox 366 4515 680 4588; x_wconf 76' lang='lat' dir='ltr'><strong>ilenegantis</strong></span> <span class='ocrx_word' id='word_1_730' title='bbox 708 4515 971 4588; x_wconf 79' lang='lat' dir='ltr'><strong>seipsum,</strong></span> <span class='ocrx_word' id='word_1_731' title='bbox 996 4523 1050 4566; x_wconf 86' lang='lat' dir='ltr'><strong>et</strong></span> <span class='ocrx_word' id='word_1_732' title='bbox 1073 4513 1302 4567; x_wconf 89' lang='lat' dir='ltr'><strong>dicentis</strong></span> <span class='ocrx_word' id='word_1_733' title='bbox 1332 4532 1343 4567; x_wconf 90' lang='lat'><strong>:</strong></span> <span class='ocrx_word' id='word_1_734' title='bbox 1383 4534 1401 4565; x_wconf 78' lang='grc' dir='ltr'><strong>ι</strong></span> <span class='ocrx_word' id='word_1_735' title='bbox 1433 4514 1565 4588; x_wconf 83' lang='lat' dir='ltr'><strong>Vivo</strong></span> <span class='ocrx_word' id='word_1_736' title='bbox 1596 4513 1913 4588; x_wconf 69' lang='lat' dir='ltr'><strong>autcnfjatn</strong></span> <span class='ocrx_word' id='word_1_737' title='bbox 1942 4532 2049 4571; x_wconf 90' lang='lat' dir='ltr'><strong>non</strong></span> <span class='ocrx_word' id='word_1_738' title='bbox 2070 4513 2169 4588; x_wconf 77' lang='lat' dir='ltr'><strong>ego</strong></span> <span class='ocrx_word' id='word_1_739' title='bbox 2203 4520 2368 4572; x_wconf 87' lang='lat' dir='ltr'><strong>.vivit</strong></span> <span class='ocrx_word' id='word_1_740' title='bbox 2400 4527 2580 4573; x_wconf 90' lang='lat' dir='ltr'><strong>autem</strong></span> <span class='ocrx_word' id='word_1_741' title='bbox 2613 4519 2667 4572; x_wconf 93' lang='lat' dir='ltr'><strong>in</strong></span> <span class='ocrx_word' id='word_1_742' title='bbox 2693 4534 2781 4574; x_wconf 91' lang='lat' dir='ltr'><strong>me</strong></span> <span class='ocrx_word' id='word_1_743' title='bbox 2802 4518 3075 4574; x_wconf 88' lang='lat' dir='ltr'><strong>Christus.</strong></span> <span class='ocrx_word' id='word_1_744' title='bbox 3108 4536 3127 4569; x_wconf 80' lang='grc' dir='ltr'><strong>ι</strong></span> <span class='ocrx_word' id='word_1_745' title='bbox 3159 4513 3317 4588; x_wconf 79' lang='lat' dir='ltr'><strong>Quod</strong></span> <span class='ocrx_word' id='word_1_746' title='bbox 3344 4514 3493 4569; x_wconf 90' lang='lat' dir='ltr'><strong>enim</strong></span> <span class='ocrx_word' id='word_1_747' title='bbox 3516 4515 3610 4588; x_wconf 77' lang='lat' dir='ltr'><strong>di-</strong></span> 
     </span>
    </p>
   </div>
   <div class='ocr_carea' id='block_1_81' title="bbox 365 4583 3616 4668">
    <p class='ocr_par' dir='ltr' id='par_1_81' title="bbox 365 4583 3616 4668">
     <span class='ocr_line' id='line_1_81' title="bbox 365 4583 3616 4668; baseline 0 -29"><span class='ocrx_word' id='word_1_748' title='bbox 365 4588 435 4639; x_wconf 81' lang='lat' dir='ltr'><strong>cit</strong></span> <span class='ocrx_word' id='word_1_749' title='bbox 468 4604 481 4640; x_wconf 93' lang='lat'><strong>:</strong></span> <span class='ocrx_word' id='word_1_750' title='bbox 510 4583 541 4635; x_wconf 37' lang='lat' dir='ltr'><strong>’t</strong></span> <span class='ocrx_word' id='word_1_751' title='bbox 580 4583 721 4668; x_wconf 57' lang='lat' dir='ltr'><strong>Vivo</strong></span> <span class='ocrx_word' id='word_1_752' title='bbox 750 4584 862 4653; x_wconf 84' lang='lat' dir='ltr'><strong>jam</strong></span> <span class='ocrx_word' id='word_1_753' title='bbox 891 4597 996 4664; x_wconf 91' lang='lat' dir='ltr'><strong>non</strong></span> <span class='ocrx_word' id='word_1_754' title='bbox 1019 4597 1120 4652; x_wconf 83' lang='lat' dir='ltr'><strong>ego</strong></span> <span class='ocrx_word' id='word_1_755' title='bbox 1144 4600 1162 4668; x_wconf 75' lang='lat'><strong>_:</strong></span> <span class='ocrx_word' id='word_1_756' title='bbox 1198 4601 1226 4663; x_wconf 41' lang='grc' dir='ltr'><strong>,ι</strong></span> <span class='ocrx_word' id='word_1_757' title='bbox 1259 4594 1486 4668; x_wconf 77' lang='lat' dir='ltr'><strong>vox_est</strong></span> <span class='ocrx_word' id='word_1_758' title='bbox 1518 4583 1852 4666; x_wconf 83' lang='lat' dir='ltr'><strong>_denegantis_</strong></span> <span class='ocrx_word' id='word_1_759' title='bbox 1887 4583 2129 4668; x_wconf 72' lang='lat' dir='ltr'><strong>seipsnni</strong></span> <span class='ocrx_word' id='word_1_760' title='bbox 2162 4606 2174 4642; x_wconf 93' lang='lat'><strong>:</strong></span> <span class='ocrx_word' id='word_1_761' title='bbox 2209 4598 2263 4642; x_wconf 90' lang='lat' dir='ltr'><strong>et</strong></span> <span class='ocrx_word' id='word_1_762' title='bbox 2291 4589 2447 4668; x_wconf 83' lang='lat' dir='ltr'><strong>quasi</strong></span> <span class='ocrx_word' id='word_1_763' title='bbox 2471 4588 2597 4668; x_wconf 27' lang='lat' dir='ltr'><strong>“qui</strong></span> <span class='ocrx_word' id='word_1_764' title='bbox 2641 4589 2891 4668; x_wconf 80' lang='lat' dir='ltr'><strong>deposuit</strong></span> <span class='ocrx_word' id='word_1_765' title='bbox 2925 4602 3106 4668; x_wconf 39' lang='lat' dir='ltr'><strong>suam“</strong></span> <span class='ocrx_word' id='word_1_766' title='bbox 3123 4586 3287 4668; x_wconf 77' lang='lat' dir='ltr'><strong>vitam</strong></span> <span class='ocrx_word' id='word_1_767' title='bbox 3319 4601 3334 4640; x_wconf 90' lang='lat'><strong>:</strong></span> <span class='ocrx_word' id='word_1_768' title='bbox 3370 4586 3616 4667; x_wconf 75' lang='lat' dir='ltr'><strong>suscepit</strong></span> 
     </span>
    </p>
   </div>
   <div class='ocr_carea' id='block_1_82' title="bbox 364 4651 3613 4727">
    <p class='ocr_par' dir='ltr' id='par_1_82' title="bbox 364 4651 3613 4727">
     <span class='ocr_line' id='line_1_82' title="bbox 364 4651 3613 4727; baseline -0.001 -16"><span class='ocrx_word' id='word_1_769' title='bbox 364 4665 543 4711; x_wconf 84' lang='lat' dir='ltr'><strong>autent</strong></span> <span class='ocrx_word' id='word_1_770' title='bbox 577 4651 870 4727; x_wconf 81' lang='lat' dir='ltr'><strong>Christum</strong></span> <span class='ocrx_word' id='word_1_771' title='bbox 901 4652 954 4707; x_wconf 92' lang='lat' dir='ltr'><strong>in</strong></span> <span class='ocrx_word' id='word_1_772' title='bbox 987 4651 1071 4727; x_wconf 57' lang='lat' dir='ltr'><strong>se,</strong></span> <span class='ocrx_word' id='word_1_773' title='bbox 1104 4662 1161 4727; x_wconf 84' lang='lat' dir='ltr'><strong>ut</strong></span> <span class='ocrx_word' id='word_1_774' title='bbox 1197 4651 1311 4727; x_wconf 80' lang='lat' dir='ltr'><strong>ipse</strong></span> <span class='ocrx_word' id='word_1_775' title='bbox 1339 4656 1485 4707; x_wconf 87' lang='lat' dir='ltr'><strong>vivat</strong></span> <span class='ocrx_word' id='word_1_776' title='bbox 1517 4655 1571 4707; x_wconf 91' lang='lat' dir='ltr'><strong>in</strong></span> <span class='ocrx_word' id='word_1_777' title='bbox 1602 4651 1854 4727; x_wconf 60' lang='lat' dir='ltr'><strong>eo&#39;quasi</strong></span> <span class='ocrx_word' id='word_1_778' title='bbox 1886 4651 2122 4727; x_wconf 70' lang='lat' dir='ltr'><strong>justitia,</strong></span> <span class='ocrx_word' id='word_1_779' title='bbox 2167 4651 2324 4726; x_wconf 86' lang='lat' dir='ltr'><strong>quasi</strong></span> <span class='ocrx_word' id='word_1_780' title='bbox 2369 4651 2656 4727; x_wconf 67' lang='lat' dir='ltr'><strong>sapientia,</strong></span> <span class='ocrx_word' id='word_1_781' title='bbox 2690 4651 2847 4725; x_wconf 81' lang='lat' dir='ltr'><strong>quasi</strong></span> <span class='ocrx_word' id='word_1_782' title='bbox 2895 4655 3280 4722; x_wconf 88' lang='lat' dir='ltr'><strong>sanctiﬁcatio,</strong></span> <span class='ocrx_word' id='word_1_783' title='bbox 3312 4655 3471 4727; x_wconf 81' lang='lat' dir='ltr'><strong>quasi</strong></span> <span class='ocrx_word' id='word_1_784' title='bbox 3503 4651 3613 4725; x_wconf 72' lang='lat' dir='ltr'><strong>pax</strong></span> 
     </span>
    </p>
   </div>
   <div class='ocr_carea' id='block_1_83' title="bbox 366 4721 3616 4796">
    <p class='ocr_par' dir='ltr' id='par_1_83' title="bbox 366 4721 3616 4796">
     <span class='ocr_line' id='line_1_83' title="bbox 366 4721 3616 4796; baseline -0.001 -17"><span class='ocrx_word' id='word_1_785' title='bbox 366 4735 574 4796; x_wconf 82' lang='lat' dir='ltr'><strong>nostra,</strong></span> <span class='ocrx_word' id='word_1_786' title='bbox 619 4725 775 4796; x_wconf 77' lang='lat' dir='ltr'><strong>quasi</strong></span> <span class='ocrx_word' id='word_1_787' title='bbox 812 4723 997 4796; x_wconf 61' lang='lat' dir='ltr'><strong>virtus</strong></span> <span class='ocrx_word' id='word_1_788' title='bbox 1030 4721 1143 4784; x_wconf 87' lang='lat' dir='ltr'><strong>Dei,</strong></span> <span class='ocrx_word' id='word_1_789' title='bbox 1196 4722 1249 4775; x_wconf 93' lang='lat' dir='ltr'><strong>in</strong></span> <span class='ocrx_word' id='word_1_790' title='bbox 1279 4737 1345 4776; x_wconf 90' lang='lat' dir='ltr'><strong>eo</strong></span> <span class='ocrx_word' id='word_1_791' title='bbox 1373 4739 1613 4796; x_wconf 10' lang='lat' dir='ltr'><strong>operansr</strong></span> <span class='ocrx_word' id='word_1_792' title='bbox 1636 4721 1819 4779; x_wconf 78' lang='lat' dir='ltr'><strong>omnia</strong></span> <span class='ocrx_word' id='word_1_793' title='bbox 1851 4721 1985 4796; x_wconf 52' lang='lat' dir='ltr'><strong>haec.</strong></span> <span class='ocrx_word' id='word_1_794' title='bbox 2045 4721 2238 4796; x_wconf 77' lang='lat' dir='ltr'><strong>Adhuc</strong></span> <span class='ocrx_word' id='word_1_795' title='bbox 2277 4721 2458 4781; x_wconf 82' lang='lat' dir='ltr'><strong>autem</strong></span> <span class='ocrx_word' id='word_1_796' title='bbox 2494 4727 2615 4781; x_wconf 81' lang='lat' dir='ltr'><strong>vide</strong></span> <span class='ocrx_word' id='word_1_797' title='bbox 2646 4721 2834 4796; x_wconf 51' lang='lat' dir='ltr'><strong>et&#39;hor.</strong></span> <span class='ocrx_word' id='word_1_798' title='bbox 2860 4765 2875 4788; x_wconf 94' lang='lat'><strong>,</strong></span> <span class='ocrx_word' id='word_1_799' title='bbox 2910 4727 3057 4796; x_wconf 90' lang='lat' dir='ltr'><strong>quod</strong></span> <span class='ocrx_word' id='word_1_800' title='bbox 3095 4741 3219 4781; x_wconf 91' lang='lat' dir='ltr'><strong>cum</strong></span> <span class='ocrx_word' id='word_1_801' title='bbox 3247 4721 3400 4779; x_wconf 88' lang='lat' dir='ltr'><strong>multi</strong></span> <span class='ocrx_word' id='word_1_802' title='bbox 3433 4721 3616 4796; x_wconf 72' lang='lat' dir='ltr'><strong>essent</strong></span> 
     </span>
    </p>
   </div>
   <div class='ocr_carea' id='block_1_84' title="bbox 365 4793 3614 4864">
    <p class='ocr_par' dir='ltr' id='par_1_84' title="bbox 365 4793 3614 4864">
     <span class='ocr_line' id='line_1_84' title="bbox 365 4793 3614 4864; baseline 0.001 -20"><span class='ocrx_word' id='word_1_803' title='bbox 365 4793 509 4864; x_wconf 77' lang='lat' dir='ltr'><strong>modi</strong></span> <span class='ocrx_word' id='word_1_804' title='bbox 549 4793 770 4857; x_wconf 85' lang='lat' dir='ltr'><strong>mortis,</strong></span> <span class='ocrx_word' id='word_1_805' title='bbox 810 4794 863 4846; x_wconf 92' lang='lat' dir='ltr'><strong>in</strong></span> <span class='ocrx_word' id='word_1_806' title='bbox 910 4794 1057 4864; x_wconf 83' lang='lat' dir='ltr'><strong>ligno</strong></span> <span class='ocrx_word' id='word_1_807' title='bbox 1092 4807 1392 4860; x_wconf 83' lang='lat' dir='ltr'><strong>suspensus</strong></span> <span class='ocrx_word' id='word_1_808' title='bbox 1434 4795 1726 4849; x_wconf 86' lang='lat' dir='ltr'><strong>cruciﬁxus</strong></span> <span class='ocrx_word' id='word_1_809' title='bbox 1771 4804 1854 4849; x_wconf 81' lang='lat' dir='ltr'><strong>est</strong></span> <span class='ocrx_word' id='word_1_810' title='bbox 1897 4794 2069 4850; x_wconf 90' lang='lat' dir='ltr'><strong>Filius</strong></span> <span class='ocrx_word' id='word_1_811' title='bbox 2114 4795 2206 4851; x_wconf 86' lang='lat' dir='ltr'><strong>Dei</strong></span> <span class='ocrx_word' id='word_1_812' title='bbox 2240 4815 2253 4851; x_wconf 85' lang='lat'><strong>:</strong></span> <span class='ocrx_word' id='word_1_813' title='bbox 2286 4804 2345 4850; x_wconf 93' lang='lat' dir='ltr'><strong>ut</strong></span> <span class='ocrx_word' id='word_1_814' title='bbox 2383 4811 2575 4851; x_wconf 89' lang='lat' dir='ltr'><strong>omnes</strong></span> <span class='ocrx_word' id='word_1_815' title='bbox 2606 4795 2699 4864; x_wconf 90' lang='lat' dir='ltr'><strong>qui</strong></span> <span class='ocrx_word' id='word_1_816' title='bbox 2732 4793 3041 4850; x_wconf 83' lang='lat' dir='ltr'><strong>moriuntur</strong></span> <span class='ocrx_word' id='word_1_817' title='bbox 3064 4804 3323 4864; x_wconf 87' lang='lat' dir='ltr'><strong>peccato,</strong></span> <span class='ocrx_word' id='word_1_818' title='bbox 3362 4793 3614 4864; x_wconf 75' lang='lat' dir='ltr'><strong>tton_a|i0</strong></span> 
     </span>
    </p>
   </div>
   <div class='ocr_carea' id='block_1_85' title="bbox 367 4862 3613 4934">
    <p class='ocr_par' dir='ltr' id='par_1_85' title="bbox 367 4862 3613 4934">
     <span class='ocr_line' id='line_1_85' title="bbox 367 4862 3613 4934; baseline 0 -20"><span class='ocrx_word' id='word_1_819' title='bbox 367 4862 527 4914; x_wconf 87' lang='lat' dir='ltr'><strong>modo</strong></span> <span class='ocrx_word' id='word_1_820' title='bbox 555 4863 1404 4934; x_wconf 12' lang='lat' dir='ltr'><strong>ntorianturnciAnisinsecuudum</strong></span> <span class='ocrx_word' id='word_1_821' title='bbox 1436 4879 1676 4934; x_wconf 78' lang='lat' dir='ltr'><strong>crucem,</strong></span> <span class='ocrx_word' id='word_1_822' title='bbox 1712 4873 1769 4918; x_wconf 91' lang='lat' dir='ltr'><strong>ut</strong></span> <span class='ocrx_word' id='word_1_823' title='bbox 1808 4865 1989 4919; x_wconf 90' lang='lat' dir='ltr'><strong>dicere</strong></span> <span class='ocrx_word' id='word_1_824' title='bbox 2023 4866 2233 4934; x_wconf 82' lang='lat' dir='ltr'><strong>pessint</strong></span> <span class='ocrx_word' id='word_1_825' title='bbox 2263 4884 2276 4920; x_wconf 90' lang='lat'>:</span> <span class='ocrx_word' id='word_1_826' title='bbox 2320 4886 2338 4917; x_wconf 80' lang='grc' dir='ltr'><strong>ι</strong></span> <span class='ocrx_word' id='word_1_827' title='bbox 2371 4866 2595 4921; x_wconf 91' lang='lat' dir='ltr'><strong>Christo</strong></span> <span class='ocrx_word' id='word_1_828' title='bbox 2624 4862 2922 4920; x_wconf 73' lang='lat' dir='ltr'><strong>cruciﬁxus</strong></span> <span class='ocrx_word' id='word_1_829' title='bbox 2951 4862 3095 4921; x_wconf 67' lang='lat' dir='ltr'><strong>sunt.</strong></span> <span class='ocrx_word' id='word_1_830' title='bbox 3139 4883 3158 4916; x_wconf 73' lang='grc' dir='ltr'><strong>ι</strong></span> <span class='ocrx_word' id='word_1_831' title='bbox 3199 4865 3328 4934; x_wconf 85' lang='lat' dir='ltr'><strong>Item</strong></span> <span class='ocrx_word' id='word_1_832' title='bbox 3362 4880 3378 4919; x_wconf 88' lang='lat'><strong>:</strong></span> <span class='ocrx_word' id='word_1_833' title='bbox 3422 4882 3443 4914; x_wconf 76' lang='grc' dir='ltr'><strong>ι</strong></span> <span class='ocrx_word' id='word_1_834' title='bbox 3483 4862 3613 4916; x_wconf 82' lang='lat' dir='ltr'><strong>Mihi</strong></span> 
     </span>
    </p>
   </div>
   <div class='ocr_carea' id='block_1_86' title="bbox 364 4931 3617 5005">
    <p class='ocr_par' dir='ltr' id='par_1_86' title="bbox 364 4931 3617 5005">
     <span class='ocr_line' id='line_1_86' title="bbox 364 4931 3617 5005; baseline -0 -18"><span class='ocrx_word' id='word_1_835' title='bbox 364 4940 545 4987; x_wconf 84' lang='lat' dir='ltr'><strong>autem</strong></span> <span class='ocrx_word' id='word_1_836' title='bbox 573 4931 714 5005; x_wconf 78' lang='lat' dir='ltr'><strong>absit</strong></span> <span class='ocrx_word' id='word_1_837' title='bbox 746 4932 965 5005; x_wconf 78' lang='lat' dir='ltr'><strong>gloriari</strong></span> <span class='ocrx_word' id='word_1_838' title='bbox 997 4933 1101 5005; x_wconf 85' lang='lat' dir='ltr'><strong>nisi</strong></span> <span class='ocrx_word' id='word_1_839' title='bbox 1146 4933 1199 4985; x_wconf 88' lang='lat' dir='ltr'><strong>itt</strong></span> <span class='ocrx_word' id='word_1_840' title='bbox 1235 4947 1396 5005; x_wconf 75' lang='lat' dir='ltr'><strong>cruce</strong></span> <span class='ocrx_word' id='word_1_841' title='bbox 1431 4933 1657 5005; x_wconf 86' lang='lat' dir='ltr'><strong>Domini</strong></span> <span class='ocrx_word' id='word_1_842' title='bbox 1686 4936 1855 4988; x_wconf 85' lang='lat' dir='ltr'><strong>nostri</strong></span> <span class='ocrx_word' id='word_1_843' title='bbox 1885 4931 2239 4989; x_wconf 61' lang='lat' dir='ltr'><strong>Jesu&#39;Lhristi</strong></span> <span class='ocrx_word' id='word_1_844' title='bbox 2263 4974 2278 4999; x_wconf 92' lang='lat'><strong>,</strong></span> <span class='ocrx_word' id='word_1_845' title='bbox 2318 4950 2412 5004; x_wconf 88' lang='lat' dir='ltr'><strong>per</strong></span> <span class='ocrx_word' id='word_1_846' title='bbox 2453 4950 2613 5005; x_wconf 88' lang='lat' dir='ltr'><strong>quem</strong></span> <span class='ocrx_word' id='word_1_847' title='bbox 2663 4935 2796 4989; x_wconf 89' lang='lat' dir='ltr'><strong>mihi</strong></span> <span class='ocrx_word' id='word_1_848' title='bbox 2828 4935 3066 4990; x_wconf 88' lang='lat' dir='ltr'><strong>mundus</strong></span> <span class='ocrx_word' id='word_1_849' title='bbox 3091 4932 3384 5005; x_wconf 87' lang='lat' dir='ltr'><strong>cruciﬁxus</strong></span> <span class='ocrx_word' id='word_1_850' title='bbox 3416 4942 3531 4997; x_wconf 89' lang='lat' dir='ltr'><strong>est,</strong></span> <span class='ocrx_word' id='word_1_851' title='bbox 3560 4943 3617 4986; x_wconf 91' lang='lat' dir='ltr'><strong>et</strong></span> 
     </span>
    </p>
   </div>
   <div class='ocr_carea' id='block_1_87' title="bbox 363 5000 3612 5075">
    <p class='ocr_par' dir='ltr' id='par_1_87' title="bbox 363 5000 3612 5075">
     <span class='ocr_line' id='line_1_87' title="bbox 363 5000 3612 5075; baseline -0 -19"><span class='ocrx_word' id='word_1_852' title='bbox 363 5015 463 5071; x_wconf 82' lang='lat' dir='ltr'><strong>ego</strong></span> <span class='ocrx_word' id='word_1_853' title='bbox 492 5000 762 5075; x_wconf 54' lang='lat' dir='ltr'><strong>mundo.)</strong></span> <span class='ocrx_word' id='word_1_854' title='bbox 801 5000 1062 5069; x_wconf 82' lang='lat' dir='ltr'><strong>Quamvis</strong></span> <span class='ocrx_word' id='word_1_855' title='bbox 1078 5016 1219 5075; x_wconf 65' lang='lat' dir='ltr'><strong>ergo</strong></span> <span class='ocrx_word' id='word_1_856' title='bbox 1253 5002 1497 5075; x_wconf 76' lang='lat' dir='ltr'><strong>videatur</strong></span> <span class='ocrx_word' id='word_1_857' title='bbox 1526 5018 1584 5075; x_wconf 87' lang='lat' dir='ltr'><strong>se</strong></span> <span class='ocrx_word' id='word_1_858' title='bbox 1615 5004 1886 5058; x_wconf 82' lang='lat' dir='ltr'><strong>abstinere</strong></span> <span class='ocrx_word' id='word_1_859' title='bbox 1914 5005 2112 5074; x_wconf 82' lang='lat' dir='ltr'><strong>aliquis</strong></span> <span class='ocrx_word' id='word_1_860' title='bbox 2140 5019 2168 5057; x_wconf 89' lang='lat' dir='ltr'><strong>a</strong></span> <span class='ocrx_word' id='word_1_861' title='bbox 2199 5000 2442 5075; x_wconf 81' lang='lat' dir='ltr'><strong>peccato,</strong></span> <span class='ocrx_word' id='word_1_862' title='bbox 2466 5000 2520 5058; x_wconf 78' lang='lat' dir='ltr'><strong>et</strong></span> <span class='ocrx_word' id='word_1_863' title='bbox 2547 5006 2612 5059; x_wconf 92' lang='lat' dir='ltr'><strong>sit</strong></span> <span class='ocrx_word' id='word_1_864' title='bbox 2643 5015 2894 5075; x_wconf 88' lang='lat' dir='ltr'><strong>mortuus</strong></span> <span class='ocrx_word' id='word_1_865' title='bbox 2916 5013 3181 5075; x_wconf 84' lang='lat' dir='ltr'><strong>quantum</strong></span> <span class='ocrx_word' id='word_1_866' title='bbox 3217 5003 3284 5057; x_wconf 88' lang='lat' dir='ltr'><strong>ad</strong></span> <span class='ocrx_word' id='word_1_867' title='bbox 3309 5012 3612 5072; x_wconf 88' lang='lat' dir='ltr'><strong>peccatum,</strong></span> 
     </span>
    </p>
   </div>
   <div class='ocr_carea' id='block_1_88' title="bbox 365 5069 3614 5142">
    <p class='ocr_par' dir='ltr' id='par_1_88' title="bbox 365 5069 3614 5142">
     <span class='ocr_line' id='line_1_88' title="bbox 365 5069 3614 5142; baseline -0.001 -17"><span class='ocrx_word' id='word_1_868' title='bbox 365 5069 545 5129; x_wconf 77' lang='lat' dir='ltr'><strong>tamen</strong></span> <span class='ocrx_word' id='word_1_869' title='bbox 583 5069 686 5142; x_wconf 84' lang='lat' dir='ltr'><strong>nisi</strong></span> <span class='ocrx_word' id='word_1_870' title='bbox 722 5070 775 5124; x_wconf 88' lang='lat' dir='ltr'><strong>in</strong></span> <span class='ocrx_word' id='word_1_871' title='bbox 805 5085 1020 5142; x_wconf 72' lang='lat' dir='ltr'><strong>crucem</strong></span> <span class='ocrx_word' id='word_1_872' title='bbox 1068 5069 1269 5126; x_wconf 76' lang='lat' dir='ltr'><strong>Christi</strong></span> <span class='ocrx_word' id='word_1_873' title='bbox 1287 5074 1636 5142; x_wconf 77' lang='lat' dir='ltr'><strong>_crcdiderit,</strong></span> <span class='ocrx_word' id='word_1_874' title='bbox 1666 5082 1720 5126; x_wconf 90' lang='lat' dir='ltr'><strong>et</strong></span> <span class='ocrx_word' id='word_1_875' title='bbox 1744 5075 1799 5126; x_wconf 94' lang='lat' dir='ltr'><strong>in</strong></span> <span class='ocrx_word' id='word_1_876' title='bbox 1829 5075 1934 5128; x_wconf 89' lang='lat' dir='ltr'><strong>ﬁde</strong></span> <span class='ocrx_word' id='word_1_877' title='bbox 1957 5069 2078 5142; x_wconf 76' lang='lat' dir='ltr'><strong>ejus</strong></span> <span class='ocrx_word' id='word_1_878' title='bbox 2120 5069 2216 5142; x_wconf 84' lang='lat' dir='ltr'><strong>qui</strong></span> <span class='ocrx_word' id='word_1_879' title='bbox 2250 5075 2547 5129; x_wconf 89' lang='lat' dir='ltr'><strong>crucitlxus</strong></span> <span class='ocrx_word' id='word_1_880' title='bbox 2599 5083 2686 5129; x_wconf 90' lang='lat' dir='ltr'><strong>est</strong></span> <span class='ocrx_word' id='word_1_881' title='bbox 2724 5069 3051 5129; x_wconf 73' lang='lat' dir='ltr'><strong>abstinuerit</strong></span> <span class='ocrx_word' id='word_1_882' title='bbox 3080 5088 3140 5128; x_wconf 91' lang='lat' dir='ltr'><strong>se</strong></span> <span class='ocrx_word' id='word_1_883' title='bbox 3171 5088 3200 5126; x_wconf 89' lang='lat' dir='ltr'><strong>a</strong></span> <span class='ocrx_word' id='word_1_884' title='bbox 3228 5069 3473 5142; x_wconf 78' lang='lat' dir='ltr'><strong>peccato,</strong></span> <span class='ocrx_word' id='word_1_885' title='bbox 3506 5085 3614 5125; x_wconf 84' lang='lat' dir='ltr'><strong>non</strong></span> 
     </span>
    </p>
   </div>
   <div class='ocr_carea' id='block_1_89' title="bbox 363 5089 3615 5222">
    <p class='ocr_par' dir='ltr' id='par_1_89' title="bbox 363 5089 3615 5222">
     <span class='ocr_line' id='line_1_89' title="bbox 365 5089 3614 5142; baseline -0.001 -17"><span class='ocrx_word' id='word_1_886' title='bbox 365 5089 545 5129; x_wconf 86' lang='lat' dir='ltr'><strong>tamen</strong></span> <span class='ocrx_word' id='word_1_887' title='bbox 583 5089 686 5125; x_wconf 70' lang='lat' dir='ltr'><strong>ms:</strong></span> <span class='ocrx_word' id='word_1_888' title='bbox 722 5089 775 5124; x_wconf 89' lang='lat' dir='ltr'><strong>tn</strong></span> <span class='ocrx_word' id='word_1_889' title='bbox 805 5089 1020 5125; x_wconf 87' lang='lat' dir='ltr'><strong>crucent</strong></span> <span class='ocrx_word' id='word_1_890' title='bbox 1068 5089 1269 5126; x_wconf 79' lang='lat' dir='ltr'><strong>utrtsu</strong></span> <span class='ocrx_word' id='word_1_891' title='bbox 1313 5089 1636 5137; x_wconf 78' lang='lat' dir='ltr'><strong>crsutuertt,</strong></span> <span class='ocrx_word' id='word_1_892' title='bbox 1666 5089 1720 5126; x_wconf 88' lang='lat' dir='ltr'><strong>et</strong></span> <span class='ocrx_word' id='word_1_893' title='bbox 1744 5089 1799 5126; x_wconf 90' lang='lat' dir='ltr'><strong>tn</strong></span> <span class='ocrx_word' id='word_1_894' title='bbox 1829 5089 1934 5128; x_wconf 85' lang='lat' dir='ltr'><strong>ttue</strong></span> <span class='ocrx_word' id='word_1_895' title='bbox 1957 5089 2078 5142; x_wconf 63' lang='lat' dir='ltr'><strong>ejus</strong></span> <span class='ocrx_word' id='word_1_896' title='bbox 2162 5091 2213 5128; x_wconf 93' lang='lat' dir='ltr'><strong>ut</strong></span> <span class='ocrx_word' id='word_1_897' title='bbox 2250 5089 2547 5129; x_wconf 89' lang='lat' dir='ltr'><strong>cructnxus</strong></span> <span class='ocrx_word' id='word_1_898' title='bbox 2599 5089 2686 5129; x_wconf 83' lang='lat' dir='ltr'><strong>eSt</strong></span> <span class='ocrx_word' id='word_1_899' title='bbox 2724 5089 3051 5129; x_wconf 81' lang='lat' dir='ltr'><strong>ansunuertt</strong></span> <span class='ocrx_word' id='word_1_900' title='bbox 3080 5089 3140 5128; x_wconf 90' lang='lat' dir='ltr'><strong>se</strong></span> <span class='ocrx_word' id='word_1_901' title='bbox 3171 5089 3200 5126; x_wconf 88' lang='lat' dir='ltr'><strong>a</strong></span> <span class='ocrx_word' id='word_1_902' title='bbox 3228 5089 3473 5142; x_wconf 86' lang='lat' dir='ltr'><strong>peccato,</strong></span> <span class='ocrx_word' id='word_1_903' title='bbox 3506 5089 3614 5125; x_wconf 84' lang='lat' dir='ltr'><strong>non</strong></span> 
     </span>
     <span class='ocr_line' id='line_1_90' title="bbox 363 5089 3615 5222; baseline -0.001 -27"><span class='ocrx_word' id='word_1_904' title='bbox 363 5149 538 5222; x_wconf 77' lang='lat' dir='ltr'><strong>potest</strong></span> <span class='ocrx_word' id='word_1_905' title='bbox 585 5140 770 5222; x_wconf 73' lang='lat' dir='ltr'><strong>dicere</strong></span> <span class='ocrx_word' id='word_1_906' title='bbox 772 5157 826 5222; x_wconf 79' lang='lat'><strong>__:</strong></span> <span class='ocrx_word' id='word_1_907' title='bbox 866 5157 884 5190; x_wconf 81' lang='grc' dir='ltr'><strong>ι</strong></span> <span class='ocrx_word' id='word_1_908' title='bbox 912 5138 1036 5222; x_wconf 30' lang='lat' dir='ltr'><strong>‘Ego</strong></span> <span class='ocrx_word' id='word_1_909' title='bbox 1065 5140 1497 5222; x_wconf 81' lang='lat' dir='ltr'><strong>autetn_Christo</strong></span> <span class='ocrx_word' id='word_1_910' title='bbox 1542 5142 1836 5222; x_wconf 71' lang='lat' dir='ltr'><strong>cruciﬁxus</strong></span> <span class='ocrx_word' id='word_1_911' title='bbox 1886 5158 2030 5198; x_wconf 89' lang='lat' dir='ltr'><strong>sum.</strong></span> <span class='ocrx_word' id='word_1_912' title='bbox 2073 5162 2091 5194; x_wconf 77' lang='grc' dir='ltr'><strong>ι</strong></span> <span class='ocrx_word' id='word_1_913' title='bbox 2120 5089 2381 5197; x_wconf 54' lang='grc' dir='ltr'>ἲόιυείιιιιι</span> <span class='ocrx_word' id='word_1_914' title='bbox 2410 5153 2611 5222; x_wconf 84' lang='lat' dir='ltr'><strong>_au_tetn</strong></span> <span class='ocrx_word' id='word_1_915' title='bbox 2655 5152 2712 5197; x_wconf 89' lang='lat' dir='ltr'><strong>et</strong></span> <span class='ocrx_word' id='word_1_916' title='bbox 2736 5144 3117 5222; x_wconf 77' lang='lat' dir='ltr'><strong>unusquisque</strong></span> <span class='ocrx_word' id='word_1_917' title='bbox 3140 5156 3333 5222; x_wconf 79' lang='lat' dir='ltr'><strong>eorum</strong></span> <span class='ocrx_word' id='word_1_918' title='bbox 3365 5142 3461 5222; x_wconf 69' lang='lat' dir='ltr'><strong>qui</strong></span> <span class='ocrx_word' id='word_1_919' title='bbox 3489 5153 3615 5195; x_wconf 86' lang='lat' dir='ltr'><strong>cum</strong></span> 
     </span>
    </p>
   </div>
   <div class='ocr_carea' id='block_1_90' title="bbox 361 5206 3608 5286">
    <p class='ocr_par' dir='ltr' id='par_1_90' title="bbox 361 5206 3608 5286">
     <span class='ocr_line' id='line_1_91' title="bbox 361 5206 3608 5286; baseline -0.002 -21"><span class='ocrx_word' id='word_1_920' title='bbox 361 5206 582 5286; x_wconf 70' lang='lat' dir='ltr'><strong>Christo</strong></span> <span class='ocrx_word' id='word_1_921' title='bbox 603 5206 1031 5286; x_wconf 42' lang='lat' dir='ltr'><strong>crucitﬁuutur,</strong></span> <span class='ocrx_word' id='word_1_922' title='bbox 1062 5230 1108 5286; x_wconf 78' lang='lat' dir='ltr'><strong>_t</strong></span> <span class='ocrx_word' id='word_1_923' title='bbox 1144 5211 1295 5286; x_wconf 84' lang='lat' dir='ltr'><strong>exuit</strong></span> <span class='ocrx_word' id='word_1_924' title='bbox 1321 5225 1379 5266; x_wconf 85' lang='lat' dir='ltr'><strong>se</strong></span> <span class='ocrx_word' id='word_1_925' title='bbox 1407 5212 1744 5286; x_wconf 81' lang='lat' dir='ltr'><strong>principatus</strong></span> <span class='ocrx_word' id='word_1_926' title='bbox 1773 5222 1827 5267; x_wconf 91' lang='lat' dir='ltr'><strong>et</strong></span> <span class='ocrx_word' id='word_1_927' title='bbox 1852 5222 2182 5286; x_wconf 79' lang='lat' dir='ltr'><strong>potestates,</strong></span> <span class='ocrx_word' id='word_1_928' title='bbox 2223 5222 2278 5267; x_wconf 89' lang='lat' dir='ltr'><strong>et</strong></span> <span class='ocrx_word' id='word_1_929' title='bbox 2307 5214 2541 5285; x_wconf 72' lang='lat' dir='ltr'><strong>traducit</strong></span> <span class='ocrx_word' id='word_1_930' title='bbox 2574 5227 2699 5280; x_wconf 88' lang='lat' dir='ltr'><strong>eas,</strong></span> <span class='ocrx_word' id='word_1_931' title='bbox 2730 5223 2784 5268; x_wconf 91' lang='lat' dir='ltr'><strong>et</strong></span> <span class='ocrx_word' id='word_1_932' title='bbox 2824 5206 3123 5282; x_wconf 78' lang='lat' dir='ltr'><strong>triumphat</strong></span> <span class='ocrx_word' id='word_1_933' title='bbox 3154 5226 3251 5267; x_wconf 88' lang='lat' dir='ltr'><strong>eas</strong></span> <span class='ocrx_word' id='word_1_934' title='bbox 3284 5211 3338 5266; x_wconf 90' lang='lat' dir='ltr'><strong>in</strong></span> <span class='ocrx_word' id='word_1_935' title='bbox 3365 5206 3550 5282; x_wconf 79' lang='lat' dir='ltr'><strong>ligno;</strong></span> <span class='ocrx_word' id='word_1_936' title='bbox 3587 5226 3608 5260; x_wconf 73' lang='grc' dir='ltr'><strong>ι</strong></span> 
     </span>
    </p>
   </div>
   <div class='ocr_carea' id='block_1_91' title="bbox 362 5279 1742 5352">
    <p class='ocr_par' dir='ltr' id='par_1_91' title="bbox 362 5279 1742 5352">
     <span class='ocr_line' id='line_1_92' title="bbox 362 5279 1742 5352; baseline 0.001 -18"><span class='ocrx_word' id='word_1_937' title='bbox 362 5282 535 5352; x_wconf 85' lang='lat' dir='ltr'><strong>magis</strong></span> <span class='ocrx_word' id='word_1_938' title='bbox 568 5289 749 5337; x_wconf 87' lang='lat' dir='ltr'><strong>autetn</strong></span> <span class='ocrx_word' id='word_1_939' title='bbox 782 5279 1035 5335; x_wconf 86' lang='lat' dir='ltr'><strong>Christus</strong></span> <span class='ocrx_word' id='word_1_940' title='bbox 1062 5280 1115 5334; x_wconf 92' lang='lat' dir='ltr'><strong>in</strong></span> <span class='ocrx_word' id='word_1_941' title='bbox 1143 5295 1208 5335; x_wconf 94' lang='lat' dir='ltr'><strong>eo</strong></span> <span class='ocrx_word' id='word_1_942' title='bbox 1235 5281 1349 5335; x_wconf 80' lang='lat' dir='ltr'><strong>haec</strong></span> <span class='ocrx_word' id='word_1_943' title='bbox 1378 5279 1561 5336; x_wconf 76' lang='lat' dir='ltr'><strong>omnia</strong></span> <span class='ocrx_word' id='word_1_944' title='bbox 1587 5279 1742 5336; x_wconf 82' lang='lat' dir='ltr'><strong>l&#39;acit.</strong></span> 
     </span>
    </p>
   </div>
   <div class='ocr_carea' id='block_1_92' title="bbox 391 5453 1931 5586">
    <p class='ocr_par' dir='ltr' id='par_1_92' title="bbox 391 5456 1915 5586">
     <span class='ocr_line' id='line_1_93' title="bbox 391 5456 1915 5525; baseline 0 -11"><span class='ocrx_word' id='word_1_945' title='bbox 391 5462 437 5493; x_wconf 73' lang='grc' dir='ltr'>’θ</span> <span class='ocrx_word' id='word_1_946' title='bbox 456 5460 647 5516; x_wconf 83' lang='lat' dir='ltr'><strong>Matth.</strong></span> <span class='ocrx_word' id='word_1_947' title='bbox 685 5474 853 5522; x_wconf 79' lang='lat' dir='ltr'><strong>xxvn,</strong></span> <span class='ocrx_word' id='word_1_948' title='bbox 879 5456 983 5522; x_wconf 72' lang='lat'><strong>&#39;52;</strong></span> <span class='ocrx_word' id='word_1_949' title='bbox 1025 5456 1190 5512; x_wconf 82' lang='lat' dir='ltr'><strong>Marc.</strong></span> <span class='ocrx_word' id='word_1_950' title='bbox 1221 5472 1309 5523; x_wconf 80' lang='lat' dir='ltr'><strong>xv,</strong></span> <span class='ocrx_word' id='word_1_951' title='bbox 1349 5457 1438 5525; x_wconf 71' lang='lat'><strong>2|;</strong></span> <span class='ocrx_word' id='word_1_952' title='bbox 1480 5457 1611 5514; x_wconf 88' lang='lat' dir='ltr'><strong>Luc.</strong></span> <span class='ocrx_word' id='word_1_953' title='bbox 1645 5473 1799 5524; x_wconf 68' lang='grc' dir='ltr'>χχιιι,</span> <span class='ocrx_word' id='word_1_954' title='bbox 1823 5456 1915 5515; x_wconf 71' lang='lat'><strong>26.</strong></span> 
     </span>
     <span class='ocr_line' id='line_1_94' title="bbox 393 5529 1014 5586; baseline -0.002 -2"><span class='ocrx_word' id='word_1_955' title='bbox 393 5547 433 5586; x_wconf 91' lang='grc' dir='ltr'><strong>ι.</strong></span> <span class='ocrx_word' id='word_1_956' title='bbox 460 5532 549 5586; x_wconf 72' lang='lat' dir='ltr'><strong>ﬂ.</strong></span> <span class='ocrx_word' id='word_1_957' title='bbox 627 5530 672 5563; x_wconf 69' lang='grc'><strong>³⁸</strong></span> <span class='ocrx_word' id='word_1_958' title='bbox 691 5530 807 5584; x_wconf 92' lang='lat' dir='ltr'><strong>Col.</strong></span> <span class='ocrx_word' id='word_1_959' title='bbox 841 5544 901 5586; x_wconf 89' lang='lat' dir='ltr'><strong>tt.</strong></span> <span class='ocrx_word' id='word_1_960' title='bbox 928 5529 1014 5583; x_wconf 74' lang='grc'><strong>15.</strong></span> 
     </span>
    </p>
   </div>
   <div class='ocr_carea' id='block_1_93' title="bbox 2038 5453 3619 5586">
    <p class='ocr_par' dir='ltr' id='par_1_93' title="bbox 2057 5453 3619 5523">
     <span class='ocr_line' id='line_1_95' title="bbox 2057 5453 3619 5523; baseline 0.001 -14"><span class='ocrx_word' id='word_1_961' title='bbox 2057 5457 2248 5512; x_wconf 86' lang='lat' dir='ltr'><strong>Matth.</strong></span> <span class='ocrx_word' id='word_1_962' title='bbox 2281 5473 2393 5522; x_wconf 77' lang='lat' dir='ltr'><strong>xw,</strong></span> <span class='ocrx_word' id='word_1_963' title='bbox 2416 5457 2507 5512; x_wconf 65' lang='lat'><strong>24.</strong></span> <span class='ocrx_word' id='word_1_964' title='bbox 2550 5460 2595 5490; x_wconf 68' lang='grc' dir='ltr'>θ’</span> <span class='ocrx_word' id='word_1_965' title='bbox 2618 5456 2736 5512; x_wconf 87' lang='lat' dir='ltr'><strong>Gal.</strong></span> <span class='ocrx_word' id='word_1_966' title='bbox 2775 5473 2836 5523; x_wconf 86' lang='lat' dir='ltr'><strong>tt,</strong></span> <span class='ocrx_word' id='word_1_967' title='bbox 2871 5456 2961 5511; x_wconf 75' lang='lat'><strong>20.</strong></span> <span class='ocrx_word' id='word_1_968' title='bbox 3038 5456 3085 5489; x_wconf 81' lang='lat'>”</span> <span class='ocrx_word' id='word_1_969' title='bbox 3109 5456 3246 5512; x_wconf 85' lang='lat' dir='ltr'><strong>ibid.</strong></span> <span class='ocrx_word' id='word_1_970' title='bbox 3274 5455 3361 5512; x_wconf 77' lang='lat' dir='ltr'><strong>i9.</strong></span> <span class='ocrx_word' id='word_1_971' title='bbox 3435 5453 3619 5513; x_wconf 73' lang='lat' dir='ltr'><strong>“Cal.</strong></span> 
     </span>
    </p>
   </div>
   <div class='ocr_carea' id='block_1_94' title="bbox 360 5544 1014 5598">
    <p class='ocr_par' dir='ltr' id='par_1_94' title="bbox 360 5544 1014 5598">
     <span class='ocr_line' id='line_1_96' title="bbox 360 5544 1014 5598; baseline 0 -15"><span class='ocrx_word' id='word_1_972' title='bbox 360 5546 433 5598; x_wconf 75' lang='lat' dir='ltr'><strong>v1,</strong></span> <span class='ocrx_word' id='word_1_973' title='bbox 460 5544 549 5586; x_wconf 75' lang='lat' dir='ltr'><strong>M.</strong></span> <span class='ocrx_word' id='word_1_974' title='bbox 627 5544 672 5563; x_wconf 84' lang='lat'><strong>&quot;</strong></span> <span class='ocrx_word' id='word_1_975' title='bbox 691 5544 807 5584; x_wconf 61' lang='grc' dir='ltr'>μοι.</span> <span class='ocrx_word' id='word_1_976' title='bbox 841 5544 901 5592; x_wconf 88' lang='grc' dir='ltr'><strong>ιι,</strong></span> <span class='ocrx_word' id='word_1_977' title='bbox 928 5544 1014 5583; x_wconf 79' lang='lat' dir='ltr'><strong>to.</strong></span> 
     </span>
    </p>
   </div>
   <div class='ocr_carea' id='block_1_95' title="bbox 2098 5704 3620 5776">
    <p class='ocr_par' dir='ltr' id='par_1_95' title="bbox 2098 5704 3620 5776">
     <span class='ocr_line' id='line_1_97' title="bbox 2098 5704 3620 5776; baseline -0.001 -17"><span class='ocrx_word' id='word_1_978' title='bbox 2098 5706 2214 5776; x_wconf 84' lang='lat'><strong>(69)</strong></span> <span class='ocrx_word' id='word_1_979' title='bbox 2246 5707 2429 5761; x_wconf 80' lang='lat' dir='ltr'><strong>Codex</strong></span> <span class='ocrx_word' id='word_1_980' title='bbox 2456 5704 2810 5775; x_wconf 66' lang='lat' dir='ltr'><strong>Vatic.,ra&#39;txa</strong></span> <span class='ocrx_word' id='word_1_981' title='bbox 2840 5704 2896 5761; x_wconf 73' lang='grc' dir='ltr'><strong>δὲ</strong></span> <span class='ocrx_word' id='word_1_982' title='bbox 2927 5707 3023 5761; x_wconf 74' lang='grc' dir='ltr'><strong>καὶ</strong></span> <span class='ocrx_word' id='word_1_983' title='bbox 3057 5704 3290 5770; x_wconf 77' lang='grc' dir='ltr'>ἕκαστος</span> <span class='ocrx_word' id='word_1_984' title='bbox 3325 5705 3433 5759; x_wconf 86' lang='grc' dir='ltr'><strong>τῶν</strong></span> <span class='ocrx_word' id='word_1_985' title='bbox 3465 5720 3620 5759; x_wconf 83' lang='grc' dir='ltr'>σταυ·</span> 
     </span>
    </p>
   </div>
   <div class='ocr_carea' id='block_1_96' title="bbox 2037 5776 2692 5852">
    <p class='ocr_par' dir='ltr' id='par_1_96' title="bbox 2037 5776 2692 5852">
     <span class='ocr_line' id='line_1_98' title="bbox 2037 5776 2692 5852; baseline 0.002 -24"><span class='ocrx_word' id='word_1_986' title='bbox 2037 5793 2132 5848; x_wconf 85' lang='grc' dir='ltr'><strong>ρου</strong></span> <span class='ocrx_word' id='word_1_987' title='bbox 2140 5777 2314 5846; x_wconf 75' lang='grc' dir='ltr'>μένων</span> <span class='ocrx_word' id='word_1_988' title='bbox 2345 5776 2423 5852; x_wconf 81' lang='grc' dir='ltr'>τῷ</span> <span class='ocrx_word' id='word_1_989' title='bbox 2451 5777 2692 5848; x_wconf 74' lang='grc' dir='ltr'>Χριστῷ.</span> 
     </span>
    </p>
   </div>
   <div class='ocr_carea' id='block_1_97' title="bbox 431 5706 1919 5775">
    <p class='ocr_par' dir='ltr' id='par_1_97' title="bbox 431 5706 1919 5775">
     <span class='ocr_line' id='line_1_99' title="bbox 431 5706 1919 5775; baseline -0.003 -14"><span class='ocrx_word' id='word_1_990' title='bbox 431 5707 545 5773; x_wconf 79' lang='lat'><strong>(68‘,</strong></span> <span class='ocrx_word' id='word_1_991' title='bbox 594 5706 691 5760; x_wconf 88' lang='grc' dir='ltr'><strong>Διύ</strong></span> <span class='ocrx_word' id='word_1_992' title='bbox 734 5707 936 5774; x_wconf 77' lang='grc' dir='ltr'>ἐροῦσι</span> <span class='ocrx_word' id='word_1_993' title='bbox 983 5708 1070 5771; x_wconf 82' lang='grc' dir='ltr'>τό,</span> <span class='ocrx_word' id='word_1_994' title='bbox 1106 5720 1210 5762; x_wconf 89' lang='lat' dir='ltr'><strong>etc.</strong></span> <span class='ocrx_word' id='word_1_995' title='bbox 1275 5706 1407 5761; x_wconf 85' lang='lat' dir='ltr'><strong>Vide</strong></span> <span class='ocrx_word' id='word_1_996' title='bbox 1430 5724 1595 5775; x_wconf 85' lang='lat' dir='ltr'><strong>supra</strong></span> <span class='ocrx_word' id='word_1_997' title='bbox 1645 5707 1919 5762; x_wconf 83' lang='lat' dir='ltr'><strong>laudatum</strong></span> 
     </span>
    </p>
   </div>
   <div class='ocr_carea' id='block_1_98' title="bbox 360 5776 1590 5841">
    <p class='ocr_par' dir='ltr' id='par_1_98' title="bbox 360 5776 1590 5841">
     <span class='ocr_line' id='line_1_100' title="bbox 360 5776 1590 5841; baseline -0.005 -7"><span class='ocrx_word' id='word_1_998' title='bbox 360 5777 573 5834; x_wconf 73' lang='lat' dir='ltr'><strong>anubis</strong></span> <span class='ocrx_word' id='word_1_999' title='bbox 603 5776 1035 5829; x_wconf 78' lang='lat' dir='ltr'><strong>commentarium</strong></span> <span class='ocrx_word' id='word_1_1000' title='bbox 1065 5777 1120 5827; x_wconf 79' lang='lat' dir='ltr'><strong>in</strong></span> <span class='ocrx_word' id='word_1_1001' title='bbox 1152 5776 1321 5829; x_wconf 77' lang='lat' dir='ltr'><strong>Marc.</strong></span> <span class='ocrx_word' id='word_1_1002' title='bbox 1355 5793 1469 5841; x_wconf 81' lang='lat' dir='ltr'><strong>VIII,</strong></span> <span class='ocrx_word' id='word_1_1003' title='bbox 1502 5778 1590 5829; x_wconf 68' lang='grc'>54.</span> 
     </span>
    </p>
   </div>
  </div>
