4028 6296
376 326 516 389 1043

1835 324 1992 382 01116
2001 324 2155 382 ENIS

3475 325 3611 383 10H

370 459 682 504 nostrarum
717 448 932 504 tandem
961 458 1391 515 consequamur.
1426 460 1546 515 qua:
1576 446 1787 501 inillutn
1816 447 1931 503 inde

2039 447 2229 518 τηρίαν
2255 446 2362 501 τῶν
2383 445 2570 516 ψυχῶν
2597 443 2774 516 ἡμῶν,
2799 441 3106 515 ἀρχομένην
3129 441 3238 496 ἀπὸ
3273 441 3355 496 ,οῦ
3383 443 3589 497 ἀπολλύ
3607 475 3619 484 -

369 537 621 605 duxerit,
674 553 798 593 cum
850 552 942 591 eas
993 545 1210 605 propter
1266 550 1569 590 sermonem
1629 537 1934 593 amisimus.

368 624 528 694 Quod
556 629 603 683 sl
631 628 832 682 salvam
856 624 1051 688 facere,
1083 640 1196 678 rem
1222 639 1343 680 esse
1369 625 1578 680 beatam
1607 642 1728 696 quae
1756 627 1822 681 ad
1845 642 1936 683 sa.

370 717 538 772 lutem
561 757 577 783 ,
611 726 664 772 et
691 715 975 771 felicitates
1007 730 1127 786 qua:
1155 717 1298 786 apud
1326 717 1495 772 Deum
1533 730 1691 786 sunt,
1737 720 1938 777 refcra-

369 817 478 872 tur,
519 819 842 877 persuasum
873 808 1156 875 habemus,
1189 809 1384 878 aliquis
1413 821 1632 881 propter
1655 813 1936 868 Christum

367 899 525 953 debet
569 912 690 954 esse
735 901 930 955 anima:
979 901 1264 968 interitus,
1312 904 1526 959 initium
1556 906 1724 962 beata:
1749 909 1938 963 salutis

367 985 603 1044 intuma.
653 984 954 1059 Unicuique
983 990 1146 1061 igitur
1175 993 1355 1048 anima
1386 1009 1481 1050 sua
1506 996 1635 1049 mihi
1664 999 1934 1065 perdenda

370 1079 599 1144 videtur,
634 1081 1093 1151 quemadmodum
1122 1095 1175 1138 ct
1203 1085 1268 1138 de
1295 1086 1380 1140 sui
1408 1087 1802 1143 renuntiatione
1827 1100 1935 1144 Ira--

368 1169 539 1226 ditum
573 1180 675 1226 est.
715 1169 911 1227 Perdat
947 1173 1110 1242 igitur
1142 1177 1320 1244 quivis
1351 1178 1586 1232 animam
1619 1195 1774 1233 suam
1806 1196 1930 1249 pec-

368 1271 578 1320 cantem
601 1303 615 1327 ,
646 1272 704 1319 ut
732 1275 1020 1335 postquam
1051 1277 1364 1335 peccantem
1400 1270 1695 1338 perdiderit
1721 1313 1736 1337 ,
1771 1272 1931 1328 aliam

367 1353 618 1423 recipiat,
667 1369 788 1422 qua:
817 1364 960 1408 recte
1007 1357 1214 1426 agendo
1259 1367 1523 1412 servetur.
1581 1357 1723 1414 Nihil
1753 1369 1932 1417 autem

363 1443 602 1513 proderit
646 1444 886 1510 homini,
937 1447 980 1501 si
1018 1456 1190 1501 totum
1239 1449 1499 1504 mundum
1547 1449 1707 1506 fuerit
1755 1454 1934 1509 lucra-

366 1543 451 1588 tus
481 1535 563 1601 ὀς
618 1535 666 1590 is
710 1543 889 1592 autem
933 1553 1050 1592 mea
1080 1542 1344 1594 sententia
1379 1542 1641 1596 mundum
1669 1543 1933 1611 lucratur,

365 1619 526 1696 εδδ
542 1626 627 1680 cui
649 1627 885 1682 mundus
906 1629 1202 1685 cruciﬁxus
1233 1646 1339 1684 non
1361 1641 1471 1697 est;
1506 1634 1595 1688 cui
1617 1649 1744 1689 vero
1776 1653 1934 1691 mun-

364 1715 467 1769 dus
498 1715 794 1770 cruciﬁxus
828 1733 934 1771 non
970 1727 1054 1772 est
1076 1761 1090 1782 ,
1121 1719 1166 1772 is
1195 1724 1391 1774 animae
1418 1737 1530 1776 suae
1551 1723 1819 1793 jacturam
1848 1725 1932 1781 fa-

2039 556 2126 592 ναι
2157 540 2302 608 ἡμᾶς
2336 537 2505 608 αὐτὴν
2547 536 2711 590 ἕνεκα
2741 535 2835 588 τοῦ
2887 535 3063 603 λόγου.
3107 533 3243 586 Ἀλλ’
3274 535 3432 605 εἴπερ
3465 535 3616 590 νοοῦ-

2041 647 2139 700 μεν
2167 629 2228 681 τὸ
2257 628 2519 693 σώζεσθαι
2546 627 2642 698 τὴν
2662 625 2837 698 ψυχὴν
2865 625 3128 696 μακάριον
3159 620 3319 689 εἶναι,
3352 622 3624 698 ἀναφερόο

2041 736 2199 790 μενον
2227 718 2319 772 ἐπὶ
2343 717 2442 789 τὴν
2478 719 2536 771 ὲν
2569 717 2688 787 Θεῷ
2713 717 3003 789 σωτηρίαν,
3029 717 3124 770 καὶ
3149 718 3276 779 τοὺς
3305 717 3437 787 παρ’
3467 715 3620 788 αὑτῷ

2041 812 2442 883 μακαρισμοὺς,
2474 811 2678 881 ὀφείλει
2709 826 2793 874 τις
2837 805 2980 864 εἶναι
3021 810 3116 863 καὶ
3155 808 3397 864 ἀπώλεια
3440 809 3618 882 ψυχῆς

2037 904 2234 974 ἀγαθὴ,
2275 903 2367 956 καὶ
2403 903 2589 956 ἓνεκεν
2621 900 2880 973 Χριστοῦ,
2926 901 3209 972 προοίμιον
3255 900 3490 974 ἐσομένη
3519 902 3620 974 τῆς

2041 995 2314 1068 μακαρίας
2345 993 2640 1065 σωτηρίας.
2677 994 2836 1048 Δοκεῖ
2863 1011 2952 1062 μοι
2985 989 3098 1058 οὖν,
3133 992 3394 1062 ἀνάλογον
3417 991 3495 1062 τῷ
3515 992 3614 1060 ἀρ-

2038 1086 2244 1141 νεῖσθαι
2265 1087 2477 1152 ὲαυτὸν,
2508 1084 2649 1140 κατά
2676 1084 2746 1138 τὰ
2772 1083 3158 1152 ἀποδεδομένα,
3189 1083 3478 1137 ἀπολλύναι
3505 1084 3614 1136 δεῖν

2036 1181 2265 1234 ἕκαστον
2296 1181 2395 1250 τὴν
2428 1176 2621 1233 ἑαυτοῦ
2653 1175 2849 1246 ψυχήν.
2895 1173 3203 1228 Ἀπολλύτω
3249 1170 3342 1228 οὖν
3388 1173 3612 1238 ἕκαστος

2034 1268 2133 1340 τὴν
2173 1267 2366 1321 ἑαυτοῦ
2395 1266 2815 1339 ἁμαρτάνουσαν
2841 1262 3039 1335 ψυχὴν,
3073 1263 3181 1328 ἴνα,
3213 1263 3483 1328 ἀπολέσας
3516 1263 3613 1334 τὴν

2034 1358 2472 1429 ἁμαρτάνουσαν,
2504 1353 2752 1425 ἀναλάϐῃ
2779 1353 2878 1424 τὴν
2911 1354 2970 1405 ὲν
2996 1352 3074 1423 τῷ
3106 1354 3402 1426 κατορθοῦν
3445 1351 3615 1417 σωζο-

2038 1451 2226 1522 μένην.
2273 1449 2440 1504 Οὐδὲν
2482 1447 2539 1501 δὲ
2582 1445 2994 1517 ὠφεληθήσεται
3033 1444 3348 1517 ἄνθρωπος,
3393 1445 3487 1498 ἐὰν
3529 1445 3620 1500 τὸν

2035 1543 2236 1612 κόσμον
2275 1542 2394 1594 ὅλον
2445 1539 2678 1612 κερδάνῃ
2705 1553 2719 1569 ο
2760 1536 3031 1607 κερδαίνει
3076 1537 3142 1601 δ’,
3171 1532 3348 1606 οἶμαι,
3386 1536 3478 1589 τὸν
3524 1536 3620 1590 κό-

2035 1649 2190 1704 σμον,
2237 1626 2281 1700 ᾧ
2309 1634 2338 1684 ὁ
2381 1631 2584 1702 κόσμος
2628 1629 2690 1684 οὐ
2734 1626 3091 1698 σταυροῦταν
3121 1620 3167 1695 ᾧ
3200 1627 3256 1680 δὲ
3303 1628 3508 1698 κόσμος
3554 1628 3617 1681 οὐ

2039 1725 2385 1796 σταυροῦται,
2425 1723 2616 1792 ἐκείνῳ
2649 1720 2801 1775 ἔσται
2830 1718 3005 1790 ζημία
3047 1719 3147 1789 τῆς
3189 1718 3370 1790 ψυχῆς
3398 1717 3620 1774 ἑαυτοῦ.

363 1807 487 1863 ciet.
525 1807 660 1863 Cum
691 1818 870 1864 autem
899 1811 1006 1866 duo
1032 1814 1308 1882 proposita
1337 1815 1465 1878 sint,
1505 1818 1584 1870 vel
1618 1817 1683 1871 ad
1718 1819 1931 1874 lucran-

2039 1812 2142 1866 Δύο
2162 1793 2217 1866 δὲ
2241 1813 2638 1884 προκειμένων,
2654 1811 2770 1882 ἦτοι
2798 1810 2886 1864 διὰ
2910 1809 2972 1862 τὸ
2994 1808 3295 1882 κερδαίνειν
3315 1810 3416 1880 τῆν
3439 1809 3618 1880 ψυχὴν

363 1898 486 1954 dam
533 1900 770 1954 animam
827 1902 1014 1956 mundi
1061 1903 1333 1972 jac3uram
1387 1905 1582 1971 facere,
1639 1909 1717 1962 vel
1753 1911 1818 1965 ad
1850 1912 1933 1965 lu-

364 1993 621 2046 erandum
653 1993 915 2048 mundum
965 1995 1160 2049 animae
1190 1999 1460 2063 iacturam
1510 1999 1720 2066 facere;
1776 2003 1933 2074 longe

363 2084 653 2154 optabilius
684 2093 769 2140 est
796 2087 980 2141 mundi
1013 2088 1280 2156 jacturam
1313 2105 1409 2143 nos
1436 2089 1612 2145 facere
1633 2133 1647 2156 ,
1692 2093 1930 2149 animam

362 2187 486 2228 vero
520 2183 800 2245 propterea
829 2176 1053 2242 lucrari,
1085 2179 1228 2248 quod
1261 2196 1380 2232 eam
1415 2191 1632 2252 propter
1655 2185 1930 2240 Christum

363 2264 780 2336 perdiderimus.

423 2357 518 2413 28.
562 2356 695 2414 Illud
729 2360 948 2415 autem‘
981 2379 994 2414 :
1029 2381 1046 2413 ι
1082 2362 1187 2416 Aul
1210 2380 1373 2432 quam
1405 2365 1553 2420 dabit
1585 2365 1747 2420 homo
1775 2383 1928 2423 com-

360 2451 711 2506 mutationem
740 2467 838 2522 pro
867 2454 1049 2508 anima
1077 2456 1210 2510 sua?
1251 2476 1267 2504 ι
1308 2457 1350 2509 si
1383 2457 1696 2512 dubitanter
1721 2458 1926 2514 dictum

360 2543 464 2604 sit.
499 2545 784 2600 ostendere
814 2561 973 2614 posse
1000 2547 1301 2612 videbitur,
1328 2563 1450 2602 eum
1492 2569 1509 2601 (
1545 2555 1927 2608 commutatio—

355 2645 479 2688 nem
523 2633 655 2690 dare
700 2651 798 2705 pro
821 2639 1001 2691 anima
1035 2655 1155 2707 sua,
1191 2659 1209 2692 ι
1258 2642 1349 2711 qui
1385 2651 1507 2711 post
1532 2642 1770 2699 admissa
1799 2661 1926 2715 pec-

356 2731 475 2780 cata
525 2726 811 2786 facultates
871 2747 1064 2788 omnes
1109 2733 1394 2788 tradiderit
1442 2751 1553 2805 quo
1604 2737 1761 2793 bonis
1809 2740 1929 2809 ejus

357 2835 621 2891 pauperes
669 2835 984 2894 pascantur,
1036 2827 1193 2896 quasi
1219 2842 1315 2896 per
1349 2828 1398 2882 id
1428 2829 1658 2884 salutem
1703 2831 1927 2902 adeptu-

356 2927 483 2977 rus;
540 2914 624 2968 sin
674 2923 1053 2970 asseveranter
1074 2955 1089 2980 ,
1120 2917 1172 2971 id
1208 2919 1494 2973 ostendere
1524 2921 1758 2976 arbitror
1789 2923 1928 2977 nihil

356 3004 556 3061 habere
580 3005 878 3074 hominem,
900 3007 1045 3076 quod
1075 3023 1198 3062 cum
1223 3009 1428 3063 dederit
1451 3019 1706 3080 tanquam
1738 3032 1755 3064 ι
1782 3029 1930 3069 com-

357 3096 708 3152 mutationem
757 3113 856 3168 pro
907 3099 1089 3154 anima
1137 3116 1236 3154 sua
1269 3120 1288 3152 ›
1337 3101 1440 3156 sub
1481 3102 1687 3159 ditione
1735 3106 1928 3163 mortis

275 3236 280 3239 .
356 3189 672 3256 constituta,
704 3205 822 3244 eam
851 3200 1118 3260 potestate
1142 3193 1288 3247 illius
1313 3193 1521 3248 liberet.
1564 3193 1929 3253 Nihilominus

2037 1903 2365 1975 ζημιοῦσθαι
2410 1902 2499 1956 τὸν
2543 1901 2766 1972 κόσμον,
2797 1901 2831 1971 ἢ
2863 1900 2952 1954 διὰ
2986 1898 3048 1952 τὸ
3074 1899 3373 1971 κερδαίνειν
3401 1899 3491 1954 τὸν
3525 1900 3615 1953 κόο

2040 2011 2172 2064 σμον
2224 1993 2548 2064 ζημιοῦσθαι
2591 1993 2688 2062 τὴν
2735 1989 2933 2061 ψυχὴν,
2985 1990 3167 2060 πολλῷ
3219 1988 3418 2060 μᾶλλόν
3467 1993 3614 2043 ἐστιν

2037 2085 2394 2157 αἱρετώτερον
2435 2083 2774 2154 ζημιωθῆναι
2811 2083 2910 2153 μὲν
2941 2083 3090 2152 ἡμᾶς
3115 2082 3206 2134 τὸν
3234 2081 3456 2153 κόσμον,
3482 2099 3609 2154 κερ-

2036 2178 2194 2248 δῆσαι
2219 2177 2275 2230 δὲ
2304 2178 2402 2240 τὴν
2427 2177 2602 2247 ψυχὴν
2637 2177 2701 2227 ὲκ
2723 2173 2816 2227 τοῦ
2847 2173 2936 2226 διὰ
2958 2173 3190 2244 Χριστὸν
3219 2175 3386 2246 αὐτὴν
3413 2174 3606 2228 ἀπολέ-

2040 2281 2150 2320 σαι.

2105 2375 2180 2428 Τὸ
2206 2373 2291 2427 δέ·
2328 2394 2345 2425 ι
2387 2372 2456 2427 Ἢ
2498 2371 2550 2425 τί
2593 2369 2752 2424 δώσει
2785 2369 2896 2440 (75)
2934 2368 3214 2442 ἄνθρωπος
3257 2369 3607 2440 ἀντάλλαγμα

2035 2467 2134 2536 τῆς
2161 2467 2336 2537 ψυχῆς
2367 2463 2561 2527 αὐτοῦς
2602 2483 2619 2514 ι
2649 2462 2789 2528 δόξει
2815 2463 2911 2532 μὲν
2937 2461 3356 2537 ἐπαπορητικῶς
3384 2463 3608 2532 εἰρημέ-

2041 2535 2124 2610 νον
2152 2535 2408 2608 δύνασθαι
2435 2551 2627 2623 δηλοῦν
2654 2552 2746 2605 και
2768 2551 2830 2604 τδ
2853 2552 2962 2621 (74)
2985 2535 3190 2605 δοῦναι³
3206 2572 3224 2603 ι
3254 2551 3603 2618 ἀντάλλαγμα

2035 2648 2132 2716 τῆς
2159 2644 2335 2717 ψυχῆς
2359 2643 2544 2706 αὐτοῦ,
2580 2662 2598 2694 ι
2633 2643 2770 2712 μετὰ
2791 2642 2887 2706 τὰς
2908 2643 3178 2714 ἁμαρτίας
3201 2643 3326 2713 ὃλην
3347 2641 3604 2696 ἀποδεδο-

2041 2738 2198 2808 μένον
2229 2737 2327 2807 τὴν
2356 2734 2564 2798 οὐσίαν,
2584 2730 2680 2788 ’ἵνα
2702 2735 2924 2808 ψωμίσῃ
2946 2735 3184 2807 πένητας
3204 2734 3273 2788 τὰ
3294 2733 3610 2805 ὑπάρχοντι

2035 2833 2220 2896 αὐτοῦ,
2241 2833 2316 2897 ὡς
2341 2832 2428 2886 διὰ
2449 2832 2642 2885 τούτου
2669 2831 3046 2903 σωθησόμενος
3068 2849 3082 2864 ο
3112 2831 3204 2885 καὶ
3233 2830 3610 2898 ἀποταντικῶς

2033 2927 2078 2980 δ’
2093 2922 2243 2996 οἶμαι
2261 2924 2474 2995 δηλοῦν,
2493 2925 2574 2978 ὅτι
2594 2925 2694 2978 οὐκ
2719 2924 2834 2978 ἐστι
2855 2941 2906 2977 τι
2930 2924 3006 2994 τῷ
3021 2923 3118 2978 ἀνθ
3129 2923 3313 2994 ρώπῳ,
3342 2924 3477 2994 ὅπερ
3493 2922 3609 2985 δοὺς

2035 3023 2110 3082 ὡς
2147 3037 2166 3070 ι
2201 3017 2551 3088 ἀντάλλαγμα
2577 3017 2676 3086 τῆς
2705 3017 2878 3086 ψυχῆς
2911 3015 3134 3070 ἑαυτοῦ»
3198 3014 3610 3087 κεκρατημένης

2037 3110 2142 3163 hic?)
2168 3109 2262 3163 τοῦ
2288 3109 2538 3175 θανάτου,
2568 3107 2900 3180 λυτρώσεται
2928 3109 3098 3179 αὐτὴν
3124 3109 3189 3160 ὲκ
3214 3107 3395 3178 χειρὸς
3423 3103 3610 3160 αὐτοῦ.

2041 3201 2356 3273 Ἀνθρωπος
2383 3200 2482 3273 μὶν
2510 3197 2602 3254 οὖν
2633 3201 2733 3254 οὐκ
2759 3200 2823 3253 ἂν
2851 3197 2960 3270 δῴη
2988 3215 3041 3252 τι
3073 3217 3093 3246 ι
3128 3197 3480 3268 ἀντάλλαγμα
3515 3197 3611 3268 τῆς

356 3282 560 3335 nullam
616 3282 780 3337 homo
829 3283 961 3338 dare
1017 3295 1180 3353 queat
1235 3305 1252 3338 ι
1300 3289 1780 3343 commutationem
1833 3307 1931 3360 pro

2037 3293 2208 3364 ψυχῆς
2229 3292 2422 3347 αὐτοῦ·
2459 3313 2477 3344 ι
2508 3292 2639 3355 Θεὸς
2662 3292 2719 3346 δὲ
2742 3292 2840 3363 τῆς
2864 3290 3079 3344 πάντων
3110 3291 3142 3361 ἡ
3152 3288 3267 3359 μῶν
3288 3289 3464 3359 ψυχῆς
3486 3290 3608 3342 άντ-

1562 3441 1793 3499 VETUS
1832 3442 2413 3501 lNTERPRETATlO.

362 3609 384 3648 ι
419 3589 662 3670 Abneget
689 3592 1063 3665 semetipsum,
1089 3603 1141 3650 et
1166 3593 1316 3670 tollat
1343 3612 1558 3670 crucem
1588 3612 1793 3670 suam,
1815 3617 1832 3651 ι
1869 3594 1972 3664 Qui
1998 3598 2144 3670 enim
2173 3600 2405 3668 denegat
2436 3615 2514 3664 se,
2540 3609 2594 3670 et
2625 3599 2764 3654 tollit
2798 3616 3014 3656 crucem
3047 3616 3228 3663 suam,
3264 3600 3380 3670 ipse
3403 3606 3486 3655 est
3511 3599 3605 3668 qui

355 3666 535 3738 perdit
561 3665 801 3740 animam
829 3682 984 3721 suam
1013 3666 1556 3740 propterChristum,
1575 3677 1643 3740 et
1666 3669 1921 3739 perdens,
1953 3668 2150 3726 melius
2177 3686 2297 3724 eam
2318 3665 2522 3726 silvat.
2555 3669 2620 3724 Et
2649 3672 2740 3740 qui
2773 3670 2950 3740 perdit
2983 3673 3219 3725 animam
3253 3665 3407 3740 suam
3434 3665 3604 3738 quan-

357 3734 489 3810 tum
509 3734 576 3810 ad
600 3735 910 3810 voluntates
934 3734 1204 3803 carnales,
1241 3739 1358 3810 ipse
1384 3746 1468 3810 est.
1496 3737 1587 3808 qui
1616 3734 1843 3806 denegat
1875 3753 1954 3800 se,
1991 3747 2045 3793 et
2083 3739 2281 3796 tollens
2306 3755 2522 3795 crucem
2556 3734 2801 3810 sequitur
2825 3740 3127 3796 Christum.
3182 3759 3200 3792 ι
3239 3738 3379 3806 Quid
3427 3734 3608 3810 autem

357 3806 574 3929 ltrollcit
600 3807 784 3871 homo,
819 3807 865 3860 si
897 3815 1068 3860 totum
1101 3806 1366 3862 mundum
1401 3806 1664 3872 lucretur,
1697 3813 1896 3862 animae
1919 3816 2098 3864 autem
2129 3826 2242 3864 suae
2273 3806 2658 3864 detrimentum
2692 3810 2888 3864 faciat?
2921 3830 2938 3861 ι
2976 3809 3115 3865 Ρυιο
3151 3810 3292 3880 quod
3345 3809 3608 3862 mundum

381 3887 617 3929 ucretur.
655 3875 749 3929 aui
785 3891 893 3929 non
949 3875 1178 3929 abnegat
1207 3877 1582 3929 semetipsum.
1610 3893 1710 3929 nec
1733 3879 2102 3929 tollitcrncem
2140 3895 2295 3929 suam
2325 3889 2379 3929 et
2409 3881 2656 3929 seauilur
2685 3880 2996 3929 Christum-
3043 3881 3344 3929 secundum
3383 3893 3445 3929 ea
3483 3892 3606 3929 uitae

381 3887 617 3959 geretur,
655 3875 749 3944 qui
785 3891 893 3930 non
927 3875 1178 3959 abnegat
1207 3877 1582 3948 semetipsum,
1610 3893 1710 3932 nec
1733 3879 2102 3959 tollitcrncem
2140 3895 2295 3935 suam
2325 3889 2387 3959 et_
2409 3881 2656 3949 sequitur
2685 3880 2962 3959 Christum
2983 3923 3022 3959 ,_
3043 3875 3344 3936 secundum
3383 3893 3445 3959 ea
3483 3892 3606 3959 qua:

356 3947 633 4017 diximus,
680 3961 780 4000 nec
812 3947 986 4016 perdit
1022 3947 1260 4002 animam
1301 3947 1456 4002 suam
1484 3959 1746 4017 quantum
1784 3948 1849 4001 ad
1879 3949 2185 4005 voluntates
2206 3951 2453 4005 carnales
2473 3947 2503 4015 ,“
2528 3958 2585 4004 ut
2624 3951 2794 4004 salvet
2838 3965 2958 4004 eam
3010 3951 3064 4004 in
3099 3947 3609 4005 conversationibus

359 4015 724 4087 spiritalibus,
751 4015 838 4087 cui
865 4018 1101 4087 mundus
1129 4033 1238 4072 non
1274 4015 1612 4087 crucifigitur
1641 4019 1694 4070 in
1728 4033 1890 4087 cruce
1919 4017 2134 4074 Domini
2165 4020 2336 4074 nostri
2377 4018 2506 4074 Jesu
2546 4019 2770 4074 Christi.
2803 4018 2902 4073 Cui
2941 4030 3122 4075 autem
3170 4035 3277 4073 non
3333 4018 3609 4087 rruciligi-

359 4093 452 4140 tur
474 4086 732 4170 mundus,
752 4086 882 4167 ipse
913 4085 1041 4170 facit
1069 4089 1265 4142 animae
1295 4103 1408 4170 sua;
1435 4085 1850 4168 detrimentum.
1880 4086 2005 4170 Ideo
2034 4090 2253 4170 duobus
2278 4089 2440 4170 nobis
2467 4089 2788 4170 pmpositis,
2819 4091 2953 4170 ut_si
2984 4091 3321 4170 voluerimus
3373 4085 3601 4169 lucrari.

358 4156 650 4230 perdamus
667 4155 888 4230 animas
915 4166 1133 4230 nostsas
1166 4175 1181 4212 :
1217 4165 1312 4230 aut
1337 4157 1382 4212 si
1411 4158 1871 4230 animas_nostras
1901 4160 2240 4214 voluerimus
2278 4155 2522 4225 lucrari,
2560 4155 2853 4230 perdamus
2887 4159 3033 4216 hunc
3082 4159 3344 4230 mundum
3381 4175 3393 4210 :
3434 4158 3611 4230 magis

358 4234 443 4280 est
469 4225 778 4296 eligendum
804 4233 864 4280 ut
893 4229 1154 4282 mundum
1180 4227 1495 4298 perdamus,
1531 4235 1585 4284 et
1631 4228 1907 4284 lucremur
1942 4230 2155 4286 animas
2182 4239 2424 4294 nostras,
2458 4245 2525 4284 ex
2560 4225 2638 4284 ’eo
2669 4230 2815 4300 quod
2849 4237 3068 4300 propter
3105 4228 3383 4284 Christum
3417 4225 3608 4296 perdi-

359 4310 486 4350 mus
516 4310 630 4352 €38.

428 4365 518 4422 28.
556 4383 574 4416 ι
613 4367 720 4439 Aut
742 4380 907 4439 quam
940 4365 1090 4439 dabit
1113 4367 1596 4439 commutationem
1625 4369 1788 4439 homo
1818 4383 1917 4436 pro
1941 4369 2123 4422 anima
2152 4369 2276 4424 sua?
2317 4388 2337 4420 ι
2371 4366 2428 4423 1η
2456 4367 2630 4438 prima
2659 4369 2881 4439 quidem
2910 4368 3047 4426 facie
3067 4362 3430 4439 commutatio
3481 4365 3602 4439 ani:-

358 4447 464 4492 mze
483 4445 565 4492 est
589 4436 915 4502 substantia,
955 4446 1013 4490 ut
1037 4437 1130 4489 det
1155 4438 1516 4506 substantiam
1551 4452 1704 4491 suam
1735 4437 1899 4492 homo
1927 4439 2276 4506 pauperibus,
2305 4450 2359 4494 et
2382 4436 2553 4494 sal—vet
2581 4436 2820 4495 aniinam
2851 4455 3032 4496 suam.
3063 4438 3202 4494 Puto
3228 4445 3408 4491 autem
3455 4436 3601 4506 quod

357 4520 466 4562 non
498 4508 658 4562 habet
683 4505 884 4576 aliquis
917 4507 1081 4561 homo
1110 4505 1255 4578 quod
1292 4506 1429 4561 dans
1455 4507 1612 4577 quasi
1639 4505 2119 4562 commutationem
2152 4509 2350 4563 animae
2378 4524 2492 4564 sua:
2524 4525 2648 4579 quae
2677 4519 2890 4564 tenetur
2918 4526 2950 4564 a
2990 4517 3164 4565 morte
3185 4549 3199 4576 ,
3244 4506 3445 4562 liberat
3472 4505 3594 4563 eam

426 4663 474 4698 "
505 4660 694 4722 Matth.
717 4680 833 4730 xw,
857 4663 949 4720 26.
1028 4663 1044 4696 ¹
1067 4659 1200 4716 ibid.

432 4815 664 4892 (73),”
698 4818 792 4875 δέ’
830 4822 900 4878 Ἡ
930 4823 989 4876 τί
1015 4818 1215 4886 δώσει,
1250 4826 1354 4892 etc.
1413 4814 1537 4874 Haec
1565 4818 1728 4892 etiam
1765 4817 1926 4875 habet

2037 4821 2145 4876 suis
2195 4820 2374 4892 facere
2421 4818 2614 4892 dignas
2672 4821 3047 4892 eleemosynas
3092 4818 3406 4891 negligant,
3443 4817 3602 4892 juxta

358 4888 533 4958 Supra
560 4891 812 4945 laudatus
846 4903 1124 4949 comment.
1162 4893 1217 4946 in
1244 4889 1416 4944 Marc.
1441 4906 1559 4955 vm,
1585 4889 1672 4944 '57.
2032 4892 2165 4946 illud
2191 4888 2375 4946 Jacobi
2407 4909 2420 4944 :
2465 4888 2740 4945 Iudicium
2789 4888 2964 4945 autem
3002 4892 3117 4945 sine
3161 4888 3527 4944 misericordia
3561 4891 3610 4942 ei

433 4959 571 5034 (Ἠ)Δ
595 4960 1161 5034 ᾼύνασθαι-δηλοῦν
1208 4962 1303 5034 καὶ
1355 4966 1443 5023 τὸ,
1487 4970 1592 5034 etc.
1642 4959 1752 5016 Hos
1795 4975 1928 5016 con-

2037 4963 2125 5034 ηυξ
2152 4978 2254 5015 non
2296 4963 2420 5031 fecit
2465 4961 2905 5034 misericordiam.
2961 4960 3064 5034 Qui
3109 4976 3238 5030 ergo
3288 4959 3496 5024 fecerit,
3529 4960 3605 5034 in-

356 5027 503 5086 futat
533 5027 796 5102 Origenes
840 5032 931 5100 qui
980 5027 1044 5085 ex
1086 5034 1192 5088 illis
1221 5031 1382 5087 Lucae
1429 5033 1626 5094 verbis,
1683 5047 1800 5102 cap.
1837 5048 1923 5086 XI:
2035 5027 2253 5100 quiunt,
2284 5027 2536 5100 quamvis
2577 5047 2760 5086 mores
2803 5031 2854 5084 in
2901 5032 3095 5085 melius
3141 5027 3248 5102 non
3295 5031 3608 5102 mutaverit.

362 5119 385 5155 ο
408 5102 544 5156 Date
571 5097 992 5172 eleemosynam,
1021 5110 1074 5155 et
1099 5103 1280 5172 omnia
1316 5103 1515 5156 munda
1550 5111 1672 5156 sunt
1707 5097 1922 5160 vobiszi
2037 5097 2129 5156 sed
2161 5097 2478 5172 inter—ipsas
2512 5117 2640 5157 suas
2673 5102 3048 5172 elcemosynas
3079 5097 3388 5172 nefarieAae
3410 5099 3605 5166 nequi-

357 5183 411 5229 et
441 5187 509 5228 ex
547 5171 655 5226 illis
676 5159 866 5226 Jacobi
894 5187 953 5235 ll,
980 5159 1082 5225 l3:
1115 5191 1132 5222 ι
1163 5171 1432 5227 Judicium
1484 5173 1628 5226 enim
1677 5173 1794 5226 sine
1825 5159 1928 5224 mi-

361 5243 659 5298 sericordia
692 5241 768 5296 illi
801 5242 893 5310 qui
929 5258 1033 5295 non
1080 5241 1206 5297 fecit
1244 5242 1672 5297 misericordiam
1695 5281 1709 5304 ,
1741 5261 1758 5291 ι
1809 5242 1928 5294 exi-

357 5316 586 5369 stimare
621 5321 876 5383 poterant
903 5313 968 5365 ad
998 5313 1256 5367 eluendas
1279 5312 1646 5380 quorumlibet
1681 5317 1930 5383 peccato-

359 5399 480 5437 rum
534 5382 724 5440 sordes
777 5383 828 5437 id
876 5399 1046 5437 unum
1089 5399 1210 5437 esse
1261 5384 1413 5444 satis,
1459 5395 1620 5448 quam
1666 5382 1831 5433 multa
1873 5382 1927 5432 in

363 5466 627 5522 pauperes
667 5468 915 5521 erogare,
949 5452 1409 5523 quemadmodum
1437 5450 1780 5523 Augustinus
1827 5465 1926 5502 au-

361 5520 485 5576 ctor
514 5532 597 5576 est
631 5539 728 5579 sua
773 5520 824 5578 id
863 5520 1020 5578 arta—te
1064 5541 1092 5576 ιι
1121 5522 1395 5578 nonnullis
1430 5520 1596 5574 fuisse
1625 5521 1926 5574 creditum:

363 5591 443 5643 sic
475 5593 619 5644 enim
664 5595 754 5648 ille
791 5595 885 5647 lib.
929 5610 963 5646 n
999 5592 1073 5646 Dc
1108 5593 1250 5645 civit.
1293 5591 1408 5655 Dei,
1441 5607 1562 5660 cap.
1587 5591 1657 5644 ‘22
1688 5606 1700 5641 :
1734 5609 1750 5640 ι
1776 5591 1935 5644 Com-

362 5662 475 5726 prri
509 5661 666 5732 etiam
708 5663 974 5731 quosdam
1009 5673 1339 5732 pulareﬂeos
1369 5661 1744 5714 tantummodo
1776 5675 1932 5732 arsu-

363 5738 457 5781 rus
509 5727 650 5783 illius
699 5727 1024 5787 tetcrnitate'
1056 5730 1338 5792 supplicii.
1398 5731 1490 5791 qui
1545 5745 1644 5793 pro
1696 5729 1931 5793 peccatis

2037 5181 2122 5225 tcr
2147 5169 2369 5235 vixerit;
2399 5171 2662 5241 judicium
2700 5172 2776 5225 illi
2807 5169 2929 5226 cum
2967 5169 3337 5224 misericordia
3367 5169 3606 5221 futurum

2035 5250 2137 5305 est,
2181 5252 2242 5296 ut
2283 5251 2374 5295 aut
2421 5243 2565 5295 nulla
2610 5241 2965 5296 damnatione
3010 5241 3439 5310 plectatur,raut
3486 5245 3610 5310 post

2039 5312 2259 5381 aliquod
2311 5323 2541 5380 tempus,
2589 5311 2702 5366 sive
2747 5307 3159 5381 parvumfsive
3209 5309 3502 5381 prolixum,
3539 5307 3610 5362 ab

2039 5380 2127 5433 illa
2169 5379 2518 5435 damnatique
2566 5379 2843 5436 liberetur.
2880 5401 2898 5431 ι
2947 5380 3214 5433 Audirent
3262 5379 3336 5431 illi
3375 5379 3609 5446 Aposto-

2038 5449 2148 5502 lum
2187 5450 2348 5504 lCor.
2375 5467 2470 5504 xm
2501 5468 2512 5502 :
2547 5471 2564 5503 ι
2593 5453 2648 5505 Si
2680 5452 3010 5505 distribuere
3041 5451 3092 5502 in
3125 5450 3274 5502 cibos
3309 5462 3606 5517 pauperum

2041 5534 2232 5573 omnes
2286 5520 2566 5575 facultates
2624 5533 2811 5581 meas,
2877 5531 2930 5573 et
2979 5521 3022 5572 si
3075 5518 3349 5572 tradidero
3405 5533 3607 5583 corpus

2040 5603 2219 5641 meum
2267 5590 2337 5643 ita
2381 5602 2438 5642 ut
2491 5591 2733 5651 ardeam,
2787 5590 3102 5643 charitatem
3143 5597 3323 5643 autem
3364 5603 3474 5644 non
3507 5589 3606 5643 ba-

2043 5658 2231 5724 burro,
2268 5661 2399 5713 nihil
2433 5661 2563 5715 mihi
2595 5660 2830 5728 prodest.
2872 5678 2889 5708 ι
2957 5657 3217 5712 Ηιτετιεδ.
