4028 6296
335 437 467 492 1061

1276 435 1633 489 COMMENT.
1679 435 1742 488 IN
1787 434 2205 494 M;\TTIL‘EUM
2247 436 2486 494 TOMUS
2526 435 2641 490 ΧΙΙ.

3451 451 3588 510 ιυιιε

333 558 533 612 ἕνδεκα
570 557 853 628 μαθηταῖς,
878 556 1038 626 ἡνίκα
1065 556 1262 627 ἀνέστη
1286 556 1393 609 ἀπὸ
1419 556 1526 608 τῶν
1549 557 1758 627 νεκρῶν
1787 558 1906 629 πρὸς

2028 557 2320 626 proposita:
2348 558 2646 628 contingat.
2678 556 2971 628 Postquam
3008 557 3265 614 Servatur
3297 561 3534 614 surrexit
3564 578 3592 614 ιι

337 651 546 721 ἑτέροις
579 651 670 704 καὶ
691 649 769 702 τό·
795 669 811 699 ι
837 649 968 702 Ἰδοὺ
1001 648 1111 718 ἐγὼ
1148 649 1265 720 μεθ’
1290 650 1442 721 ὑμῶν
1471 652 1584 720 είμι
1610 651 1788 714 πάσας
1822 651 1918 713 τὰς

336 741 572 812 ἡμέρας,
605 739 709 802 ἕως
740 740 838 810 τῆς
874 738 1183 803 συντελείας
1215 739 1308 792 τοῦ
1332 739 1544 803 αἰῶνος.
1577 759 1596 790 ›
1618 736 1766 811 τΑιρα
1787 739 1916 811 γὰρ,

337 831 506 883 ειπὼν
535 827 714 891 τοῦτο,
745 828 850 892 ἕως
881 829 980 900 μὲν
1024 829 1124 898 τῆς
1153 829 1460 893 συντελείας
1484 829 1578 883 τοῦ
1612 831 1806 894 αίῶνος
1841 831 1917 902 (l)

335 917 558 988 ἔμελλεν
603 919 788 981 αὐτοῖς
836 919 1175 983 συνέσεσθαι,
1211 918 1348 990 μετὰ
1381 921 1437 973 δὲ
1479 920 1578 991 τὴν
1611 921 1918 976 συντέλειαν

335 1007 430 1060 τοῦ
463 1007 678 1074 αἰῶνος,
716 1011 1072 1081 ἐνισταμένου
1094 1009 1189 1063 τοῦ
1212 1011 1420 1083 ἑτέρου,
1455 1012 1549 1066 τοῦ
1583 1012 1916 1084 καλουμένου

252 1089 257 1093 ’
335 1097 640 1166 μέλλοντος,
673 1099 853 1153 οὐκέτι
878 1100 1194 1154 συνέσεσθαι
1224 1103 1407 1166 αὐτοῖς
1429 1104 1815 1174 ἐπηγγέλλετοο
1842 1106 1918 1170 ὡς

333 1188 474 1242 κατὰ
498 1189 656 1242 τοῦτο
689 1193 934 1262 κρεῖττον
959 1187 1098 1246 εἶναι
1134 1191 1199 1245 ἂν
1242 1195 1356 1256 τοῖς
1397 1194 1666 1266 μαθηταῖς
1703 1195 1764 1249 τὸ
1812 1195 1916 1259 ἕως

329 1279 429 1349 τῆς
473 1279 780 1344 συντελείας
820 1280 914 1334 τοῦ
955 1281 1149 1345 αἰῶνος
1185 1284 1311 1353 περὶ
1349 1285 1535 1348 αὐτοῖς
1567 1285 1912 1355 κατάστημα,

330 1370 426 1423 τοῦ
449 1371 576 1441 περὶ
603 1370 700 1442 τὴν
731 1370 806 1441 (2)
832 1371 1138 1426 συντέλειαν
1169 1373 1264 1426 τοῦ
1291 1373 1483 1438 αἰῶνος
1505 1391 1519 1439 ;
1557 1373 1696 1426 Ἀλλ’
1720 1376 1818 1428 οὐκ
1850 1375 1915 1428 ἂν

329 1458 485 1532 οἶμαί
519 1479 637 1516 τινα
665 1463 930 1533 τολμῆσαι
957 1463 1156 1532 λέγειν,
1199 1465 1278 1517 ὅτι
1316 1465 1452 1535 μετὰ
1478 1465 1576 1536 τὴν
1609 1465 1914 1520 συντέλειαν

327 1551 421 1606 τοῦ
452 1551 644 1616 αἰῶνος
676 1552 857 1606 οὐκέτι
882 1552 1128 1608 συνέσται
1153 1557 1265 1618 τοῖς
1293 1555 1562 1627 μαθηταῖς
1601 1558 1628 1609 ό
1655 1555 1782 1622 Υἱὸς
1819 1556 1914 1610 τοῦ

329 1641 486 1695 Θεοῦο
513 1643 634 1696 ἐπεὶ
662 1645 694 1714 ἡ
733 1642 876 1708 λέξις
903 1645 995 1699 ἐπὶ
1029 1644 1282 1699 τοσοῦτον
1319 1645 1539 1699 ἔσεσθαι
1585 1645 1746 1700 αὑτὸν
1797 1646 1912 1716 μετ’

327 1733 508 1788 αὐτῶν
534 1751 717 1804 φησιν,
749 1734 854 1798 ἕως
883 1737 914 1806 ἡ
952 1735 1230 1792 συντέλεια
1257 1735 1348 1789 τοῦ
1380 1735 1574 1800 αἰῶνος
1596 1738 1776 1808 ὲνστῇο
1817 1755 1916 1791 σα·-

326 1825 424 1892 φὲς
455 1825 530 1892 (3)
562 1825 685 1896 γὰρ,
718 1827 798 1879 ὅτι
827 1826 886 1880 τὸ
925 1826 1256 1898 ζητούμενον
1296 1822 1386 1898 ἦν,
1430 1827 1478 1880 εί
1517 1827 1624 1900 πρὸ
1653 1826 1746 1884 τοῦ
1783 1825 1912 1899 μέλ-

323 1917 507 1981 λοντος
533 1917 746 1982 αἰῶνος,
772 1918 993 1973 καὶτῶν
1019 1917 1389 1990 ἐλπιζομένων
1415 1919 1718 1990 ἀμοιϐαίων
1742 1921 1914 1988 ἐπαγ·
1943 1901 1984 1954 Β

321 2008 517 2078 γελιῶν
569 2009 662 2062 τοῦ
719 2009 889 2074 Θεοῦ,
949 2011 1050 2080 ἤδη
1097 2009 1415 2065 συνέσεσθαι
1468 2013 1581 2075 τοῖς
1639 2011 1909 2082 μαθηταῖς

328 2099 549 2170 ίμελλεν
581 2102 610 2154 ό
640 2100 768 2164 Υίὸς
795 2101 888 2154 τοῦ
917 2101 1073 2156 Θεοῦ.
1103 2102 1441 2173 Ζητούμενον
1483 2102 1528 2155 δ’
1561 2103 1627 2156 ἂν
1655 2097 1745 2172 ἦν,
1781 2101 1913 2155 Bibi»

326 2191 484 2261 μένου
512 2191 604 2246 τοῦ
635 2193 954 2246 συνέσεσθαι
991 2193 1194 2257 αὐτοῖς,
1236 2195 1446 2265 μήποτε
1483 2193 1570 2246 ὁτὲ
1607 2194 1704 2262 μὲν
1745 2195 1908 2262 συνῆν

325 2283 525 2350 αὐτοῖς,
550 2285 636 2337 ὁτὲ
665 2283 720 2338 δὲ
747 2285 806 2337 οὐ
832 2285 1012 2356 συνῆν
1043 2286 1231 2358 διόπερ
1260 2285 1512 2339 ἀπολύων
1533 2286 1608 2357 (4)
1629 2287 1778 2356 ἡμᾶς
1811 2286 1908 2356 τῆς

325 2375 446 2445 περὶ
475 2374 566 2428 τοῦ
596 2375 868 2440 διστάζειν
897 2377 1170 2440 ὑπονοίας,
1203 2377 1544 2447 ἀπεφήνατο,
1577 2377 1660 2429 ὅτι
1687 2375 1789 2448 ἤδη
1815 2375 1908 2430 καὶ

324 2469 412 2520 ἰπὶ
438 2469 617 2532 πάσας
642 2469 739 2531 τὰς
767 2467 982 2539 ἡμέρας
1020 2471 1254 2523 συνεῖναι
1288 2471 1400 2532 τοῖς
1440 2468 1706 2539 μαθηταῖς
1739 2467 1908 2537 ἠμελ-

318 2558 428 2622 λεν,
472 2559 534 2610 οὐ
588 2555 926 2626 καταλείψων
973 2559 1098 2620 τοὺς
1144 2556 1582 2628 μαθητευθέντας
1621 2554 1769 2626 αὐτῷ
1802 2556 1906 2620 ἓως

314 2648 414 2717 τῆς
444 2649 752 2712 συντελείας
776 2647 869 2701 τοῦ
903 2649 1116 2712 αἰῶνος·
1153 2649 1214 2702 οὐ
1243 2648 1352 2720 μὴν
1379 2649 1520 2702 κατὰ
1545 2647 1646 2711 τὰς
1682 2647 1900 2712 νύκτας,

321 2739 370 2792 si
399 2755 503 2793 τινι
537 2739 717 2794 ἔδυνεν
745 2744 773 2794 ὁ
805 2741 974 2811 ἥλιος,
1010 2741 1175 2812 συνῆν
1217 2742 1420 2797 αὐτοῖς.
1461 2742 1524 2794 El
1559 2741 1616 2794 δὲ
1664 2741 1902 2794 τοιοῦτόν

321 2831 434 2884 ἔστι
462 2829 541 2883 τό*
567 2849 586 2882 ‹
615 2831 757 2895 Ἕως
778 2833 877 2902 τῆς
906 2832 1211 2896 συντελείας
1234 2832 1326 2886 τοῦ
1349 2832 1565 2896 αίῶνος,
1607 2851 1626 2883 ι
1662 2831 1902 2904 δηλονότι

320 2922 419 2974 οὐκ
457 2922 985 2994 ἀναγκασθησόμεθα
1027 2923 1433 2994 παραδέξασθαι
1461 2923 1760 2992 γεύσασθαι
1804 2923 1900 2974 θα-

320 3013 477 3067 νάτου
508 3015 633 3076 τοὺς
663 3015 868 3077 ίδόντας
900 3015 987 3068 τὸν
1013 3015 1140 3068 Υίὸν
1167 3014 1261 3068 τοῦ
1293 3013 1580 3086 ἀνθρώπου
1608 3013 1899 3084 ἐρχόμενον

315 3105 373 3156 έν
423 3104 487 3173 τῇ
547 3103 792 3174 βασιλείᾳ
831 3103 1019 3166 αὑτοῦ,
1072 3104 1207 3172 μετὰ
1253 3105 1312 3156 τὸ
1353 3102 1752 3174 καταξιωθῆναι
1803 3101 1897 3156 τοῦ

315 3195 552 3250 τοιοῦτον
595 3195 756 3249 αὑτὸν
790 3195 933 3248 ἰδεῖν·
971 3194 1084 3248 ἀλλ’
1112 3196 1301 3266 ὥσπερ
1329 3197 1414 3264 ἐφ’
1447 3190 1507 3248 οὗ
1549 3194 1895 3266 παρεθέμεθα

316 3288 501 3358 meat”),
535 3288 596 3340 τὸ
627 3290 947 3355 κατεπεῖγον
989 3283 1056 3358 ἦν
1099 3290 1247 3358 ἡμᾶς
1290 3287 1500 3357 μαθεῖν,
1532 3288 1614 3341 ὅτι
1653 3288 1756 3352 ἕως
1794 3289 1894 3360 τῆς

315 3377 620 3440 συντελείας
649 3376 741 3430 τοῦ
765 3377 956 3440 αἰῶνος
973 3379 1032 3430 οὐ
1061 3377 1373 3446 καταλείψει
1400 3379 1567 3448 ἡμᾶς,
1597 3378 1710 3432 ἀλλ’
1739 3378 1893 3434 ἔσται

313 3468 432 3540 μεθ’
460 3468 615 3540 ἡμῶν
643 3468 822 3532 πάσας
846 3469 943 3532 τὰς
978 3470 1207 3541 ἡμέρας·
1235 3469 1407 3532 οὕτως
1431 3470 1526 3523 καὶ
1566 3470 1659 3523 ἐπὶ
1699 3470 1890 3524 τούτου

312 3561 482 3631 σαφὲς
546 3563 648 3631 μὲν
688 3559 840 3632 οἶμαι
891 3564 1005 3625 τοῖς
1069 3561 1284 3632 βλέπειν
1329 3562 1525 3617 εἰδόσιν
1570 3563 1890 3618 ἀκολουθίαν

310 3653 648 3726 πραγμάτων
674 3648 829 3719 εἶναι,
853 3653 941 3706 τὸν
967 3651 1109 3717 ἅπαξ
1136 3653 1311 3707 ἰδόντα
1344 3672 1363 3706 ε
1401 3654 1493 3709 τὸν
1518 3653 1645 3707 Υίὸν
1672 3654 1765 3708 τοῦ
1795 3655 1895 3708 ἀν-

2023 649 2273 712 mortuis,
2313 659 2506 718 praetcr
2534 651 2640 705 alia
2671 650 2746 705 ait
2771 649 3054 720 discipulis
3082 650 3198 705 suis
3244 650 3498 706 undecim
3539 662 3593 706 et

2024 740 2153 794 illud
2176 742 2219 778 δι
2246 758 2261 794 :
2300 760 2320 792 ι
2353 740 2490 796 Ecce
2515 757 2616 812 ego
2649 742 2927 797 vobiscum
2953 757 3073 796 sum
3098 743 3357 799 omnibus
3376 743 3595 810 diebus,

2021 845 2196 900 usque
2240 831 2307 885 ad
2351 832 2875 887 consummationem
2921 833 3145 900 saeculi;
3179 852 3197 884 ›
3244 849 3374 904 ergo
3424 851 3596 904 usque

2021 921 2085 974 ad
2118 923 2647 978 consummationem
2676 923 2860 979 saeculi
2887 939 3012 979 cum
3050 925 3183 993 ipsis
3210 924 3430 982 futurus
3455 938 3595 988 erat.

2021 1021 2144 1081 post
2180 1016 2709 1071 consummationem
2757 1032 2888 1072 vero
2940 1019 3156 1084 saeculi,
3208 1018 3444 1075 instante
3487 1019 3595 1074 alo

2022 1105 2244 1170 saeculo,
2285 1105 2430 1175 quod
2465 1105 2708 1161 futurum
2744 1107 3068 1176 appellatur,
3101 1123 3158 1162 se
3192 1124 3318 1164 cum
3358 1110 3438 1165 eis
3483 1127 3593 1165 ncu

2019 1199 2254 1267 amplius
2286 1197 2531 1253 futurum
2571 1201 2970 1269 denuntiabat;
3009 1202 3079 1256 ita
3141 1214 3201 1258 ut
3233 1203 3390 1273 juxta
3434 1203 3587 1266 illud.

2018 1290 2212 1344 melior
2241 1300 2388 1346 esset
2414 1291 2809 1361 discipulorum
2841 1301 3020 1349 status
3050 1295 3117 1348 ad
3157 1296 3592 1352 consummatio-

2019 1395 2144 1435 nem
2179 1397 2353 1452 usque
2386 1384 2594 1449 saeculi,
2626 1399 2793 1454 quam
2847 1395 2969 1453 post
3006 1386 3192 1441 διελευιί
3237 1402 3587 1443 ωηευηιηιεε

2019 1472 2242 1526 tionem.
2263 1475 2333 1527 At
2354 1489 2462 1528 non
2483 1490 2749 1529 ausurum
2768 1491 3096 1545 quemquam
3116 1476 3298 1532 dicere
3312 1480 3590 1543 existimo,

2015 1568 2141 1630 post
2167 1563 2349 1616 saeculi
2377 1564 2905 1618 consummationem
2942 1579 3049 1619 non
3091 1567 3326 1636 amplius
3353 1585 3476 1624 cum
3507 1569 3591 1624 di-

2017 1652 2241 1722 scipulis
2271 1654 2513 1710 futurum
2541 1653 2630 1710 Dei
2669 1654 2892 1719 Filium,
2920 1656 3064 1726 quod
3107 1659 3292 1713 tandiu
3333 1659 3581 1716 futurum

2016 1742 2162 1799 hunc
2189 1761 2312 1800 cum
2351 1747 2460 1801 illis
2492 1747 2734 1802 declaret
2766 1762 2968 1812 sermo,
2997 1747 3170 1803 donec
3205 1749 3370 1805 instet
3405 1753 3589 1808 saeculi

2014 1837 2433 1892 consummatio.
2462 1834 2817 1907 Perspicuum
2835 1839 2981 1894 enim
3009 1851 3093 1897 est
3119 1842 3172 1897 id
3200 1843 3254 1898 in
3287 1844 3591 1913 quastione

2013 1923 2204 1989 fuisse,
2235 1942 2303 1980 an
2331 1936 2459 1982 ante
2500 1926 2744 1982 futurum
2792 1931 3054 1986 saeuiunt
3105 1940 3160 1986 et
3202 1943 3451 2002 speratas
3495 1933 3586 1988 Dei

2011 2017 2424 2085 promissiones,
2469 2035 2591 2089 qua:
2636 2020 2706 2074 ab
2757 2020 2850 2075 illo
2903 2024 3363 2080 remunerationis
3421 2041 3585 2081 causa

2013 2105 2166 2172 iient,
2199 2121 2306 2163 una
2336 2122 2460 2166 cum
2487 2107 2771 2178 discipulis
2805 2107 3024 2166 iuturus
3064 2122 3211 2167 esset
3255 2113 3428 2170 Filius
3466 2114 3584 2170 Dei.

2011 2192 2067 2248 id
2100 2205 2281 2249 autem
2318 2197 2685 2266 quaerebatur,
2732 2214 2998 2256 concesso
3028 2215 3112 2266 eo,
3155 2199 3397 2258 futurum
3443 2204 3588 2259 hunc

2009 2300 2133 2339 cum
2168 2285 2294 2350 illis,
2323 2295 2506 2342 utrum
2541 2304 2664 2343 cum
2722 2289 2830 2345 illis
2886 2289 3182 2360 aliquando
3225 2291 3296 2348 sit
3342 2293 3584 2358 futurus,

2009 2373 2304 2444 aliquando
2355 2390 2483 2430 non.
2542 2375 2910 2442 Quamobrem
2970 2380 3257 2436 exsolvere
3312 2396 3371 2436 se
3425 2381 3584 2437 nobis

2008 2465 2243 2520 ostendit
2264 2481 2383 2520 eam
2407 2483 2529 2536 qua:
2554 2467 2606 2522 in
2627 2468 2925 2525 dubitando
2953 2471 3087 2525 oriri
3115 2479 3366 2541 potuerat
3394 2474 3546 2543 suspi
3563 2502 3582 2512 -

2007 2557 2242 2623 cionem,
2275 2557 2520 2612 futurum
2557 2558 2705 2616 hunc
2742 2559 2990 2616 videlicet
3015 2577 3141 2616 cum
3167 2562 3447 2632 discipulis
3469 2563 3582 2633 jam

2007 2663 2174 2714 nunc,
2197 2658 2250 2703 et
2271 2649 2529 2704 omnibus
2550 2649 2743 2706 diebus
2766 2651 2833 2706 ad
2857 2654 3385 2708 consummationem
3413 2670 3584 2726 usque

2005 2741 2188 2795 saeculi
2241 2756 2334 2795 eos
2401 2757 2506 2796 non
2557 2743 2966 2810 derelictui-um,
3017 2744 3215 2815 quibus
3273 2747 3580 2803 doctrinam

2005 2848 2160 2886 suam
2205 2833 2543 2899 tradiderat;
2572 2850 2760 2889 verum
2807 2853 2914 2892 non
2964 2847 3150 2902 noctu,
3173 2837 3217 2893 si
3248 2839 3336 2893 cui
3368 2839 3449 2895 sol
3488 2855 3582 2896 0c-

2004 2923 2232 2989 cideret,
2276 2923 2519 2978 futurum
2557 2941 2683 2980 cum
2724 2926 2855 2984 illis.
2887 2927 3040 2993 Quod
3068 2929 3113 2984 si
3152 2930 3256 2983 tale
3298 2940 3380 2985 est
3408 2931 3536 2986 illud
3559 2949 3579 2987 :

2003 3011 2162 3082 555
2197 3031 2214 3064 ι
2251 3012 2432 3083 Usque
2482 3016 2550 3069 ad
2600 3019 3128 3072 consummationem
3169 3022 3386 3088 saeculi;
3425 3041 3444 3074 ι
3481 3039 3580 3077 nos

2001 3112 2251 3157 coactum
2290 3119 2395 3158 non
2432 3105 2496 3158 iri
2541 3106 2709 3175 liquet
2751 3107 2802 3161 id
2848 3108 3152 3172 admittere,
3204 3121 3431 3165 mortem
3485 3128 3580 3166 eos

1999 3195 2318 3264 degustasse
2343 3197 2435 3265 qui
2475 3198 2724 3252 viderunt
2760 3197 2956 3254 Filium
2992 3201 3226 3256 hominis
3275 3202 3577 3257 venientem

2001 3287 2055 3340 ir.
2101 3302 2267 3357 regno
2289 3303 2411 3352 suo,
2444 3299 2730 3358 postquam
2759 3290 2909 3359 digni
2941 3290 3105 3346 habiti
3133 3301 3259 3346 sunt
3291 3293 3384 3363 qui
3415 3294 3578 3349 talem

1999 3393 2125 3433 eum
2163 3379 2444 3434 viderent:
2473 3381 2566 3434 sed
2591 3382 3049 3449 quemadmodum
3079 3382 3134 3438 in
3163 3400 3229 3440 eo
3258 3385 3380 3440 loco
3415 3402 3577 3457 quem

1999 3469 2324 3537 protulimus
2372 3469 2506 3524 illud
2548 3471 2861 3527 necessario
2912 3472 3069 3528 nobis
3112 3474 3430 3531 discendum
3472 3487 3574 3544 est,

2000 3575 2174 3629 usque
2200 3562 2268 3616 ad
2299 3562 2826 3618 consummationem
2857 3563 3042 3620 seaculi
3071 3579 3194 3618 eum
3227 3579 3258 3619 a
3286 3566 3441 3621 nobis
3468 3583 3576 3624 non

2000 3653 2395 3717 discessurum,
2446 3651 2538 3706 sed
2583 3652 2865 3708 nobiscum
2898 3655 3156 3711 omnibus
3203 3655 3396 3713 diebus
3431 3657 3576 3713 iutu-

1507 3769 1738 3824 VETUS
1777 3769 2364 3824 ΙΝΤΕΒΡΒΕΤΛΤΙΟ.

313 3875 438 3935 post
464 3866 990 3921 consummationem
1018 3865 1200 3920 saeculi
1227 3864 1339 3934 jam
1371 3881 1476 3918 non
1507 3865 1613 3920 erit
1636 3881 1758 3920 cum
1791 3865 2076 3933 discipulis
2107 3867 2223 3920 suis
2246 3863 2426 3930 Jesus,
2451 3869 2708 3936 quoniam
2740 3881 2922 3921 sermo
2951 3866 3138 3920 tandiu
3162 3880 3288 3920 cum
3317 3867 3425 3923 illis
3447 3884 3570 3922 eum

317 3937 559 3991 futurum
591 3953 712 3991 esse
747 3938 1085 3990 demonstrat
1115 3954 1127 3989 :
1169 3935 1515 3990 manifestum
1547 3944 1631 3989 est
1661 3945 1840 3988 tamen
1871 3936 2130 4003 quoniam
2162 3937 2306 4003 qttod
2339 3935 2684 4004 quzerebatur
2717 3936 2822 3989 hoc
2873 3943 3012 3996 erat.
3049 3936 3096 3988 ei
3145 3948 3272 3991 ante
3325 3937 3570 4000 futurum

314 4008 598 4071 saeculum,
628 4016 682 4060 et
715 4016 839 4060 ante
873 4006 1269 4070 promissiones
1298 4006 1418 4060 illas
1445 4015 1690 4074 speratus
1721 4005 1839 4067 Dei,
1865 4022 1987 4058 cum
2023 4005 2310 4073 discipulis
2350 4008 2468 4061 suis
2521 4017 2640 4062 erat
2694 4007 2915 4062 iuturus
2967 4005 3143 4059 Filius
3193 4004 3308 4063 Dei.
3359 4008 3569 4062 Conve—

319 4077 528 4131 nientcr
552 4085 732 4130 autem
766 4077 1006 4146 requiro,
1033 4091 1155 4129 cum
1181 4075 1250 4129 sit
1279 4074 1783 4146 manifestumquia
1817 4076 2094 4146 usquead
2143 4077 2674 4130 consummationem
2726 4075 2910 4128 sazculi
2963 4091 3088 4146 cum
3126 4075 3412 4142 discipulis
3455 4080 3568 4132 suis

315 4147 405 4207 sit.
438 4143 1897 4218 utrumsemper'itunidisciptﬂissuissit,autaliquando
1923 4145 2290 4218 qu_i_dcm_est,
2339 4146 2632 4218 aliquando
2687 4159 2798 4198 non
2841 4153 2944 4218 est.
3002 4143 3117 4199 Hoc
3138 4156 3329 4218 autem
3358 4163 3570 4218 quaero

322 4227 540 4285 propter
570 4216 700 4269 illud
735 4214 878 4286 quod
905 4216 1035 4269 dixit
1071 4233 1082 4268 :
1123 4233 1140 4264 ι
1174 4214 1240 4268 Ει
1267 4229 1394 4269 ecce
1417 4230 1512 4268 ero
1534 4216 1828 4286 vobiscum
1856 4215 2113 4268 omnibus
2140 4216 2354 4286 diebus,
2388 4235 2406 4266 ι
2436 4214 2518 4268 ne
2555 4215 2688 4268 forte
2747 4215 3011 4286 perdies
3053 4216 3278 4284 quidem
3323 4214 3408 4272 sit
3438 4234 3566 4276 eum

314 4284 596 4355 discipulis
629 4284 766 4351 suis,
802 4301 895 4353 per
927 4295 1111 4338 noctes
1138 4296 1318 4337 autem
1355 4300 1463 4337 non
1499 4284 1590 4339 sit.
1624 4285 1680 4338 Si
1707 4294 2140 4355 autemprOpter
2175 4285 2276 4338 hoc
2307 4286 2454 4354 quod
2484 4285 2621 4338 dixit
2662 4286 2716 4338 in
2767 4284 2961 4338 diebus
3002 4301 3127 4340 cum
3180 4285 3464 4354 discipulis
3507 4306 3566 4343 se

315 4351 582 4419 futurum,
619 4351 839 4408 nonest
874 4357 925 4407 in
959 4355 1228 4416 noctibus,
1265 4355 1561 4408 absurdum
1594 4363 1850 4424 putamus
1884 4353 2064 4424 dicere
2088 4351 2345 4423 quoniam
2386 4358 2435 4407 in
2485 4357 2738 4409 noctibus
2785 4355 3072 4424 denegavit
3124 4371 3182 4408 se
3222 4351 3346 4409 cum
3398 4357 3568 4411 disci-

315 4426 456 4494 pulis
480 4428 592 4480 suis
620 4425 887 4490 futurum,
916 4427 1032 4478 sine
1057 4425 1222 4478 dubio
1247 4439 1353 4476 non
1380 4422 1625 4494 cogimur
1661 4425 1810 4476 illum
1843 4422 2122 4490 suscipere
2157 4424 2488 4478 intellectum
2520 4434 2578 4478 ut
2621 4426 2890 4487 dicamus,
2925 4422 3144 4492 gustare
3189 4440 3284 4479 eos
3333 4436 3566 4486 mortem

313 4497 405 4563 qui
438 4497 688 4550 viderunt
717 4495 910 4552 Filium
940 4495 1176 4549 hominis
1206 4495 1505 4548 venientem
1548 4494 1603 4546 in
1633 4508 1799 4563 regno
1830 4508 1950 4558 suo,
1979 4505 2266 4563 postquam
2297 4495 2441 4563 digni
2475 4495 2639 4547 habiti
2675 4506 2801 4548 sunt
2837 4496 3000 4548 talem
3045 4510 3169 4548 eum
3211 4495 3414 4549 videre.
3461 4494 3564 4550 Sed

314 4562 772 4634 quemadmodum
807 4569 858 4636 in
893 4582 953 4619 ea
981 4564 1254 4636 Scriptura
1285 4580 1447 4636 quam
1476 4562 1745 4636 diximus,
1773 4562 2140 4636 necessarium
2168 4573 2287 4616 erat
2309 4562 2923 4636 cegnosccreiquoniam
2967 4578 3140 4633 usque
3195 4565 3262 4619 ad
3312 4579 3568 4619 consum-

314 4631 609 4690 mationem
639 4635 822 4691 saeculi
853 4652 962 4688 non
989 4631 1166 4688 fuerat
1189 4650 1287 4688 nos
1303 4631 1630 4696 relicturus,
1655 4635 1748 4687 sed
1775 4633 2060 4686 nobiscunt
2091 4631 2582 4688 futurusomnilius
2607 4631 2800 4687 diebus
2830 4653 2842 4687 :
2869 4643 2994 4702 post
3026 4631 3561 4690 consummationem

311 4715 492 4758 autem
546 4705 727 4759 saeculi
781 4705 995 4774 reliquit
1037 4706 1192 4773 quasi
1238 4705 1608 4764 manifestum,
1636 4704 1768 4774 quia
1796 4705 1989 4774 multo
2029 4703 2201 4772 magis
2249 4704 2530 4758 nobiscum
2583 4712 2701 4757 erat
2735 4705 2952 4758 futurus
2982 4721 2996 4757 :
3023 4704 3104 4757 sic
3130 4713 3184 4757 et
3215 4703 3268 4756 in
3311 4704 3414 4758 hoc
3443 4705 3564 4758 loco

311 4775 550 4830 arbitror
584 4772 1085 4830 manifestissimum
1117 4789 1239 4830 esse
1270 4775 1525 4830 omnibus
1555 4773 1648 4844 qui
1669 4772 1979 4844 intelligere
2013 4782 2243 4840 possunt
2275 4776 2724 4844 consequentiam
2757 4789 2960 4840 rerum,
2993 4774 3254 4842 quoniam
3277 4774 3373 4844 qui
3397 4775 3563 4829 semul

381 4896 426 4932 “
450 4894 640 4951 Matth.
679 4912 884 4960 xxrln,
919 4895 1008 4950 ‘20.

403 4988 455 5064 l)
475 4983 623 5064 Ἀρεῖ
653 4987 784 5064 γᾴρ,
816 4986 1004 5064 cingor
1031 4987 1357 5064 toi‘ito,_é‘wc
1525 4986 1630 5064 τῆς
1667 5005 1883 5064 συντε-

2007 4986 2119 5042 Loci
2150 4987 2294 5064 illius
2317 4985 2640 5064 subobscuri
2684 4984 2950 5064 sententia
2970 4983 3099 5064 haec
3137 4991 3260 5064 est:
3292 4981 3560 5064 Quoniam

403 5006 455 5051 η
483 5006 623 5055 'Apa
653 5006 784 5055 γαρ,
816 5006 1004 5041 ειπων
1031 5006 1226 5054 τουτο,
1248 5006 1357 5053 εως
1381 5006 1497 5057 μεν
1525 5006 1557 5041 τ
1667 5006 1883 5042 συντε-
1922 5006 1963 5046 υ
1995 5006 2119 5042 wet
2150 5006 2294 5042 unus
2317 5006 2640 5041 SUDODSCUI‘I
2684 5006 2950 5040 semeuua
2987 5006 3099 5037 naec
3137 5006 3220 5037 est
3246 5006 3260 5034 :
3292 5006 3560 5050 wultlam

312 5006 482 5125 Iolae
505 5056 612 5111 τοῦ
643 5056 877 5123 αἰῶνος.
914 5056 1058 5121 Ηεεο,
1078 5074 1198 5125 qu.e
1231 5061 1283 5111 in
1324 5006 1760 5134 editioneTll-uetii
1792 5059 1887 5134 de-
1979 5073 2182 5110 vorem
2236 5059 2410 5134 hunc,
2436 5075 2454 5108 ι
2485 5057 2675 5134 donec,
2717 5075 2735 5106 ι
2767 5057 2852 5134 ad_
2872 5055 3103 5134 verbum
3143 5053 3215 5134 ita
3242 5054 3560 5134 exigendam

316 5124 644 5192 siderantur,
673 5144 816 5181 nunc
865 5124 1184 5196 supplentur
1209 5143 1238 5180 e
1267 5129 1426 5181 codd.
1457 5127 1736 5189 Vaticano,
1777 5128 1886 5179 An-
1993 5143 2113 5180 esse
2161 5127 2444 5182 contendis
2467 5167 2479 5184 .
2513 5128 2626 5194 pari
2673 5140 2802 5194 ergo
2831 5124 2954 5194 jure
2984 5125 3306 5196 contendam
3356 5125 3561 5192 reliqua

314 5199 544 5266 glicauo,
578 5207 634 5252 et
670 5193 987 5251 Tariniano.
1032 5196 1198 5250 Paulo
1234 5205 1356 5266 post
1402 5212 1499 5264 pro
1536 5197 1882 5265 ἐνισταμένου
1994 5197 2177 5250 itidem
2205 5199 2394 5251 stricte
2429 5206 2484 5249 et
2516 5193 2714 5265 presse
2742 5193 2864 5250 esse
2885 5193 3222 5266 extilicanda.
3262 5193 3395 5266 co...
3430 5208 3560 5260 ergo

313 5265 404 5320 τοῦ
441 5269 648 5339 ἐτέρου,
677 5266 1165 5339 οοιΙιΙηγιιιίθιιιιυε
1210 5277 1264 5320 et
1311 5265 1640 5321 Tarinianus
1687 5268 1886 5319 habent

310 5337 751 5409 εἰσενηνεγμένου
777 5337 872 5392 τοῦ
905 5338 1112 5409 ἑτέρου.

383 5406 459 5475 (2)
479 5404 868 5477 κατάστημα,
898 5404 1010 5462 τοῦ
1029 5408 1159 5474 περὶ
1185 5405 1318 5474 τήν,
1345 5404 1746 5461 etc.A1ticulus
1767 5404 1882 5477 τοῦ,

352 5477 406 5528 ui
433 5481 486 5530 in
516 5478 687 5533 Haetii
705 5475 892 5532 codice
912 5479 1342 5540 desiderabatur,
1365 5477 1646 5545 suppletur
1665 5489 1694 5528 e
1720 5475 1879 5530 codd.

361 5548 580 5602 atieano
607 5559 659 5602 et
686 5547 1000 5626 'l‘arittiauo.
1032 5548 1173 5626 Loco
1198 5555 1382 5626 autem
1409 5547 1558 5626 περί,
1593 5547 1878 5612 legendum

311 5614 547 5672 fortasse
576 5619 817 5688 peragat
845 5619 1038 5688 legisse
1067 5618 1276 5688 videtur
1304 5625 1458 5688 vetus
1480 5614 1770 5688 interpres.

384 5688 462 5754 (5)
491 5684 667 5740 Codex
707 5684 1054 5749 Tariniauus,
1087 5687 1291 5755 σαφῶς,
1328 5695 1383 5741 et
1412 5685 1571 5751 intra,
1603 5684 1877 5754 διδομένου

239 5761 248 5768 ’
319 5755 403 5809 τοῦ
434 5755 778 5814 συντελέσθαι
805 5759 1004 5820 αὐτοῖς.

384 5828 459 5894 μ)
492 5828 672 5880 Codex
707 5826 914 5893 'l'arin.,
941 5826 1208 5880 ἁπολίοων.
1235 5825 1480 5888 lluciius,
1506 5819 1782 5877 ἀπολύειν.
1808 5855 1877 5866 --

1993 5267 2255 5335 scriptum
2309 5268 2382 5320 sit
2428 5259 2727 5335 Christum
2757 5259 3022 5335 omnibus
3053 5263 3254 5335 diebus
3307 5259 3556 5335 futurum

1993 5331 2121 5388 cuni
2153 5335 2472 5404 discipulis;
2527 5351 2554 5388 a
2597 5333 2879 5401 discipulis
2914 5333 3190 5388 occidente
3239 5331 3382 5404 sole,
3434 5347 3557 5384 cum

1992 5406 2240 5463 videlicet
2267 5401 2609 5471 ii'niturdies,
2641 5406 2916 5458 abiturum
2959 5418 3082 5455 eum
3134 5401 3451 5471 concludam
3479 5404 3556 5470 (ut

1991 5475 2080 5528 ille
2119 5478 2243 5544 qui,
2281 5469 2739 5542 quemadmcidum
2772 5489 2802 5526 a
2839 5472 3102 5544 Cicerone
3145 5471 3238 5525 lib.
3272 5486 3288 5522 t
3325 5469 3556 5544 Deoﬁic,

1987 5540 2248 5615 scriptum
2278 5540 2381 5615 est,
2411 5560 2532 5597 cum
2560 5544 2779 5612 triginta
2809 5543 3016 5615 dierum
3043 5548 3226 5594 essent
3253 5553 3377 5593 eum
3398 5540 3559 5615 hoste

1988 5610 2157 5685 pactae
2190 5614 2444 5677 imlueise,
2472 5610 3027 5685 noctu‘pOpuiabatur
3055 5625 3234 5678 agros,
3264 5610 3410 5678 quod
3438 5611 3555 5685 die;

1988 5678 2135 5748 i'um,
2174 5701 2279 5737 non
2308 5686 2547 5738 noctium
2591 5678 2864 5750 induciae).
2898 5678 3010 5752 [lac
3036 5689 3216 5733 autem
3246 5681 3558 5752 SUSplClU..Q

1987 5757 2265 5810 exsolvere
2296 5768 2394 5808 nos
2418 5754 2665 5810 Christus
2697 5753 2886 5806 voluit.
2923 5750 3182 5806 ΙΙιιετιυε.
