4028 6296
454 355 598 413 1065

1902 334 2226 390 OllIGliNlS

3579 324 3723 382 ιοοι

456 483 612 533 rum;
647 465 721 519 ita
742 470 796 519 et
821 462 925 516 hoc
947 459 1068 514 loco
1093 454 1440 528 perspicuum
1463 453 1533 510 iis
1561 468 1684 509 esse
1711 452 1905 525 opinor
1932 451 2026 522 qui

2137 446 2349 519 θρώπου
2373 444 2663 516 ἐρχόμενον
2687 444 2747 496 ἐν
2772 444 2837 513 τῇ
2868 439 3114 512 βασιλείᾳ
3141 436 3331 503 αὐτοῦ,
3368 454 3389 489 ι
3418 435 3516 493 καὶ
3547 435 3727 491 ἰδόντα

453 574 636 617 rerum
671 550 1115 623 consequentiam
1161 546 1513 604 considerare
1547 546 1749 609 sciunt,
1780 558 1905 599 eum
1938 541 2030 613 qui

453 648 621 703 semel
655 643 853 699 viderit
882 661 900 691 ι
933 639 1131 693 Filium
1160 636 1400 692 hominis
1421 636 1727 691 venientem
1766 635 1819 688 in
1867 646 2034 702 regno

453 755 574 803 suo,
606 756 624 789 ι
658 734 1025 801 eumdemque
1073 730 1128 783 in
1180 728 1351 799 gloria
1377 742 1498 790 sua,
1527 744 1547 777 ι
1581 736 1636 782 et
1679 740 1906 795 regnum
1943 722 2032 777 Dei

453 830 674 886 veniens
703 827 755 880 in
788 825 986 879 virtute
1008 823 1075 888 ⁸⁸,
1113 841 1132 872 ι
1168 819 1392 874 minime
1418 818 1735 887 illum,post
1761 824 2033 870 tantorum

451 925 718 978 bonorum
746 917 1165 986 inspectionem,
1197 919 1425 964 mortem
1453 909 1889 979 degustaturum.
1915 903 2034 958 Non

449 1021 645 1084 prater
671 1010 940 1065 rationem
976 1015 1158 1059 autem
1193 1001 1628 1057 existimavimus
1666 998 1874 1067 absque
1904 1011 2034 1065 pro-

450 1103 733 1162 missionis
760 1100 891 1156 Jesu
934 1110 1189 1153 sermone
1230 1094 1618 1163 degustaturos
1649 1102 1749 1142 nos
1779 1100 2032 1151 mortem,

447 1193 691 1267 quandiu
729 1189 878 1260 digni
911 1186 1079 1241 habiti
1114 1200 1218 1238 non
1252 1182 1519 1236 fuerimus
1557 1178 1650 1249 qui
1683 1192 1908 1247 regnum
1941 1175 2036 1230 Dei

450 1289 505 1342 in
543 1288 744 1340 virtute
772 1281 1018 1345 veniens,
1048 1288 1102 1333 et
1135 1275 1332 1330 Filium
1367 1272 1605 1328 hominis
1628 1270 1937 1325 venientem
1978 1267 2034 1323 in

447 1376 618 1448 gloria
652 1383 708 1428 et
739 1386 906 1442 regno
934 1383 1036 1424 suo
1065 1367 1392 1420 videremus.

517 1470 607 1522 55.
657 1466 930 1532 Quoniam
966 1471 1149 1516 autem
1208 1460 1297 1513 hic
1338 1457 1481 1527 apud
1528 1465 1641 1511 tres
1677 1453 2037 1523 evangelistas

447 1561 713 1629 scriptum
747 1565 872 1612 est:
922 1572 941 1605 ι
976 1552 1094 1607 Νοη
1148 1551 1446 1622 gustabunt
1486 1557 1714 1603 mortem
1736 1547 1812 1613 ⁸³;
1847 1565 1864 1597 ι
1894 1543 2034 1615 apud

447 1647 586 1700 alios
621 1654 802 1698 autem
833 1643 1048 1696 diversa
1085 1641 1153 1694 de
1187 1647 1363 1693 morte
1390 1638 1585 1691 tradita
1628 1644 1758 1691 sunt
1780 1634 1850 1699 ⁸⁸,
1880 1643 2035 1689 extra

446 1753 562 1791 rem
596 1750 704 1790 non
727 1733 831 1788 erit
856 1731 1106 1801 opposita
1139 1731 1251 1785 haec
1273 1745 1397 1785 cum
1428 1743 1559 1783 voce
1591 1743 1676 1793 ea,
1699 1746 1718 1778 ι
1741 1734 1980 1796 gustare,
2009 1744 2027 1776 ι

448 1827 718 1883 conferre.
765 1824 821 1879 ln
870 1823 1103 1879 Psalmis
1142 1823 1309 1891 igitur
1341 1821 1547 1875 dictum
1592 1828 1682 1875 est
1722 1817 1768 1851 ⁸⁵
1800 1836 1813 1873 :
1850 1836 1869 1869 ι
1902 1816 2038 1884 Quis

445 1929 532 1973 est
557 1919 724 1972 homo
755 1917 844 1986 qui
898 1915 1072 1976 vivet,
1118 1923 1172 1967 et
1221 1926 1326 1966 non
1364 1911 1570 1965 videbit
1617 1908 1881 1964 mortem?
1921 1927 1940 1960 ι
1985 1917 2039 1962 et

447 2026 644 2066 rursus
688 2009 815 2064 alibi
854 2008 943 2062 ⁸⁶ε
981 2026 999 2058 ι
1037 2006 1228 2060 Veniat
1262 2019 1412 2058 mors
1460 2018 1627 2072 super
1674 2001 1818 2066 illos,
1864 2010 1919 2055 et
1944 2001 2041 2055 de-

2134 538 2294 592 αύτὺν
2326 538 2384 590 ὲν
2414 538 2481 607 τῇ
2523 535 2649 607 δόξῃ
2688 532 2877 598 αὑτοῦ,
2917 550 2937 583 ί
2974 532 3069 585 καὶ
3099 530 3274 586 ἰδόντα
3299 529 3399 603 τὴν
3448 527 3727 599 βασιλείαν

2134 628 2227 682 τοῦ
2259 627 2393 681 Θεοῦ
2426 625 2745 697 ἐληλυθυῖαν
2771 626 2828 677 ὲν
2851 624 3099 695 δυνάμει,
3140 641 3160 676 ι
3208 622 3311 675 ούκ
3351 620 3417 675 ἂν
3457 620 3727 693 μετά⁰τὴν

2133 719 2241 774 τῶν
2268 717 2600 790 τηλικούτων
2631 715 2850 787 ἀγαθῶν
2873 716 3106 788 θεωρίαν
3134 714 3365 769 θανάτου
3397 710 3718 778 γεύσασθαι.

2135 812 2209 865 Τὸ
2236 812 2405 883 χωρὶς
2451 810 2508 863 δὲ
2555 810 2650 864 τοῦ
2708 810 2867 878 λόγου
2916 810 3012 880 τῆς
3041 806 3374 878 ἐπαγγελίας
3402 805 3500 860 τοῦ
3544 806 3720 879 Ἰησοῦ

2135 906 2234 960 οὐκ
2263 904 2473 974 ἀλόγως
2500 903 2567 957 ἂν
2587 903 2970 974 ύπενοήσαμεν
2994 900 3292 970 γεύσασθαι
3315 899 3569 965 θανάτου,
3597 900 3722 957 ὅσον

2135 992 2347 1047 οὐδέπω
2386 991 2802 1065 κατηξιώθημεν
2845 992 2973 1046 ἰδεῖν
3004 991 3103 1062 τὴν
3142 990 3417 1061 βασιλείαν
3445 988 3539 1043 τοῦ
3581 989 3718 1046 Θεοῦ

2137 1085 2457 1157 ἐληλυθυῖαν
2507 1086 2564 1137 ἐν
2608 1084 2856 1155 δυνάμει,
2904 1082 3000 1136 καὶ
3026 1084 3117 1137 τὸν
3154 1081 3283 1136 Υιὸν
3306 1081 3399 1135 τοῦ
3431 1081 3721 1154 ἀνθρώπου

2136 1177 2429 1249 ἐρχόμενον
2460 1177 2517 1230 ὲν
2543 1177 2608 1246 τῇ
2636 1174 2761 1246 δόξῃ
2784 1174 2949 1227 αὑτοῦ
2982 1175 3077 1228 καὶ
3102 1175 3161 1229 ὲν
3195 1175 3260 1245 τῇ
3287 1173 3553 1244 βασιλείᾳ.

2208 1442 2374 1497 ’Ἐπεὶ
2401 1442 2461 1496 δὲ
2487 1442 2723 1498 ἐνταῦθα
2753 1443 2853 1514 μὲν
2880 1444 3189 1516 γέγραπται
3226 1444 3379 1515 παρά
3404 1447 3515 1510 τοῖς
3541 1446 3719 1517 τρισὶν

2136 1538 2555 1607 εύαγγελισταίς
2586 1536 2664 1590 τό·
2695 1555 2713 1587 ι
2739 1536 2813 1590 Οὐ
2848 1536 2922 1607 μὴ
2958 1536 3246 1605 γεύσονται
3276 1537 3561 1603 θανάτου,ι
3591 1539 3721 1595 ἒνδὶ

2137 1630 2320 1694 ἄλλοις
2351 1631 2587 1700 διάφορα
2618 1628 2749 1700 περὶ
2780 1628 3036 1693 θανάτου,
3097 1630 3195 1682 οὐκ
3247 1630 3444 1684 ἄτοπον
3499 1631 3722 1686 κάκεῖνα

2138 1722 2516 1796 παραθέμενον
2552 1720 2901 1786 συνεξετασαι
2924 1719 3003 1792 τῷ
3035 1741 3053 1772 ι
3094 1720 3412 1790 γεύσασθαι.
3450 1741 3469 1774 ι
3501 1723 3593 1777 Ἐν
3624 1725 3722 1795 μὲν

2140 1811 2233 1868 οὖν
2256 1817 2370 1878 τοῖς
2399 1812 2651 1883 Ψαλμοῖς
2681 1813 2948 1867 λέλεκται·
2988 1832 3007 1863 ‹
3038 1811 3135 1876 Τίς
3160 1813 3312 1866 ἐστιν
3336 1812 3622 1885 ἄνθρωπος
3664 1815 3723 1880 δς

2142 1905 2392 1977 ζήσεται,
2422 1904 2515 1957 καὶ
2561 1904 2663 1956 οὐκ
2694 1903 2884 1973 ὅψεται
2919 1902 3190 1968 θάνατονς
3249 1922 3267 1955 ι
3331 1905 3427 1958 καὶ
3473 1904 3637 1960 πάλιν
3665 1908 3724 1959 ἐν

2140 1995 2287 2066 ἄλλῳ
2318 1995 2487 2066 τόπῳ·
2518 2012 2536 2045 r
2581 1992 2813 2047 Ἐλθέτω
2840 1993 2896 2046 δὲ
2943 1993 3173 2055 θάνατος
3233 1994 3319 2048 ἐπ’
3349 1996 3568 2061 αὐτοὺς,
3631 1999 3726 2053 καὶ

447 2104 713 2159 scendant
740 2101 793 2154 in
829 2098 1102 2154 infernum
1129 2097 1452 2165 viventes”
1485 2104 1539 2148 et
1567 2094 1618 2147 in
1646 2094 1831 2163 aliquo
1855 2107 1886 2146 e
1913 2107 2031 2161 pro-

2141 2088 2540 2158 καταϐήτωσαν
2567 2087 2649 2149 εἰς
2677 2084 2805 2156 ᾅδου
2852 2084 3105 2149 ζῶντες)
3144 2087 3202 2139 ὲν
3236 2085 3294 2139 δέ
3325 2104 3429 2140 τινι
3451 2086 3559 2141 τῶν
3593 2106 3723 2160 προ-

447 2195 622 2265 phctis
645 2194 740 2246 "z
794 2209 813 2243 ‹
863 2188 1162 2245 Ahsorbuit
1209 2202 1359 2242 mors
1414 2185 1748 2256 praevalens;
1802 2203 1820 2235 ι
1871 2194 1925 2237 et
1983 2183 2036 2236 in

445 2283 768 2355 Apocalypsi
810 2282 896 2336 ⁸⁸;
946 2300 967 2332 ι
1001 2280 1149 2335 Mors
1183 2288 1237 2333 et
1264 2276 1511 2333 infernus
1537 2285 1842 2346 sequuntur
1870 2289 2037 2343 quos-

448 2378 596 2431 dam.
643 2396 660 2426 ι
698 2374 793 2428 llis
846 2382 1029 2428 autem
1080 2371 1215 2426 locis
1275 2368 1420 2424 aliud
1472 2368 1606 2423 mihi
1656 2368 1871 2422 videtur
1917 2381 2039 2421 esse

445 2479 676 2524 mortem
710 2468 1018 2538 degustare,
1063 2463 1211 2518 aliud
1249 2461 1431 2517 videre
1464 2476 1585 2516 eam
1607 2499 1623 2525 ,
1659 2459 1804 2513 aliud
1837 2456 2037 2527 aliqui-

448 2564 550 2617 bus
595 2576 715 2615 eam
767 2559 1149 2628 supervenire;
1184 2564 1300 2609 tum
1330 2562 1527 2623 praeter
1555 2552 1838 2622 praedicta,
1868 2565 2037 2620 quar-

446 2663 562 2708 tum
595 2653 723 2723 quid
755 2651 863 2706 illis
890 2647 1187 2719 significari
1213 2665 1228 2701 :
1257 2663 1277 2696 ¢
1310 2644 1611 2699 Absorbuit
1639 2657 1788 2697 mors
1825 2656 2035 2711 praeva-

448 2744 598 2810 lens;
654 2761 673 2793 ι
723 2751 778 2795 et
834 2739 1086 2808 quintum
1140 2736 1272 2807 quid
1328 2744 1593 2804 praeterea
1641 2733 1728 2787 his
1785 2731 1967 2786 verbis
2018 2747 2030 2781 :

454 2851 474 2884 ι
505 2831 651 2887 Mors
680 2840 734 2885 et
768 2828 1015 2883 infernus
1043 2833 1350 2895 sequuntur
1376 2838 1492 2878 eos.
1523 2840 1541 2873 ι
1572 2820 1653 2875 Tu
1685 2834 1815 2874 vero
1842 2826 2036 2887 prmter

445 2940 539 2981 eas
566 2939 705 2993 quas
735 2920 1064 2990 protulimus
1101 2916 1348 2971 invenies
1395 2914 1630 2968 fortasse
1676 2912 2033 2975 differentias,

450 3013 492 3067 si
526 3027 621 3065 eas
654 3010 975 3079 collegeris;
1023 3022 1161 3077 quas
1198 3006 1429 3059 invicem
1474 3002 1635 3073 556
1673 3017 2032 3071 componens,

446 3113 503 3159 et
530 3112 677 3156 recte
721 3099 1077 3164 investigatis,
1109 3112 1197 3151 res
1231 3111 1562 3164 unoquoque
1592 3095 1713 3148 loco
1755 3092 2034 3163 signiﬁca-

448 3205 531 3249 tas
559 3192 819 3262 reperies.
855 3188 987 3243 Illud
1022 3196 1203 3242 autem
1253 3187 1305 3239 in
1359 3185 1444 3240 his
1492 3200 1698 3254 quaero,
1743 3200 1811 3237 an
1851 3184 2034 3238 minus

447 3286 650 3342 malum
676 3286 748 3339 sit
775 3293 1004 3338 mor:em
1031 3280 1234 3345 videre;
1268 3278 1447 3349 majus
1470 3288 1650 3331 autem
1678 3277 1790 3343 illo,
1815 3288 2034 3347 gustare

449 3392 612 3443 eam;
645 3377 748 3431 hoc
790 3375 915 3430 item
959 3372 1134 3444 pejus,
1182 3379 1412 3425 mortem
1444 3369 1597 3439 sequi
1637 3369 1897 3439 aliquem,
1936 3385 2035 3423 nec

2141 2177 2345 2245 φητῶνι
2384 2196 2401 2228 ι
2426 2177 2703 2232 Κατὲπιεν
2733 2181 2761 2231 ὁ
2809 2176 3037 2242 θάνατος
3091 2177 3313 2248 ἰσχύσας
3348 2178 3446 2248 (5)'
3495 2198 3514 2230 ι
3578 2180 3637 2234 ἐν
3666 2178 3721 2233 δὲ

2139 2270 2204 2339 τῇ
2252 2267 2638 2337 ’Δποκαλύψεν
2671 2287 2691 2320 ι
2742 2269 2803 2322 ’0
2850 2267 3078 2333 θάνατος
3116 2269 3210 2323 καὶ
3254 2271 3283 2323 ὁ
3320 2268 3451 2341 ᾅδης
3492 2271 3720 2325 ἀκολου-

2141 2358 2223 2412 θεῖ
2248 2376 2445 2412 τισιν.»
2496 2358 2588 2412 Ἑν
2629 2358 2841 2423 τούτοις
2861 2360 2918 2413 δὲ
2948 2360 3095 2414 δοκεῖ
3123 2378 3214 2433 μοι
3234 2362 3421 2435 ἓτερον
3462 2364 3561 2437 μὲν
3585 2359 3725 2421 εἶναι

2138 2448 2199 2500 τὸ
2224 2447 2526 2516 γεύσασθαι
2553 2448 2807 2514 θανάτου,
2843 2450 3028 2522 ἕτερον
3058 2450 3116 2504 δὲ
3155 2451 3216 2505 τὸ
3252 2452 3382 2507 ἰδεῖν
3411 2454 3594 2520 αὑτὸν,
3629 2456 3725 2513 καὶ

2139 2539 2267 2593 ἄλλο
2292 2538 2353 2592 τὸ
2378 2538 2554 2593 ἐλθεῖν
2587 2538 2750 2594 αὐτὸν
2784 2541 2876 2594 ὲπι
2902 2557 3075 2606 τινας,
3110 2543 3205 2597 καὶ
3234 2542 3491 2617 τέταρτον
3524 2546 3725 2618 σημαῑ.

2138 2631 2326 2685 νεσθαι
2386 2630 2539 2700 ποιρά
2574 2630 2641 2685 τὰ
2675 2631 3051 2704 προειρημένα
3098 2634 3162 2688 ὲκ
3186 2632 3304 2686 τοῦ⁵
3342 2653 3361 2687 r
3391 2636 3664 2691 Κατέπιεν
3692 2640 3724 2695 6

2123 2718 2367 2788 ’θάνατος
2398 2724 2674 2795 ῖσχύσας,›
2732 2726 2828 2779 καὶ
2859 2726 3110 2797 πέμπτον
3167 2743 3221 2780 τι
3255 2728 3408 2798 παρά
3458 2728 3632 2784 ταῦτα
3656 2732 3723 2787 ἐκ

2135 2816 2251 2870 τοῦ⁸
2285 2837 2303 2868 ι
2343 2817 2402 2870 '0
2430 2817 2661 2880 θάνατος
2700 2817 2794 2870 καὶ
2829 2818 2857 2871 ὁ
2889 2814 3022 2888 ᾅδης
3044 2816 3330 2872 ἀκολουθεῖ
3359 2819 3719 2882 αύτοῖς.ιΚαὶ

2138 2910 2203 2963 σὺ
2230 2909 2275 2962 δ’
2305 2909 2703 2980 ἀναλεξάμενος
2720 2910 2859 2981 τάχα
2886 2909 3068 2982 εὕροις
3083 2910 3178 2964 καὶ
3198 2910 3390 2982 ἑτέρας
3417 2910 3564 2982 παρά
3581 2907 3713 2962 ταύρ

2135 3019 2254 3065 τας,
2293 2994 2369 3055 ὧν
2432 3002 2861 3073 ὑπεμνήσθημεν
2920 3003 3199 3074 διαφορὰς,
3232 3004 3449 3065 ἅστινας
3481 3018 3711 3074 παρατι-

2137 3094 2250 3159 θεὶς
2283 3095 2561 3167 ἀλλήλαις,
2598 3094 2693 3148 καὶ
2721 3095 2896 3167 ὀρθῶς
2922 3094 3122 3167 ζητῶν,
3156 3095 3330 3167 εὕροις
3359 3095 3423 3149 ἂν
3472 3094 3543 3148 τὰ
3589 3094 3712 3149 καθ’

2136 3190 2366 3244 ἕκαστον
2386 3190 2550 3243 τόπον
2588 3190 2965 3261 σημαινόμενα
3021 3192 3343 3263 πράγματα.
3386 3188 3544 3260 Ζητῶ
3571 3190 3628 3244 δὲ
3659 3191 3720 3243 ἐν

2135 3281 2344 3345 τούτοις
2379 3280 2453 3351 (6)
2492 3281 2702 3351 μήποτε
2733 3280 2956 3334 ἔλαττον
3001 3281 3100 3351 μὲν
3134 3280 3303 3335 κακόν
3350 3282 3466 3334 ἐστι
3500 3280 3561 3334 τὸ
3590 3281 3719 3335 ἰδεῖν

2136 3374 2384 3436 θάνατον,
2418 3372 2607 3427 τούτου
2645 3371 2702 3427 δὲ
2738 3372 2920 3443 μεῖζον
2949 3373 3009 3426 τὸ
3040 3371 3340 3441 γεύσασθαι
3365 3369 3551 3437 αὐτοῦ,
3589 3372 3709 3424 τού-

446 3468 602 3537 sequi
648 3467 851 3534 solum,
887 3466 982 3520 scd
1032 3474 1086 3519 et
1127 3464 1201 3518 illi
1251 3464 1623 3533 supervenire,
1665 3477 1902 3533 eumque
1933 3477 2031 3531 ap-

2137 3483 2229 3519 του
2251 3465 2306 3519 δὲ
2339 3464 2419 3518 ἔτι
2450 3466 2630 3537 χεῖρον
2665 3465 2741 3534 (7)
2761 3464 2822 3521 τὸ
2852 3463 3163 3519 ἀκολουθεῖν
3196 3481 3305 3517 τινι
3347 3463 3596 3529 θάνατον,
3624 3464 3718 3519 καὶ

447 3558 787 3631 prehendere
829 3572 991 3627 quem
1040 3556 1193 3626 prius
1222 3555 1586 3625 sequebatur;
1616 3554 1895 3610 absorberi
1937 3570 2035 3608 au—

445 3660 576 3715 tem,
605 3647 853 3703 omnium
883 3662 1074 3701 eorum
1119 3660 1242 3716 qua:
1282 3645 1428 3701 dicta
1468 3655 1599 3702 sunt
1640 3648 1774 3703 mihi
1818 3648 2035 3704 videtur

442 3756 565 3797 esse
592 3739 1003 3812 gravissimum.
1042 3738 1125 3794 Ad
1174 3739 1291 3793 haec
1338 3753 1469 3793 vero
1516 3755 1638 3809 qua:
1679 3739 1943 3808 diximus,
1979 3751 2035 3796 et

447 3842 795 3903 peccatorum
820 3847 943 3903 quae
965 3840 1346 3903 perpetrantur
1364 3830 1696 3888 differentias
1722 3833 2031 3899 attendens,

449 3924 597 3989 talia,
618 3925 832 3994 Opinor,
852 3939 883 3978 a
914 3922 1005 3978 Dei
1025 3921 1230 3995 Spiritu
1254 3922 1346 3993 qui
1375 3937 1438 3978 ea
1467 3933 1526 3978 ut
1552 3923 1606 3977 in
1635 3924 1872 3980 oraculis
1886 3923 2027 3979 divi-

447 4016 535 4070 nis
563 4016 970 4071 ascriberentur
1004 4012 1252 4085 perfecit,
1285 4014 1589 4084 excogitata
1629 4030 1750 4071 esse
1778 4016 2021 4073 animum

447 4108 706 4163 inducere
740 4121 851 4162 non
892 4105 1190 4162 dubitabis.
1225 4105 1383 4173 Quod
1430 4108 1474 4163 si
1502 4117 1694 4177 przeter
1722 4123 1787 4164 ea
1821 4124 1944 4179 quae
1990 4125 2022 4164 a

442 4198 603 4256 nobis
628 4207 1052 4257 commemorata
1097 4208 1248 4267 sunt,
1289 4198 1491 4254 clarius
1521 4201 1899 4271 exponendum
1938 4211 2023 4257 est

2133 3558 2195 3611 ού
2232 3557 2394 3629 μόνον
2420 3554 2754 3621 ἀκολουθεῖν,
2781 3555 2920 3610 ἀλλά
2956 3556 3049 3611 καὶ
3074 3555 3175 3627 ἤδη
3204 3555 3380 3610 ἐλθεῖν
3408 3555 3496 3609 ἐπ’
3528 3554 3717 3618 αὐτὸν,

2135 3650 2230 3704 καὶ
2263 3648 2593 3706 καταλαϐεῖν
2618 3649 2823 3702 ἐκεῖνον
2850 3640 2895 3716 ᾧ
2944 3648 3208 3720 πρότερον
3238 3647 3542 3718 ὴκολουθει·
3571 3647 3632 3701 τὸ
3661 3646 3717 3699 δὲ

2137 3742 2515 3814 καταποθῆναι
2544 3740 2764 3800 πάντων
2820 3739 2967 3793 δοκεῖ
2998 3757 3090 3811 μοι
3125 3738 3423 3813 βαρύτερον
3451 3734 3717 3793 εἶναιτῶν

2135 3835 2464 3908 εἰρημένων.
2523 3834 2856 3904 Ἐπιστήσας
2904 3831 2962 3885 δὲ
3007 3834 3119 3895 τοῖς
3176 3832 3488 3904 εἰρημένοις
3527 3830 3621 3890 κειὶ
3649 3833 3715 3905 τῇ

2131 3926 2366 3997 διαφορᾷ
2388 3923 2498 3978 τῶν
2531 3922 3019 3995 ἁμαρτανομένων,
3052 3924 3154 3977 οὐκ
3209 3924 3482 3995 ὀκνήσεις,
3542 3919 3714 3993 οἶμαι,

2132 4014 2540 4089 παραδέξασθαι
2554 4014 2786 4068 τοιαῦτά
2804 4032 2927 4069 τινα
2940 4014 3229 4086 νενοῆσθαι
3254 4014 3332 4086 τῷ
3358 4015 3717 4086 ὲνεργήσαντι

2127 4109 2301 4164 ταῦτα
2324 4108 2600 4180 γραφῆναι
2625 4110 2682 4161 ὲν
2712 4110 2826 4171 τοῖς
2862 4106 3062 4176 λογίοις
3118 4107 3210 4160 τοῦ
3240 4105 3376 4163 Θεοῦ
3410 4104 3707 4177 Πνεύματι.

2129 4203 2193 4255 El
2220 4201 2278 4255 δὲ
2310 4200 2462 4273 παρὰ
2487 4199 2556 4253 τὰ
2583 4199 2850 4271 εἰρημένα
2906 4199 3235 4272 σαφέστερον
3262 4197 3516 4256 ἐκθέσθαι
3541 4198 3624 4256 δεῖ
3649 4195 3704 4252 τί

1646 4314 1876 4372 VETUS
1916 4313 2498 4372 INTERPBETATIO.

443 4426 581 4480 vidit
606 4424 803 4482 Filium
830 4426 1072 4500 hominis
1110 4428 1411 4482 venientem
1443 4428 1495 4482 in
1524 4444 1691 4499 regno
1730 4446 1853 4493 suo,
1886 4439 1942 4485 ct
1988 4431 2126 4486 vidit
2175 4445 2299 4486 eum
2347 4429 2400 4483 iu
2446 4429 2615 4500 gloria
2661 4443 2781 4500 sua,
2818 4441 2873 4484 et
2894 4445 3119 4500 regnum
3157 4428 3378 4483 veniens
3402 4427 3455 4481 in
3486 4425 3729 4500 virtute,

443 4507 569 4619 post
597 4506 873 4552 tantorum
902 4497 1167 4576 bonorum
1204 4473 1716 4577 spectaculrimojam
1745 4473 2088 4571 ncq'uaquam
2117 4501 2361 4570 gustabit
2406 4473 2659 4553 inibi-leni.
2702 4473 2833 4553 Sine
2874 4473 3267 4554 vevr'bouautcm
3329 4473 3713 4566 promissionis

475 4581 595 4619 esu.
634 4581 741 4619 non
775 4567 892 4619 sine
924 4576 1133 4619 ratione
1163 4564 1393 4619 forsrtan
1427 4567 1867 4619 existimabimus
1901 4581 2123 4619 mrslare
2153 4582 2382 4619 mortem
2420 4569 2659 4619 ouamlin
2688 4569 2836 4619 digni
2867 4569 3035 4619 habiti
3071 4586 3178 4619 non
3212 4569 3416 4619 fuerint
3454 4567 3711 4619 homines

475 4581 748 4653 estquae
775 4567 892 4653 sine
924 4566 1133 4647 ratione
1163 4564 1393 4653 forsitan
1427 4564 1867 4648 existimabimus
1901 4564 2382 4653 gustare'mortem
2420 4569 2659 4638 quandiu
2688 4569 3035 4653 dignihabiti
3071 4586 3178 4624 non
3212 4564 3416 4625 fuerint
3454 4567 3711 4623 homines

444 4635 627 4722 videre
652 4636 847 4722 Eilium
874 4636 1112 4722 hominis
1145 4636 1448 4722 venientem
1473 4636 1526 4722 in
1556 4654 1720 4708 regno
1749 4654 1870 4722 suo2
1899 4635 1954 4695 ἐι
1982 4641 2036 4696 in
2066 4641 2393 4722 gloria_sua,
2428 4635 2481 4693 et
2513 4635 2865 4722 regnum'Qei
2901 4640 2953 4693 in
2985 4639 3212 4694 virtute.

520 4705 623 4789 2³»ξὼΔ
651 4705 920 4789 Quoniam
956 4707 1044 4789 h_ic
1068 4706 1283 4789 quidem
1321 4709 1581 4789 scriptum
1615 4705 1701 4763 est
1728 4710 1869 4778 apud
1897 4718 2007 4766 tres
2034 4705 2417 4789 evangelistas.
2446 4727 2475 4789 γε
2504 4705 2935 4789 nongustabuut
2962 4719 3214 4789 mortem,
3248 4728 3267 4760 ι
3291 4709 3508 4789 _in_alii_s
3531 4715 3708 4789 autem

448 4773 748 4858 Scripturis
776 4777 932 4858 varia.
957 4777 1242 4858 μεντιονεοῄ
1258 4786 1386 4831 sunt
1413 4773 1556 4831 dicta
1586 4797 1599 4833 :
1630 4773 1865 4858 u_on_:est_
1887 4773 2285 4858 supervacu'um
2321 4788 2380 4858 ut
2406 4779 2570 4858 etiam
2610 4773 2697 4832 illa
2737 4778 3084 4858 conferentes
3110 4794 3255 4858 _cum
3289 4779 3410 4837 istis
3450 4777 3711 4858 discutia-

448 4858 583 4949 212's.
591 4844 815 4949 largius:
824 4845 979 4949 'qu‘id)
986 4846 1078 4949 lsiit
1111 4856 1336 4949 mogtem
1371 4858 1609 4949 gustare.
1652 4848 1709 4902 In
1743 4844 1977 4949 Psalmis
2004 4851 2210 4949 diptum
2249 4857 2371 4949 est:
2408 4865 2434 4930 ,ι
2470 4846 2606 4949 Quis
2639 4857 2723 4902 est
2754 4850 2917 4949 homo
2943 4849 3036 4949 qui
3074 4849 3236 4949 viv'et,
3270 4859 3327 4902 et
3364 4864 3472 4949 noln
3505 4847 3711 4949 lvidebit

486 4932 492 4949 ξ
746 4933 764 4949 .
877 4932 889 4949 .
1008 4933 1018 4949 .
1046 4933 1076 4949 ι.
1108 4934 1120 4946 .
1153 4936 1171 4949 ,
1245 4932 1364 4949 πη...
1428 4932 1574 4949 mm...
1607 4933 1770 4949 mm...
1798 4936 1809 4949 .
1858 4936 1915 4949 η,
1969 4932 2015 4949 η.
2048 4935 2241 4949 ...........
2286 4934 2351 4949 ..η
2408 4935 2459 4949 ...
2575 4934 2767 4949 ...........
2795 4935 2826 4949 ..
2852 4935 2949 4949 ......
2979 4936 3033 4949 ..ρ
3094 4938 3110 4949 .
3175 4930 3278 4949 ω...
3472 4933 3499 4949 ..
3528 4931 3705 4949 mm...

447 4922 676 4966 mortem

746 4933 764 4963 ι
801 4913 927 4967 Item
950 4915 1077 4988 alibi
1108 4934 1120 4968 :
1153 4936 1171 4967 ι
1199 4913 1397 4972 Veniat
1428 4932 1576 4973 mors
1607 4933 1770 4987 super
1798 4920 1938 4984 illos,
1968 4932 2022 4977 et
2047 4920 2378 4975 descendant
2406 4920 2460 4972 in
2493 4918 2768 4988 infernum
2795 4913 3055 4974 viventes.
3093 4938 3111 4970 ι
3147 4920 3278 4973 Item
3305 4919 3447 4988 apud
3471 4917 3705 4987 aliquem

444 4982 876 5052 prophetarum:
907 5002 925 5034 ι
954 4985 1254 5040 Absorbuit
1285 5003 1432 5042 mors
1468 4982 1787 5057 praevalens.
1824 5009 1843 5040 ι
1879 4982 2011 5045 Item
2046 4990 2101 5045 iu
2136 4989 2519 5045 Revelatione:
2553 5007 2572 5039 ι
2605 4987 2750 5043 Mors
2789 4998 2844 5043 et
2884 4988 3132 5044 infernus
3160 4982 3428 5059 quosdam
3465 4982 3706 5060 sequun~

507 5097 552 5131 “
580 5095 746 5152 Marc.
776 5112 895 5161 vm,
919 5097 1008 5153 '59.

442 5167 489 5199 “
526 5168 699 5239 Apoc.
726 5184 803 5235 vr,
838 5168 892 5223 8.

516 5266 594 5337 (5)
634 5264 923 5323 Κατέπιεν
953 5267 986 5320 ό
1017 5264 1270 5332 θάνατος
1297 5267 1581 5337 ἰσχύσας.
1632 5265 1786 5324 lsaize
1813 5284 1939 5335 xxv,
1964 5269 2018 5325 8.

1098 5099 1145 5131 ⁸³
1165 5099 1299 5156 Ibid.

336 5366 339 5369 ’
439 5367 577 5432 ξἹῈηἾ
615 5342 721 5423 ἳιΕ
1102 5377 1118 5432 ς
1139 5358 1430 5432 ΑΚατὲπιεν
1459 5362 1488 5432 ό
1513 5359 1740 5425 θάνατος
1776 5361 2020 5432 ἰσχύσας.

442 5426 719 5501 Yulgata:
751 5446 768 5478 ι
810 5427 1178 5501 Praecipitahit
1206 5438 1434 5501 mortem
1472 5430 1525 5485 in
1558 5426 1969 5501 sempiternum.
1997 5451 2017 5484 ι

448 5496 523 5550 Ex
554 5496 717 5552 {ariis
745 5513 940 5553 vocum
969 5496 1459 5569 significationibus
1482 5496 1692 5571 duplex—
1711 5502 1799 5557 illa
1823 5503 2027 5572 prodiit

448 5591 835 5656 interpretatio.
868 5574 981 5655 y'n
1017 5590 1231 5660 proprie
1257 5600 1362 5656 est,
1389 5609 1407 5642 ‹
1428 5594 1660 5659 voravit,
1692 5594 2018 5664 absorpsit.»

447 5672 787 5762 Quia'autcm
814 5680 994 5733 omnia
1019 5680 1285 5762 absorbet
1314 5697 1486 5762 mare,
1518 5683 1644 5738 inde
1678 5670 1827 5762 3353,
1852 5702 2021 5739 κατα-

447 5750 717 5809 ποντίξειν
754 5762 894 5816 saepe
940 5750 1287 5807 reddiderunt
1324 5753 1654 5821 lnterpretcs
1689 5753 1854 5820 LXX,
1892 5769 2020 5811 uec-

1397 5100 1443 5134 ⁸⁸
1470 5100 1602 5157 Luc.
1633 5118 1710 5171 rx,
1739 5103 1831 5158 27.
1904 5104 1951 5137 ⁸³
1976 5102 2125 5161 Psal.
2184 5116 2451 5167 Lxxxvm,
2477 5100 2567 5156 49.

2663 5099 2713 5134 ⁸⁸
2744 5100 2893 5159 Psal.
2954 5115 3065 5165 ιιν,
3098 5099 3185 5156 16.
3280 5099 3325 5131 ⁸ν
3353 5096 3458 5154 lsa.
3491 5112 3619 5163 xxv,
3651 5096 3707 5156 8.

2125 5284 2235 5324 non
2270 5267 2487 5337 Aquila,
2519 5265 2864 5321 Theodotion
2913 5276 2966 5321 et
3001 5262 3405 5337 Symmachus.
3431 5263 3500 5317 At
3534 5278 3704 5337 καταο

2126 5331 2397 5407 ποντίζέιν
2420 5331 2786 5409 Hieronymus
2829 5331 3151 5409 nou_seinel
3178 5333 3434 5401 exposuit
3465 5352 3484 5385 ι
3521 5331 3709 5403 praeei-

2127 5406 2320 5479 pitare.
2360 5428 2379 5460 ι
2450 5406 2774 5479 ltemfmu,
2825 5425 2844 5458 ε
2890 5406 3131 5479 roburi
3169 5413 3364 5479 sonat,
3410 5413 3487 5479 εξ,
3516 5417 3711 5458 conse-

2126 5472 2355 5549 quenter
2375 5497 2394 5529 ι
2421 5472 2799 5549 aeternitatem.
2817 5495 2840 5549 ρ
2860 5491 2991 5549 qua_
3001 5475 3135 5549 nihil
3162 5473 3417 5549 validius.
3444 5472 3707 5549 Hunnus.

2199 5548 2277 5619 (6)
2296 5551 2563 5619 Τούτοις.
2612 5547 2705 5603 Sic
2732 5546 2901 5602 codex
2949 5544 3301 5607 Tarinianus,
3333 5545 3500 5601 editio
3526 5554 3709 5598 autem

2129 5616 2306 5672 Hu'ctii
2329 5618 2610 5681 τοιούτοις.

2198 5688 2276 5758 (7)
2308 5688 2427 5741 Ἔτι
2448 5687 2666 5758 χείρον.
2678 5684 2779 5758 _Sic
2798 5694 2944 5740 recte
2960 5684 3161 5758 habent
3174 5685 3335 5758 codd.
3353 5682 3711 5758 Ariglicanus,

2130 5752 2428 5815 Vaticanus
2442 5752 2495 5811 et
2508 5752 2863 5811 Tarinianus:
2884 5754 3025 5809 male
3039 5764 3217 5811 autem
3237 5755 3394 5823 alias,
3410 5752 3707 5824 ὲὶτίχειρον.
