4028 6296
295 466 435 523 1065

1243 463 1597 520 COMMENT.
1639 463 1706 518 IN
1746 461 2163 521 MAT'I‘IIIEUM
2203 462 2440 521 'I'OIIUS
2484 463 2598 518 XII.

3406 471 3545 531 1066

301 582 559 655 δηλοῦται
586 584 649 636 ’ἐν
678 579 755 652 τῷ
786 578 911 635 ἰδεῖν
941 581 1032 635 τὸν
1053 581 1181 635 Υἰδν
1205 582 1300 636 τοῦ
1324 577 1611 655 ἀνθρώπου
1640 587 1862 656 ἐρχόμε-

1968 585 2096 655 quid
2136 599 2231 656 per
2256 601 2374 641 eam
2412 585 2532 639 Filii
2566 584 2807 641 hominis
2836 585 3101 643 venientis
3133 587 3185 643 in
3219 604 3384 658 regno
3418 606 3541 659 suo,

297 694 388 731 νον
418 678 476 729 ἐν
508 678 572 746 τῇ
608 672 851 745 βασιλείᾳ
882 671 1070 739 αὑτοῦ,
1125 672 1158 744 ἢ
1219 674 1278 726 ἐν
1298 677 1364 745 τῇ
1396 674 1522 748 δόξῃ
1555 675 1740 730 αὑτοῦ.
1779 675 1870 731 καὶ

293 768 348 821 τί
371 766 692 838 σημαίνεται
726 768 782 819 ἐν
825 765 903 837 τῷ
934 765 1060 819 [δεῖν
1101 766 1199 837 τὴν
1258 764 1532 836 βασιλείαν
1586 768 1680 822 τοῦ
1734 768 1868 822 Θεοῦ

294 858 612 929 ἐληλυθυῖαν
643 858 702 911 ἐν
732 857 980 929 δυνάμειο
1009 857 1075 911 τὰ
1108 858 1216 911 εἴτε
1249 857 1637 929 ὲλλαμπόμενα
1664 860 1721 912 ἐν
1751 861 1871 923 ταῖς

296 948 542 1019 καρδίαις
585 948 660 1020 (8)
695 949 874 1020 ήμῶν,
920 949 1032 1003 εἴτε
1059 948 1311 1020 ζητοῦσιν
1345 949 1728 1022 εὑρισκόμενα,
1759 950 1868 1004 εἴτε

290 1040 600 1096 ύῆισιόντα
626 1044 755 1107 τοὺς
784 1043 1075 1114 λογισμοὺς
1101 1042 1259 1114 ἡμῶν
1290 1042 1539 1114 (ἕκαστος
1559 1043 1615 1096 δὲ
1644 1043 1720 1107 ὼς
1748 1041 1870 1113 βούι-

290 1129 439 1185 λεται
469 1132 748 1204 κρινέτω,)
784 1133 1151 1204 ἐκθησόμεθα.
1199 1133 1256 1187 '0
1281 1132 1502 1205 θεωρῶν
1558 1132 1652 1187 καὶ
1697 1150 1867 1187 κατα-

289 1221 582 1292 λαμϐάνων
629 1223 729 1295 τὴν
782 1222 877 1276 τοῦ
912 1224 1084 1291 Λόγου
1148 1223 1444 1297 ὑπεροχὴν,
1504 1223 1722 1288 λύοντος
1772 1223 1868 1278 καὶ

288 1312 657 1385 διελέγχοντος
686 1315 862 1377 πάσας
888 1314 986 1377 τὰς
1009 1314 1149 1385 ὑπὲρ
1178 1314 1284 1367 τῶν
1316 1313 1525 1384 ψευδῶν
1559 1315 1678 1385 μὲν,
1696 1315 1869 1383 ἐπαγ-

290 1405 630 1477 γελλομένων
677 1407 733 1459 δέ
786 1404 1041 1477 ἀλήθειαν
1094 1404 1478 1476 πιθανότητας,
1541 1405 1726 1477 βλέπει
1775 1405 1866 1474 τὸν

292 1496 542 1550 Υίδν-τοῦ
571 1494 881 1569 ἀνθρώπου,
906 1497 1047 1551 κατὰ
1096 1497 1187 1551 τὸν
1254 1498 1496 1552 Ἰωάννου
1532 1496 1689 1566 λόγον
1715 1537 1729 1561 ,
1773 1496 1864 1549 τὸν

289 1588 463 1657 Λόγον
488 1588 581 1642 τοῦ
617 1588 753 1642 Θεοῦ
784 1589 1074 1661 ἐρχόμενον
1102 1589 1160 1642 ἐν
1179 1591 1245 1661 τῇ
1284 1589 1390 1660 ἰδίᾳ
1425 1587 1687 1660 βασιλεῖαι
1725 1589 1774 1640 εἰ
1807 1586 1864 1640 δὲ

291 1678 481 1751 βλέποι
507 1683 535 1734 6
555 1680 790 1745 τοιοῦτος
814 1681 904 1734 τὸν
926 1680 1118 1750 Λόγον,
1158 1681 1217 1733 οὐ
1252 1680 1409 1752 μόνον
1460 1679 1656 1734 λύοντα
1685 1680 1863 1733 πᾶσαν

287 1773 387 1844 τὴν
420 1772 530 1827 τῶν
555 1772 810 1826 ἐναντίων
841 1772 1190 1842 πιθανότητα,
1215 1770 1350 1825 ἀλλὰ
1380 1771 1475 1825 καὶ
1505 1771 1575 1825 τὰ
1603 1770 1712 1824 ἴδια
1734 1787 1865 1841 τρα-

291 1866 490 1919 νότατα
516 1863 874 1937 παριστάντα,
906 1863 1091 1934 βλέποι
1121 1863 1188 1917 ἂν
1219 1862 1384 1919 αὐτοῦ
1424 1863 1561 1935 πρὸς
1603 1865 1670 1935 τῇ
1707 1862 1861 1933 βασι-

1970 676 2052 730 vel
2079 676 2132 730 in
2176 676 2346 746 gloria
2376 690 2472 731 sua
2514 675 2775 730 visionem
2816 676 3142 741 ostenditur,
3178 679 3417 749 quidque
3447 695 3547 751 per

1968 781 2088 822 eam
2128 769 2278 838 regni
2319 765 2413 821 Dei
2455 767 2508 820 in
2536 766 2737 821 virtute
2775 767 3042 823 venientis
3080 768 3344 824 visionem
3376 771 3547 843 signi-

1971 857 2195 924 ﬁcatur;
2222 873 2284 912 ea
2318 858 2433 913 sive
2467 872 2589 927 quae
2609 856 2864 912 cordibus
2890 860 3095 916 nostris
3127 860 3406 931 alTulgcnt,
3431 862 3547 918 sive

1971 965 2092 1020 quae
2115 950 2483 1020 quaerentibus
2504 950 2873 1015 inveniuntur,
2901 952 3017 1007 sive
3043 967 3165 1022 quae
3186 954 3547 1023 cogitationes

1968 1051 2186 1098 nostras
2215 1032 2451 1097 subeunt
2482 1040 2878 1111 (unusquisque
2913 1058 3012 1113 pro
3041 1044 3197 1100 libitu
3242 1061 3358 1100 rem
3397 1047 3545 1102 :esti‘

1968 1133 2101 1204 met)
2127 1146 2482 1203 exponemus.
2511 1131 2616 1198 Qui
2652 1135 3055 1204 contemplatur
3081 1147 3135 1191 et
3176 1136 3423 1207 intelligit
3448 1153 3546 1195 ex-

1966 1227 2269 1283 cellentiam
2302 1224 2485 1286 Verbi,
2522 1239 2736 1280 omnem
2767 1238 2950 1280 rerum
2986 1225 3247 1283 falsarum
3299 1229 3541 1300 quidem,

1964 1317 2342 1372 verisimilium
2378 1325 2555 1371 tamen
2586 1315 3019 1385 probabilitatem
3045 1319 3304 1375 solventis
3336 1330 3390 1376 et
3410 1337 3543 1377 con-

1966 1408 2222 1474 futantis;
2256 1409 2302 1464 is
2331 1407 2533 1462 Filium
2557 1408 2813 1474 hominis,
2854 1409 2946 1478 qui
2972 1409 3126 1479 juxta
3171 1411 3398 1469 Joannis
3425 1429 3545 1469 ser-

1966 1513 2182 1552 monem
2215 1496 2454 1551 Verbum
2478 1496 2570 1551 Dei
2603 1508 2704 1565 est,
2738 1502 3040 1554 venientem
3071 1503 3264 1570 aspicit
3290 1504 3343 1558 in
3375 1519 3542 1575 regno

1965 1605 2085 1645 suo.
2123 1587 2280 1656 Quod
2309 1591 2357 1647 si
2387 1588 2581 1658 aspicit
2614 1588 2659 1643 is
2698 1604 2807 1643 non
2857 1606 3072 1644 omnem
3107 1594 3283 1647 solum
3324 1606 3544 1651 eontra-

1962 1680 2167 1735 riarum
2209 1694 2391 1734 rerum
2425 1679 2860 1750 probabilitatem
2902 1682 3119 1738 solvens
3154 1682 3414 1752 Verbum,
3445 1685 3541 1741 sed

1963 1780 2017 1827 et
2054 1786 2138 1826 res
2187 1771 2253 1825 ad
2299 1785 2359 1826 se
2408 1771 2740 1840 pertinentes
2783 1772 3127 1841 apertissime
3184 1774 3539 1845 signiﬁcans;

1964 1862 2054 1918 ille
2082 1877 2189 1916 non
2221 1877 2450 1933 regnum
2480 1861 2654 1916 solum
2696 1861 2865 1931 illius,
2908 1864 3002 1919 sed
3035 1874 3089 1920 et
3128 1866 3354 1937 gloriam
3394 1871 3543 1940 aspi-

288 1957 408 2028 λείᾳ
440 1959 533 2011 καὶ
559 1934 656 2027 την
681 1956 859 2020 δόξαν.
884 1956 995 2008 Καὶ
1013 1959 1042 2009 6
1069 1954 1308 2019 τοιοῦτός
1335 1972 1399 2024 γε
1426 1934 1483 2008 ἐν
1504 1954 1652 2025 αὐτῷ
1678 1953 1859 2024 βλέποι

1967 1954 2061 2020 cit,
2110 1962 2165 2009 et
2209 1967 2434 2023 regnum
2468 1951 2560 2006 Dei
2606 1968 2827 2022 quoque
2863 1954 2918 2009 in
2972 1934 3173 2012 virtute
3206 1949 3431 2016 veniens
3462 1934 3545 2016 -in'

291 2048 355 2101 ἂν
384 2048 482 2119 τὴν
520 2047 612 2102 τοῦ
663 2047 796 2100 Θεοῦ
832 2045 1107 2117 βασιλείαν
1135 2046 1458 2118 ἐληλυθυῖαν
1509 2048 1568 2100 ἐν
1612 2046 1855 2118 δυνάμειο

289 2140 382 2193 καὶ
411 2139 571 2193 τοῦτο
601 2138 784 2209 βλέποι
815 2139 902 2200 ἂν,
934 2137 1010 2200 ὡς
1065 2137 1317 2208 οὐδαμῶς
1350 2136 1429 2190 ἔτι
1457 2137 1563 2190 ὑπὸ
1589 2136 1861 2208 ἁμαρτίας

290 2230 701 2301 βασιλευόμενος
722 2226 1107 2300 βασιλευούσης
1132 2230 1190 2282 ἐν
1213 2227 1292 2299 τῷ
1317 2226 1496 2299 θνητῷ
1517 2226 1727 2298 σώματι
1754 2226 1861 2280 τῶν

289 2321 731 2393 ἁμαρτανόντων,
765 2319 880 2373 ἀλλ’
912 2321 1000 2374 ἀεὶ
1047 2320 1381 2390 τεταγμένος
1412 2319 1518 2371 ὑπὸ
1550 2319 1759 2390 βασιλεῖ
1784 2318 1863 2389 τῷ

287 2412 395 2466 τῶν
425 2411 562 2465 ὅλων
605 2409 745 2481 Θεῷ,
800 2402 927 2483 οὖή
987 2408 1230 2481 βασιλεία
1277 2409 1504 2481 δυνάμει
1564 2411 1660 2481 μὲν
1714 2410 1862 2474 ἐντὸς

285 2507 320 2577 ἡ
330 2504 445 2576 μῶν
468 2506 636 2568 ἐστιν,
658 2502 907 2574 ἐνεργείᾳ
935 2501 1011 2566 δέ,
1030 2502 1124 2556 καὶ
1145 2501 1219 2565 ὼς
1246 2500 1530 2572 ὠνόμασεν
1558 2503 1586 2555 6
1611 2500 1858 2572 Μάρκος,

288 2600 346 2653 ἐν
364 2597 623 2672 δυνάμει,
658 2600 753 2655 καὶ
778 2594 1025 2667 οὐδαμῶς
1059 2596 1115 2648 ἐν
1146 2594 1419 2666 ἀσθενείᾳ,
1462 2593 1612 2658 ἐντὸς
1640 2593 1747 2647 τῶν
1775 2610 1865 2646 τε·

282 2691 447 2745 λείων
478 2693 671 2763 μόνων.
695 2689 882 2745 Ταῦτα
914 2687 1013 2759 μὲν
1040 2681 1133 2740 οὖν
1162 2685 1360 2739 ἑστῶσι
1387 2687 1500 2750 τοῖς
1533 2683 1802 2757 μαθηταῖς
1833 2683 1862 2736 6

300 2781 508 2849 Ἰησοῦς
533 2781 593 2834 οὐ
628 2780 756 2851 περὶ
787 2778 1005 2834 πάντων
1032 2775 1233 2843 αὐτῶν,
1278 2774 1411 2829 ἀλλὰ
1440 2775 1567 2847 περί
1592 2792 1751 2829 τινων
1786 2771 1861 2843 (9)

288 2872 645 2942 προερητεύων
690 2870 1070 2945 ἐπηγγείλατο.

428 2963 571 3030 Περὶ
602 2962 712 3033 τῆς
750 2960 1253 3032 μεταμορφώσεως
1282 2960 1388 3014 τοῦ
1427 2955 1716 3028 Σωτῆρος.

363 3072 382 3105 ι
419 3054 574 3108 Μετὰ
602 3055 659 3108 δὲ
714 3054 925 3126 ἡμέρας
956 3055 1034 3120 ἓξ,
1076 3073 1094 3106 ›
1134 3051 1275 3106 κατὰ
1316 3051 1406 3105 τὸν
1439 3050 1715 3105 Ματθαῖον
1766 3047 1862 3103 καὶ

284 3141 377 3197 τὸν
398 3142 645 3215 Μάρκον,
706 3162 723 3193 ι
754 3142 1172 3215 παραλαμϐάνει
1216 3140 1307 3194 τὸν
1360 3138 1585 3211 Πέτρον,
1621 3137 1713 3191 καὶ
1751 3137 1861 3191 Ἰά-

1962 2046 2054 2101 illo
2085 2046 2357 2113 intuetur;
2389 2059 2452 2098 ac
2484 2044 2724 2101 intuetur
2746 2047 2797 2102 id
2826 2048 3066 2118 quidem,
3088 2060 3274 2121 utpote
3297 2051 3349 2106 in
3373 2068 3539 2123 quem

1963 2137 2168 2192 nullum
2200 2136 2434 2206 amplius
2462 2135 2748 2206 imperium
2778 2138 3019 2195 obtineat
3052 2151 3364 2212 peccatum,
3391 2147 3538 2216 quod

1964 2225 2018 2281 iu
2056 2241 2284 2294 corpore
2312 2234 2656 2295 peccatorum
2686 2228 2903 2283 mortali
2947 2239 3138 2301 regnat
3160 2231 3229 2298 δ’,
3272 2235 3367 2289 sed
3394 2250 3539 2291 sem-

1961 2333 2058 2388 per
2110 2332 2291 2372 rerum
2333 2316 2579 2371 omnium
2625 2319 2738 2388 regi
2776 2318 2889 2375 Deo
2940 2322 3189 2378 subditus
3238 2326 3329 2391 sit,
3379 2327 3540 2396 cujus

1962 2424 2222 2479 regnum,
2273 2409 2515 2477 potentia
2556 2409 2796 2478 quidem,
2831 2411 2973 2467 intra
3023 2429 3124 2469 nos
3173 2424 3255 2471 est
3285 2417 3365 2484 l‘°;
3410 2428 3537 2474 actu

1962 2507 2164 2563 autem,
2190 2498 2297 2563 vel,
2333 2508 2391 2552 ut
2419 2497 2633 2555 Marcus
2658 2502 2893 2571 appellat
2914 2503 2980 2570 ³⁸,
3011 2503 3064 2557 ἰη
3087 2504 3306 2573 virtute,
3331 2523 3540 2579 nequa-

1961 2606 2124 2662 quam
2156 2598 2336 2645 autem
2373 2591 2428 2645 in
2458 2592 2850 2660 imbecillitate,
2893 2594 3033 2650 intra
3062 2597 3331 2667 perfectos
3358 2602 3537 2656 solum

1961 2691 2064 2739 est.
2103 2680 2229 2737 [Ircc
2263 2681 2429 2752 igitur
2479 2683 2750 2738 stantibus
2796 2684 3079 2755 discipulis
3116 2686 3298 2757 Jesus,
3332 2704 3438 2744 non
3470 2690 3540 2745 de

1964 2775 2220 2832 erunibus
2254 2772 2396 2841 illis,
2440 2774 2533 2829 sed
2576 2775 2643 2830 de
2674 2775 2998 2846 quibusdam
3024 2779 3346 2848 praedicens,
3380 2779 3541 2849 pelli-

1963 2869 2105 2925 citus
2141 2875 2243 2923 est.

2180 2960 2340 3033 557
2398 2960 2473 3014 De
2510 2957 2804 3014 Srrvatoris
2840 2960 3321 3032 transﬁguratione.

2033 3049 2122 3107 56.
2165 3070 2184 3103 ι
2213 3051 2279 3106 Ει
2307 3063 2430 3122 post
2463 3051 2578 3105 dies
2610 3065 2727 3116 sex,
2757 3068 2777 3102 ι
2804 3049 2961 3120 juxta
2984 3049 3293 3108 Matthzuum
3317 3065 3371 3108 et
3395 3054 3542 3108 Mar-

1967 3156 2090 3197 cum
2118 3142 2186 3209 ⁸³,
2220 3160 2238 3192 ι
2274 3140 2503 3197 assumit
2522 3137 2764 3206 Petrum,
2797 3147 2852 3193 et
2878 3138 3165 3206 Iacobum,
3189 3151 3243 3197 et
3271 3141 3540 3197 Joannem

284 3236 482 3301 κωσον,
514 3236 608 3289 καὶ
639 3234 891 3306 Ἰωάννην
911 3234 1000 3289 τὸν
1026 3234 1252 3304 ἀδελφὸν
1311 3230 1498 3297 αὑτοῦ,
1533 3232 1629 3285 καὶ
1668 3230 1859 3299 ἀνάγει

1967 3234 2189 3289 fratrem
2220 3235 2360 3304 ejus,
2390 3242 2445 3288 et
2468 3233 2723 3289 subducit
2748 3233 2868 3288 illos
2902 3233 2967 3311 in
2991 3244 3230 3289 montem
3261 3236 3539 3290 excelsum

284 3332 478 3397 αὐτοὺς
506 3329 613 3402 (10)
665 3331 747 3394 είς
778 3329 903 3402 ὅρος
927 3328 1128 3400 ὑψηλὸν
1150 3329 1270 3382 κατ’
1295 3326 1448 3381 ιδίαν-
1485 3327 1580 3380 καὶ
1602 3343 1862 3398 μετεμορ-

285 3423 440 3495 φώθη
466 3420 773 3496 ἔμπροσθεν
800 3423 1000 3478 αὐτῶν.
1017 3442 1033 3473 ι
1055 3421 1225 3476 Τοῦτο
1253 3421 1310 3475 δὲ
1335 3421 1430 3474 καὶ
1458 3420 1564 3492 πρὸ
1591 3420 1691 3490 τῆς
1718 3420 1860 3474 κατὰ

283 3515 460 3569 ταῦτα
484 3515 810 3587 φαινομένης
843 3516 975 3585 ἡμῖν
1021 3514 1326 3585 διηγήσεως
1369 3512 1640 3581 γεγονέτω
1669 3509 1859 3576 πάλαι,

230 3662 247 3676 ,
285 3609 380 3661 καὶ
406 3607 482 3671 ῶς
515 3607 652 3679 πρὸς
678 3606 775 3678 τὴν
831 3605 996 3673 λέξιν.
1029 3607 1187 3660 Δοκεῖ
1217 3604 1274 3656 δέ
1321 3620 1411 3674 μοι
1437 3604 1564 3665 τοὺς
1592 3602 1861 3673 ἀναγομέο-

282 3714 410 3762 νους
435 3698 540 3752 ὑπὸ
566 3698 658 3752 τοῦ
704 3696 877 3769 Ἰησοῦ
902 3698 983 3760 εἰς
1009 3699 1070 3750 τὸ
1112 3695 1312 3765 ὑψηλὸν
1355 3694 1501 3765 ὅρος,
1535 3693 1631 3747 καὶ
1676 3693 1862 3757 ἀξιου-

286 3790 482 3860 μένους
511 3789 604 3843 τοῦ
630 3791 750 3843 κατ’
786 3789 918 3842 ίδίαν
943 3785 1110 3841 αὑτοῦ
1138 3787 1235 3858 τὴν
1273 3784 1696 3857 μεταμόρφωσιν
1724 3782 1859 3836 θεω-

287 3883 471 3954 ρῆσαι,
523 3882 597 3953 μὴ
653 3882 827 3953 μάτην
861 3879 978 3953 μεθ’
1025 3878 1084 3947 ἐξ
1142 3878 1356 3950 ἡμέρας
1397 3877 1691 3946 ἀνάγεσθαι
1750 3876 1858 3930 τῶν

285 3974 697 4046 προειρημένων
730 3973 922 4042 λόγων.
958 3972 1109 4025 Ἐπεὶ
1139 3969 1247 4039 γὰρ
1274 3972 1331 4023 ἐν
1364 3967 1426 4032 ἒξ
1457 3968 1686 4040 ἡμέραις
1718 3968 1856 4039 (II),

281 4065 470 4137 τελείῳ
501 4064 737 4137 ἀριθμῷ,
768 4065 798 4118 6
824 4062 1046 4134 σύμπας
1084 4061 1370 4131 γεγένηται
1412 4060 1633 4131 κόσμος,
1666 4060 1727 4113 τὸ
1771 4059 1858 4112 τέ-

1967 3342 2238 3393 seorsum,
2267 3335 2320 3381 et
2356 3325 2772 3397 transﬁguratus
2799 3335 2883 3380 εει
2913 3335 3039 3381 ante
3065 3342 3181 3382 eos.
3223 3346 3242 3380 ι
3275 3326 3388 3383 Hoc
3409 3336 3544 3383 ante

1965 3419 2379 3490 explicationem
2421 3434 2453 3473 a
2501 3417 2661 3473 nobis
2714 3432 2876 3487 super
2922 3418 3040 3473 istis
3082 3420 3444 3489 propositam,
3484 3431 3541 3475 et

1962 3512 2117 3581 juxta
2150 3519 2354 3565 textum
2393 3508 2658 3565 orationis
2688 3510 2819 3565 olim
2867 3510 3193 3580 contigerit:
3230 3511 3325 3580 qui
3355 3520 3537 3568 autem

1967 3620 1995 3658 a
2026 3603 2153 3659 Jesu
2184 3603 2237 3657 in
2261 3612 2510 3668 ,montem
2543 3603 2814 3659 excelsum
2837 3603 3091 3659 subducti
3124 3614 3272 3669 sunt,
3306 3615 3361 3660 et
3389 3608 3538 3679 digni

1965 3695 2139 3750 habiti
2171 3695 2268 3765 qui
2304 3694 2836 3765 transligurationem
2870 3693 3017 3749 illius
3046 3710 3292 3750 seorsum
3324 3706 3541 3767 specta-

1963 3795 2104 3854 rent,
2129 3795 2182 3841 ct
2210 3801 2317 3857 non
2347 3786 2464 3840 sine
2492 3801 2658 3841 causa
2689 3794 2811 3855 post
2836 3800 2930 3840 sex
2962 3786 3098 3851 dies,
3139 3802 3204 3840 ex
3253 3804 3364 3858 quo
3410 3804 3530 3844 ser-

1968 3892 2160 3931 mones
2210 3891 2372 3946 supra
2418 3891 2449 3930 a
2503 3876 2661 3931 nobis
2705 3878 3116 3932 commemorati
3164 3863 3348 3933 habiti~
3386 3890 3537 3946 sunt,

1968 3965 2222 4020 subducti
2269 3964 2401 4018 mihi
2440 3965 2710 4018 videntur.
2745 3962 3015 4030 Quoniam
3046 3968 3190 4021 eiiim
3232 3969 3373 4024 intra
3419 3970 3540 4028 dies

1966 4071 2085 4123 sex,
2137 4054 2229 4125 qui
2286 4053 2558 4125 perfectus
2614 4070 2876 4109 numerus
2928 4064 3031 4124 est,
3078 4056 3374 4127 perfectum
3406 4059 3538 4115 illud

1471 4211 1699 4270 VETUS
1737 4206 2311 4266 INTERPRETATIO.

285 4369 398 4424 tur,
435 4378 455 4412 ι
492 4359 704 4414 videtur
732 4371 862 4427 ergo
892 4355 1026 4410 mihi
1060 4355 1116 4427 in
1147 4352 1288 4427 istis,
1324 4353 1451 4427 quia
1482 4351 1630 4407 aliud
1661 4359 1745 4407 est
1775 4358 2010 4427 mortem
2034 4359 2273 4421 gustare,
2296 4346 2443 4402 aliud
2473 4357 2911 4427 autemmortem
2944 4349 3148 4417 videre,
3179 4354 3325 4427 aliud
3352 4357 3540 4414 venire

283 4419 449 4498 super
494 4430 707 4498 aliquos
745 4419 1005 4498 ,m'ortem,
1037 4425 1182 4479 aliud
1235 4419 1527 4479 absorbere
1563 4432 1813 4498 mortem,
1867 4419 2224 4498 anui—autem
2257 4427 2483 4472 mortem
2515 4420 2689 4498 δθίινί·
2735 4419 2935 4487 Qum"
2965 4431 3144 4475 amem
3193 4424 3245 4476 i"
3270 4424 3433 4498 -i5lis’
3469 4443 3538 4481 "e

287 4489 428 4555 forte
458 4489 678 4571 gravius
711 4497 783 4552 sit
812 4489 1028 4567 gustare
1058 4503 1307 4571 mortem,
1341 4508 1500 4562 quam
1534 4492 1720 4571 videre
1749 4509 1762 4546 :
1790 4494 1916 4546 item
1948 4489 2102 4571 pejus
2140 4497 2240 4554 est,
2275 4503 2454 4571 quem-
2482 4490 2748 4571 sequitur_
2782 4503 2960 4571 mors,
2995 4506 3158 4560 quam
3190 4495 3282 4562 qui
3310 4489 3492 4571 gustat
3519 4517 3534 4553 :

284 4579 342 4625 et
365 4559 489 4624 nor?
507 4571 683 4624 solum
712 4575 771 4621 ut
795 4559 1076 4637 quuatur,
1108 4565 1199 4619 sed
1225 4559 1386 4637 etiam
1420 4572 1478 4637 ut
1510 4562 1881 4637 veniatsuper
1918 4561 2154 4637 aliquem
2191 4573 2359 4637 mors,
2407 4566 2462 4614 et
2511 4559 2936 4637 comprehendat
2968 4559 3130 4630 quem
3177 4559 3532 4637 sequcbatur.

282 4639 579 4694 Absorberi
609 4646 789 4692 autem
822 4652 849 4689 a
876 4626 1079 4700 'morte,
1108 4633 1362 4688 omnibus
1395 4632 1606 4686 videtur
1634 4632 1768 4685 mihi
1788 4626 2025 4700 "gravius
2045 4644 2184 4683 esse.
2216 4626 2273 4682 Si
2294 4640 2488 4700 autem
2509 4626 2959 4700 consideraveris
2984 4626 3335 4700 peccantium
3375 4636 3535 4691 diffe-

282 4711 513 4775 rentias,
547 4717 679 4776 puto
708 4705 853 4776 quod
886 4720 993 4776 non
1017 4699 1291 4759 dubitabis
1319 4703 1596 4773 suscipere
1628 4701 1742 4756 haec
1775 4699 1897 4771 quae
1929 4700 1996 4755 de
2031 4701 2223 4754 mortis
2253 4699 2555 4754 dill'erentia
2589 4707 2718 4753 sunt
2747 4707 2972 4754 tractata
2996 4699 3043 4755 'a
3087 4702 3266 4770 nobis,
3303 4711 3358 4758 et
3384 4705 3534 4763 dicta

282 4779 341 4834 in
372 4773 672 4847 Scriptbris
692 4773 786 4847 per
815 4773 1078 4844 Spiritum
1109 4783 1381 4829 sanctum.

355 4846 447 4904 56.
484 4835 514 4898 ι’
544 4845 679 4900 Post
694 4835 829 4900 'dies
858 4835 1044 4899 autem
1094 4858 1211 4903 sex,
1251 4861 1270 4895 ι
1318 4840 1618 4897 secundum
1670 4837 1982 4911 Matthaaum
2015 4845 2069 4893 et
2100 4835 2364 4904 Marcum,
2401 4856 2418 4889 ι
2455 4853 2741 4911 assumens
2784 4836 3025 4904 Petrum,
3074 4848 3129 4894 et
3159 4839 3445 4911 Iacobum,
3480 4856 3534 4902 et

281 4913 546 4973 Joannem
578 4914 797 4970 fratrem
826 4914 965 4984 ejus,
993 4914 1147 4984 duxit
1169 4926 1263 4966 eos
1296 4927 1460 4980 super
1484 4918 1720 4964 montem
1752 4909 2025 4984 excelsum
2050 4916 2416 4984 seorsum,_et_
2439 4908 2854 4984 transﬁguratus
2876 4920 2958 4965 cst
2987 4919 3111 4984 ante
3136 4925 3252 4984 eos.
3287 4933 3305 4965 ι
3324 4908 3531 4970 Viden-

283 4996 376 5044 ιυιι
405 4987 538 5042 mihi
579 4985 674 5056 qui
711 4977 986 5056 ducuntur
1016 4998 1046 5036 a
1083 4980 1210 5035 Jesu
1260 4977 1422 5049 super
1448 4987 1684 5056 montem
1733 4978 2031 5056 exceisqm,
2064 4988 2117 5056 et
2144 4977 2598 5056 digni_hal_)entur
2638 4977 2819 5056 videre
2849 4981 3378 5056 transligurationem
3411 4986 3533 5054 ejus

286 5067 512 5126 secrete,
543 5047 670 5126 quia
698 5069 805 5126 non
837 5055 889 5107 in
923 5066 1134 5126 vanum
1151 5057 1276 5126 post
1314 5047 1410 5126 sex
1448 5049 1569 5103 dies
1591 5048 1887 5126 ducuntur.
1929 5047 2199 5126 Quoniam
2230 5047 2375 5100 enim
2410 5047 2465 5101 in
2510 5063 2604 5126 sex
2641 5047 2833 5101 diebus
2872 5047 3096 5126 perfecti
3130 5054 3341 5126 numeri
3386 5047 3536 5111 totus

283 5125 462 5184 factus
484 5116 820 5182 est-visibilis
840 5122 1096 5184 mundus,
1122 5116 1241 5174 ideo
1269 5119 1502 5192 arbitror
1532 5132 1655 5172 eum
1681 5119 1774 5192 qui
1805 5116 2356 5192 transcendit‘omnes
2380 5116 2568 5170 mundi
2597 5116 3092 5192 res,__considerans
3123 5119 3235 5189 jam
3267 5137 3376 5176 non
3409 5140 3534 5192 quae

287 5198 557 5262 videntur,
585 5193 906 5264 temporalia
937 5192 1082 5264 enim
1118 5197 1268 5254 sunt,
1296 5190 1389 5264 sed
1413 5201 1533 5258 quae
1555 5202 1661 5264 non
1690 5185 1961 5252 videntur,
1991 5186 2250 5264 quoniam
2283 5195 2411 5264 sunt
2432 5195 2668 5264 aeterna,
2688 5185 2839 5264 illum
2872 5202 3031 5264 posse
3051 5185 3346 5264 ascendere
3368 5185 3532 5261 super

287 5276 526 5322 montem
542 5252 824 5321 'excel'wm
849 5263 1067 5317 Christo
1091 5275 1151 5314 se
1182 5252 1535 5325 praecedente,
1564 5258 1714 5317 illum
1745 5272 1903 5325 posse
1934 5268 1986 5311 et
2009 5252 2242 5330 gloriam
2274 5257 2518 5330 aspicere
2544 5252 2709 5310 Verbi
2746 5252 2940 5330 DeifSi
2973 5272 3102 5329 ergo
3128 5263 3252 5330 quis
3281 5252 3530 5316 nostrum

285 5339 435 5407 cupit
458 5337 676 5391 Christo
703 5349 763 5390 se
789 5340 1099 5390 assumente
1130 5330 1613 5399 ascenderc'super
1647 5335 1885 5381 montem
1912 5327 2208 5393 excelsum,
2243 5335 2298 5380 ει
2330 5327 2507 5380 videre
2531 5335 2736 5380 secrete
2759 5327 3290 5400 transfigurationem
3324 5331 3531 5400 ipsius.

357 5497 404 5531 ’⁵³
435 5497 590 5553 Rom.
619 5514 692 5566 vI,
718 5499 804 5553 12.
880 5499 926 5531 ³ο
961 5497 1090 5552 Luc.
1119 5509 1253 5558 xvu,
1284 5493 1374 5548 2!.
1455 5493 1499 5524 “
1535 5491 1702 5547 Marc.
1729 5509 1820 5548 \‘lll
1840 5532 1856 5560 ,
1887 5492 1976 5548 59.
2052 5493 2097 5525 ⁸²
2126 5492 2315 5547 Matth.
2344 5507 2476 5554 xvu,
2511 5491 2560 5553 I,
2583 5489 2647 5555 2;
2682 5489 2847 5546 Marc.
2883 5507 2959 5558 ιχ,
2990 5492 3039 5547 l.

365 5660 433 5735 (8)
476 5663 921 5735 Ἐλξαμπόμενα
949 5665 1018 5717 ἑν
1062 5661 1191 5728 ταῖς
1223 5656 1510 5735 καρδίαις.
1559 5657 1855 5735 Sic_habet

2034 5652 2537 5735 (IO)__Kalﬂd_rd7:et
2558 5655 2819 5735 αὐτούς.
2845 5653 2941 5735 ,Ιιε
2970 5656 3168 5712 habent
3196 5657 3530 5727 exemplaria

282 5722 454 5790 codex
485 5722 692 5799 Tal-ini,
726 5722 786 5785 in-
808 5734 1040 5788 editione
1074 5722 1250 5786 autem
1276 5722 1632 5783 fluctu—deest
1663 5730 1740 5781 ἐν.
1956 5722 2239 5799 nonnulla,
2274 5722 2667 5799 vulgolegitur
2686 5724 2967 5799 ἀναφέρει.

358 5803 435 5879 l9)
480 5804 655 5879 Ἀμά
680 5794 813 5879 περι
840 5820 1035 5879 τινων.
1074 5802 1164 5879 Sic
1194 5803 1459 5879 lacunam.
1472 5815 1598 5879 quin.
1628 5812 1850 5866 compa-

1986 5868 1997 5879 .
2028 5795 2336 5879 (11)]5πεὶ
2365 5794 2474 5877 γιᾲρ
2500 5794 2573 5879 έν
2601 5794 2669 5861 ἐξ
2705 5794 2973 5879 ἡμέρας,
3004 5807 3112 5879 etc._
3140 5796 3274 5879 Vide
3298 5798 3527 5857 Ambro-

288 5865 375 5929 rel'
400 5864 452 5928 in
487 5874 722 5928 editione
747 5864 944 5936 Hu.-tii,
980 5874 1192 5942 supplet
1218 5872 1387 5928 codex
1418 5864 1769 5924 Ta‘riuianusl
1954 5864 2277 5935 siu‘m,lihro
2302 5864 2383 5921 vn'
2406 5867 2460 5920 in
2488 5864 2690 5921 Lucam
2721 5882 2798 5936 ιι,
2821 5877 2875 5923 et
2900 5866 3399 5940 ,TheOphylactum.

564 5969 840 6029 PATROL.
877 5967 993 6031 Gn.
1024 5967 1201 6029 XIII.
3175 5960 3252 6021 3b
