4028 6296
356 378 493 439 1081
1310 372 1666 431 COMMENT.
1708 372 1777 427 IN
1818 372 1934 427 MA'.

2038 372 2232 432 LEUM
2273 373 2508 432 TOMUS
2548 372 2660 430 ΧΠ.
3078 404 3091 419 -
3485 373 3622 427 1082

354 499 663 572 βόυλήματι
725 493 976 567 σκηνοῦν,
1020 495 1261 549 δείκνυσι
1308 497 1614 567 κρείττονα,
1653 494 1720 547 ἵν’
1767 492 1934 558 οὕτως

2041 492 2315 563 cupiebat,
2332 492 2650 557 deterreret,
2669 489 2885 556 melius,
2901 497 2960 544 ut
2984 493 3056 545 ita
3081 492 3345 557 dicam,ct
3362 501 3624 559 praestan-

352 591 630 663 ὀνομάσω,
666 587 760 641 καὶ
793 585 972 657 πολλῷ
1005 586 1362 658 διαφέρουσαν
1407 586 1610 658 σκηνὴν
1651 586 1751 656 τὴν
1786 583 1934 653 νεφέ-

2044 585 2154 640 tius
2188 585 2620 648 tabernaculum,
2656 583 2856 638 nubem
2884 581 3110 647 scilicet,
3143 581 3464 636 ostendisse.
3488 579 3620 631 Cum

318 740 326 748 ἢ
357 689 482 751 λην.
524 681 586 735 Εἰ
622 679 730 751 γάρ
762 678 924 750 ἔργον
958 679 1075 732 ἐστὶ
1104 678 1309 749 σκηνῆς
1338 678 1400 730 τὸ
1424 676 1742 731 ἐπισκιάσαι
1769 676 1861 730 τὸν
1885 678 1942 729 ἐν

353 775 494 845 αὐτῇ
548 773 640 826 καὶ
669 770 959 833 σκεπάσαι,
1045 769 1102 823 δὲ
1132 768 1365 839 φωτεινὴ
1401 767 1595 839 νεφέλη
1620 768 1941 821 ἐπεσκίασεν

354 865 575 928 αὐτοὺς,
617 862 780 916 οἱονεὶ
813 861 1015 932 σκηνὴν
1061 860 1360 930 Θειοτὲραν,
1406 860 1501 915 ἂτε
1550 859 1643 915 καὶ
1678 858 1942 931 φωτεινὴν

342 955 747 1025 τυγχάνουσαν,
780 953 1078 1023 πεποίηκεν
1108 952 1293 1016 αὐτοῖς
1314 954 1394 1016 εἰς
1421 952 1774 1025 παράδειγμα
1810 954 1941 1025 μελ-

340 1045 552 1116 λούσης
607 1044 962 1107 ἀναστάσεως
1005 1046 1034 1097 ὁ
1071 1044 1203 1109 Θεός
1226 1061 1239 1074 ⁸
1291 1045 1525 1117 φωτεινὴ
1576 1047 1685 1118 γὰρ
1741 1046 1941 1118 νεφέλη

340 1136 667 1200 ἐπισκιάζει
704 1137 832 1200 τοὺς
886 1135 1127 1198 δικαίους
1177 1135 1621 1206 σκεπαζομένους
1674 1137 1792 1208 ἅμα
1847 1139 1944 1192 καὶ

340 1227 759 1299 φωτιζομένους
785 1228 879 1281 καὶ
904 1226 1344 1297 ἐλλαμπομένους
1374 1228 1485 1297 (54)
1517 1229 1607 1303 ῦπ’
1638 1230 1825 1301 αὐτῆς.
1849 1231 1944 1292 Τίς

328 1316 389 1370 ηδ’
432 1318 501 1373 ἂν
544 1319 695 1391 είηή
740 1317 973 1389 φωτεινὴ
1020 1317 1219 1388 νεφέλη
1252 1320 1646 1384 ἐπισκιάζουσα
1686 1322 1811 1384 τοὺς
1861 1320 1941 1373 δι-

343 1409 574 1481 καίους;
600 1406 677 1463 'H
707 1408 846 1479 τάχα
885 1409 982 1478 μὲν
1031 1408 1271 1480 πατρικὴ
1304 1408 1533 1481 δύναμις
1574 1409 1667 1478 ἀφ9
1694 1404 1762 1482 ἦς
1796 1410 1945 1481 ἔρχε-

343 1505 500 1572 ταεή
532 1500 625 1554 τοῦ
649 1500 861 1572 Πατρὸς
888 1500 1063 1572 φωνὴ,
1092 1500 1445 1573 μαρτυροῦσα
1469 1502 1549 1573 τῷ
1575 1502 1690 1574 Υίῷ
1713 1505 1788 1567 ὡς
1811 1504 1942 1571 ἀγα-

346 1593 512 1665 πητῷ
564 1594 656 1647 καὶ¹
691 1591 985 1662 εὐδοκητᾷκ
1028 1593 1124 1645 καὶ
1156 1593 1540 1665 προτρέπουσα
1564 1597 1688 1657 τοὺς
1721 1594 1940 1659 σκιαζο-

351 1685 552 1755 μένους
574 1685 666 1738 ὑπ’
687 1683 876 1754 αὐτῆς,
898 1683 1088 1736 τούτου
1111 1684 1206 1737 καὶ
1238 1685 1312 1756 μὴ
1338 1684 1499 1740 ἄλλου
1522 1686 1669 1750 τινὸς
1692 1686 1938 1751 ὰκούειν;

345 1777 516 1847 Λέγει
535 1778 581 1831 δ’
603 1773 778 1845 οὗτος,
803 1776 881 1842 ὡς
907 1775 1095 1841 πάλαι,
1120 1774 1293 1840 οῦτως
1318 1778 1414 1831 καὶ
1437 1778 1523 1831 άεὶ
1553 1777 1619 1832 δι’
1653 1773 1728 1833 ὧν
1756 1780 1936 1850 βούλε-

342 1887 459 1923 ται.
503 1870 658 1940 Τάχα
687 1871 743 1923 δέ
785 1869 881 1923 καὶ
921 1868 983 1922 τὸ
1023 1868 1178 1937 ἆγιον
1210 1870 1505 1943 Πνεῦμαή
1553 1874 1785 1944 φωτεινή
1824 1873 1939 1926 ἐστι

340 1961 569 2031 νεφέλη,
592 1962 981 2026 ἐπισκιάζουσα
1016 1961 1143 2024 τοὺς
1175 1960 1436 2026 δικαίους,
1485 1964 1578 2017 καὶ
1628 1963 1940 2035 προφητεύ·

337 2068 485 2105 ουσα
519 2051 589 2106 τά
617 2052 710 2107 τοῦ
735 2054 872 2109 Θεοῦ
907 2055 1254 2128 ἐνεργοῦντος
1280 2055 1338 2108 ἐν
1359 2056 1498 2126 αὐτῇ
1528 2056 1622 2110 καὶ
1648 2057 1898 2124 λέγοντος
1922 2072 1935 2086 ’

345 2160 369 2194 ‹
417 2138 589 2209 Οὗτός
620 2147 767 2199 ἐστιν
812 2148 840 2200 6
869 2146 997 2211 Υἱός
1045 2164 1146 2219 μου
1187 2149 1216 2201 6
1264 2145 1549 2217 ἀγαπητὸς
1589 2147 1647 2198 ἐν
1690 2138 1734 2214 ᾧ
1779 2138 1939 2215 ηὐδόὲ

344 2249 519 2304 κησα.
560 2253 578 2286 ι
630 2233 921 2306 Τολμήσας
963 2236 1007 2289 δ’
1058 2236 1125 2290 ἂν
1168 2235 1377 2306 εἴποιμι
1425 2236 1520 2289 καὶ
1563 2234 1656 2289 τὸν
1710 2235 1940 2307 Σωτῆρα

341 2323 509 2394 ἡμῶν
543 2321 683 2380 εἶναι
722 2328 989 2398 φωτεινὴν
1035 2327 1285 2398 νεφέλην.
1327 2327 1535 2398 Πέτρος
1580 2327 1678 2397 μὲν
1705 2323 1797 2380 οῦν
1842 2327 1934 2380 λέ-

342 2432 462 2486 γων
487 2434 500 2448 ·
559 2436 574 2468 ι
617 2418 940 2489 Ποιήσωμεν
972 2410 1077 2473 ὦδε
1118 2422 1267 2491 τρεῖς
1310 2418 1515 2489 σκηνάς
1551 2438 1569 2470 ι
1617 2421 1710 2489 ἀφ’
1742 2419 1938 2474 ἑαυτοῦ

350 2508 486 2577 μίαν
526 2506 762 2580 (ἒ’›5),κιιλ⁹
780 2507 1001 2566 ἀπὸτοῦ
1017 2505 1153 2561 Υίοῦ
1177 2505 1325 2578 μίαν,
1388 2509 1484 2563 καὶ
1517 2509 1624 2563 ἀπὸ
1653 2509 1745 2562 τοῦ
1782 2510 1934 2578 ἁγίου

346 2598 670 2668 Πνεύματος
710 2599 839 2669 μίαν
862 2615 877 2629 ο
909 2599 1142 2670 φωτεινὴ
1172 2600 1279 2670 γὰρ
1310 2599 1542 2671 Πατρὸς,
1577 2598 1705 2652 Υἱοῦ
1732 2600 1937 2654 καὶτοῦ

304 2738 307 2741 .
345 2689 509 2756 ἁγίου
532 2689 848 2760 Πνεῦματος
872 2690 1068 2761 νεφέλη
1092 2688 1401 2753 ἐπισκιάζει
1432 2692 1559 2754 τοὺς
1598 2690 1771 2761 Ἰησοῦ
1805 2709 1944 2763 γνη-

346 2779 502 2843 σίους
535 2780 810 2850 μαθητάςο
843 2780 876 2851 ἢ
904 2781 965 2834 τὸ
1005 2780 1354 2849 Εὑαγγὲλιον,
1378 2781 1474 2835 καὶ
1514 2780 1606 2834 τὸν
1628 2782 1810 2853 νόμον,
1846 2784 1940 2837 καὶ

347 2870 480 2934 τοὺς
510 2871 788 2944 προφήτας
829 2872 1025 2943 νεφέλη
1055 2873 1362 2939 ἐπισκιάζει
1394 2874 1629 2946 φωτεινὴ
1661 2874 1738 2946 τῷ
1777 2874 1938 2929 δυνα-

351 2960 502 3031 μένῳ
530 2963 724 3034 ἐνορᾷν
745 2961 823 3033 τῷ
850 2964 988 3031 φωτὶ
1014 2962 1186 3032 αὐτῆς
1212 2961 1356 3016 κατὰ
1376 2961 1436 3016 τὸ
1464 2963 1815 3032 Εὑαγγέλιον,
1844 2964 1939 3018 καὶ

345 3053 442 3107 τὸν
477 3054 659 3126 νόμον,
684 3056 777 3109 καὶ
804 3055 931 3117 τοὺς
966 3057 1269 3127 προφήτας.
1308 3057 1370 3109 Ἡ
1396 3056 1452 3108 δὲ
1477 3059 1542 3109 ἐκ
1565 3055 1661 3125 τῆς
1706 3055 1939 3128 νεφέλης

2043 676 2189 732 enim
2243 676 2578 731 tabernaculi
2632 676 2739 730 illa:
2785 674 2893 728 sint
2932 682 3114 742 partes
3138 713 3153 736 ,
3191 671 3441 741 quisquis
3474 670 3527 724 in
3557 684 3623 723 eo

2042 776 2127 822 εει
2161 767 2309 822 ιιιιιιε
2337 767 2672 821 obumbrare
2698 771 2753 819 et
2782 770 3089 834 protegere,
3123 763 3296 817 nubes
3322 769 3503 816 autem
3533 759 3620 814 lu-

2046 857 2164 912 cida
2196 856 2550 911 obumbraret
2597 871 2715 922 eos,
2768 855 2927 925 quasi
2963 854 3201 909 divinius
3241 853 3346 908 illis
3375 853 3623 907 taberna-

2043 948 2250 1013 culum,
2286 956 2474 1018 utpote
2500 947 2776 1010 lucidum,
2831 945 3029 1000 futurae
3058 946 3229 999 instar
3264 942 3624 999 resurrectio-

2044 1038 2131 1094 nis
2156 1037 2302 1094 Deus
2343 1038 2674 1094 construxit.
2731 1036 2922 1092 Justos
2949 1035 3118 1099 enim,
3171 1042 3340 1090 tectos
3386 1033 3623 1089 simulet

2044 1131 2379 1186 illuminatos
2417 1142 2473 1185 et
2501 1130 2803 1186 illustratos
2829 1144 2859 1182 a
2894 1144 2977 1193 se,
3009 1127 3186 1182 lucida
3222 1126 3394 1181 nubes
3426 1125 3622 1179 obum-

2044 1222 2186 1276 hrat.
2251 1222 2322 1275 At
2350 1236 2600 1291 quietiam
2629 1219 2805 1275 lucida
2834 1234 2898 1274 ea
2923 1220 3093 1287 nubes
3122 1227 3207 1273 est
3221 1218 3400 1288 justos
3427 1217 3622 1271 obum-

2044 1313 2255 1373 braus?
2321 1313 2404 1366 An
2435 1321 2661 1383 paterna
2696 1310 2930 1367 fortasse
2959 1311 3132 1365 virtus
3160 1318 3274 1373 est,
3325 1324 3355 1363 a
3384 1324 3491 1378 qua
3521 1305 3616 1361 Pa-

2044 1404 2144 1460 tris
2178 1420 2285 1458 vox
2312 1403 2460 1469 exit,
2516 1402 2714 1457 Filium
2759 1402 2862 1458 sibi
2892 1401 3148 1456 dilectum
3179 1409 3232 1454 et
3258 1400 3514 1470 placitum
3546 1409 3624 1452 te-

2043 1504 2217 1560 stans,
2251 1510 2456 1565 eosque
2488 1496 2790 1550 adhortans
2822 1494 2917 1563 qui
2943 1508 3006 1547 ea
3038 1491 3527 1558 obumbrahantur,
3562 1500 3623 1546 ut

2043 1587 2232 1653 illum,
2283 1602 2384 1641 nec
2430 1585 2742 1656 quempiam
2790 1583 2958 1638 alium
2993 1582 3282 1637 audirent?
3319 1580 3370 1637 Is
3415 1590 3620 1645 autem,

2043 1677 2502 1748 quemadmodum
2538 1675 2689 1740 olim,
2722 1677 2794 1729 ita
2830 1683 2884 1730 et
2908 1688 3124 1742 semper
3155 1687 3249 1741 per
3274 1687 3337 1726 ea
3368 1689 3489 1740 quae
3508 1673 3625 1729 vult

2044 1766 2303 1837 loquitur.
2371 1761 2621 1819 Forsitan
2670 1779 2798 1818 vero
2826 1774 2880 1818 et
2904 1762 3141 1832 Spiritus
3180 1772 3402 1817 sanctus
3447 1764 3618 1818 nubes

1970 1834 2012 1889 Β
2044 1834 2225 1914 lucida
2255 1866 2359 1921 εει,
2390 1856 2569 1924 justos
2597 1854 2935 1910 obumbrans
2959 1894 2973 1917 ,
3008 1861 3063 1908 et
3084 1853 3252 1908 edens
3279 1852 3497 1907 oracula
3531 1852 3624 1906 Dei

2043 1950 2319 2020 operantis
2368 1950 2423 2002 in
2468 1963 2561 2013 se,
2616 1954 2672 2002 et
2718 1946 2951 2002 dicentis
2975 1947 3019 1978 ⁸⁷
3065 1964 3078 2001 :
3141 1964 3159 1998 ι
3190 1943 3289 2000 llic
3325 1955 3409 2000 est
3453 1945 3624 2000 Filius

2042 2057 2197 2097 meus
2230 2042 2459 2097 dilectus
2492 2039 2624 2093 mihi
2660 2039 2712 2093 in
2740 2054 2851 2109 quo
2893 2036 3028 2092 mihi
3064 2037 3201 2091 bene
3229 2036 3555 2105 complacui.
3597 2056 3616 2087 ι

2042 2132 2183 2198 Quin
2206 2142 2260 2188 et
2285 2131 2542 2186 audacter
2576 2129 2920 2185 Servatorem
2957 2136 3207 2183 nostrum
3237 2127 3470 2182 lucidam
3504 2142 3625 2182 esse
3672 2189 3676 2193 ς

2042 2222 2202 2294 565
2231 2223 2428 2278 nubem
2456 2221 2841 2291 pronuntiabo.
2891 2219 3088 2275 Petrus
3122 2219 3289 2289 igitur
3312 2219 3501 2273 dicens
3524 2218 3569 2250 ⁸⁸
3603 2235 3620 2273 :

2048 2332 2067 2364 ι
2107 2313 2397 2367 Faciamus
2448 2312 2540 2366 hic
2593 2312 2694 2366 tria
2728 2310 3190 2366 tabernacula.....
3230 2329 3250 2362 ι
3284 2325 3314 2363 a
3344 2325 3403 2364 se
3430 2325 3622 2375 unum,

2044 2420 2213 2459 unum
2263 2420 2293 2458 a
2337 2402 2493 2471 Filio,
2545 2412 2600 2457 et
2646 2418 2816 2457 unum
2856 2417 2887 2457 a
2931 2401 3134 2472 Spiritu
3167 2409 3375 2456 sancto.
3418 2399 3625 2455 Lucida

2041 2497 2241 2565 quippe
2270 2494 2475 2562 Patris,
2511 2505 2565 2550 et
2590 2494 2736 2559 Filii,
2770 2503 2821 2548 et
2854 2493 3088 2563 Spiritus
3114 2494 3289 2549 sancti
3326 2494 3499 2548 nubes
3532 2509 3621 2547 ve—

2041 2601 2135 2640 ros
2159 2583 2290 2641 Jesu
2317 2585 2616 2655 discipulos
2640 2586 2961 2652 obumbrat;
3012 2585 3095 2639 vel
3122 2584 3470 2654 Evangelium
3493 2624 3508 2648 ,
3541 2586 3622 2638 le-

2043 2688 2163 2745 gem
2185 2715 2199 2740 ,
2227 2681 2281 2728 et
2310 2675 2604 2743 prophetas
2637 2674 2808 2729 nubes
2835 2673 3157 2738 obumbrat,
3194 2674 3372 2728 lucida
3402 2673 3620 2744 quidem

2042 2765 2092 2819 ei
2121 2766 2214 2835 qui
2250 2773 2425 2835 potest
2459 2765 2657 2820 intueri
2687 2766 2868 2819 lumen
2898 2753 3048 2820 illius
3073 2766 3125 2820 in
3152 2764 3475 2836 Evangelio.
3508 2768 3623 2836 lege

2041 2865 2095 2911 et
2142 2855 2442 2927 prophetis.
2515 2854 2631 2911 Vox
2674 2866 2854 2911 autem
2893 2856 2962 2911 de
2993 2857 3138 2912 nube
3182 2858 3383 2913 emissa
3415 2857 3620 2914 Mosem

2041 2945 2277 3002 fortasse
2309 2958 2361 3001 ct
2391 2944 2565 3000 Eliam
2588 2985 2603 3009 ,
2637 2945 2835 3024 Filium
2868 2947 3107 3004 hominis
3139 2947 3353 3016 videre,
3389 2965 3622 3020 eumque

2039 3037 2262 3102 audire,
2293 3044 2348 3091 et
2370 3037 2597 3107 gloriam
2631 3038 2779 3094 illius
2810 3046 3056 3118 spectare
3084 3039 3364 3108 cupientes
3391 3041 3623 3111 alloqui-

346 3146 505 3217 φωνὴ
538 3146 678 3218 τάχα
721 3148 824 3217 μὲν
869 3147 1097 3200 Μωῦσεῖ
1139 3148 1235 3200 καὶ
1284 3149 1438 3221 Ἠλίᾳ
1478 3148 1658 3216 λέγει·
1713 3169 1732 3201 ί
1771 3145 1934 3216 Οὗτός

2044 3146 2152 3199 tur,
2214 3132 2400 3188 dicens
2437 3151 2450 3187 :
2507 3151 2527 3184 ‹
2578 3131 2677 3188 Hie
2723 3141 2808 3188 est
2860 3132 3038 3190 Filius
3084 3149 3238 3189 meus
3267 3135 3533 3201 dilectus,
3566 3135 3618 3189 in

344 3233 495 3289 ἐστιν
518 3235 546 3286 6
577 3236 702 3302 Υἱός
727 3255 826 3308 μου
859 3239 887 3292 6
918 3237 1222 3309 ἀγαπητὸς,
1249 3242 1304 3293 ἐν
1329 3234 1372 3308 ᾧ
1403 3240 1676 3311 ηὑδὸκησα
1697 3258 1709 3272 ·
1738 3242 1932 3296 ἀκούε-

340 3345 403 3381 τε
431 3328 624 3392 αὐτοῦ,
661 3347 680 3380 ι
712 3328 1069 3400 ἐπιθυμοῦσιν
1127 3330 1256 3383 ίδεῖν
1299 3330 1392 3385 τὸν
1427 3331 1554 3385 Υίὸν
1585 3331 1676 3386 τοῦ
1722 3332 1933 3405 ἀνθρώ-

342 3437 477 3482 που,
521 3418 615 3472 καὶ
640 3418 872 3474 ἀκοῦσαι
902 3418 1088 3485 αὑτοῦ,
1120 3422 1214 3473 καὶ
1244 3419 1516 3493 θεωρῆσαι
1563 3424 1725 3480 αὐτὸν
1751 3425 1931 3489 καθὼς

337 3513 399 3564 ἐν
426 3511 578 3584 δόξῃ.
613 3510 765 3582 Τάχα
784 3512 840 3565 δὲ
870 3506 1036 3577 ,οὗτος
1067 3514 1178 3585 (56)
1213 3513 1459 3585 μαθητὰς
1483 3515 1746 3583 διδάσκει,
1779 3518 1862 3571 ὅτι
1901 3519 1931 3571 6

337 3604 554 3675 κυρίως
571 3602 695 3668 Υἱὸς
718 3604 811 3658 τοῦ
838 3604 997 3671 Θεοῦ,
1026 3607 1119 3660 καὶ
1151 3607 1433 3679 ἀγαπητὸς
1458 3610 1644 3674 αὐτοῦ,
1675 3614 1732 3666 ἐν
1755 3606 1799 3681 ᾧ
1820 3613 1927 3684 ηὐ-

334 3696 595 3767 δόκησεν,
631 3691 692 3751 οὗ
736 3697 970 3769 μάλιστα
1011 3698 1226 3752 ἀκούειν
1268 3700 1367 3764 δεῖ,
1393 3703 1422 3754 6
1467 3702 1589 3755 τότε
1623 3702 1931 3774 Θεωρούμε-

335 3804 435 3852 νος
484 3784 573 3860 ἦν,
620 3790 714 3843 καὶ
744 3790 1220 3861 μεταμορφωθεὶς,
1250 3792 1343 3845 καὶ
1383 3792 1606 3862 λάμψας
1636 3793 1715 3864 τῷ
1756 3812 1927 3867 προσ-

333 3878 482 3950 ὠπῳ
513 3880 587 3945 ὡς
614 3882 643 3935 6
683 3881 854 3952 ἥλιος,
884 3883 978 3936 καὶ
1007 3882 1353 3954 ἐνδεδυμένος
1388 3883 1459 3938 τά
1496 3885 1571 3949 ὡς
1614 3885 1730 3956 φῶς
1758 3886 1928 3943 λευκὰ

336 3971 355 4024 ί
365 3969 563 4040 μάτια.

411 4060 572 4114 Μετὰ
595 4062 651 4115 δὲ
675 4059 846 4116 ταῦτα
878 4063 1207 4133 γέγραπται,
1223 4061 1304 4115 ὅτι
1338 4062 1672 4128 ἀκούσαντες
1703 4064 1801 4136 τῆς
1822 4083 1935 4135 φω-

338 4153 449 4224 νῆς
481 4154 580 4224 τῆς
605 4154 835 4225 νεφέλης
864 4154 975 4226 ('57)
1007 4153 1390 4226 μαρτυρούσης
1426 4155 1504 4226 τῷ
1547 4157 1659 4227 Υίῷ
1690 4160 1737 4212 οἱ
1783 4161 1932 4230 τρεῖς

2039 3239 2149 3293 quo
2181 3223 2316 3277 mihi
2342 3223 2481 3278 bene
2502 3223 2836 3292 complacui;
2871 3223 3048 3291 ipsum
3076 3224 3278 3279 audite.
3311 3243 3328 3274 ι
3367 3222 3621 3279 Foe-tasse

2036 3328 2168 3368 vero
2210 3313 2510 3382 discipulos
2561 3314 2717 3368 docet
2750 3329 2875 3369 eum
2906 3314 3000 3383 qui
3031 3315 3248 3384 proprie
3295 3313 3391 3369 Dei
3446 3314 3619 3371 Filius

2035 3413 2138 3469 est,
2166 3405 2381 3475 ipsique
2408 3405 2663 3473 dilectus,
2696 3405 2750 3459 in
2782 3421 2890 3475 quo
2916 3405 3019 3475 ipsi
3046 3406 3182 3461 bene
3205 3408 3616 3476 complacitum,

2035 3495 2239 3565 quique
2275 3493 2622 3563 potissimum
2652 3501 2735 3549 est
2761 3492 3065 3547 audiendus
3088 3533 3103 3559 ,
3141 3508 3265 3547 cum
3295 3508 3417 3547 esse
3454 3508 3615 3564 quem

2033 3591 2165 3639 tunc
2195 3583 2530 3652 aspiciebant
2549 3622 2565 3647 ,
2606 3583 2700 3652 qui
2731 3581 3153 3638 transformatus
3183 3595 3326 3646 erat,
3348 3584 3505 3653 cujus
3537 3581 3618 3638 fa-

2034 3674 2147 3729 cies
2182 3674 2499 3745 splendebat
2544 3675 2688 3729 sicut
2724 3675 2827 3738 sol,
2869 3675 3077 3744 quique
3109 3675 3430 3731 vcstin‘ienta
3480 3676 3618 3730 lucis

2035 3764 2207 3821 instar
2234 3765 2523 3821 candentia
2556 3766 2777 3821 indutus
2809 3774 2946 3823 erat.

2109 4072 2200 4129 45.
2261 4071 2538 4144 Scriptum
2594 4080 2681 4127 est
2731 4071 2928 4153 deinde
2981 4071 3266 4126 audientes
3315 4087 3499 4126 vocem
3547 4074 3614 4128 de

2036 4164 2184 4218 nube
2218 4173 2505 4219 exeuntem
2539 4171 2652 4218 tres
2685 4161 2963 4232 apostolos
3009 4170 3063 4216 et
3104 4160 3171 4215 de
3203 4160 3342 4216 Filio
3372 4164 3615 4217 testimo-

1557 4286 1784 4345 VETUS
1822 4287 2403 4348 INTERPRETATIO.

335 4422 465 4482 nem
510 4409 759 4482 cgemplo
796 4421 901 4482 suo
932 4405 1356 4482 demonstrabat
1401 4405 1792 4482 ei_s_l:uturam,
1839 4425 1960 4479 qua:
1998 4421 2305 4482 protegeret
2346 4426 2442 4466 eos
2487 4413 2650 4468 simul
2687 4420 2741 4466 et
2775 4412 3123 4466 illuminaret.
3162 4412 3293 4478 Qum
3324 4419 3394 4482 sit
3424 4420 3600 4482 autem

340 4477 521 4550 nubes
550 4475 733 4550 lucida
759 4476 1097 4550 obumbrans
1133 4487 1372 4540 sanctos,
1405 4475 1678 4550 nisi‘l'orte
1710 4475 1882 4550 virtus
1913 4475 2138 4549 paterna
2158 4475 2230 4537 cx
2259 4497 2367 4550 qua
2390 4484 2536 4537 venit
2562 4499 2664 4538 vox
2692 4482 2868 4537 Patris
2899 4483 3036 4537 dans
3069 4475 3434 4536 testiinonium
3470 4481 3606 4536 Filio

336 4548 501 4618 quasi
533 4548 752 4622 dilecto,
801 4547 1447 4622 c_t__exhortans_eos_qui
1484 4546 1953 4604 obumbrabantur
1983 4551 2050 4606 ab
2083 4567 2169 4618 eo,
2201 4546 2324 4622 ipsi,
2357 4569 2462 4607 non
2496 4554 2583 4607 alii
2618 4553 2882 4608 obedire?
2922 4551 3084 4607 Forte
3120 4562 3173 4606 et
3205 4552 3441 4622 Spiritus
3473 4568 3602 4607 san-

338 4616 466 4693 gtus
496 4624 580 4671 est
610 4617 790 4693 lucida
835 4617 925 4671 illa
956 4618 1130 4693 nubes
1164 4616 1496 4693 obumbrans
1524 4627 1780 4693 sanctos,
1810 4629 1862 4693 et
1886 4616 2356 4691 prophetans'Deo
2385 4624 2438 4676 in
2479 4639 2538 4678 se
2569 4635 2847 4693 operante,
2882 4631 3045 4693 atque
3070 4616 3282 4677 dicente
3308 4640 3321 4676 :
3354 4640 3371 4671 ι
3403 4620 3497 4676 Hic
3520 4633 3604 4676 est

339 4686 516 4742 Filius
538 4702 693 4755 mens
709 4687 960 4752 dilectus,
989 4689 1042 4742 in
1078 4701 1187 4755 quo
1207 4686 1338 4739 mihi
1358 4686 1950 4754 complacuiaAudens
1971 4686 2149 4745 autem
2180 4693 2356 4747 dicam
2391 4693 2552 4747 etiam
2587 4686 2919 4748 Salvatorern
2950 4686 3193 4747 nostrum
3222 4707 3341 4747 esse
3367 4693 3597 4746 lucidam

339 4755 570 4810 nubem.
608 4754 790 4810 Nubes
820 4757 964 4810 enim
999 4754 1175 4811 lucida
1207 4755 1497 4810 obumbrat
1525 4772 1739 4826 semper
1766 4759 1994 4815 dilectos
2023 4760 2227 4817 Christi
2258 4762 2391 4817 disci
2435 4763 2575 4829 ulos,
2606 4772 2661 4818 et
2693 4763 3064 4833 Evangelium,
3093 4769 3146 4817 et
3174 4762 3366 4832 legem,
3402 4771 3455 4816 et
3477 4778 3604 4831 pro-

342 4826 538 4885 phetas
560 4864 576 4885 ,
622 4825 765 4880 sicut
802 4826 1110 4885 intelligunt
1151 4826 1244 4885 qui
1294 4838 1526 4885 possunt
1569 4828 1811 4885 asoicere
1851 4830 2032 4885 lumen
2088 4830 2260 4885 ipsius
2311 4832 2364 4885 in
2388 4777 2703 4885 Evanuelio.
2734 4833 2818 4885 vel
2853 4836 2903 4885 in
2936 4833 3069 4885 leae.
3101 4832 3182 4885 vel
3218 4833 3271 4885 in
3302 4833 3599 4885 oronhetis.

340 4826 576 4947 Bhetas,
622 4825 765 4880 sicut
802 4826 1110 4895 intelligunt
1151 4826 1244 4895 qui
1294 4838 1526 4908 possunt
1569 4825 1811 4909 aspicere
1851 4830 2032 4885 lumen
2088 4830 2260 4901 ipsius
2311 4832 2364 4886 in

390 4909 461 4947 ox
489 4904 671 4947 autem
699 4894 766 4947 de
792 4895 934 4947 nube
959 4898 1025 4947 ad
1050 4895 1265 4947 Movsen
1287 4905 1341 4947 et
1376 4895 1542 4947 Ellam
1570 4897 1700 4947 dicit
1725 4914 1737 4947 :
1770 4916 1789 4947 α
1817 4899 1918 4947 Hic
1943 4908 2027 4947 est
2057 4899 2225 4947 Filius
2250 4917 2364 4947 men

2438 4834 2712 4914 gangelio,
2734 4833 2818 4887 vel
2853 4832 2903 4885 in
2936 4833 3069 4914 lege,
3101 4832 3182 4885 vel
3218 4833 3271 4914 in
3301 4833 3599 4914 prophetis.

390 4909 467 4973 οξ
489 4904 671 4950 autem
699 4894 766 4973 de
790 4894 1025 4973 nubead
1050 4894 1341 4973 Moysenet
1376 4895 1552 4973 Eliam
1570 4894 1737 4973 dicit;
1770 4916 1789 4973 ς
1817 4899 1918 4955 Ηίε
1943 4908 2027 4956 εει
2046 4894 2225 4973 Filius
2250 4917 2401 4958 meus
2421 4894 2671 4968 dilectus,
2690 4894 2753 4956 in
2777 4917 2886 4972 quo
2908 4894 3615 4973 milii’complac-uifipsnm‘

340 4965 565 5029 audite,
602 4983 622 5016 ι
670 4954 1184 5035 (ιιιζάεείιιει-ειιιιιῖι
1216 4965 1407 5035 videre
1453 4964 1650 5020 Filium
1695 4968 1811 5032 Dei,
1851 4980 1906 5023 et
1951 4954 2151 5025 audire
2172 4954 2360 5026 eum}

2421 4982 2516 5027 aut
2547 4971 2842 5040 discipulos
2890 4971 3145 5035 docebat,
3191 4971 3454 5041 quoniam
3505 4974 3597 5042 qui

339 5035 559 5107 proprie
604 5034 723 5090 erat
752 5034 925 5090 Filius
952 5034 1077 5098 Dei,
1113 5045 1166 5089 et
1197 5034 1583 5091 dilectissimus
1634 5038 1775 5107 apud
1810 5037 1998 5105 Deum,
2025 5040 2076 5095 in
2147 5056 2217 5096 uo
2246 5034 2735 5113 sibi'complacui-t,
2759 5056 2920 5111 quem
2943 5034 3271 5112 praecipue'o
3311 5051 3452 5096 ortet
3497 5034 3598 5096 οὐ·

340 5106 477 5167 dire.
530 5106 647 5167 ipse
674 5114 793 5160 erat
815 5104 911 5167 qui
942 5113 1071 5159 tunc
1097 5113 1150 5158 ct
1183 5104 1366 5167 visus,
1411 5116 1465 5158 et
1513 5111 1901 5167 trantiguratus
1946 5058 2221 5167 solenguit
2281 5111 2425 5167 sicut
2463 5114 2574 5167 sol.
2624 5122 2678 5166 et
2720 5112 3042 5167 vestimenta
3092 5112 3213 5167 eius
3265 5058 3409 5167 facta
3469 5121 3598 5167 sunt

2142 5128 2193 5165 lli

340 5104 477 5180 dire,
519 5106 647 5180 ipse
674 5114 793 5160 erat
815 5104 911 5175 qui
942 5113 1071 5159 tunc
1097 5113 1150 5158 ct
1183 5104 1366 5169 visus,
1411 5116 1465 5158 et
1513 5104 1901 5178 tranti’guratus
1946 5104 2098 5180 splen

344 5174 484 5230 sicut
519 5174 727 5231 lumen.

2281 5111 2425 5167 sicut
2463 5111 2574 5180 sol,
2624 5122 2678 5166 et
2720 5112 3042 5168 vestimenta
3092 5111 3213 5183 ejus
3265 5111 3409 5167 facta
3469 5121 3598 5167 sunt

410 5246 500 5300 45.
541 5245 672 5302 Post
698 5247 800 5300 hoc
826 5244 1086 5316 scriptum
1120 5252 1205 5300 est
1232 5244 1490 5313 quoniam
1523 5246 1805 5303 audientes
1839 5248 2074 5305 lucidam
2119 5251 2318 5307 nubem
2378 5250 2751 5307 testimonium
2777 5250 2996 5307 dantem
3040 5249 3179 5306 Filio
3215 5249 3311 5306 Dei
3361 5249 3594 5320 apostoli

411 5342 454 5373 ³⁷
482 5341 673 5396 Matth.
705 5356 841 5405 xvn,
872 5339 927 5394 5.
999 5340 1046 5371 ⁸⁸
1071 5340 1199 5395 ibid.
1232 5337 1285 5398 4.

411 5432 521 5503 (54)
551 5435 733 5490 Codex
753 5433 1067 5496 Vaticanus,
1085 5431 1490 5503 λαμπομένους,
1516 5441 1569 5487 ει
1596 5434 1754 5502 paulo
1769 5443 1910 5503 post,

345 5500 729 5568 ἐπισκιάζουσα
748 5504 877 5567 τοὺς
905 5500 1177 5568 δικαίουςζ
1222 5500 1386 5557 editio
1427 5500 1626 5568 lluetii,
1659 5500 1912 5558 ἐπισκιά-

341 5571 505 5635 ζουσα
537 5577 645 5637 τοῖς
672 5574 897 5637 δικαίοις
913 5590 929 5639 ;

415 5640 524 5712 (55)
552 5645 806 5711 Σκηνὰς,
833 5644 935 5712 ἀφ’
966 5641 1184 5698 ἑαυτοῦ
1203 5642 1369 5712 μίαν,
1405 5646 1508 5698 etc.
1569 5643 1661 5698 Sic
1711 5644 1908 5702 habent

341 5725 532 5785 omnes
560 5715 728 5768 nostri
769 5715 983 5770 codices
1013 5730 1146 5785 mss.
1180 5714 1231 5785 in
1264 5714 1465 5782 quibus
1502 5716 1706 5785 nullum
1739 5732 1903 5785 appa-

345 5790 425 5836 ret
448 5783 630 5838 hiatus
664 5785 969 5855 vestigium,
1020 5784 1145 5840 licet
1179 5783 1329 5840 locus
1362 5784 1648 5842 manifesto
1676 5783 1902 5844 lacuno-

2021 5449 2117 5511 sus_
2146 5435 2237 5504 sit,
2257 5436 2350 5511 cui
2379 5450 2480 5492 nec
2500 5435 2745 5494 subsidio
2772 5446 2855 5494 est
2877 5446 3029 5493 vetus
3062 5437 3435 5509 interpretatio
3468 5455 3591 5511 qua:

2020 5514 2075 5559 et
2106 5505 2219 5574 ipsa
2254 5507 2325 5574 ihj
2367 5522 2559 5560 manca
2588 5516 2689 5561 est.

2091 5572 2199 5645 (56)
2241 5572 2451 5647 Οὗτος,
2480 5575 2638 5631 Deest
2658 5576 2709 5647 in
2742 5577 2927 5632 codice
2956 5576 3233 5635 Vaticano.
3266 5577 3405 5647 Quid
3441 5580 3485 5634 si
3512 5581 3590 5638 le-

2014 5654 2174 5714 gatur
2201 5646 2327 5721 τοῦς
2355 5645 2603 5721 μαθητάς
2624 5650 2647 5702 'i
2666 5645 2862 5702 Ibidem
2889 5663 2986 5718 pro
3013 5649 3215 5721 κυρίως
3242 5645 3411 5706 codex
3441 5649 3591 5708 Vati-

2012 5724 2183 5787 canus
2215 5715 2379 5787 habet
2398 5715 2617 5787 Κύριος.

2079 5784 2192 5857 (57)
2226 5784 2516 5858 Νεφέλης.
2554 5786 2709 5844 Deest
2737 5787 2791 5843 in
2823 5788 3009 5847 codice
3032 5787 3317 5849 Vaticano.
