  <div class='ocr_page' id='page_1' title='image "/cluster/home/n/w/nwhite01/storage/ocr_20150623/13/mdp.39015007036059/547.png"; bbox 0 0 4028 6296; ppageno 0'>
   <div class='ocr_carea' id='block_1_1' title="bbox 528 334 661 415">
    <p class='ocr_par' dir='ltr' id='par_1_1' title="bbox 528 334 661 415">
     <span class='ocr_line' id='line_1_1' title="bbox 528 334 661 415; baseline -0.023 -1"><span class='ocrx_word' id='word_1_1' title='bbox 528 334 661 415; x_wconf 64' lang='lat' dir='ltr'><strong>tas?</strong></span> 
     </span>
    </p>
   </div>
   <div class='ocr_carea' id='block_1_2' title="bbox 2026 336 2405 410">
    <p class='ocr_par' dir='ltr' id='par_1_2' title="bbox 2026 336 2405 410">
     <span class='ocr_line' id='line_1_2' title="bbox 2026 336 2405 410; baseline 0.003 -2"><span class='ocrx_word' id='word_1_2' title='bbox 2026 338 2353 410; x_wconf 81' lang='lat' dir='ltr'><strong>ORIGENIS</strong></span> <span class='ocrx_word' id='word_1_3' title='bbox 2402 336 2405 339; x_wconf 71' lang='grc'>’</span> 
     </span>
    </p>
   </div>
   <div class='ocr_carea' id='block_1_3' title="bbox 3674 349 3818 403">
    <p class='ocr_par' dir='ltr' id='par_1_3' title="bbox 3674 349 3818 403">
     <span class='ocr_line' id='line_1_3' title="bbox 3674 349 3818 403; baseline 0.021 -3"><span class='ocrx_word' id='word_1_4' title='bbox 3674 349 3818 403; x_wconf 72' lang='lat'><strong>1083</strong></span> 
     </span>
    </p>
   </div>
   <div class='ocr_carea' id='block_1_4' title="bbox 526 449 2122 545">
    <p class='ocr_par' dir='ltr' id='par_1_4' title="bbox 526 468 2112 545">
     <span class='ocr_line' id='line_1_4' title="bbox 526 468 2112 545; baseline -0.003 -17"><span class='ocrx_word' id='word_1_5' title='bbox 526 481 902 545; x_wconf 85' lang='lat' dir='ltr'><strong>patraverunt,</strong></span> <span class='ocrx_word' id='word_1_6' title='bbox 934 470 998 525; x_wconf 82' lang='lat' dir='ltr'><strong>ab</strong></span> <span class='ocrx_word' id='word_1_7' title='bbox 1030 469 1219 523; x_wconf 83' lang='lat' dir='ltr'><strong>iisdem</strong></span> <span class='ocrx_word' id='word_1_8' title='bbox 1251 482 1540 539; x_wconf 87' lang='lat' dir='ltr'><strong>passurum</strong></span> <span class='ocrx_word' id='word_1_9' title='bbox 1573 484 1631 526; x_wconf 91' lang='lat' dir='ltr'><strong>se</strong></span> <span class='ocrx_word' id='word_1_10' title='bbox 1654 468 1748 525; x_wconf 89' lang='lat' dir='ltr'><strong>ait.</strong></span> <span class='ocrx_word' id='word_1_11' title='bbox 1781 469 1961 540; x_wconf 87' lang='lat' dir='ltr'><strong>Atque</strong></span> <span class='ocrx_word' id='word_1_12' title='bbox 1997 470 2112 524; x_wconf 55' lang='lat' dir='ltr'><strong>hac</strong></span> 
     </span>
    </p>
   </div>
   <div class='ocr_carea' id='block_1_5' title="bbox 2227 449 3820 545">
    <p class='ocr_par' dir='ltr' id='par_1_5' title="bbox 2227 464 3820 539">
     <span class='ocr_line' id='line_1_5' title="bbox 2227 464 3820 539; baseline -0.001 -18"><span class='ocrx_word' id='word_1_13' title='bbox 2227 464 2296 533; x_wconf 63' lang='lat' dir='ltr'><strong>ii;</strong></span> <span class='ocrx_word' id='word_1_14' title='bbox 2331 471 2692 539; x_wconf 78' lang='grc' dir='ltr'><strong>πεποιήκασιν</strong></span> <span class='ocrx_word' id='word_1_15' title='bbox 2726 468 2804 531; x_wconf 86' lang='grc' dir='ltr'>εἰς</span> <span class='ocrx_word' id='word_1_16' title='bbox 2826 467 2915 521; x_wconf 79' lang='grc' dir='ltr'><strong>τὸν</strong></span> <span class='ocrx_word' id='word_1_17' title='bbox 2955 467 3140 520; x_wconf 83' lang='grc' dir='ltr'>’Πλίαν</span> <span class='ocrx_word' id='word_1_18' title='bbox 3175 466 3338 535; x_wconf 64' lang='grc' dir='ltr'>φησιν</span> <span class='ocrx_word' id='word_1_19' title='bbox 3364 464 3467 518; x_wconf 77' lang='grc' dir='ltr'>ὑπὸ</span> <span class='ocrx_word' id='word_1_20' title='bbox 3489 465 3597 519; x_wconf 80' lang='grc' dir='ltr'>τῶν</span> <span class='ocrx_word' id='word_1_21' title='bbox 3630 464 3820 519; x_wconf 77' lang='grc' dir='ltr'>αὐτῶν</span> 
     </span>
    </p>
   </div>
   <div class='ocr_carea' id='block_1_6' title="bbox 530 562 2117 637">
    <p class='ocr_par' dir='ltr' id='par_1_6' title="bbox 530 562 2117 637">
     <span class='ocr_line' id='line_1_6' title="bbox 530 562 2117 637; baseline -0.003 -17"><span class='ocrx_word' id='word_1_22' title='bbox 530 566 751 637; x_wconf 86' lang='lat' dir='ltr'><strong>quidem</strong></span> <span class='ocrx_word' id='word_1_23' title='bbox 788 565 941 633; x_wconf 89' lang='lat' dir='ltr'><strong>quasi</strong></span> <span class='ocrx_word' id='word_1_24' title='bbox 975 562 1042 616; x_wconf 85' lang='lat' dir='ltr'><strong>de</strong></span> <span class='ocrx_word' id='word_1_25' title='bbox 1081 562 1192 616; x_wconf 88' lang='lat' dir='ltr'><strong>Elia</strong></span> <span class='ocrx_word' id='word_1_26' title='bbox 1224 563 1540 632; x_wconf 78' lang='lat' dir='ltr'><strong>quaerebant</strong></span> <span class='ocrx_word' id='word_1_27' title='bbox 1570 564 1846 635; x_wconf 85' lang='lat' dir='ltr'><strong>discipuli,</strong></span> <span class='ocrx_word' id='word_1_28' title='bbox 1884 573 1938 618; x_wconf 88' lang='lat' dir='ltr'><strong>et</strong></span> <span class='ocrx_word' id='word_1_29' title='bbox 1990 562 2117 618; x_wconf 89' lang='lat' dir='ltr'><strong>Ser-</strong></span> 
     </span>
    </p>
   </div>
   <div class='ocr_carea' id='block_1_7' title="bbox 531 652 2117 723">
    <p class='ocr_par' dir='ltr' id='par_1_7' title="bbox 531 652 2117 723">
     <span class='ocr_line' id='line_1_7' title="bbox 531 652 2117 723; baseline -0.001 -13"><span class='ocrx_word' id='word_1_30' title='bbox 531 664 682 710; x_wconf 85' lang='lat' dir='ltr'><strong>vator</strong></span> <span class='ocrx_word' id='word_1_31' title='bbox 740 654 1118 723; x_wconf 66' lang='lat' dir='ltr'><strong>respondebat.</strong></span> <span class='ocrx_word' id='word_1_32' title='bbox 1182 652 1288 719; x_wconf 86' lang='lat' dir='ltr'><strong>Qui</strong></span> <span class='ocrx_word' id='word_1_33' title='bbox 1344 666 1524 710; x_wconf 90' lang='lat' dir='ltr'><strong>autem</strong></span> <span class='ocrx_word' id='word_1_34' title='bbox 1595 656 1888 711; x_wconf 87' lang='lat' dir='ltr'><strong>audierunt</strong></span> <span class='ocrx_word' id='word_1_35' title='bbox 1953 655 2117 711; x_wconf 80' lang='lat' dir='ltr'><strong>verba</strong></span> 
     </span>
    </p>
   </div>
   <div class='ocr_carea' id='block_1_8' title="bbox 529 742 2118 814">
    <p class='ocr_par' dir='ltr' id='par_1_8' title="bbox 529 742 2118 814">
     <span class='ocr_line' id='line_1_8' title="bbox 529 742 2118 814; baseline -0.001 -15"><span class='ocrx_word' id='word_1_36' title='bbox 529 742 756 799; x_wconf 61' lang='lat' dir='ltr'><strong>uage&quot;:</strong></span> <span class='ocrx_word' id='word_1_37' title='bbox 798 761 817 793; x_wconf 79' lang='grc' dir='ltr'><strong>ι</strong></span> <span class='ocrx_word' id='word_1_38' title='bbox 852 742 998 796; x_wconf 86' lang='lat' dir='ltr'><strong>Elias</strong></span> <span class='ocrx_word' id='word_1_39' title='bbox 1024 747 1137 811; x_wconf 88' lang='lat' dir='ltr'><strong>jam</strong></span> <span class='ocrx_word' id='word_1_40' title='bbox 1171 742 1338 807; x_wconf 91' lang='lat' dir='ltr'><strong>venit,</strong></span> <span class='ocrx_word' id='word_1_41' title='bbox 1400 761 1419 794; x_wconf 77' lang='grc' dir='ltr'><strong>ι</strong></span> <span class='ocrx_word' id='word_1_42' title='bbox 1474 753 1528 798; x_wconf 89' lang='lat' dir='ltr'><strong>et</strong></span> <span class='ocrx_word' id='word_1_43' title='bbox 1569 745 1711 814; x_wconf 91' lang='lat' dir='ltr'><strong>quod</strong></span> <span class='ocrx_word' id='word_1_44' title='bbox 1759 760 1789 799; x_wconf 90' lang='lat' dir='ltr'><strong>a</strong></span> <span class='ocrx_word' id='word_1_45' title='bbox 1832 743 2118 799; x_wconf 86' lang='lat' dir='ltr'><strong>Servatore</strong></span> 
     </span>
    </p>
   </div>
   <div class='ocr_carea' id='block_1_9' title="bbox 524 832 2117 905">
    <p class='ocr_par' dir='ltr' id='par_1_9' title="bbox 524 832 2117 905">
     <span class='ocr_line' id='line_1_9' title="bbox 524 832 2117 905; baseline 0 -17"><span class='ocrx_word' id='word_1_46' title='bbox 524 833 719 888; x_wconf 79' lang='lat' dir='ltr'><strong>deinde</strong></span> <span class='ocrx_word' id='word_1_47' title='bbox 748 833 951 886; x_wconf 90' lang='lat' dir='ltr'><strong>dictum</strong></span> <span class='ocrx_word' id='word_1_48' title='bbox 983 842 1086 899; x_wconf 81' lang='lat' dir='ltr'><strong>est,</strong></span> <span class='ocrx_word' id='word_1_49' title='bbox 1122 834 1188 887; x_wconf 90' lang='lat' dir='ltr'><strong>ad</strong></span> <span class='ocrx_word' id='word_1_50' title='bbox 1237 832 1499 887; x_wconf 84' lang='lat' dir='ltr'><strong>Joannem</strong></span> <span class='ocrx_word' id='word_1_51' title='bbox 1538 835 1835 905; x_wconf 87' lang='lat' dir='ltr'><strong>Baptistam</strong></span> <span class='ocrx_word' id='word_1_52' title='bbox 1887 835 2117 889; x_wconf 86' lang='lat' dir='ltr'><strong>relatum</strong></span> 
     </span>
    </p>
   </div>
   <div class='ocr_carea' id='block_1_10' title="bbox 525 920 2117 991">
    <p class='ocr_par' dir='ltr' id='par_1_10' title="bbox 525 920 2117 991">
     <span class='ocr_line' id='line_1_10' title="bbox 525 920 2117 991; baseline -0.001 -14"><span class='ocrx_word' id='word_1_53' title='bbox 525 938 647 977; x_wconf 87' lang='lat' dir='ltr'><strong>esse</strong></span> <span class='ocrx_word' id='word_1_54' title='bbox 680 922 1088 976; x_wconf 74' lang='lat' dir='ltr'><strong>intellexerunt.</strong></span> <span class='ocrx_word' id='word_1_55' title='bbox 1121 920 1248 976; x_wconf 80' lang='lat' dir='ltr'><strong>&quot;th</strong></span> <span class='ocrx_word' id='word_1_56' title='bbox 1278 936 1442 991; x_wconf 89' lang='lat' dir='ltr'><strong>porro</strong></span> <span class='ocrx_word' id='word_1_57' title='bbox 1471 923 1610 976; x_wconf 80' lang='lat' dir='ltr'><strong>dicta</strong></span> <span class='ocrx_word' id='word_1_58' title='bbox 1657 925 1767 977; x_wconf 88' lang='lat' dir='ltr'><strong>sint</strong></span> <span class='ocrx_word' id='word_1_59' title='bbox 1807 921 2117 978; x_wconf 88' lang='lat' dir='ltr'><strong>illustrandi</strong></span> 
     </span>
    </p>
   </div>
   <div class='ocr_carea' id='block_1_11' title="bbox 525 1013 2117 1086">
    <p class='ocr_par' dir='ltr' id='par_1_11' title="bbox 525 1013 2117 1086">
     <span class='ocr_line' id='line_1_11' title="bbox 525 1013 2117 1086; baseline 0.001 -18"><span class='ocrx_word' id='word_1_60' title='bbox 525 1013 697 1086; x_wconf 88' lang='lat' dir='ltr'><strong>gratia</strong></span> <span class='ocrx_word' id='word_1_61' title='bbox 730 1013 995 1083; x_wconf 87' lang='lat' dir='ltr'><strong>prepositi</strong></span> <span class='ocrx_word' id='word_1_62' title='bbox 1030 1014 1157 1080; x_wconf 86' lang='lat' dir='ltr'><strong>loci;</strong></span> <span class='ocrx_word' id='word_1_63' title='bbox 1179 1014 1291 1083; x_wconf 87' lang='lat' dir='ltr'><strong>jam</strong></span> <span class='ocrx_word' id='word_1_64' title='bbox 1323 1029 1454 1067; x_wconf 89' lang='lat' dir='ltr'><strong>vero</strong></span> <span class='ocrx_word' id='word_1_65' title='bbox 1487 1016 1797 1071; x_wconf 89' lang='lat' dir='ltr'><strong>reconditas</strong></span> <span class='ocrx_word' id='word_1_66' title='bbox 1833 1016 1884 1068; x_wconf 91' lang='lat' dir='ltr'><strong>in</strong></span> <span class='ocrx_word' id='word_1_67' title='bbox 1926 1030 1993 1069; x_wconf 82' lang='lat' dir='ltr'><strong>eo</strong></span> <span class='ocrx_word' id='word_1_68' title='bbox 2028 1030 2117 1069; x_wconf 87' lang='lat' dir='ltr'><strong>res</strong></span> 
     </span>
    </p>
   </div>
   <div class='ocr_carea' id='block_1_12' title="bbox 528 1102 2116 1176">
    <p class='ocr_par' dir='ltr' id='par_1_12' title="bbox 528 1102 2116 1176">
     <span class='ocr_line' id='line_1_12' title="bbox 528 1102 2116 1176; baseline -0.001 -18"><span class='ocrx_word' id='word_1_69' title='bbox 528 1120 625 1176; x_wconf 89' lang='lat' dir='ltr'><strong>pro</strong></span> <span class='ocrx_word' id='word_1_70' title='bbox 665 1105 806 1159; x_wconf 82' lang='lat' dir='ltr'><strong>virili</strong></span> <span class='ocrx_word' id='word_1_71' title='bbox 857 1105 1266 1175; x_wconf 84' lang='lat' dir='ltr'><strong>investigemus.</strong></span> <span class='ocrx_word' id='word_1_72' title='bbox 1313 1105 1364 1159; x_wconf 81' lang='lat' dir='ltr'><strong>in</strong></span> <span class='ocrx_word' id='word_1_73' title='bbox 1414 1105 1498 1160; x_wconf 87' lang='lat' dir='ltr'><strong>his</strong></span> <span class='ocrx_word' id='word_1_74' title='bbox 1537 1105 1757 1174; x_wconf 89' lang='lat' dir='ltr'><strong>quidem</strong></span> <span class='ocrx_word' id='word_1_75' title='bbox 1792 1120 1888 1174; x_wconf 88' lang='lat' dir='ltr'><strong>per</strong></span> <span class='ocrx_word' id='word_1_76' title='bbox 1942 1102 2116 1157; x_wconf 87' lang='lat' dir='ltr'><strong>Eliam</strong></span> 
     </span>
    </p>
   </div>
   <div class='ocr_carea' id='block_1_13' title="bbox 527 1196 2119 1268">
    <p class='ocr_par' dir='ltr' id='par_1_13' title="bbox 527 1196 2119 1268">
     <span class='ocr_line' id='line_1_13' title="bbox 527 1196 2119 1268; baseline 0 -17"><span class='ocrx_word' id='word_1_77' title='bbox 527 1213 637 1251; x_wconf 92' lang='lat' dir='ltr'><strong>non</strong></span> <span class='ocrx_word' id='word_1_78' title='bbox 669 1196 803 1251; x_wconf 91' lang='lat' dir='ltr'><strong>mihi</strong></span> <span class='ocrx_word' id='word_1_79' title='bbox 837 1197 1045 1250; x_wconf 84' lang='lat' dir='ltr'><strong>videtur</strong></span> <span class='ocrx_word' id='word_1_80' title='bbox 1073 1196 1251 1251; x_wconf 89' lang='lat' dir='ltr'><strong>anima</strong></span> <span class='ocrx_word' id='word_1_81' title='bbox 1281 1197 1596 1268; x_wconf 91' lang='lat' dir='ltr'><strong>signiticari,</strong></span> <span class='ocrx_word' id='word_1_82' title='bbox 1622 1213 1691 1251; x_wconf 92' lang='lat' dir='ltr'><strong>ne</strong></span> <span class='ocrx_word' id='word_1_83' title='bbox 1723 1198 1863 1252; x_wconf 86' lang='lat' dir='ltr'><strong>forte</strong></span> <span class='ocrx_word' id='word_1_84' title='bbox 1896 1197 1949 1250; x_wconf 91' lang='lat' dir='ltr'><strong>in</strong></span> <span class='ocrx_word' id='word_1_85' title='bbox 1988 1196 2119 1251; x_wconf 89' lang='lat' dir='ltr'><strong>alie-</strong></span> 
     </span>
    </p>
   </div>
   <div class='ocr_carea' id='block_1_14' title="bbox 525 1287 2114 1359">
    <p class='ocr_par' dir='ltr' id='par_1_14' title="bbox 525 1287 2114 1359">
     <span class='ocr_line' id='line_1_14' title="bbox 525 1287 2114 1359; baseline -0.001 -16"><span class='ocrx_word' id='word_1_86' title='bbox 525 1302 654 1344; x_wconf 87' lang='lat' dir='ltr'><strong>nam</strong></span> <span class='ocrx_word' id='word_1_87' title='bbox 710 1287 777 1341; x_wconf 88' lang='lat' dir='ltr'><strong>ab</strong></span> <span class='ocrx_word' id='word_1_88' title='bbox 815 1287 1056 1341; x_wconf 81' lang='lat' dir='ltr'><strong>Ecclesia</strong></span> <span class='ocrx_word' id='word_1_89' title='bbox 1100 1287 1193 1342; x_wconf 89' lang='lat' dir='ltr'><strong>Dei</strong></span> <span class='ocrx_word' id='word_1_90' title='bbox 1229 1289 1296 1344; x_wconf 89' lang='lat' dir='ltr'><strong>de</strong></span> <span class='ocrx_word' id='word_1_91' title='bbox 1347 1289 1670 1359; x_wconf 77' lang='lat' dir='ltr'><strong>migratione</strong></span> <span class='ocrx_word' id='word_1_92' title='bbox 1711 1304 1741 1342; x_wconf 91' lang='lat' dir='ltr'><strong>e</strong></span> <span class='ocrx_word' id='word_1_93' title='bbox 1789 1305 2017 1359; x_wconf 89' lang='lat' dir='ltr'><strong>corpore</strong></span> <span class='ocrx_word' id='word_1_94' title='bbox 2061 1288 2114 1342; x_wconf 93' lang='lat' dir='ltr'><strong>in</strong></span> 
     </span>
    </p>
   </div>
   <div class='ocr_carea' id='block_1_15' title="bbox 529 1379 2115 1450">
    <p class='ocr_par' dir='ltr' id='par_1_15' title="bbox 529 1379 2115 1450">
     <span class='ocr_line' id='line_1_15' title="bbox 529 1379 2115 1450; baseline -0.001 -14"><span class='ocrx_word' id='word_1_95' title='bbox 529 1394 732 1449; x_wconf 86' lang='lat' dir='ltr'><strong>corpus</strong></span> <span class='ocrx_word' id='word_1_96' title='bbox 781 1379 1138 1444; x_wconf 89' lang='lat' dir='ltr'><strong>sententiam,</strong></span> <span class='ocrx_word' id='word_1_97' title='bbox 1181 1395 1359 1449; x_wconf 89' lang='lat' dir='ltr'><strong>neque</strong></span> <span class='ocrx_word' id='word_1_98' title='bbox 1403 1383 1472 1436; x_wconf 89' lang='lat' dir='ltr'><strong>ab</strong></span> <span class='ocrx_word' id='word_1_99' title='bbox 1525 1381 1788 1450; x_wconf 86' lang='lat' dir='ltr'><strong>apostolis</strong></span> <span class='ocrx_word' id='word_1_100' title='bbox 1838 1382 2115 1447; x_wconf 84' lang='lat' dir='ltr'><strong>traditam,</strong></span> 
     </span>
    </p>
   </div>
   <div class='ocr_carea' id='block_1_16' title="bbox 530 1470 2115 1542">
    <p class='ocr_par' dir='ltr' id='par_1_16' title="bbox 530 1470 2115 1542">
     <span class='ocr_line' id='line_1_16' title="bbox 530 1470 2115 1542; baseline 0.002 -18"><span class='ocrx_word' id='word_1_101' title='bbox 530 1487 705 1541; x_wconf 88' lang='lat' dir='ltr'><strong>neque</strong></span> <span class='ocrx_word' id='word_1_102' title='bbox 723 1470 888 1541; x_wconf 77' lang='lat'><strong>568</strong></span> <span class='ocrx_word' id='word_1_103' title='bbox 918 1473 1128 1540; x_wconf 84' lang='lat' dir='ltr'><strong>uspiam</strong></span> <span class='ocrx_word' id='word_1_104' title='bbox 1147 1473 1198 1526; x_wconf 89' lang='lat' dir='ltr'><strong>in</strong></span> <span class='ocrx_word' id='word_1_105' title='bbox 1230 1472 1528 1542; x_wconf 83' lang='lat' dir='ltr'><strong>Scripturis</strong></span> <span class='ocrx_word' id='word_1_106' title='bbox 1551 1473 1815 1542; x_wconf 85' lang='lat' dir='ltr'><strong>prolatam</strong></span> <span class='ocrx_word' id='word_1_107' title='bbox 1835 1473 2067 1526; x_wconf 82' lang='lat' dir='ltr'><strong>incidam</strong></span> <span class='ocrx_word' id='word_1_108' title='bbox 2101 1490 2115 1527; x_wconf 92' lang='lat'><strong>:</strong></span> 
     </span>
    </p>
   </div>
   <div class='ocr_carea' id='block_1_17' title="bbox 531 1563 2117 1635">
    <p class='ocr_par' dir='ltr' id='par_1_17' title="bbox 531 1563 2117 1635">
     <span class='ocr_line' id='line_1_17' title="bbox 531 1563 2117 1635; baseline 0.001 -18"><span class='ocrx_word' id='word_1_109' title='bbox 531 1563 659 1619; x_wconf 83' lang='lat' dir='ltr'><strong>huic</strong></span> <span class='ocrx_word' id='word_1_110' title='bbox 687 1563 833 1618; x_wconf 90' lang='lat' dir='ltr'><strong>enim</strong></span> <span class='ocrx_word' id='word_1_111' title='bbox 869 1564 1187 1618; x_wconf 81' lang='lat' dir='ltr'><strong>adversatur</strong></span> <span class='ocrx_word' id='word_1_112' title='bbox 1225 1566 1370 1635; x_wconf 87' lang='lat' dir='ltr'><strong>quod</strong></span> <span class='ocrx_word' id='word_1_113' title='bbox 1396 1566 1658 1635; x_wconf 89' lang='lat' dir='ltr'><strong>scriptum</strong></span> <span class='ocrx_word' id='word_1_114' title='bbox 1690 1573 1794 1631; x_wconf 88' lang='lat' dir='ltr'><strong>est,</strong></span> <span class='ocrx_word' id='word_1_115' title='bbox 1822 1565 2029 1620; x_wconf 89' lang='lat' dir='ltr'><strong>caduca</strong></span> <span class='ocrx_word' id='word_1_116' title='bbox 2052 1581 2117 1619; x_wconf 88' lang='lat' dir='ltr'><strong>ea</strong></span> 
     </span>
    </p>
   </div>
   <div class='ocr_carea' id='block_1_18' title="bbox 527 1655 2116 1725">
    <p class='ocr_par' dir='ltr' id='par_1_18' title="bbox 527 1655 2116 1725">
     <span class='ocr_line' id='line_1_18' title="bbox 527 1655 2116 1725; baseline 0.001 -15"><span class='ocrx_word' id='word_1_117' title='bbox 527 1670 649 1710; x_wconf 80' lang='lat' dir='ltr'><strong>esse</strong></span> <span class='ocrx_word' id='word_1_118' title='bbox 671 1671 795 1725; x_wconf 64' lang='lat' dir='ltr'><strong>quae</strong></span> <span class='ocrx_word' id='word_1_119' title='bbox 821 1655 1071 1711; x_wconf 85' lang='lat' dir='ltr'><strong>videntur</strong></span> <span class='ocrx_word' id='word_1_120' title='bbox 1102 1659 1172 1722; x_wconf 69' lang='grc'><strong>⁸⁸,</strong></span> <span class='ocrx_word' id='word_1_121' title='bbox 1206 1668 1260 1711; x_wconf 92' lang='lat' dir='ltr'><strong>ct</strong></span> <span class='ocrx_word' id='word_1_122' title='bbox 1292 1665 1733 1712; x_wconf 83' lang='lat' dir='ltr'><strong>consummatum</strong></span> <span class='ocrx_word' id='word_1_123' title='bbox 1760 1656 1826 1710; x_wconf 90' lang='lat' dir='ltr'><strong>iri</strong></span> <span class='ocrx_word' id='word_1_124' title='bbox 1857 1657 2116 1711; x_wconf 67' lang='lat' dir='ltr'><strong>smenlum</strong></span> 
     </span>
    </p>
   </div>
   <div class='ocr_carea' id='block_1_19' title="bbox 531 1746 2118 1819">
    <p class='ocr_par' dir='ltr' id='par_1_19' title="bbox 531 1746 2118 1819">
     <span class='ocr_line' id='line_1_19' title="bbox 531 1746 2118 1819; baseline -0.001 -17"><span class='ocrx_word' id='word_1_125' title='bbox 531 1748 701 1803; x_wconf 91' lang='lat' dir='ltr'><strong>hocce</strong></span> <span class='ocrx_word' id='word_1_126' title='bbox 734 1747 788 1816; x_wconf 71' lang='grc' dir='ltr'>ις</span> <span class='ocrx_word' id='word_1_127' title='bbox 823 1748 956 1819; x_wconf 91' lang='lat' dir='ltr'><strong>quin</strong></span> <span class='ocrx_word' id='word_1_128' title='bbox 999 1757 1270 1804; x_wconf 89' lang='lat' dir='ltr'><strong>eteorum</strong></span> <span class='ocrx_word' id='word_1_129' title='bbox 1324 1746 1623 1818; x_wconf 90' lang='lat' dir='ltr'><strong>peractioni</strong></span> <span class='ocrx_word' id='word_1_130' title='bbox 1677 1764 1691 1801; x_wconf 90' lang='lat'><strong>:</strong></span> <span class='ocrx_word' id='word_1_131' title='bbox 1733 1766 1752 1799; x_wconf 73' lang='grc' dir='ltr'><strong>ι</strong></span> <span class='ocrx_word' id='word_1_132' title='bbox 1808 1746 2020 1802; x_wconf 81' lang='lat' dir='ltr'><strong>Caelum</strong></span> <span class='ocrx_word' id='word_1_133' title='bbox 2063 1755 2118 1801; x_wconf 87' lang='lat' dir='ltr'><strong>et</strong></span> 
     </span>
    </p>
   </div>
   <div class='ocr_carea' id='block_1_20' title="bbox 2220 556 3817 631">
    <p class='ocr_par' dir='ltr' id='par_1_20' title="bbox 2220 556 3817 631">
     <span class='ocr_line' id='line_1_20' title="bbox 2220 556 3817 631; baseline -0.002 -17"><span class='ocrx_word' id='word_1_134' title='bbox 2220 560 2522 614; x_wconf 87' lang='grc' dir='ltr'>πείσεσθαι.</span> <span class='ocrx_word' id='word_1_135' title='bbox 2566 559 2881 628; x_wconf 17' lang='grc' dir='ltr'>Καὶνταῢτα</span> <span class='ocrx_word' id='word_1_136' title='bbox 2918 561 3014 631; x_wconf 85' lang='grc' dir='ltr'><strong>μὲν</strong></span> <span class='ocrx_word' id='word_1_137' title='bbox 3038 560 3114 622; x_wconf 85' lang='grc' dir='ltr'><strong>ὡς</strong></span> <span class='ocrx_word' id='word_1_138' title='bbox 3148 560 3277 630; x_wconf 74' lang='grc' dir='ltr'>περὶ</span> <span class='ocrx_word' id='word_1_139' title='bbox 3315 556 3499 611; x_wconf 82' lang='grc' dir='ltr'>Ἡλίου</span> <span class='ocrx_word' id='word_1_140' title='bbox 3523 556 3579 610; x_wconf 77' lang='grc' dir='ltr'><strong>οἵ</strong></span> <span class='ocrx_word' id='word_1_141' title='bbox 3616 573 3674 609; x_wconf 90' lang='grc' dir='ltr'><strong>τε</strong></span> <span class='ocrx_word' id='word_1_142' title='bbox 3703 574 3817 627; x_wconf 82' lang='grc' dir='ltr'>μα-</span> 
     </span>
    </p>
   </div>
   <div class='ocr_carea' id='block_1_21' title="bbox 2219 647 3819 723">
    <p class='ocr_par' dir='ltr' id='par_1_21' title="bbox 2219 647 3819 723">
     <span class='ocr_line' id='line_1_21' title="bbox 2219 647 3819 723; baseline -0.002 -18"><span class='ocrx_word' id='word_1_143' title='bbox 2219 651 2380 723; x_wconf 78' lang='grc' dir='ltr'>θηταὶ</span> <span class='ocrx_word' id='word_1_144' title='bbox 2425 651 2748 722; x_wconf 80' lang='grc' dir='ltr'>ἐπηρώτων,</span> <span class='ocrx_word' id='word_1_145' title='bbox 2787 651 2882 704; x_wconf 72' lang='grc' dir='ltr'>καὶ</span> <span class='ocrx_word' id='word_1_146' title='bbox 2926 653 2954 704; x_wconf 91' lang='grc' dir='ltr'>ὁ</span> <span class='ocrx_word' id='word_1_147' title='bbox 2985 649 3174 721; x_wconf 80' lang='grc' dir='ltr'>Σωτὴρ</span> <span class='ocrx_word' id='word_1_148' title='bbox 3224 648 3594 720; x_wconf 86' lang='grc' dir='ltr'><strong>ἀπεκρίνατο⁹</strong></span> <span class='ocrx_word' id='word_1_149' title='bbox 3650 648 3701 700; x_wconf 79' lang='grc' dir='ltr'><strong>οἱ</strong></span> <span class='ocrx_word' id='word_1_150' title='bbox 3753 647 3819 702; x_wconf 77' lang='grc' dir='ltr'>δὲ</span> 
     </span>
    </p>
   </div>
   <div class='ocr_carea' id='block_1_22' title="bbox 2218 734 3819 812">
    <p class='ocr_par' dir='ltr' id='par_1_22' title="bbox 2218 734 3819 812">
     <span class='ocr_line' id='line_1_22' title="bbox 2218 734 3819 812; baseline -0.001 -17"><span class='ocrx_word' id='word_1_151' title='bbox 2218 741 2551 805; x_wconf 86' lang='grc' dir='ltr'>ἀκούσαντες</span> <span class='ocrx_word' id='word_1_152' title='bbox 2592 741 2833 812; x_wconf 84' lang='grc' dir='ltr'>συνῆκαν</span> <span class='ocrx_word' id='word_1_153' title='bbox 2877 740 2937 793; x_wconf 81' lang='grc' dir='ltr'><strong>τό</strong></span> <span class='ocrx_word' id='word_1_154' title='bbox 2962 757 2975 770; x_wconf 76' lang='grc' dir='ltr'><strong>ο</strong></span> <span class='ocrx_word' id='word_1_155' title='bbox 3010 759 3028 791; x_wconf 80' lang='grc' dir='ltr'><strong>ι</strong></span> <span class='ocrx_word' id='word_1_156' title='bbox 3083 739 3268 803; x_wconf 83' lang='grc' dir='ltr'>Ἠλίας</span> <span class='ocrx_word' id='word_1_157' title='bbox 3311 738 3409 810; x_wconf 76' lang='grc' dir='ltr'>ήδη</span> <span class='ocrx_word' id='word_1_158' title='bbox 3442 734 3575 809; x_wconf 80' lang='grc' dir='ltr'>ἦλθε</span> <span class='ocrx_word' id='word_1_159' title='bbox 3599 776 3614 801; x_wconf 93' lang='grc'><strong>,</strong></span> <span class='ocrx_word' id='word_1_160' title='bbox 3659 757 3679 788; x_wconf 74' lang='grc' dir='ltr'><strong>ι</strong></span> <span class='ocrx_word' id='word_1_161' title='bbox 3717 741 3819 793; x_wconf 74' lang='grc' dir='ltr'><strong>καὶ</strong></span> 
     </span>
    </p>
   </div>
   <div class='ocr_carea' id='block_1_23' title="bbox 2218 830 3819 906">
    <p class='ocr_par' dir='ltr' id='par_1_23' title="bbox 2218 830 3819 906">
     <span class='ocr_line' id='line_1_23' title="bbox 2218 830 3819 906; baseline -0.002 -19"><span class='ocrx_word' id='word_1_162' title='bbox 2218 834 2278 888; x_wconf 84' lang='grc' dir='ltr'>τὺ</span> <span class='ocrx_word' id='word_1_163' title='bbox 2299 833 2424 905; x_wconf 80' lang='grc' dir='ltr'>ἑξῆς</span> <span class='ocrx_word' id='word_1_164' title='bbox 2453 833 2603 904; x_wconf 78' lang='grc' dir='ltr'>αὐτῷ</span> <span class='ocrx_word' id='word_1_165' title='bbox 2635 833 2925 906; x_wconf 80' lang='grc' dir='ltr'>εἰρημένον</span> <span class='ocrx_word' id='word_1_166' title='bbox 2952 832 3058 885; x_wconf 84' lang='grc' dir='ltr'><strong>ὑπὸ</strong></span> <span class='ocrx_word' id='word_1_167' title='bbox 3088 830 3181 885; x_wconf 81' lang='grc' dir='ltr'>τοῦ</span> <span class='ocrx_word' id='word_1_168' title='bbox 3216 832 3488 901; x_wconf 77' lang='grc' dir='ltr'><strong>Σωτῆρος,</strong></span> <span class='ocrx_word' id='word_1_169' title='bbox 3531 830 3631 901; x_wconf 82' lang='grc' dir='ltr'>τὴν</span> <span class='ocrx_word' id='word_1_170' title='bbox 3680 830 3819 884; x_wconf 87' lang='grc' dir='ltr'>ἀνα-</span> 
     </span>
    </p>
   </div>
   <div class='ocr_carea' id='block_1_24' title="bbox 2220 925 3818 999">
    <p class='ocr_par' dir='ltr' id='par_1_24' title="bbox 2220 925 3818 999">
     <span class='ocr_line' id='line_1_24' title="bbox 2220 925 3818 999; baseline -0.001 -20"><span class='ocrx_word' id='word_1_171' title='bbox 2220 926 2390 999; x_wconf 76' lang='grc' dir='ltr'>φορὰν</span> <span class='ocrx_word' id='word_1_172' title='bbox 2424 926 2715 996; x_wconf 77' lang='grc' dir='ltr'>ἐσχηκέναι</span> <span class='ocrx_word' id='word_1_173' title='bbox 2763 925 2856 977; x_wconf 72' lang='grc' dir='ltr'>ἐπὶ</span> <span class='ocrx_word' id='word_1_174' title='bbox 2883 925 2974 978; x_wconf 80' lang='grc' dir='ltr'><strong>τὸν</strong></span> <span class='ocrx_word' id='word_1_175' title='bbox 3013 925 3323 995; x_wconf 84' lang='grc' dir='ltr'>Βαπτιστὴν</span> <span class='ocrx_word' id='word_1_176' title='bbox 3382 925 3658 995; x_wconf 81' lang='grc' dir='ltr'>Ἰωάννην.</span> <span class='ocrx_word' id='word_1_177' title='bbox 3702 925 3818 977; x_wconf 75' lang='grc' dir='ltr'><strong>Καὶ</strong></span> 
     </span>
    </p>
   </div>
   <div class='ocr_carea' id='block_1_25' title="bbox 2217 1015 3813 1088">
    <p class='ocr_par' dir='ltr' id='par_1_25' title="bbox 2217 1015 3813 1088">
     <span class='ocr_line' id='line_1_25' title="bbox 2217 1015 3813 1088; baseline 0.001 -19"><span class='ocrx_word' id='word_1_178' title='bbox 2217 1017 2389 1070; x_wconf 82' lang='grc' dir='ltr'>ταῦτα</span> <span class='ocrx_word' id='word_1_179' title='bbox 2426 1016 2524 1087; x_wconf 84' lang='grc' dir='ltr'><strong>μὲν</strong></span> <span class='ocrx_word' id='word_1_180' title='bbox 2554 1015 2791 1087; x_wconf 75' lang='grc' dir='ltr'>εἰρήσθω</span> <span class='ocrx_word' id='word_1_181' title='bbox 2823 1015 3120 1087; x_wconf 79' lang='grc' dir='ltr'>σαφηνείας</span> <span class='ocrx_word' id='word_1_182' title='bbox 3147 1016 3333 1069; x_wconf 73' lang='grc' dir='ltr'>ἕνεκεν</span> <span class='ocrx_word' id='word_1_183' title='bbox 3358 1016 3451 1070; x_wconf 83' lang='grc' dir='ltr'>τοῦ</span> <span class='ocrx_word' id='word_1_184' title='bbox 3486 1016 3813 1088; x_wconf 79' lang='grc' dir='ltr'>ἐκκειμένου</span> 
     </span>
    </p>
   </div>
   <div class='ocr_carea' id='block_1_26' title="bbox 2221 1105 3815 1182">
    <p class='ocr_par' dir='ltr' id='par_1_26' title="bbox 2221 1105 3815 1182">
     <span class='ocr_line' id='line_1_26' title="bbox 2221 1105 3815 1182; baseline -0.001 -18"><span class='ocrx_word' id='word_1_185' title='bbox 2221 1110 2390 1182; x_wconf 78' lang='grc' dir='ltr'>ῥητοῦ</span> <span class='ocrx_word' id='word_1_186' title='bbox 2412 1128 2426 1141; x_wconf 88' lang='grc'><strong>·</strong></span> <span class='ocrx_word' id='word_1_187' title='bbox 2463 1109 2562 1181; x_wconf 77' lang='grc' dir='ltr'>ἠδη</span> <span class='ocrx_word' id='word_1_188' title='bbox 2588 1105 2646 1162; x_wconf 86' lang='grc' dir='ltr'>δὲ</span> <span class='ocrx_word' id='word_1_189' title='bbox 2679 1108 2819 1161; x_wconf 85' lang='grc' dir='ltr'><strong>κατά</strong></span> <span class='ocrx_word' id='word_1_190' title='bbox 2846 1108 3073 1178; x_wconf 79' lang='grc' dir='ltr'>δύναμιν</span> <span class='ocrx_word' id='word_1_191' title='bbox 3102 1107 3197 1161; x_wconf 72' lang='grc' dir='ltr'><strong>καὶ</strong></span> <span class='ocrx_word' id='word_1_192' title='bbox 3226 1107 3333 1162; x_wconf 84' lang='grc' dir='ltr'><strong>τῶν</strong></span> <span class='ocrx_word' id='word_1_193' title='bbox 3369 1109 3815 1179; x_wconf 84' lang='grc' dir='ltr'>ὲναποκειμένων</span> 
     </span>
    </p>
   </div>
   <div class='ocr_carea' id='block_1_27' title="bbox 2219 1198 3818 1273">
    <p class='ocr_par' dir='ltr' id='par_1_27' title="bbox 2219 1198 3818 1273">
     <span class='ocr_line' id='line_1_27' title="bbox 2219 1198 3818 1273; baseline -0.001 -18"><span class='ocrx_word' id='word_1_194' title='bbox 2219 1199 2370 1273; x_wconf 78' lang='grc' dir='ltr'>αὐτῷ</span> <span class='ocrx_word' id='word_1_195' title='bbox 2394 1200 2732 1273; x_wconf 82' lang='grc' dir='ltr'>πραγμάτων</span> <span class='ocrx_word' id='word_1_196' title='bbox 2765 1200 2862 1269; x_wconf 85' lang='grc' dir='ltr'>τὴν</span> <span class='ocrx_word' id='word_1_197' title='bbox 2892 1199 3137 1263; x_wconf 78' lang='grc' dir='ltr'>ἐξέτασιν</span> <span class='ocrx_word' id='word_1_198' title='bbox 3167 1198 3545 1270; x_wconf 77' lang='grc' dir='ltr'>ποιησώμεθα.</span> <span class='ocrx_word' id='word_1_199' title='bbox 3577 1200 3667 1253; x_wconf 83' lang='grc' dir='ltr'>Ἐν</span> <span class='ocrx_word' id='word_1_200' title='bbox 3695 1202 3818 1254; x_wconf 79' lang='grc' dir='ltr'>τού-</span> 
     </span>
    </p>
   </div>
   <div class='ocr_carea' id='block_1_28' title="bbox 2218 1289 3815 1362">
    <p class='ocr_par' dir='ltr' id='par_1_28' title="bbox 2218 1289 3815 1362">
     <span class='ocr_line' id='line_1_28' title="bbox 2218 1289 3815 1362; baseline 0.001 -19"><span class='ocrx_word' id='word_1_201' title='bbox 2218 1307 2334 1355; x_wconf 90' lang='grc' dir='ltr'>τοις</span> <span class='ocrx_word' id='word_1_202' title='bbox 2364 1291 2474 1362; x_wconf 68' lang='grc'><strong>(47)</strong></span> <span class='ocrx_word' id='word_1_203' title='bbox 2515 1289 2699 1353; x_wconf 82' lang='grc' dir='ltr'>Ἠλίας</span> <span class='ocrx_word' id='word_1_204' title='bbox 2728 1290 2825 1360; x_wconf 80' lang='grc' dir='ltr'><strong>οὐχ</strong></span> <span class='ocrx_word' id='word_1_205' title='bbox 2859 1292 2891 1361; x_wconf 90' lang='grc' dir='ltr'><strong>ἠ</strong></span> <span class='ocrx_word' id='word_1_206' title='bbox 2919 1289 3067 1361; x_wconf 71' lang='grc' dir='ltr'>ψυχὴ</span> <span class='ocrx_word' id='word_1_207' title='bbox 3098 1291 3247 1344; x_wconf 86' lang='grc' dir='ltr'>δοκεῖ</span> <span class='ocrx_word' id='word_1_208' title='bbox 3275 1307 3364 1360; x_wconf 83' lang='grc' dir='ltr'><strong>μοι</strong></span> <span class='ocrx_word' id='word_1_209' title='bbox 3403 1289 3681 1357; x_wconf 84' lang='grc' dir='ltr'>λέγεσθαι,</span> <span class='ocrx_word' id='word_1_210' title='bbox 3724 1292 3815 1344; x_wconf 78' lang='grc' dir='ltr'><strong>ἵνα</strong></span> 
     </span>
    </p>
   </div>
   <div class='ocr_carea' id='block_1_29' title="bbox 2223 1381 3811 1453">
    <p class='ocr_par' dir='ltr' id='par_1_29' title="bbox 2223 1381 3811 1453">
     <span class='ocr_line' id='line_1_29' title="bbox 2223 1381 3811 1453; baseline 0.001 -18"><span class='ocrx_word' id='word_1_211' title='bbox 2223 1381 2296 1453; x_wconf 86' lang='grc' dir='ltr'><strong>μὴ</strong></span> <span class='ocrx_word' id='word_1_212' title='bbox 2330 1382 2594 1453; x_wconf 80' lang='grc' dir='ltr'>ἐμπίπτω</span> <span class='ocrx_word' id='word_1_213' title='bbox 2646 1382 2728 1445; x_wconf 75' lang='grc' dir='ltr'><strong>εἰς</strong></span> <span class='ocrx_word' id='word_1_214' title='bbox 2773 1381 2833 1434; x_wconf 85' lang='grc' dir='ltr'>τὸ</span> <span class='ocrx_word' id='word_1_215' title='bbox 2887 1381 3169 1453; x_wconf 86' lang='grc' dir='ltr'>ἀλλότριον</span> <span class='ocrx_word' id='word_1_216' title='bbox 3207 1381 3306 1452; x_wconf 86' lang='grc' dir='ltr'><strong>τῆς</strong></span> <span class='ocrx_word' id='word_1_217' title='bbox 3354 1381 3678 1451; x_wconf 82' lang='grc' dir='ltr'>Ἐκκλησίας</span> <span class='ocrx_word' id='word_1_218' title='bbox 3716 1382 3811 1436; x_wconf 77' lang='grc' dir='ltr'><strong>τοῦ</strong></span> 
     </span>
    </p>
   </div>
   <div class='ocr_carea' id='block_1_30' title="bbox 2220 1470 3812 1546">
    <p class='ocr_par' dir='ltr' id='par_1_30' title="bbox 2220 1470 3812 1546">
     <span class='ocr_line' id='line_1_30' title="bbox 2220 1470 3812 1546; baseline 0.001 -20"><span class='ocrx_word' id='word_1_219' title='bbox 2220 1472 2356 1526; x_wconf 88' lang='grc' dir='ltr'>Θεοῦ</span> <span class='ocrx_word' id='word_1_220' title='bbox 2379 1472 2506 1543; x_wconf 80' lang='grc' dir='ltr'>περὶ</span> <span class='ocrx_word' id='word_1_221' title='bbox 2538 1472 2636 1542; x_wconf 88' lang='grc' dir='ltr'><strong>τῆς</strong></span> <span class='ocrx_word' id='word_1_222' title='bbox 2674 1470 3220 1543; x_wconf 85' lang='grc' dir='ltr'>μετενσωματώσεως</span> <span class='ocrx_word' id='word_1_223' title='bbox 3246 1472 3439 1542; x_wconf 76' lang='grc' dir='ltr'>δόγμα,</span> <span class='ocrx_word' id='word_1_224' title='bbox 3476 1470 3602 1525; x_wconf 74' lang='grc' dir='ltr'>οὔτε</span> <span class='ocrx_word' id='word_1_225' title='bbox 3632 1488 3812 1546; x_wconf 83' lang='grc' dir='ltr'>παρα-</span> 
     </span>
    </p>
   </div>
   <div class='ocr_carea' id='block_1_31' title="bbox 2220 1562 3811 1636">
    <p class='ocr_par' dir='ltr' id='par_1_31' title="bbox 2220 1562 3811 1636">
     <span class='ocr_line' id='line_1_31' title="bbox 2220 1562 3811 1636; baseline 0.001 -19"><span class='ocrx_word' id='word_1_226' title='bbox 2220 1565 2495 1636; x_wconf 82' lang='grc' dir='ltr'>διδόμενον</span> <span class='ocrx_word' id='word_1_227' title='bbox 2514 1564 2619 1618; x_wconf 77' lang='grc' dir='ltr'><strong>ὑπδ</strong></span> <span class='ocrx_word' id='word_1_228' title='bbox 2641 1563 2749 1617; x_wconf 84' lang='grc' dir='ltr'><strong>τῶν</strong></span> <span class='ocrx_word' id='word_1_229' title='bbox 2775 1564 3108 1630; x_wconf 81' lang='grc' dir='ltr'>ἀποστόλων,</span> <span class='ocrx_word' id='word_1_230' title='bbox 3131 1562 3254 1617; x_wconf 67' lang='grc' dir='ltr'>οὔτε</span> <span class='ocrx_word' id='word_1_231' title='bbox 3281 1565 3679 1636; x_wconf 83' lang='grc' dir='ltr'>ὲμφαινόμενόν</span> <span class='ocrx_word' id='word_1_232' title='bbox 3709 1585 3811 1619; x_wconf 88' lang='grc' dir='ltr'><strong>που</strong></span> 
     </span>
    </p>
   </div>
   <div class='ocr_carea' id='block_1_32' title="bbox 2217 1653 3814 1727">
    <p class='ocr_par' dir='ltr' id='par_1_32' title="bbox 2217 1653 3814 1727">
     <span class='ocr_line' id='line_1_32' title="bbox 2217 1653 3814 1727; baseline 0.001 -19"><span class='ocrx_word' id='word_1_233' title='bbox 2217 1654 2324 1708; x_wconf 85' lang='grc' dir='ltr'><strong>τῶν</strong></span> <span class='ocrx_word' id='word_1_234' title='bbox 2353 1654 2603 1727; x_wconf 85' lang='grc' dir='ltr'>Γραφῶν·</span> <span class='ocrx_word' id='word_1_235' title='bbox 2634 1655 2726 1707; x_wconf 77' lang='grc' dir='ltr'>καὶ</span> <span class='ocrx_word' id='word_1_236' title='bbox 2753 1653 2861 1725; x_wconf 77' lang='grc' dir='ltr'>γὰρ</span> <span class='ocrx_word' id='word_1_237' title='bbox 2893 1654 3132 1708; x_wconf 78' lang='grc' dir='ltr'>ἐναντιον</span> <span class='ocrx_word' id='word_1_238' title='bbox 3160 1654 3277 1707; x_wconf 72' lang='grc' dir='ltr'>ἐστὶ</span> <span class='ocrx_word' id='word_1_239' title='bbox 3307 1654 3386 1726; x_wconf 84' lang='grc' dir='ltr'>τῷ</span> <span class='ocrx_word' id='word_1_240' title='bbox 3413 1654 3481 1707; x_wconf 75' lang='grc' dir='ltr'>τὰ</span> <span class='ocrx_word' id='word_1_241' title='bbox 3506 1655 3814 1726; x_wconf 79' lang='grc' dir='ltr'>βλεπόμενα</span> 
     </span>
    </p>
   </div>
   <div class='ocr_carea' id='block_1_33' title="bbox 2222 1741 3815 1817">
    <p class='ocr_par' dir='ltr' id='par_1_33' title="bbox 2222 1741 3815 1817">
     <span class='ocr_line' id='line_1_33' title="bbox 2222 1741 3815 1817; baseline 0.002 -19"><span class='ocrx_word' id='word_1_242' title='bbox 2222 1745 2533 1817; x_wconf 86' lang='grc' dir='ltr'>πρόσκαιρα</span> <span class='ocrx_word' id='word_1_243' title='bbox 2569 1741 2728 1807; x_wconf 83' lang='grc' dir='ltr'>εἶναι,</span> <span class='ocrx_word' id='word_1_244' title='bbox 2767 1746 2858 1799; x_wconf 64' lang='grc' dir='ltr'><strong>καλ⁸</strong></span> <span class='ocrx_word' id='word_1_245' title='bbox 2890 1745 3197 1799; x_wconf 84' lang='grc' dir='ltr'>συντέλειαν</span> <span class='ocrx_word' id='word_1_246' title='bbox 3217 1746 3499 1799; x_wconf 87' lang='grc' dir='ltr'>πείσεσθαι</span> <span class='ocrx_word' id='word_1_247' title='bbox 3523 1745 3613 1800; x_wconf 81' lang='grc' dir='ltr'><strong>τὸν</strong></span> <span class='ocrx_word' id='word_1_248' title='bbox 3639 1747 3815 1802; x_wconf 78' lang='grc' dir='ltr'>αἰῶνα</span> 
     </span>
    </p>
   </div>
   <div class='ocr_carea' id='block_1_34' title="bbox 532 1817 2122 1912">
    <p class='ocr_par' dir='ltr' id='par_1_34' title="bbox 532 1817 2121 1908">
     <span class='ocr_line' id='line_1_34' title="bbox 532 1817 2121 1908; baseline 0 -17"><span class='ocrx_word' id='word_1_249' title='bbox 532 1848 675 1891; x_wconf 91' lang='lat' dir='ltr'><strong>terra</strong></span> <span class='ocrx_word' id='word_1_250' title='bbox 706 1817 1020 1893; x_wconf 79' lang='lat' dir='ltr'><strong>transibunt</strong></span> <span class='ocrx_word' id='word_1_251' title='bbox 1043 1840 1084 1905; x_wconf 88' lang='grc'>¹,</span> <span class='ocrx_word' id='word_1_252' title='bbox 1115 1857 1134 1890; x_wconf 71' lang='grc' dir='ltr'><strong>ι</strong></span> <span class='ocrx_word' id='word_1_253' title='bbox 1169 1848 1223 1894; x_wconf 81' lang='lat' dir='ltr'><strong>et.</strong></span> <span class='ocrx_word' id='word_1_254' title='bbox 1254 1858 1268 1893; x_wconf 87' lang='lat'>:</span> <span class='ocrx_word' id='word_1_255' title='bbox 1306 1817 1334 1891; x_wconf 14' lang='grc' dir='ltr'>(ί</span> <span class='ocrx_word' id='word_1_256' title='bbox 1358 1838 1603 1893; x_wconf 64' lang='grc' dir='ltr'>Ρτιειρτίι</span> <span class='ocrx_word' id='word_1_257' title='bbox 1631 1837 1777 1892; x_wconf 92' lang='lat' dir='ltr'><strong>enim</strong></span> <span class='ocrx_word' id='word_1_258' title='bbox 1807 1838 1981 1908; x_wconf 85' lang='lat' dir='ltr'><strong>figura</strong></span> <span class='ocrx_word' id='word_1_259' title='bbox 2016 1837 2121 1891; x_wconf 90' lang='lat' dir='ltr'><strong>hu-</strong></span> 
     </span>
    </p>
   </div>
   <div class='ocr_carea' id='block_1_35' title="bbox 2227 1817 3816 1912">
    <p class='ocr_par' dir='ltr' id='par_1_35' title="bbox 2227 1837 3816 1912">
     <span class='ocr_line' id='line_1_35' title="bbox 2227 1837 3816 1912; baseline 0.001 -20"><span class='ocrx_word' id='word_1_260' title='bbox 2227 1837 2441 1892; x_wconf 76' lang='grc' dir='ltr'>τοῦτονο</span> <span class='ocrx_word' id='word_1_261' title='bbox 2475 1838 2610 1892; x_wconf 86' lang='grc' dir='ltr'><strong>ἀλλά</strong></span> <span class='ocrx_word' id='word_1_262' title='bbox 2648 1838 2743 1892; x_wconf 71' lang='grc' dir='ltr'><strong>καὶ</strong></span> <span class='ocrx_word' id='word_1_263' title='bbox 2785 1837 2863 1909; x_wconf 81' lang='grc' dir='ltr'>τῷ</span> <span class='ocrx_word' id='word_1_264' title='bbox 2896 1837 3248 1909; x_wconf 79' lang='grc' dir='ltr'>πληρωθῆναι</span> <span class='ocrx_word' id='word_1_265' title='bbox 3277 1838 3367 1891; x_wconf 89' lang='grc' dir='ltr'>τό·</span> <span class='ocrx_word' id='word_1_266' title='bbox 3431 1858 3448 1889; x_wconf 82' lang='grc' dir='ltr'><strong>ι</strong></span> <span class='ocrx_word' id='word_1_267' title='bbox 3494 1840 3553 1892; x_wconf 87' lang='lat'><strong>&#39;0</strong></span> <span class='ocrx_word' id='word_1_268' title='bbox 3586 1839 3816 1912; x_wconf 78' lang='grc' dir='ltr'>οὐρανὸς</span> 
     </span>
    </p>
   </div>
   <div class='ocr_carea' id='block_1_36' title="bbox 527 1927 2122 1999">
    <p class='ocr_par' dir='ltr' id='par_1_36' title="bbox 527 1927 2122 1999">
     <span class='ocr_line' id='line_1_36' title="bbox 527 1927 2122 1999; baseline 0.001 -17"><span class='ocrx_word' id='word_1_269' title='bbox 527 1929 620 1998; x_wconf 88' lang='lat' dir='ltr'><strong>jus</strong></span> <span class='ocrx_word' id='word_1_270' title='bbox 655 1929 843 1983; x_wconf 91' lang='lat' dir='ltr'><strong>mundi</strong></span> <span class='ocrx_word' id='word_1_271' title='bbox 888 1930 944 1996; x_wconf 72' lang='lat' dir='ltr'><strong>a;</strong></span> <span class='ocrx_word' id='word_1_272' title='bbox 985 1948 1004 1981; x_wconf 73' lang='grc' dir='ltr'><strong>ι</strong></span> <span class='ocrx_word' id='word_1_273' title='bbox 1040 1938 1094 1984; x_wconf 82' lang='lat' dir='ltr'><strong>et</strong></span> <span class='ocrx_word' id='word_1_274' title='bbox 1138 1948 1198 1983; x_wconf 73' lang='grc' dir='ltr'>τι</span> <span class='ocrx_word' id='word_1_275' title='bbox 1248 1930 1380 1985; x_wconf 87' lang='lat' dir='ltr'><strong>Coeli</strong></span> <span class='ocrx_word' id='word_1_276' title='bbox 1434 1928 1691 1999; x_wconf 87' lang='lat' dir='ltr'><strong>peribunt</strong></span> <span class='ocrx_word' id='word_1_277' title='bbox 1726 1928 1788 1992; x_wconf 65' lang='grc' dir='ltr'><strong>ἰς</strong></span> <span class='ocrx_word' id='word_1_278' title='bbox 1835 1947 1852 1980; x_wconf 75' lang='grc' dir='ltr'><strong>ι</strong></span> <span class='ocrx_word' id='word_1_279' title='bbox 1892 1943 2018 1983; x_wconf 91' lang='lat' dir='ltr'><strong>eum</strong></span> <span class='ocrx_word' id='word_1_280' title='bbox 2054 1927 2122 1983; x_wconf 77' lang='lat' dir='ltr'><strong>iis</strong></span> 
     </span>
    </p>
   </div>
   <div class='ocr_carea' id='block_1_37' title="bbox 533 2019 2124 2092">
    <p class='ocr_par' dir='ltr' id='par_1_37' title="bbox 533 2019 2124 2092">
     <span class='ocr_line' id='line_1_37' title="bbox 533 2019 2124 2092; baseline -0.001 -17"><span class='ocrx_word' id='word_1_281' title='bbox 533 2036 657 2091; x_wconf 87' lang='lat' dir='ltr'><strong>quae</strong></span> <span class='ocrx_word' id='word_1_282' title='bbox 690 2031 1013 2092; x_wconf 88' lang='lat' dir='ltr'><strong>sequuntur.</strong></span> <span class='ocrx_word' id='word_1_283' title='bbox 1044 2019 1179 2076; x_wconf 89' lang='lat' dir='ltr'><strong>Nam</strong></span> <span class='ocrx_word' id='word_1_284' title='bbox 1214 2021 1283 2088; x_wconf 90' lang='lat' dir='ltr'><strong>si,</strong></span> <span class='ocrx_word' id='word_1_285' title='bbox 1316 2030 1375 2075; x_wconf 93' lang='lat' dir='ltr'><strong>nt</strong></span> <span class='ocrx_word' id='word_1_286' title='bbox 1403 2021 1453 2075; x_wconf 88' lang='lat' dir='ltr'><strong>id</strong></span> <span class='ocrx_word' id='word_1_287' title='bbox 1486 2035 1754 2090; x_wconf 86' lang='lat' dir='ltr'><strong>ponamus</strong></span> <span class='ocrx_word' id='word_1_288' title='bbox 1775 2062 1788 2086; x_wconf 93' lang='lat'><strong>,</strong></span> <span class='ocrx_word' id='word_1_289' title='bbox 1836 2020 1889 2073; x_wconf 90' lang='lat' dir='ltr'><strong>in</strong></span> <span class='ocrx_word' id='word_1_290' title='bbox 1937 2034 2003 2074; x_wconf 92' lang='lat' dir='ltr'><strong>eo</strong></span> <span class='ocrx_word' id='word_1_291' title='bbox 2036 2034 2124 2074; x_wconf 87' lang='lat' dir='ltr'><strong>re-</strong></span> 
     </span>
    </p>
   </div>
   <div class='ocr_carea' id='block_1_38' title="bbox 534 2111 2124 2184">
    <p class='ocr_par' dir='ltr' id='par_1_38' title="bbox 534 2111 2124 2184">
     <span class='ocr_line' id='line_1_38' title="bbox 534 2111 2124 2184; baseline -0.001 -18"><span class='ocrx_word' id='word_1_292' title='bbox 534 2129 656 2168; x_wconf 89' lang='lat' dir='ltr'><strong>rum</strong></span> <span class='ocrx_word' id='word_1_293' title='bbox 681 2123 822 2169; x_wconf 87' lang='lat' dir='ltr'><strong>statu</strong></span> <span class='ocrx_word' id='word_1_294' title='bbox 858 2114 948 2184; x_wconf 86' lang='lat' dir='ltr'><strong>qui</strong></span> <span class='ocrx_word' id='word_1_295' title='bbox 983 2114 1051 2168; x_wconf 89' lang='lat' dir='ltr'><strong>ab</strong></span> <span class='ocrx_word' id='word_1_296' title='bbox 1082 2113 1239 2168; x_wconf 92' lang='lat' dir='ltr'><strong>initio</strong></span> <span class='ocrx_word' id='word_1_297' title='bbox 1277 2113 1343 2169; x_wconf 89' lang='lat' dir='ltr'><strong>ad</strong></span> <span class='ocrx_word' id='word_1_298' title='bbox 1376 2111 1906 2169; x_wconf 83' lang='lat' dir='ltr'><strong>consummationem</strong></span> <span class='ocrx_word' id='word_1_299' title='bbox 1949 2124 2124 2180; x_wconf 89' lang='lat' dir='ltr'><strong>usque</strong></span> 
     </span>
    </p>
   </div>
   <div class='ocr_carea' id='block_1_39' title="bbox 533 2201 2124 2273">
    <p class='ocr_par' dir='ltr' id='par_1_39' title="bbox 533 2201 2124 2273">
     <span class='ocr_line' id='line_1_39' title="bbox 533 2201 2124 2273; baseline -0.001 -15"><span class='ocrx_word' id='word_1_300' title='bbox 533 2207 722 2261; x_wconf 87' lang='lat' dir='ltr'><strong>mundi</strong></span> <span class='ocrx_word' id='word_1_301' title='bbox 766 2206 1052 2270; x_wconf 70' lang='lat' dir='ltr'><strong>obtinebit,</strong></span> <span class='ocrx_word' id='word_1_302' title='bbox 1087 2207 1276 2262; x_wconf 89' lang='lat' dir='ltr'><strong>eadem</strong></span> <span class='ocrx_word' id='word_1_303' title='bbox 1323 2209 1507 2261; x_wconf 88' lang='lat' dir='ltr'><strong>anima</strong></span> <span class='ocrx_word' id='word_1_304' title='bbox 1557 2207 1640 2262; x_wconf 91' lang='lat' dir='ltr'><strong>bis</strong></span> <span class='ocrx_word' id='word_1_305' title='bbox 1681 2219 1881 2273; x_wconf 88' lang='lat' dir='ltr'><strong>corpus</strong></span> <span class='ocrx_word' id='word_1_306' title='bbox 1935 2201 2124 2258; x_wconf 89' lang='lat' dir='ltr'><strong>subire</strong></span> 
     </span>
    </p>
   </div>
   <div class='ocr_carea' id='block_1_40' title="bbox 535 2289 2123 2369">
    <p class='ocr_par' dir='ltr' id='par_1_40' title="bbox 535 2289 2123 2369">
     <span class='ocr_line' id='line_1_40' title="bbox 535 2289 2123 2369; baseline -0.004 -17"><span class='ocrx_word' id='word_1_307' title='bbox 535 2306 735 2364; x_wconf 88' lang='lat' dir='ltr'><strong>potest,</strong></span> <span class='ocrx_word' id='word_1_308' title='bbox 791 2314 1150 2369; x_wconf 87' lang='lat' dir='ltr'><strong>eequamuam</strong></span> <span class='ocrx_word' id='word_1_309' title='bbox 1194 2298 1266 2353; x_wconf 88' lang='lat' dir='ltr'><strong>ob</strong></span> <span class='ocrx_word' id='word_1_310' title='bbox 1316 2313 1539 2353; x_wconf 86' lang='lat' dir='ltr'><strong>causam</strong></span> <span class='ocrx_word' id='word_1_311' title='bbox 1595 2295 1800 2352; x_wconf 86' lang='lat' dir='ltr'><strong>subibit</strong></span> <span class='ocrx_word' id='word_1_312' title='bbox 1846 2293 2017 2348; x_wconf 87' lang='lat' dir='ltr'><strong>illud?</strong></span> <span class='ocrx_word' id='word_1_313' title='bbox 2064 2289 2123 2346; x_wconf 90' lang='lat' dir='ltr'><strong>Si</strong></span> 
     </span>
    </p>
   </div>
   <div class='ocr_carea' id='block_1_41' title="bbox 532 2388 2122 2460">
    <p class='ocr_par' dir='ltr' id='par_1_41' title="bbox 532 2388 2122 2460">
     <span class='ocr_line' id='line_1_41' title="bbox 532 2388 2122 2460; baseline -0.003 -18"><span class='ocrx_word' id='word_1_314' title='bbox 532 2399 754 2459; x_wconf 86' lang='lat' dir='ltr'><strong>propter</strong></span> <span class='ocrx_word' id='word_1_315' title='bbox 785 2399 1068 2459; x_wconf 88' lang='lat' dir='ltr'><strong>peceatum</strong></span> <span class='ocrx_word' id='word_1_316' title='bbox 1109 2390 1192 2446; x_wconf 87' lang='lat' dir='ltr'><strong>bis</strong></span> <span class='ocrx_word' id='word_1_317' title='bbox 1228 2404 1431 2460; x_wconf 86' lang='lat' dir='ltr'><strong>corpus</strong></span> <span class='ocrx_word' id='word_1_318' title='bbox 1461 2388 1626 2455; x_wconf 87' lang='lat' dir='ltr'><strong>subit,</strong></span> <span class='ocrx_word' id='word_1_319' title='bbox 1656 2403 1757 2443; x_wconf 91' lang='lat' dir='ltr'><strong>cur</strong></span> <span class='ocrx_word' id='word_1_320' title='bbox 1806 2401 1915 2439; x_wconf 91' lang='lat' dir='ltr'><strong>non</strong></span> <span class='ocrx_word' id='word_1_321' title='bbox 1956 2392 2037 2439; x_wconf 89' lang='lat' dir='ltr'><strong>ter</strong></span> <span class='ocrx_word' id='word_1_322' title='bbox 2066 2391 2122 2438; x_wconf 89' lang='lat' dir='ltr'><strong>et</strong></span> 
     </span>
    </p>
   </div>
   <div class='ocr_carea' id='block_1_42' title="bbox 533 2478 2124 2552">
    <p class='ocr_par' dir='ltr' id='par_1_42' title="bbox 533 2478 2124 2552">
     <span class='ocr_line' id='line_1_42' title="bbox 533 2478 2124 2552; baseline -0.003 -17"><span class='ocrx_word' id='word_1_323' title='bbox 533 2481 732 2552; x_wconf 66' lang='lat' dir='ltr'><strong>saepius</strong></span> <span class='ocrx_word' id='word_1_324' title='bbox 771 2481 997 2548; x_wconf 88' lang='lat' dir='ltr'><strong>subibit,</strong></span> <span class='ocrx_word' id='word_1_325' title='bbox 1021 2497 1144 2539; x_wconf 93' lang='lat' dir='ltr'><strong>cum</strong></span> <span class='ocrx_word' id='word_1_326' title='bbox 1173 2497 1270 2552; x_wconf 85' lang='lat' dir='ltr'><strong>per</strong></span> <span class='ocrx_word' id='word_1_327' title='bbox 1294 2481 1677 2552; x_wconf 84' lang='lat' dir='ltr'><strong>migrationem</strong></span> <span class='ocrx_word' id='word_1_328' title='bbox 1713 2478 2059 2532; x_wconf 83' lang='lat' dir='ltr'><strong>solummodo</strong></span> <span class='ocrx_word' id='word_1_329' title='bbox 2093 2490 2124 2530; x_wconf 90' lang='lat' dir='ltr'><strong>e</strong></span> 
     </span>
    </p>
   </div>
   <div class='ocr_carea' id='block_1_43' title="bbox 448 2569 2120 2644">
    <p class='ocr_par' dir='ltr' id='par_1_43' title="bbox 448 2569 2120 2644">
     <span class='ocr_line' id='line_1_43' title="bbox 448 2569 2120 2644; baseline -0.001 -19"><span class='ocrx_word' id='word_1_330' title='bbox 448 2571 453 2577; x_wconf 87' lang='grc'><em>’</em></span> <span class='ocrx_word' id='word_1_331' title='bbox 533 2587 766 2642; x_wconf 86' lang='lat' dir='ltr'><strong>corpore</strong></span> <span class='ocrx_word' id='word_1_332' title='bbox 793 2573 846 2628; x_wconf 92' lang='lat' dir='ltr'><strong>in</strong></span> <span class='ocrx_word' id='word_1_333' title='bbox 878 2588 1098 2644; x_wconf 83' lang='lat' dir='ltr'><strong>corpus,</strong></span> <span class='ocrx_word' id='word_1_334' title='bbox 1130 2588 1229 2628; x_wconf 91' lang='lat' dir='ltr'><strong>nec</strong></span> <span class='ocrx_word' id='word_1_335' title='bbox 1252 2573 1353 2626; x_wconf 86' lang='lat' dir='ltr'><strong>alia</strong></span> <span class='ocrx_word' id='word_1_336' title='bbox 1377 2571 1572 2642; x_wconf 83' lang='lat' dir='ltr'><strong>quavis</strong></span> <span class='ocrx_word' id='word_1_337' title='bbox 1606 2572 1818 2626; x_wconf 83' lang='lat' dir='ltr'><strong>ratione</strong></span> <span class='ocrx_word' id='word_1_338' title='bbox 1849 2571 1956 2624; x_wconf 91' lang='lat' dir='ltr'><strong>vita</strong></span> <span class='ocrx_word' id='word_1_339' title='bbox 1984 2569 2120 2632; x_wconf 79' lang='lat' dir='ltr'><strong>h:ec,</strong></span> 
     </span>
    </p>
   </div>
   <div class='ocr_carea' id='block_1_44' title="bbox 533 2661 2124 2735">
    <p class='ocr_par' dir='ltr' id='par_1_44' title="bbox 533 2661 2124 2735">
     <span class='ocr_line' id='line_1_44' title="bbox 533 2661 2124 2735; baseline -0.004 -16"><span class='ocrx_word' id='word_1_340' title='bbox 533 2662 590 2719; x_wconf 85' lang='lat' dir='ltr'><strong>in</strong></span> <span class='ocrx_word' id='word_1_341' title='bbox 625 2680 796 2734; x_wconf 88' lang='lat' dir='ltr'><strong>eaque</strong></span> <span class='ocrx_word' id='word_1_342' title='bbox 812 2665 1051 2720; x_wconf 81' lang='lat' dir='ltr'><strong>admissa</strong></span> <span class='ocrx_word' id='word_1_343' title='bbox 1068 2664 1267 2735; x_wconf 85' lang='lat' dir='ltr'><strong>ﬂagitia</strong></span> <span class='ocrx_word' id='word_1_344' title='bbox 1295 2664 1587 2734; x_wconf 81' lang='lat' dir='ltr'><strong>puniantur</strong></span> <span class='ocrx_word' id='word_1_345' title='bbox 1616 2666 1642 2720; x_wconf 88' lang='lat'><strong>?</strong></span> <span class='ocrx_word' id='word_1_346' title='bbox 1658 2661 1811 2728; x_wconf 82' lang='lat' dir='ltr'><strong>Quod</strong></span> <span class='ocrx_word' id='word_1_347' title='bbox 1833 2661 1878 2716; x_wconf 90' lang='lat' dir='ltr'><strong>si</strong></span> <span class='ocrx_word' id='word_1_348' title='bbox 1903 2676 1967 2716; x_wconf 87' lang='lat' dir='ltr'><strong>ex</strong></span> <span class='ocrx_word' id='word_1_349' title='bbox 1989 2675 2124 2715; x_wconf 89' lang='lat' dir='ltr'><strong>con-</strong></span> 
     </span>
    </p>
   </div>
   <div class='ocr_carea' id='block_1_45' title="bbox 536 2751 2124 2823">
    <p class='ocr_par' dir='ltr' id='par_1_45' title="bbox 536 2751 2124 2823">
     <span class='ocr_line' id='line_1_45' title="bbox 536 2751 2124 2823; baseline -0.002 -15"><span class='ocrx_word' id='word_1_350' title='bbox 536 2755 894 2822; x_wconf 88' lang='lat' dir='ltr'><strong>sequentibus</strong></span> <span class='ocrx_word' id='word_1_351' title='bbox 914 2756 1078 2810; x_wconf 90' lang='lat' dir='ltr'><strong>fuerit</strong></span> <span class='ocrx_word' id='word_1_352' title='bbox 1100 2770 1445 2819; x_wconf 79' lang='lat' dir='ltr'><strong>concessum,</strong></span> <span class='ocrx_word' id='word_1_353' title='bbox 1465 2769 1741 2823; x_wconf 85' lang='lat' dir='ltr'><strong>nunquam</strong></span> <span class='ocrx_word' id='word_1_354' title='bbox 1766 2768 1873 2807; x_wconf 90' lang='lat' dir='ltr'><strong>non</strong></span> <span class='ocrx_word' id='word_1_355' title='bbox 1890 2751 2124 2806; x_wconf 81' lang='lat' dir='ltr'><strong>fortasse</strong></span> 
     </span>
    </p>
   </div>
   <div class='ocr_carea' id='block_1_46' title="bbox 536 2844 2125 2916">
    <p class='ocr_par' dir='ltr' id='par_1_46' title="bbox 536 2844 2125 2916">
     <span class='ocr_line' id='line_1_46' title="bbox 536 2844 2125 2916; baseline -0.004 -15"><span class='ocrx_word' id='word_1_356' title='bbox 536 2847 718 2901; x_wconf 83' lang='lat' dir='ltr'><strong>anima</strong></span> <span class='ocrx_word' id='word_1_357' title='bbox 753 2862 783 2902; x_wconf 88' lang='lat' dir='ltr'><strong>e</strong></span> <span class='ocrx_word' id='word_1_358' title='bbox 823 2861 1053 2916; x_wconf 90' lang='lat' dir='ltr'><strong>corpore</strong></span> <span class='ocrx_word' id='word_1_359' title='bbox 1088 2846 1142 2901; x_wconf 91' lang='lat' dir='ltr'><strong>in</strong></span> <span class='ocrx_word' id='word_1_360' title='bbox 1176 2862 1376 2916; x_wconf 83' lang='lat' dir='ltr'><strong>corpus</strong></span> <span class='ocrx_word' id='word_1_361' title='bbox 1415 2844 1858 2916; x_wconf 81' lang='lat' dir='ltr'><strong>transmigrabit,</strong></span> <span class='ocrx_word' id='word_1_362' title='bbox 1905 2858 2125 2912; x_wconf 89' lang='lat' dir='ltr'><strong>semper</strong></span> 
     </span>
    </p>
   </div>
   <div class='ocr_carea' id='block_1_47' title="bbox 2225 1928 3817 2004">
    <p class='ocr_par' dir='ltr' id='par_1_47' title="bbox 2225 1928 3817 2004">
     <span class='ocr_line' id='line_1_47' title="bbox 2225 1928 3817 2004; baseline 0.001 -22"><span class='ocrx_word' id='word_1_363' title='bbox 2225 1929 2319 1984; x_wconf 73' lang='grc' dir='ltr'>καὶ</span> <span class='ocrx_word' id='word_1_364' title='bbox 2341 1930 2374 2001; x_wconf 87' lang='grc' dir='ltr'><strong>ή</strong></span> <span class='ocrx_word' id='word_1_365' title='bbox 2397 1930 2467 2001; x_wconf 82' lang='grc' dir='ltr'>γῆ</span> <span class='ocrx_word' id='word_1_366' title='bbox 2495 1928 2943 2001; x_wconf 84' lang='grc' dir='ltr'>παρελεύσονται,</span> <span class='ocrx_word' id='word_1_367' title='bbox 2987 1949 3007 1983; x_wconf 65' lang='grc' dir='ltr'><strong><em>ρ</em></strong></span> <span class='ocrx_word' id='word_1_368' title='bbox 3046 1930 3136 1982; x_wconf 73' lang='grc' dir='ltr'><strong>καὶ</strong></span> <span class='ocrx_word' id='word_1_369' title='bbox 3161 1928 3253 1983; x_wconf 68' lang='grc' dir='ltr'>τό*</span> <span class='ocrx_word' id='word_1_370' title='bbox 3296 1949 3313 1980; x_wconf 81' lang='grc' dir='ltr'><strong>ι</strong></span> <span class='ocrx_word' id='word_1_371' title='bbox 3348 1930 3591 2003; x_wconf 86' lang='grc' dir='ltr'>Παράγει</span> <span class='ocrx_word' id='word_1_372' title='bbox 3623 1932 3735 2004; x_wconf 84' lang='grc' dir='ltr'>γάρ</span> <span class='ocrx_word' id='word_1_373' title='bbox 3755 1932 3817 1984; x_wconf 77' lang='grc' dir='ltr'>τὺ</span> 
     </span>
    </p>
   </div>
   <div class='ocr_carea' id='block_1_48' title="bbox 2227 2020 3817 2095">
    <p class='ocr_par' dir='ltr' id='par_1_48' title="bbox 2227 2020 3817 2095">
     <span class='ocr_line' id='line_1_48' title="bbox 2227 2020 3817 2095; baseline -0.003 -17"><span class='ocrx_word' id='word_1_374' title='bbox 2227 2024 2413 2095; x_wconf 87' lang='grc' dir='ltr'>σχῆμα</span> <span class='ocrx_word' id='word_1_375' title='bbox 2436 2020 2529 2076; x_wconf 80' lang='grc' dir='ltr'>τοῦ</span> <span class='ocrx_word' id='word_1_376' title='bbox 2560 2022 2766 2093; x_wconf 85' lang='grc' dir='ltr'>κόσμου</span> <span class='ocrx_word' id='word_1_377' title='bbox 2788 2021 3000 2084; x_wconf 78' lang='grc' dir='ltr'>τούτου,</span> <span class='ocrx_word' id='word_1_378' title='bbox 3042 2041 3061 2073; x_wconf 74' lang='grc' dir='ltr'><strong>ι</strong></span> <span class='ocrx_word' id='word_1_379' title='bbox 3093 2022 3185 2074; x_wconf 82' lang='grc' dir='ltr'><strong>καὶ</strong></span> <span class='ocrx_word' id='word_1_380' title='bbox 3218 2021 3423 2093; x_wconf 73' lang='grc' dir='ltr'><strong>τό(48)·</strong></span> <span class='ocrx_word' id='word_1_381' title='bbox 3460 2041 3479 2073; x_wconf 77' lang='grc' dir='ltr'><strong>ι</strong></span> <span class='ocrx_word' id='word_1_382' title='bbox 3510 2023 3573 2076; x_wconf 88' lang='grc' dir='ltr'><strong>Οἱ</strong></span> <span class='ocrx_word' id='word_1_383' title='bbox 3592 2024 3817 2094; x_wconf 71' lang='grc' dir='ltr'>οὐρανοὶ</span> 
     </span>
    </p>
   </div>
   <div class='ocr_carea' id='block_1_49' title="bbox 2225 2112 3819 2185">
    <p class='ocr_par' dir='ltr' id='par_1_49' title="bbox 2225 2112 3819 2185">
     <span class='ocr_line' id='line_1_49' title="bbox 2225 2112 3819 2185; baseline -0.001 -15"><span class='ocrx_word' id='word_1_384' title='bbox 2225 2114 2572 2180; x_wconf 79' lang='grc' dir='ltr'>ἀπολοῦνται,</span> <span class='ocrx_word' id='word_1_385' title='bbox 2600 2132 2619 2165; x_wconf 73' lang='grc' dir='ltr'><strong>ι</strong></span> <span class='ocrx_word' id='word_1_386' title='bbox 2652 2113 2789 2185; x_wconf 85' lang='grc' dir='ltr'><strong>μετά</strong></span> <span class='ocrx_word' id='word_1_387' title='bbox 2812 2112 2921 2166; x_wconf 85' lang='grc' dir='ltr'><strong>τῶν</strong></span> <span class='ocrx_word' id='word_1_388' title='bbox 2949 2112 3076 2183; x_wconf 79' lang='grc' dir='ltr'>ἑξῆς</span> <span class='ocrx_word' id='word_1_389' title='bbox 3108 2112 3277 2184; x_wconf 72' lang='grc' dir='ltr'>αὐτῷ.</span> <span class='ocrx_word' id='word_1_390' title='bbox 3296 2115 3360 2167; x_wconf 82' lang='grc' dir='ltr'><strong>Εἰ</strong></span> <span class='ocrx_word' id='word_1_391' title='bbox 3386 2114 3516 2183; x_wconf 82' lang='grc' dir='ltr'>γὰρ,</span> <span class='ocrx_word' id='word_1_392' title='bbox 3544 2114 3665 2168; x_wconf 87' lang='grc' dir='ltr'>καθ’</span> <span class='ocrx_word' id='word_1_393' title='bbox 3689 2116 3819 2168; x_wconf 74' lang='grc' dir='ltr'>ὑπόο</span> 
     </span>
    </p>
   </div>
   <div class='ocr_carea' id='block_1_50' title="bbox 2227 2200 3814 2276">
    <p class='ocr_par' dir='ltr' id='par_1_50' title="bbox 2227 2200 3814 2276">
     <span class='ocr_line' id='line_1_50' title="bbox 2227 2200 3814 2276; baseline -0.001 -17"><span class='ocrx_word' id='word_1_394' title='bbox 2227 2206 2395 2267; x_wconf 89' lang='grc' dir='ltr'>θεσιν,</span> <span class='ocrx_word' id='word_1_395' title='bbox 2433 2202 2514 2266; x_wconf 81' lang='grc' dir='ltr'><strong>δίς</strong></span> <span class='ocrx_word' id='word_1_396' title='bbox 2544 2203 2766 2257; x_wconf 83' lang='grc' dir='ltr'>δύναται</span> <span class='ocrx_word' id='word_1_397' title='bbox 2794 2200 3049 2273; x_wconf 72' lang='grc' dir='ltr'>γενέσθαι</span> <span class='ocrx_word' id='word_1_398' title='bbox 3086 2204 3143 2257; x_wconf 83' lang='grc' dir='ltr'><strong>ὲν</strong></span> <span class='ocrx_word' id='word_1_399' title='bbox 3173 2206 3239 2274; x_wconf 82' lang='grc' dir='ltr'>τῇ</span> <span class='ocrx_word' id='word_1_400' title='bbox 3282 2204 3376 2258; x_wconf 81' lang='grc' dir='ltr'>ἀπ’</span> <span class='ocrx_word' id='word_1_401' title='bbox 3425 2205 3601 2275; x_wconf 88' lang='grc' dir='ltr'>ἀρχῆς</span> <span class='ocrx_word' id='word_1_402' title='bbox 3650 2208 3814 2276; x_wconf 82' lang='grc' dir='ltr'>μέχρι</span> 
     </span>
    </p>
   </div>
   <div class='ocr_carea' id='block_1_51' title="bbox 2225 2294 3818 2368">
    <p class='ocr_par' dir='ltr' id='par_1_51' title="bbox 2225 2294 3818 2368">
     <span class='ocr_line' id='line_1_51' title="bbox 2225 2294 3818 2368; baseline 0.001 -20"><span class='ocrx_word' id='word_1_403' title='bbox 2225 2295 2534 2360; x_wconf 84' lang='grc' dir='ltr'>συντελείας</span> <span class='ocrx_word' id='word_1_404' title='bbox 2568 2294 2661 2349; x_wconf 80' lang='grc' dir='ltr'>τοῦ</span> <span class='ocrx_word' id='word_1_405' title='bbox 2697 2295 2902 2366; x_wconf 87' lang='grc' dir='ltr'>κόσμου</span> <span class='ocrx_word' id='word_1_406' title='bbox 2950 2295 3285 2348; x_wconf 81' lang='grc' dir='ltr'>καταστάσει</span> <span class='ocrx_word' id='word_1_407' title='bbox 3325 2297 3358 2367; x_wconf 82' lang='grc' dir='ltr'>ἡ</span> <span class='ocrx_word' id='word_1_408' title='bbox 3405 2296 3543 2368; x_wconf 81' lang='grc' dir='ltr'>αὐτὴ</span> <span class='ocrx_word' id='word_1_409' title='bbox 3580 2297 3726 2368; x_wconf 75' lang='grc' dir='ltr'>ψυχὴ</span> <span class='ocrx_word' id='word_1_410' title='bbox 3754 2299 3818 2349; x_wconf 82' lang='grc' dir='ltr'>ὲν</span> 
     </span>
    </p>
   </div>
   <div class='ocr_carea' id='block_1_52' title="bbox 2223 2386 3815 2459">
    <p class='ocr_par' dir='ltr' id='par_1_52' title="bbox 2223 2386 3815 2459">
     <span class='ocr_line' id='line_1_52' title="bbox 2223 2386 3815 2459; baseline 0.001 -18"><span class='ocrx_word' id='word_1_411' title='bbox 2223 2387 2301 2458; x_wconf 82' lang='grc' dir='ltr'>τῷ</span> <span class='ocrx_word' id='word_1_412' title='bbox 2336 2387 2569 2459; x_wconf 81' lang='grc' dir='ltr'>σώματι,</span> <span class='ocrx_word' id='word_1_413' title='bbox 2597 2386 2662 2439; x_wconf 75' lang='grc' dir='ltr'>δι’</span> <span class='ocrx_word' id='word_1_414' title='bbox 2697 2387 2877 2441; x_wconf 71' lang='grc' dir='ltr'>αἰτίαν</span> <span class='ocrx_word' id='word_1_415' title='bbox 2900 2388 2965 2458; x_wconf 79' lang='grc' dir='ltr'>ἣν</span> <span class='ocrx_word' id='word_1_416' title='bbox 2995 2386 3061 2440; x_wconf 87' lang='grc' dir='ltr'>ἂν</span> <span class='ocrx_word' id='word_1_417' title='bbox 3091 2387 3304 2455; x_wconf 87' lang='grc' dir='ltr'>γένοιτο</span> <span class='ocrx_word' id='word_1_418' title='bbox 3330 2389 3387 2440; x_wconf 80' lang='grc' dir='ltr'>ὲν</span> <span class='ocrx_word' id='word_1_419' title='bbox 3422 2388 3571 2459; x_wconf 78' lang='grc' dir='ltr'>αὐτῷ</span> <span class='ocrx_word' id='word_1_420' title='bbox 3600 2405 3614 2454; x_wconf 90' lang='grc'><strong>;</strong></span> <span class='ocrx_word' id='word_1_421' title='bbox 3643 2389 3715 2441; x_wconf 83' lang='grc' dir='ltr'><strong>Ἤ</strong></span> <span class='ocrx_word' id='word_1_422' title='bbox 3743 2388 3815 2442; x_wconf 82' lang='grc' dir='ltr'>δι’</span> 
     </span>
    </p>
   </div>
   <div class='ocr_carea' id='block_1_53' title="bbox 2226 2476 3817 2550">
    <p class='ocr_par' dir='ltr' id='par_1_53' title="bbox 2226 2476 3817 2550">
     <span class='ocr_line' id='line_1_53' title="bbox 2226 2476 3817 2550; baseline 0.001 -18"><span class='ocrx_word' id='word_1_423' title='bbox 2226 2478 2498 2550; x_wconf 79' lang='grc' dir='ltr'>ᾁμαρτίαν</span> <span class='ocrx_word' id='word_1_424' title='bbox 2521 2478 2629 2549; x_wconf 68' lang='grc'><strong>(49)</strong></span> <span class='ocrx_word' id='word_1_425' title='bbox 2660 2477 2928 2548; x_wconf 85' lang='grc' dir='ltr'>γενομένη</span> <span class='ocrx_word' id='word_1_426' title='bbox 2961 2477 3041 2541; x_wconf 71' lang='grc' dir='ltr'>δὶς</span> <span class='ocrx_word' id='word_1_427' title='bbox 3071 2479 3128 2530; x_wconf 81' lang='grc' dir='ltr'>ἐν</span> <span class='ocrx_word' id='word_1_428' title='bbox 3173 2476 3385 2549; x_wconf 80' lang='grc' dir='ltr'>σώματι</span> <span class='ocrx_word' id='word_1_429' title='bbox 3411 2519 3427 2543; x_wconf 82' lang='grc'><strong>,</strong></span> <span class='ocrx_word' id='word_1_430' title='bbox 3461 2478 3550 2533; x_wconf 79' lang='grc' dir='ltr'><strong>διὰ</strong></span> <span class='ocrx_word' id='word_1_431' title='bbox 3596 2480 3648 2532; x_wconf 86' lang='grc' dir='ltr'><strong>τι</strong></span> <span class='ocrx_word' id='word_1_432' title='bbox 3693 2479 3817 2550; x_wconf 63' lang='grc' dir='ltr'>οὐχ).</span> 
     </span>
    </p>
   </div>
   <div class='ocr_carea' id='block_1_54' title="bbox 2224 2568 3816 2641">
    <p class='ocr_par' dir='ltr' id='par_1_54' title="bbox 2224 2568 3816 2641">
     <span class='ocr_line' id='line_1_54' title="bbox 2224 2568 3816 2641; baseline 0 -18"><span class='ocrx_word' id='word_1_433' title='bbox 2224 2572 2320 2623; x_wconf 73' lang='grc' dir='ltr'><strong>καὶ</strong></span> <span class='ocrx_word' id='word_1_434' title='bbox 2353 2571 2493 2641; x_wconf 75' lang='grc' dir='ltr'>τρὶς,</span> <span class='ocrx_word' id='word_1_435' title='bbox 2531 2570 2626 2623; x_wconf 71' lang='grc' dir='ltr'><strong>καὶ</strong></span> <span class='ocrx_word' id='word_1_436' title='bbox 2652 2569 2943 2633; x_wconf 85' lang='grc' dir='ltr'>πλεονάκις</span> <span class='ocrx_word' id='word_1_437' title='bbox 2977 2568 3129 2623; x_wconf 81' lang='grc' dir='ltr'>ἔσται</span> <span class='ocrx_word' id='word_1_438' title='bbox 3160 2573 3216 2623; x_wconf 77' lang='grc' dir='ltr'>ἐν</span> <span class='ocrx_word' id='word_1_439' title='bbox 3246 2569 3414 2641; x_wconf 83' lang='grc' dir='ltr'>αὐτῷ,</span> <span class='ocrx_word' id='word_1_440' title='bbox 3443 2570 3551 2623; x_wconf 84' lang='grc' dir='ltr'><strong>τῶν</strong></span> <span class='ocrx_word' id='word_1_441' title='bbox 3599 2570 3689 2625; x_wconf 84' lang='grc' dir='ltr'>διὰ</span> <span class='ocrx_word' id='word_1_442' title='bbox 3721 2571 3816 2625; x_wconf 84' lang='grc' dir='ltr'><strong>τὸν</strong></span> 
     </span>
    </p>
   </div>
   <div class='ocr_carea' id='block_1_55' title="bbox 2227 2661 3817 2733">
    <p class='ocr_par' dir='ltr' id='par_1_55' title="bbox 2227 2661 3817 2733">
     <span class='ocr_line' id='line_1_55' title="bbox 2227 2661 3817 2733; baseline 0 -18"><span class='ocrx_word' id='word_1_443' title='bbox 2227 2662 2340 2732; x_wconf 87' lang='grc' dir='ltr'>βίον</span> <span class='ocrx_word' id='word_1_444' title='bbox 2381 2661 2568 2716; x_wconf 82' lang='grc' dir='ltr'>τοῦτον</span> <span class='ocrx_word' id='word_1_445' title='bbox 2612 2663 2706 2717; x_wconf 76' lang='grc' dir='ltr'><strong>καὶ</strong></span> <span class='ocrx_word' id='word_1_446' title='bbox 2750 2661 2820 2715; x_wconf 84' lang='grc' dir='ltr'>τὰ</span> <span class='ocrx_word' id='word_1_447' title='bbox 2851 2662 3216 2733; x_wconf 84' lang='grc' dir='ltr'>ἡμαρτημένα</span> <span class='ocrx_word' id='word_1_448' title='bbox 3252 2663 3308 2716; x_wconf 79' lang='grc' dir='ltr'>ἐν</span> <span class='ocrx_word' id='word_1_449' title='bbox 3351 2661 3499 2732; x_wconf 86' lang='grc' dir='ltr'>αὐτῷ</span> <span class='ocrx_word' id='word_1_450' title='bbox 3542 2662 3817 2717; x_wconf 76' lang='grc' dir='ltr'>κολάσεων</span> 
     </span>
    </p>
   </div>
   <div class='ocr_carea' id='block_1_56' title="bbox 2223 2752 3816 2826">
    <p class='ocr_par' dir='ltr' id='par_1_56' title="bbox 2223 2752 3816 2826">
     <span class='ocr_line' id='line_1_56' title="bbox 2223 2752 3816 2826; baseline 0.002 -22"><span class='ocrx_word' id='word_1_451' title='bbox 2223 2752 2398 2824; x_wconf 77' lang='grc' dir='ltr'>τούτῳ</span> <span class='ocrx_word' id='word_1_452' title='bbox 2423 2753 2909 2825; x_wconf 86' lang='grc' dir='ltr'>ἀποδοθησομένων</span> <span class='ocrx_word' id='word_1_453' title='bbox 2933 2754 3076 2825; x_wconf 85' lang='grc' dir='ltr'>μόνῳ</span> <span class='ocrx_word' id='word_1_454' title='bbox 3099 2753 3176 2825; x_wconf 82' lang='grc' dir='ltr'>τῷ</span> <span class='ocrx_word' id='word_1_455' title='bbox 3198 2755 3382 2826; x_wconf 86' lang='grc' dir='ltr'>τρόπῳ</span> <span class='ocrx_word' id='word_1_456' title='bbox 3403 2753 3543 2808; x_wconf 82' lang='grc' dir='ltr'>κατὰ</span> <span class='ocrx_word' id='word_1_457' title='bbox 3560 2753 3658 2826; x_wconf 81' lang='grc' dir='ltr'>τὴν</span> <span class='ocrx_word' id='word_1_458' title='bbox 3683 2771 3816 2825; x_wconf 79' lang='grc' dir='ltr'>μετ-</span> 
     </span>
    </p>
   </div>
   <div class='ocr_carea' id='block_1_57' title="bbox 2225 2843 3816 2918">
    <p class='ocr_par' dir='ltr' id='par_1_57' title="bbox 2225 2843 3816 2918">
     <span class='ocr_line' id='line_1_57' title="bbox 2225 2843 3816 2918; baseline -0.001 -19"><span class='ocrx_word' id='word_1_459' title='bbox 2225 2846 2647 2917; x_wconf 86' lang='grc' dir='ltr'>ενσωμάτωσιν;</span> <span class='ocrx_word' id='word_1_460' title='bbox 2693 2847 2870 2918; x_wconf 84' lang='grc' dir='ltr'>Ὅπερ</span> <span class='ocrx_word' id='word_1_461' title='bbox 2911 2845 3008 2899; x_wconf 77' lang='grc' dir='ltr'>ἐὰν</span> <span class='ocrx_word' id='word_1_462' title='bbox 3051 2843 3110 2909; x_wconf 79' lang='grc' dir='ltr'>ἐξ</span> <span class='ocrx_word' id='word_1_463' title='bbox 3155 2845 3475 2909; x_wconf 70' lang='grc' dir='ltr'>ἀκολουθίας</span> <span class='ocrx_word' id='word_1_464' title='bbox 3511 2844 3676 2914; x_wconf 86' lang='grc' dir='ltr'>δοθῇ,</span> <span class='ocrx_word' id='word_1_465' title='bbox 3712 2843 3816 2897; x_wconf 78' lang='grc' dir='ltr'><strong>οὐκ</strong></span> 
     </span>
    </p>
   </div>
   <div class='ocr_carea' id='block_1_58' title="bbox 538 2924 2122 3008">
    <p class='ocr_par' dir='ltr' id='par_1_58' title="bbox 538 2924 2122 3008">
     <span class='ocr_line' id='line_1_58' title="bbox 538 2924 2122 3008; baseline -0.001 -19"><span class='ocrx_word' id='word_1_466' title='bbox 538 2937 682 2991; x_wconf 87' lang='lat' dir='ltr'><strong>enim</strong></span> <span class='ocrx_word' id='word_1_467' title='bbox 723 2924 946 3008; x_wconf 73' lang='lat' dir='ltr'><strong>propter</strong></span> <span class='ocrx_word' id='word_1_468' title='bbox 974 2937 1154 3008; x_wconf 88' lang='lat' dir='ltr'><strong>priora</strong></span> <span class='ocrx_word' id='word_1_469' title='bbox 1185 2938 1418 2993; x_wconf 74' lang='lat' dir='ltr'><strong>crintina</strong></span> <span class='ocrx_word' id='word_1_470' title='bbox 1449 2937 1502 2990; x_wconf 94' lang='lat' dir='ltr'><strong>in</strong></span> <span class='ocrx_word' id='word_1_471' title='bbox 1536 2951 1768 3006; x_wconf 89' lang='lat' dir='ltr'><strong>corpore</strong></span> <span class='ocrx_word' id='word_1_472' title='bbox 1795 2935 2122 2999; x_wconf 83' lang='lat' dir='ltr'><strong>versabitur,</strong></span> 
     </span>
    </p>
   </div>
   <div class='ocr_carea' id='block_1_59' title="bbox 541 3016 2123 3098">
    <p class='ocr_par' dir='ltr' id='par_1_59' title="bbox 541 3016 2123 3098">
     <span class='ocr_line' id='line_1_59' title="bbox 541 3016 2123 3098; baseline -0.001 -16"><span class='ocrx_word' id='word_1_473' title='bbox 541 3038 707 3098; x_wconf 88' lang='lat' dir='ltr'><strong>atque</strong></span> <span class='ocrx_word' id='word_1_474' title='bbox 743 3029 816 3084; x_wconf 87' lang='lat' dir='ltr'><strong>ita</strong></span> <span class='ocrx_word' id='word_1_475' title='bbox 845 3030 1024 3085; x_wconf 88' lang='lat' dir='ltr'><strong>locum</strong></span> <span class='ocrx_word' id='word_1_476' title='bbox 1058 3046 1163 3084; x_wconf 90' lang='lat' dir='ltr'><strong>non</strong></span> <span class='ocrx_word' id='word_1_477' title='bbox 1202 3030 1423 3084; x_wconf 86' lang='lat' dir='ltr'><strong>habebit</strong></span> <span class='ocrx_word' id='word_1_478' title='bbox 1458 3030 1627 3083; x_wconf 90' lang='lat' dir='ltr'><strong>motio</strong></span> <span class='ocrx_word' id='word_1_479' title='bbox 1658 3028 1749 3082; x_wconf 88' lang='lat' dir='ltr'><strong>illa</strong></span> <span class='ocrx_word' id='word_1_480' title='bbox 1774 3027 1983 3093; x_wconf 87' lang='lat' dir='ltr'><strong>mundi,</strong></span> <span class='ocrx_word' id='word_1_481' title='bbox 2016 3016 2123 3096; x_wconf 89' lang='lat' dir='ltr'><strong>qua</strong></span> 
     </span>
    </p>
   </div>
   <div class='ocr_carea' id='block_1_60' title="bbox 548 3117 2126 3175">
    <p class='ocr_par' dir='ltr' id='par_1_60' title="bbox 548 3117 2126 3175">
     <span class='ocr_line' id='line_1_60' title="bbox 548 3117 2126 3175; baseline 0.001 -5"><span class='ocrx_word' id='word_1_482' title='bbox 548 3136 570 3170; x_wconf 71' lang='grc' dir='ltr'><strong>ε</strong></span> <span class='ocrx_word' id='word_1_483' title='bbox 614 3121 811 3174; x_wconf 69' lang='lat' dir='ltr'><strong>caelum</strong></span> <span class='ocrx_word' id='word_1_484' title='bbox 841 3131 896 3175; x_wconf 90' lang='lat' dir='ltr'><strong>et</strong></span> <span class='ocrx_word' id='word_1_485' title='bbox 918 3131 1055 3174; x_wconf 86' lang='lat' dir='ltr'><strong>terra</strong></span> <span class='ocrx_word' id='word_1_486' title='bbox 1084 3121 1410 3175; x_wconf 90' lang='lat' dir='ltr'><strong>transibunt.</strong></span> <span class='ocrx_word' id='word_1_487' title='bbox 1452 3139 1469 3170; x_wconf 74' lang='grc' dir='ltr'><strong>ι</strong></span> <span class='ocrx_word' id='word_1_488' title='bbox 1501 3117 1569 3173; x_wconf 88' lang='lat' dir='ltr'><strong>Ut</strong></span> <span class='ocrx_word' id='word_1_489' title='bbox 1591 3127 1769 3173; x_wconf 88' lang='lat' dir='ltr'><strong>autem</strong></span> <span class='ocrx_word' id='word_1_490' title='bbox 1800 3120 2126 3174; x_wconf 88' lang='lat' dir='ltr'><strong>concedatur</strong></span> 
     </span>
    </p>
   </div>
   <div class='ocr_carea' id='block_1_61' title="bbox 538 3203 2122 3284">
    <p class='ocr_par' dir='ltr' id='par_1_61' title="bbox 538 3209 2122 3281">
     <span class='ocr_line' id='line_1_61' title="bbox 538 3209 2122 3281; baseline 0 -18"><span class='ocrx_word' id='word_1_491' title='bbox 538 3209 693 3280; x_wconf 80' lang='lat' dir='ltr'><strong>juxta</strong></span> <span class='ocrx_word' id='word_1_492' title='bbox 730 3211 872 3266; x_wconf 86' lang='lat' dir='ltr'><strong>hanc</strong></span> <span class='ocrx_word' id='word_1_493' title='bbox 914 3211 1276 3281; x_wconf 89' lang='lat' dir='ltr'><strong>positionem,</strong></span> <span class='ocrx_word' id='word_1_494' title='bbox 1322 3227 1482 3277; x_wconf 85' lang='lat' dir='ltr'><strong>eum,</strong></span> <span class='ocrx_word' id='word_1_495' title='bbox 1527 3211 1622 3280; x_wconf 88' lang='lat' dir='ltr'><strong>qui</strong></span> <span class='ocrx_word' id='word_1_496' title='bbox 1678 3209 1880 3265; x_wconf 90' lang='lat' dir='ltr'><strong>nullius</strong></span> <span class='ocrx_word' id='word_1_497' title='bbox 1922 3209 2122 3279; x_wconf 89' lang='lat' dir='ltr'><strong>peccati</strong></span> 
     </span>
    </p>
   </div>
   <div class='ocr_carea' id='block_1_62' title="bbox 2227 3203 3815 3284">
    <p class='ocr_par' dir='ltr' id='par_1_62' title="bbox 2235 3203 3815 3284">
     <span class='ocr_line' id='line_1_62' title="bbox 2235 3203 3815 3284; baseline -0.006 -18"><span class='ocrx_word' id='word_1_498' title='bbox 2235 3212 2377 3284; x_wconf 85' lang='grc' dir='ltr'><strong>φορά</strong></span> <span class='ocrx_word' id='word_1_499' title='bbox 2405 3212 2538 3283; x_wconf 90' lang='grc'>(50),</span> <span class='ocrx_word' id='word_1_500' title='bbox 2569 3209 2690 3265; x_wconf 86' lang='grc' dir='ltr'>καθ’</span> <span class='ocrx_word' id='word_1_501' title='bbox 2720 3211 2786 3281; x_wconf 83' lang='grc' dir='ltr'>ἢν</span> <span class='ocrx_word' id='word_1_502' title='bbox 2815 3228 2833 3261; x_wconf 78' lang='grc' dir='ltr'><strong>ι</strong></span> <span class='ocrx_word' id='word_1_503' title='bbox 2877 3211 2934 3263; x_wconf 81' lang='grc' dir='ltr'><strong>Ὀ</strong></span> <span class='ocrx_word' id='word_1_504' title='bbox 2961 3208 3186 3281; x_wconf 80' lang='grc' dir='ltr'>οὐρανὸς</span> <span class='ocrx_word' id='word_1_505' title='bbox 3220 3207 3313 3260; x_wconf 61' lang='grc' dir='ltr'><strong>καὶ⁴</strong></span> <span class='ocrx_word' id='word_1_506' title='bbox 3353 3208 3388 3276; x_wconf 82' lang='grc' dir='ltr'><strong>ὴ</strong></span> <span class='ocrx_word' id='word_1_507' title='bbox 3421 3206 3493 3277; x_wconf 83' lang='grc' dir='ltr'>γῆ</span> <span class='ocrx_word' id='word_1_508' title='bbox 3543 3203 3815 3276; x_wconf 77' lang='grc' dir='ltr'>παρελεύ-</span> 
     </span>
    </p>
   </div>
   <div class='ocr_carea' id='block_1_63' title="bbox 544 3297 2122 3373">
    <p class='ocr_par' dir='ltr' id='par_1_63' title="bbox 544 3300 2122 3373">
     <span class='ocr_line' id='line_1_63' title="bbox 544 3300 2122 3373; baseline -0.001 -16"><span class='ocrx_word' id='word_1_509' title='bbox 544 3318 673 3358; x_wconf 66' lang='grc' dir='ltr'>τιιιιε</span> <span class='ocrx_word' id='word_1_510' title='bbox 708 3304 830 3366; x_wconf 86' lang='lat' dir='ltr'><strong>erit,</strong></span> <span class='ocrx_word' id='word_1_511' title='bbox 860 3318 966 3357; x_wconf 92' lang='lat' dir='ltr'><strong>non</strong></span> <span class='ocrx_word' id='word_1_512' title='bbox 1000 3303 1232 3372; x_wconf 84' lang='lat' dir='ltr'><strong>amplius</strong></span> <span class='ocrx_word' id='word_1_513' title='bbox 1260 3319 1353 3373; x_wconf 89' lang='lat' dir='ltr'><strong>per</strong></span> <span class='ocrx_word' id='word_1_514' title='bbox 1376 3312 1555 3358; x_wconf 89' lang='lat' dir='ltr'><strong>ortum</strong></span> <span class='ocrx_word' id='word_1_515' title='bbox 1588 3302 1639 3355; x_wconf 93' lang='lat' dir='ltr'><strong>in</strong></span> <span class='ocrx_word' id='word_1_516' title='bbox 1681 3315 1879 3371; x_wconf 77' lang='lat' dir='ltr'><strong>cet-pus</strong></span> <span class='ocrx_word' id='word_1_517' title='bbox 1928 3300 2122 3355; x_wconf 88' lang='lat' dir='ltr'><strong>reditu-</strong></span> 
     </span>
    </p>
   </div>
   <div class='ocr_carea' id='block_1_64' title="bbox 2227 3297 3817 3373">
    <p class='ocr_par' dir='ltr' id='par_1_64' title="bbox 2238 3297 3817 3373">
     <span class='ocr_line' id='line_1_64' title="bbox 2238 3297 3817 3373; baseline -0.006 -15"><span class='ocrx_word' id='word_1_518' title='bbox 2238 3321 2440 3358; x_wconf 89' lang='grc' dir='ltr'>σονται.</span> <span class='ocrx_word' id='word_1_519' title='bbox 2476 3323 2494 3354; x_wconf 83' lang='grc'><strong>›</strong></span> <span class='ocrx_word' id='word_1_520' title='bbox 2539 3304 2655 3356; x_wconf 83' lang='grc' dir='ltr'>Ἵνα</span> <span class='ocrx_word' id='word_1_521' title='bbox 2680 3301 2758 3368; x_wconf 88' lang='grc' dir='ltr'><strong>δὲ,</strong></span> <span class='ocrx_word' id='word_1_522' title='bbox 2786 3301 2927 3356; x_wconf 87' lang='grc' dir='ltr'><strong>κατά</strong></span> <span class='ocrx_word' id='word_1_523' title='bbox 2947 3302 3043 3373; x_wconf 82' lang='grc' dir='ltr'>τὴν</span> <span class='ocrx_word' id='word_1_524' title='bbox 3069 3298 3324 3354; x_wconf 79' lang='grc' dir='ltr'>ὑπόθεσιν</span> <span class='ocrx_word' id='word_1_525' title='bbox 3345 3297 3567 3369; x_wconf 82' lang='grc' dir='ltr'>ταύτην,</span> <span class='ocrx_word' id='word_1_526' title='bbox 3598 3297 3817 3350; x_wconf 83' lang='grc' dir='ltr'>δίδωται</span> 
     </span>
    </p>
   </div>
   <div class='ocr_carea' id='block_1_65' title="bbox 544 3378 2122 3466">
    <p class='ocr_par' dir='ltr' id='par_1_65' title="bbox 544 3392 2122 3464">
     <span class='ocr_line' id='line_1_65' title="bbox 544 3392 2122 3464; baseline -0.003 -15"><span class='ocrx_word' id='word_1_527' title='bbox 544 3411 689 3463; x_wconf 87' lang='lat' dir='ltr'><strong>rum;</strong></span> <span class='ocrx_word' id='word_1_528' title='bbox 719 3411 787 3450; x_wconf 90' lang='lat' dir='ltr'><strong>an</strong></span> <span class='ocrx_word' id='word_1_529' title='bbox 821 3404 930 3449; x_wconf 89' lang='lat' dir='ltr'><strong>toto</strong></span> <span class='ocrx_word' id='word_1_530' title='bbox 965 3403 1273 3464; x_wconf 91' lang='lat' dir='ltr'><strong>temporum</strong></span> <span class='ocrx_word' id='word_1_531' title='bbox 1300 3395 1533 3449; x_wconf 89' lang='lat' dir='ltr'><strong>decursu</strong></span> <span class='ocrx_word' id='word_1_532' title='bbox 1560 3394 1788 3462; x_wconf 90' lang='lat' dir='ltr'><strong>reperiri</strong></span> <span class='ocrx_word' id='word_1_533' title='bbox 1817 3406 1975 3462; x_wconf 88' lang='lat' dir='ltr'><strong>posse</strong></span> <span class='ocrx_word' id='word_1_534' title='bbox 2015 3392 2122 3446; x_wconf 80' lang='lat' dir='ltr'><strong>exi-</strong></span> 
     </span>
    </p>
   </div>
   <div class='ocr_carea' id='block_1_66' title="bbox 2227 3378 3818 3466">
    <p class='ocr_par' dir='ltr' id='par_1_66' title="bbox 2234 3378 3818 3466">
     <span class='ocr_line' id='line_1_66' title="bbox 2234 3378 3818 3466; baseline -0.006 -17"><span class='ocrx_word' id='word_1_535' title='bbox 2234 3396 2323 3449; x_wconf 84' lang='grc' dir='ltr'><strong>τὸν</strong></span> <span class='ocrx_word' id='word_1_536' title='bbox 2351 3396 2526 3466; x_wconf 85' lang='grc' dir='ltr'>πάντη</span> <span class='ocrx_word' id='word_1_537' title='bbox 2545 3378 2939 3465; x_wconf 39' lang='grc' dir='ltr'>’ἀναμάρτητον</span> <span class='ocrx_word' id='word_1_538' title='bbox 2973 3391 3168 3464; x_wconf 84' lang='grc' dir='ltr'>μηκέτι</span> <span class='ocrx_word' id='word_1_539' title='bbox 3187 3391 3340 3462; x_wconf 75' lang='grc' dir='ltr'>ἥξειν</span> <span class='ocrx_word' id='word_1_540' title='bbox 3367 3392 3446 3454; x_wconf 77' lang='grc' dir='ltr'><strong>είς</strong></span> <span class='ocrx_word' id='word_1_541' title='bbox 3469 3389 3531 3442; x_wconf 79' lang='grc' dir='ltr'>τὸ</span> <span class='ocrx_word' id='word_1_542' title='bbox 3560 3387 3645 3442; x_wconf 88' lang='grc' dir='ltr'><strong>διά</strong></span> <span class='ocrx_word' id='word_1_543' title='bbox 3664 3389 3818 3457; x_wconf 83' lang='grc' dir='ltr'>γενέ-</span> 
     </span>
    </p>
   </div>
   <div class='ocr_carea' id='block_1_67' title="bbox 547 3479 2122 3557">
    <p class='ocr_par' dir='ltr' id='par_1_67' title="bbox 547 3484 2122 3557">
     <span class='ocr_line' id='line_1_67' title="bbox 547 3484 2122 3557; baseline -0.001 -16"><span class='ocrx_word' id='word_1_544' title='bbox 547 3487 739 3541; x_wconf 85' lang='lat' dir='ltr'><strong>stimas</strong></span> <span class='ocrx_word' id='word_1_545' title='bbox 768 3486 1006 3541; x_wconf 89' lang='lat' dir='ltr'><strong>animam</strong></span> <span class='ocrx_word' id='word_1_546' title='bbox 1040 3487 1222 3542; x_wconf 88' lang='lat' dir='ltr'><strong>omnis</strong></span> <span class='ocrx_word' id='word_1_547' title='bbox 1254 3502 1444 3557; x_wconf 88' lang='lat' dir='ltr'><strong>puram</strong></span> <span class='ocrx_word' id='word_1_548' title='bbox 1502 3486 1675 3546; x_wconf 88' lang='lat' dir='ltr'><strong>labis.</strong></span> <span class='ocrx_word' id='word_1_549' title='bbox 1725 3501 1825 3540; x_wconf 91' lang='lat' dir='ltr'><strong>nec</strong></span> <span class='ocrx_word' id='word_1_550' title='bbox 1871 3485 2033 3539; x_wconf 87' lang='lat' dir='ltr'><strong>ullius</strong></span> <span class='ocrx_word' id='word_1_551' title='bbox 2076 3484 2122 3539; x_wconf 87' lang='lat' dir='ltr'><strong>in</strong></span> 
     </span>
    </p>
   </div>
   <div class='ocr_carea' id='block_1_68' title="bbox 2227 3479 3816 3557">
    <p class='ocr_par' dir='ltr' id='par_1_68' title="bbox 2238 3479 3816 3557">
     <span class='ocr_line' id='line_1_68' title="bbox 2238 3479 3816 3557; baseline -0.005 -16"><span class='ocrx_word' id='word_1_552' title='bbox 2238 3505 2375 3551; x_wconf 86' lang='grc' dir='ltr'>σεως</span> <span class='ocrx_word' id='word_1_553' title='bbox 2420 3485 2610 3557; x_wconf 82' lang='grc' dir='ltr'>σῶμα,</span> <span class='ocrx_word' id='word_1_554' title='bbox 2649 3484 2737 3539; x_wconf 83' lang='grc' dir='ltr'>διὰ</span> <span class='ocrx_word' id='word_1_555' title='bbox 2771 3484 2978 3555; x_wconf 86' lang='grc' dir='ltr'>χρόνων</span> <span class='ocrx_word' id='word_1_556' title='bbox 3030 3484 3142 3553; x_wconf 82' lang='grc'><strong>(51)</strong></span> <span class='ocrx_word' id='word_1_557' title='bbox 3179 3481 3284 3536; x_wconf 84' lang='grc' dir='ltr'>οἴει</span> <span class='ocrx_word' id='word_1_558' title='bbox 3323 3481 3452 3552; x_wconf 83' lang='grc' dir='ltr'>μίαν</span> <span class='ocrx_word' id='word_1_559' title='bbox 3490 3479 3816 3553; x_wconf 82' lang='grc' dir='ltr'>εὑρήσεσθαι</span> 
     </span>
    </p>
   </div>
   <div class='ocr_carea' id='block_1_69' title="bbox 548 3572 2122 3647">
    <p class='ocr_par' dir='ltr' id='par_1_69' title="bbox 548 3573 2122 3647">
     <span class='ocr_line' id='line_1_69' title="bbox 548 3573 2122 3647; baseline -0.001 -18"><span class='ocrx_word' id='word_1_560' title='bbox 548 3577 696 3630; x_wconf 85' lang='lat' dir='ltr'><strong>aliud</strong></span> <span class='ocrx_word' id='word_1_561' title='bbox 728 3592 928 3647; x_wconf 87' lang='lat' dir='ltr'><strong>corpus</strong></span> <span class='ocrx_word' id='word_1_562' title='bbox 962 3577 1306 3647; x_wconf 86' lang='lat' dir='ltr'><strong>migrationis</strong></span> <span class='ocrx_word' id='word_1_563' title='bbox 1333 3576 1606 3644; x_wconf 80' lang='lat' dir='ltr'><strong>egentem?</strong></span> <span class='ocrx_word' id='word_1_564' title='bbox 1644 3573 2030 3629; x_wconf 84' lang='lat' dir='ltr'><strong>Verumtamen</strong></span> <span class='ocrx_word' id='word_1_565' title='bbox 2078 3582 2122 3629; x_wconf 88' lang='lat' dir='ltr'><strong>el</strong></span> 
     </span>
    </p>
   </div>
   <div class='ocr_carea' id='block_1_70' title="bbox 2227 3572 3819 3647">
    <p class='ocr_par' dir='ltr' id='par_1_70' title="bbox 2240 3572 3819 3647">
     <span class='ocr_line' id='line_1_70' title="bbox 2240 3572 3819 3647; baseline -0.004 -17"><span class='ocrx_word' id='word_1_566' title='bbox 2240 3576 2414 3647; x_wconf 85' lang='grc' dir='ltr'>πάντη</span> <span class='ocrx_word' id='word_1_567' title='bbox 2437 3573 2852 3647; x_wconf 86' lang='grc' dir='ltr'>καθαρεύσασαν</span> <span class='ocrx_word' id='word_1_568' title='bbox 2880 3573 3079 3644; x_wconf 77' lang='grc' dir='ltr'>ψυχὴν,</span> <span class='ocrx_word' id='word_1_569' title='bbox 3113 3575 3209 3628; x_wconf 77' lang='grc' dir='ltr'><strong>καὶ</strong></span> <span class='ocrx_word' id='word_1_570' title='bbox 3235 3572 3310 3644; x_wconf 82' lang='grc' dir='ltr'>μὴ</span> <span class='ocrx_word' id='word_1_571' title='bbox 3342 3572 3599 3644; x_wconf 83' lang='grc' dir='ltr'>δεομένην</span> <span class='ocrx_word' id='word_1_572' title='bbox 3630 3588 3819 3644; x_wconf 87' lang='grc' dir='ltr'>μετεν-</span> 
     </span>
    </p>
   </div>
   <div class='ocr_carea' id='block_1_71' title="bbox 547 3664 2122 3741">
    <p class='ocr_par' dir='ltr' id='par_1_71' title="bbox 547 3667 2122 3741">
     <span class='ocr_line' id='line_1_71' title="bbox 547 3667 2122 3741; baseline -0.001 -19"><span class='ocrx_word' id='word_1_573' title='bbox 547 3667 629 3722; x_wconf 80' lang='lat' dir='ltr'><strong>sic</strong></span> <span class='ocrx_word' id='word_1_574' title='bbox 679 3667 861 3741; x_wconf 85' lang='lat' dir='ltr'><strong>aliqua</strong></span> <span class='ocrx_word' id='word_1_575' title='bbox 902 3683 1117 3739; x_wconf 88' lang='lat' dir='ltr'><strong>semper</strong></span> <span class='ocrx_word' id='word_1_576' title='bbox 1148 3683 1213 3725; x_wconf 82' lang='lat' dir='ltr'><strong>ex</strong></span> <span class='ocrx_word' id='word_1_577' title='bbox 1249 3667 1513 3740; x_wconf 80' lang='lat' dir='ltr'><strong>praefinito</strong></span> <span class='ocrx_word' id='word_1_578' title='bbox 1558 3668 1864 3723; x_wconf 87' lang='lat' dir='ltr'><strong>animarum</strong></span> <span class='ocrx_word' id='word_1_579' title='bbox 1904 3680 2122 3723; x_wconf 74' lang='lat' dir='ltr'><strong>numero</strong></span> 
     </span>
    </p>
   </div>
   <div class='ocr_carea' id='block_1_72' title="bbox 2227 3664 3817 3741">
    <p class='ocr_par' dir='ltr' id='par_1_72' title="bbox 2241 3664 3817 3739">
     <span class='ocr_line' id='line_1_72' title="bbox 2241 3664 3817 3739; baseline -0.003 -17"><span class='ocrx_word' id='word_1_580' title='bbox 2241 3666 2651 3739; x_wconf 81' lang='grc' dir='ltr'>σωματώσεως;</span> <span class='ocrx_word' id='word_1_581' title='bbox 2695 3668 2882 3738; x_wconf 85' lang='grc' dir='ltr'>Ὅμως</span> <span class='ocrx_word' id='word_1_582' title='bbox 2917 3666 2973 3720; x_wconf 77' lang='grc' dir='ltr'>δὲ</span> <span class='ocrx_word' id='word_1_583' title='bbox 3000 3666 3094 3720; x_wconf 73' lang='grc' dir='ltr'><strong>καὶ</strong></span> <span class='ocrx_word' id='word_1_584' title='bbox 3114 3664 3286 3729; x_wconf 77' lang='grc' dir='ltr'>οὕτως</span> <span class='ocrx_word' id='word_1_585' title='bbox 3312 3668 3439 3736; x_wconf 81' lang='grc' dir='ltr'>μιᾶς</span> <span class='ocrx_word' id='word_1_586' title='bbox 3459 3681 3601 3728; x_wconf 86' lang='grc' dir='ltr'>τινος</span> <span class='ocrx_word' id='word_1_587' title='bbox 3646 3664 3731 3718; x_wconf 78' lang='grc' dir='ltr'>ἀεὶ</span> <span class='ocrx_word' id='word_1_588' title='bbox 3753 3665 3817 3718; x_wconf 72' lang='grc' dir='ltr'><strong>ἐκ</strong></span> 
     </span>
    </p>
   </div>
   <div class='ocr_carea' id='block_1_73' title="bbox 1761 3781 2613 3841">
    <p class='ocr_par' dir='ltr' id='par_1_73' title="bbox 1761 3781 2613 3841">
     <span class='ocr_line' id='line_1_73' title="bbox 1761 3781 2613 3841; baseline -0.004 -1"><span class='ocrx_word' id='word_1_589' title='bbox 1761 3783 1994 3841; x_wconf 81' lang='lat' dir='ltr'><strong>VETUS</strong></span> <span class='ocrx_word' id='word_1_590' title='bbox 2034 3781 2613 3838; x_wconf 77' lang='lat' dir='ltr'><strong>INTERPRETATIO.</strong></span> 
     </span>
    </p>
   </div>
   <div class='ocr_carea' id='block_1_74' title="bbox 553 3897 3809 3972">
    <p class='ocr_par' dir='ltr' id='par_1_74' title="bbox 553 3897 3809 3972">
     <span class='ocr_line' id='line_1_74' title="bbox 553 3897 3809 3972; baseline 0 -20"><span class='ocrx_word' id='word_1_591' title='bbox 553 3900 639 3972; x_wconf 77' lang='lat' dir='ltr'><strong>his</strong></span> <span class='ocrx_word' id='word_1_592' title='bbox 669 3901 866 3958; x_wconf 86' lang='lat' dir='ltr'><strong>tradita</strong></span> <span class='ocrx_word' id='word_1_593' title='bbox 901 3902 1118 3959; x_wconf 80' lang='lat' dir='ltr'><strong>fuerant</strong></span> <span class='ocrx_word' id='word_1_594' title='bbox 1145 3904 1210 3958; x_wconf 83' lang='lat' dir='ltr'><strong>de</strong></span> <span class='ocrx_word' id='word_1_595' title='bbox 1240 3903 1376 3969; x_wconf 89' lang='lat' dir='ltr'><strong>Elia,</strong></span> <span class='ocrx_word' id='word_1_596' title='bbox 1415 3905 1507 3960; x_wconf 91' lang='lat' dir='ltr'><strong>sed</strong></span> <span class='ocrx_word' id='word_1_597' title='bbox 1548 3906 1714 3960; x_wconf 88' lang='lat' dir='ltr'><strong>alium</strong></span> <span class='ocrx_word' id='word_1_598' title='bbox 1744 3904 1873 3959; x_wconf 70' lang='lat' dir='ltr'><strong>Elia:</strong></span> <span class='ocrx_word' id='word_1_599' title='bbox 1901 3906 2191 3960; x_wconf 86' lang='lat' dir='ltr'><strong>adventum</strong></span> <span class='ocrx_word' id='word_1_600' title='bbox 2219 3914 2343 3959; x_wconf 90' lang='lat' dir='ltr'><strong>ante</strong></span> <span class='ocrx_word' id='word_1_601' title='bbox 2372 3918 2430 3959; x_wconf 90' lang='lat' dir='ltr'><strong>se</strong></span> <span class='ocrx_word' id='word_1_602' title='bbox 2452 3903 2700 3957; x_wconf 90' lang='lat' dir='ltr'><strong>iudicans</strong></span> <span class='ocrx_word' id='word_1_603' title='bbox 2728 3900 2953 3967; x_wconf 87' lang='lat' dir='ltr'><strong>factum,</strong></span> <span class='ocrx_word' id='word_1_604' title='bbox 2980 3917 3141 3970; x_wconf 88' lang='lat' dir='ltr'><strong>quem</strong></span> <span class='ocrx_word' id='word_1_605' title='bbox 3175 3901 3558 3972; x_wconf 83' lang='lat' dir='ltr'><strong>ignoraverant</strong></span> <span class='ocrx_word' id='word_1_606' title='bbox 3582 3897 3809 3972; x_wconf 58' lang='lat' dir='ltr'><strong>Scribat.</strong></span> 
     </span>
    </p>
   </div>
   <div class='ocr_carea' id='block_1_75' title="bbox 552 3968 3818 4045">
    <p class='ocr_par' dir='ltr' id='par_1_75' title="bbox 552 3968 3818 4045">
     <span class='ocr_line' id='line_1_75' title="bbox 552 3968 3818 4045; baseline -0.001 -22"><span class='ocrx_word' id='word_1_607' title='bbox 552 3968 878 4045; x_wconf 68' lang='lat' dir='ltr'><strong>ignorantes</strong></span> <span class='ocrx_word' id='word_1_608' title='bbox 904 3985 1082 4045; x_wconf 81' lang='lat' dir='ltr'><strong>autem</strong></span> <span class='ocrx_word' id='word_1_609' title='bbox 1107 3991 1256 4045; x_wconf 84' lang='lat' dir='ltr'><strong>eum,</strong></span> <span class='ocrx_word' id='word_1_610' title='bbox 1275 3968 1680 4044; x_wconf 84' lang='lat' dir='ltr'><strong>quedammodo</strong></span> <span class='ocrx_word' id='word_1_611' title='bbox 1704 3977 1996 4045; x_wconf 75' lang='lat' dir='ltr'><strong>participes</strong></span> <span class='ocrx_word' id='word_1_612' title='bbox 2020 3974 2146 4030; x_wconf 82' lang='lat' dir='ltr'><strong>facti</strong></span> <span class='ocrx_word' id='word_1_613' title='bbox 2180 3974 2573 4045; x_wconf 78' lang='lat' dir='ltr'><strong>interfectionis</strong></span> <span class='ocrx_word' id='word_1_614' title='bbox 2600 3973 2739 4043; x_wconf 85' lang='lat' dir='ltr'><strong>ejus,</strong></span> <span class='ocrx_word' id='word_1_615' title='bbox 2771 3968 3014 4027; x_wconf 76' lang='lat' dir='ltr'><strong>fecerunt</strong></span> <span class='ocrx_word' id='word_1_616' title='bbox 3041 3968 3317 4045; x_wconf 74' lang='lat' dir='ltr'><strong>eiqnanta</strong></span> <span class='ocrx_word' id='word_1_617' title='bbox 3347 3971 3651 4045; x_wconf 79' lang='lat' dir='ltr'><strong>voluerunt,</strong></span> <span class='ocrx_word' id='word_1_618' title='bbox 3673 3969 3818 4022; x_wconf 77' lang='lat' dir='ltr'><strong>simi-</strong></span> 
     </span>
    </p>
   </div>
   <div class='ocr_carea' id='block_1_76' title="bbox 504 4040 3813 4116">
    <p class='ocr_par' dir='ltr' id='par_1_76' title="bbox 504 4040 3813 4116">
     <span class='ocr_line' id='line_1_76' title="bbox 504 4040 3813 4116; baseline -0.001 -23"><span class='ocrx_word' id='word_1_619' title='bbox 504 4112 505 4115; x_wconf 14' lang='grc' dir='ltr'><strong>η</strong></span> <span class='ocrx_word' id='word_1_620' title='bbox 554 4041 678 4116; x_wconf 76' lang='lat' dir='ltr'><strong>liter</strong></span> <span class='ocrx_word' id='word_1_621' title='bbox 699 4040 901 4116; x_wconf 66' lang='lat' dir='ltr'><strong>[acturi</strong></span> <span class='ocrx_word' id='word_1_622' title='bbox 933 4044 1169 4099; x_wconf 91' lang='lat' dir='ltr'><strong>Christo.</strong></span> <span class='ocrx_word' id='word_1_623' title='bbox 1197 4040 1321 4100; x_wconf 82' lang='lat' dir='ltr'><strong>Ideo</strong></span> <span class='ocrx_word' id='word_1_624' title='bbox 1360 4064 1379 4097; x_wconf 75' lang='grc' dir='ltr'>ε</span> <span class='ocrx_word' id='word_1_625' title='bbox 1418 4040 1754 4116; x_wconf 75' lang='lat' dir='ltr'><strong>respondens</strong></span> <span class='ocrx_word' id='word_1_626' title='bbox 1783 4040 1945 4100; x_wconf 82' lang='lat' dir='ltr'><strong>Jesus</strong></span> <span class='ocrx_word' id='word_1_627' title='bbox 1976 4046 2114 4100; x_wconf 81' lang='lat' dir='ltr'><strong>dixit</strong></span> <span class='ocrx_word' id='word_1_628' title='bbox 2144 4064 2157 4099; x_wconf 82' lang='lat'>;</span> <span class='ocrx_word' id='word_1_629' title='bbox 2187 4043 2332 4098; x_wconf 85' lang='lat' dir='ltr'><strong>Elias</strong></span> <span class='ocrx_word' id='word_1_630' title='bbox 2357 4043 2576 4112; x_wconf 90' lang='lat' dir='ltr'><strong>quidem</strong></span> <span class='ocrx_word' id='word_1_631' title='bbox 2616 4040 2876 4097; x_wconf 81' lang='lat' dir='ltr'><strong>venturus</strong></span> <span class='ocrx_word' id='word_1_632' title='bbox 2909 4042 3280 4116; x_wconf 67' lang='lat' dir='ltr'><strong>estprimum,</strong></span> <span class='ocrx_word' id='word_1_633' title='bbox 3313 4050 3367 4116; x_wconf 79' lang='lat' dir='ltr'><strong>et</strong></span> <span class='ocrx_word' id='word_1_634' title='bbox 3405 4041 3813 4116; x_wconf 50' lang='lat' dir='ltr'><strong>restituet&#39;om-</strong></span> 
     </span>
    </p>
   </div>
   <div class='ocr_carea' id='block_1_77' title="bbox 554 4105 3815 4187">
    <p class='ocr_par' dir='ltr' id='par_1_77' title="bbox 554 4105 3815 4187">
     <span class='ocr_line' id='line_1_77' title="bbox 554 4105 3815 4187; baseline -0 -24"><span class='ocrx_word' id='word_1_635' title='bbox 554 4111 669 4164; x_wconf 89' lang='lat' dir='ltr'><strong>nia.</strong></span> <span class='ocrx_word' id='word_1_636' title='bbox 699 4110 1046 4187; x_wconf 68' lang='lat' dir='ltr'><strong>Dicoautem</strong></span> <span class='ocrx_word' id='word_1_637' title='bbox 1091 4116 1263 4178; x_wconf 89' lang='lat' dir='ltr'><strong>vobis,</strong></span> <span class='ocrx_word' id='word_1_638' title='bbox 1299 4105 1560 4186; x_wconf 76' lang='lat' dir='ltr'><strong>quoniam</strong></span> <span class='ocrx_word' id='word_1_639' title='bbox 1584 4115 1880 4187; x_wconf 12' lang='lat' dir='ltr'><strong>iEliasﬂjam</strong></span> <span class='ocrx_word' id='word_1_640' title='bbox 1917 4116 2065 4187; x_wconf 84' lang='lat' dir='ltr'><strong>venit</strong></span> <span class='ocrx_word' id='word_1_641' title='bbox 2090 4123 2203 4187; x_wconf 27' lang='lat' dir='ltr'><strong>,“et</strong></span> <span class='ocrx_word' id='word_1_642' title='bbox 2234 4129 2343 4169; x_wconf 89' lang='lat' dir='ltr'><strong>non</strong></span> <span class='ocrx_word' id='word_1_643' title='bbox 2375 4105 2755 4187; x_wconf 65' lang='lat' dir='ltr'><strong>cognoverunt</strong></span> <span class='ocrx_word' id='word_1_644' title='bbox 2787 4128 2932 4187; x_wconf 82' lang='lat' dir='ltr'><strong>eum.</strong></span> <span class='ocrx_word' id='word_1_645' title='bbox 2980 4105 3190 4187; x_wconf 37' lang='lat' dir='ltr'><strong>[Quod</strong></span> <span class='ocrx_word' id='word_1_646' title='bbox 3224 4111 3360 4165; x_wconf 85' lang='lat' dir='ltr'><strong>dicit</strong></span> <span class='ocrx_word' id='word_1_647' title='bbox 3397 4119 3618 4178; x_wconf 87' lang='lat' dir='ltr'><strong>propter</strong></span> <span class='ocrx_word' id='word_1_648' title='bbox 3651 4105 3815 4187; x_wconf 50' lang='lat' dir='ltr'><strong>Joan-</strong></span> 
     </span>
    </p>
   </div>
   <div class='ocr_carea' id='block_1_78' title="bbox 557 4179 3814 4258">
    <p class='ocr_par' dir='ltr' id='par_1_78' title="bbox 557 4179 3814 4258">
     <span class='ocr_line' id='line_1_78' title="bbox 557 4179 3814 4258; baseline -0 -25"><span class='ocrx_word' id='word_1_649' title='bbox 557 4195 702 4258; x_wconf 73' lang='lat' dir='ltr'><strong>nem,</strong></span> <span class='ocrx_word' id='word_1_650' title='bbox 741 4181 939 4258; x_wconf 74' lang='lat' dir='ltr'><strong>¢__Elias</strong></span> <span class='ocrx_word' id='word_1_651' title='bbox 966 4184 1078 4253; x_wconf 87' lang='lat' dir='ltr'><strong>jam</strong></span> <span class='ocrx_word' id='word_1_652' title='bbox 1106 4187 1270 4258; x_wconf 82' lang='lat' dir='ltr'><strong>venit,</strong></span> <span class='ocrx_word' id='word_1_653' title='bbox 1308 4179 1333 4258; x_wconf 59' lang='grc' dir='ltr'><em>ᾗ</em></span> <span class='ocrx_word' id='word_1_654' title='bbox 1370 4201 1478 4258; x_wconf 86' lang='lat' dir='ltr'><strong>non</strong></span> <span class='ocrx_word' id='word_1_655' title='bbox 1496 4186 1689 4258; x_wconf 77' lang='lat' dir='ltr'><strong>anima</strong></span> <span class='ocrx_word' id='word_1_656' title='bbox 1727 4179 1858 4241; x_wconf 70' lang='lat' dir='ltr'><strong>Elia:</strong></span> <span class='ocrx_word' id='word_1_657' title='bbox 1886 4194 1969 4258; x_wconf 74' lang='lat' dir='ltr'><strong>est</strong></span> <span class='ocrx_word' id='word_1_658' title='bbox 2000 4179 2370 4258; x_wconf 71' lang='lat' dir='ltr'><strong>intelligenda,</strong></span> <span class='ocrx_word' id='word_1_659' title='bbox 2400 4179 2550 4237; x_wconf 83' lang='lat' dir='ltr'><strong>utne</strong></span> <span class='ocrx_word' id='word_1_660' title='bbox 2578 4182 2980 4258; x_wconf 74' lang='lat' dir='ltr'><strong>incidamusin</strong></span> <span class='ocrx_word' id='word_1_661' title='bbox 2998 4183 3193 4258; x_wconf 84' lang='lat' dir='ltr'><strong>dogma</strong></span> <span class='ocrx_word' id='word_1_662' title='bbox 3238 4179 3814 4258; x_wconf 68' lang='lat' dir='ltr'><strong>transcorporationis,</strong></span> 
     </span>
    </p>
   </div>
   <div class='ocr_carea' id='block_1_79' title="bbox 557 4249 3814 4322">
    <p class='ocr_par' dir='ltr' id='par_1_79' title="bbox 557 4249 3814 4322">
     <span class='ocr_line' id='line_1_79' title="bbox 557 4249 3814 4322; baseline 0 -21"><span class='ocrx_word' id='word_1_663' title='bbox 557 4253 704 4320; x_wconf 87' lang='lat' dir='ltr'><strong>quod</strong></span> <span class='ocrx_word' id='word_1_664' title='bbox 735 4249 981 4308; x_wconf 78' lang='lat' dir='ltr'><strong>alienum</strong></span> <span class='ocrx_word' id='word_1_665' title='bbox 1003 4262 1086 4309; x_wconf 90' lang='lat' dir='ltr'><strong>est</strong></span> <span class='ocrx_word' id='word_1_666' title='bbox 1114 4256 1181 4309; x_wconf 89' lang='lat' dir='ltr'><strong>ab</strong></span> <span class='ocrx_word' id='word_1_667' title='bbox 1208 4249 1575 4311; x_wconf 84' lang='lat' dir='ltr'><strong>ecclesiastica</strong></span> <span class='ocrx_word' id='word_1_668' title='bbox 1607 4257 1854 4311; x_wconf 80' lang='lat' dir='ltr'><strong>veritate.</strong></span> <span class='ocrx_word' id='word_1_669' title='bbox 1889 4253 2023 4308; x_wconf 87' lang='lat' dir='ltr'><strong>Nam</strong></span> <span class='ocrx_word' id='word_1_670' title='bbox 2061 4264 2114 4308; x_wconf 92' lang='lat' dir='ltr'><strong>et</strong></span> <span class='ocrx_word' id='word_1_671' title='bbox 2134 4249 2469 4309; x_wconf 77' lang='lat' dir='ltr'><strong>contrarium</strong></span> <span class='ocrx_word' id='word_1_672' title='bbox 2499 4263 2581 4308; x_wconf 91' lang='lat' dir='ltr'><strong>est</strong></span> <span class='ocrx_word' id='word_1_673' title='bbox 2603 4252 2707 4322; x_wconf 19' lang='lat' dir='ltr'><strong>ibis</strong></span> <span class='ocrx_word' id='word_1_674' title='bbox 2731 4268 2853 4322; x_wconf 71' lang='lat' dir='ltr'><strong>quae</strong></span> <span class='ocrx_word' id='word_1_675' title='bbox 2878 4252 3009 4307; x_wconf 91' lang='lat' dir='ltr'><strong>dicit</strong></span> <span class='ocrx_word' id='word_1_676' title='bbox 3031 4249 3325 4322; x_wconf 70' lang='lat' dir='ltr'><strong>Apostolus</strong></span> <span class='ocrx_word' id='word_1_677' title='bbox 3361 4267 3374 4302; x_wconf 93' lang='lat'>:</span> <span class='ocrx_word' id='word_1_678' title='bbox 3398 4264 3521 4317; x_wconf 76' lang='lat' dir='ltr'><strong>qua:</strong></span> <span class='ocrx_word' id='word_1_679' title='bbox 3543 4249 3814 4322; x_wconf 85' lang='lat' dir='ltr'><strong>videntur,</strong></span> 
     </span>
    </p>
   </div>
   <div class='ocr_carea' id='block_1_80' title="bbox 558 4319 3813 4392">
    <p class='ocr_par' dir='ltr' id='par_1_80' title="bbox 558 4319 3813 4392">
     <span class='ocr_line' id='line_1_80' title="bbox 558 4319 3813 4392; baseline -0.001 -18"><span class='ocrx_word' id='word_1_680' title='bbox 558 4319 880 4392; x_wconf 72' lang='lat' dir='ltr'><strong>temporalia</strong></span> <span class='ocrx_word' id='word_1_681' title='bbox 910 4339 1041 4390; x_wconf 75' lang='lat' dir='ltr'><strong>esse</strong></span> <span class='ocrx_word' id='word_1_682' title='bbox 1068 4343 1080 4378; x_wconf 93' lang='lat'><strong>:</strong></span> <span class='ocrx_word' id='word_1_683' title='bbox 1118 4325 1461 4391; x_wconf 5' lang='lat' dir='ltr'><strong>etpmundnm</strong></span> <span class='ocrx_word' id='word_1_684' title='bbox 1496 4325 1661 4380; x_wconf 90' lang='lat' dir='ltr'><strong>istum</strong></span> <span class='ocrx_word' id='word_1_685' title='bbox 1686 4326 1848 4380; x_wconf 86' lang='lat' dir='ltr'><strong>finem</strong></span> <span class='ocrx_word' id='word_1_686' title='bbox 1881 4326 2100 4389; x_wconf 87' lang='lat' dir='ltr'><strong>habere,</strong></span> <span class='ocrx_word' id='word_1_687' title='bbox 2132 4334 2186 4378; x_wconf 86' lang='lat' dir='ltr'><strong>et</strong></span> <span class='ocrx_word' id='word_1_688' title='bbox 2210 4328 2257 4378; x_wconf 92' lang='lat' dir='ltr'><strong>ei</strong></span> <span class='ocrx_word' id='word_1_689' title='bbox 2283 4324 2426 4392; x_wconf 87' lang='lat' dir='ltr'><strong>quod</strong></span> <span class='ocrx_word' id='word_1_690' title='bbox 2458 4324 2573 4392; x_wconf 85' lang='lat' dir='ltr'><strong>ipse</strong></span> <span class='ocrx_word' id='word_1_691' title='bbox 2602 4319 2865 4392; x_wconf 81' lang='lat' dir='ltr'><strong>Dominus</strong></span> <span class='ocrx_word' id='word_1_692' title='bbox 2892 4323 2969 4377; x_wconf 86' lang='lat' dir='ltr'><strong>ait.</strong></span> <span class='ocrx_word' id='word_1_693' title='bbox 3007 4341 3022 4375; x_wconf 89' lang='lat'><strong>:</strong></span> <span class='ocrx_word' id='word_1_694' title='bbox 3058 4319 3314 4376; x_wconf 62' lang='lat' dir='ltr'><strong>(C(elmn</strong></span> <span class='ocrx_word' id='word_1_695' title='bbox 3349 4327 3402 4371; x_wconf 91' lang='lat' dir='ltr'><strong>et</strong></span> <span class='ocrx_word' id='word_1_696' title='bbox 3428 4328 3570 4372; x_wconf 90' lang='lat' dir='ltr'><strong>terra</strong></span> <span class='ocrx_word' id='word_1_697' title='bbox 3606 4319 3813 4371; x_wconf 88' lang='lat' dir='ltr'><strong>transi-</strong></span> 
     </span>
    </p>
   </div>
   <div class='ocr_carea' id='block_1_81' title="bbox 555 4389 3820 4465">
    <p class='ocr_par' dir='ltr' id='par_1_81' title="bbox 555 4389 3820 4465">
     <span class='ocr_line' id='line_1_81' title="bbox 555 4389 3820 4465; baseline -0.002 -19"><span class='ocrx_word' id='word_1_698' title='bbox 555 4389 715 4465; x_wconf 76' lang='lat' dir='ltr'><strong>bunt,</strong></span> <span class='ocrx_word' id='word_1_699' title='bbox 745 4411 773 4465; x_wconf 61' lang='grc' dir='ltr'><strong>ρ</strong></span> <span class='ocrx_word' id='word_1_700' title='bbox 810 4402 864 4465; x_wconf 79' lang='lat' dir='ltr'><strong>et</strong></span> <span class='ocrx_word' id='word_1_701' title='bbox 891 4389 1205 4463; x_wconf 90' lang='lat' dir='ltr'><strong>prophetico</strong></span> <span class='ocrx_word' id='word_1_702' title='bbox 1236 4395 1307 4465; x_wconf 89' lang='lat' dir='ltr'><strong>ei,</strong></span> <span class='ocrx_word' id='word_1_703' title='bbox 1335 4394 1479 4465; x_wconf 92' lang='lat' dir='ltr'><strong>quod</strong></span> <span class='ocrx_word' id='word_1_704' title='bbox 1512 4397 1586 4448; x_wconf 90' lang='lat' dir='ltr'><strong>ait</strong></span> <span class='ocrx_word' id='word_1_705' title='bbox 1618 4414 1632 4450; x_wconf 88' lang='lat'>:</span> <span class='ocrx_word' id='word_1_706' title='bbox 1666 4416 1684 4446; x_wconf 76' lang='grc' dir='ltr'><strong>ι</strong></span> <span class='ocrx_word' id='word_1_707' title='bbox 1723 4395 1779 4448; x_wconf 92' lang='lat' dir='ltr'><strong>lu</strong></span> <span class='ocrx_word' id='word_1_708' title='bbox 1805 4395 1959 4449; x_wconf 90' lang='lat' dir='ltr'><strong>initio</strong></span> <span class='ocrx_word' id='word_1_709' title='bbox 1990 4403 2188 4450; x_wconf 88' lang='lat' dir='ltr'><strong>terram</strong></span> <span class='ocrx_word' id='word_1_710' title='bbox 2227 4402 2280 4447; x_wconf 90' lang='lat' dir='ltr'><strong>tu</strong></span> <span class='ocrx_word' id='word_1_711' title='bbox 2302 4389 2564 4465; x_wconf 77' lang='lat' dir='ltr'><strong>fundasti,</strong></span> <span class='ocrx_word' id='word_1_712' title='bbox 2600 4391 2848 4465; x_wconf 83' lang='lat' dir='ltr'><strong>Domine.</strong></span> <span class='ocrx_word' id='word_1_713' title='bbox 2879 4403 2933 4447; x_wconf 87' lang='lat' dir='ltr'><strong>et</strong></span> <span class='ocrx_word' id='word_1_714' title='bbox 2970 4403 3415 4465; x_wconf 73' lang='lat' dir='ltr'><strong>Operamannum</strong></span> <span class='ocrx_word' id='word_1_715' title='bbox 3448 4397 3659 4441; x_wconf 90' lang='lat' dir='ltr'><strong>tuarum</strong></span> <span class='ocrx_word' id='word_1_716' title='bbox 3687 4396 3820 4465; x_wconf 79' lang='lat' dir='ltr'><strong>sunt</strong></span> 
     </span>
    </p>
   </div>
   <div class='ocr_carea' id='block_1_82' title="bbox 555 4455 3813 4533">
    <p class='ocr_par' dir='ltr' id='par_1_82' title="bbox 555 4455 3813 4533">
     <span class='ocr_line' id='line_1_82' title="bbox 555 4455 3813 4533; baseline -0.002 -18"><span class='ocrx_word' id='word_1_717' title='bbox 555 4461 703 4515; x_wconf 75' lang='lat' dir='ltr'><strong>cceli.</strong></span> <span class='ocrx_word' id='word_1_718' title='bbox 745 4460 848 4532; x_wconf 88' lang='lat' dir='ltr'><strong>Ipsi</strong></span> <span class='ocrx_word' id='word_1_719' title='bbox 890 4455 1165 4532; x_wconf 83' lang='lat' dir='ltr'><strong>peribunt.</strong></span> <span class='ocrx_word' id='word_1_720' title='bbox 1209 4483 1227 4516; x_wconf 76' lang='grc' dir='ltr'><strong>ι</strong></span> <span class='ocrx_word' id='word_1_721' title='bbox 1265 4455 1321 4518; x_wconf 84' lang='lat' dir='ltr'><strong>Si</strong></span> <span class='ocrx_word' id='word_1_722' title='bbox 1353 4455 1500 4519; x_wconf 76' lang='lat' dir='ltr'><strong>enim</strong></span> <span class='ocrx_word' id='word_1_723' title='bbox 1528 4465 1827 4520; x_wconf 90' lang='lat' dir='ltr'><strong>secundum</strong></span> <span class='ocrx_word' id='word_1_724' title='bbox 1856 4465 2167 4533; x_wconf 86' lang='lat' dir='ltr'><strong>opinionem</strong></span> <span class='ocrx_word' id='word_1_725' title='bbox 2205 4478 2394 4517; x_wconf 85' lang='lat' dir='ltr'><strong>eorum</strong></span> <span class='ocrx_word' id='word_1_726' title='bbox 2445 4455 2637 4533; x_wconf 87' lang='lat' dir='ltr'><strong>anima</strong></span> <span class='ocrx_word' id='word_1_727' title='bbox 2672 4463 2754 4518; x_wconf 90' lang='lat' dir='ltr'><strong>bis</strong></span> <span class='ocrx_word' id='word_1_728' title='bbox 2784 4470 2958 4533; x_wconf 87' lang='lat' dir='ltr'><strong>potest</strong></span> <span class='ocrx_word' id='word_1_729' title='bbox 2989 4455 3108 4516; x_wconf 81' lang='lat' dir='ltr'><strong>fieri</strong></span> <span class='ocrx_word' id='word_1_730' title='bbox 3143 4462 3195 4514; x_wconf 92' lang='lat' dir='ltr'><strong>in</strong></span> <span class='ocrx_word' id='word_1_731' title='bbox 3245 4472 3471 4527; x_wconf 88' lang='lat' dir='ltr'><strong>corpore</strong></span> <span class='ocrx_word' id='word_1_732' title='bbox 3513 4455 3813 4511; x_wconf 90' lang='lat' dir='ltr'><strong>secundum</strong></span> 
     </span>
    </p>
   </div>
   <div class='ocr_carea' id='block_1_83' title="bbox 558 4532 3813 4609">
    <p class='ocr_par' dir='ltr' id='par_1_83' title="bbox 558 4532 3813 4609">
     <span class='ocr_line' id='line_1_83' title="bbox 558 4532 3813 4609; baseline -0.002 -23"><span class='ocrx_word' id='word_1_733' title='bbox 558 4540 759 4586; x_wconf 82' lang='lat' dir='ltr'><strong>Statum</strong></span> <span class='ocrx_word' id='word_1_734' title='bbox 795 4533 1070 4609; x_wconf 76' lang='lat' dir='ltr'><strong>eumdem,</strong></span> <span class='ocrx_word' id='word_1_735' title='bbox 1092 4534 1171 4609; x_wconf 89' lang='lat' dir='ltr'><strong>_ab</strong></span> <span class='ocrx_word' id='word_1_736' title='bbox 1202 4535 1358 4609; x_wconf 82' lang='lat' dir='ltr'><strong>initio</strong></span> <span class='ocrx_word' id='word_1_737' title='bbox 1392 4535 1572 4589; x_wconf 55' lang='lat' dir='ltr'><strong>sa~cnli</strong></span> <span class='ocrx_word' id='word_1_738' title='bbox 1605 4551 1779 4609; x_wconf 83' lang='lat' dir='ltr'><strong>usque</strong></span> <span class='ocrx_word' id='word_1_739' title='bbox 1811 4536 1864 4588; x_wconf 90' lang='lat' dir='ltr'><strong>in</strong></span> <span class='ocrx_word' id='word_1_740' title='bbox 1897 4532 2078 4598; x_wconf 87' lang='lat' dir='ltr'><strong>tinem,</strong></span> <span class='ocrx_word' id='word_1_741' title='bbox 2104 4533 2378 4609; x_wconf 77' lang='lat' dir='ltr'><strong>interrogo</strong></span> <span class='ocrx_word' id='word_1_742' title='bbox 2405 4549 2577 4609; x_wconf 86' lang='lat' dir='ltr'><strong>quare</strong></span> <span class='ocrx_word' id='word_1_743' title='bbox 2615 4532 2673 4587; x_wconf 80' lang='lat' dir='ltr'><strong>fit</strong></span> <span class='ocrx_word' id='word_1_744' title='bbox 2698 4532 2806 4587; x_wconf 88' lang='lat' dir='ltr'><strong>bis?</strong></span> <span class='ocrx_word' id='word_1_745' title='bbox 2833 4533 2888 4587; x_wconf 90' lang='lat' dir='ltr'><strong>Si</strong></span> <span class='ocrx_word' id='word_1_746' title='bbox 2924 4541 3145 4601; x_wconf 89' lang='lat' dir='ltr'><strong>propter</strong></span> <span class='ocrx_word' id='word_1_747' title='bbox 3176 4539 3481 4609; x_wconf 70' lang='lat' dir='ltr'><strong>peccatum,</strong></span> <span class='ocrx_word' id='word_1_748' title='bbox 3509 4541 3685 4609; x_wconf 72' lang='lat' dir='ltr'><strong>quare</strong></span> <span class='ocrx_word' id='word_1_749' title='bbox 3710 4541 3813 4579; x_wconf 90' lang='lat' dir='ltr'><strong>non</strong></span> 
     </span>
    </p>
   </div>
   <div class='ocr_carea' id='block_1_84' title="bbox 555 4600 3814 4675">
    <p class='ocr_par' dir='ltr' id='par_1_84' title="bbox 555 4600 3814 4675">
     <span class='ocr_line' id='line_1_84' title="bbox 555 4600 3814 4675; baseline -0.001 -22"><span class='ocrx_word' id='word_1_750' title='bbox 555 4612 609 4675; x_wconf 80' lang='lat' dir='ltr'><strong>et</strong></span> <span class='ocrx_word' id='word_1_751' title='bbox 637 4612 724 4656; x_wconf 92' lang='lat' dir='ltr'><strong>ter</strong></span> <span class='ocrx_word' id='word_1_752' title='bbox 753 4612 808 4656; x_wconf 79' lang='lat' dir='ltr'><strong>et</strong></span> <span class='ocrx_word' id='word_1_753' title='bbox 837 4602 1177 4673; x_wconf 79' lang='lat' dir='ltr'><strong>frequentius</strong></span> <span class='ocrx_word' id='word_1_754' title='bbox 1209 4605 1267 4658; x_wconf 88' lang='lat' dir='ltr'><strong>tit</strong></span> <span class='ocrx_word' id='word_1_755' title='bbox 1304 4604 1355 4657; x_wconf 90' lang='lat' dir='ltr'><strong>in</strong></span> <span class='ocrx_word' id='word_1_756' title='bbox 1383 4619 1610 4673; x_wconf 90' lang='lat' dir='ltr'><strong>corpore</strong></span> <span class='ocrx_word' id='word_1_757' title='bbox 1654 4600 1859 4670; x_wconf 78' lang='lat' dir='ltr'><strong>anima,</strong></span> <span class='ocrx_word' id='word_1_758' title='bbox 1895 4614 1951 4658; x_wconf 89' lang='grc' dir='ltr'><strong>ιιι</strong></span> <span class='ocrx_word' id='word_1_759' title='bbox 1980 4615 2199 4675; x_wconf 86' lang='lat' dir='ltr'><strong>propter</strong></span> <span class='ocrx_word' id='word_1_760' title='bbox 2222 4600 2389 4657; x_wconf 73' lang='lat' dir='ltr'><strong>vitam</strong></span> <span class='ocrx_word' id='word_1_761' title='bbox 2420 4600 2560 4658; x_wconf 89' lang='lat' dir='ltr'><strong>hanc</strong></span> <span class='ocrx_word' id='word_1_762' title='bbox 2591 4612 2647 4657; x_wconf 88' lang='lat' dir='ltr'><strong>et</strong></span> <span class='ocrx_word' id='word_1_763' title='bbox 2671 4613 2891 4675; x_wconf 82' lang='lat' dir='ltr'><strong>peccata</strong></span> <span class='ocrx_word' id='word_1_764' title='bbox 2919 4600 3041 4671; x_wconf 59' lang='lat' dir='ltr'><strong>qua:</strong></span> <span class='ocrx_word' id='word_1_765' title='bbox 3070 4600 3565 4675; x_wconf 67' lang='lat' dir='ltr'><strong>committunturin</strong></span> <span class='ocrx_word' id='word_1_766' title='bbox 3605 4611 3691 4659; x_wconf 87' lang='lat' dir='ltr'><strong>ea,</strong></span> <span class='ocrx_word' id='word_1_767' title='bbox 3723 4610 3814 4664; x_wconf 89' lang='lat' dir='ltr'><strong>pa-</strong></span> 
     </span>
    </p>
   </div>
   <div class='ocr_carea' id='block_1_85' title="bbox 554 4667 3812 4747">
    <p class='ocr_par' dir='ltr' id='par_1_85' title="bbox 554 4667 3812 4747">
     <span class='ocr_line' id='line_1_85' title="bbox 554 4667 3812 4747; baseline -0.002 -23"><span class='ocrx_word' id='word_1_768' title='bbox 554 4672 721 4747; x_wconf 78' lang='lat' dir='ltr'><strong>tiatur</strong></span> <span class='ocrx_word' id='word_1_769' title='bbox 743 4667 956 4747; x_wconf 54' lang='lat' dir='ltr'><strong>pronam</strong></span> <span class='ocrx_word' id='word_1_770' title='bbox 981 4667 1553 4747; x_wconf 63' lang='lat' dir='ltr'><strong>transcorporationis,</strong></span> <span class='ocrx_word' id='word_1_771' title='bbox 1570 4690 1691 4747; x_wconf 70' lang='lat' dir='ltr'><strong>qua:</strong></span> <span class='ocrx_word' id='word_1_772' title='bbox 1723 4667 2158 4747; x_wconf 33' lang='lat' dir='ltr'><strong>sola&#39;secu&#39;udtim</strong></span> <span class='ocrx_word' id='word_1_773' title='bbox 2176 4674 2324 4747; x_wconf 89' lang='lat' dir='ltr'><strong>hanc</strong></span> <span class='ocrx_word' id='word_1_774' title='bbox 2340 4675 2654 4747; x_wconf 78' lang='lat' dir='ltr'><strong>opinionem</strong></span> <span class='ocrx_word' id='word_1_775' title='bbox 2672 4667 2969 4747; x_wconf 69' lang='lat' dir='ltr'><strong>animabus</strong></span> <span class='ocrx_word' id='word_1_776' title='bbox 2990 4670 3385 4747; x_wconf 81' lang='lat' dir='ltr'><strong>peccatrieibus</strong></span> <span class='ocrx_word' id='word_1_777' title='bbox 3408 4667 3635 4722; x_wconf 80' lang='lat' dir='ltr'><strong>infertur</strong></span> <span class='ocrx_word' id='word_1_778' title='bbox 3653 4680 3812 4747; x_wconf 71' lang='lat' dir='ltr'><strong>causa</strong></span> 
     </span>
    </p>
   </div>
   <div class='ocr_carea' id='block_1_86' title="bbox 558 4742 3812 4815">
    <p class='ocr_par' dir='ltr' id='par_1_86' title="bbox 558 4742 3812 4815">
     <span class='ocr_line' id='line_1_86' title="bbox 558 4742 3812 4815; baseline -0.001 -23"><span class='ocrx_word' id='word_1_779' title='bbox 558 4742 835 4815; x_wconf 70' lang='lat' dir='ltr'><strong>vindicth</strong></span> <span class='ocrx_word' id='word_1_780' title='bbox 856 4742 989 4810; x_wconf 62' lang='lat' dir='ltr'><strong>Quae</strong></span> <span class='ocrx_word' id='word_1_781' title='bbox 1016 4745 1061 4800; x_wconf 91' lang='lat' dir='ltr'><strong>si</strong></span> <span class='ocrx_word' id='word_1_782' title='bbox 1104 4742 1499 4815; x_wconf 76' lang='lat' dir='ltr'><strong>consequenter</strong></span> <span class='ocrx_word' id='word_1_783' title='bbox 1542 4744 1830 4808; x_wconf 90' lang='lat' dir='ltr'><strong>inferatur,</strong></span> <span class='ocrx_word' id='word_1_784' title='bbox 1861 4759 1968 4797; x_wconf 91' lang='lat' dir='ltr'><strong>non</strong></span> <span class='ocrx_word' id='word_1_785' title='bbox 1994 4745 2100 4815; x_wconf 89' lang='lat' dir='ltr'><strong>erit</strong></span> <span class='ocrx_word' id='word_1_786' title='bbox 2138 4746 2248 4798; x_wconf 89' lang='lat' dir='ltr'><strong>cito</strong></span> <span class='ocrx_word' id='word_1_787' title='bbox 2287 4753 2345 4797; x_wconf 87' lang='grc' dir='ltr'><strong>ιιι</strong></span> <span class='ocrx_word' id='word_1_788' title='bbox 2373 4744 2555 4815; x_wconf 88' lang='lat' dir='ltr'><strong>anima</strong></span> <span class='ocrx_word' id='word_1_789' title='bbox 2593 4743 2807 4815; x_wconf 75' lang='lat' dir='ltr'><strong>desinat</strong></span> <span class='ocrx_word' id='word_1_790' title='bbox 2848 4744 3044 4815; x_wconf 82' lang='lat' dir='ltr'><strong>iterum</strong></span> <span class='ocrx_word' id='word_1_791' title='bbox 3074 4752 3254 4815; x_wconf 75' lang='lat' dir='ltr'><strong>atque</strong></span> <span class='ocrx_word' id='word_1_792' title='bbox 3297 4744 3493 4793; x_wconf 84' lang='lat' dir='ltr'><strong>iterum</strong></span> <span class='ocrx_word' id='word_1_793' title='bbox 3527 4742 3812 4815; x_wconf 63' lang='lat' dir='ltr'><strong>suscipere</strong></span> 
     </span>
    </p>
   </div>
   <div class='ocr_carea' id='block_1_87' title="bbox 558 4806 3807 4888">
    <p class='ocr_par' dir='ltr' id='par_1_87' title="bbox 558 4806 3807 4888">
     <span class='ocr_line' id='line_1_87' title="bbox 558 4806 3807 4888; baseline -0.005 -14"><span class='ocrx_word' id='word_1_794' title='bbox 558 4827 778 4888; x_wconf 59' lang='grc' dir='ltr'>ριξνρυε.</span> <span class='ocrx_word' id='word_1_795' title='bbox 809 4806 1033 4888; x_wconf 63' lang='grc' dir='ltr'>δυῖηρθιῖ</span> <span class='ocrx_word' id='word_1_796' title='bbox 1062 4814 1206 4888; x_wconf 84' lang='lat' dir='ltr'><strong>enim</strong></span> <span class='ocrx_word' id='word_1_797' title='bbox 1235 4806 1456 4884; x_wconf 66' lang='lat' dir='ltr'><strong>propter</strong></span> <span class='ocrx_word' id='word_1_798' title='bbox 1477 4814 1669 4869; x_wconf 89' lang='lat' dir='ltr'><strong>delicta</strong></span> <span class='ocrx_word' id='word_1_799' title='bbox 1696 4806 2398 4888; x_wconf 70' lang='lat' dir='ltr'><strong>praecedentiarevertetur,</strong></span> <span class='ocrx_word' id='word_1_800' title='bbox 2426 4825 2481 4888; x_wconf 78' lang='lat' dir='ltr'><strong>et</strong></span> <span class='ocrx_word' id='word_1_801' title='bbox 2503 4814 2583 4868; x_wconf 90' lang='lat' dir='ltr'><strong>sic</strong></span> <span class='ocrx_word' id='word_1_802' title='bbox 2602 4813 2782 4888; x_wconf 84' lang='lat' dir='ltr'><strong>locum</strong></span> <span class='ocrx_word' id='word_1_803' title='bbox 2804 4828 2910 4867; x_wconf 91' lang='lat' dir='ltr'><strong>non</strong></span> <span class='ocrx_word' id='word_1_804' title='bbox 2932 4812 3150 4866; x_wconf 88' lang='lat' dir='ltr'><strong>habebit</strong></span> <span class='ocrx_word' id='word_1_805' title='bbox 3165 4806 3577 4888; x_wconf 63' lang='lat' dir='ltr'><strong>consummatio</strong></span> <span class='ocrx_word' id='word_1_806' title='bbox 3605 4806 3807 4860; x_wconf 74' lang='lat' dir='ltr'><strong>rutundi.</strong></span> 
     </span>
    </p>
   </div>
   <div class='ocr_carea' id='block_1_88' title="bbox 562 4880 3814 4954">
    <p class='ocr_par' dir='ltr' id='par_1_88' title="bbox 562 4880 3814 4954">
     <span class='ocr_line' id='line_1_88' title="bbox 562 4880 3814 4954; baseline -0.001 -22"><span class='ocrx_word' id='word_1_807' title='bbox 562 4880 619 4932; x_wconf 84' lang='lat' dir='ltr'><strong>Si</strong></span> <span class='ocrx_word' id='word_1_808' title='bbox 653 4885 797 4935; x_wconf 78' lang='lat' dir='ltr'><strong>eiiitn</strong></span> <span class='ocrx_word' id='word_1_809' title='bbox 832 4880 1131 4939; x_wconf 81' lang='lat' dir='ltr'><strong>secundum</strong></span> <span class='ocrx_word' id='word_1_810' title='bbox 1168 4880 1271 4939; x_wconf 72' lang='lat' dir='ltr'><strong>hoc</strong></span> <span class='ocrx_word' id='word_1_811' title='bbox 1294 4880 1711 4954; x_wconf 58' lang='lat' dir='ltr'><strong>argumentum,</strong></span> <span class='ocrx_word' id='word_1_812' title='bbox 1739 4883 1787 4937; x_wconf 91' lang='lat' dir='ltr'><strong>ei</strong></span> <span class='ocrx_word' id='word_1_813' title='bbox 1817 4884 2014 4939; x_wconf 72' lang='lat' dir='ltr'><strong>anima:</strong></span> <span class='ocrx_word' id='word_1_814' title='bbox 2039 4885 2202 4939; x_wconf 87' lang='lat' dir='ltr'><strong>datur</strong></span> <span class='ocrx_word' id='word_1_815' title='bbox 2231 4900 2337 4938; x_wconf 89' lang='lat' dir='ltr'><strong>non</strong></span> <span class='ocrx_word' id='word_1_816' title='bbox 2368 4884 2544 4937; x_wconf 83' lang='lat' dir='ltr'><strong>redire</strong></span> <span class='ocrx_word' id='word_1_817' title='bbox 2569 4883 2634 4954; x_wconf 89' lang='lat' dir='ltr'><strong>ad</strong></span> <span class='ocrx_word' id='word_1_818' title='bbox 2658 4897 2872 4954; x_wconf 81' lang='lat' dir='ltr'><strong>corpus</strong></span> <span class='ocrx_word' id='word_1_819' title='bbox 2895 4898 3017 4954; x_wconf 68' lang='lat' dir='ltr'><strong>quae</strong></span> <span class='ocrx_word' id='word_1_820' title='bbox 3045 4896 3153 4935; x_wconf 89' lang='lat' dir='ltr'><strong>non</strong></span> <span class='ocrx_word' id='word_1_821' title='bbox 3186 4880 3349 4934; x_wconf 84' lang='lat' dir='ltr'><strong>habet</strong></span> <span class='ocrx_word' id='word_1_822' title='bbox 3373 4880 3596 4932; x_wconf 89' lang='lat' dir='ltr'><strong>omnino</strong></span> <span class='ocrx_word' id='word_1_823' title='bbox 3625 4889 3814 4954; x_wconf 51' lang='lat' dir='ltr'><strong>peccaf</strong></span> 
     </span>
    </p>
   </div>
   <div class='ocr_carea' id='block_1_89' title="bbox 564 4946 3815 5023">
    <p class='ocr_par' dir='ltr' id='par_1_89' title="bbox 564 4946 3815 5023">
     <span class='ocr_line' id='line_1_89' title="bbox 564 4946 3815 5023; baseline -0.001 -22"><span class='ocrx_word' id='word_1_824' title='bbox 564 4959 699 5013; x_wconf 89' lang='lat' dir='ltr'><strong>tum,</strong></span> <span class='ocrx_word' id='word_1_825' title='bbox 736 4968 830 5021; x_wconf 89' lang='lat' dir='ltr'><strong>per</strong></span> <span class='ocrx_word' id='word_1_826' title='bbox 850 4965 982 5022; x_wconf 89' lang='lat' dir='ltr'><strong>quot</strong></span> <span class='ocrx_word' id='word_1_827' title='bbox 1016 4969 1192 5009; x_wconf 84' lang='lat' dir='ltr'><strong>annos</strong></span> <span class='ocrx_word' id='word_1_828' title='bbox 1222 4946 1506 5011; x_wconf 75' lang='lat' dir='ltr'><strong>existimas</strong></span> <span class='ocrx_word' id='word_1_829' title='bbox 1540 4946 1703 5009; x_wconf 89' lang='lat' dir='ltr'><strong>unam</strong></span> <span class='ocrx_word' id='word_1_830' title='bbox 1738 4955 1977 5009; x_wconf 86' lang='lat' dir='ltr'><strong>animam</strong></span> <span class='ocrx_word' id='word_1_831' title='bbox 2014 4955 2269 5022; x_wconf 83' lang='lat' dir='ltr'><strong>inveniri,</strong></span> <span class='ocrx_word' id='word_1_832' title='bbox 2305 4969 2427 5023; x_wconf 76' lang='lat' dir='ltr'><strong>qua:</strong></span> <span class='ocrx_word' id='word_1_833' title='bbox 2460 4953 2684 5008; x_wconf 88' lang='lat' dir='ltr'><strong>omnino</strong></span> <span class='ocrx_word' id='word_1_834' title='bbox 2710 4946 2927 5006; x_wconf 57' lang='lat' dir='ltr'><strong>urunda&#39;</strong></span> <span class='ocrx_word' id='word_1_835' title='bbox 2944 4952 3017 5006; x_wconf 88' lang='lat' dir='ltr'><strong>sit</strong></span> <span class='ocrx_word' id='word_1_836' title='bbox 3045 4967 3075 5004; x_wconf 90' lang='lat' dir='ltr'><strong>a</strong></span> <span class='ocrx_word' id='word_1_837' title='bbox 3102 4960 3347 5021; x_wconf 85' lang='lat' dir='ltr'><strong>peccato,</strong></span> <span class='ocrx_word' id='word_1_838' title='bbox 3375 4958 3428 5003; x_wconf 87' lang='lat' dir='ltr'><strong>et</strong></span> <span class='ocrx_word' id='word_1_839' title='bbox 3477 4962 3586 5001; x_wconf 91' lang='lat' dir='ltr'><strong>non</strong></span> <span class='ocrx_word' id='word_1_840' title='bbox 3625 4946 3815 5001; x_wconf 86' lang='lat' dir='ltr'><strong>haheat</strong></span> 
     </span>
    </p>
   </div>
   <div class='ocr_carea' id='block_1_90' title="bbox 630 5082 3807 5163">
    <p class='ocr_par' dir='ltr' id='par_1_90' title="bbox 630 5082 3807 5163">
     <span class='ocr_line' id='line_1_90' title="bbox 630 5082 3807 5163; baseline -0.001 -24"><span class='ocrx_word' id='word_1_841' title='bbox 630 5085 675 5118; x_wconf 75' lang='grc'><strong>³⁸</strong></span> <span class='ocrx_word' id='word_1_842' title='bbox 700 5084 890 5139; x_wconf 86' lang='lat' dir='ltr'><strong>Matth.</strong></span> <span class='ocrx_word' id='word_1_843' title='bbox 910 5103 1044 5156; x_wconf 75' lang='lat' dir='ltr'><strong>xvn,</strong></span> <span class='ocrx_word' id='word_1_844' title='bbox 1068 5090 1151 5144; x_wconf 78' lang='lat' dir='ltr'><strong>l2.</strong></span> <span class='ocrx_word' id='word_1_845' title='bbox 1226 5092 1270 5125; x_wconf 86' lang='grc'><strong>⁹⁹</strong></span> <span class='ocrx_word' id='word_1_846' title='bbox 1294 5090 1337 5146; x_wconf 93' lang='lat' dir='ltr'><strong>ll</strong></span> <span class='ocrx_word' id='word_1_847' title='bbox 1361 5089 1487 5147; x_wconf 91' lang='lat' dir='ltr'><strong>Cor.</strong></span> <span class='ocrx_word' id='word_1_848' title='bbox 1514 5106 1588 5158; x_wconf 82' lang='lat' dir='ltr'><strong>tv,</strong></span> <span class='ocrx_word' id='word_1_849' title='bbox 1623 5089 1708 5145; x_wconf 85' lang='grc'><strong>18.</strong></span> <span class='ocrx_word' id='word_1_850' title='bbox 1786 5089 1805 5122; x_wconf 76' lang='grc'>⁸</span> <span class='ocrx_word' id='word_1_851' title='bbox 1831 5090 2021 5146; x_wconf 87' lang='lat' dir='ltr'><strong>Matth.</strong></span> <span class='ocrx_word' id='word_1_852' title='bbox 2045 5092 2277 5159; x_wconf 77' lang='lat' dir='ltr'><strong>xm,59-</strong></span> <span class='ocrx_word' id='word_1_853' title='bbox 2349 5092 2370 5123; x_wconf 77' lang='lat'>&#39;</span> <span class='ocrx_word' id='word_1_854' title='bbox 2399 5092 2528 5147; x_wconf 89' lang='lat' dir='ltr'><strong>ibid.</strong></span> <span class='ocrx_word' id='word_1_855' title='bbox 2552 5107 2703 5156; x_wconf 65' lang='lat' dir='ltr'><strong>xxn‘,</strong></span> <span class='ocrx_word' id='word_1_856' title='bbox 2730 5091 2818 5163; x_wconf 76' lang='lat'><strong>55.</strong></span> <span class='ocrx_word' id='word_1_857' title='bbox 2894 5089 3094 5146; x_wconf 75' lang='lat' dir='ltr'><strong>&#39;l(‘.or.</strong></span> <span class='ocrx_word' id='word_1_858' title='bbox 3119 5105 3216 5157; x_wconf 88' lang='lat' dir='ltr'><strong>vtt,</strong></span> <span class='ocrx_word' id='word_1_859' title='bbox 3251 5088 3340 5143; x_wconf 79' lang='lat'><strong>5|.</strong></span> <span class='ocrx_word' id='word_1_860' title='bbox 3415 5084 3600 5141; x_wconf 67' lang='lat' dir='ltr'><strong>‘Psal.</strong></span> <span class='ocrx_word' id='word_1_861' title='bbox 3630 5099 3704 5150; x_wconf 86' lang='lat' dir='ltr'><strong>Cl,</strong></span> <span class='ocrx_word' id='word_1_862' title='bbox 3724 5082 3807 5137; x_wconf 76' lang='lat'><strong>27.</strong></span> 
     </span>
    </p>
   </div>
   <div class='ocr_carea' id='block_1_91' title="bbox 2226 2933 3809 3013">
    <p class='ocr_par' dir='ltr' id='par_1_91' title="bbox 2226 2933 3809 3013">
     <span class='ocr_line' id='line_1_91' title="bbox 2226 2933 3809 3013; baseline -0.001 -26"><span class='ocrx_word' id='word_1_863' title='bbox 2226 2934 2377 2988; x_wconf 78' lang='grc' dir='ltr'>ἔσται</span> <span class='ocrx_word' id='word_1_864' title='bbox 2409 2934 2550 3005; x_wconf 88' lang='grc' dir='ltr'>τάχα</span> <span class='ocrx_word' id='word_1_865' title='bbox 2596 2936 2685 2989; x_wconf 84' lang='grc' dir='ltr'><strong>ὅτε</strong></span> <span class='ocrx_word' id='word_1_866' title='bbox 2723 2933 2868 3005; x_wconf 78' lang='grc' dir='ltr'>ψυχὴ</span> <span class='ocrx_word' id='word_1_867' title='bbox 2902 2936 2961 3013; x_wconf 82' lang='grc' dir='ltr'>οὺ</span> <span class='ocrx_word' id='word_1_868' title='bbox 3009 2934 3664 3007; x_wconf 82' lang='grc' dir='ltr'>μετενσωματωθήσεται·</span> <span class='ocrx_word' id='word_1_869' title='bbox 3718 2934 3809 2985; x_wconf 79' lang='grc' dir='ltr'><strong>ἀεὶ</strong></span> 
     </span>
    </p>
   </div>
   <div class='ocr_carea' id='block_1_92' title="bbox 2226 3023 3809 3099">
    <p class='ocr_par' dir='ltr' id='par_1_92' title="bbox 2226 3023 3809 3099">
     <span class='ocr_line' id='line_1_92' title="bbox 2226 3023 3809 3099; baseline -0.003 -18"><span class='ocrx_word' id='word_1_870' title='bbox 2226 3028 2336 3098; x_wconf 81' lang='grc' dir='ltr'><strong>γὰρ</strong></span> <span class='ocrx_word' id='word_1_871' title='bbox 2366 3027 2454 3080; x_wconf 87' lang='grc' dir='ltr'><strong>διά</strong></span> <span class='ocrx_word' id='word_1_872' title='bbox 2485 3028 2554 3080; x_wconf 78' lang='grc' dir='ltr'>τὰ</span> <span class='ocrx_word' id='word_1_873' title='bbox 2585 3027 2824 3098; x_wconf 87' lang='grc' dir='ltr'>πρότερα</span> <span class='ocrx_word' id='word_1_874' title='bbox 2857 3027 3226 3099; x_wconf 78' lang='grc' dir='ltr'>ἁμαρτήματα</span> <span class='ocrx_word' id='word_1_875' title='bbox 3245 3025 3565 3095; x_wconf 81' lang='grc' dir='ltr'>ὲπιδημήσει</span> <span class='ocrx_word' id='word_1_876' title='bbox 3589 3023 3666 3095; x_wconf 84' lang='grc' dir='ltr'><strong>τῷ</strong></span> <span class='ocrx_word' id='word_1_877' title='bbox 3700 3023 3809 3076; x_wconf 82' lang='grc' dir='ltr'><strong>σώ-</strong></span> 
     </span>
    </p>
   </div>
   <div class='ocr_carea' id='block_1_93' title="bbox 2236 3114 3811 3192">
    <p class='ocr_par' dir='ltr' id='par_1_93' title="bbox 2236 3114 3811 3192">
     <span class='ocr_line' id='line_1_93' title="bbox 2236 3114 3811 3192; baseline -0.004 -19"><span class='ocrx_word' id='word_1_878' title='bbox 2236 3137 2366 3192; x_wconf 88' lang='grc' dir='ltr'>ματι</span> <span class='ocrx_word' id='word_1_879' title='bbox 2395 3159 2410 3184; x_wconf 93' lang='grc'><strong>,</strong></span> <span class='ocrx_word' id='word_1_880' title='bbox 2464 3119 2558 3172; x_wconf 77' lang='grc' dir='ltr'><strong>καὶ</strong></span> <span class='ocrx_word' id='word_1_881' title='bbox 2612 3117 2786 3182; x_wconf 78' lang='grc' dir='ltr'>οὕτως</span> <span class='ocrx_word' id='word_1_882' title='bbox 2843 3119 2941 3190; x_wconf 84' lang='grc' dir='ltr'><strong>οὐχ</strong></span> <span class='ocrx_word' id='word_1_883' title='bbox 2986 3118 3098 3185; x_wconf 68' lang='grc' dir='ltr'>ἕξει</span> <span class='ocrx_word' id='word_1_884' title='bbox 3147 3119 3325 3188; x_wconf 83' lang='grc' dir='ltr'>χώραν</span> <span class='ocrx_word' id='word_1_885' title='bbox 3364 3118 3400 3187; x_wconf 81' lang='grc' dir='ltr'><strong>ἡ</strong></span> <span class='ocrx_word' id='word_1_886' title='bbox 3451 3114 3547 3168; x_wconf 80' lang='grc' dir='ltr'>τοῦ</span> <span class='ocrx_word' id='word_1_887' title='bbox 3597 3116 3811 3186; x_wconf 85' lang='grc' dir='ltr'>κόσμου</span> 
     </span>
    </p>
   </div>
   <div class='ocr_carea' id='block_1_94' title="bbox 2239 5210 2779 5268">
    <p class='ocr_par' dir='ltr' id='par_1_94' title="bbox 2239 5210 2779 5268">
     <span class='ocr_line' id='line_1_94' title="bbox 2239 5210 2779 5268; baseline -0.006 0"><span class='ocrx_word' id='word_1_888' title='bbox 2239 5220 2398 5268; x_wconf 91' lang='lat' dir='ltr'><strong>cutus</strong></span> <span class='ocrx_word' id='word_1_889' title='bbox 2421 5221 2503 5266; x_wconf 87' lang='lat' dir='ltr'><strong>est</strong></span> <span class='ocrx_word' id='word_1_890' title='bbox 2531 5210 2779 5265; x_wconf 85' lang='lat' dir='ltr'><strong>lluetius.</strong></span> 
     </span>
    </p>
   </div>
   <div class='ocr_carea' id='block_1_95' title="bbox 2311 5272 3808 5353">
    <p class='ocr_par' dir='ltr' id='par_1_95' title="bbox 2311 5272 3808 5353">
     <span class='ocr_line' id='line_1_95' title="bbox 2311 5272 3808 5353; baseline -0.008 -18"><span class='ocrx_word' id='word_1_891' title='bbox 2311 5283 2423 5350; x_wconf 81' lang='lat'><strong>(50)</strong></span> <span class='ocrx_word' id='word_1_892' title='bbox 2453 5281 2631 5349; x_wconf 80' lang='grc' dir='ltr'>Φορὰ.</span> <span class='ocrx_word' id='word_1_893' title='bbox 2658 5279 2748 5335; x_wconf 87' lang='lat' dir='ltr'><strong>Sic</strong></span> <span class='ocrx_word' id='word_1_894' title='bbox 2775 5279 2975 5353; x_wconf 67' lang='lat' dir='ltr'><strong>habent</strong></span> <span class='ocrx_word' id='word_1_895' title='bbox 2995 5294 3186 5353; x_wconf 81' lang='lat' dir='ltr'><strong>omnes</strong></span> <span class='ocrx_word' id='word_1_896' title='bbox 3215 5294 3369 5353; x_wconf 74' lang='lat' dir='ltr'><strong>mss_.,</strong></span> <span class='ocrx_word' id='word_1_897' title='bbox 3401 5272 3808 5353; x_wconf 70' lang='lat' dir='ltr'><strong>sed_legc_ndnm</strong></span> 
     </span>
    </p>
   </div>
   <div class='ocr_carea' id='block_1_96' title="bbox 2239 5343 3809 5419">
    <p class='ocr_par' dir='ltr' id='par_1_96' title="bbox 2239 5343 3809 5419">
     <span class='ocr_line' id='line_1_96' title="bbox 2239 5343 3809 5419; baseline -0.005 -14"><span class='ocrx_word' id='word_1_898' title='bbox 2239 5343 2471 5407; x_wconf 75' lang='lat' dir='ltr'><strong>fortasse</strong></span> <span class='ocrx_word' id='word_1_899' title='bbox 2507 5343 2564 5406; x_wconf 49' lang='lat' dir='ltr'><strong>u&#39;t</strong></span> <span class='ocrx_word' id='word_1_900' title='bbox 2603 5361 2785 5405; x_wconf 87' lang='lat' dir='ltr'><strong>monet</strong></span> <span class='ocrx_word' id='word_1_901' title='bbox 2811 5348 3059 5413; x_wconf 86' lang='lat' dir='ltr'><strong>ﬂuetius,</strong></span> <span class='ocrx_word' id='word_1_902' title='bbox 3093 5348 3286 5419; x_wconf 85' lang='grc' dir='ltr'>φθορά.</span> <span class='ocrx_word' id='word_1_903' title='bbox 3315 5346 3407 5401; x_wconf 87' lang='lat' dir='ltr'><strong>Sic</strong></span> <span class='ocrx_word' id='word_1_904' title='bbox 3433 5343 3598 5419; x_wconf 72' lang='lat' dir='ltr'><strong>infra,</strong></span> <span class='ocrx_word' id='word_1_905' title='bbox 3632 5345 3699 5419; x_wconf 73' lang='lat' dir='ltr'><strong>_év</strong></span> <span class='ocrx_word' id='word_1_906' title='bbox 3738 5343 3809 5414; x_wconf 82' lang='grc' dir='ltr'>τῷ</span> 
     </span>
    </p>
   </div>
   <div class='ocr_carea' id='block_1_97' title="bbox 2237 5414 3811 5497">
    <p class='ocr_par' dir='ltr' id='par_1_97' title="bbox 2237 5414 3811 5497">
     <span class='ocr_line' id='line_1_97' title="bbox 2237 5414 3811 5497; baseline -0.006 -22"><span class='ocrx_word' id='word_1_907' title='bbox 2237 5423 2413 5497; x_wconf 48' lang='grc' dir='ltr'><strong>χρῷ-ίῳ</strong></span> <span class='ocrx_word' id='word_1_908' title='bbox 2429 5422 2525 5497; x_wconf 55' lang='grc' dir='ltr'>τῆς,</span> <span class='ocrx_word' id='word_1_909' title='bbox 2544 5420 2635 5474; x_wconf 82' lang='grc' dir='ltr'>τοῦ</span> <span class='ocrx_word' id='word_1_910' title='bbox 2654 5421 2855 5497; x_wconf 82' lang='grc' dir='ltr'>κόσμου</span> <span class='ocrx_word' id='word_1_911' title='bbox 2874 5414 3322 5497; x_wconf 35' lang='grc' dir='ltr'>φθορᾶ-ςξιὺιιίθιιι</span> <span class='ocrx_word' id='word_1_912' title='bbox 3338 5416 3516 5497; x_wconf 76' lang='lat' dir='ltr'><strong>_codd._</strong></span> <span class='ocrx_word' id='word_1_913' title='bbox 3526 5414 3811 5497; x_wconf 69' lang='lat' dir='ltr'><strong>Vaticanus</strong></span> 
     </span>
    </p>
   </div>
   <div class='ocr_carea' id='block_1_98' title="bbox 2239 5483 3811 5563">
    <p class='ocr_par' dir='ltr' id='par_1_98' title="bbox 2239 5483 3811 5563">
     <span class='ocr_line' id='line_1_98' title="bbox 2239 5483 3811 5563; baseline -0.006 -19"><span class='ocrx_word' id='word_1_914' title='bbox 2239 5483 2292 5546; x_wconf 75' lang='grc' dir='ltr'><strong>ἱέί</strong></span> <span class='ocrx_word' id='word_1_915' title='bbox 2323 5483 2650 5547; x_wconf 79' lang='lat' dir='ltr'><strong>Tarinianus</strong></span> <span class='ocrx_word' id='word_1_916' title='bbox 2689 5483 2907 5557; x_wconf 68' lang='lat' dir='ltr'><strong>habent,</strong></span> <span class='ocrx_word' id='word_1_917' title='bbox 2942 5483 3237 5563; x_wconf 72' lang='grc' dir='ltr'>δὀὖρανὸς</span> <span class='ocrx_word' id='word_1_918' title='bbox 3266 5488 3417 5558; x_wconf 84' lang='grc' dir='ltr'>καὶὴ</span> <span class='ocrx_word' id='word_1_919' title='bbox 3456 5486 3527 5556; x_wconf 83' lang='grc' dir='ltr'>γῆ</span> <span class='ocrx_word' id='word_1_920' title='bbox 3556 5483 3811 5556; x_wconf 79' lang='grc' dir='ltr'>παρελεύο</span> 
     </span>
    </p>
   </div>
   <div class='ocr_carea' id='block_1_99' title="bbox 2243 5578 2411 5616">
    <p class='ocr_par' dir='ltr' id='par_1_99' title="bbox 2243 5578 2411 5616">
     <span class='ocr_line' id='line_1_99' title="bbox 2243 5578 2411 5616; baseline 0.012 -2"><span class='ocrx_word' id='word_1_921' title='bbox 2243 5578 2411 5616; x_wconf 87' lang='grc' dir='ltr'>σεται.</span> 
     </span>
    </p>
   </div>
   <div class='ocr_carea' id='block_1_100' title="bbox 2314 5620 3886 5702">
    <p class='ocr_par' dir='ltr' id='par_1_100' title="bbox 2314 5620 3886 5702">
     <span class='ocr_line' id='line_1_100' title="bbox 2314 5620 3886 5702; baseline -0.006 -15"><span class='ocrx_word' id='word_1_922' title='bbox 2314 5632 2422 5702; x_wconf 81' lang='grc'><strong>(51)</strong></span> <span class='ocrx_word' id='word_1_923' title='bbox 2450 5632 2621 5687; x_wconf 84' lang='lat' dir='ltr'><strong>Codd.</strong></span> <span class='ocrx_word' id='word_1_924' title='bbox 2654 5630 2857 5701; x_wconf 85' lang='lat' dir='ltr'><strong>Regius</strong></span> <span class='ocrx_word' id='word_1_925' title='bbox 2878 5669 2893 5695; x_wconf 94' lang='lat'><strong>,</strong></span> <span class='ocrx_word' id='word_1_926' title='bbox 2936 5627 3264 5702; x_wconf 82' lang='lat' dir='ltr'><strong>Tarinianus</strong></span> <span class='ocrx_word' id='word_1_927' title='bbox 3291 5638 3345 5682; x_wconf 86' lang='lat' dir='ltr'><strong>et</strong></span> <span class='ocrx_word' id='word_1_928' title='bbox 3371 5625 3694 5702; x_wconf 79' lang='lat' dir='ltr'><strong>Vaticanus,</strong></span> <span class='ocrx_word' id='word_1_929' title='bbox 3731 5620 3809 5679; x_wconf 68' lang='grc' dir='ltr'>διὰ</span> <span class='ocrx_word' id='word_1_930' title='bbox 3882 5696 3886 5699; x_wconf 91' lang='lat'><strong><em>_</em></strong></span> 
     </span>
    </p>
   </div>
   <div class='ocr_carea' id='block_1_101' title="bbox 2243 5696 3678 5774">
    <p class='ocr_par' dir='ltr' id='par_1_101' title="bbox 2243 5696 3678 5774">
     <span class='ocr_line' id='line_1_101' title="bbox 2243 5696 3678 5774; baseline -0.003 -19"><span class='ocrx_word' id='word_1_931' title='bbox 2243 5696 2424 5758; x_wconf 77' lang='grc' dir='ltr'>πόσων</span> <span class='ocrx_word' id='word_1_932' title='bbox 2448 5703 2674 5774; x_wconf 84' lang='grc' dir='ltr'>χρόνων,</span> <span class='ocrx_word' id='word_1_933' title='bbox 2706 5696 2826 5771; x_wconf 67' lang='lat' dir='ltr'><strong>qua:</strong></span> <span class='ocrx_word' id='word_1_934' title='bbox 2851 5699 3084 5771; x_wconf 75' lang='lat' dir='ltr'><strong>germina</strong></span> <span class='ocrx_word' id='word_1_935' title='bbox 3108 5698 3319 5752; x_wconf 82' lang='lat' dir='ltr'><strong>videtur</strong></span> <span class='ocrx_word' id='word_1_936' title='bbox 3352 5714 3473 5753; x_wconf 86' lang='lat' dir='ltr'><strong>esse</strong></span> <span class='ocrx_word' id='word_1_937' title='bbox 3498 5696 3678 5751; x_wconf 86' lang='lat' dir='ltr'><strong>lectio.</strong></span> 
     </span>
    </p>
   </div>
   <div class='ocr_carea' id='block_1_102' title="bbox 632 5203 2132 5282">
    <p class='ocr_par' dir='ltr' id='par_1_102' title="bbox 632 5203 2132 5282">
     <span class='ocr_line' id='line_1_102' title="bbox 632 5203 2132 5282; baseline 0.003 -24"><span class='ocrx_word' id='word_1_938' title='bbox 632 5203 742 5282; x_wconf 63' lang='lat'><strong>(4:1)</strong></span> <span class='ocrx_word' id='word_1_939' title='bbox 769 5205 949 5282; x_wconf 66' lang='lat' dir='ltr'><strong>Codex</strong></span> <span class='ocrx_word' id='word_1_940' title='bbox 979 5208 1328 5282; x_wconf 83' lang='lat' dir='ltr'><strong>Tarinianus,</strong></span> <span class='ocrx_word' id='word_1_941' title='bbox 1361 5212 1422 5282; x_wconf 60' lang='lat' dir='ltr'><strong>tv</strong></span> <span class='ocrx_word' id='word_1_942' title='bbox 1450 5210 1641 5282; x_wconf 84' lang='grc' dir='ltr'>τούτῳ.</span> <span class='ocrx_word' id='word_1_943' title='bbox 1678 5208 1804 5265; x_wconf 78' lang='lat' dir='ltr'><strong>Haec</strong></span> <span class='ocrx_word' id='word_1_944' title='bbox 1835 5226 2132 5279; x_wconf 81' lang='lat' dir='ltr'><strong>repraesen—</strong></span> 
     </span>
    </p>
   </div>
   <div class='ocr_carea' id='block_1_103' title="bbox 558 5276 2135 5351">
    <p class='ocr_par' dir='ltr' id='par_1_103' title="bbox 558 5276 2135 5351">
     <span class='ocr_line' id='line_1_103' title="bbox 558 5276 2135 5351; baseline 0.003 -21"><span class='ocrx_word' id='word_1_945' title='bbox 558 5276 998 5351; x_wconf 69' lang='lat' dir='ltr'><strong>t:tt_Pamphilus</strong></span> <span class='ocrx_word' id='word_1_946' title='bbox 1046 5280 1100 5334; x_wconf 91' lang='lat' dir='ltr'><strong>in</strong></span> <span class='ocrx_word' id='word_1_947' title='bbox 1146 5281 1402 5351; x_wconf 79' lang='lat' dir='ltr'><strong>Apologia</strong></span> <span class='ocrx_word' id='word_1_948' title='bbox 1456 5298 1551 5350; x_wconf 82' lang='lat' dir='ltr'><strong>pro</strong></span> <span class='ocrx_word' id='word_1_949' title='bbox 1596 5276 1840 5351; x_wconf 76' lang='lat' dir='ltr'><strong>Origene,</strong></span> <span class='ocrx_word' id='word_1_950' title='bbox 1878 5276 2052 5348; x_wconf 83' lang='lat' dir='ltr'><strong>iisque</strong></span> <span class='ocrx_word' id='word_1_951' title='bbox 2082 5290 2135 5335; x_wconf 90' lang='lat' dir='ltr'><strong>et</strong></span> 
     </span>
    </p>
   </div>
   <div class='ocr_carea' id='block_1_104' title="bbox 554 5345 2134 5419">
    <p class='ocr_par' dir='ltr' id='par_1_104' title="bbox 554 5345 2134 5419">
     <span class='ocr_line' id='line_1_104' title="bbox 554 5345 2134 5419; baseline 0.002 -19"><span class='ocrx_word' id='word_1_952' title='bbox 554 5363 624 5419; x_wconf 80' lang='lat' dir='ltr'><strong>ex</strong></span> <span class='ocrx_word' id='word_1_953' title='bbox 646 5345 879 5419; x_wconf 83' lang='lat' dir='ltr'><strong>Origene</strong></span> <span class='ocrx_word' id='word_1_954' title='bbox 916 5345 1252 5419; x_wconf 78' lang='lat' dir='ltr'><strong>depromptis</strong></span> <span class='ocrx_word' id='word_1_955' title='bbox 1297 5345 1624 5407; x_wconf 61' lang='lat' dir='ltr'><strong>tbstimoniis</strong></span> <span class='ocrx_word' id='word_1_956' title='bbox 1654 5345 1822 5405; x_wconf 79' lang='lat' dir='ltr'><strong>utitur</strong></span> <span class='ocrx_word' id='word_1_957' title='bbox 1849 5352 1917 5404; x_wconf 91' lang='lat' dir='ltr'><strong>ad</strong></span> <span class='ocrx_word' id='word_1_958' title='bbox 1951 5345 2134 5418; x_wconf 86' lang='lat' dir='ltr'><strong>depel-</strong></span> 
     </span>
    </p>
   </div>
   <div class='ocr_carea' id='block_1_105' title="bbox 560 5417 2135 5492">
    <p class='ocr_par' dir='ltr' id='par_1_105' title="bbox 560 5417 2135 5492">
     <span class='ocr_line' id='line_1_105' title="bbox 560 5417 2135 5492; baseline 0.001 -21"><span class='ocrx_word' id='word_1_959' title='bbox 560 5417 771 5472; x_wconf 79' lang='lat' dir='ltr'><strong>lendam</strong></span> <span class='ocrx_word' id='word_1_960' title='bbox 805 5420 880 5492; x_wconf 10' lang='lat' dir='ltr'><strong>ab?</strong></span> <span class='ocrx_word' id='word_1_961' title='bbox 894 5417 1133 5492; x_wconf 81' lang='lat' dir='ltr'><strong>Origene</strong></span> <span class='ocrx_word' id='word_1_962' title='bbox 1147 5417 1483 5492; x_wconf 65' lang='lat' dir='ltr'><strong>calumniam</strong></span> <span class='ocrx_word' id='word_1_963' title='bbox 1514 5438 1619 5491; x_wconf 91' lang='lat' dir='ltr'><strong>qua</strong></span> <span class='ocrx_word' id='word_1_964' title='bbox 1650 5417 2135 5492; x_wconf 73' lang='grc' dir='ltr'>μετενσωμάτωσιν</span> 
     </span>
    </p>
   </div>
   <div class='ocr_carea' id='block_1_106' title="bbox 559 5490 2133 5561">
    <p class='ocr_par' dir='ltr' id='par_1_106' title="bbox 559 5490 2133 5561">
     <span class='ocr_line' id='line_1_106' title="bbox 559 5490 2133 5561; baseline 0.001 -20"><span class='ocrx_word' id='word_1_965' title='bbox 559 5497 808 5561; x_wconf 74' lang='lat' dir='ltr'><strong>astruere</strong></span> <span class='ocrx_word' id='word_1_966' title='bbox 853 5490 1029 5546; x_wconf 84' lang='lat' dir='ltr'><strong>dictus</strong></span> <span class='ocrx_word' id='word_1_967' title='bbox 1064 5500 1180 5561; x_wconf 74' lang='lat' dir='ltr'><strong>est.</strong></span> <span class='ocrx_word' id='word_1_968' title='bbox 1243 5490 1378 5544; x_wconf 84' lang='lat' dir='ltr'><strong>Vide</strong></span> <span class='ocrx_word' id='word_1_969' title='bbox 1430 5490 1870 5561; x_wconf 72' lang='lat' dir='ltr'><strong>Origenianorum</strong></span> <span class='ocrx_word' id='word_1_970' title='bbox 1928 5490 2023 5546; x_wconf 85' lang='lat' dir='ltr'><strong>lib.</strong></span> <span class='ocrx_word' id='word_1_971' title='bbox 2074 5503 2133 5556; x_wconf 86' lang='grc' dir='ltr'><strong>ιι,</strong></span> 
     </span>
    </p>
   </div>
   <div class='ocr_carea' id='block_1_107' title="bbox 560 5559 1549 5627">
    <p class='ocr_par' dir='ltr' id='par_1_107' title="bbox 560 5559 1549 5627">
     <span class='ocr_line' id='line_1_107' title="bbox 560 5559 1549 5627; baseline 0.007 -19"><span class='ocrx_word' id='word_1_972' title='bbox 560 5568 751 5626; x_wconf 72' lang='lat' dir='ltr'><strong>qunest.</strong></span> <span class='ocrx_word' id='word_1_973' title='bbox 781 5559 835 5625; x_wconf 90' lang='lat'><strong>6,</strong></span> <span class='ocrx_word' id='word_1_974' title='bbox 858 5577 1008 5616; x_wconf 84' lang='lat' dir='ltr'><strong>num.</strong></span> <span class='ocrx_word' id='word_1_975' title='bbox 1052 5560 1139 5625; x_wconf 82' lang='grc'><strong>17,</strong></span> <span class='ocrx_word' id='word_1_976' title='bbox 1174 5560 1349 5627; x_wconf 66' lang='lat'><strong>18,19</strong></span> <span class='ocrx_word' id='word_1_977' title='bbox 1376 5571 1427 5616; x_wconf 86' lang='lat' dir='ltr'><strong>et</strong></span> <span class='ocrx_word' id='word_1_978' title='bbox 1459 5559 1549 5615; x_wconf 74' lang='grc' dir='ltr'><strong>2οζ</strong></span> 
     </span>
    </p>
   </div>
   <div class='ocr_carea' id='block_1_108' title="bbox 636 5627 2024 5701">
    <p class='ocr_par' dir='ltr' id='par_1_108' title="bbox 636 5627 2024 5701">
     <span class='ocr_line' id='line_1_108' title="bbox 636 5627 2024 5701; baseline -0.011 -15"><span class='ocrx_word' id='word_1_979' title='bbox 636 5629 746 5701; x_wconf 52' lang='lat' dir='ltr'><strong>(i8)</strong></span> <span class='ocrx_word' id='word_1_980' title='bbox 770 5630 952 5685; x_wconf 81' lang='lat' dir='ltr'><strong>Codex</strong></span> <span class='ocrx_word' id='word_1_981' title='bbox 985 5630 1297 5695; x_wconf 83' lang='lat' dir='ltr'><strong>Vaticanus,</strong></span> <span class='ocrx_word' id='word_1_982' title='bbox 1326 5631 1387 5701; x_wconf 79' lang='grc' dir='ltr'><strong>τὸ</strong></span> <span class='ocrx_word' id='word_1_983' title='bbox 1412 5632 1598 5701; x_wconf 81' lang='grc' dir='ltr'>σχῆμα</span> <span class='ocrx_word' id='word_1_984' title='bbox 1624 5629 1809 5701; x_wconf 78' lang='grc' dir='ltr'>τοῦτο,</span> <span class='ocrx_word' id='word_1_985' title='bbox 1829 5628 1922 5681; x_wconf 74' lang='grc' dir='ltr'>καὶ</span> <span class='ocrx_word' id='word_1_986' title='bbox 1945 5627 2024 5701; x_wconf 48' lang='grc' dir='ltr'>τέ,</span> 
     </span>
    </p>
   </div>
   <div class='ocr_carea' id='block_1_109' title="bbox 637 5698 2132 5769">
    <p class='ocr_par' dir='ltr' id='par_1_109' title="bbox 637 5698 2132 5769">
     <span class='ocr_line' id='line_1_109' title="bbox 637 5698 2132 5769; baseline 0.002 -20"><span class='ocrx_word' id='word_1_987' title='bbox 637 5699 852 5769; x_wconf 25' lang='lat'><strong>(49)}11</strong></span> <span class='ocrx_word' id='word_1_988' title='bbox 876 5701 949 5754; x_wconf 85' lang='grc' dir='ltr'>δι’</span> <span class='ocrx_word' id='word_1_989' title='bbox 976 5702 1286 5769; x_wconf 73' lang='grc' dir='ltr'>ἁμαρτίαν.</span> <span class='ocrx_word' id='word_1_990' title='bbox 1322 5698 1485 5754; x_wconf 82' lang='lat' dir='ltr'><strong>Vetus</strong></span> <span class='ocrx_word' id='word_1_991' title='bbox 1505 5698 1778 5768; x_wconf 73' lang='lat' dir='ltr'><strong>interpres</strong></span> <span class='ocrx_word' id='word_1_992' title='bbox 1801 5700 1948 5769; x_wconf 82' lang='lat' dir='ltr'><strong>legit,</strong></span> <span class='ocrx_word' id='word_1_993' title='bbox 1977 5698 2036 5769; x_wconf 73' lang='grc' dir='ltr'><strong>Εἰ</strong></span> <span class='ocrx_word' id='word_1_994' title='bbox 2066 5700 2132 5752; x_wconf 79' lang='grc' dir='ltr'>δι’</span> 
     </span>
    </p>
   </div>
   <div class='ocr_carea' id='block_1_110' title="bbox 566 5714 2131 5840">
    <p class='ocr_par' dir='ltr' id='par_1_110' title="bbox 566 5714 2131 5840">
     <span class='ocr_line' id='line_1_110' title="bbox 637 5714 2130 5769; baseline 0.002 -20"><span class='ocrx_word' id='word_1_995' title='bbox 637 5714 744 5768; x_wconf 63' lang='grc' dir='ltr'>μιν)</span> <span class='ocrx_word' id='word_1_996' title='bbox 788 5714 846 5753; x_wconf 76' lang='lat'><strong>&#39;11</strong></span> <span class='ocrx_word' id='word_1_997' title='bbox 876 5714 949 5754; x_wconf 79' lang='grc' dir='ltr'>σι’</span> <span class='ocrx_word' id='word_1_998' title='bbox 976 5714 1286 5769; x_wconf 67' lang='grc' dir='ltr'>αμαρτιαν.</span> <span class='ocrx_word' id='word_1_999' title='bbox 1326 5714 1485 5754; x_wconf 84' lang='lat' dir='ltr'><strong>vetns</strong></span> <span class='ocrx_word' id='word_1_1000' title='bbox 1515 5714 1778 5768; x_wconf 79' lang='lat' dir='ltr'><strong>interpres</strong></span> <span class='ocrx_word' id='word_1_1001' title='bbox 1801 5714 1847 5751; x_wconf 90' lang='lat' dir='ltr'><strong>te</strong></span> <span class='ocrx_word' id='word_1_1002' title='bbox 1890 5714 1948 5759; x_wconf 87' lang='grc' dir='ltr'><strong>ιι,</strong></span> <span class='ocrx_word' id='word_1_1003' title='bbox 1977 5714 2036 5750; x_wconf 71' lang='grc' dir='ltr'><strong>Μ</strong></span> <span class='ocrx_word' id='word_1_1004' title='bbox 2066 5714 2130 5752; x_wconf 83' lang='grc' dir='ltr'>σι’</span> 
     </span>
     <span class='ocr_line' id='line_1_111' title="bbox 566 5714 2131 5840; baseline 0.004 -22"><span class='ocrx_word' id='word_1_1005' title='bbox 566 5766 857 5836; x_wconf 79' lang='grc' dir='ltr'>ἁμαρτίαν,</span> <span class='ocrx_word' id='word_1_1006' title='bbox 889 5771 1347 5839; x_wconf 71' lang='grc' dir='ltr'>ιιιιοιιιςιιιιιιοιΙιιιιι</span> <span class='ocrx_word' id='word_1_1007' title='bbox 1375 5783 1425 5825; x_wconf 84' lang='lat' dir='ltr'><strong>et</strong></span> <span class='ocrx_word' id='word_1_1008' title='bbox 1469 5771 1803 5840; x_wconf 83' lang='lat' dir='ltr'><strong>Pamphilus.</strong></span> <span class='ocrx_word' id='word_1_1009' title='bbox 1852 5714 2004 5834; x_wconf 51' lang='lat' dir='ltr'><strong>fluuii</strong></span> <span class='ocrx_word' id='word_1_1010' title='bbox 2044 5786 2131 5824; x_wconf 85' lang='lat' dir='ltr'><strong>sc-</strong></span> 
     </span>
    </p>
   </div>
  </div>
