4028 6296
209 435 353 492 1089

1175 419 1537 491 (ΞΟΜΜΕΝΤ.
1580 426 1647 480 IN
1691 424 2114 482 MATTlleUM
2158 422 2394 479 TOMUS
2436 422 2577 481 Xlll.

3374 429 3510 483 109i)

204 545 301 599 τοῦ
347 545 658 619 ὡρισμένου
708 543 814 597 τῶν
860 542 1048 614 ψυχῶν
1093 542 1329 614 ἀριθμοῦ
1388 542 1802 614 μεθισταμένης.

1921 543 2233 607 excedente,
2262 557 2364 598 nec
2394 542 2630 612 amplius
2658 542 2921 600 redeunte
2960 544 3013 598 in
3061 559 3261 615 corpus
3286 584 3303 613 ,
3357 559 3512 601 ortus

206 637 306 692 καὶ
347 638 548 711 μηκέτι
582 639 662 700 είς
692 635 851 706 σῶμα
886 635 1226 708 ἐρχομένης,
1260 634 1528 706 ἐπιλείψει
1577 635 1706 688 ποτὲ
1734 635 1809 698 ὼς

203 730 296 785 διά
322 748 487 784 τινων
512 728 752 801 ὡσπερεὶ¹
775 727 1019 800 ἀπείρων
1042 728 1250 801 χρόνων
1282 730 1315 799 ἡ
1339 727 1577 796 γένεσις,
1609 745 1808 782 κατανο

200 821 475 891 τήσαντος
514 818 610 873 τοῦ
673 819 884 890 κόσμου
936 819 1030 873 ὲπί
1061 836 1184 874 τινα
1224 819 1324 874 ἕνα
1365 820 1398 891 ἢ
1450 818 1728 890 δεύτερον,
1772 821 1805 891 ἡ

202 910 376 982 ὀλίγῳ
400 912 641 976 πλείους,
678 911 800 983 μεθ’
832 911 929 976 οὓς
980 912 1073 965 καὶ
1109 912 1308 976 αὐτοὺς
1351 912 1740 977 τελειωθέντας
1780 914 1808 966 6

201 1005 413 1075 κόσμος
445 1005 807 1077 φθαρήσεται,
839 1003 1230 1059 ἐπιλειπόντων
1253 1004 1363 1058 τῶν
1392 1006 1473 1068 είς
1515 1003 1677 1074 σῶμα
1711 1005 1806 1076 ἐρ-

199 1096 453 1167 χομένων
477 1114 490 1127 ’
528 1098 666 1169 ὅπερ
696 1098 797 1151 οὐκ
824 1097 1048 1169 ἀρέσκει
1079 1096 1190 1167 (5‘2)
1224 1099 1291 1168 τῇ
1334 1098 1557 1169 Γραφῇ·
1600 1097 1807 1168 πλῆθος

199 1187 311 1260 γὰρ
351 1185 499 1243 οἶδεν
541 1191 883 1263 ἁμαρτωλῶν
929 1194 986 1243 ὲν
1024 1190 1101 1261 τῷ
1127 1190 1303 1262 χρόνῳ
1341 1191 1439 1262 τῆς
1459 1190 1552 1244 τοῦ
1596 1191 1805 1262 κόσμου

196 1279 449 1353 φθορόἱς⁸
509 1281 647 1352 ὅπερ
716 1282 833 1334 ἐστὶ
883 1280 1040 1352 δῆλον
1117 1278 1606 1352 συνεξεταζομένου
1672 1281 1800 1336 τοῦο

203 1389 223 1423 (
245 1371 400 1444 Πλὴν
426 1373 599 1427 ἐλθὼν
624 1375 654 1426 6
671 1374 802 1438 Υἱὸς
822 1373 915 1427 τοῦ
945 1362 1233 1445 ἀνθρώπου
1257 1375 1481 1446 εὑρήσει
1504 1374 1601 1446 τὴν
1626 1375 1804 1429 πίστιν

196 1463 294 1516 ἐπὶ
322 1464 430 1534 τῆς
456 1465 594 1536 γῆς;
635 1485 653 1516 ι
685 1464 761 1527 ὼς
794 1462 1027 1535 εὕρομεν
1049 1462 1202 1535 παρά
1230 1463 1309 1535 τῷ
1341 1464 1605 1536 Ματθαίῳ
1631 1464 1804 1530 οὕτως

197 1557 532 1628 εἰρημένον-
585 1575 604 1608 ι
642 1558 852 1627 Ὥσπερ
884 1556 941 1610 δὲ
973 1559 1028 1611 al
1070 1556 1273 1628 ἡμέραι
1309 1557 1403 1611 τοῦ
1441 1558 1598 1622 Νῶε,
1629 1556 1802 1622 οὕτως

197 1645 360 1701 ἔσται
396 1648 431 1718 ἡ
463 1647 734 1720 παρουσία
760 1646 854 1699 τοῦ
898 1645 1027 1700 Υίοῢ
1060 1646 1347 1719 ἀνθρώπου
1369 1665 1381 1677 ο
1415 1649 1492 1712 ὡς
1520 1647 1630 1720 γάρ
1659 1644 1801 1719 ἦσαν

196 1738 258 1790 ὲν
287 1740 414 1803 ταῖς
454 1739 690 1810 ἡμέραις
740 1737 834 1790 τοῦ
869 1738 1282 1809 κατακλυσμοῦ,
1332 1760 1350 1792 ›
1387 1740 1482 1793 καὶ
1527 1739 1597 1794 τά
1650 1740 1796 1810 ἑξῆς.

198 1826 405 1881 ’Ἑσται
442 1828 500 1881 δὲ
537 1829 649 1890 τοῖς
691 1827 810 1880 τότε
840 1830 874 1898 ἡ
915 1826 1024 1880 τῶν
1053 1828 1467 1900 ἁμαρτημάτων
1514 1829 1800 1901 εἴσπραξις

1915 632 2229 702 aliquando,
2278 641 2401 702 post
2438 633 2766 689 immensum
2816 644 2947 705 puta
2997 648 3234 707 tempus,
3269 637 3510 705 desinet,

1914 724 2136 779 redacto
2155 723 2367 779 scilicet
2389 724 2456 780 ad
2483 726 2774 791 unum,vel
2798 728 3053 793 alterum,
3088 730 3170 784 vel
3198 730 3362 799 paulo
3386 732 3512 799 pln-

1912 831 2001 871 res
2035 817 2260 881 mundo,
2293 817 2625 886 quibusjam
2658 818 3045 889 perfectionem
3079 821 3312 891 adeptis,
3344 838 3513 877 mun-

1910 911 2015 965 dus
2044 909 2307 970 interibit.
2344 909 2723 966 delicientibus
2744 912 2839 981 qui
2867 912 2922 966 in
2953 927 3154 982 corpus
3183 923 3331 981 eant;
3358 916 3510 985 quod

1912 1000 2206 1072 Scripturte
2231 1000 2457 1058 minime
2485 1012 2911 1059 consentaneum
2935 1012 3020 1059 est
3044 1022 3059 1072 ;
3100 1005 3508 1062 multitudinem

1911 1093 2179 1162 siquidem
2217 1104 2567 1164 peccatorum
2594 1093 2832 1149 futuram
2866 1095 3056 1163 novit,
3105 1111 3216 1166 quo
3264 1106 3513 1169 tempore

1909 1184 2155 1239 interibit
2187 1187 2445 1250 mundus,
2487 1186 2634 1255 quod
2665 1203 2729 1241 ex
2779 1187 2865 1241 his
2901 1195 3103 1242 attente
3144 1190 3512 1245 consideratis

1914 1278 2263 1347 perspicuum
2297 1287 2382 1332 est
2415 1296 2427 1331 :
2456 1297 2474 1330 ι
2507 1277 2896 1335 Verumtamen
2928 1278 3098 1335 Filius
3141 1280 3380 1337 hominis
3422 1300 3513 1336 ιυ-

1907 1368 2088 1431 niens,
2119 1375 2282 1435 putas
2314 1368 2554 1422 inveniet
2585 1368 2745 1423 fidem
2782 1370 2836 1423 in
2864 1378 3009 1424 terra
3041 1370 3102 1424 ⁸2
3132 1390 3149 1422 ι
3171 1380 3225 1427 et
3245 1376 3507 1442 quemad-

1904 1459 2129 1514 modum
2181 1459 2324 1528 apud
2380 1459 2691 1514 Matthreum
2749 1461 2821 1514 ita
2893 1476 3213 1532 expressum
3289 1467 3509 1520 inveni-

1905 1564 2028 1605 mus
2056 1551 2119 1603 ἐ
2159 1568 2177 1602 ι
2211 1550 2364 1604 Sicut
2399 1561 2579 1605 autem
2624 1551 2788 1622 569
2820 1552 2874 1605 in
2910 1553 3104 1608 diebus
3131 1553 3266 1622 Noe,
3301 1558 3370 1611 ita
3409 1560 3508 1611 erit

1902 1650 1957 1697 et
1982 1642 2248 1698 adventus
2280 1641 2404 1696 Filii
2435 1642 2675 1699 hominis
2705 1664 2718 1698 :
2752 1646 2895 1699 sicut
2927 1646 3074 1699 enim
3110 1655 3268 1700 erant
3298 1648 3353 1702 in
3384 1649 3497 1704 die-

1902 1735 2005 1790 bus
2021 1734 2234 1803 diluvii,
2259 1753 2278 1787 ι
2307 1744 2360 1791 et
2382 1744 2598 1790 caetera.
2626 1734 2933 1791 Punientur
2958 1746 3140 1792 autem
3165 1753 3355 1793 eorum
3377 1755 3505 1811 pee-

1903 1836 2025 1882 cata
2049 1828 2144 1896 qui
2172 1836 2301 1882 tunc
2332 1836 2513 1893 erunt,
2535 1844 2644 1883 non
2669 1844 2766 1899 per
2800 1830 3180 1896 migrationem
3211 1846 3241 1885 e
3272 1847 3504 1903 corpore

192 1919 300 1973 οὐκ
321 1918 380 1971 ὲν
405 1915 897 1989 μετενσωματώσει
921 1932 934 1945 ·
970 1920 1019 1972 εί
1035 1897 1143 1990 γάρ
1162 1897 1241 1972 ἔτι
1260 1897 1669 1991 ἀμαρτάνοντες
1686 1921 1798 1993 (55)

1905 1919 1957 1973 in
1993 1935 2196 1989 corpus
2229 1938 2242 1973 :
2272 1934 2397 1973 nam
2429 1919 2474 1974 si
2492 1920 2672 1975 adhuc
2687 1934 2976 1990 peccantes
2996 1922 3501 1991 deprehenduntur,

196 2009 749 2082 παραλαμϐάνονται,
783 2009 902 2081 ἦτοι
933 2008 1079 2080 ἄλλῳ
1124 2009 1312 2080 τρόπῳ
1347 2009 1623 2074 κολάσεως
1664 2011 1801 2082 μετὰ

194 2103 359 2156 τοῦτο
385 2102 839 2174 κολασθήσονται,
870 2102 965 2155 καὶ
1018 2101 1159 2156 κατὰ
1201 2102 1361 2156 τοῦτο
1406 2103 1523 2174 ἦτοι
1559 2103 1653 2156 δύο
1687 2104 1798 2175 (54)

195 2195 395 2268 τρόποι
424 2195 704 2250 κολάσεων
738 2194 950 2248 ἔσονται
978 2193 1213 2263 γενικοί’
1249 2195 1277 2246 6
1312 2194 1409 2264 μὲν
1442 2196 1500 2247 ὲν
1535 2211 1803 2264 μετενσω-

200 2286 476 2359 ματὼσει,
496 2288 524 2340 6
548 2287 604 2340 δὲ
633 2287 740 2354 ἔξω
767 2284 861 2340 τοῦ
889 2284 1134 2339 τοιούτου
1162 2284 1434 2355 σώματος,
1456 2285 1550 2338 καὶ
1569 2285 1802 2352 λεγέτω-

199 2395 303 2434 σαν
326 2379 429 2442 τάς
456 2379 663 2433 τούτων
696 2378 879 2441 αἰτίας
910 2378 1002 2430 καὶ
1029 2376 1321 2448 διαφοράς·
1358 2374 1391 2446 ἥ
1435 2375 1495 2429 οὐ
1532 2374 1804 2447 κολασθή-

198 2488 412 2536 σονται,
439 2473 516 2537 ὡς
563 2471 775 2543 ἀθρόως
817 2468 1182 2531 ἀποϐαλόντες
1233 2466 1301 2521 τὰ
1345 2467 1724 2538 ἁμαρτήματα
1753 2471 1801 2523 οἰ

198 2566 295 2618 ἐπὶ
334 2564 617 2634 συντελείᾳ
650 2561 1102 2629 καταλειφθέντες
1150 2558 1283 2629 (55),
1315 2559 1371 2629 ἦ,
1402 2559 1538 2629 ὅπερ
1572 2557 1800 2628 βέλτιον,

196 2654 282 2721 εἷς
308 2659 429 2710 ἐστι
474 2656 677 2728 τρόπος
716 2653 990 2717 κολάσεως
1035 2655 1148 2716 τοῖς
1190 2650 1569 2723 ἡμαρτηκόσιν
1600 2651 1660 2703 ὲν
1695 2649 1803 2704 σὼ-
1854 2716 1857 2719 ν

204 2766 364 2820 ματι,
409 2747 471 2801 16
512 2746 617 2812 ἔξω
655 2744 819 2799 αὑτοῦ
861 2743 973 2818 (56)
1007 2745 1105 2815 τῆς
1133 2743 1522 2807 καταστάσεως
1561 2743 1654 2796 τοῦ
1686 2743 1802 2814 βίου

198 2840 400 2893 τούτου
414 2839 476 2892 τὸ
502 2838 619 2892 κατ’
647 2836 803 2904 ἀξίαν
821 2835 931 2891 τῶν
956 2835 1362 2909 ἡμαρτημένων
1394 2835 1607 2889 παθεῖν.
1630 2838 1804 2891 Ἕκα-

201 2947 330 2983 στον
363 2930 423 2982 δὲ
453 2931 657 2984 τούτων
687 2927 766 2998 τῷ
798 2928 990 3000 ὲνορᾷν
1020 2927 1309 2999 δυναμένῳ
1338 2928 1453 2991 τοῖς
1483 2927 1805 2999 πράγμασιν

198 3018 604 3090 ἀνατρεπτικόν
623 3019 739 3070 ἐστι
759 3018 859 3088 τῆς
882 3016 1446 3089 μετενσωματώσεως.
1473 3017 1537 3069 Et
1567 3017 1624 3070 δὲ
1645 3019 1807 3086 ἀναγ-

199 3109 377 3174 καίως
410 3111 460 3163 οἱ
491 3110 591 3182 τὴν
629 3103 1121 3181 μετενσωμάτωσιν
1162 3109 1476 3178 εἰσάγοντες
1519 3109 1803 3180 Ἕλληνες,

1903 2010 1987 2065 vel
2026 2010 2135 2064 alio
2185 2025 2363 2079 poenae
2397 2025 2594 2082 genere
2639 2020 2826 2080 postea
2880 2011 3216 2082 punientur;
3269 2028 3336 2069 ac
3378 2016 3502 2071 duae

1907 2101 2136 2170 proinde
2159 2102 2439 2171 generales
2468 2101 2727 2170 puniendi
2762 2102 3003 2158 rationes
3031 2114 3230 2160 erunt:
3258 2106 3348 2161 illa
3379 2107 3502 2178 qui-

1908 2192 2032 2246 dem
2066 2207 2162 2260 per
2193 2193 2486 2247 transitum
2521 2208 2551 2248 e
2577 2208 2805 2263 corpore
2840 2194 2892 2248 in
2925 2210 3124 2265 corpus
3150 2235 3168 2260 ,
3227 2197 3319 2253 illa
3369 2215 3500 2255 vero

1904 2292 2056 2337 extra
2089 2284 2257 2339 hocce
2289 2279 2512 2353 corpus;
2549 2298 2615 2339 ac
2637 2284 2852 2339 illarum
2888 2284 3087 2342 causas
3140 2297 3194 2343 et
3241 2288 3498 2344 dill‘eren-

1904 2376 2010 2437 tias
2035 2384 2330 2445 exponant.
2356 2373 2454 2430 Vel
2482 2391 2590 2429 non
2621 2377 2936 2445 punientur,
2967 2379 3125 2449 quasi
3155 2391 3373 2449 peccata
3400 2397 3500 2436 sua

1905 2467 2192 2522 confestim
2225 2467 2525 2538 abjecerint
2550 2469 2645 2538 qui
2676 2469 2728 2523 in
2762 2472 3241 2527 consummatione
3293 2473 3499 2529 fuerint

1905 2559 2227 2629 deprehensi
2256 2577 2269 2614 :
2302 2560 2406 2626 vel,
2441 2561 2588 2631 quod
2614 2562 2809 2617 melius
2845 2571 2948 2628 est,
2996 2579 3104 2617 una
3150 2572 3360 2618 tantum
3408 2582 3500 2620 ra-

1906 2649 2055 2703 tione
2087 2648 2415 2719 plcctuntur,
2448 2652 2541 2720 qui
2567 2652 2618 2706 in
2646 2668 2875 2722 corpore
2898 2664 3279 2723 peccaverunt,
3305 2671 3498 2726 ptenas

1905 2740 2156 2799 videlicet
2181 2753 2334 2796 extra
2370 2742 2525 2803 illud.
2554 2751 2608 2798 et
2636 2755 2789 2799 extra
2813 2745 2936 2799 vita:
2990 2745 3156 2813 hujus
3191 2755 3395 2802 statum
3429 2764 3498 2803 ex

1905 2840 2254 2901 peccatorum
2284 2847 2509 2887 suorum
2542 2835 2737 2891 merito
2788 2836 2999 2892 dantes.
3058 2834 3497 2909 Unumquodque

1907 2928 2087 2987 autem
2117 2920 2356 2984 illorum,
2393 2931 2451 2977 ut
2478 2908 2917 2996 facile‘intelligit
2941 2926 3191 2998 quisquis
3215 2944 3302 2984 res
3327 2908 3500 2985 intro-

1907 3011 2116 3081 spicere
2140 3021 2338 3081 potest,
2369 3014 2692 3069 scntentiam
2721 3016 2787 3071 de
2830 3018 3153 3088 migratione
3188 3021 3494 3076 animarum

1906 3117 1938 3158 e
1969 3118 2198 3173 corpore
2238 3104 2295 3158 in
2344 3119 2544 3175 corpus
2596 3105 2844 3163 funditus
2884 3109 3193 3166 labefactat.
3247 3111 3403 3178 Quod
3448 3118 3495 3169 si

199 3200 280 3264 ὡς
312 3200 585 3257 ἀκόλουθα
627 3202 811 3265 αὐτοῖς
851 3200 1124 3268 τιθέντες,
1168 3200 1291 3254 οὐδὲ
1324 3200 1642 3272 φθείρεσθαι
1673 3201 1799 3273 βού-

1906 3194 1999 3265 qui
2028 3194 2317 3250 transitum
2345 3197 2653 3251 animarum
2692 3198 2746 3251 in
2783 3200 2930 3253 varia
2959 3216 3184 3272 corpora
3229 3204 3496 3261 invehunt

202 3298 384 3349 λονται
413 3293 507 3348 τὸν
547 3294 748 3365 κόσμον
770 3333 784 3359 ,
825 3292 945 3365 ὥρα
977 3293 1073 3347 καὶ
1105 3291 1330 3357 τούτους
1366 3292 1799 3363 άντιϐλέψαντας

196 3388 319 3449 ταῖς
345 3384 734 3453 ὲκφαινούσαις
766 3385 1011 3456 Γραφαϊς
1044 3382 1421 3456 φθαρήσεσθαι
1447 3384 1539 3437 τὸν
1567 3386 1794 3456 κόσμον,

198 3477 231 3548 ἢ
267 3478 572 3548 ἀπιστῆσαι
599 3478 807 3543 αὑταῖς,
851 3478 885 3548 ἢ
922 3478 1285 3550 εὑρεσιλογείν
1325 3481 1453 3551 περὶ
1491 3478 1798 3549 διηγήσεως

194 3571 304 3624 τῶν
330 3570 481 3624 κατὰ
514 3570 609 3642 τὴν
638 3570 966 3634 συντέλειαν,
987 3572 1144 3643 ὅπερ,
1176 3571 1280 3625 κᾶν
1307 3571 1623 3643 βούλωνται,
1641 3569 1798 3640 πο,ιῆ-

198 3680 288 3718 σαι
327 3664 387 3717 οὐ
426 3664 770 3735 δυνήσονται.
808 3665 926 3716 Ἔτι
958 3663 1015 3717 δὲ
1047 3664 1142 3717 καὶ
1174 3663 1333 3717 τοῦτο
1378 3664 1492 3727 τοῖς
1526 3662 1802 3733 τολμήσα-

197 3772 282 3809 σιν
309 3755 377 3809 ἂν
412 3754 602 3824 λέγειν
638 3753 712 3825 μὴ
747 3752 1124 3824 φθαρήσεσθαι
1154 3754 1246 3807 τὸν
1293 3753 1497 3824 κόσμον
1532 3753 1797 3823 φήσομεν,

195 3844 298 3911 ὅτι,
331 3849 380 3900 εί
413 3847 494 3918 μὴ
512 3845 794 3917 φθείρεται
822 3845 850 3896 6
870 3844 1093 3915 κόσμος,
1126 3841 1239 3896 ἀλλ’
1261 3844 1348 3895 ἐπ’
1367 3842 1598 3913 ἄπειρον
1620 3839 1796 3905 ἕσται,

196 3939 294 3993 οὐκ
323 3940 490 3993 ἔσται
515 3941 542 3993 6
575 3938 707 4001 Θεὸς
732 3935 887 4000 εἰδὼς
918 3936 986 3989 τὰ
1012 3935 1191 3989 πάντα
1237 3935 1364 4005 πρὶν
1398 3932 1665 4002 γενέσεως
1698 3932 1797 3984 αὑ-

195 4031 325 4087 τῶν.
368 4031 519 4086 Ἀλλ’
557 4033 605 4085 εἰ
637 4031 744 4101 ἄρα
777 4028 881 4083 ἀνὰ
910 4027 1110 4100 μέρος,
1147 4027 1264 4098 ἦτοι
1311 4025 1542 4081 ἕκαστον
1586 4026 1795 4079 εἴσεται

197 4125 325 4197 πρὶν
345 4123 624 4194 γενέσεως
656 4120 844 4185 αὐτοῦ,
870 4121 904 4192 ἡ
932 4136 1072 4184 τινα,
1116 4118 1211 4172 καὶ
1261 4116 1399 4188 μετά
1424 4115 1596 4170 ταῦτα
1630 4115 1793 4169 πάλιν

1901 3286 2124 3353 ethnici,
2147 3294 2332 3358 utpote
2350 3297 2713 3344 consentanea
2728 3290 2989 3348 doctrinae
3009 3293 3137 3350 huic
3163 3305 3493 3363 astruentcs,

1900 3378 2092 3433 mundi
2128 3379 2403 3434 interitum
2433 3384 2743 3437 necessario
2766 3397 2873 3437 non
2898 3385 3216 3451 admittunt,
3244 3400 3497 3459 superest

1900 3481 1982 3536 ut,
2000 3479 2287 3541 postquam
2309 3470 2606 3540 Scripturis
2628 3474 2815 3529 mundi
2843 3489 3098 3532 occasum
3126 3479 3495 3535 asserentibus

1900 3562 2082 3631 palam
2111 3561 2368 3633 refragati
2404 3563 2625 3631 fuerint,
2651 3567 2734 3620 vel
2782 3566 2941 3622 fidem
2973 3568 3041 3625 iis
3084 3584 3193 3622 non
3225 3570 3486 3635 habeant,

1898 3654 1985 3710 vel
2026 3656 2189 3710 verba
2219 3655 2497 3725 reperiant
2522 3657 2724 3726 quibus
2772 3673 2836 3713 ea
2870 3675 2994 3728 quae
3024 3661 3093 3715 ad
3138 3676 3488 3718 consumma-

1899 3747 2101 3803 tionem
2158 3748 2433 3818 pertinent
2481 3750 2756 3819 explicare
2806 3752 3063 3821 possint,
3108 3754 3254 3823 quod
3309 3754 3495 3810 facere

1900 3839 2217 3909 neutiquam
2248 3847 2525 3909 poterunt,
2557 3840 2770 3895 etiamsi
2820 3842 3009 3897 velint.
3045 3842 3310 3900 Praeterea
3355 3861 3495 3903 vero

1902 3939 1956 3986 et
1981 3931 2113 3986 illud
2144 3930 2212 3987 iis
2242 3931 2336 4001 qui
2366 3931 2629 3986 mundum
2659 3932 2884 3988 minime
2916 3935 3215 4004 periturum
3244 3936 3494 3994 seiseunt

1899 4022 2171 4089 dicemus,
2201 4020 2372 4077 Deum
2404 4036 2511 4076 non
2544 4021 2727 4076 omnia
2758 4032 3050 4092 antequam
3083 4025 3216 4079 liant
3240 4027 3492 4097 cognitu-

1900 4129 2046 4179 rum,
2076 4114 2122 4170 si
2157 4113 2396 4169 mundus
2418 4129 2527 4168 non
2562 4113 2826 4182 interibit,
2860 4116 2952 4171 sed
2977 4116 3032 4171 in
3065 4116 3334 4172 infinitum
3367 4134 3491 4190 per-

1416 4247 1642 4306 VETUS
1674 4246 2264 4307 INTERPRETATIO.

199 4389 335 4445 opus
365 4372 906 4445 transfigurationem
940 4367 1243 4438 suscipere?
1266 4366 1499 4445 Tantum
1527 4365 1697 4445 et_sine
1720 4380 1830 4445 una
1854 4366 2089 4445 quadarn
2124 4367 2553 4445 animasemper
2575 4384 2641 4424 ex
2667 4369 2889 4445 definito
2921 4385 3150 4445 numero
3180 4370 3488 4445 animarum

200 4436 496 4510 translata,
537 4436 598 4499 et
614 4444 727 4512 jam
760 4457 870 4496 non
897 4436 1201 4512 revertente
1231 4439 1296 4492 ad
1326 4451 1550 4512 corpus.
1577 4436 1789 4512 deficiet
1818 4437 2118 4506 aliquando
2156 4453 2253 4507 per
2284 4436 2914 4512 aliqua'ininumerabilia
2960 4441 3159 4496 sarcula
3185 4443 3486 4512 ,nativitas,

203 4516 419 4570 mundo
450 4506 669 4569 redacto
700 4513 766 4567 ad
801 4526 968 4564 unum
1007 4510 1267 4581 aliquem,
1305 4507 1386 4562 vel
1421 4506 1690 4581 duos,_vel
1722 4514 1853 4573 tres;
1880 4515 2006 4581 post
2039 4506 2335 4581 quoscum
2368 4506 2421 4564 et
2455 4511 2556 4581 ipsi
2594 4510 2796 4581 fuerint
2826 4519 3047 4581 propter
3075 4510 3368 4580 perfectam
3393 4513 3489 4580 ju-

202 4586 413 4641 stitiam
450 4600 603 4639 suam
636 4581 1021 4636 irrevertibiles
1061 4579 1210 4643 facti,
1247 4576 1725 4651 consummabitur
1755 4576 2015 4651 mundus,
2048 4578 2425 4651 deficientibus
2454 4576 2706 4636 videlicet
2738 4576 2838 4651 qui
2865 4576 3209 4636 revertantur
3251 4583 3319 4636 ad
3362 4576 3488 4637 cor-

202 4671 324 4725 pus.
359 4655 524 4721 Quod
553 4652 958 4725 Scripturarum
996 4666 1103 4705 non
1130 4651 1307 4725 placet
1333 4647 1566 4725 veritati
1589 4664 1602 4700 :
1629 4647 1814 4725 sciunt
1835 4647 1977 4725 enim
2016 4647 2422 4725 multitudinem
2450 4647 2797 4725 peccator_uin
2827 4667 2948 4706 esse
2996 4651 3409 4725 inveniendam“
3431 4653 3486 4706 in

202 4711 461 4795 temptﬁfe
499 4711 1018 4795 consummationis,
1049 4711 1347 4775 secundum
1379 4718 1523 4788 quod
1549 4716 1674 4795 ipse
1698 4716 1964 4795 Dominus
1992 4711 2526 4795 manifestatAdiL-e'ns
2547 4739 2575 4795 _:
2617 4740 2634 4772 ι
2677 4720 2883 4795 Tamen
2915 4738 3038 4795 cum
3070 4722 3275 4795 venerit
3310 4721 3486 4795 Filius

205 4786 474 4857 honiinis,
506 4802 665 4862 putas
690 4790 928 4862 inveniet
951 4789 1110 4844 fidem
1145 4786 1572 4862 superiterram?
1603 4806 1620 4839 ι
1656 4786 1785 4862 Item
1818 4788 1948 4842 alibi
1985 4807 1998 4841 :
2033 4787 2235 4862 g_$icut
2260 4788 2435 4862 fuitin
2458 4791 2650 4846 diebus
2677 4790 2809 4857 Noe,
2833 4792 2906 4845 ita
2935 4792 3040 4846 erit
3069 4791 3335 4862 adventus
3361 4792 3481 4846 Filii

210 4865 474 4919 hominis.
509 4857 668 4918 Sicut
695 4861 840 4915 enim
868 4857 1244 4931 fueruntantc
1276 4859 1540 4914 diluviqu
1584 4857 2010 4931 manducantes,_
2032 4859 2303 4931 bibentes,
2332 4860 2621 4931 nubentes,
2645 4870 2698 4916 et
2728 4870 2955 4931 nuptum
2990 4861 3283 4926 tradentes,
3314 4863 3488 4918 donec

208 4932 568 4990 intravitNoe
600 4933 653 4987 in
686 4946 893 4993 arcam,
916 4940 970 4983 et
996 4929 1145 5002 venit
1172 4930 1460 5002 diluvium,
1485 4934 1536 4983 et
1557 4929 1680 4982 tulit
1701 4943 1893 5002 omnes
1921 4928 1940 4982 ‘:
1967 4928 2048 4984 sic
2078 4929 2181 5002 erit
2203 4941 2257 5002 et
2286 4931 2553 5002 adventus
2584 4930 2704 4985 Filii
2732 4928 2989 4996 hominis,
3024 4951 3043 4983 ι
3075 4939 3128 4985 et
3153 4932 3258 4987 erit
3284 4932 3364 4988 eis
3389 4935 3482 5002 qui

210 5011 343 5061 tunc
361 5005 587 5060 fuerunt
607 5010 919 5072 peccatores
942 5000 1170 5072 punitio,
1209 5015 1316 5053 non
1348 5000 1402 5072 in
1437 4998 1994 5072 transcorporatione,
2031 5000 2123 5054 sed
2161 4999 2214 5052 in
2240 4999 2384 5069 igne.
2427 4999 2929 5072 Undenecessario,
2952 5002 3045 5072 qui
3071 4998 3485 5072 transeat-pora-

212 5075 376 5132 tionis
399 5068 919 5146 dogma—defendunt
939 5068 1185 5139 gentiles,
1210 5069 1810 5146 quasiconsequentias
1835 5068 1905 5121 ibi
1932 5068 2114 5123 dicere
2137 5068 2440 5138 cupientes,
2464 5070 2734 5146 denegant
2759 5068 3019 5146 munduin
3047 5087 3169 5146 esse
3190 5068 3485 5144 aliquando

215 5137 725 5201 consumrfiandum.
751 5137 963 5196 Contra
983 5154 1120 5209 quos
1150 5137 1584 5209 reSpondemus:
1627 5137 1682 5191 Si
1718 5154 1826 5191 non
1863 5137 2280 5194 consummatur
2316 5141 2576 5206 mundus,
2610 5137 2710 5196 sed
2763 5143 2869 5195 erit
2904 5142 3022 5197 sine
3064 5142 3204 5209 fine,
3248 5137 3355 5199 non
3398 5152 3486 5199 est

217 5213 359 5271 Deus
385 5217 566 5270 omnia
598 5215 781 5269 sciens
804 5206 1120 5281 priusquam
1150 5206 1300 5275 ﬁant,
1326 5208 1419 5264 sed
1454 5206 1593 5262 forte
1621 5223 1688 5261 ex
1721 5218 1873 5277 parte
1900 5224 2093 5274 unum,
2139 5210 2223 5265 vel
2271 5211 2504 5266 alterum
2558 5211 2660 5266 scit
2712 5210 2955 5267 futurum
3004 5206 3321 5284 priusquam
3367 5212 3482 5279 flat,

264 5353 308 5383 ’⁵
342 5349 474 5405 Luc.
507 5367 661 5415 xvtn,
693 5338 757 5405 8..
824 5349 845 5380 ⁸
874 5345 1065 5401 Matth.
1095 5361 1244 5408 xxiv,
1269 5343 1357 5409 57,
1383 5342 1474 5396 58.

291 5489 402 5557 (52)
441 5489 713 5558 Ἀρέσκει.
751 5487 932 5560 Codex
965 5484 1314 5560 Tarinianus,
1348 5480 1662 5560 ἀρέςτκεταξσ
1705 5548 1754 5560 ..

292 5548 409 5633 (55)
431 5548 512 5633 (Εἰ
537 5560 645 5633 γὰρ
664 5555 1255 5633 ξτιάμιιρτάνοντες,
1285 5548 1793 5633 eteanotandalhic

206 5637 259 5701 et
294 5620 622 5701 castiganda
664 5620 843 5701 Rulini
892 5620 1485 5701 interpretisperfidia,
1535 5621 1628 5701 qui
1680 5620 1793 5701 haec

207 5698 277 5752 ita
311 5689 557 5756 reddidit
591 5700 644 5752 in
682 5699 935 5768 Apologia
966 5689 1278 5768 Primpliiti}
1317 5711 1336 5744 ‹
1375 5691 1490 5747 Non
1540 5691 1687 5745 enim
1726 5689 1794 5743 ad

208 5771 551 5838 peccandum
577 5771 729 5823 locus
759 5767 880 5838 erit.
923 5787 940 5820 ι
987 5767 1250 5822 ιιυετιυδ.

277 5840 403 5907 (Si;
431 5842 587 5898 Ἤτοι
611 5839 738 5905 δύο.
776 5836 1069 5894 Dclcudum
1104 5838 1311 5893 videtur
1340 5835 1440 5891 hoc
1466 5834 1618 5897 locn,
1652 5832 1790 5904 ήτοι.

1895 5551 1929 5605 λ
1970 5481 2082 5605 (ῗὲ)
2115 5480 2645 5550 Καταιειφθέντες.
2681 5480 2991 5554 Legendum
3034 5480 3267 5535 fortasse
3312 5496 3485 5538 κατα·

1929 5570 2002 5605 ΠΟ
2041 5571 2212 5605 ..ντες.

1929 5553 2328 5695 ⁸ἕξω
2354 5622 2563 5695 αὐτοῦ.
2588 5621 2770 5695 Codex
2811 5621 3110 5695 vatieanus
3155 5619 3410 5695 habet16
3428 5622 3486 5692 ἐξ

1897 5691 2082 5764 αὐτοῖιξ
2119 5692 2348 5748 Huetius
2371 5694 2582 5747 videtur
2616 5694 2812 5764 legisse
2839 5693 2898 5745 τὸ
2925 5691 3029 5764 ἔξω
3049 5691 3215 5746 αὑτοῦ
3244 5693 3338 5748 καὶ
3361 5691 3483 5759 τῆς,

1902 5773 2008 5823 etc.
2044 5762 2155 5836 Ego
2185 5771 2364 5820 autem
2402 5764 2585 5819 malim
2615 5761 2808 5832 16ng
2836 5761 3057 5838 αὐτούς.
