4028 6296
544 345 676 400 1091

2027 342 2360 399 ORIGENIS

3666 346 3807 404 1092

537 463 827 518 severabit.
852 462 981 516 Atsi
1015 461 1153 516 forte
1183 476 1277 532 per
1305 463 1450 517 vices
1472 471 1781 533 cognoscet;
1813 462 1893 519 vel
1919 480 2091 518 unum

2210 464 2405 537 ἓτεραο
2441 464 2643 535 ἄπειρα
2675 463 2783 535 γὰρ
2809 464 2875 536 τῇ
2913 462 3072 533 φύσει
3106 463 3219 537 (57)
3242 463 3339 533 οὐχ
3380 458 3491 516 οἷόν
3542 480 3605 516 τε
3644 480 3806 536 περι-

537 557 789 625 quodque
821 565 1109 623 antequam
1144 554 1350 608 oriatur
1372 564 1682 626 cognoscet;
1719 555 1799 609 vel
1831 556 2110 620 nonnulla,

535 652 591 696 et
618 658 829 696 rursum
862 642 1053 697 deinde
1081 642 1186 697 alia
1222 660 1235 697 :
1273 644 1387 698 ﬁeri
1440 646 1637 713 quippe
1683 660 1789 699 non
1843 654 2019 715 potest
2052 653 2112 699 nt

534 748 655 801 qua:
681 742 873 786 natura
908 733 1117 788 inﬁnita
1145 745 1291 799 sunt,
1325 737 1633 806 cognitione
1672 738 1854 791 omnia
1896 738 2110 807 cognita

530 834 597 872 ex
636 830 826 874 natura
855 837 954 875 sua
987 823 1207 879 ﬁnicute
1231 828 1761 896 comprehemlantnr
1804 846 1818 882 :

2218 555 2589 627 λαμϐάνεσθαι
2615 558 2679 627 τῇ
2709 554 2978 625 περατοῦν
3014 555 3290 627 πεφυκυίᾳ
3327 556 3395 609 cs
3424 556 3806 625 γινωσκόμενα

2216 646 2447 715 γνώσει·
2488 645 2663 716 τούτῳ
2693 646 2750 699 δὲ
2784 646 3068 700 ἀκολουθεῖ
3109 646 3243 717 μηδὲ
3280 645 3619 717 προφητείας
3645 646 3806 701 δύνα-

2218 734 2343 789 σθαι
2368 732 2622 803 γενέσθαι
2648 734 2773 805 περὶ
2807 735 3024 788 πάντων
3047 734 3401 799 ὡντινωνοῦν,
3425 732 3520 787 ἀτε
3556 735 3804 806 ἀπείρων

1862 827 1988 881 inde
2015 844 2113 881 au-
2212 824 2382 880 ὄντων
2408 826 2517 881 τῶν
2538 827 2778 881 πάντων.

530 923 637 968 tem
686 917 963 986 sequitur,
1014 935 1115 975 uec
1158 921 1223 974 de
1285 922 1447 975 rebus
1501 923 1757 977 omnibus
1807 923 2138 991 quibuslibet
2190 922 2605 978 vaticinationes
2657 922 2744 976 edi
2788 935 2979 991 posse,
3025 936 3152 976 cum
3201 934 3290 975 res
3333 935 3527 977 omnes
3573 920 3802 977 inﬁnitae

530 1008 663 1062 sint.

599 1101 653 1157 2.
692 1100 923 1158 Necesse
956 1112 1134 1158 autem
1160 1105 1417 1159 habuisse
1451 1120 1536 1160 me
1564 1106 1817 1161 existimo
1853 1106 2015 1178 570
2052 1107 2106 1161 in

529 1194 694 1263 hujus
735 1196 801 1249 de
846 1195 1168 1261 migratione
1210 1198 1516 1250 animarum
1563 1198 1619 1251 in
1672 1199 1823 1252 varia
1876 1214 2106 1268 corpora

527 1289 842 1360 quaestionis
866 1288 1245 1358 disquisitione
1272 1291 1511 1345 studium
1558 1299 1612 1345 et
1641 1306 1859 1361 operam
1885 1308 2104 1361 ponere,

528 1390 748 1451 propter
767 1380 1126 1450 quorumdam
1150 1383 1538 1451 suspicionem,
1566 1382 1765 1451 quibus
1786 1399 2105 1452 persuasum

526 1479 610 1527 est
641 1472 877 1526 animam
911 1476 1051 1526 hanc
1080 1471 1145 1526 de
1180 1488 1285 1540 qua
1314 1473 1513 1543 agitur,
1551 1474 1795 1528 eamdem
1829 1490 1950 1530 esse
1977 1474 2107 1532 Elia:

526 1577 593 1618 ac
618 1558 865 1626 Joannis,
896 1564 1134 1632 primum
1170 1563 1390 1633 quidem
1418 1564 1587 1618 Eliam
1620 1566 1962 1635 appellatam,
2008 1568 2104 1622 de-

526 1654 654 1710 inde
670 1669 798 1709 vero
819 1652 1102 1722 Joannem;
1128 1671 1226 1711 nec
1254 1658 1380 1711 item
1406 1657 1523 1711 sine
1555 1657 1645 1713 Dei
1676 1668 1806 1712 nutu
1839 1657 2101 1714 Joannem

526 1745 733 1799 dictum
770 1745 921 1798 illum
958 1743 1123 1800 fuisse
1150 1747 1382 1816 opinor.
1436 1755 1495 1801 ut
1538 1764 1603 1802 ex
1655 1764 1721 1803 eo
1769 1758 1915 1818 patet
1955 1752 2100 1818 quod

526 1835 750 1905 angelus
781 1834 1055 1890 Zachariae
1092 1836 1243 1890 visus
1279 1836 1475 1891 dixerit
1506 1837 1556 1891 ei
1587 1837 1608 1870 ⁷
1644 1855 1660 1893 :
1709 1857 1726 1887 ι
1766 1836 1842 1892 Ne
1889 1839 2101 1902 timeas,

2296 1101 2632 1171 Ἀναγκαίως
2674 1099 2719 1152 δ’
2750 1094 2903 1170 οἴμαι
2941 1096 3399 1170 ὲνδιατετριφέναι
3434 1099 3503 1167 τῇ
3552 1095 3796 1162 ἐξετάσει

2209 1193 2302 1247 τοῦ
2337 1193 2467 1265 mpl.
2522 1188 3065 1262 μετενσωματώσεως
3115 1189 3273 1257 λόγου
3302 1228 3315 1252 ,
3347 1188 3437 1240 διά
3488 1188 3590 1258 τήν
3631 1206 3794 1244 τινων

2211 1289 2463 1342 ὑπόνοιαν
2483 1284 2776 1356 οἰηθέντων
2804 1282 2981 1354 ψυχὴν
3011 1278 3170 1346 εἶναι,
3203 1298 3269 1333 πε
3279 1282 3330 1352 ρὶ
3352 1276 3421 1352 ἦς
3439 1282 3467 1333 ὁ
3491 1280 3671 1348 λόγος,
3696 1281 3791 1352 τὴν

2209 1380 2377 1450 αὐτὴν
2422 1377 2602 1430 Ἡλίου
2628 1375 2721 1429 καὶ
2757 1374 3024 1437 Ἰωάννου,
3059 1374 3323 1446 πρότερον
3373 1372 3471 1442 μὲν
3499 1370 3788 1442 κληθεῖσαν

2222 1472 2426 1534 Ἠλίαν,
2461 1469 2711 1539 δεύτερον
2738 1467 2795 1521 δὲ
2834 1467 3114 1537 Ἰωάννην·
3151 1465 3244 1519 καὶ
3285 1465 3385 1518 οὐκ
3419 1462 3571 1517 ἀθεεί
3605 1480 3668 1532 γε
3702 1481 3786 1517 κε-

2206 1562 2437 1633 κλῆσθαι
2474 1561 2724 1631 Ἰωάννην
2754 1558 3030 1622 αὐτὸν,ὼς
3053 1557 3208 1627 δῆλον
3224 1557 3290 1609 ἐκ
3312 1554 3406 1608 τοῦ
3435 1555 3526 1610 τὸν
3555 1556 3785 1624 ὀφθέντα

2206 1652 2434 1722 ἄγγελον
2465 1652 2544 1724 τῷ
2593 1652 2836 1725 Ζαχαρία
2860 1650 3139 1722 εἰρηκέναι
3172 1647 3321 1719 αὐτῷ
3342 1663 3356 1677 ο
3409 1666 3428 1699 ε
3468 1648 3560 1719 Μὴ
3596 1648 3783 1718 φοϐοῦ,

2205 1746 2467 1817 Ζαχαρία,
2501 1745 2635 1798 διότι
2660 1742 2988 1815 εἰσηκούσθη
3014 1744 3047 1813 ἡ
3081 1741 3265 1813 δέησίς
3297 1757 3391 1794 σου
3412 1758 3425 1772 ·
3453 1741 3548 1793 καὶ
3592 1743 3627 1813 ἡ
3649 1742 3783 1810 γυνή

2206 1854 2300 1890 σου
2366 1836 2644 1889 Ἐλισάϐετ
2690 1836 2941 1905 γεννήσει
2996 1834 3109 1887 υἱόν
3143 1850 3247 1897 σοι,
3303 1833 3397 1886 καὶ
3431 1832 3681 1896 καλέσεις
3727 1830 3786 1884 τὸ

528 1924 813 1988 Zacharia,
842 1927 1097 1995 quoniam
1131 1927 1384 1981 exaudita
1414 1937 1497 1983 est
1529 1929 1840 1997 deprecatio
1876 1938 1967 1983 tua
1990 1972 2003 1994 ,
2049 1940 2091 1984 el

2202 1929 2371 2001 ὄνομα
2400 1928 2563 1982 αὑτοῦ
2609 1928 2859 1998 Ἰωάννην
2877 1943 2891 1956 ·
2928 1945 2947 1979 ι
2985 1926 3080 1979 καὶ
3103 1926 3168 1979 ἐκ
3190 1924 3285 1979 τοῦ
3310 1924 3671 1995 ἀπειληφέναι
3692 1923 3784 1977 τὸν

525 2033 667 2073 uxor
694 2027 784 2072 tua
820 2016 1091 2072 Elisabeth
1130 2019 1300 2087 pariet
1324 2018 1419 2071 tibi
1451 2018 1643 2086 ﬁlium,
1681 2026 1736 2074 et
1761 2020 1982 2075 vocabis
2013 2037 2091 2074 no

2203 2018 2475 2089 Ζαχαρίαν
2501 2018 2600 2089 τὴν
2633 2017 2835 2089 φωνὴν,
2867 2015 3008 2069 κατὰ
3038 2014 3135 2086 τὴν
3159 2015 3214 2067 ὲν
3254 2016 3320 2085 τῇ
3358 2012 3598 2068 πινακίδι
3646 2030 3782 2085 γραα

526 2126 648 2165 men
684 2110 801 2180 ejus
824 2109 1109 2177 Joannem;
1151 2128 1168 2161 ι
1207 2120 1259 2165 et
1288 2127 1352 2164 ex
1387 2126 1452 2166 eo
1485 2111 1630 2181 quod
1663 2125 1845 2166 vocem
1877 2128 2104 2182 recupe~

523 2202 724 2256 raverit
753 2200 1068 2267 Zacharias,
1097 2211 1382 2271 postquam
1413 2200 1678 2256 Joannem
1705 2217 1828 2257 eum
1856 2218 1975 2257 esse
2004 2219 2101 2273 ap-

523 2294 831 2363 pellandum
860 2295 951 2363 qui
982 2309 1144 2347 natus
1166 2304 1304 2358 erat,
1335 2294 1385 2346 in
1411 2292 1604 2347 tabella
1648 2294 1864 2363 scripsit
1884 2296 1926 2345 ⁸.
1946 2294 2099 2359 Quod

522 2386 567 2440 si
596 2387 776 2439 anima
807 2386 919 2440 haec
949 2387 1094 2440 Elias
1116 2394 1252 2450 erat,
1278 2385 1560 2453 oportebat
1590 2386 1741 2439 illum
1770 2385 1941 2439 Ellam
1972 2402 2102 2456 quo-

521 2492 626 2544 que
654 2477 935 2545 appellari,
974 2490 1098 2530 cum
1136 2477 1327 2530 iterum
1359 2486 1518 2530 natus
1550 2484 1653 2541 est,
1692 2476 1773 2530 vel
1807 2488 1952 2531 certe
2002 2477 2098 2530 alio

519 2581 682 2637 quam
713 2566 941 2637 proferri
972 2569 1236 2621 rationem
1267 2582 1365 2621 cur
1388 2576 1655 2621 mutatum
1685 2582 1883 2622 nomen
1915 2568 2095 2635 fuerit;

519 2660 977 2728 quemadmodum
1006 2660 1073 2713 de
1097 2659 1319 2720 Abram,
1350 2666 1403 2711 et
1437 2658 1735 2725 Abraham;
1766 2659 1835 2713 de
1857 2658 2012 2724 Sara,
2046 2669 2099 2715 et

522 2748 707 2816 Sarra;
742 2751 807 2804 de
834 2748 1020 2816 Jacob,
1050 2761 1103 2806 et
1133 2750 1320 2815 Israel;
1355 2758 1408 2805 et
1439 2751 1505 2805 de
1535 2749 1776 2816 Simone,
1821 2760 1876 2806 et
1912 2750 2094 2807 Petro.

519 2839 720 2895 Verum
747 2857 816 2895 ne
845 2842 926 2896 sic
949 2842 1165 2911 quidem
1197 2856 1294 2910 par
1320 2850 1434 2896 erat
1457 2843 1510 2896 in
1544 2842 1648 2898 illis
1664 2843 1821 2909 ratio;
1848 2842 1931 2899 his
1950 2844 2095 2898 enim

520 2949 658 3003 quos
689 2934 950 2998 diximus,
987 2934 1039 2986 in
1066 2949 1170 2987 una
1199 2935 1497 3003 eademque
1520 2935 1627 2988 vita
1649 2936 1979 2990 mutationes
1998 2952 2098 2990 no-

520 3024 727 3077 minam
761 3023 917 3078 facta:
943 3034 1088 3077 sunt.
1121 3021 1639 3089 Quarsiveritautem
1669 3025 1887 3095 aliquis,
1913 3025 1960 3079 si
1985 3041 2096 3081 non

518 3115 701 3171 anima
731 3114 878 3169 Elias
906 3117 1140 3184 primum
1170 3126 1287 3171 erat
1320 3116 1373 3169 in
1409 3114 1688 3183 Thesbita,
1719 3128 1772 3171 et
1818 3117 2014 3173 deinde
2039 3118 2094 3172 in

520 3208 764 3271 Joanne,
814 3207 946 3276 quid
992 3209 1204 3263 tandem
1251 3209 1381 3263 illud
1428 3217 1546 3263 erat
1578 3208 1723 3277 quod
1777 3208 1830 3262 in
1863 3218 2096 3279 utroque

2198 2111 2306 2182 φὴν
2333 2113 2461 2183 περὶ
2497 2110 2592 2165 τοῦ
2633 2111 2882 2181 Ἰωάννην
2923 2108 3203 2163 καλεῖσθαι
3235 2109 3326 2163 τὸν
3363 2107 3776 2179 γεγεννημένον.

2202 2206 2373 2276 Εἴπερ
2404 2204 2516 2275 ὃὲή
2547 2204 2693 2276 ψυχὴ
2734 2203 2919 2266 Ἠλίας
2944 2198 3032 2274 ἦν,
3064 2202 3233 2274 ἐχρῆν
3270 2202 3367 2255 καὶ
3398 2200 3649 2273 δεύτερον
3679 2202 3779 2255 αὖα

2199 2293 2291 2348 τὸν
2305 2293 2641 2364 γεννώμενον
2663 2292 2928 2365 κληθῆναι
2958 2292 3162 2356 Ἠλίαν,
3196 2293 3229 2364 ἢ
3265 2292 3443 2347 αἰτίαν
3466 2292 3589 2346 τινὰ
3613 2294 3782 2363 φανῆ-

2200 2403 2285 2441 ναι
2336 2386 2436 2456 τῆς
2485 2386 2850 2457 μετωνυμίαις,
2881 2385 2957 2449 ὡς
3003 2383 3095 2438 ἐπὶ
3139 2382 3235 2436 τοῦ
3275 2384 3490 2455 Ἀϐράμ
3540 2384 3635 2437 καὶ
3683 2384 3780 2438 τοῦ

2213 2478 2495 2549 Ἀϐραὰμ,
2528 2479 2623 2533 καὶ
2664 2478 2764 2549 τῆς
2812 2479 2991 2551 Σάρας
3026 2479 3247 2550 καὶτῆς
3277 2478 3527 2551 Σάρρας,
3562 2478 3654 2533 καὶ
3681 2477 3778 2531 τοῦ

2212 2569 2402 2623 Ἰακὼϐ
2454 2571 2547 2623 καὶ
2586 2570 2821 2642 Ἰσραὴλ,
2853 2572 2948 2625 καὶ
2989 2569 3087 2624 τοῦ
3118 2569 3361 2640 Σίμωνος
3401 2571 3494 2624 καὶ
3546 2569 3776 2643 Πέτρου.

2198 2662 2456 2730 Καίτοιγε
2506 2662 2613 2715 οὐδ’
2645 2662 2817 2726 οὕτως
2847 2666 2875 2716 ό
2920 2661 3075 2730 λόγος
3102 2664 3161 2716 ὲν
3194 2662 3377 2725 αὐτοῖς
3424 2659 3682 2726 ἐσώζετο·
3715 2665 3775 2717 ὲν

2201 2758 2299 2827 μιᾷ
2329 2755 2438 2828 γὰρ
2466 2755 2558 2808 καὶ
2581 2760 2647 2828 τῇ
2673 2758 2811 2828 αὐτῇ
2842 2754 2954 2827 ζωῇ
2974 2759 3087 2819 τοῖς
3109 2754 3524 2827 προειρημένοις
3545 2753 3773 2824 γεγόνα-

2199 2864 2282 2900 σιν
2317 2849 2373 2900 αἱ
2422 2850 2773 2919 μετωνυμίαι.
2810 2850 3051 2920 Ζητήσαι
3076 2847 3118 2899 δ’
3144 2848 3208 2902 ἄν
3246 2865 3348 2910 τις,
3379 2850 3428 2900 εί
3454 2846 3527 2917 μὴ
3561 2849 3590 2917 η
3622 2846 3767 2917 ψυχὴ

2211 2939 2391 3002 Ἠλίας
2424 2941 2540 2993 ἐστὶ
2567 2940 2831 3011 πρότερον
2856 2942 2915 2993 ὲν
2945 2939 3021 3009 τῷ
3046 2938 3302 3011 Θεσϐίτῃ,
3321 2939 3410 2991 καὶ
3431 2936 3672 3008 δεύτερον
3699 2938 3759 2989 ἐν

2195 3027 2274 3099 τῷ
2320 3029 2559 3102 Ἰωάννῃ,
2592 3029 2643 3083 τί
2664 3029 2730 3082 ἂν
2763 3027 2851 3098 εἴη
2881 3028 2940 3083 τὸ
2985 3029 3182 3101 κληθὲν
3223 3027 3324 3080 ὑπὸ
3362 3025 3456 3080 τοῦ
3507 3026 3756 3097 Σωτῆρος

2196 3121 2253 3173 ὲν
2281 3121 2607 3191 ἀμφοτέροις
2644 3121 2826 3184 Ἠλίας
2850 3138 2863 3186 ;
2896 3121 3007 3175 Καί
3034 3138 3175 3192 φημι
3199 3120 3286 3175 τὸν
3314 3117 3550 3190 Γαϐριὴλ
3570 3119 3626 3171 ὲν
3645 3122 3763 3183 τοῖς

2196 3211 2332 3284 πρὸς
2390 3212 2665 3283 Ζαχαρίαν
2701 3212 2879 3282 λόγοις
2930 3192 3359 3285 ἀποϐεϐληκέναι
3406 3211 3489 3275 τίς
3537 3213 3573 3281 ἡ
3626 3211 3766 3281 αὑτὴ

516 3298 667 3355 Elias
697 3316 727 3355 a
760 3298 1048 3355 Servatore
1081 3301 1479 3370 appellabatur?
1514 3299 1623 3368 Ego
1650 3316 1779 3355 vero
1821 3299 1946 3356 dico
1982 3300 2091 3356 Ga-

2199 3302 2347 3355 οὐσία
2386 3303 2443 3354 ἐν
2502 3301 2657 3374 Ἦλίςι⁸
2687 3303 2781 3356 καὶ
2814 3303 3067 3375 Ἰωάννῃ·
3093 3302 3227 3372 φησὶ
3259 3302 3399 3373 γάρ’
3440 3319 3459 3352 ι
3487 3300 3607 3354 Τῶν
3636 3299 3766 3352 υἱῶν

516 3391 740 3449 brielem
776 3406 1023 3462 quaenam
1053 3393 1240 3447 eadem
1267 3402 1410 3447 esset
1446 3392 1501 3445 in
1529 3388 1643 3445 Elia
1674 3400 1727 3447 et
1752 3389 1961 3447 Joanne
1991 3407 2089 3447 na-

519 3494 639 3541 tura
671 3486 724 3539 in
765 3500 1014 3540 sermone
1048 3500 1171 3540 cum
1217 3482 1477 3539 Zacharia
1511 3484 1697 3538 habito
1724 3485 2081 3555 suggessisse;

516 3577 593 3631 ait
630 3577 774 3631 enim
807 3578 828 3608 °
868 3592 882 3630 :
920 3594 939 3627 ι
969 3575 1165 3632 Multos
1206 3574 1439 3630 ﬁliorum
1482 3575 1648 3631 Israel
1689 3585 1969 3632 convertet
2017 3578 2083 3633 ad

517 3667 805 3723 Dominum
837 3667 1005 3723 Deum
1035 3670 1298 3740 ipsorum,
1324 3681 1376 3725 ct
1404 3670 1519 3740 ipse
1551 3670 1818 3739 praecedet
1853 3679 1980 3725 ante
2020 3669 2087 3724 il-

514 3760 627 3813 lum
664 3760 717 3815 in
748 3760 940 3829 spiritu
969 3769 1023 3814 et
1054 3760 1253 3816 virtute
1285 3759 1432 3816 Elim.
1474 3780 1492 3812 ι
1522 3760 1756 3816 Attende
1781 3762 1925 3817 enim
1973 3777 2083 3816 non

518 3850 718 3905 dixisse
745 3850 916 3916 illum,
950 3868 970 3901 ι
1011 3850 1063 3904 in
1095 3850 1278 3906 anima
1310 3850 1459 3919 Eliae,
1494 3870 1513 3905 ι
1549 3862 1606 3908 ut
1658 3852 1840 3907 locum
1890 3852 2086 3908 habeat

2204 3393 2418 3465 Ἰσραὴλ
2439 3393 2667 3458 πολλοὺς
2698 3395 3015 3467 ἐπιστρέψει
3043 3398 3137 3450 ἐπὶ
3158 3395 3362 3466 Κύριον
3393 3394 3486 3447 τὸν
3505 3394 3637 3447 Θεὸν
3669 3392 3766 3447 αὖ·

2190 3484 2298 3539 τῶν
2318 3503 2332 3516 ’
2358 3488 2452 3540 καὶ
2481 3487 2641 3552 αὐτὸς
2665 3487 3048 3559 προελεύσεται
3078 3488 3306 3543 ἐνώπιον
3330 3485 3495 3542 αὑτοῦ
3519 3488 3576 3540 ἐν
3603 3484 3764 3539 πνεύ-

2193 3592 2320 3646 ματι
2349 3577 2442 3631 καὶ
2464 3576 2689 3647 δυνάμει
2734 3576 2931 3632 Ἠλίου.
2965 3596 2984 3629 ι
3016 3578 3258 3649 Πρόσχες
3283 3577 3412 3650 γὰρ,
3447 3576 3547 3630 οὐκ
3588 3572 3763 3642 εἶπεν,

2194 3682 2212 3715 ι
2254 3665 2311 3717 ὲν
2340 3665 2483 3737 ψυχῇ
2518 3665 2717 3731 Ἠλίου,
2744 3685 2761 3718 ι
2782 3667 2848 3720 ἵν’
2874 3666 2985 3738 ἔχοι
3016 3668 3226 3738 τόπονή
3255 3668 3761 3739 μετενσωμάτωσις.

2188 3756 2328 3821 ἀλλ’,
2368 3776 2387 3809 ί
2418 3758 2473 3811 ὲν
2510 3757 2772 3829 πνεύματι
2809 3759 2903 3812 καὶ
2932 3758 3157 3829 δυνάμει
3195 3759 3394 3815 Ἠλίου.
3434 3779 3453 3812 ι
3493 3760 3762 3829 Σαφῶςδὲ

2188 3846 2326 3904 οἶδεν
2344 3849 2454 3922 (58)
2495 3852 2528 3920 ἡ
2559 3850 2748 3922 Γραφὴ
2772 3851 3031 3924 διαφορὰν
3062 3851 3372 3923 πνεύματος
3400 3853 3535 3925 πρὸς
3559 3852 3737 3924 ψυχαί-ν

1705 3962 1942 4020 VETUS
1980 3963 2463 4021 INTERPRETAT
2469 3964 2551 4019 10.

516 4058 700 4113 omnia
731 4066 916 4111 autem
955 4058 1130 4112 nescit
1161 4075 1174 4111 :
1206 4072 1327 4128 quae
1359 4056 1503 4112 enim
1537 4066 1661 4112 nata
1690 4066 1818 4113 sunt
1845 4059 1962 4114 sine
1991 4059 2117 4124 ﬁne,
2141 4057 2457 4114 deﬁnitione
2495 4057 2675 4128 aliqua
2699 4057 3085 4127 comprehendi
3118 4072 3225 4111 non
3251 4068 3480 4127 possunt
3511 4066 3607 4112 :et
3626 4074 3757 4114 con-

512 4142 747 4249 sequens
769 4136 855 4184 est
883 4138 1060 4183 utnec
1083 4128 1376 4197 prophetiae
1406 4129 1616 4197 possint
1637 4128 1753 4182 ﬁeri
1783 4130 1849 4183 de
1884 4132 2160 4193 omnibus,
2190 4130 2347 4197 quasi
2380 4129 2497 4181 sine
2521 4129 2627 4182 ﬁne
2653 4128 2906 4182 omnibus
2932 4128 3263 4182 constitutis.

625 4238 639 4249 .
670 4196 861 4249 Adhuc
882 4198 1114 4249 dicimus
1136 4198 1215 4249 eis
1235 4199 1326 4249 aui
1358 4206 1551 4249 nutant
1575 4198 1811 4249 animam
1840 4197 2064 4249 Joannis
2090 4201 2326 4249 animam
2354 4198 2519 4249 fuisse
2539 4197 2689 4249 Elim.
2719 4210 2772 4249 et
2795 4198 3028 4249 primum
3057 4198 3272 4249 quidem
3301 4204 3538 4249 voratam
3559 4196 3639 4249 Eli

625 4238 639 4251 .
670 4196 861 4252 Adhuc
882 4196 1114 4252 dicimus
1136 4198 1215 4252 eis
1235 4199 1326 4266 qui
1358 4196 1551 4266 putant
1575 4198 1811 4252 animam
1840 4197 2064 4253 Joannis
2090 4196 2326 4254 animam
2354 4198 2519 4252 fuisse
2539 4197 2689 4263 Elim,
2719 4210 2772 4251 et
2789 4198 3028 4321 grimoni
3057 4198 3272 4267 quidem
3301 4204 3538 4250 voratam
3559 4196 3755 4263 Eliam,

625 4276 699 4320 lea
742 4266 1028 4321 Joannem.
1071 4282 1242 4321 nuare
1282 4267 1509 4321 angelus
1532 4269 1625 4321 nui
1651 4271 1800 4321 visus
1828 4279 1913 4321 est
1942 4268 2217 4321 Zachariae
2246 4270 2318 4321 ita
2348 4268 2486 4321 dixit
2518 4284 2531 4320 :
2561 4286 2580 4318 ι
2620 4267 2761 4321 Ecce
2837 4268 3064 4321 Iisabeth
3093 4282 3230 4320 uxor
3262 4276 3347 4320 tua
3377 4267 3667 4321 concipiet.
3702 4279 3755 4321 et

512 4276 699 4337 postea
742 4266 1028 4332 Joannem,
1071 4282 1242 4337 quare
1282 4267 1509 4336 angelus
1532 4269 1625 4336 qui
1651 4271 1800 4323 visus
1828 4279 1913 4323 est
1942 4268 2217 4324 Zaclnarite
2246 4270 2318 4323 ita
2348 4268 2486 4321 dixit
2518 4284 2531 4320 :
2561 4286 2580 4318 ι
2620 4267 2761 4337 Ecce

2837 4268 3064 4322 lisabeth
3093 4282 3230 4320 uxor
3262 4276 3347 4320 tua
3377 4267 3667 4334 concipiet,
3702 4279 3758 4324 et

512 4336 687 4406 pariet
714 4340 809 4391 tibi
835 4337 1027 4408 illium.
1051 4336 1106 4390 et
1128 4337 1347 4391 vocabis
1374 4352 1570 4408 nomen
1592 4337 1712 4407 ejus
1731 4337 2035 4392 Joannem?
2068 4358 2088 4391 ο
2108 4339 2164 4393 Si
2186 4339 2330 4393 enim
2359 4340 2539 4392 anima
2566 4338 2679 4408 ipsa
2706 4336 2809 4391 fuit
2839 4336 2989 4404 Ειὶεε,
3021 4336 3260 4407 oportuit
3289 4344 3343 4408 et
3371 4338 3608 4390 secunda
3633 4352 3755 4393 v.ce

514 4416 702 4460 natum
741 4408 918 4460 vocari
957 4406 1147 4471 Eliam,
1182 4416 1276 4459 aut
1301 4407 1512 4476 ostendi
1563 4409 1799 4476 aliquam
1850 4412 2044 4462 mutati
2084 4409 2324 4463 nominis
2355 4406 2600 4473 causam,
2628 4409 2772 4464 sicut
2802 4409 2854 4462 in
2882 4408 3103 4472 Abram,
3129 4408 3256 4460 etin
3283 4406 3593 4473 Abraham;
3620 4408 3751 4462 etin

513 4478 730 4538 Saram,
752 4486 805 4531 et
838 4478 891 4529 in
923 4477 1196 4535 Sarra;et
1221 4477 1273 4528 in
1301 4475 1490 4541 Jacob,
1530 4486 1586 4530 et
1621 4475 1674 4531 in
1706 4476 1900 4543 Israel;
1937 4487 1993 4533 et
2036 4480 2088 4531 in
2131 4478 2433 4542 Simonem,
2462 4490 2516 4532 et
2554 4478 2607 4532 in
2654 4477 2894 4533 Petrum.
2928 4476 3130 4532 Tamen
3171 4491 3269 4531 nec
3301 4477 3380 4529 sic
3410 4475 3547 4530 ratio
3573 4478 3752 4533 valida

509 4546 769 4612 vincitur,
797 4547 1055 4616 quoniam
1096 4547 1308 4599 illorum
1340 4547 1394 4599 in
1441 4562 1546 4599 una
1587 4550 1772 4602 eadem
1819 4564 1885 4602 ue
1910 4549 2017 4602 vita
2057 4557 2261 4602 mutata
2298 4558 2421 4601 sunt
2460 4550 2700 4603 nomina.
2747 4548 2852 4602 Sed
2888 4548 3018 4602 dicit
3049 4547 3246 4616 aliquis
3274 4560 3461 4600 eorum
3503 4561 3521 4598 :
3546 4547 3606 4600 Si
3643 4563 3748 4601 non

510 4612 640 4669 Elia:
669 4615 771 4671 fuit
806 4617 988 4670 anima
1026 4615 1271 4671 Joannis.
1316 4630 1485 4671 auare
1513 4617 1760 4671 Salvator
1779 4564 1960 4671 (tiliam
1988 4618 2277 4671 annellavit
2302 4616 2606 4671 Joannem?
2631 4614 2695 4671 Et
2726 4629 2856 4671 nuto
2888 4618 3032 4671 quod
3068 4616 3285 4671 Gabriel
3320 4615 3497 4671 verbis
3526 4633 3647 4671 tum:
3672 4620 3748 4670 lo-

510 4612 640 4669 Elia:
669 4615 771 4671 fuit
806 4612 988 4670 anima
1026 4615 1271 4678 Joannis,
1316 4630 1485 4684 quare
1513 4617 1760 4671 Salvator

1837 4619 1960 4672 liam
1988 4618 2277 4688 appellavit
2302 4616 2606 4688 Joannem?
2631 4614 2695 4672 Et
2726 4629 2856 4688 puto
2888 4618 3032 4687 quod
3068 4614 3285 4672 Gabriel
3306 4615 3497 4688 _\_'erbis
3526 4633 3647 4686 quae
3672 4620 3750 4670 lo-

510 4696 669 4757 cutus
701 4697 784 4741 est
811 4685 1110 4750 Zachariae,
1130 4687 1528 4757 demonstravit
1556 4689 1685 4757 quid
1718 4686 1847 4743 Elia;
1873 4685 2194 4744 translatum
2231 4700 2315 4743 est
2345 4689 2399 4742 in
2432 4687 2693 4741 Joannem
2725 4685 3072 4742 Edicit—enim
3097 4689 3169 4740 ita
3198 4701 3211 4738 :
3243 4705 3260 4737 ι
3304 4685 3369 4740 Ει
3400 4687 3514 4754 ipse
3550 4685 3582 4756 p

3588 4702 3747 4742 N860-

510 4754 601 4808 det
637 4767 763 4811 ante
796 4773 918 4810 eum
946 4758 1016 4827 Ain
1057 4756 1252 4825 spiritu
1289 4766 1344 4809 et
1378 4754 1587 4827 virtute
1604 4757 1752 4823 Elite,
1791 4769 2106 4814 convertere
2145 4762 2310 4814 corda
2357 4768 2570 4827 patrum
2601 4760 2667 4811 ad
2704 4760 2867 4817 tilios.
2903 4767 2958 4811 et
2988 4758 3296 4827 incredulos
3324 4757 3389 4812 ad
3423 4754 3742 4826 sapientiam

510 4834 846 4897 sanctorum.
886 4844 911 4897 ιγ
944 4825 1010 4878 Ει
1034 4824 1309 4897 nondixit
1339 4842 1351 4879 :
1379 4824 1494 4895 Ipse
1525 4832 1788 4897 praecedet
1821 4838 1945 4883 ante
1977 4844 2101 4884 eum
2150 4828 2204 4881 in
2239 4824 2420 4881 anima
2454 4826 2584 4882 Elia:
2619 4845 2634 4882 :
2663 4826 3123 4897 manifeste_enim
3159 4825 3438 4896 Scriptura
3469 4824 3746 4895 cognoscit

508 4894 655 4967 aliud
684 4908 803 4967 esse
829 4896 1088 4967 animam,
1118 4896 1263 4950 aliud
1292 4894 1472 4950 autem
1508 4894 1629 4953 esse
1664 4898 1938 4967 spiritum,
1967 4901 2111 4954 sicut
2137 4905 2363 4952 testatur
2402 4899 2603 4953 Paulus
2629 4900 2855 4953 dicens:
2890 4916 2908 4948 ι
2941 4895 3082 4952 Deus
3113 4894 3299 4967 autem
3327 4894 3743 4967 sanctiﬁcetvos

507 4963 576 5037 ad
600 4963 919 5037 periecttim,
954 4976 1009 5018 et
1032 4966 1499 5037 integerrspiritus
1519 4963 1716 5030 vester,
1756 4979 1809 5023 et
1841 4963 2044 5034 anima,
2084 4977 2137 5022 et
2170 4982 2370 5037 corpus
2412 4970 2851 5037 conserveturgin
2887 4968 3120 5021 adventu
3154 4964 3367 5037 D_omini
3411 4969 3581 5037 nosiri
3613 4965 3740 5020 Jesu

507 5033 730 5089 Christi.
766 5053 785 5085 ι
815 5033 881 5087 Et
911 5036 1053 5104 apud
1080 5033 1386 5090 Dianelem:
1421 5055 1439 5087 (
1475 5036 1801 5104 Benedicite,
1844 5033 2070 5107 spiritus
2107 5046 2162 5093 et.
2202 5033 2397 5091 anima:
2420 5047 2755 5107 sanctorum,
2781 5036 3091 5093 Dominum.
3127 5054 3147 5087 ι
3175 5034 3323 5092 Elias
3351 5051 3481 5107 ergo
3505 5034 3743 5091 Joannes

575 5148 597 5182 ⁷
636 5147 772 5204 Luc.
801 5162 841 5214 1,
876 5148 959 5203 15.
1056 5149 1078 5180 ⁸
1116 5148 1273 5213 ibid.,
1314 5150 1401 5204 65.

577 5264 688 5336 (57)
727 5264 963 5336 Ἄπειρα
994 5262 1118 5336 γὰρ
1146 5263 1222 5336 τῇ
1254 5266 1455 5335 φύσει,
1497 5274 1599 5321 etc.
1643 5265 1866 5333 Omnes,
1921 5269 2071 5324 verbi

503 5334 699 5409 gratia,
735 5335 1005 5409 homines,
1030 5334 1121 5409 qui
1151 5350 1181 5388 a
1208 5334 1319 5390 Deo
1350 5337 1522 5409 creari
1560 5346 1809 5409 possunt,
1835 5338 1918 5393 vel
1951 5353 2072 5392 om-

478 5405 602 5489 ines
631 5406 943 5489 angelorum
966 5414 1079 5489 ‘aut
1102 5405 1380 5489 beatorum
1405 5405 1758 5489 cogitationes
1785 5424 1879 5478 per
1902 5418 2066 5463 totam

478 5473 855 5548 faeternitatem
902 5473 1117 5548 futurze,
1142 5476 1367 5548 inliniue
1390 5473 1536 5542 sunt,
1571 5487 1624 5532 et
1661 5473 1839 5532 tamen
1867 5494 2070 5548 cogno-

507 5554 732 5597 scuntur
758 5561 787 5598 a
821 5543 966 5612 Deo;
993 5545 1086 5600 sed
1116 5545 1250 5619 tales
1274 5547 1388 5619 illa;
1420 5557 1845 5619 cognoscuntur,
1874 5543 2064 5617 quales

506 5622 633 5665 sunt
656 5630 670 5679 ;
719 5628 825 5666 non
850 5624 978 5668 sunt
999 5625 1180 5669 autem
1208 5616 1429 5672 inﬁnita:
1457 5616 1752 5683 collective,
1780 5629 1838 5672 ut
1863 5616 2065 5672 scholae

505 5682 681 5734 verbis
708 5692 856 5753 utar,
901 5686 1034 5746 sive,
1076 5693 1135 5737 ut
1174 5685 1416 5751 loquitur
1445 5682 1793 5753 Aristoteles,
1829 5687 1905 5750 ὡς
1940 5687 2063 5741 τόδε

506 5763 579 5810 τι.
629 5752 719 5805 sed
764 5751 1133 5816 distribuuve,
1175 5753 1289 5807 sive
1344 5753 1418 5818 ὡς
1466 5757 1650 5827 ἕτερον
1709 5751 1800 5811 καὶ
1852 5757 2057 5826 ἕτερον.

1500 5151 1521 5182 ⁹
1543 5149 1675 5207 Luc.
1714 5168 1825 5217 ενι,
1853 5152 1939 5206 17.

2176 5267 2334 5336 Quod
2350 5269 2592 5343 _ait_ergo
2614 5269 2877 5343 Origenes
2903 5287 3013 5343 res
3049 5268 3300 5343 infinitas,
3320 5285 3428 5324 non
3461 5285 3624 5341 posse
3651 5287 3742 5327 co-

2176 5340 2406 5410 gnoscis
2445 5338 2574 5405 Deo,
2601 5338 2731 5410 quia
2759 5342 3065 5411 cognitione
3095 5338 3520 5406 haclinirentn'r,
3546 5344 3628 5397 sic
3658 5343 3740 5395 in-

2175 5411 2404 5482 telligo:
2445 5425 2552 5465 non
2596 5427 2757 5481 posse
2808 5427 2901 5467 eas
2944 5412 3196 5481 cognosci
3249 5419 3308 5463 nt
3359 5412 3463 5465 hoc
3513 5412 3739 5482 aliquid.

2175 5483 2302 5552 quia
2359 5481 2460 5535 hac
2507 5483 2815 5552 cognitione
2856 5482 3471 5547 circnmscriherentur;
3535 5481 3626 5537 sed
3681 5493 3741 5536 ut

2172 5551 2341 5623 aliud,
2372 5551 2619 5623 ct__aliud,
2656 5554 2800 5622 quod
2835 5554 2999 5607 rebus
3047 5553 3278 5623 cognitis
3313 5554 3475 5606 linem
3526 5552 3738 5606 nullum

2169 5622 2377 5677 statuit.
2417 5620 2676 5677 HUETIL’S.

2241 5691 2351 5761 (58)
2378 5692 2590 5763 Σαφῷς
2638 5692 2705 5745 δὲ
2757 5690 2938 5755 οἶδεν,
3001 5702 3101 5747 etc.
3161 5691 3293 5746 Vide
3343 5687 3631 5763 Origenem
3682 5692 3738 5746 in

2167 5760 2327 5835 latin.
2358 5777 2475 5830 xm,
2506 5761 2590 5814 2|.
2623 5782 2637 5801 κ
