4028 6296
309 369 332 422 1
345 367 446 423 097

1271 360 1621 420 COMMENT.
1670 363 1734 419 IN
1775 363 2196 422 MATTIIEL-M
2236 364 2475 423 TOMUS
2507 365 2646 421 XIII.

3435 379 3571 435 1093

312 489 590 558 στήσεται,
611 484 696 538 ἵνα
716 483 1125 538 άποκατασιᾶσι
1147 481 1281 552 (64),
1307 484 1396 536 καὶ
1418 485 1480 536 ἐκ
1508 484 1609 554 τῆς
1625 485 1891 538 ἀποκατα-

2003 501 2164 556 quem
2195 485 2438 555 profecto
2481 494 2700 556 propter
2751 485 2936 559 gloritr
2983 487 3408 558 magnitudinem
3464 509 3570 550 non

314 579 558 640 στάσεως
587 575 896 644 γενομένοις
933 576 1260 644 χωρητικοῖς
1303 575 1403 644 τῆς
1436 575 1593 646 δόξης
1634 576 1729 628 τοῦ
1767 579 1898 648 Χρι-

315 668 484 732 στοῦ,
529 666 840 736 ἐπιδημήσῃ
885 665 914 715 ό
959 665 1018 717 ὲν
1050 663 1175 733 δόξῃ
1208 664 1576 736 όφθησόμενος
1624 667 1753 731 Υἱὸς
1799 667 1895 721 τοῦ

312 761 470 814 Θεοῦ.
500 761 559 812 Εἰ
583 759 637 811 δὲ
662 760 754 811 καὶ
777 756 933 825 λόγος
955 756 1040 820 τίς
1060 759 1205 810 ἐστιν
1227 759 1255 809 ό
1288 757 1491 821 Ἠλίας,
1512 759 1896 832 ὑποδεέστερος

314 853 472 920 λόγου
503 850 594 904 τοῦ
638 851 695 902 ἐν
737 849 880 921 ἀρχῇ
931 850 1066 920 πρὸς
1101 849 1191 902 τὸν
1235 851 1365 904 Θεὸν
1398 851 1531 905 Θεοῦ
1563 853 1736 921 Λόγου
1757 899 1771 919 ,
1804 856 1897 909 καὶ

313 938 464 1006 οὗτος
492 942 556 996 ἂν
595 943 811 996 δύναιτο
851 941 1093 1012 ὡσπερεὶ
1127 942 1533 1016 προγύμνασμα
1573 946 1680 1017 (65)
1711 946 1897 1019 ἐπιδη-

316 1033 435 1102 μεῖν
465 1030 543 1102 τῷ
587 1031 994 1102 έτοιμαζομένῳ
1024 1030 1138 1102 λαῷ
1173 1032 1263 1085 ὑπ’
1295 1034 1460 1087 αὐτοῦ
1481 1074 1496 1099 ,
1545 1037 1631 1089 ἵνα
1671 1037 1896 1108 γένηται

310 1125 816 1193 κατεσκευασμένος
858 1124 994 1196 πρὸς
1039 1125 1304 1197 ὑποδοχὴν
1332 1127 1424 1179 τοῦ
1459 1127 1666 1182 τελείου
1696 1130 1892 1197 Λόγου.

324 1215 619 1286 ’Λπορήσει
649 1215 692 1268 δ’
723 1215 788 1268 ἄν
817 1233 898 1278 τις
926 1214 1035 1286 (66)
1066 1216 1114 1270 εἰ
1143 1215 1206 1268 τὸ
1236 1216 1450 1288 πνεῦμα
1479 1219 1574 1272 καὶ
1602 1220 1634 1290 ὴ
1665 1219 1894 1291 δύναμις

325 1307 507 1360 Ἠλίου
535 1306 602 1359 τὰ
633 1307 690 1359 ὲν
729 1307 948 1380 Ἰωάννῃ
987 1305 1245 1372 πέπονθε,
1281 1307 1375 1360 καὶ
1401 1311 1488 1363 τό·
1529 1328 1548 1361 ι
1602 1311 1896 1382 Ἐποίησαν

314 1398 371 1448 ὲν
401 1398 548 1468 αὐτῷ
581 1398 678 1449 ὅσα
714 1396 982 1468 ἠθέλησαν
1007 1413 1022 1428 ⁸
1064 1417 1083 1449 ι
1112 1400 1205 1452 καὶ
1247 1402 1382 1470 πρὸς
1429 1399 1588 1453 τοῦτο
1623 1399 1894 1465 λελέξεται

314 1487 680 1560 ἁπλούστερον
709 1485 828 1556 μὲν,
867 1488 947 1540 ὅτι
994 1486 1145 1542 οὐδὲν
1171 1489 1390 1554 ἄτοπον,
1432 1489 1520 1543 διὰ
1544 1490 1641 1561 τὴν
1675 1492 1894 1564 ἀγάπην

316 1580 658 1650 συμπάσχειν
705 1579 776 1632 τὰ
825 1578 1122 1651 βοηθοῦντα
1163 1583 1275 1645 τοῖς
1329 1580 1751 1652 βοηθουμένοις·
1800 1585 1894 1639 καὶ

327 1671 534 1743 Ἰησοῦς
579 1670 709 1740 γοῦν
744 1688 911 1742 φησιο
963 1689 982 1724 ι
1022 1671 1119 1725 Διὰ
1158 1671 1284 1736 τοὺς
1345 1672 1702 1736 ἀσθενοῦντας
1757 1675 1892 1745 (67)

313 1761 604 1831 ἠσθένουν,
647 1760 741 1813 καὶ
769 1759 857 1814 διὰ
886 1761 1011 1825 τοὺς
1042 1759 1338 1825 πεινῶντας
1383 1763 1609 1816 ἐπείνων
1635 1805 1648 1827 ,
1683 1767 1777 1818 καὶ
1806 1765 1894 1820 διὰ

2001 580 2395 634 sustinuissent
2443 581 2535 648 qui
2590 593 2752 648 supra
2801 588 2999 632 terram
3045 579 3331 650 degebant,
3372 583 3474 638 nisi
3506 588 3575 639 ab

2000 670 2114 724 Elia
2148 669 2376 724 fuissent
2399 671 2706 737 praeparati.
2747 667 2910 721 Etiam
2950 676 3128 722 autem
3162 671 3264 723 hoc
3292 671 3430 738 loco,
3461 688 3571 728 non

1998 763 2238 817 animam
2277 762 2440 832 hujus
2474 762 2768 831 prophetae,
2805 762 2897 816 sed
2929 763 3179 832 spiritum
3208 764 3352 820 illius
3385 777 3439 822 et
3463 769 3571 822 vir-

1998 863 2167 911 tutem
2205 856 2554 923 interpretor.
2592 852 2666 907 Ea
2701 853 2844 907 enim
2878 862 3004 908 sunt
3036 854 3236 922 quibus
3267 856 3448 910 omnia
3484 873 3570 911 re-

1999 947 2316 1012 stituentur,
2345 955 2404 1001 ut
2433 947 2498 998 iis
2525 945 2618 1014 qui
2649 943 2885 998 restituti
2917 944 3154 1009 fuerint,
3191 954 3245 999 et
3287 963 3350 1000 ex
3385 964 3448 1002 ea
3484 965 3568 1002 rc-

1999 1039 2282 1092 stitutione
2333 1037 2517 1108 gloriae
2565 1036 2767 1091 Christi
2799 1051 3026 1106 capaces
3061 1037 3187 1092 facti
3223 1037 3442 1104 fuerint,
3476 1039 3568 1096 Dei

1999 1128 2168 1182 Filius
2201 1129 2254 1182 in
2284 1128 2453 1198 gloria
2499 1125 2766 1180 videndus
2810 1126 3080 1180 adveniat.
3117 1125 3172 1180 Si
3209 1139 3388 1183 autem
3428 1130 3571 1187 Elias

1998 1221 2222 1274 verbum
2250 1219 2468 1288 aliquod
2493 1227 2574 1272 est
2597 1257 2610 1279 ,
2639 1232 2703 1270 eo
2733 1218 2896 1270 verbo
2920 1217 3145 1273 inferius
3175 1222 3316 1289 quod
3346 1222 3397 1274 in
3422 1223 3572 1294 prin—

1997 1311 2139 1380 cipio
2158 1309 2392 1364 Verbum
2412 1320 2526 1362 erat
2544 1308 2684 1378 apud
2704 1307 2868 1362 Deum
2889 1309 2998 1340 ’δοίη
3012 1350 3026 1376 ,
3047 1311 3217 1379 possit
3240 1313 3367 1367 illud
3387 1313 3570 1382 profe-

1997 1414 2106 1470 cto,
2136 1413 2394 1473 tanquam
2419 1403 2482 1455 ad
2511 1416 2605 1454 eos
2630 1399 2964 1454 exercendos
2987 1408 3039 1454 ct
3061 1403 3569 1467 consuefaciendos,

1999 1497 2050 1548 in
2088 1495 2288 1564 popqu
2324 1509 2354 1546 a
2384 1508 2441 1547 se
2473 1502 2657 1560 parato
2689 1490 2916 1556 versari,
2948 1500 3008 1544 ut
3037 1493 3102 1546 ad
3131 1491 3365 1548 Verbum
3397 1496 3570 1564 perfe-

1996 1593 2141 1638 ctum
2172 1581 2557 1650 excipiendum
2594 1579 2913 1632 instruatur.
2952 1578 3230 1636 Dubitabit
3259 1593 3439 1638 autent
3469 1588 3570 1640 ali-

1996 1672 2121 1742 quis
2153 1687 2220 1724 an
2251 1670 2475 1740 spiritus
2499 1677 2554 1721 et
2586 1667 2758 1720 virtus
2788 1665 2918 1720 Elice
2942 1670 3135 1736 quaain
3164 1667 3372 1725 Joanne
3394 1687 3568 1739 erant,

1998 1761 2200 1830 aliquid
2233 1774 2489 1830 perpessa
2526 1759 2654 1820 sint,
2682 1756 2835 1825 juxta
2874 1756 3006 1811 illud
3033 1761 3076 1792 ⁹¹
3111 1779 3122 1811 ;
3161 1780 3178 1810 ‹
3218 1759 3486 1817 Fecerunt
3515 1767 3565 1818 in

311 1828 440 1915 τοὺς
468 1851 730 1920 διψῶντας
751 1850 944 1919 ἐδίψων
969 1869 982 1881 ·
1029 1870 1046 1902 ι
1088 1851 1381 1925 βαθύτερον
1406 1853 1482 1915 δὲ,
1512 1854 1593 1906 ὅτι
1615 1854 1714 1907 οὐκ
1739 1853 1891 1925 εἴρη-

1997 1853 2156 1924 573
2185 1868 2250 1906 co
2284 1864 2621 1921 quaecunque
2657 1849 2980 1914 voluerunt;
3018 1867 3036 1900 ι
3068 1865 3132 1904 ac
3164 1853 3228 1904 ad
3260 1852 3312 1906 id
3362 1855 3571 1925 simpli-

312 1960 426 1996 ται·
467 1961 485 1992 ι
523 1942 659 1994 Ἀλλ’
694 1943 952 2014 ἐποίησαν
983 1943 1132 2014 αὐτῷ
1161 1945 1258 1997 ὅσα
1289 1945 1548 2016 ὲθέλησαν
1573 1948 1628 1998 ἐν
1650 1945 1799 2016 αὐτῷ
1823 1965 1834 1975 ·
1869 1965 1887 1997 ι

311 2028 380 2103 ἦν
417 2033 524 2104 γὰρ
559 2033 998 2106 ὲπερηρεισμένα
1023 2032 1101 2103 τῷ
1147 2035 1414 2105 πνεύματι
1445 2035 1537 2088 καὶ
1576 2037 1639 2106 τῇ
1669 2035 1893 2107 δυνάμει

323 2125 502 2176 Ἠλίου
529 2125 597 2177 τὰ
624 2125 945 2186 πεπονθότα,
969 2125 1002 2194 ἡ
1029 2123 1173 2195 ψυχὴ
1207 2126 1448 2179 Ἰωάννου
1479 2127 1728 2197 οὐδαμῶς
1760 2125 1893 2182 οὖσα

325 2216 508 2279 Ἠλίας
534 2233 548 2246 ·
584 2217 724 2286 τάχα
755 2216 810 2268 δὲ
851 2215 944 2268 καὶ
974 2216 1036 2268 τὸ
1080 2217 1265 2287 σῶμα·
1300 2219 1417 2269 κατ’
1452 2217 1608 2270 ἄλλον
1638 2217 1744 2289 γὰρ
1776 2221 1895 2291 τρό-

311 2322 411 2357 πον
444 2307 501 2358 ὲν
538 2304 749 2375 σώματι
781 2304 947 2376 ψυχὴ,
969 2306 1059 2358 καὶ
1084 2305 1320 2375 πνεῦμα,
1358 2309 1450 2360 καὶ
1481 2306 1739 2379 δύναμις’
1773 2314 1892 2364 κατ’

310 2397 468 2450 ἄλλον
511 2398 566 2451 δὲ
606 2397 666 2450 τὸ
703 2397 861 2468 σῶμα
908 2397 1000 2451 τοῦ
1051 2397 1260 2452 δικαίου
1304 2400 1361 2451 ὲν
1411 2402 1522 2464 τοῖς
1567 2401 1890 2471 κρείττοσιν,

310 2487 498 2559 ὥσπερ
524 2488 911 2560 ἐρηρεισμένον
948 2489 1131 2553 αὐτοῖς
1156 2533 1170 2552 ,
1208 2491 1300 2544 καὶ
1337 2490 1515 2544 αὐτῶν
1561 2491 1890 2563 ἠρτημένον.

317 2600 335 2630 ι
386 2581 449 2632 υἱ
493 2579 548 2633 δὲ
588 2582 644 2632 ὲν
684 2581 846 2651 σαρκὶ
899 2581 1052 2644 δντες
1103 2581 1220 2651 Θεῷ
1269 2582 1464 2652 ἀρέσαι
1512 2583 1572 2634 οὐ
1616 2582 1890 2637 δύνανται.

323 2671 512 2742 Ὑμεῖς
539 2670 596 2722 δὲ
630 2671 728 2723 οὐκ
755 2670 877 2723 ἐστὲ
922 2673 978 2724 ὲν
1009 2673 1191 2742 σαρκὶ,
1227 2672 1339 2725 ἀλλ’
1385 2673 1444 2726 ἐν
1478 2672 1746 2745 πνεύματι
1773 2716 1787 2740 ,
1817 2673 1894 2726 εἴ-

312 2779 420 2832 περ
450 2761 674 2832 Πνεῦμα
707 2762 841 2815 Θεοῦ
888 2765 1028 2816 οίκεῐ
1070 2765 1125 2816 ὲν
1158 2765 1317 2836 ὑμῖν⁹
1363 2785 1383 2818 ι
1410 2767 1443 2838 ἠ
1487 2765 1596 2838 γὰρ
1628 2765 1774 2838 ψυχὴ
1797 2766 1891 2820 τοῦ

312 2851 412 2920 μὲν
455 2851 776 2922 ἁμαρτωλοῦ
815 2853 874 2905 ὲν
912 2853 1075 2924 σαρκί
1116 2854 1230 2906 ὲστι
1257 2896 1272 2921 ,
1323 2854 1416 2908 τοῦ
1474 2854 1532 2906 δὲ
1577 2855 1786 2909 δικαίου
1834 2855 1892 2906 ὲν

311 2939 604 3011 πνεύματι.
633 2943 752 2994 Ἔτι
776 2942 832 2995 δὲ
863 2943 956 2997 κα¹ι
981 2942 1123 2996 τοῦτ’
1149 2943 1214 2997 ἂν
1239 2944 1516 3016 ζητηθείη,
1542 2946 1604 2998 τό
1625 2959 1641 2975 ⁶
1683 2964 1700 2995 ι
1749 2944 1890 2997 Ἀλλ’

309 3032 570 3100 ἐποίησαν
592 3035 649 3085 ἐν
671 3033 816 3104 αὐτῷ
843 3035 942 3087 ὅσα
965 3034 1254 3106 ἠθέλησαν,
1296 3054 1313 3086 ι
1347 3035 1438 3088 ἐπὶ
1471 3036 1592 3088 τίνα
1624 3036 1891 3108 ἀναφέρε-

303 3140 396 3177 ται
421 3141 434 3189 ;
467 3121 574 3197 ἄρα
603 3125 710 3196 γὰρ
737 3128 825 3179 ἐπὶ
858 3127 983 3190 τοὺς
1014 3128 1396 3197 Γραμματεῖς;
1427 3128 1554 3200 περὶ
1587 3121 1660 3182 ὧν
1689 3128 1890 3182 πυνθα-
1916 3156 1958 3211 C

305 3216 520 3287 νόμενοι
549 3218 598 3270 οί
627 3217 864 3289 μαθηταὶ
893 3218 1075 3287 ἔλεγον
1103 3235 1117 3250 ⁶
1161 3239 1180 3270 ι
1223 3219 1288 3272 Τί
1327 3216 1420 3273 οὖν
1455 3222 1502 3273 οἱ
1531 3221 1888 3293 Γραμματεῖς

304 3309 585 3377 λέγουσιν,
621 3311 703 3364 ὅτι
745 3311 932 3364 Ἠλίαν
976 3311 1058 3365 δεῖ
1094 3311 1267 3366 ἐλθεῖν
1307 3311 1522 3384 πρῶτον
1555 3330 1569 3377 ;
1615 3332 1632 3363 ι
1681 3313 1793 3366 ἀλλ’
1827 3315 1886 3367 οὐ

309 3399 447 3454 πάνυ
485 3417 538 3454 τι
578 3402 824 3470 φαίνεται
869 3403 973 3457 ὑπὸ
1010 3404 1120 3458 τῶν
1162 3405 1538 3476 Γραμματέων
1564 3406 1888 3460 πεπονθέναι

304 3507 357 3544 τι
391 3493 662 3562 Ἰωάννης,
686 3497 733 3548 εἰ
757 3495 831 3567 μὴ
855 3497 961 3568 ἄρα
981 3497 1061 3550 ὅτι
1091 3497 1192 3550 οὐκ
1222 3497 1548 3550 ἐπίστευσαν
1582 3498 1728 3568 αὐτῷ
1753 3499 1884 3568 (68),

304 3581 338 3652 ἢ
382 3583 492 3647 ὅτι,
547 3583 622 3648 ὡς
661 3587 754 3638 καὶ
792 3585 1047 3658 ἀνωτέρω
1089 3586 1352 3657 εἴπομεν,
1411 3587 1670 3639 συναίτιοι
1720 3589 1881 3655 γεγό-

303 3690 427 3726 νασι
463 3674 572 3745 (69)
606 3679 719 3738 τοῖς
753 3677 1174 3750 τετολμημένοις
1206 3679 1324 3731 κατ’
1359 3676 1525 3732 αὑτοῦ
1562 3678 1666 3730 ὑπὸ
1715 3677 1884 3748 Ἠρώ-

301 3764 414 3817 δου.
455 3765 644 3830 ’Λλλος
665 3768 709 3820 δ’
735 3767 800 3820 ἂν
831 3767 974 3822 εῖποι
995 3809 1009 3831 ,
1038 3769 1120 3822 ὅτι
1151 3769 1242 3822 τό·
1281 3788 1300 3822 ι
1349 3769 1486 3822 Ἀλλ’
1529 3769 1788 3841 ἐποίησαν
1824 3771 1881 3823 ὲν

303 3856 454 3928 αὐτῷ
480 3859 578 3912 ὅσα
609 3858 890 3930 ὲθέλησαν,
924 3878 940 3910 ι
969 3860 1068 3912 οὐκ
1094 3859 1185 3912 ἐπὶ
1209 3859 1333 3922 τοὺς
1367 3859 1735 3931 Γραμματεῖς,
1765 3859 1882 3914 ἀλλ’

304 3950 398 4002 ἐπὶ
420 3950 518 4021 τὴν
557 3951 874 4021 Ἡρωδιάδα,
906 3952 998 4005 καὶ
1020 3950 1117 4022 τὴν
1153 3951 1424 4024 θυγατέρα
1453 3952 1642 4022 αὐτῆς,
1673 3954 1766 4006 καὶ
1790 3954 1882 4006 τὸν

314 4037 560 4112 Ἦρώδην
608 4040 970 4112 ἀναφέρεται,
1025 4059 1042 4090 ι
1087 4040 1414 4111 ποιήσαντας
1472 4043 1529 4094 ἐν
1585 4041 1733 4111 αὑτῷ
1780 4042 1882 4094 ὅσα

1995 1948 2130 2000 citer
2157 1944 2373 2015 quidem
2407 1939 2821 2012 respondebitur
2850 1957 2879 1995 a
2911 1941 3120 1994 ratione
3142 1958 3247 1996 non
3275 1945 3570 2001 abhorrere

1994 2052 2058 2091 ea
2091 2052 2214 2107 qua!
2255 2036 2516 2090 auxilium
2551 2032 2810 2103 prznbent,
2844 2043 3062 2102 propter
3087 2035 3427 2100 eharitatem,
3473 2052 3570 2092 co-

1995 2146 2116 2184 rum
2147 2145 2267 2198 quae
2309 2129 2637 2198 adjuvantur
2669 2130 2827 2184 malis
2858 2127 3028 2193 aIIici;
3065 2127 3139 2180 ait
3179 2127 3444 2192 siquidem
3477 2127 3570 2183 Je-

1998 2236 2093 2274 sus
2129 2220 2175 2252 ”
2197 2239 2210 2274 :
2235 2239 2252 2270 ι
2279 2218 2505 2290 Propter
2536 2220 2801 2283 infirmos,
2843 2220 3093 2273 intirmus
3127 2219 3200 2272 fui
3223 2261 3236 2286 ,
3267 2228 3320 2273 et
3350 2229 3568 2289 propter

1995 2306 2319 2368 esurientes,
2356 2305 2556 2372 esurii;
2617 2319 2668 2362 ct
2731 2316 2950 2377 propter
2991 2308 3262 2370 sitientes,
3309 2308 3418 2361 sitii
3479 2325 3495 2366 :
3540 2326 3562 2361 ι

1995 2398 2414 2466 respondebitur
2459 2413 2589 2453 vero
2643 2399 2953 2454 accuratius
2991 2399 3193 2454 dictum
3244 2416 3351 2453 non
3394 2415 3515 2454 esse
3550 2420 3565 2456 :

2001 2507 2020 2538 ι
2059 2489 2162 2544 Sed
2208 2489 2453 2545 fecerunt
2507 2492 2556 2545 ei
2601 2506 2942 2560 qumcnnquc
2983 2492 3272 2545 voluerunt
3313 2493 3366 2546 in
3415 2509 3510 2558 eo;
3542 2511 3560 2542 ι

1995 2598 2055 2636 ea
2088 2583 2232 2636 enim
2262 2598 2383 2652 qua:
2432 2583 2574 2636 mala
2629 2583 2948 2643 tolerabant,
3009 2582 3220 2651 spiritui
3274 2593 3328 2636 et
3381 2585 3564 2638 virtuti

1995 2670 2123 2725 Elia:
2169 2671 2353 2726 innixa
2394 2681 2589 2737 erant;
2637 2669 2861 2725 Joannis
2913 2671 3173 2725 nimirum
3215 2674 3394 2727 anima
3446 2689 3567 2743 quae

1994 2762 2140 2816 Elias
2203 2777 2310 2815 non
2377 2770 2492 2816 erat
2515 2756 2538 2827 ;'
2588 2761 2818 2816 fortasse
2869 2778 2998 2818 vero
3047 2773 3101 2818 et
3138 2779 3373 2834 corpus;
3412 2765 3568 2820 aliter

1993 2852 2136 2906 enim
2166 2852 2218 2906 in
2252 2867 2476 2920 corpore
2506 2855 2686 2906 anima
2716 2863 2818 2918 est,
2853 2862 2907 2907 et
2952 2855 3194 2923 spiritus,
3249 2863 3302 2909 et
3355 2855 3562 2918 virtus;

1992 2944 2148 2998 aliter
2176 2960 2304 2998 vero
2339 2943 2472 3013 justi
2500 2959 2698 3013 corpus
2723 2944 2774 2996 in
2803 2945 3140 3008 melioribus,
3171 2947 3328 3015 quasi
3360 2947 3446 3001 his
3476 2947 3560 3000 in-

1993 3035 2201 3097 nixum,
2228 3035 2296 3087 ab
2323 3035 2498 3103 iisque
2545 3033 2782 3102 pendens
2817 3051 2829 3086 :
2860 3052 2878 3085 ι
2931 3033 3034 3099 Qui
3079 3043 3260 3088 autem
3309 3036 3362 3088 in
3399 3051 3565 3090 carne

1993 3133 2138 3190 sunt,
2177 3125 2283 3180 Deo
2317 3126 2530 3195 placere
2557 3143 2660 3180 non
2692 3133 2938 3196 possunt.
2975 3125 3082 3181 Vos
3105 3135 3284 3181 autem
3314 3128 3366 3180 in
3399 3142 3564 3180 carne

1992 3234 2098 3272 non
2123 3220 2276 3286 estis,
2301 3218 2394 3274 sed
2431 3222 2481 3271 in
2516 3220 2706 3289 spiritu
2741 3219 2825 3273 :si
2856 3229 3032 3274 tamen
3065 3219 3300 3288 Spiritus
3337 3219 3429 3274 Dei
3467 3222 3564 3274 ha-

1989 3311 2123 3364 bitat
2153 3310 2206 3362 in
2238 3309 2393 3364 vobis
2428 3309 2494 3360 ”.
2537 3330 2554 3360 ι
2595 3309 2902 3365 Peccatoris
2934 3311 3078 3364 enim
3108 3311 3287 3366 anima
3318 3312 3373 3368 in
3401 3327 3565 3367 carne

1987 3411 2107 3469 est;
2133 3402 2268 3472 justi
2299 3409 2503 3465 autem,
2538 3401 2591 3454 in
2641 3401 2855 3472 spiritu.
2916 3401 3057 3468 Quin
3109 3410 3162 3456 et
3214 3401 3344 3456 illud
3393 3403 3563 3472 quaeri

1988 3503 2183 3564 potest,
2215 3493 2280 3547 ad
2311 3506 2603 3562 quemnam
2641 3491 2692 3544 id
2732 3492 3039 3560 pertineat:
3098 3509 3116 3542 (
3169 3489 3274 3545 Sed
3322 3491 3564 3546 fecerunt

1989 3587 2043 3639 in
2079 3600 2144 3638 eo
2175 3597 2513 3654 quaecunque
2558 3583 2878 3646 voluerunt;
2927 3600 2944 3633 ι
2981 3597 3048 3634 an
3101 3581 3165 3636 ad
3202 3579 3444 3648 Scribas,
3495 3586 3562 3636 de

1989 3676 2190 3745 quibus
2239 3672 2490 3742 discipuli
2527 3672 2863 3741 inquirentes
2914 3672 3165 3726 dicebant
3203 3673 3295 3727 ’δε
3347 3691 3366 3724 ι
3420 3675 3559 3740 Quid

1988 3782 2118 3838 ergo
2154 3764 2359 3820 Seribae
2389 3763 2599 3830 dicunt,
2639 3763 2781 3832 quod
2817 3761 2990 3816 Eliam
3033 3772 3281 3832 oporteat
3325 3765 3557 3833 prinnnn

1987 3855 2215 3912 venire?
2253 3873 2272 3906 ι
2313 3851 2415 3908 Sed
2447 3867 2554 3906 non
2586 3851 2754 3904 multa
2788 3849 2981 3904 Joanni
3024 3851 3270 3904 videntur
3299 3865 3328 3903 a
3356 3849 3560 3904 Scribis

1989 3949 2189 4004 inﬂicta
2218 3946 2380 4007 mala,
2425 3944 2532 3998 nisi
2566 3943 2797 3997 fortasse
2826 3942 2968 4010 quod
3016 3941 3173 3995 fidem
3214 3941 3263 3996 ei
3302 3958 3410 3995 non
3457 3942 3560 3996 ha-

1988 4035 2366 4102 buerunt;ch
2397 4037 2560 4088 etlam
2589 4033 2755 4101 quod,
2792 4031 2864 4085 ita
2900 4039 3010 4085 uta
3054 4031 3212 4086 nobis
3261 4047 3423 4102 snpra
3478 4031 3559 4086 di-

1501 4137 1728 4192 VE'I‘US
1771 4131 2346 4190 INTERPRETATIO.

303 4244 428 4284 mus
462 4247 474 4281 :
513 4247 530 4280 ι
563 4228 629 4283 Et
659 4230 704 4284 si
733 4229 899 4285 vultis
933 4230 1232 4300 suscipere,
1261 4229 1374 4300 ipse
1413 4239 1493 4283 est
1522 4228 1669 4283 Elias
1694 4228 1796 4300 qui
1826 4235 2218 4300 venturusest.

303 4308 432 4372 runt
478 4301 526 4352 ei
570 4309 774 4372 quanta
819 4299 1126 4354 voluerunt.
1169 4319 1188 4351 ι
1221 4299 1410 4372 Adhuc
1428 4308 1618 4372 autem
1653 4299 2120 4372 videamus__quod_
2150 4299 2223 4348 ait
2268 4313 2280 4346 :
2326 4313 2342 4343 ι
2382 4299 2446 4345 Et
2493 4299 2738 4372 fecerunt
2791 4299 2840 4372 ei
2891 4307 2959 4372 qu

1043 4380 1224 4424 utrum
1291 4370 1354 4423 ad
1425 4368 1644 4423 Scribas
1708 4369 1775 4421 de
1852 4361 2050 4435 quibus
2109 4366 2515 4435 interrogantes
2575 4361 2848 4435 discipuli
2888 4361 3170 4435 _dicebant_
3232 4379 3244 4413 :

303 4369 369 4422 ad
432 4383 593 4438 quem
676 4369 911 4424 refertur
963 4388 975 4422 :

1971 4297 2112 4366 quod
2150 4297 2223 4348 ait
2268 4313 2280 4346 :

2256 4225 2357 4290 Qui
2385 4223 2546 4276 habet
2578 4235 2738 4275 aures
2765 4219 3038 4284 audiendi,
3072 4220 3276 4276 audiat.
3313 4220 3378 4274 Et
3407 4219 3552 4274 fece-

2326 4313 2342 4343 ι
2382 4292 2446 4345 Ει
2493 4292 2738 4346 fecerunt
2791 4291 2840 4343 ei
2891 4300 3094 4359 quanta
3147 4291 3473 4355 voluerunt,
3533 4312 3552 4343 ι

2326 4373 2503 4426 gantes
2575 4361 2825 4426 discipuli
2911 4361 3163 4414 dicebant
3232 4379 3244 4413 :
3321 4379 3340 4412 ι
3413 4361 3554 4426 Quid

3321 4379 3340 4412 1
3413 4379 3534 4414 υυιι

302 4428 650 4506 ergo-dicunt
673 4439 911 4495 Scribte?
947 4458 964 4490 ι
1006 4439 1108 4493 Sed
1143 4454 1249 4494 non
1287 4438 1593 4492 invenimus
1628 4437 1830 4506 aliquid
1869 4428 2087 4505 passum
2120 4428 2385 4506 ,Ioanne'in
2420 4428 2860 4506 3_S-CI‘I.I_IIS,IIIISI_
2883 4428 3041 4506 forte,
3067 4431 3359 4506 _quia_non_
3379 4430 3554 4506 credi-

302 4498 501 4580 derunt
543 4509 611 4563 ei.
655 4510 766 4564 Aut
801 4510 903 4565 nisi
948 4508 1111 4571 fcrte,
1157 4511 1314 4580 quod
1336 4508 1586 4580 superius
1621 4498 1884 4580 diximus;
1928 4506 2062 4580 socii
2111 4503 2326 4558 fuerant
2356 4502 2477 4555 facti
2511 4500 2818 4580 iuhiisuquze
2851 4501 3032 4580 intulit
3066 4498 3305 4580 Herodes
3333 4498 3549 4580 Joa-nni.

301 4579 459 4649 Alius
490 4590 672 4649 autem
700 4579 852 4649 dicit,
883 4581 1026 4649 quod
1061 4568 1138 4633 ait
1175 4568 1189 4632 Ξ
1224 4598 1242 4629 ι
1277 4577 1340 4631 Ει
1368 4568 1610 4631 fecerunt
1633 4577 1681 4649 ei
1712 4585 1915 4646 quanta
1941 4577 2248 4649 voluerunt,
2283 4590 2301 4649 ξ
2330 4587 2437 4625 non
2466 4572 2530 4624 ad
2545 4568 3024 4649 Seriliiis_t'efer'ri,
3056 4571 3233 4649 sedad
3265 4568 3552 4649 Ilerodern,
3582 4627 3590 4638 ,

300 4659 355 4701 et
389 4648 454 4701 ad
488 4637 870 4712 Ilerodiadeni,
901 4637 965 4702 'et
992 4648 1154 4703 tiliam
1190 4649 1310 4718 ejus
1338 4667 1350 4702 :
1380 4655 1598 4717 propter
1632 4637 1744 4701 hoc'
1767 4655 1946 4700 autem
1977 4646 2119 4714 quod
2152 4642 2398 4712 sequitur
2428 4655 2445 4697 :
2487 4659 2505 4692 ι
2544 4637 2634 4694 Sic
2675 4649 2728 4694 et
2755 4638 2924 4693 Filius
2967 4639 3202 4694 hominis
3226 4639 3457 4708 patietur
3485 4640 3554 4693 ah

375 4785 487 4823 ’⁸-⁹¹
519 4786 670 4840 .Ioan.
704 4805 741 4854 ι,
777 4791 826 4844 I.

902 4793 946 4823 ⁹²
977 4793 1164 4847 Matth.
1200 4809 1330 4854 xm,
1371 4795 1455 4850 12,
1535 4788 1580 4819 "
1609 4788 1764 4845 Itom.
1803 4807 1920 4858 vm,
1958 4792 2012 4859 8,
2043 4791 2096 4848 9.
2171 4791 2217 4825 "’
2243 4791 2431 4847 Matth.
2470 4809 2602 4856 xvn,
2630 4792 2713 4848 10.

381 4931 495 5003 (64)
533 4933 657 4987 Ἵνα
680 4933 1157 4988 ἀποκαταστᾶσι.
1188 4933 1266 4989 Ita
1320 4950 1452 4989 mss.
1505 4933 1570 4988 II.
1616 4946 1669 4990 et
1701 4935 1789 4994 Β..
1824 4936 1875 4991 id

1992 4935 2279 5001 νοῦν-τας»
2311 4944 2417 4989 etc.
2455 4935 2591 4988 Cum
2619 4932 2735 4986 haec
2781 4930 2831 4985 in
2873 4929 3003 5003 Novi
3037 4929 3366 4987 Tcstamenti
3403 4935 3556 4991 libris

307 5015 434 5060 est:
472 5025 490 5055 ι
543 5003 606 5056 iis
639 5006 730 5072 qui
763 5005 996 5058 restituti
1029 5004 1230 5057 fuerint
1265 5020 1276 5054 ε
1317 5025 1333 5054 ι
1373 5005 1444 5058 ita
1481 5005 1607 5058 infr.
1641 5006 1694 5058 in
1734 5005 1879 5059 Mat—

309 5080 526 5139 tha'um,
560 5090 671 5136 xu,
695 5073 797 5144 29:
825 5074 887 5125 Et
913 5073 969 5144 δὲ
987 5072 1208 5144 δύνασαι
1232 5074 1420 5144 νοῆσαι
1445 5074 1535 5126 τὸν
1553 5075 1722 5142 Λόγον
1751 5077 1885 5128 ἀπο-

305 5144 648 5198 καταστάντα
684 5143 783 5215 μὲν
807 5143 946 5215 μετὰ
977 5143 1037 5215 τὸ
1058 5143 1336 5215 γεγονέναι
1361 5144 1522 5215 ape?»
1562 5146 1760 5213 σάρκα,
1793 5147 1886 5198 καὶ

306 5208 782 5277 ἀποκαταστάντα,
807 5208 900 5265 ἶνα
929 5208 1151 5285 γένηται
1173 5210 1356 5285 ὁποῖος
1385 5208 1553 5285 ἦνμὲν
1573 5208 1714 5284 ἀρχῇ
1751 5215 1886 5285 πρὸς

307 5285 398 5336 τὸν
417 5285 567 5348 Θεόν,
600 5285 702 5338 hoc
731 5292 834 5347 est,
861 5303 879 5334 ι
901 5281 1236 5337 restitutum.
1263 5301 1280 5332 ι
1317 5281 1472 5348 Quod
1506 5281 1712 5337 idcirco
1739 5300 1768 5338 a
1793 5281 1883 5340 ine

309 5364 548 5417 notatur,
591 5355 717 5422 quia
765 5355 997 5408 activam
1039 5353 1213 5406 solum
1248 5353 1412 5424 verbo
1462 5352 1585 5407 huic
1615 5353 1885 5424 significa-

307 5425 509 5494 tionem
536 5421 906 5494 leiicographi
942 5424 1209 5478 tribuunt.
1246 5421 1510 5494 IlueItus.

377 5493 489 5562 (65)
532 5491 1310 5562 Ὠσπερεὶίπροπύμνασμα.
1367 5491 1589 5546 Videtur
1639 5493 1874 5562 positum

307 5579 608 5634 progpoyu
617 5564 877 5634 μναστής.
892 5565 983 5634 In.

380 5628 490 5704 (66)
525 5628 929 5704 λξᾹσὲορήσέμὸ
961 5632 1038 5686 ἄν
1060 5649 1171 5704 τις,
1194 5629 1330 5685 Cod.
1356 5628 1556 5704 vatim,
1587 5634 1877 5704 dgitowa-

307 5720 415 5757 σειε
447 5702 493 5754 δ’
514 5701 579 5754 ἄν
610 5719 710 5764 τις.
745 5733 814 5740 -
848 5702 966 5756 Lin.
1007 5719 1118 5771 seq.
1160 5703 1275 5771 lege
1307 5701 1449 5754 κατὰ
1481 5703 1556 5754 τό.
1596 5701 1751 5757 Ent'r.

377 5773 491 5844 (67)
531 5771 640 5824 Καὶ
666 5814 669 5817 .
699 5772 928 5839 Ἰησοῦς
959 5772 1107 5841 γοῦν
1137 5789 1285 5840 φησι
1311 5789 1322 5801 ·
1342 5772 1477 5824 «Διά
1515 5773 1656 5838 τοὺς
1702 5775 1877 5827 ἀσθε-

583 5868 1005 5927 Ριιτιιοιμϐιι.
1038 5867 1198 5928 XIII.

1985 5021 2092 5060 non
2124 5006 2446 5065 habeantur,
2480 5021 2545 5057 ex
2579 5001 3109 5072 apocryphoialiquo
3149 5005 3427 5072 evangelio
3459 5007 3557 5061 de-

1985 5086 2230 5144 prompta
2261 5091 2381 5130 esse
2403 5071 2951 5144 judicatnugs.jqualia
2984 5073 3150 5125 multa
3201 5071 3555 5129 circumfere-

1982 5141 2180 5198 bantur
2221 5141 2498 5209 olim,'ut
2547 5159 2612 5196 cx
2661 5141 2858 5195 Gelasii
2913 5141 3128 5196 decreto
3176 5144 3386 5198 discere
3436 5155 3552 5208 est,

1986 5214 2140 5270 Deer.
2187 5225 2326 5283 part.
2360 5231 2374 5268 I
2401 5253 2415 5276 ,
2451 5213 2695 5267 distinct.
2726 5211 2791 5265 15
2812 5253 2825 5275 ,
2856 5210 3018 5283 velue
3055 5211 3188 5265 Novi
3220 5211 3552 5268 Testamenti

1981 5281 2382 5354 exemplaribus
2413 5283 2696 5354 excidisse,
2727 5282 2871 5351 quod
2907 5281 3044 5335 alias
3066 5284 3226 5336 etiam
3261 5284 3554 5352 contigisse

1983 5353 2121 5408 infra
2146 5353 2580 5408 ’observahimus.
2611 5353 2871 5406 lluerws.

2061 5425 2171 5494 (68)
2209 5426 2278 5476 EI
2315 5423 2400 5491 μὴ
2444 5422 2558 5490 ἄρα
2589 5421 2818 5494 ὅτιούκ
2849 5422 3222 5494 ἐπίστευσαν
3251 5420 3431 5486 αὐτῷ.
3472 5419 3552 5494 Ita

1986 5491 2264 5563 exciriplar
2287 5495 2503 5562 aliquod
2534 5493 2790 5563 habuisse
2813 5493 3037 5546 scimus.
3069 5491 3264 5563 Matth.
3284 5508 3394 5544 xvn
3415 5530 3430 5555 ,
3462 5492 3548 5547 II.

1987 5560 2162 5628 Vulgo
2186 5560 2415 5631 legitur:
2449 5564 2541 5614 καὶ
2571 5563 2668 5613 οὐκ
2697 5560 3010 5626 ἐπέγνωσαν
3039 5561 3218 5614 αὐτόν.
3249 5561 3323 5614 In.

2057 5633 2166 5702 (69)
2207 5633 2503 5687 Συναίτιοι
2535 5633 2817 5700 γεγόνασι
2839 5672 2853 5694 ,
2885 5638 2934 5682 et
2971 5631 3109 5685 infra
3150 5633 3336 5686 eodem
3371 5647 3552 5702 num.,

1983 5705 2080 5756 ml
2145 5704 2254 5773 γὰρ
2315 5702 2469 5756 ἔοικε
2514 5703 2851 5773 σύμψηφος
2900 5702 3234 5770 γεγονέναι,
3274 5712 3376 5758 etc.
3420 5702 3553 5762 Vide

1986 5771 2370 5842 Hieronymum
2411 5773 2462 5824 in
2501 5771 2691 5824 Matth.

3194 5864 3272 5924 35
