  <div class='ocr_page' id='page_1' title='image "/cluster/home/n/w/nwhite01/storage/ocr_20150623/13/mdp.39015007036059/555.png"; bbox 0 0 4028 6296; ppageno 0'>
   <div class='ocr_carea' id='block_1_1' title="bbox 438 353 570 408">
    <p class='ocr_par' dir='ltr' id='par_1_1' title="bbox 438 353 570 408">
     <span class='ocr_line' id='line_1_1' title="bbox 438 353 570 408; baseline 0 -1"><span class='ocrx_word' id='word_1_1' title='bbox 438 353 570 408; x_wconf 76' lang='grc'><strong>1103</strong></span> 
     </span>
    </p>
   </div>
   <div class='ocr_carea' id='block_1_2' title="bbox 1899 344 2222 406">
    <p class='ocr_par' dir='ltr' id='par_1_2' title="bbox 1899 344 2222 406">
     <span class='ocr_line' id='line_1_2' title="bbox 1899 344 2222 406; baseline -0.015 0"><span class='ocrx_word' id='word_1_2' title='bbox 1899 344 2222 406; x_wconf 80' lang='lat' dir='ltr'><strong>ORlGENlS</strong></span> 
     </span>
    </p>
   </div>
   <div class='ocr_carea' id='block_1_3' title="bbox 3547 341 3688 395">
    <p class='ocr_par' dir='ltr' id='par_1_3' title="bbox 3547 341 3688 395">
     <span class='ocr_line' id='line_1_3' title="bbox 3547 341 3688 395; baseline -0.028 0"><span class='ocrx_word' id='word_1_3' title='bbox 3547 341 3688 395; x_wconf 64' lang='lat' dir='ltr'><strong>HN</strong></span> 
     </span>
    </p>
   </div>
   <div class='ocr_carea' id='block_1_4' title="bbox 435 453 2007 539">
    <p class='ocr_par' dir='ltr' id='par_1_4' title="bbox 435 462 2003 539">
     <span class='ocr_line' id='line_1_4' title="bbox 435 462 2003 539; baseline -0.005 -14"><span class='ocrx_word' id='word_1_4' title='bbox 435 468 591 539; x_wconf 79' lang='lat' dir='ltr'><strong>quasi</strong></span> <span class='ocrx_word' id='word_1_5' title='bbox 619 467 874 539; x_wconf 84' lang='lat' dir='ltr'><strong>epilcpsia</strong></span> <span class='ocrx_word' id='word_1_6' title='bbox 916 466 1169 536; x_wconf 85' lang='lat' dir='ltr'><strong>quadam,</strong></span> <span class='ocrx_word' id='word_1_7' title='bbox 1201 479 1263 519; x_wconf 84' lang='lat' dir='ltr'><strong>ea</strong></span> <span class='ocrx_word' id='word_1_8' title='bbox 1305 477 1498 534; x_wconf 84' lang='lat' dir='ltr'><strong>nempe</strong></span> <span class='ocrx_word' id='word_1_9' title='bbox 1553 478 1674 534; x_wconf 62' lang='lat' dir='ltr'><strong>quae</strong></span> <span class='ocrx_word' id='word_1_10' title='bbox 1718 462 1787 519; x_wconf 87' lang='lat' dir='ltr'><strong>ab</strong></span> <span class='ocrx_word' id='word_1_11' title='bbox 1837 462 2003 518; x_wconf 89' lang='lat' dir='ltr'><strong>animi</strong></span> 
     </span>
    </p>
   </div>
   <div class='ocr_carea' id='block_1_5' title="bbox 2108 453 3685 539">
    <p class='ocr_par' dir='ltr' id='par_1_5' title="bbox 2108 453 3685 532">
     <span class='ocr_line' id='line_1_5' title="bbox 2108 453 3685 532; baseline -0.006 -18"><span class='ocrx_word' id='word_1_12' title='bbox 2108 459 2467 532; x_wconf 81' lang='grc' dir='ltr'><strong>νομιζομένας</strong></span> <span class='ocrx_word' id='word_1_13' title='bbox 2497 456 2759 526; x_wconf 75' lang='grc' dir='ltr'>ὑγιαίνειν</span> <span class='ocrx_word' id='word_1_14' title='bbox 2785 457 2843 510; x_wconf 84' lang='grc' dir='ltr'>ὲν</span> <span class='ocrx_word' id='word_1_15' title='bbox 2876 453 3199 528; x_wconf 68' lang='grc' dir='ltr'>σωφροσύνῃ</span> <span class='ocrx_word' id='word_1_16' title='bbox 3231 455 3324 508; x_wconf 73' lang='grc' dir='ltr'>καὶ</span> <span class='ocrx_word' id='word_1_17' title='bbox 3348 456 3466 517; x_wconf 84' lang='grc' dir='ltr'>ταῖς</span> <span class='ocrx_word' id='word_1_18' title='bbox 3498 453 3685 516; x_wconf 74' lang='grc' dir='ltr'>ἄλλαις</span> 
     </span>
    </p>
   </div>
   <div class='ocr_carea' id='block_1_6' title="bbox 433 555 2001 630">
    <p class='ocr_par' dir='ltr' id='par_1_6' title="bbox 433 555 2001 630">
     <span class='ocr_line' id='line_1_6' title="bbox 433 555 2001 630; baseline -0.003 -14"><span class='ocrx_word' id='word_1_19' title='bbox 433 560 929 630; x_wconf 73' lang='lat' dir='ltr'><strong>perturbationibus</strong></span> <span class='ocrx_word' id='word_1_20' title='bbox 949 559 1140 624; x_wconf 89' lang='lat' dir='ltr'><strong>oritur,</strong></span> <span class='ocrx_word' id='word_1_21' title='bbox 1169 556 1559 627; x_wconf 88' lang='lat' dir='ltr'><strong>corripiuntur,</strong></span> <span class='ocrx_word' id='word_1_22' title='bbox 1588 566 1639 611; x_wconf 90' lang='lat' dir='ltr'><strong>et</strong></span> <span class='ocrx_word' id='word_1_23' title='bbox 1665 555 1734 611; x_wconf 89' lang='lat' dir='ltr'><strong>ab</strong></span> <span class='ocrx_word' id='word_1_24' title='bbox 1761 571 1826 612; x_wconf 91' lang='lat' dir='ltr'><strong>eo</strong></span> <span class='ocrx_word' id='word_1_25' title='bbox 1858 566 2001 611; x_wconf 82' lang='lat' dir='ltr'><strong>statu</strong></span> 
     </span>
    </p>
   </div>
   <div class='ocr_carea' id='block_1_7' title="bbox 432 647 2002 720">
    <p class='ocr_par' dir='ltr' id='par_1_7' title="bbox 432 647 2002 720">
     <span class='ocr_line' id='line_1_7' title="bbox 432 647 2002 720; baseline -0.003 -13"><span class='ocrx_word' id='word_1_26' title='bbox 432 652 711 717; x_wconf 90' lang='lat' dir='ltr'><strong>decidunt,</strong></span> <span class='ocrx_word' id='word_1_27' title='bbox 729 664 837 720; x_wconf 89' lang='lat' dir='ltr'><strong>quo</strong></span> <span class='ocrx_word' id='word_1_28' title='bbox 859 660 1004 704; x_wconf 90' lang='lat' dir='ltr'><strong>stare</strong></span> <span class='ocrx_word' id='word_1_29' title='bbox 1025 648 1367 715; x_wconf 76' lang='lat' dir='ltr'><strong>videbantur,</strong></span> <span class='ocrx_word' id='word_1_30' title='bbox 1391 657 1445 704; x_wconf 92' lang='lat' dir='ltr'><strong>et</strong></span> <span class='ocrx_word' id='word_1_31' title='bbox 1471 663 1599 716; x_wconf 77' lang='lat' dir='ltr'><strong>erga</strong></span> <span class='ocrx_word' id='word_1_32' title='bbox 1625 647 1808 703; x_wconf 82' lang='lat' dir='ltr'><strong>saeculi</strong></span> <span class='ocrx_word' id='word_1_33' title='bbox 1838 647 2002 717; x_wconf 86' lang='lat' dir='ltr'><strong>hujus</strong></span> 
     </span>
    </p>
   </div>
   <div class='ocr_carea' id='block_1_8' title="bbox 434 739 2008 810">
    <p class='ocr_par' dir='ltr' id='par_1_8' title="bbox 434 739 2008 810">
     <span class='ocr_line' id='line_1_8' title="bbox 434 739 2008 810; baseline -0.004 -12"><span class='ocrx_word' id='word_1_34' title='bbox 434 742 704 798; x_wconf 78' lang='lat' dir='ltr'><strong>fallaciam</strong></span> <span class='ocrx_word' id='word_1_35' title='bbox 746 740 1093 809; x_wconf 83' lang='lat' dir='ltr'><strong>reliquasque</strong></span> <span class='ocrx_word' id='word_1_36' title='bbox 1124 739 1446 810; x_wconf 74' lang='lat' dir='ltr'><strong>cupiditates</strong></span> <span class='ocrx_word' id='word_1_37' title='bbox 1479 740 1785 810; x_wconf 89' lang='lat' dir='ltr'><strong>rapiuntur.</strong></span> <span class='ocrx_word' id='word_1_38' title='bbox 1827 739 2008 795; x_wconf 78' lang='lat' dir='ltr'><strong>Forsi-</strong></span> 
     </span>
    </p>
   </div>
   <div class='ocr_carea' id='block_1_9' title="bbox 434 829 2002 902">
    <p class='ocr_par' dir='ltr' id='par_1_9' title="bbox 434 829 2002 902">
     <span class='ocr_line' id='line_1_9' title="bbox 434 829 2002 902; baseline -0.003 -14"><span class='ocrx_word' id='word_1_39' title='bbox 434 842 529 888; x_wconf 86' lang='lat' dir='ltr'><strong>tan</strong></span> <span class='ocrx_word' id='word_1_40' title='bbox 562 845 692 902; x_wconf 77' lang='lat' dir='ltr'><strong>ergo</strong></span> <span class='ocrx_word' id='word_1_41' title='bbox 719 829 945 885; x_wconf 90' lang='lat' dir='ltr'><strong>minime</strong></span> <span class='ocrx_word' id='word_1_42' title='bbox 978 829 1342 897; x_wconf 86' lang='lat' dir='ltr'><strong>aberraveris,</strong></span> <span class='ocrx_word' id='word_1_43' title='bbox 1383 831 1426 886; x_wconf 91' lang='lat' dir='ltr'><strong>si</strong></span> <span class='ocrx_word' id='word_1_44' title='bbox 1450 830 1701 885; x_wconf 86' lang='lat' dir='ltr'><strong>homines</strong></span> <span class='ocrx_word' id='word_1_45' title='bbox 1732 829 2002 900; x_wconf 86' lang='lat' dir='ltr'><strong>ejusmodi</strong></span> 
     </span>
    </p>
   </div>
   <div class='ocr_carea' id='block_1_10' title="bbox 431 918 1998 992">
    <p class='ocr_par' dir='ltr' id='par_1_10' title="bbox 431 918 1998 992">
     <span class='ocr_line' id='line_1_10' title="bbox 431 918 1998 992; baseline -0.003 -17"><span class='ocrx_word' id='word_1_46' title='bbox 431 920 529 992; x_wconf 89' lang='lat' dir='ltr'><strong>qui</strong></span> <span class='ocrx_word' id='word_1_47' title='bbox 580 935 612 975; x_wconf 90' lang='lat' dir='ltr'><strong>a</strong></span> <span class='ocrx_word' id='word_1_48' title='bbox 659 937 678 971; x_wconf 84' lang='grc' dir='ltr'><strong>ι</strong></span> <span class='ocrx_word' id='word_1_49' title='bbox 721 918 1096 989; x_wconf 89' lang='lat' dir='ltr'><strong>spiritualibus</strong></span> <span class='ocrx_word' id='word_1_50' title='bbox 1138 919 1394 989; x_wconf 70' lang='lat' dir='ltr'><strong>nequitia:</strong></span> <span class='ocrx_word' id='word_1_51' title='bbox 1430 918 1485 973; x_wconf 90' lang='lat' dir='ltr'><strong>in</strong></span> <span class='ocrx_word' id='word_1_52' title='bbox 1530 919 1846 975; x_wconf 86' lang='lat' dir='ltr'><strong>coelestibus</strong></span> <span class='ocrx_word' id='word_1_53' title='bbox 1891 919 1935 951; x_wconf 78' lang='grc'><strong>⁸⁸</strong></span> <span class='ocrx_word' id='word_1_54' title='bbox 1979 938 1998 971; x_wconf 85' lang='grc' dir='ltr'><strong>ι</strong></span> 
     </span>
    </p>
   </div>
   <div class='ocr_carea' id='block_1_11' title="bbox 432 1010 2005 1083">
    <p class='ocr_par' dir='ltr' id='par_1_11' title="bbox 432 1010 2005 1083">
     <span class='ocr_line' id='line_1_11' title="bbox 432 1010 2005 1083; baseline -0.003 -14"><span class='ocrx_word' id='word_1_55' title='bbox 432 1011 784 1083; x_wconf 88' lang='lat' dir='ltr'><strong>dejiciuntur,</strong></span> <span class='ocrx_word' id='word_1_56' title='bbox 821 1011 1038 1082; x_wconf 73' lang='lat' dir='ltr'><strong>spiritu,</strong></span> <span class='ocrx_word' id='word_1_57' title='bbox 1084 1021 1142 1065; x_wconf 95' lang='lat' dir='ltr'><strong>ut</strong></span> <span class='ocrx_word' id='word_1_58' title='bbox 1181 1012 1252 1066; x_wconf 86' lang='lat' dir='ltr'><strong>ita</strong></span> <span class='ocrx_word' id='word_1_59' title='bbox 1313 1011 1513 1078; x_wconf 89' lang='lat' dir='ltr'><strong>dicam,</strong></span> <span class='ocrx_word' id='word_1_60' title='bbox 1573 1010 1843 1065; x_wconf 85' lang='lat' dir='ltr'><strong>lunaticos</strong></span> <span class='ocrx_word' id='word_1_61' title='bbox 1884 1025 2005 1065; x_wconf 91' lang='lat' dir='ltr'><strong>esse</strong></span> 
     </span>
    </p>
   </div>
   <div class='ocr_carea' id='block_1_12' title="bbox 436 1104 2007 1176">
    <p class='ocr_par' dir='ltr' id='par_1_12' title="bbox 436 1104 2007 1176">
     <span class='ocr_line' id='line_1_12' title="bbox 436 1104 2007 1176; baseline -0.003 -13"><span class='ocrx_word' id='word_1_62' title='bbox 436 1108 609 1171; x_wconf 89' lang='lat' dir='ltr'><strong>dicas,</strong></span> <span class='ocrx_word' id='word_1_63' title='bbox 638 1114 694 1161; x_wconf 89' lang='lat' dir='ltr'><strong>et</strong></span> <span class='ocrx_word' id='word_1_64' title='bbox 715 1121 954 1176; x_wconf 68' lang='lat' dir='ltr'><strong>persaepe</strong></span> <span class='ocrx_word' id='word_1_65' title='bbox 982 1105 1124 1159; x_wconf 85' lang='lat' dir='ltr'><strong>male</strong></span> <span class='ocrx_word' id='word_1_66' title='bbox 1157 1120 1214 1159; x_wconf 92' lang='lat' dir='ltr'><strong>se</strong></span> <span class='ocrx_word' id='word_1_67' title='bbox 1244 1104 1464 1171; x_wconf 84' lang='lat' dir='ltr'><strong>habere,</strong></span> <span class='ocrx_word' id='word_1_68' title='bbox 1495 1120 1606 1175; x_wconf 92' lang='lat' dir='ltr'><strong>quo</strong></span> <span class='ocrx_word' id='word_1_69' title='bbox 1636 1104 1843 1160; x_wconf 85' lang='lat' dir='ltr'><strong>scilicet</strong></span> <span class='ocrx_word' id='word_1_70' title='bbox 1872 1114 2007 1159; x_wconf 83' lang='lat' dir='ltr'><strong>tem-</strong></span> 
     </span>
    </p>
   </div>
   <div class='ocr_carea' id='block_1_13' title="bbox 434 1196 2003 1270">
    <p class='ocr_par' dir='ltr' id='par_1_13' title="bbox 434 1196 2003 1270">
     <span class='ocr_line' id='line_1_13' title="bbox 434 1196 2003 1270; baseline -0.003 -16"><span class='ocrx_word' id='word_1_71' title='bbox 434 1214 567 1270; x_wconf 85' lang='lat' dir='ltr'><strong>pore</strong></span> <span class='ocrx_word' id='word_1_72' title='bbox 599 1197 812 1253; x_wconf 92' lang='lat' dir='ltr'><strong>animos</strong></span> <span class='ocrx_word' id='word_1_73' title='bbox 845 1199 1056 1252; x_wconf 85' lang='lat' dir='ltr'><strong>illorum</strong></span> <span class='ocrx_word' id='word_1_74' title='bbox 1101 1196 1540 1267; x_wconf 86' lang='lat' dir='ltr'><strong>perturbationes</strong></span> <span class='ocrx_word' id='word_1_75' title='bbox 1580 1206 1633 1253; x_wconf 83' lang='lat' dir='ltr'><strong>et</strong></span> <span class='ocrx_word' id='word_1_76' title='bbox 1656 1197 1882 1253; x_wconf 69' lang='lat' dir='ltr'><strong>allectus</strong></span> <span class='ocrx_word' id='word_1_77' title='bbox 1917 1198 2003 1251; x_wconf 86' lang='lat' dir='ltr'><strong>in-</strong></span> 
     </span>
    </p>
   </div>
   <div class='ocr_carea' id='block_1_14' title="bbox 432 1288 2005 1360">
    <p class='ocr_par' dir='ltr' id='par_1_14' title="bbox 432 1288 2005 1360">
     <span class='ocr_line' id='line_1_14' title="bbox 432 1288 2005 1360; baseline -0.001 -15"><span class='ocrx_word' id='word_1_78' title='bbox 432 1291 658 1356; x_wconf 88' lang='lat' dir='ltr'><strong>vadunt,</strong></span> <span class='ocrx_word' id='word_1_79' title='bbox 691 1290 944 1346; x_wconf 85' lang='lat' dir='ltr'><strong>cadentes</strong></span> <span class='ocrx_word' id='word_1_80' title='bbox 962 1305 1353 1360; x_wconf 86' lang='lat' dir='ltr'><strong>nonnunquam</strong></span> <span class='ocrx_word' id='word_1_81' title='bbox 1382 1291 1434 1343; x_wconf 88' lang='lat' dir='ltr'><strong>in</strong></span> <span class='ocrx_word' id='word_1_82' title='bbox 1462 1290 1641 1359; x_wconf 83' lang='lat' dir='ltr'><strong>ignem</strong></span> <span class='ocrx_word' id='word_1_83' title='bbox 1692 1288 2005 1344; x_wconf 81' lang='lat' dir='ltr'><strong>inﬂamma-</strong></span> 
     </span>
    </p>
   </div>
   <div class='ocr_carea' id='block_1_15' title="bbox 435 1380 2004 1451">
    <p class='ocr_par' dir='ltr' id='par_1_15' title="bbox 435 1380 2004 1451">
     <span class='ocr_line' id='line_1_15' title="bbox 435 1380 2004 1451; baseline 0 -16"><span class='ocrx_word' id='word_1_84' title='bbox 435 1382 664 1448; x_wconf 91' lang='lat' dir='ltr'><strong>tionum,</strong></span> <span class='ocrx_word' id='word_1_85' title='bbox 696 1383 940 1451; x_wconf 85' lang='lat' dir='ltr'><strong>quando,</strong></span> <span class='ocrx_word' id='word_1_86' title='bbox 967 1383 1119 1449; x_wconf 82' lang='lat' dir='ltr'><strong>juxta</strong></span> <span class='ocrx_word' id='word_1_87' title='bbox 1144 1397 1207 1436; x_wconf 92' lang='lat' dir='ltr'><strong>ea</strong></span> <span class='ocrx_word' id='word_1_88' title='bbox 1232 1397 1353 1450; x_wconf 66' lang='lat' dir='ltr'><strong>quae</strong></span> <span class='ocrx_word' id='word_1_89' title='bbox 1386 1382 1440 1434; x_wconf 90' lang='lat' dir='ltr'><strong>in</strong></span> <span class='ocrx_word' id='word_1_90' title='bbox 1465 1380 1603 1436; x_wconf 86' lang='lat' dir='ltr'><strong>Osee</strong></span> <span class='ocrx_word' id='word_1_91' title='bbox 1637 1381 1906 1436; x_wconf 88' lang='lat' dir='ltr'><strong>habentur</strong></span> <span class='ocrx_word' id='word_1_92' title='bbox 1935 1382 2004 1447; x_wconf 62' lang='grc' dir='ltr'>π,</span> 
     </span>
    </p>
   </div>
   <div class='ocr_carea' id='block_1_16' title="bbox 439 1472 2006 1544">
    <p class='ocr_par' dir='ltr' id='par_1_16' title="bbox 439 1472 2006 1544">
     <span class='ocr_line' id='line_1_16' title="bbox 439 1472 2006 1544; baseline 0.002 -20"><span class='ocrx_word' id='word_1_93' title='bbox 439 1492 457 1523; x_wconf 78' lang='grc' dir='ltr'><strong>ι</strong></span> <span class='ocrx_word' id='word_1_94' title='bbox 495 1473 865 1528; x_wconf 86' lang='lat' dir='ltr'><strong>adulterantes</strong></span> <span class='ocrx_word' id='word_1_95' title='bbox 915 1472 1079 1544; x_wconf 81' lang='lat'><strong>576</strong></span> <span class='ocrx_word' id='word_1_96' title='bbox 1130 1472 1287 1541; x_wconf 89' lang='lat' dir='ltr'><strong>quasi</strong></span> <span class='ocrx_word' id='word_1_97' title='bbox 1330 1473 1578 1528; x_wconf 89' lang='lat' dir='ltr'><strong>clibanus</strong></span> <span class='ocrx_word' id='word_1_98' title='bbox 1631 1486 1929 1528; x_wconf 88' lang='lat' dir='ltr'><strong>succensus</strong></span> <span class='ocrx_word' id='word_1_99' title='bbox 1976 1488 2006 1527; x_wconf 86' lang='lat' dir='ltr'><strong>a</strong></span> 
     </span>
    </p>
   </div>
   <div class='ocr_carea' id='block_1_17' title="bbox 433 1562 2007 1632">
    <p class='ocr_par' dir='ltr' id='par_1_17' title="bbox 433 1562 2007 1632">
     <span class='ocr_line' id='line_1_17' title="bbox 433 1562 2007 1632; baseline -0.003 -13"><span class='ocrx_word' id='word_1_100' title='bbox 433 1566 652 1619; x_wconf 83' lang='lat' dir='ltr'><strong>llamma</strong></span> <span class='ocrx_word' id='word_1_101' title='bbox 705 1563 772 1618; x_wconf 89' lang='lat' dir='ltr'><strong>ad</strong></span> <span class='ocrx_word' id='word_1_102' title='bbox 824 1564 1125 1618; x_wconf 90' lang='lat' dir='ltr'><strong>coctionem</strong></span> <span class='ocrx_word' id='word_1_103' title='bbox 1186 1562 1461 1628; x_wconf 66' lang='lat' dir='ltr'><strong>ambusti;</strong></span> <span class='ocrx_word' id='word_1_104' title='bbox 1516 1580 1534 1614; x_wconf 81' lang='grc' dir='ltr'><strong>ι</strong></span> <span class='ocrx_word' id='word_1_105' title='bbox 1600 1562 1895 1632; x_wconf 84' lang='lat' dir='ltr'><strong>aliquando</strong></span> <span class='ocrx_word' id='word_1_106' title='bbox 1953 1562 2007 1615; x_wconf 89' lang='lat' dir='ltr'><strong>in</strong></span> 
     </span>
    </p>
   </div>
   <div class='ocr_carea' id='block_1_18' title="bbox 435 1650 2010 1723">
    <p class='ocr_par' dir='ltr' id='par_1_18' title="bbox 435 1650 2010 1723">
     <span class='ocr_line' id='line_1_18' title="bbox 435 1650 2010 1723; baseline 0 -16"><span class='ocrx_word' id='word_1_107' title='bbox 435 1669 655 1723; x_wconf 88' lang='lat' dir='ltr'><strong>aquam,</strong></span> <span class='ocrx_word' id='word_1_108' title='bbox 686 1652 907 1722; x_wconf 88' lang='lat' dir='ltr'><strong>quando</strong></span> <span class='ocrx_word' id='word_1_109' title='bbox 933 1668 1025 1705; x_wconf 76' lang='lat' dir='ltr'><strong>rex</strong></span> <span class='ocrx_word' id='word_1_110' title='bbox 1055 1651 1300 1705; x_wconf 88' lang='lat' dir='ltr'><strong>omnium</strong></span> <span class='ocrx_word' id='word_1_111' title='bbox 1329 1650 1422 1720; x_wconf 87' lang='lat' dir='ltr'><strong>qui</strong></span> <span class='ocrx_word' id='word_1_112' title='bbox 1460 1651 1512 1705; x_wconf 91' lang='lat' dir='ltr'><strong>in</strong></span> <span class='ocrx_word' id='word_1_113' title='bbox 1541 1650 1700 1721; x_wconf 86' lang='lat' dir='ltr'><strong>aquis</strong></span> <span class='ocrx_word' id='word_1_114' title='bbox 1732 1660 1860 1706; x_wconf 92' lang='lat' dir='ltr'><strong>sunt</strong></span> <span class='ocrx_word' id='word_1_115' title='bbox 1885 1651 2010 1707; x_wconf 85' lang='lat' dir='ltr'><strong>dra-</strong></span> 
     </span>
    </p>
   </div>
   <div class='ocr_carea' id='block_1_19' title="bbox 437 1739 2010 1813">
    <p class='ocr_par' dir='ltr' id='par_1_19' title="bbox 437 1739 2010 1813">
     <span class='ocr_line' id='line_1_19' title="bbox 437 1739 2010 1813; baseline -0.003 -14"><span class='ocrx_word' id='word_1_116' title='bbox 437 1759 661 1810; x_wconf 86' lang='lat' dir='ltr'><strong>conum,</strong></span> <span class='ocrx_word' id='word_1_117' title='bbox 700 1757 728 1796; x_wconf 92' lang='lat' dir='ltr'><strong>a</strong></span> <span class='ocrx_word' id='word_1_118' title='bbox 761 1740 1143 1813; x_wconf 87' lang='lat' dir='ltr'><strong>respirationis</strong></span> <span class='ocrx_word' id='word_1_119' title='bbox 1173 1740 1423 1796; x_wconf 88' lang='lat' dir='ltr'><strong>libertate</strong></span> <span class='ocrx_word' id='word_1_120' title='bbox 1448 1756 1558 1811; x_wconf 89' lang='lat' dir='ltr'><strong>qua</strong></span> <span class='ocrx_word' id='word_1_121' title='bbox 1609 1739 1717 1795; x_wconf 78' lang='lat' dir='ltr'><strong>frui</strong></span> <span class='ocrx_word' id='word_1_122' title='bbox 1752 1740 2010 1795; x_wconf 87' lang='lat' dir='ltr'><strong>videban-</strong></span> 
     </span>
    </p>
   </div>
   <div class='ocr_carea' id='block_1_20' title="bbox 438 1831 2010 1903">
    <p class='ocr_par' dir='ltr' id='par_1_20' title="bbox 438 1831 2010 1903">
     <span class='ocr_line' id='line_1_20' title="bbox 438 1831 2010 1903; baseline 0.001 -17"><span class='ocrx_word' id='word_1_123' title='bbox 438 1843 548 1894; x_wconf 88' lang='lat' dir='ltr'><strong>tur,</strong></span> <span class='ocrx_word' id='word_1_124' title='bbox 582 1849 679 1888; x_wconf 91' lang='lat' dir='ltr'><strong>cos</strong></span> <span class='ocrx_word' id='word_1_125' title='bbox 730 1833 784 1886; x_wconf 90' lang='lat' dir='ltr'><strong>in</strong></span> <span class='ocrx_word' id='word_1_126' title='bbox 832 1831 1165 1903; x_wconf 84' lang='lat' dir='ltr'><strong>profundum</strong></span> <span class='ocrx_word' id='word_1_127' title='bbox 1222 1831 1482 1887; x_wconf 84' lang='lat' dir='ltr'><strong>ﬂuctuum</strong></span> <span class='ocrx_word' id='word_1_128' title='bbox 1537 1832 1706 1887; x_wconf 89' lang='lat' dir='ltr'><strong>maris</strong></span> <span class='ocrx_word' id='word_1_129' title='bbox 1757 1832 2010 1888; x_wconf 70' lang='lat' dir='ltr'><strong>humana:</strong></span> 
     </span>
    </p>
   </div>
   <div class='ocr_carea' id='block_1_21' title="bbox 438 1920 2011 1992">
    <p class='ocr_par' dir='ltr' id='par_1_21' title="bbox 438 1920 2011 1992">
     <span class='ocr_line' id='line_1_21' title="bbox 438 1920 2011 1992; baseline 0.001 -17"><span class='ocrx_word' id='word_1_130' title='bbox 438 1925 563 1978; x_wconf 72' lang='lat' dir='ltr'><strong>vita:</strong></span> <span class='ocrx_word' id='word_1_131' title='bbox 591 1922 793 1992; x_wconf 86' lang='lat' dir='ltr'><strong>dejicit.</strong></span> <span class='ocrx_word' id='word_1_132' title='bbox 820 1920 991 1977; x_wconf 88' lang='lat' dir='ltr'><strong>Nobis</strong></span> <span class='ocrx_word' id='word_1_133' title='bbox 1014 1931 1195 1976; x_wconf 89' lang='lat' dir='ltr'><strong>autem</strong></span> <span class='ocrx_word' id='word_1_134' title='bbox 1242 1923 1307 1976; x_wconf 92' lang='lat' dir='ltr'><strong>ad</strong></span> <span class='ocrx_word' id='word_1_135' title='bbox 1337 1937 1458 1976; x_wconf 89' lang='lat' dir='ltr'><strong>eam</strong></span> <span class='ocrx_word' id='word_1_136' title='bbox 1490 1936 1653 1992; x_wconf 86' lang='lat' dir='ltr'><strong>quam</strong></span> <span class='ocrx_word' id='word_1_137' title='bbox 1700 1937 1866 1992; x_wconf 90' lang='lat' dir='ltr'><strong>super</strong></span> <span class='ocrx_word' id='word_1_138' title='bbox 1926 1922 2011 1978; x_wconf 82' lang='lat' dir='ltr'><strong>lu-</strong></span> 
     </span>
    </p>
   </div>
   <div class='ocr_carea' id='block_1_22' title="bbox 440 2009 2006 2083">
    <p class='ocr_par' dir='ltr' id='par_1_22' title="bbox 440 2009 2006 2083">
     <span class='ocr_line' id='line_1_22' title="bbox 440 2009 2006 2083; baseline -0.004 -16"><span class='ocrx_word' id='word_1_139' title='bbox 440 2015 620 2068; x_wconf 85' lang='lat' dir='ltr'><strong>natico</strong></span> <span class='ocrx_word' id='word_1_140' title='bbox 646 2012 977 2083; x_wconf 91' lang='lat' dir='ltr'><strong>protulimus</strong></span> <span class='ocrx_word' id='word_1_141' title='bbox 1020 2011 1442 2082; x_wconf 80' lang='lat' dir='ltr'><strong>expositionem,</strong></span> <span class='ocrx_word' id='word_1_142' title='bbox 1489 2011 1730 2081; x_wconf 89' lang='lat' dir='ltr'><strong>proderit</strong></span> <span class='ocrx_word' id='word_1_143' title='bbox 1760 2011 1806 2066; x_wconf 92' lang='lat' dir='ltr'><strong>is</strong></span> <span class='ocrx_word' id='word_1_144' title='bbox 1832 2009 1925 2081; x_wconf 90' lang='lat' dir='ltr'><strong>qui</strong></span> <span class='ocrx_word' id='word_1_145' title='bbox 1955 2011 2006 2064; x_wconf 93' lang='lat' dir='ltr'><strong>in</strong></span> 
     </span>
    </p>
   </div>
   <div class='ocr_carea' id='block_1_23' title="bbox 441 2101 2012 2173">
    <p class='ocr_par' dir='ltr' id='par_1_23' title="bbox 441 2101 2012 2173">
     <span class='ocr_line' id='line_1_23' title="bbox 441 2101 2012 2173; baseline -0.002 -17"><span class='ocrx_word' id='word_1_146' title='bbox 441 2101 716 2173; x_wconf 88' lang='lat' dir='ltr'><strong>Sapientia</strong></span> <span class='ocrx_word' id='word_1_147' title='bbox 752 2102 818 2156; x_wconf 88' lang='lat' dir='ltr'><strong>de</strong></span> <span class='ocrx_word' id='word_1_148' title='bbox 842 2101 977 2170; x_wconf 81' lang='lat' dir='ltr'><strong>justi</strong></span> <span class='ocrx_word' id='word_1_149' title='bbox 1007 2101 1226 2170; x_wconf 87' lang='lat' dir='ltr'><strong>quidem</strong></span> <span class='ocrx_word' id='word_1_150' title='bbox 1267 2101 1633 2172; x_wconf 71' lang='lat' dir='ltr'><strong>aequabilitate</strong></span> <span class='ocrx_word' id='word_1_151' title='bbox 1661 2109 1716 2154; x_wconf 90' lang='lat' dir='ltr'><strong>et</strong></span> <span class='ocrx_word' id='word_1_152' title='bbox 1752 2108 2012 2155; x_wconf 61' lang='lat' dir='ltr'><strong>constan»</strong></span> 
     </span>
    </p>
   </div>
   <div class='ocr_carea' id='block_1_24' title="bbox 439 2190 2012 2262">
    <p class='ocr_par' dir='ltr' id='par_1_24' title="bbox 439 2190 2012 2262">
     <span class='ocr_line' id='line_1_24' title="bbox 439 2190 2012 2262; baseline -0.002 -14"><span class='ocrx_word' id='word_1_153' title='bbox 439 2196 511 2248; x_wconf 86' lang='lat' dir='ltr'><strong>tia</strong></span> <span class='ocrx_word' id='word_1_154' title='bbox 541 2193 617 2247; x_wconf 85' lang='lat' dir='ltr'><strong>ait</strong></span> <span class='ocrx_word' id='word_1_155' title='bbox 651 2193 668 2224; x_wconf 76' lang='grc' dir='ltr'><strong>ί</strong></span> <span class='ocrx_word' id='word_1_156' title='bbox 702 2210 716 2246; x_wconf 87' lang='lat'><strong>:</strong></span> <span class='ocrx_word' id='word_1_157' title='bbox 751 2214 769 2243; x_wconf 76' lang='grc' dir='ltr'><strong>ι</strong></span> <span class='ocrx_word' id='word_1_158' title='bbox 802 2190 1055 2245; x_wconf 83' lang='lat' dir='ltr'><strong>Narratio</strong></span> <span class='ocrx_word' id='word_1_159' title='bbox 1083 2191 1153 2260; x_wconf 90' lang='lat' dir='ltr'><strong>pii</strong></span> <span class='ocrx_word' id='word_1_160' title='bbox 1191 2206 1407 2262; x_wconf 88' lang='lat' dir='ltr'><strong>semper</strong></span> <span class='ocrx_word' id='word_1_161' title='bbox 1434 2200 1519 2247; x_wconf 90' lang='lat' dir='ltr'><strong>est</strong></span> <span class='ocrx_word' id='word_1_162' title='bbox 1552 2191 1857 2261; x_wconf 80' lang='lat' dir='ltr'><strong>sapientia;</strong></span> <span class='ocrx_word' id='word_1_163' title='bbox 1895 2209 1913 2242; x_wconf 86' lang='grc' dir='ltr'><strong>ι</strong></span> <span class='ocrx_word' id='word_1_164' title='bbox 1945 2191 2012 2245; x_wconf 92' lang='lat' dir='ltr'><strong>de</strong></span> 
     </span>
    </p>
   </div>
   <div class='ocr_carea' id='block_1_25' title="bbox 438 2279 2011 2353">
    <p class='ocr_par' dir='ltr' id='par_1_25' title="bbox 438 2279 2011 2353">
     <span class='ocr_line' id='line_1_25' title="bbox 438 2279 2011 2353; baseline 0.001 -17"><span class='ocrx_word' id='word_1_165' title='bbox 438 2284 505 2339; x_wconf 91' lang='lat' dir='ltr'><strong>iis</strong></span> <span class='ocrx_word' id='word_1_166' title='bbox 539 2293 720 2338; x_wconf 87' lang='lat' dir='ltr'><strong>autem</strong></span> <span class='ocrx_word' id='word_1_167' title='bbox 755 2297 989 2353; x_wconf 87' lang='lat' dir='ltr'><strong>quorum</strong></span> <span class='ocrx_word' id='word_1_168' title='bbox 1029 2296 1198 2351; x_wconf 89' lang='lat' dir='ltr'><strong>supra</strong></span> <span class='ocrx_word' id='word_1_169' title='bbox 1226 2282 1579 2338; x_wconf 89' lang='lat' dir='ltr'><strong>meminimus</strong></span> <span class='ocrx_word' id='word_1_170' title='bbox 1625 2284 1645 2314; x_wconf 78' lang='grc'>⁸</span> <span class='ocrx_word' id='word_1_171' title='bbox 1677 2301 1691 2337; x_wconf 88' lang='lat'><strong>:</strong></span> <span class='ocrx_word' id='word_1_172' title='bbox 1733 2300 1752 2333; x_wconf 79' lang='grc' dir='ltr'><strong>ι</strong></span> <span class='ocrx_word' id='word_1_173' title='bbox 1800 2279 2011 2337; x_wconf 88' lang='lat' dir='ltr'><strong>Stultus</strong></span> 
     </span>
    </p>
   </div>
   <div class='ocr_carea' id='block_1_26' title="bbox 435 2372 2008 2443">
    <p class='ocr_par' dir='ltr' id='par_1_26' title="bbox 435 2372 2008 2443">
     <span class='ocr_line' id='line_1_26' title="bbox 435 2372 2008 2443; baseline -0.002 -14"><span class='ocrx_word' id='word_1_174' title='bbox 435 2386 616 2431; x_wconf 89' lang='lat' dir='ltr'><strong>autem</strong></span> <span class='ocrx_word' id='word_1_175' title='bbox 648 2375 791 2430; x_wconf 88' lang='lat' dir='ltr'><strong>sicut</strong></span> <span class='ocrx_word' id='word_1_176' title='bbox 818 2374 949 2428; x_wconf 91' lang='lat' dir='ltr'><strong>luna</strong></span> <span class='ocrx_word' id='word_1_177' title='bbox 987 2382 1249 2428; x_wconf 88' lang='lat' dir='ltr'><strong>mutatur.</strong></span> <span class='ocrx_word' id='word_1_178' title='bbox 1312 2392 1331 2425; x_wconf 83' lang='grc' dir='ltr'><strong>ι</strong></span> <span class='ocrx_word' id='word_1_179' title='bbox 1390 2373 1468 2428; x_wconf 87' lang='lat' dir='ltr'><strong>Ac</strong></span> <span class='ocrx_word' id='word_1_180' title='bbox 1508 2374 1563 2428; x_wconf 90' lang='lat' dir='ltr'><strong>in</strong></span> <span class='ocrx_word' id='word_1_181' title='bbox 1625 2372 1746 2428; x_wconf 87' lang='lat' dir='ltr'><strong>istis</strong></span> <span class='ocrx_word' id='word_1_182' title='bbox 1791 2373 2008 2443; x_wconf 85' lang='lat' dir='ltr'><strong>quidem</strong></span> 
     </span>
    </p>
   </div>
   <div class='ocr_carea' id='block_1_27' title="bbox 435 2464 2011 2537">
    <p class='ocr_par' dir='ltr' id='par_1_27' title="bbox 435 2464 2011 2537">
     <span class='ocr_line' id='line_1_27' title="bbox 435 2464 2011 2537; baseline -0.003 -15"><span class='ocrx_word' id='word_1_183' title='bbox 435 2466 705 2537; x_wconf 89' lang='lat' dir='ltr'><strong>ejusmodi</strong></span> <span class='ocrx_word' id='word_1_184' title='bbox 742 2466 979 2535; x_wconf 85' lang='lat' dir='ltr'><strong>impetus</strong></span> <span class='ocrx_word' id='word_1_185' title='bbox 1014 2473 1203 2520; x_wconf 86' lang='lat' dir='ltr'><strong>notare</strong></span> <span class='ocrx_word' id='word_1_186' title='bbox 1225 2465 1369 2528; x_wconf 90' lang='lat' dir='ltr'><strong>licet,</strong></span> <span class='ocrx_word' id='word_1_187' title='bbox 1415 2465 1509 2535; x_wconf 88' lang='lat' dir='ltr'><strong>qui</strong></span> <span class='ocrx_word' id='word_1_188' title='bbox 1540 2464 1609 2519; x_wconf 89' lang='lat' dir='ltr'><strong>ab</strong></span> <span class='ocrx_word' id='word_1_189' title='bbox 1656 2465 1743 2520; x_wconf 90' lang='lat' dir='ltr'><strong>his</strong></span> <span class='ocrx_word' id='word_1_190' title='bbox 1780 2465 1945 2519; x_wconf 90' lang='lat' dir='ltr'><strong>etiam</strong></span> <span class='ocrx_word' id='word_1_191' title='bbox 1980 2480 2011 2518; x_wconf 92' lang='lat' dir='ltr'><strong>a</strong></span> 
     </span>
    </p>
   </div>
   <div class='ocr_carea' id='block_1_28' title="bbox 436 2555 2010 2629">
    <p class='ocr_par' dir='ltr' id='par_1_28' title="bbox 436 2555 2010 2629">
     <span class='ocr_line' id='line_1_28' title="bbox 436 2555 2010 2629; baseline -0.003 -16"><span class='ocrx_word' id='word_1_192' title='bbox 436 2558 639 2629; x_wconf 87' lang='lat' dir='ltr'><strong>quibus</strong></span> <span class='ocrx_word' id='word_1_193' title='bbox 663 2557 855 2612; x_wconf 85' lang='lat' dir='ltr'><strong>levitas</strong></span> <span class='ocrx_word' id='word_1_194' title='bbox 887 2572 1077 2612; x_wconf 89' lang='lat' dir='ltr'><strong>eorum</strong></span> <span class='ocrx_word' id='word_1_195' title='bbox 1117 2569 1172 2612; x_wconf 88' lang='lat' dir='ltr'><strong>et</strong></span> <span class='ocrx_word' id='word_1_196' title='bbox 1215 2557 1586 2612; x_wconf 86' lang='lat' dir='ltr'><strong>inconstantia</strong></span> <span class='ocrx_word' id='word_1_197' title='bbox 1628 2555 2010 2610; x_wconf 85' lang='lat' dir='ltr'><strong>animadversa</strong></span> 
     </span>
    </p>
   </div>
   <div class='ocr_carea' id='block_1_29' title="bbox 436 2643 2012 2715">
    <p class='ocr_par' dir='ltr' id='par_1_29' title="bbox 436 2643 2012 2715">
     <span class='ocr_line' id='line_1_29' title="bbox 436 2643 2012 2715; baseline -0.004 -12"><span class='ocrx_word' id='word_1_198' title='bbox 436 2664 544 2703; x_wconf 90' lang='lat' dir='ltr'><strong>non</strong></span> <span class='ocrx_word' id='word_1_199' title='bbox 582 2657 688 2713; x_wconf 87' lang='lat' dir='ltr'><strong>est,</strong></span> <span class='ocrx_word' id='word_1_200' title='bbox 715 2645 904 2701; x_wconf 85' lang='lat' dir='ltr'><strong>laudes</strong></span> <span class='ocrx_word' id='word_1_201' title='bbox 930 2653 1257 2715; x_wconf 81' lang='lat' dir='ltr'><strong>extorquere</strong></span> <span class='ocrx_word' id='word_1_202' title='bbox 1294 2646 1547 2715; x_wconf 90' lang='lat' dir='ltr'><strong>possint;</strong></span> <span class='ocrx_word' id='word_1_203' title='bbox 1575 2644 1713 2699; x_wconf 90' lang='lat' dir='ltr'><strong>adeo</strong></span> <span class='ocrx_word' id='word_1_204' title='bbox 1753 2654 1811 2698; x_wconf 92' lang='lat' dir='ltr'><strong>ut</strong></span> <span class='ocrx_word' id='word_1_205' title='bbox 1836 2643 2012 2714; x_wconf 87' lang='lat' dir='ltr'><strong>pleni-</strong></span> 
     </span>
    </p>
   </div>
   <div class='ocr_carea' id='block_1_30' title="bbox 436 2733 2012 2804">
    <p class='ocr_par' dir='ltr' id='par_1_30' title="bbox 436 2733 2012 2804">
     <span class='ocr_line' id='line_1_30' title="bbox 436 2733 2012 2804; baseline -0.002 -13"><span class='ocrx_word' id='word_1_206' title='bbox 436 2737 650 2792; x_wconf 81' lang='lat' dir='ltr'><strong>Iunium</strong></span> <span class='ocrx_word' id='word_1_207' title='bbox 679 2736 733 2790; x_wconf 92' lang='lat' dir='ltr'><strong>in</strong></span> <span class='ocrx_word' id='word_1_208' title='bbox 764 2735 833 2790; x_wconf 91' lang='lat' dir='ltr'><strong>iis</strong></span> <span class='ocrx_word' id='word_1_209' title='bbox 861 2750 1003 2801; x_wconf 87' lang='lat' dir='ltr'><strong>esse,</strong></span> <span class='ocrx_word' id='word_1_210' title='bbox 1038 2734 1123 2789; x_wconf 84' lang='lat' dir='ltr'><strong>vel</strong></span> <span class='ocrx_word' id='word_1_211' title='bbox 1168 2734 1559 2804; x_wconf 89' lang='lat' dir='ltr'><strong>propemodum</strong></span> <span class='ocrx_word' id='word_1_212' title='bbox 1592 2741 1738 2789; x_wconf 87' lang='lat' dir='ltr'><strong>certe</strong></span> <span class='ocrx_word' id='word_1_213' title='bbox 1780 2733 2012 2804; x_wconf 82' lang='lat' dir='ltr'><strong>plenilu-</strong></span> 
     </span>
    </p>
   </div>
   <div class='ocr_carea' id='block_1_31' title="bbox 437 2823 2013 2897">
    <p class='ocr_par' dir='ltr' id='par_1_31' title="bbox 437 2823 2013 2897">
     <span class='ocr_line' id='line_1_31' title="bbox 437 2823 2013 2897; baseline -0.001 -16"><span class='ocrx_word' id='word_1_214' title='bbox 437 2829 588 2882; x_wconf 87' lang='lat' dir='ltr'><strong>nium</strong></span> <span class='ocrx_word' id='word_1_215' title='bbox 612 2825 983 2897; x_wconf 89' lang='lat' dir='ltr'><strong>pronuntient.</strong></span> <span class='ocrx_word' id='word_1_216' title='bbox 1016 2823 1172 2891; x_wconf 86' lang='lat' dir='ltr'><strong>Quod</strong></span> <span class='ocrx_word' id='word_1_217' title='bbox 1223 2832 1406 2891; x_wconf 77' lang='lat' dir='ltr'><strong>autem</strong></span> <span class='ocrx_word' id='word_1_218' title='bbox 1457 2824 1510 2878; x_wconf 91' lang='lat' dir='ltr'><strong>in</strong></span> <span class='ocrx_word' id='word_1_219' title='bbox 1555 2824 1622 2879; x_wconf 91' lang='lat' dir='ltr'><strong>iis</strong></span> <span class='ocrx_word' id='word_1_220' title='bbox 1665 2824 1848 2879; x_wconf 88' lang='lat' dir='ltr'><strong>lumen</strong></span> <span class='ocrx_word' id='word_1_221' title='bbox 1891 2839 2013 2880; x_wconf 82' lang='lat' dir='ltr'><strong>esse</strong></span> 
     </span>
    </p>
   </div>
   <div class='ocr_carea' id='block_1_32' title="bbox 435 2914 2009 2981">
    <p class='ocr_par' dir='ltr' id='par_1_32' title="bbox 435 2914 2009 2981">
     <span class='ocr_line' id='line_1_32' title="bbox 435 2914 2009 2981; baseline -0.001 -10"><span class='ocrx_word' id='word_1_222' title='bbox 435 2919 615 2973; x_wconf 83' lang='lat' dir='ltr'><strong>visum</strong></span> <span class='ocrx_word' id='word_1_223' title='bbox 650 2924 755 2981; x_wconf 88' lang='lat' dir='ltr'><strong>est,</strong></span> <span class='ocrx_word' id='word_1_224' title='bbox 788 2923 843 2972; x_wconf 90' lang='lat' dir='ltr'><strong>et</strong></span> <span class='ocrx_word' id='word_1_225' title='bbox 872 2916 1058 2971; x_wconf 87' lang='lat' dir='ltr'><strong>lumen</strong></span> <span class='ocrx_word' id='word_1_226' title='bbox 1095 2924 1418 2970; x_wconf 86' lang='lat' dir='ltr'><strong>nocturnum</strong></span> <span class='ocrx_word' id='word_1_227' title='bbox 1454 2923 1556 2980; x_wconf 91' lang='lat' dir='ltr'><strong>est,</strong></span> <span class='ocrx_word' id='word_1_228' title='bbox 1590 2931 1697 2969; x_wconf 92' lang='lat' dir='ltr'><strong>non</strong></span> <span class='ocrx_word' id='word_1_229' title='bbox 1727 2914 2009 2981; x_wconf 87' lang='lat' dir='ltr'><strong>diurnum,</strong></span> 
     </span>
    </p>
   </div>
   <div class='ocr_carea' id='block_1_33' title="bbox 435 3006 2006 3076">
    <p class='ocr_par' dir='ltr' id='par_1_33' title="bbox 435 3006 2006 3076">
     <span class='ocr_line' id='line_1_33' title="bbox 435 3006 2006 3076; baseline -0.003 -11"><span class='ocrx_word' id='word_1_230' title='bbox 435 3025 629 3065; x_wconf 87' lang='lat' dir='ltr'><strong>rursus</strong></span> <span class='ocrx_word' id='word_1_231' title='bbox 657 3008 1011 3063; x_wconf 89' lang='lat' dir='ltr'><strong>imminutum</strong></span> <span class='ocrx_word' id='word_1_232' title='bbox 1037 3021 1256 3071; x_wconf 86' lang='lat' dir='ltr'><strong>cernas,</strong></span> <span class='ocrx_word' id='word_1_233' title='bbox 1283 3022 1349 3062; x_wconf 90' lang='lat' dir='ltr'><strong>eo</strong></span> <span class='ocrx_word' id='word_1_234' title='bbox 1380 3023 1552 3076; x_wconf 88' lang='lat' dir='ltr'><strong>usque</strong></span> <span class='ocrx_word' id='word_1_235' title='bbox 1570 3006 1848 3072; x_wconf 85' lang='lat' dir='ltr'><strong>deﬁciens,</strong></span> <span class='ocrx_word' id='word_1_236' title='bbox 1878 3006 2006 3060; x_wconf 89' lang='lat' dir='ltr'><strong>dum</strong></span> 
     </span>
    </p>
   </div>
   <div class='ocr_carea' id='block_1_34' title="bbox 2106 545 3688 626">
    <p class='ocr_par' dir='ltr' id='par_1_34' title="bbox 2106 545 3688 626">
     <span class='ocr_line' id='line_1_34' title="bbox 2106 545 3688 626; baseline -0.007 -17"><span class='ocrx_word' id='word_1_237' title='bbox 2106 555 2346 626; x_wconf 81' lang='grc' dir='ltr'>ἀρεταῖς,</span> <span class='ocrx_word' id='word_1_238' title='bbox 2377 546 2475 603; x_wconf 75' lang='grc' dir='ltr'>εἶτ’</span> <span class='ocrx_word' id='word_1_239' title='bbox 2505 548 2620 602; x_wconf 79' lang='grc' dir='ltr'>ἔσθ’</span> <span class='ocrx_word' id='word_1_240' title='bbox 2649 550 2738 603; x_wconf 77' lang='grc' dir='ltr'>ὅτε</span> <span class='ocrx_word' id='word_1_241' title='bbox 2772 549 3015 620; x_wconf 76' lang='grc' dir='ltr'>ὡσπερεὶ</span> <span class='ocrx_word' id='word_1_242' title='bbox 3051 546 3313 617; x_wconf 64' lang='grc' dir='ltr'>ἐπιληψίᾳ</span> <span class='ocrx_word' id='word_1_243' title='bbox 3339 547 3447 600; x_wconf 78' lang='grc' dir='ltr'>τινὶ</span> <span class='ocrx_word' id='word_1_244' title='bbox 3474 547 3544 616; x_wconf 70' lang='grc' dir='ltr'>τῇ</span> <span class='ocrx_word' id='word_1_245' title='bbox 3579 545 3688 599; x_wconf 82' lang='grc' dir='ltr'><strong>ἀπὸ</strong></span> 
     </span>
    </p>
   </div>
   <div class='ocr_carea' id='block_1_35' title="bbox 2103 635 3688 710">
    <p class='ocr_par' dir='ltr' id='par_1_35' title="bbox 2103 635 3688 710">
     <span class='ocr_line' id='line_1_35' title="bbox 2103 635 3688 710; baseline -0.005 -14"><span class='ocrx_word' id='word_1_246' title='bbox 2103 642 2211 696; x_wconf 86' lang='grc' dir='ltr'><strong>τῶν</strong></span> <span class='ocrx_word' id='word_1_247' title='bbox 2257 639 2443 694; x_wconf 82' lang='grc' dir='ltr'>παθῶν</span> <span class='ocrx_word' id='word_1_248' title='bbox 2475 638 2912 710; x_wconf 86' lang='grc' dir='ltr'>λαμϐανομένας,</span> <span class='ocrx_word' id='word_1_249' title='bbox 2959 638 3053 692; x_wconf 73' lang='grc' dir='ltr'>καὶ</span> <span class='ocrx_word' id='word_1_250' title='bbox 3085 635 3534 700; x_wconf 83' lang='grc' dir='ltr'>καταπιπτούσας</span> <span class='ocrx_word' id='word_1_251' title='bbox 3580 636 3688 689; x_wconf 73' lang='grc' dir='ltr'>ἀπὸ</span> 
     </span>
    </p>
   </div>
   <div class='ocr_carea' id='block_1_36' title="bbox 2104 727 3689 803">
    <p class='ocr_par' dir='ltr' id='par_1_36' title="bbox 2104 727 3689 803">
     <span class='ocr_line' id='line_1_36' title="bbox 2104 727 3689 803; baseline -0.003 -17"><span class='ocrx_word' id='word_1_252' title='bbox 2104 732 2198 786; x_wconf 78' lang='grc' dir='ltr'><strong>τοῦ</strong></span> <span class='ocrx_word' id='word_1_253' title='bbox 2237 731 2526 803; x_wconf 81' lang='grc' dir='ltr'>έστηκέναι</span> <span class='ocrx_word' id='word_1_254' title='bbox 2563 731 2761 793; x_wconf 82' lang='grc' dir='ltr'><strong>δοκεῖν,</strong></span> <span class='ocrx_word' id='word_1_255' title='bbox 2797 729 2889 782; x_wconf 71' lang='grc' dir='ltr'>καὶ</span> <span class='ocrx_word' id='word_1_256' title='bbox 2919 729 3211 798; x_wconf 88' lang='grc' dir='ltr'>σπωμένας</span> <span class='ocrx_word' id='word_1_257' title='bbox 3250 728 3379 803; x_wconf 75' lang='grc' dir='ltr'>περὶ</span> <span class='ocrx_word' id='word_1_258' title='bbox 3416 728 3513 800; x_wconf 79' lang='grc' dir='ltr'>τὴν</span> <span class='ocrx_word' id='word_1_259' title='bbox 3545 727 3689 781; x_wconf 80' lang='grc' dir='ltr'>ἁπά-</span> 
     </span>
    </p>
   </div>
   <div class='ocr_carea' id='block_1_37' title="bbox 2105 818 3684 897">
    <p class='ocr_par' dir='ltr' id='par_1_37' title="bbox 2105 818 3684 897">
     <span class='ocr_line' id='line_1_37' title="bbox 2105 818 3684 897; baseline -0.004 -19"><span class='ocrx_word' id='word_1_260' title='bbox 2105 844 2202 897; x_wconf 80' lang='grc' dir='ltr'>την</span> <span class='ocrx_word' id='word_1_261' title='bbox 2243 823 2336 878; x_wconf 78' lang='grc' dir='ltr'>τοῦ</span> <span class='ocrx_word' id='word_1_262' title='bbox 2385 822 2578 886; x_wconf 75' lang='grc' dir='ltr'>αἰῶνος</span> <span class='ocrx_word' id='word_1_263' title='bbox 2613 821 2824 888; x_wconf 86' lang='grc' dir='ltr'>τούτου,</span> <span class='ocrx_word' id='word_1_264' title='bbox 2866 819 2961 874; x_wconf 61' lang='grc' dir='ltr'><strong>καλ¹</strong></span> <span class='ocrx_word' id='word_1_265' title='bbox 2998 819 3095 883; x_wconf 83' lang='grc' dir='ltr'><strong>τάς</strong></span> <span class='ocrx_word' id='word_1_266' title='bbox 3136 818 3327 884; x_wconf 82' lang='grc' dir='ltr'>λοιπὰς</span> <span class='ocrx_word' id='word_1_267' title='bbox 3366 818 3684 890; x_wconf 74' lang='grc' dir='ltr'>ἐπιθυμίας.</span> 
     </span>
    </p>
   </div>
   <div class='ocr_carea' id='block_1_38' title="bbox 2108 909 3683 985">
    <p class='ocr_par' dir='ltr' id='par_1_38' title="bbox 2108 909 3683 985">
     <span class='ocr_line' id='line_1_38' title="bbox 2108 909 3683 985; baseline -0.003 -18"><span class='ocrx_word' id='word_1_268' title='bbox 2108 916 2261 985; x_wconf 83' lang='grc' dir='ltr'><strong>Τάχα</strong></span> <span class='ocrx_word' id='word_1_269' title='bbox 2287 912 2381 969; x_wconf 82' lang='grc' dir='ltr'>οὖν</span> <span class='ocrx_word' id='word_1_270' title='bbox 2402 916 2501 969; x_wconf 85' lang='grc' dir='ltr'>οὐκ</span> <span class='ocrx_word' id='word_1_271' title='bbox 2524 914 2589 969; x_wconf 85' lang='grc' dir='ltr'>ἂν</span> <span class='ocrx_word' id='word_1_272' title='bbox 2610 911 2879 983; x_wconf 78' lang='grc' dir='ltr'><strong>ἁμάρτοις</strong></span> <span class='ocrx_word' id='word_1_273' title='bbox 2900 910 3011 981; x_wconf 85' lang='grc'>(76)</span> <span class='ocrx_word' id='word_1_274' title='bbox 3042 909 3214 978; x_wconf 87' lang='grc' dir='ltr'>λέγων</span> <span class='ocrx_word' id='word_1_275' title='bbox 3239 911 3364 973; x_wconf 83' lang='grc' dir='ltr'>τοὺς</span> <span class='ocrx_word' id='word_1_276' title='bbox 3390 909 3683 973; x_wconf 76' lang='grc' dir='ltr'>τοιούτους,</span> 
     </span>
    </p>
   </div>
   <div class='ocr_carea' id='block_1_39' title="bbox 2109 1000 3686 1075">
    <p class='ocr_par' dir='ltr' id='par_1_39' title="bbox 2109 1000 3686 1075">
     <span class='ocr_line' id='line_1_39' title="bbox 2109 1000 3686 1075; baseline -0.003 -16"><span class='ocrx_word' id='word_1_277' title='bbox 2109 1007 2173 1060; x_wconf 79' lang='grc' dir='ltr'><strong>ἵν’</strong></span> <span class='ocrx_word' id='word_1_278' title='bbox 2207 1007 2377 1070; x_wconf 73' lang='grc' dir='ltr'>οὕτως</span> <span class='ocrx_word' id='word_1_279' title='bbox 2408 1007 2569 1070; x_wconf 73' lang='grc' dir='ltr'>εἴπω,</span> <span class='ocrx_word' id='word_1_280' title='bbox 2614 1002 2998 1075; x_wconf 86' lang='grc' dir='ltr'>πνευματικῶς</span> <span class='ocrx_word' id='word_1_281' title='bbox 3041 1000 3472 1074; x_wconf 77' lang='grc' dir='ltr'>σεληνιάζεσθαι,</span> <span class='ocrx_word' id='word_1_282' title='bbox 3519 1019 3686 1055; x_wconf 84' lang='grc' dir='ltr'>κατα-</span> 
     </span>
    </p>
   </div>
   <div class='ocr_carea' id='block_1_40' title="bbox 2108 1093 3749 1168">
    <p class='ocr_par' dir='ltr' id='par_1_40' title="bbox 2108 1093 3749 1168">
     <span class='ocr_line' id='line_1_40' title="bbox 2108 1093 3749 1168; baseline -0.005 -18"><span class='ocrx_word' id='word_1_283' title='bbox 2108 1096 2465 1168; x_wconf 87' lang='grc' dir='ltr'>ϐαλλομένους</span> <span class='ocrx_word' id='word_1_284' title='bbox 2494 1095 2599 1150; x_wconf 84' lang='grc' dir='ltr'>ὑπὸ</span> <span class='ocrx_word' id='word_1_285' title='bbox 2638 1115 2657 1147; x_wconf 76' lang='grc' dir='ltr'><strong>ι</strong></span> <span class='ocrx_word' id='word_1_286' title='bbox 2697 1095 2804 1149; x_wconf 82' lang='grc' dir='ltr'>τῶν</span> <span class='ocrx_word' id='word_1_287' title='bbox 2836 1096 2895 1148; x_wconf 83' lang='grc' dir='ltr'>ὲν</span> <span class='ocrx_word' id='word_1_288' title='bbox 2928 1097 3038 1158; x_wconf 85' lang='grc' dir='ltr'>τοῖς</span> <span class='ocrx_word' id='word_1_289' title='bbox 3069 1093 3411 1164; x_wconf 77' lang='grc' dir='ltr'>ἐπουρανίοις</span> <span class='ocrx_word' id='word_1_290' title='bbox 3441 1108 3678 1163; x_wconf 78' lang='grc' dir='ltr'>πνευμα-</span> <span class='ocrx_word' id='word_1_291' title='bbox 3744 1146 3749 1149; x_wconf 97' lang='lat'><em>_</em></span> 
     </span>
    </p>
   </div>
   <div class='ocr_carea' id='block_1_41' title="bbox 2106 1184 3684 1260">
    <p class='ocr_par' dir='ltr' id='par_1_41' title="bbox 2106 1184 3684 1260">
     <span class='ocr_line' id='line_1_41' title="bbox 2106 1184 3684 1260; baseline -0.001 -19"><span class='ocrx_word' id='word_1_292' title='bbox 2106 1188 2272 1242; x_wconf 84' lang='grc' dir='ltr'>τικῶν</span> <span class='ocrx_word' id='word_1_293' title='bbox 2313 1189 2412 1259; x_wconf 81' lang='grc' dir='ltr'>τῆς</span> <span class='ocrx_word' id='word_1_294' title='bbox 2461 1187 2742 1260; x_wconf 72' lang='grc' dir='ltr'>πονηρίας,</span> <span class='ocrx_word' id='word_1_295' title='bbox 2789 1206 2807 1239; x_wconf 83' lang='grc' dir='ltr'><strong>ι</strong></span> <span class='ocrx_word' id='word_1_296' title='bbox 2862 1187 2957 1240; x_wconf 75' lang='grc' dir='ltr'>καὶ</span> <span class='ocrx_word' id='word_1_297' title='bbox 3004 1184 3189 1249; x_wconf 84' lang='grc' dir='ltr'>κακῶς</span> <span class='ocrx_word' id='word_1_298' title='bbox 3241 1184 3384 1255; x_wconf 79' lang='grc' dir='ltr'>ἔχειν</span> <span class='ocrx_word' id='word_1_299' title='bbox 3426 1184 3684 1249; x_wconf 79' lang='grc' dir='ltr'>πολλάκις</span> 
     </span>
    </p>
   </div>
   <div class='ocr_carea' id='block_1_42' title="bbox 2110 1276 3687 1353">
    <p class='ocr_par' dir='ltr' id='par_1_42' title="bbox 2110 1276 3687 1353">
     <span class='ocr_line' id='line_1_42' title="bbox 2110 1276 3687 1353; baseline -0.005 -18"><span class='ocrx_word' id='word_1_300' title='bbox 2110 1280 2263 1353; x_wconf 83' lang='grc' dir='ltr'>παρὰ</span> <span class='ocrx_word' id='word_1_301' title='bbox 2301 1280 2393 1334; x_wconf 82' lang='grc' dir='ltr'>τὸν</span> <span class='ocrx_word' id='word_1_302' title='bbox 2433 1279 2623 1352; x_wconf 82' lang='grc' dir='ltr'>καιρὸν</span> <span class='ocrx_word' id='word_1_303' title='bbox 2663 1279 2774 1333; x_wconf 84' lang='grc' dir='ltr'><strong>τῶν</strong></span> <span class='ocrx_word' id='word_1_304' title='bbox 2810 1276 3331 1348; x_wconf 76' lang='grc' dir='ltr'>ἐπιλαμϐανομένων</span> <span class='ocrx_word' id='word_1_305' title='bbox 3372 1276 3470 1347; x_wconf 85' lang='grc' dir='ltr'>τῆς</span> <span class='ocrx_word' id='word_1_306' title='bbox 3512 1276 3687 1348; x_wconf 78' lang='grc' dir='ltr'>ψυχῆς</span> 
     </span>
    </p>
   </div>
   <div class='ocr_carea' id='block_1_43' title="bbox 2108 1367 3686 1441">
    <p class='ocr_par' dir='ltr' id='par_1_43' title="bbox 2108 1367 3686 1441">
     <span class='ocr_line' id='line_1_43' title="bbox 2108 1367 3686 1441; baseline -0.004 -15"><span class='ocrx_word' id='word_1_307' title='bbox 2108 1372 2288 1426; x_wconf 80' lang='grc' dir='ltr'>αὐτῶν</span> <span class='ocrx_word' id='word_1_308' title='bbox 2322 1370 2510 1425; x_wconf 86' lang='grc' dir='ltr'>παθῶν</span> <span class='ocrx_word' id='word_1_309' title='bbox 2534 1388 2547 1403; x_wconf 89' lang='grc'><strong>·</strong></span> <span class='ocrx_word' id='word_1_310' title='bbox 2589 1370 2722 1424; x_wconf 80' lang='grc' dir='ltr'>ποτὲ</span> <span class='ocrx_word' id='word_1_311' title='bbox 2760 1371 2857 1441; x_wconf 82' lang='grc' dir='ltr'>μὲν</span> <span class='ocrx_word' id='word_1_312' title='bbox 2892 1370 3191 1433; x_wconf 85' lang='grc' dir='ltr'>πίπτοντας</span> <span class='ocrx_word' id='word_1_313' title='bbox 3226 1367 3338 1440; x_wconf 90' lang='grc'>(77)</span> <span class='ocrx_word' id='word_1_314' title='bbox 3376 1370 3458 1431; x_wconf 82' lang='grc' dir='ltr'><strong>είς</strong></span> <span class='ocrx_word' id='word_1_315' title='bbox 3489 1367 3549 1420; x_wconf 80' lang='grc' dir='ltr'>τὸ</span> <span class='ocrx_word' id='word_1_316' title='bbox 3577 1368 3686 1441; x_wconf 81' lang='grc' dir='ltr'>πῦρ</span> 
     </span>
    </p>
   </div>
   <div class='ocr_carea' id='block_1_44' title="bbox 2108 1459 3686 1535">
    <p class='ocr_par' dir='ltr' id='par_1_44' title="bbox 2108 1459 3686 1535">
     <span class='ocr_line' id='line_1_44' title="bbox 2108 1459 3686 1535; baseline -0.002 -18"><span class='ocrx_word' id='word_1_317' title='bbox 2108 1464 2216 1518; x_wconf 84' lang='grc' dir='ltr'>τῶν</span> <span class='ocrx_word' id='word_1_318' title='bbox 2248 1462 2566 1535; x_wconf 89' lang='grc' dir='ltr'>πυρώσεων,</span> <span class='ocrx_word' id='word_1_319' title='bbox 2598 1463 2688 1516; x_wconf 83' lang='grc' dir='ltr'>ὅτε</span> <span class='ocrx_word' id='word_1_320' title='bbox 2732 1462 2996 1531; x_wconf 87' lang='grc' dir='ltr'>γίνονται,</span> <span class='ocrx_word' id='word_1_321' title='bbox 3042 1460 3181 1514; x_wconf 82' lang='grc' dir='ltr'>κατὰ</span> <span class='ocrx_word' id='word_1_322' title='bbox 3226 1460 3295 1513; x_wconf 79' lang='grc' dir='ltr'><strong>τὰ</strong></span> <span class='ocrx_word' id='word_1_323' title='bbox 3332 1459 3599 1530; x_wconf 84' lang='grc' dir='ltr'>λεγόμενα</span> <span class='ocrx_word' id='word_1_324' title='bbox 3629 1462 3686 1514; x_wconf 78' lang='grc' dir='ltr'>ὲν</span> 
     </span>
    </p>
   </div>
   <div class='ocr_carea' id='block_1_45' title="bbox 2109 1551 3688 1625">
    <p class='ocr_par' dir='ltr' id='par_1_45' title="bbox 2109 1551 3688 1625">
     <span class='ocr_line' id='line_1_45' title="bbox 2109 1551 3688 1625; baseline -0.003 -18"><span class='ocrx_word' id='word_1_325' title='bbox 2109 1553 2186 1624; x_wconf 81' lang='grc' dir='ltr'><strong>τῷ</strong></span> <span class='ocrx_word' id='word_1_326' title='bbox 2227 1554 2405 1625; x_wconf 82' lang='grc' dir='ltr'><strong>Ὠσηὲ,</strong></span> <span class='ocrx_word' id='word_1_327' title='bbox 2442 1571 2462 1603; x_wconf 76' lang='grc' dir='ltr'><strong>ι</strong></span> <span class='ocrx_word' id='word_1_328' title='bbox 2493 1554 2540 1606; x_wconf 79' lang='lat' dir='ltr'><strong>oi</strong></span> <span class='ocrx_word' id='word_1_329' title='bbox 2580 1551 2939 1623; x_wconf 83' lang='grc' dir='ltr'>μοιχεύοντες,</span> <span class='ocrx_word' id='word_1_330' title='bbox 2984 1551 3060 1615; x_wconf 85' lang='grc' dir='ltr'>ὡς</span> <span class='ocrx_word' id='word_1_331' title='bbox 3105 1551 3359 1615; x_wconf 80' lang='grc' dir='ltr'>κλίϐανος</span> <span class='ocrx_word' id='word_1_332' title='bbox 3403 1551 3688 1622; x_wconf 84' lang='grc' dir='ltr'>καιόμενος</span> 
     </span>
    </p>
   </div>
   <div class='ocr_carea' id='block_1_46' title="bbox 2110 1639 3690 1713">
    <p class='ocr_par' dir='ltr' id='par_1_46' title="bbox 2110 1639 3690 1713">
     <span class='ocr_line' id='line_1_46' title="bbox 2110 1639 3690 1713; baseline -0.001 -18"><span class='ocrx_word' id='word_1_333' title='bbox 2110 1645 2190 1707; x_wconf 77' lang='grc' dir='ltr'>εἰς</span> <span class='ocrx_word' id='word_1_334' title='bbox 2214 1642 2373 1712; x_wconf 71' lang='grc' dir='ltr'>πέψιν</span> <span class='ocrx_word' id='word_1_335' title='bbox 2410 1644 2832 1713; x_wconf 84' lang='grc' dir='ltr'>κατακαύματος</span> <span class='ocrx_word' id='word_1_336' title='bbox 2865 1641 2973 1694; x_wconf 80' lang='grc' dir='ltr'>ἀπὸ</span> <span class='ocrx_word' id='word_1_337' title='bbox 3003 1639 3102 1711; x_wconf 84' lang='grc' dir='ltr'>τῆς</span> <span class='ocrx_word' id='word_1_338' title='bbox 3137 1639 3363 1709; x_wconf 88' lang='grc' dir='ltr'>φλογός·</span> <span class='ocrx_word' id='word_1_339' title='bbox 3402 1659 3420 1692; x_wconf 87' lang='grc' dir='ltr'><strong>ι</strong></span> <span class='ocrx_word' id='word_1_340' title='bbox 3465 1639 3600 1692; x_wconf 83' lang='grc' dir='ltr'>ποτὲ</span> <span class='ocrx_word' id='word_1_341' title='bbox 3633 1640 3690 1694; x_wconf 77' lang='grc' dir='ltr'>δὲ</span> 
     </span>
    </p>
   </div>
   <div class='ocr_carea' id='block_1_47' title="bbox 2111 1730 3690 1804">
    <p class='ocr_par' dir='ltr' id='par_1_47' title="bbox 2111 1730 3690 1804">
     <span class='ocr_line' id='line_1_47' title="bbox 2111 1730 3690 1804; baseline 0 -18"><span class='ocrx_word' id='word_1_342' title='bbox 2111 1735 2189 1797; x_wconf 87' lang='grc' dir='ltr'>εἰς</span> <span class='ocrx_word' id='word_1_343' title='bbox 2218 1732 2379 1804; x_wconf 77' lang='grc' dir='ltr'>ὕδωρ,</span> <span class='ocrx_word' id='word_1_344' title='bbox 2408 1733 2498 1786; x_wconf 86' lang='grc' dir='ltr'>ὅτε</span> <span class='ocrx_word' id='word_1_345' title='bbox 2538 1734 2567 1785; x_wconf 84' lang='grc' dir='ltr'>ὁ</span> <span class='ocrx_word' id='word_1_346' title='bbox 2599 1730 2853 1802; x_wconf 77' lang='grc' dir='ltr'>βασιλεὺς</span> <span class='ocrx_word' id='word_1_347' title='bbox 2899 1731 3116 1785; x_wconf 82' lang='grc' dir='ltr'>πάντων</span> <span class='ocrx_word' id='word_1_348' title='bbox 3147 1731 3255 1784; x_wconf 84' lang='grc' dir='ltr'>τῶν</span> <span class='ocrx_word' id='word_1_349' title='bbox 3289 1733 3344 1784; x_wconf 80' lang='grc' dir='ltr'>ὲν</span> <span class='ocrx_word' id='word_1_350' title='bbox 3376 1734 3489 1795; x_wconf 81' lang='grc' dir='ltr'>τοῖς</span> <span class='ocrx_word' id='word_1_351' title='bbox 3535 1730 3690 1786; x_wconf 73' lang='grc' dir='ltr'>ὕδασι</span> 
     </span>
    </p>
   </div>
   <div class='ocr_carea' id='block_1_48' title="bbox 2045 1802 3690 1896">
    <p class='ocr_par' dir='ltr' id='par_1_48' title="bbox 2045 1802 3690 1896">
     <span class='ocr_line' id='line_1_48' title="bbox 2045 1802 3690 1896; baseline -0.001 -19"><span class='ocrx_word' id='word_1_352' title='bbox 2045 1802 2083 1860; x_wconf 67' lang='grc' dir='ltr'><strong>Β</strong></span> <span class='ocrx_word' id='word_1_353' title='bbox 2110 1802 2416 1896; x_wconf 81' lang='grc' dir='ltr'>δρακόντων</span> <span class='ocrx_word' id='word_1_354' title='bbox 2448 1824 2773 1879; x_wconf 88' lang='grc' dir='ltr'>καταϐάλλει</span> <span class='ocrx_word' id='word_1_355' title='bbox 2803 1823 2999 1886; x_wconf 80' lang='grc' dir='ltr'>αὐτοὺς</span> <span class='ocrx_word' id='word_1_356' title='bbox 3025 1822 3133 1875; x_wconf 82' lang='grc' dir='ltr'><strong>ἀπὸ</strong></span> <span class='ocrx_word' id='word_1_357' title='bbox 3163 1821 3256 1875; x_wconf 79' lang='grc' dir='ltr'>τοῦ</span> <span class='ocrx_word' id='word_1_358' title='bbox 3294 1821 3575 1894; x_wconf 72' lang='grc' dir='ltr'>ἐλεύθερον</span> <span class='ocrx_word' id='word_1_359' title='bbox 3601 1822 3690 1876; x_wconf 81' lang='grc' dir='ltr'>δο-</span> 
     </span>
    </p>
   </div>
   <div class='ocr_carea' id='block_1_49' title="bbox 2113 1915 3689 1987">
    <p class='ocr_par' dir='ltr' id='par_1_49' title="bbox 2113 1915 3689 1987">
     <span class='ocr_line' id='line_1_49' title="bbox 2113 1915 3689 1987; baseline 0.001 -18"><span class='ocrx_word' id='word_1_360' title='bbox 2113 1919 2229 1969; x_wconf 87' lang='grc' dir='ltr'>κεῖν</span> <span class='ocrx_word' id='word_1_361' title='bbox 2259 1918 2538 1981; x_wconf 85' lang='grc' dir='ltr'>ἀναπνεῖν,</span> <span class='ocrx_word' id='word_1_362' title='bbox 2569 1917 2661 1970; x_wconf 71' lang='grc' dir='ltr'><strong>ὲπὶ</strong></span> <span class='ocrx_word' id='word_1_363' title='bbox 2688 1916 2750 1969; x_wconf 83' lang='grc' dir='ltr'>τὸ</span> <span class='ocrx_word' id='word_1_364' title='bbox 2777 1918 2857 1979; x_wconf 87' lang='grc' dir='ltr'>εἰς</span> <span class='ocrx_word' id='word_1_365' title='bbox 2878 1915 3016 1987; x_wconf 80' lang='grc' dir='ltr'>βάθη</span> <span class='ocrx_word' id='word_1_366' title='bbox 3046 1916 3158 1968; x_wconf 83' lang='grc' dir='ltr'>τῶν</span> <span class='ocrx_word' id='word_1_367' title='bbox 3181 1916 3440 1987; x_wconf 83' lang='grc' dir='ltr'>κυμάτων</span> <span class='ocrx_word' id='word_1_368' title='bbox 3469 1917 3566 1986; x_wconf 81' lang='grc' dir='ltr'>τῆς</span> <span class='ocrx_word' id='word_1_369' title='bbox 3591 1915 3689 1970; x_wconf 91' lang='grc' dir='ltr'>θα-</span> 
     </span>
    </p>
   </div>
   <div class='ocr_carea' id='block_1_50' title="bbox 2111 2005 3689 2079">
    <p class='ocr_par' dir='ltr' id='par_1_50' title="bbox 2111 2005 3689 2079">
     <span class='ocr_line' id='line_1_50' title="bbox 2111 2005 3689 2079; baseline 0.001 -18"><span class='ocrx_word' id='word_1_370' title='bbox 2111 2009 2312 2078; x_wconf 88' lang='grc' dir='ltr'>λάσσης</span> <span class='ocrx_word' id='word_1_371' title='bbox 2342 2009 2496 2079; x_wconf 79' lang='grc' dir='ltr'>ἥκειν</span> <span class='ocrx_word' id='word_1_372' title='bbox 2532 2007 2624 2060; x_wconf 80' lang='grc' dir='ltr'>τοῦ</span> <span class='ocrx_word' id='word_1_373' title='bbox 2664 2007 2773 2060; x_wconf 83' lang='grc' dir='ltr'>τῶν</span> <span class='ocrx_word' id='word_1_374' title='bbox 2807 2005 3108 2078; x_wconf 81' lang='grc' dir='ltr'>ἀνθρώπων</span> <span class='ocrx_word' id='word_1_375' title='bbox 3144 2007 3283 2077; x_wconf 86' lang='grc' dir='ltr'>βίου.</span> <span class='ocrx_word' id='word_1_376' title='bbox 3327 2007 3689 2078; x_wconf 79' lang='grc' dir='ltr'>Συμϐαλείται</span> 
     </span>
    </p>
   </div>
   <div class='ocr_carea' id='block_1_51' title="bbox 2110 2097 3688 2172">
    <p class='ocr_par' dir='ltr' id='par_1_51' title="bbox 2110 2097 3688 2172">
     <span class='ocr_line' id='line_1_51' title="bbox 2110 2097 3688 2172; baseline 0.001 -20"><span class='ocrx_word' id='word_1_377' title='bbox 2110 2099 2168 2152; x_wconf 83' lang='grc' dir='ltr'>δὲ</span> <span class='ocrx_word' id='word_1_378' title='bbox 2205 2102 2336 2171; x_wconf 80' lang='grc' dir='ltr'>ἡμῖν</span> <span class='ocrx_word' id='word_1_379' title='bbox 2361 2102 2426 2171; x_wconf 80' lang='grc' dir='ltr'>τῇ</span> <span class='ocrx_word' id='word_1_380' title='bbox 2455 2099 2677 2172; x_wconf 76' lang='grc' dir='ltr'>τοιαύτῃ</span> <span class='ocrx_word' id='word_1_381' title='bbox 2707 2099 2836 2168; x_wconf 81' lang='grc' dir='ltr'>περὶ</span> <span class='ocrx_word' id='word_1_382' title='bbox 2875 2097 2970 2151; x_wconf 79' lang='grc' dir='ltr'><strong>τοῦ</strong></span> <span class='ocrx_word' id='word_1_383' title='bbox 3010 2097 3461 2171; x_wconf 81' lang='grc' dir='ltr'>σεληνιαζομένου</span> <span class='ocrx_word' id='word_1_384' title='bbox 3501 2100 3688 2171; x_wconf 82' lang='grc' dir='ltr'>διηγή-</span> 
     </span>
    </p>
   </div>
   <div class='ocr_carea' id='block_1_52' title="bbox 2113 2191 3687 2263">
    <p class='ocr_par' dir='ltr' id='par_1_52' title="bbox 2113 2191 3687 2263">
     <span class='ocr_line' id='line_1_52' title="bbox 2113 2191 3687 2263; baseline 0.001 -19"><span class='ocrx_word' id='word_1_385' title='bbox 2113 2208 2196 2244; x_wconf 89' lang='grc' dir='ltr'>σει</span> <span class='ocrx_word' id='word_1_386' title='bbox 2233 2194 2262 2245; x_wconf 84' lang='grc' dir='ltr'>ὁ</span> <span class='ocrx_word' id='word_1_387' title='bbox 2300 2191 2471 2260; x_wconf 89' lang='grc' dir='ltr'>λέγων</span> <span class='ocrx_word' id='word_1_388' title='bbox 2504 2193 2561 2245; x_wconf 82' lang='grc' dir='ltr'>ὲν</span> <span class='ocrx_word' id='word_1_389' title='bbox 2599 2194 2665 2261; x_wconf 80' lang='grc' dir='ltr'>τῇ</span> <span class='ocrx_word' id='word_1_390' title='bbox 2702 2191 2873 2263; x_wconf 70' lang='grc' dir='ltr'>Σοφίᾳ</span> <span class='ocrx_word' id='word_1_391' title='bbox 2906 2191 3032 2262; x_wconf 80' lang='grc' dir='ltr'>περὶ</span> <span class='ocrx_word' id='word_1_392' title='bbox 3086 2191 3185 2262; x_wconf 85' lang='grc' dir='ltr'>μὲν</span> <span class='ocrx_word' id='word_1_393' title='bbox 3220 2192 3319 2263; x_wconf 82' lang='grc' dir='ltr'>τῆς</span> <span class='ocrx_word' id='word_1_394' title='bbox 3350 2192 3442 2246; x_wconf 79' lang='grc' dir='ltr'>τοῦ</span> <span class='ocrx_word' id='word_1_395' title='bbox 3481 2193 3687 2247; x_wconf 84' lang='grc' dir='ltr'>δικαίου</span> 
     </span>
    </p>
   </div>
   <div class='ocr_carea' id='block_1_53' title="bbox 2112 2282 3687 2355">
    <p class='ocr_par' dir='ltr' id='par_1_53' title="bbox 2112 2282 3687 2355">
     <span class='ocr_line' id='line_1_53' title="bbox 2112 2282 3687 2355; baseline -0.001 -17"><span class='ocrx_word' id='word_1_396' title='bbox 2112 2283 2442 2355; x_wconf 83' lang='grc' dir='ltr'>ὁμαλότητος</span> <span class='ocrx_word' id='word_1_397' title='bbox 2477 2299 2493 2314; x_wconf 77' lang='grc' dir='ltr'><strong>ο</strong></span> <span class='ocrx_word' id='word_1_398' title='bbox 2548 2302 2566 2334; x_wconf 77' lang='grc' dir='ltr'><strong>ι</strong></span> <span class='ocrx_word' id='word_1_399' title='bbox 2618 2283 2880 2354; x_wconf 84' lang='grc' dir='ltr'>Διήγησις</span> <span class='ocrx_word' id='word_1_400' title='bbox 2928 2282 3185 2347; x_wconf 80' lang='grc' dir='ltr'>εὐσεϐοῦς</span> <span class='ocrx_word' id='word_1_401' title='bbox 3229 2282 3317 2337; x_wconf 81' lang='grc' dir='ltr'><strong>διὰ</strong></span> <span class='ocrx_word' id='word_1_402' title='bbox 3358 2286 3558 2348; x_wconf 63' lang='grc' dir='ltr'>παντὸς</span> <span class='ocrx_word' id='word_1_403' title='bbox 3603 2302 3687 2337; x_wconf 81' lang='grc' dir='ltr'>σο-</span> 
     </span>
    </p>
   </div>
   <div class='ocr_carea' id='block_1_54' title="bbox 2115 2371 3688 2446">
    <p class='ocr_par' dir='ltr' id='par_1_54' title="bbox 2115 2371 3688 2446">
     <span class='ocr_line' id='line_1_54' title="bbox 2115 2371 3688 2446; baseline -0.003 -16"><span class='ocrx_word' id='word_1_404' title='bbox 2115 2377 2212 2446; x_wconf 80' lang='grc' dir='ltr'><strong>φία</strong></span> <span class='ocrx_word' id='word_1_405' title='bbox 2232 2391 2244 2404; x_wconf 70' lang='grc' dir='ltr'><strong>ο</strong></span> <span class='ocrx_word' id='word_1_406' title='bbox 2273 2395 2292 2426; x_wconf 81' lang='grc' dir='ltr'><strong>ι</strong></span> <span class='ocrx_word' id='word_1_407' title='bbox 2318 2375 2445 2445; x_wconf 77' lang='grc' dir='ltr'>περὶ</span> <span class='ocrx_word' id='word_1_408' title='bbox 2467 2373 2523 2426; x_wconf 87' lang='grc' dir='ltr'>δὲ</span> <span class='ocrx_word' id='word_1_409' title='bbox 2552 2371 2659 2427; x_wconf 83' lang='grc' dir='ltr'><strong>τῶν</strong></span> <span class='ocrx_word' id='word_1_410' title='bbox 2688 2371 3093 2443; x_wconf 81' lang='grc' dir='ltr'>ἀποδεδομένων</span> <span class='ocrx_word' id='word_1_411' title='bbox 3116 2388 3131 2403; x_wconf 86' lang='grc'><strong>·</strong></span> <span class='ocrx_word' id='word_1_412' title='bbox 3163 2392 3182 2424; x_wconf 83' lang='grc' dir='ltr'><strong>ι</strong></span> <span class='ocrx_word' id='word_1_413' title='bbox 3205 2373 3263 2425; x_wconf 84' lang='grc'><strong>’0</strong></span> <span class='ocrx_word' id='word_1_414' title='bbox 3291 2372 3347 2424; x_wconf 82' lang='grc' dir='ltr'>δὲ</span> <span class='ocrx_word' id='word_1_415' title='bbox 3369 2374 3558 2445; x_wconf 71' lang='grc' dir='ltr'>ἄφρων</span> <span class='ocrx_word' id='word_1_416' title='bbox 3579 2374 3688 2445; x_wconf 82' lang='grc'>(78)</span> 
     </span>
    </p>
   </div>
   <div class='ocr_carea' id='block_1_55' title="bbox 2112 2462 3691 2535">
    <p class='ocr_par' dir='ltr' id='par_1_55' title="bbox 2112 2462 3691 2535">
     <span class='ocr_line' id='line_1_55' title="bbox 2112 2462 3691 2535; baseline 0.001 -17"><span class='ocrx_word' id='word_1_417' title='bbox 2112 2466 2187 2529; x_wconf 84' lang='grc' dir='ltr'>ὡς</span> <span class='ocrx_word' id='word_1_418' title='bbox 2215 2464 2410 2535; x_wconf 81' lang='grc' dir='ltr'>σελήνη</span> <span class='ocrx_word' id='word_1_419' title='bbox 2439 2462 2764 2518; x_wconf 76' lang='grc' dir='ltr'>ἀλλοιοῦται.</span> <span class='ocrx_word' id='word_1_420' title='bbox 2807 2481 2825 2513; x_wconf 86' lang='grc' dir='ltr'><strong>ι</strong></span> <span class='ocrx_word' id='word_1_421' title='bbox 2865 2463 2974 2516; x_wconf 76' lang='grc' dir='ltr'><strong>Καὶ</strong></span> <span class='ocrx_word' id='word_1_422' title='bbox 3002 2462 3115 2517; x_wconf 73' lang='grc' dir='ltr'>ἔστι</span> <span class='ocrx_word' id='word_1_423' title='bbox 3143 2464 3238 2517; x_wconf 72' lang='grc' dir='ltr'><strong>καὶ</strong></span> <span class='ocrx_word' id='word_1_424' title='bbox 3266 2464 3325 2516; x_wconf 81' lang='grc' dir='ltr'>ὲν</span> <span class='ocrx_word' id='word_1_425' title='bbox 3367 2468 3481 2529; x_wconf 84' lang='grc' dir='ltr'>τοῖς</span> <span class='ocrx_word' id='word_1_426' title='bbox 3520 2466 3691 2519; x_wconf 74' lang='grc' dir='ltr'>τοιού-</span> 
     </span>
    </p>
   </div>
   <div class='ocr_carea' id='block_1_56' title="bbox 2112 2553 3690 2629">
    <p class='ocr_par' dir='ltr' id='par_1_56' title="bbox 2112 2553 3690 2629">
     <span class='ocr_line' id='line_1_56' title="bbox 2112 2553 3690 2629; baseline 0.002 -20"><span class='ocrx_word' id='word_1_427' title='bbox 2112 2573 2223 2620; x_wconf 89' lang='grc' dir='ltr'>τοις</span> <span class='ocrx_word' id='word_1_428' title='bbox 2260 2556 2386 2610; x_wconf 80' lang='grc' dir='ltr'>ίδεῖν</span> <span class='ocrx_word' id='word_1_429' title='bbox 2405 2554 2580 2626; x_wconf 80' lang='grc' dir='ltr'>ὁρμὰς</span> <span class='ocrx_word' id='word_1_430' title='bbox 2612 2553 2953 2626; x_wconf 86' lang='grc' dir='ltr'>συναρπάσαι</span> <span class='ocrx_word' id='word_1_431' title='bbox 2980 2554 3282 2626; x_wconf 76' lang='grc' dir='ltr'>δυναμένας</span> <span class='ocrx_word' id='word_1_432' title='bbox 3308 2556 3443 2629; x_wconf 81' lang='grc' dir='ltr'>πρὸς</span> <span class='ocrx_word' id='word_1_433' title='bbox 3475 2557 3690 2612; x_wconf 76' lang='grc' dir='ltr'>ἔπαινον</span> 
     </span>
    </p>
   </div>
   <div class='ocr_carea' id='block_1_57' title="bbox 2111 2643 3691 2719">
    <p class='ocr_par' dir='ltr' id='par_1_57' title="bbox 2111 2643 3691 2719">
     <span class='ocr_line' id='line_1_57' title="bbox 2111 2643 3691 2719; baseline 0.004 -20"><span class='ocrx_word' id='word_1_434' title='bbox 2111 2648 2236 2710; x_wconf 86' lang='grc' dir='ltr'>τοὺς</span> <span class='ocrx_word' id='word_1_435' title='bbox 2274 2645 2347 2717; x_wconf 82' lang='grc' dir='ltr'>μὴ</span> <span class='ocrx_word' id='word_1_436' title='bbox 2391 2645 2717 2709; x_wconf 79' lang='grc' dir='ltr'>ὲπιστάντας</span> <span class='ocrx_word' id='word_1_437' title='bbox 2760 2643 2940 2699; x_wconf 81' lang='grc' dir='ltr'>αὐτῶν</span> <span class='ocrx_word' id='word_1_438' title='bbox 2982 2645 3059 2717; x_wconf 85' lang='grc' dir='ltr'>τῷ</span> <span class='ocrx_word' id='word_1_439' title='bbox 3109 2646 3518 2719; x_wconf 78' lang='grc' dir='ltr'>ἀνερματίστῳ·</span> <span class='ocrx_word' id='word_1_440' title='bbox 3550 2648 3691 2705; x_wconf 82' lang='grc' dir='ltr'>ὥστε</span> 
     </span>
    </p>
   </div>
   <div class='ocr_carea' id='block_1_58' title="bbox 2112 2734 3689 2810">
    <p class='ocr_par' dir='ltr' id='par_1_58' title="bbox 2112 2734 3689 2810">
     <span class='ocr_line' id='line_1_58' title="bbox 2112 2734 3689 2810; baseline 0.003 -22"><span class='ocrx_word' id='word_1_441' title='bbox 2112 2737 2285 2789; x_wconf 78' lang='grc' dir='ltr'>εἰπεῖν</span> <span class='ocrx_word' id='word_1_442' title='bbox 2317 2736 2383 2789; x_wconf 84' lang='grc' dir='ltr'>ἂν</span> <span class='ocrx_word' id='word_1_443' title='bbox 2425 2737 2588 2790; x_wconf 72' lang='grc' dir='ltr'>οἱονεὶ</span> <span class='ocrx_word' id='word_1_444' title='bbox 2621 2736 2950 2808; x_wconf 81' lang='grc' dir='ltr'>πανσέληνον</span> <span class='ocrx_word' id='word_1_445' title='bbox 2984 2734 3121 2792; x_wconf 74' lang='grc' dir='ltr'>εἶναι</span> <span class='ocrx_word' id='word_1_446' title='bbox 3155 2738 3212 2790; x_wconf 79' lang='grc' dir='ltr'>ὲν</span> <span class='ocrx_word' id='word_1_447' title='bbox 3256 2740 3460 2803; x_wconf 73' lang='grc' dir='ltr'>αὐτοῖς,</span> <span class='ocrx_word' id='word_1_448' title='bbox 3489 2740 3521 2810; x_wconf 79' lang='grc' dir='ltr'>ἢ</span> <span class='ocrx_word' id='word_1_449' title='bbox 3562 2739 3689 2810; x_wconf 83' lang='grc' dir='ltr'>παρ’</span> 
     </span>
    </p>
   </div>
   <div class='ocr_carea' id='block_1_59' title="bbox 2111 2830 3686 2903">
    <p class='ocr_par' dir='ltr' id='par_1_59' title="bbox 2111 2830 3686 2903">
     <span class='ocr_line' id='line_1_59' title="bbox 2111 2830 3686 2903; baseline 0.002 -18"><span class='ocrx_word' id='word_1_450' title='bbox 2111 2831 2287 2899; x_wconf 83' lang='grc' dir='ltr'>ὀλίγον</span> <span class='ocrx_word' id='word_1_451' title='bbox 2321 2831 2670 2902; x_wconf 80' lang='grc' dir='ltr'>πανσέληνον.</span> <span class='ocrx_word' id='word_1_452' title='bbox 2697 2830 2854 2894; x_wconf 84' lang='grc' dir='ltr'>Ἶδοις</span> <span class='ocrx_word' id='word_1_453' title='bbox 2881 2831 2924 2884; x_wconf 86' lang='grc' dir='ltr'>δ’</span> <span class='ocrx_word' id='word_1_454' title='bbox 2946 2830 3015 2885; x_wconf 88' lang='grc' dir='ltr'>ἂν</span> <span class='ocrx_word' id='word_1_455' title='bbox 3039 2830 3197 2885; x_wconf 86' lang='grc' dir='ltr'>πάλιν</span> <span class='ocrx_word' id='word_1_456' title='bbox 3224 2830 3552 2902; x_wconf 77' lang='grc' dir='ltr'>μιμούμενον</span> <span class='ocrx_word' id='word_1_457' title='bbox 3576 2834 3686 2903; x_wconf 89' lang='grc'>(79)</span> 
     </span>
    </p>
   </div>
   <div class='ocr_carea' id='block_1_60' title="bbox 2111 2918 3683 2995">
    <p class='ocr_par' dir='ltr' id='par_1_60' title="bbox 2111 2918 3683 2995">
     <span class='ocr_line' id='line_1_60' title="bbox 2111 2918 3683 2995; baseline 0.001 -19"><span class='ocrx_word' id='word_1_458' title='bbox 2111 2922 2172 2976; x_wconf 82' lang='grc' dir='ltr'>τὸ</span> <span class='ocrx_word' id='word_1_459' title='bbox 2216 2922 2372 2987; x_wconf 80' lang='grc' dir='ltr'>δόξαν</span> <span class='ocrx_word' id='word_1_460' title='bbox 2411 2918 2550 2976; x_wconf 79' lang='grc' dir='ltr'>εἶναι</span> <span class='ocrx_word' id='word_1_461' title='bbox 2585 2924 2642 2976; x_wconf 81' lang='grc' dir='ltr'>ὲν</span> <span class='ocrx_word' id='word_1_462' title='bbox 2688 2923 2870 2987; x_wconf 81' lang='grc' dir='ltr'>αὐτοῖς</span> <span class='ocrx_word' id='word_1_463' title='bbox 2916 2923 3053 2993; x_wconf 81' lang='grc' dir='ltr'>φῶς,</span> <span class='ocrx_word' id='word_1_464' title='bbox 3103 2923 3225 2994; x_wconf 71' lang='grc' dir='ltr'>οὐχ),</span> <span class='ocrx_word' id='word_1_465' title='bbox 3276 2924 3387 2992; x_wconf 74' lang='grc' dir='ltr'>φῶς</span> <span class='ocrx_word' id='word_1_466' title='bbox 3432 2927 3683 2995; x_wconf 78' lang='grc' dir='ltr'>ἡμερινὸν</span> 
     </span>
    </p>
   </div>
   <div class='ocr_carea' id='block_1_61' title="bbox 2112 3014 3673 3086">
    <p class='ocr_par' dir='ltr' id='par_1_61' title="bbox 2112 3014 3673 3086">
     <span class='ocr_line' id='line_1_61' title="bbox 2112 3014 3673 3086; baseline 0.001 -17"><span class='ocrx_word' id='word_1_467' title='bbox 2112 3015 2398 3086; x_wconf 82' lang='grc' dir='ltr'>τυγχάνον,</span> <span class='ocrx_word' id='word_1_468' title='bbox 2451 3014 2587 3069; x_wconf 86' lang='grc' dir='ltr'>ἀλλὰ</span> <span class='ocrx_word' id='word_1_469' title='bbox 2641 3015 2736 3068; x_wconf 75' lang='grc' dir='ltr'>καὶ</span> <span class='ocrx_word' id='word_1_470' title='bbox 2791 3015 2907 3084; x_wconf 79' lang='grc' dir='ltr'>φῶς</span> <span class='ocrx_word' id='word_1_471' title='bbox 2963 3016 3292 3086; x_wconf 82' lang='grc' dir='ltr'>νυκτερινὸν,</span> <span class='ocrx_word' id='word_1_472' title='bbox 3350 3017 3439 3069; x_wconf 79' lang='grc' dir='ltr'>ἐπὶ</span> <span class='ocrx_word' id='word_1_473' title='bbox 3489 3018 3673 3071; x_wconf 77' lang='grc' dir='ltr'>τοσοῦ-</span> 
     </span>
    </p>
   </div>
   <div class='ocr_carea' id='block_1_62' title="bbox 435 3097 2007 3195">
    <p class='ocr_par' dir='ltr' id='par_1_62' title="bbox 435 3097 2007 3171">
     <span class='ocr_line' id='line_1_62' title="bbox 435 3097 2007 3171; baseline -0.002 -17"><span class='ocrx_word' id='word_1_474' title='bbox 435 3102 580 3171; x_wconf 89' lang='lat' dir='ltr'><strong>qnod</strong></span> <span class='ocrx_word' id='word_1_475' title='bbox 611 3100 896 3155; x_wconf 85' lang='lat' dir='ltr'><strong>videbatur</strong></span> <span class='ocrx_word' id='word_1_476' title='bbox 924 3099 1108 3153; x_wconf 89' lang='lat' dir='ltr'><strong>lumen</strong></span> <span class='ocrx_word' id='word_1_477' title='bbox 1143 3113 1264 3153; x_wconf 89' lang='lat' dir='ltr'><strong>esse</strong></span> <span class='ocrx_word' id='word_1_478' title='bbox 1294 3098 1351 3152; x_wconf 91' lang='lat' dir='ltr'><strong>in</strong></span> <span class='ocrx_word' id='word_1_479' title='bbox 1391 3097 1478 3164; x_wconf 88' lang='lat' dir='ltr'><strong>iis,</strong></span> <span class='ocrx_word' id='word_1_480' title='bbox 1510 3097 1660 3151; x_wconf 82' lang='lat' dir='ltr'><strong>nullo</strong></span> <span class='ocrx_word' id='word_1_481' title='bbox 1684 3097 1846 3152; x_wconf 91' lang='lat' dir='ltr'><strong>modo</strong></span> <span class='ocrx_word' id='word_1_482' title='bbox 1883 3112 2007 3152; x_wconf 92' lang='lat' dir='ltr'><strong>con-</strong></span> 
     </span>
    </p>
   </div>
   <div class='ocr_carea' id='block_1_63' title="bbox 2108 3097 3680 3195">
    <p class='ocr_par' dir='ltr' id='par_1_63' title="bbox 2111 3102 3680 3178">
     <span class='ocr_line' id='line_1_63' title="bbox 2111 3102 3680 3178; baseline 0.001 -18"><span class='ocrx_word' id='word_1_483' title='bbox 2111 3123 2201 3161; x_wconf 89' lang='grc' dir='ltr'><strong>τον</strong></span> <span class='ocrx_word' id='word_1_484' title='bbox 2236 3107 2347 3177; x_wconf 83' lang='grc'>(80)</span> <span class='ocrx_word' id='word_1_485' title='bbox 2376 3105 2561 3176; x_wconf 82' lang='grc' dir='ltr'>λῆγον,</span> <span class='ocrx_word' id='word_1_486' title='bbox 2586 3105 2691 3170; x_wconf 77' lang='grc' dir='ltr'>ἕως</span> <span class='ocrx_word' id='word_1_487' title='bbox 2727 3105 2859 3178; x_wconf 78' lang='grc' dir='ltr'>μηδὲ</span> <span class='ocrx_word' id='word_1_488' title='bbox 2887 3105 3075 3160; x_wconf 74' lang='grc' dir='ltr'>δοκοῦν</span> <span class='ocrx_word' id='word_1_489' title='bbox 3110 3106 3223 3177; x_wconf 81' lang='grc' dir='ltr'>φῶς</span> <span class='ocrx_word' id='word_1_490' title='bbox 3247 3102 3376 3159; x_wconf 80' lang='grc' dir='ltr'>εἶναι</span> <span class='ocrx_word' id='word_1_491' title='bbox 3399 3106 3680 3161; x_wconf 79' lang='grc' dir='ltr'>ἐπιϐλεπὸ-</span> 
     </span>
    </p>
   </div>
   <div class='ocr_carea' id='block_1_64' title="bbox 436 3190 2008 3265">
    <p class='ocr_par' dir='ltr' id='par_1_64' title="bbox 436 3190 2008 3265">
     <span class='ocr_line' id='line_1_64' title="bbox 436 3190 2008 3265; baseline -0.002 -15"><span class='ocrx_word' id='word_1_492' title='bbox 436 3194 719 3265; x_wconf 77' lang='lat' dir='ltr'><strong>spiciatur.</strong></span> <span class='ocrx_word' id='word_1_493' title='bbox 763 3192 846 3246; x_wconf 82' lang='lat' dir='ltr'><strong>An</strong></span> <span class='ocrx_word' id='word_1_494' title='bbox 879 3199 1061 3247; x_wconf 88' lang='lat' dir='ltr'><strong>autem</strong></span> <span class='ocrx_word' id='word_1_495' title='bbox 1102 3199 1324 3261; x_wconf 80' lang='lat' dir='ltr'><strong>prapter</strong></span> <span class='ocrx_word' id='word_1_496' title='bbox 1353 3191 1459 3245; x_wconf 86' lang='lat' dir='ltr'><strong>tale</strong></span> <span class='ocrx_word' id='word_1_497' title='bbox 1491 3191 1791 3260; x_wconf 88' lang='lat' dir='ltr'><strong>quidpiam,</strong></span> <span class='ocrx_word' id='word_1_498' title='bbox 1839 3190 2008 3261; x_wconf 84' lang='lat' dir='ltr'><strong>epile-</strong></span> 
     </span>
    </p>
   </div>
   <div class='ocr_carea' id='block_1_65' title="bbox 435 3282 2009 3357">
    <p class='ocr_par' dir='ltr' id='par_1_65' title="bbox 435 3282 2009 3357">
     <span class='ocr_line' id='line_1_65' title="bbox 435 3282 2009 3357; baseline -0.002 -17"><span class='ocrx_word' id='word_1_499' title='bbox 435 3286 612 3357; x_wconf 82' lang='lat' dir='ltr'><strong>psiam</strong></span> <span class='ocrx_word' id='word_1_500' title='bbox 635 3283 934 3339; x_wconf 87' lang='lat' dir='ltr'><strong>lunaticum</strong></span> <span class='ocrx_word' id='word_1_501' title='bbox 978 3285 1230 3339; x_wconf 89' lang='lat' dir='ltr'><strong>morbum</strong></span> <span class='ocrx_word' id='word_1_502' title='bbox 1269 3282 1661 3352; x_wconf 86' lang='lat' dir='ltr'><strong>appellaverint</strong></span> <span class='ocrx_word' id='word_1_503' title='bbox 1692 3297 1885 3349; x_wconf 90' lang='lat' dir='ltr'><strong>necne,</strong></span> <span class='ocrx_word' id='word_1_504' title='bbox 1913 3282 2009 3353; x_wconf 90' lang='lat' dir='ltr'><strong>qui</strong></span> 
     </span>
    </p>
   </div>
   <div class='ocr_carea' id='block_1_66' title="bbox 434 3374 2006 3446">
    <p class='ocr_par' dir='ltr' id='par_1_66' title="bbox 434 3374 2006 3446">
     <span class='ocr_line' id='line_1_66' title="bbox 434 3374 2006 3446; baseline -0.003 -12"><span class='ocrx_word' id='word_1_505' title='bbox 434 3379 602 3434; x_wconf 85' lang='lat' dir='ltr'><strong>rebus</strong></span> <span class='ocrx_word' id='word_1_506' title='bbox 647 3379 866 3433; x_wconf 91' lang='lat' dir='ltr'><strong>nomina</strong></span> <span class='ocrx_word' id='word_1_507' title='bbox 900 3376 1136 3446; x_wconf 87' lang='lat' dir='ltr'><strong>primum</strong></span> <span class='ocrx_word' id='word_1_508' title='bbox 1172 3375 1571 3445; x_wconf 86' lang='lat' dir='ltr'><strong>imposuerunt,</strong></span> <span class='ocrx_word' id='word_1_509' title='bbox 1611 3374 1726 3445; x_wconf 91' lang='lat' dir='ltr'><strong>ipse</strong></span> <span class='ocrx_word' id='word_1_510' title='bbox 1758 3374 2006 3430; x_wconf 87' lang='lat' dir='ltr'><strong>animad-</strong></span> 
     </span>
    </p>
   </div>
   <div class='ocr_carea' id='block_1_67' title="bbox 437 3478 1148 3525">
    <p class='ocr_par' dir='ltr' id='par_1_67' title="bbox 437 3478 1148 3525">
     <span class='ocr_line' id='line_1_67' title="bbox 437 3478 1148 3525; baseline -0.004 0"><span class='ocrx_word' id='word_1_511' title='bbox 437 3478 616 3525; x_wconf 52' lang='lat' dir='ltr'><strong>\‘crtes</strong></span> <span class='ocrx_word' id='word_1_512' title='bbox 625 3509 639 3522; x_wconf 87' lang='lat'><strong>.</strong></span> <span class='ocrx_word' id='word_1_513' title='bbox 1140 3478 1148 3487; x_wconf 84' lang='grc'><em>’</em></span> 
     </span>
    </p>
   </div>
   <div class='ocr_carea' id='block_1_68' title="bbox 507 3550 2010 3631">
    <p class='ocr_par' dir='ltr' id='par_1_68' title="bbox 507 3550 2010 3631">
     <span class='ocr_line' id='line_1_68' title="bbox 507 3550 2010 3631; baseline 0.001 -16"><span class='ocrx_word' id='word_1_514' title='bbox 507 3561 561 3615; x_wconf 86' lang='grc'>5.</span> <span class='ocrx_word' id='word_1_515' title='bbox 596 3550 763 3614; x_wconf 79' lang='lat' dir='ltr'><strong>Pater</strong></span> <span class='ocrx_word' id='word_1_516' title='bbox 788 3567 970 3614; x_wconf 91' lang='lat' dir='ltr'><strong>autem</strong></span> <span class='ocrx_word' id='word_1_517' title='bbox 1014 3558 1237 3614; x_wconf 89' lang='lat' dir='ltr'><strong>lunatici</strong></span> <span class='ocrx_word' id='word_1_518' title='bbox 1279 3559 1328 3616; x_wconf 86' lang='lat' dir='ltr'><strong>is</strong></span> <span class='ocrx_word' id='word_1_519' title='bbox 1373 3569 1456 3617; x_wconf 85' lang='lat' dir='ltr'><strong>est</strong></span> <span class='ocrx_word' id='word_1_520' title='bbox 1504 3558 1735 3616; x_wconf 77' lang='lat' dir='ltr'><strong>fortasse</strong></span> <span class='ocrx_word' id='word_1_521' title='bbox 1783 3560 2010 3631; x_wconf 82' lang='lat' dir='ltr'><strong>angelus</strong></span> 
     </span>
    </p>
   </div>
   <div class='ocr_carea' id='block_1_69' title="bbox 434 3652 2007 3724">
    <p class='ocr_par' dir='ltr' id='par_1_69' title="bbox 434 3652 2007 3724">
     <span class='ocr_line' id='line_1_69' title="bbox 434 3652 2007 3724; baseline -0.003 -14"><span class='ocrx_word' id='word_1_522' title='bbox 434 3654 525 3710; x_wconf 89' lang='lat' dir='ltr'><strong>cui</strong></span> <span class='ocrx_word' id='word_1_523' title='bbox 548 3652 638 3708; x_wconf 91' lang='lat' dir='ltr'><strong>ille</strong></span> <span class='ocrx_word' id='word_1_524' title='bbox 666 3652 858 3724; x_wconf 83' lang='lat' dir='ltr'><strong>obtigit</strong></span> <span class='ocrx_word' id='word_1_525' title='bbox 887 3652 953 3723; x_wconf 86' lang='lat' dir='ltr'><strong>(si</strong></span> <span class='ocrx_word' id='word_1_526' title='bbox 981 3652 1144 3709; x_wconf 90' lang='lat' dir='ltr'><strong>modo</strong></span> <span class='ocrx_word' id='word_1_527' title='bbox 1169 3668 1387 3709; x_wconf 85' lang='lat' dir='ltr'><strong>onmem</strong></span> <span class='ocrx_word' id='word_1_528' title='bbox 1436 3652 1727 3708; x_wconf 86' lang='lat' dir='ltr'><strong>humanam</strong></span> <span class='ocrx_word' id='word_1_529' title='bbox 1769 3652 2007 3707; x_wconf 90' lang='lat' dir='ltr'><strong>animam</strong></span> 
     </span>
    </p>
   </div>
   <div class='ocr_carea' id='block_1_70' title="bbox 2119 3196 3685 3269">
    <p class='ocr_par' dir='ltr' id='par_1_70' title="bbox 2119 3196 3685 3269">
     <span class='ocr_line' id='line_1_70' title="bbox 2119 3196 3685 3269; baseline 0.001 -19"><span class='ocrx_word' id='word_1_530' title='bbox 2119 3214 2278 3269; x_wconf 88' lang='grc' dir='ltr'>μενον</span> <span class='ocrx_word' id='word_1_531' title='bbox 2312 3196 2370 3249; x_wconf 85' lang='grc' dir='ltr'>ὲν</span> <span class='ocrx_word' id='word_1_532' title='bbox 2404 3197 2587 3260; x_wconf 80' lang='grc' dir='ltr'>αὐτοῖς</span> <span class='ocrx_word' id='word_1_533' title='bbox 2617 3198 2857 3268; x_wconf 85' lang='grc' dir='ltr'>γένηται.</span> <span class='ocrx_word' id='word_1_534' title='bbox 2887 3198 2949 3249; x_wconf 80' lang='lat' dir='ltr'><strong>El</strong></span> <span class='ocrx_word' id='word_1_535' title='bbox 2977 3197 3032 3250; x_wconf 81' lang='grc' dir='ltr'>δὲ</span> <span class='ocrx_word' id='word_1_536' title='bbox 3065 3199 3113 3251; x_wconf 80' lang='grc' dir='ltr'>οἱ</span> <span class='ocrx_word' id='word_1_537' title='bbox 3142 3196 3346 3268; x_wconf 84' lang='grc' dir='ltr'>πρῶτοι</span> <span class='ocrx_word' id='word_1_538' title='bbox 3376 3196 3589 3268; x_wconf 77' lang='grc' dir='ltr'>θέμενοι</span> <span class='ocrx_word' id='word_1_539' title='bbox 3615 3196 3685 3251; x_wconf 81' lang='grc' dir='ltr'>τὰ</span> 
     </span>
    </p>
   </div>
   <div class='ocr_carea' id='block_1_71' title="bbox 2113 3284 3690 3357">
    <p class='ocr_par' dir='ltr' id='par_1_71' title="bbox 2113 3284 3690 3357">
     <span class='ocr_line' id='line_1_71' title="bbox 2113 3284 3690 3357; baseline -0.003 -17"><span class='ocrx_word' id='word_1_540' title='bbox 2113 3286 2351 3357; x_wconf 84' lang='grc' dir='ltr'>ὀνόματα</span> <span class='ocrx_word' id='word_1_541' title='bbox 2393 3288 2506 3348; x_wconf 86' lang='grc' dir='ltr'>τοῖς</span> <span class='ocrx_word' id='word_1_542' title='bbox 2553 3285 2838 3356; x_wconf 87' lang='grc' dir='ltr'>πράγμασι</span> <span class='ocrx_word' id='word_1_543' title='bbox 2881 3284 2970 3337; x_wconf 76' lang='grc' dir='ltr'><strong>διὰ</strong></span> <span class='ocrx_word' id='word_1_544' title='bbox 3016 3284 3254 3338; x_wconf 81' lang='grc' dir='ltr'>τοιοῦτόν</span> <span class='ocrx_word' id='word_1_545' title='bbox 3302 3302 3355 3337; x_wconf 87' lang='grc' dir='ltr'><strong>τι</strong></span> <span class='ocrx_word' id='word_1_546' title='bbox 3403 3284 3690 3355; x_wconf 77' lang='grc' dir='ltr'>ὠνόμασαν</span> 
     </span>
    </p>
   </div>
   <div class='ocr_carea' id='block_1_72' title="bbox 2115 3374 3691 3447">
    <p class='ocr_par' dir='ltr' id='par_1_72' title="bbox 2115 3374 3691 3447">
     <span class='ocr_line' id='line_1_72' title="bbox 2115 3374 3691 3447; baseline -0.003 -16"><span class='ocrx_word' id='word_1_547' title='bbox 2115 3378 2175 3431; x_wconf 78' lang='grc' dir='ltr'>τὸ</span> <span class='ocrx_word' id='word_1_548' title='bbox 2205 3376 2305 3447; x_wconf 83' lang='grc' dir='ltr'>τῆς</span> <span class='ocrx_word' id='word_1_549' title='bbox 2338 3375 2629 3447; x_wconf 75' lang='grc' dir='ltr'>ἐπιληψίας</span> <span class='ocrx_word' id='word_1_550' title='bbox 2666 3375 2836 3439; x_wconf 84' lang='grc' dir='ltr'>πάθος</span> <span class='ocrx_word' id='word_1_551' title='bbox 2872 3375 3250 3447; x_wconf 80' lang='grc' dir='ltr'>σεληνιασμὸν,</span> <span class='ocrx_word' id='word_1_552' title='bbox 3281 3374 3315 3446; x_wconf 78' lang='grc' dir='ltr'>ἢ</span> <span class='ocrx_word' id='word_1_553' title='bbox 3343 3374 3440 3447; x_wconf 81' lang='grc' dir='ltr'>μὴ,</span> <span class='ocrx_word' id='word_1_554' title='bbox 3475 3377 3566 3429; x_wconf 74' lang='grc' dir='ltr'>καὶ</span> <span class='ocrx_word' id='word_1_555' title='bbox 3598 3376 3691 3428; x_wconf 85' lang='grc' dir='ltr'>αύ-</span> 
     </span>
    </p>
   </div>
   <div class='ocr_carea' id='block_1_73' title="bbox 2115 3469 2571 3541">
    <p class='ocr_par' dir='ltr' id='par_1_73' title="bbox 2115 3469 2571 3541">
     <span class='ocr_line' id='line_1_73' title="bbox 2115 3469 2571 3541; baseline -0.002 -18"><span class='ocrx_word' id='word_1_556' title='bbox 2115 3469 2205 3534; x_wconf 76' lang='grc' dir='ltr'><strong>τδς</strong></span> <span class='ocrx_word' id='word_1_557' title='bbox 2242 3470 2571 3541; x_wconf 75' lang='grc' dir='ltr'>ἐπιστήσεις.</span> 
     </span>
    </p>
   </div>
   <div class='ocr_carea' id='block_1_74' title="bbox 2188 3558 3692 3632">
    <p class='ocr_par' dir='ltr' id='par_1_74' title="bbox 2188 3558 3692 3632">
     <span class='ocr_line' id='line_1_74' title="bbox 2188 3558 3692 3632; baseline 0.001 -18"><span class='ocrx_word' id='word_1_558' title='bbox 2188 3561 2376 3632; x_wconf 84' lang='grc' dir='ltr'>Πατὴρ</span> <span class='ocrx_word' id='word_1_559' title='bbox 2419 3559 2527 3631; x_wconf 81' lang='grc'>(81)</span> <span class='ocrx_word' id='word_1_560' title='bbox 2568 3561 2625 3613; x_wconf 88' lang='grc' dir='ltr'>δὲ</span> <span class='ocrx_word' id='word_1_561' title='bbox 2663 3559 2757 3613; x_wconf 81' lang='grc' dir='ltr'><strong>τοῦ</strong></span> <span class='ocrx_word' id='word_1_562' title='bbox 2802 3558 3248 3631; x_wconf 73' lang='grc' dir='ltr'>σεληνιαζομένου</span> <span class='ocrx_word' id='word_1_563' title='bbox 3286 3562 3425 3631; x_wconf 84' lang='grc' dir='ltr'>τάχα</span> <span class='ocrx_word' id='word_1_564' title='bbox 3459 3563 3487 3614; x_wconf 82' lang='grc' dir='ltr'>ὁ</span> <span class='ocrx_word' id='word_1_565' title='bbox 3515 3560 3692 3631; x_wconf 82' lang='grc' dir='ltr'>λαχὼν</span> 
     </span>
    </p>
   </div>
   <div class='ocr_carea' id='block_1_75' title="bbox 2116 3651 3691 3725">
    <p class='ocr_par' dir='ltr' id='par_1_75' title="bbox 2116 3651 3691 3725">
     <span class='ocr_line' id='line_1_75' title="bbox 2116 3651 3691 3725; baseline -0.001 -17"><span class='ocrx_word' id='word_1_566' title='bbox 2116 3654 2277 3708; x_wconf 73' lang='grc' dir='ltr'>αὑτὸν</span> <span class='ocrx_word' id='word_1_567' title='bbox 2310 3653 2536 3724; x_wconf 81' lang='grc' dir='ltr'>ἄγγελος</span> <span class='ocrx_word' id='word_1_568' title='bbox 2566 3653 2698 3725; x_wconf 81' lang='grc' dir='ltr'>(εἴτε</span> <span class='ocrx_word' id='word_1_569' title='bbox 2727 3654 2905 3706; x_wconf 77' lang='grc' dir='ltr'>πᾶσαν</span> <span class='ocrx_word' id='word_1_570' title='bbox 2938 3653 3156 3705; x_wconf 83' lang='grc' dir='ltr'>λεκτέον</span> <span class='ocrx_word' id='word_1_571' title='bbox 3194 3651 3306 3724; x_wconf 74' lang='grc'>(82)</span> <span class='ocrx_word' id='word_1_572' title='bbox 3345 3651 3691 3725; x_wconf 76' lang='grc' dir='ltr'>ἀνθρωπίνην</span> 
     </span>
    </p>
   </div>
   <div class='ocr_carea' id='block_1_76' title="bbox 1636 3764 2490 3824">
    <p class='ocr_par' dir='ltr' id='par_1_76' title="bbox 1636 3764 2490 3824">
     <span class='ocr_line' id='line_1_76' title="bbox 1636 3764 2490 3824; baseline 0.002 -4"><span class='ocrx_word' id='word_1_573' title='bbox 1636 3764 1869 3824; x_wconf 81' lang='lat' dir='ltr'><strong>VETUS</strong></span> <span class='ocrx_word' id='word_1_574' title='bbox 1906 3765 2490 3823; x_wconf 80' lang='lat' dir='ltr'><strong>INTERPRETATIO.</strong></span> 
     </span>
    </p>
   </div>
   <div class='ocr_carea' id='block_1_77' title="bbox 437 3858 3687 3931">
    <p class='ocr_par' dir='ltr' id='par_1_77' title="bbox 437 3858 3687 3931">
     <span class='ocr_line' id='line_1_77' title="bbox 437 3858 3687 3931; baseline -0.001 -12"><span class='ocrx_word' id='word_1_575' title='bbox 437 3880 583 3919; x_wconf 90' lang='lat' dir='ltr'><strong>mus.</strong></span> <span class='ocrx_word' id='word_1_576' title='bbox 616 3860 714 3916; x_wconf 88' lang='lat' dir='ltr'><strong>Est</strong></span> <span class='ocrx_word' id='word_1_577' title='bbox 733 3874 863 3931; x_wconf 82' lang='lat' dir='ltr'><strong>ergo</strong></span> <span class='ocrx_word' id='word_1_578' title='bbox 889 3858 1072 3929; x_wconf 88' lang='lat' dir='ltr'><strong>passio</strong></span> <span class='ocrx_word' id='word_1_579' title='bbox 1100 3859 1215 3915; x_wconf 72' lang='lat' dir='ltr'><strong>haec</strong></span> <span class='ocrx_word' id='word_1_580' title='bbox 1240 3858 1472 3931; x_wconf 79' lang='lat' dir='ltr'><strong>mutatio</strong></span> <span class='ocrx_word' id='word_1_581' title='bbox 1502 3874 1535 3931; x_wconf 85' lang='lat' dir='ltr'><strong>a</strong></span> <span class='ocrx_word' id='word_1_582' title='bbox 1565 3858 1882 3931; x_wconf 84' lang='lat' dir='ltr'><strong>melioribus</strong></span> <span class='ocrx_word' id='word_1_583' title='bbox 1911 3859 1978 3931; x_wconf 84' lang='lat' dir='ltr'><strong>ad</strong></span> <span class='ocrx_word' id='word_1_584' title='bbox 2013 3858 2305 3931; x_wconf 55' lang='lat' dir='ltr'><strong>deteriora,</strong></span> <span class='ocrx_word' id='word_1_585' title='bbox 2338 3860 2463 3931; x_wconf 77' lang='lat' dir='ltr'><strong>quia</strong></span> <span class='ocrx_word' id='word_1_586' title='bbox 2497 3859 2632 3931; x_wconf 87' lang='lat' dir='ltr'><strong>nihil</strong></span> <span class='ocrx_word' id='word_1_587' title='bbox 2657 3858 2835 3931; x_wconf 71' lang='lat' dir='ltr'><strong>differt</strong></span> <span class='ocrx_word' id='word_1_588' title='bbox 2866 3874 2895 3931; x_wconf 88' lang='lat' dir='ltr'><strong>a</strong></span> <span class='ocrx_word' id='word_1_589' title='bbox 2926 3859 3075 3916; x_wconf 82' lang='lat' dir='ltr'><strong>sanis</strong></span> <span class='ocrx_word' id='word_1_590' title='bbox 3097 3859 3198 3931; x_wconf 85' lang='lat' dir='ltr'><strong>qui</strong></span> <span class='ocrx_word' id='word_1_591' title='bbox 3243 3861 3449 3927; x_wconf 88' lang='lat' dir='ltr'><strong>patitur</strong></span> <span class='ocrx_word' id='word_1_592' title='bbox 3477 3860 3601 3931; x_wconf 80' lang='lat' dir='ltr'><strong>hoc,</strong></span> <span class='ocrx_word' id='word_1_593' title='bbox 3629 3860 3687 3916; x_wconf 85' lang='lat' dir='ltr'><strong>in</strong></span> 
     </span>
    </p>
   </div>
   <div class='ocr_carea' id='block_1_78' title="bbox 437 3927 3314 4002">
    <p class='ocr_par' dir='ltr' id='par_1_78' title="bbox 437 3927 3314 4002">
     <span class='ocr_line' id='line_1_78' title="bbox 437 3927 3314 4002; baseline -0.002 -14"><span class='ocrx_word' id='word_1_594' title='bbox 437 3946 683 4002; x_wconf 80' lang='lat' dir='ltr'><strong>tempore</strong></span> <span class='ocrx_word' id='word_1_595' title='bbox 708 3927 1061 4002; x_wconf 55' lang='lat' dir='ltr'><strong>quandonon</strong></span> <span class='ocrx_word' id='word_1_596' title='bbox 1096 3938 1356 4002; x_wconf 79' lang='lat' dir='ltr'><strong>operatur</strong></span> <span class='ocrx_word' id='word_1_597' title='bbox 1383 3930 1435 4002; x_wconf 78' lang='lat' dir='ltr'><strong>in</strong></span> <span class='ocrx_word' id='word_1_598' title='bbox 1460 3929 1553 3981; x_wconf 91' lang='lat' dir='ltr'><strong>illo</strong></span> <span class='ocrx_word' id='word_1_599' title='bbox 1589 3929 1703 3996; x_wconf 88' lang='lat' dir='ltr'><strong>ipsa</strong></span> <span class='ocrx_word' id='word_1_600' title='bbox 1740 3929 1988 4002; x_wconf 62' lang='lat' dir='ltr'><strong>mutatio2</strong></span> <span class='ocrx_word' id='word_1_601' title='bbox 2025 3927 2192 4002; x_wconf 77' lang='lat' dir='ltr'><strong>Tabet</strong></span> <span class='ocrx_word' id='word_1_602' title='bbox 2221 3927 2398 3982; x_wconf 85' lang='lat' dir='ltr'><strong>autem</strong></span> <span class='ocrx_word' id='word_1_603' title='bbox 2427 3929 2657 4002; x_wconf 76' lang='lat' dir='ltr'><strong>juvenis</strong></span> <span class='ocrx_word' id='word_1_604' title='bbox 2684 3929 2973 4002; x_wconf 72' lang='lat' dir='ltr'><strong>inﬁrmitas</strong></span> <span class='ocrx_word' id='word_1_605' title='bbox 3019 3927 3217 4002; x_wconf 56' lang='lat' dir='ltr'><strong>anima!</strong></span> <span class='ocrx_word' id='word_1_606' title='bbox 3261 3931 3314 3984; x_wconf 92' lang='lat' dir='ltr'><strong>in</strong></span> 
     </span>
    </p>
   </div>
   <div class='ocr_carea' id='block_1_79' title="bbox 3397 3930 3686 3985">
    <p class='ocr_par' dir='ltr' id='par_1_79' title="bbox 3397 3930 3686 3985">
     <span class='ocr_line' id='line_1_79' title="bbox 3397 3930 3686 3985; baseline 0.003 -2"><span class='ocrx_word' id='word_1_607' title='bbox 3397 3930 3686 3985; x_wconf 84' lang='lat' dir='ltr'><strong>uibusdam</strong></span> 
     </span>
    </p>
   </div>
   <div class='ocr_carea' id='block_1_80' title="bbox 438 3995 3688 4068">
    <p class='ocr_par' dir='ltr' id='par_1_80' title="bbox 438 3995 3688 4068">
     <span class='ocr_line' id='line_1_80' title="bbox 438 3995 3688 4068; baseline 0 -13"><span class='ocrx_word' id='word_1_608' title='bbox 438 3995 775 4059; x_wconf 77' lang='lat' dir='ltr'><strong>hominibus,</strong></span> <span class='ocrx_word' id='word_1_609' title='bbox 806 3998 900 4065; x_wconf 87' lang='lat' dir='ltr'><strong>qui</strong></span> <span class='ocrx_word' id='word_1_610' title='bbox 936 3995 1248 4068; x_wconf 80' lang='lat' dir='ltr'><strong>frequenter</strong></span> <span class='ocrx_word' id='word_1_611' title='bbox 1273 3995 1661 4053; x_wconf 81' lang='lat' dir='ltr'><strong>existimantur</strong></span> <span class='ocrx_word' id='word_1_612' title='bbox 1683 4000 1799 4052; x_wconf 89' lang='lat' dir='ltr'><strong>sani</strong></span> <span class='ocrx_word' id='word_1_613' title='bbox 1823 4013 1944 4052; x_wconf 89' lang='lat' dir='ltr'><strong>esse</strong></span> <span class='ocrx_word' id='word_1_614' title='bbox 1974 3998 2027 4051; x_wconf 90' lang='lat' dir='ltr'><strong>in</strong></span> <span class='ocrx_word' id='word_1_615' title='bbox 2054 3998 2325 4063; x_wconf 88' lang='lat' dir='ltr'><strong>castitate,</strong></span> <span class='ocrx_word' id='word_1_616' title='bbox 2358 3995 2455 4051; x_wconf 61' lang='lat' dir='ltr'><strong>vcl&#39;</strong></span> <span class='ocrx_word' id='word_1_617' title='bbox 2470 3998 2866 4064; x_wconf 85' lang='lat' dir='ltr'><strong>misericordia,</strong></span> <span class='ocrx_word' id='word_1_618' title='bbox 2895 4010 2949 4053; x_wconf 89' lang='lat' dir='ltr'><strong>et</strong></span> <span class='ocrx_word' id='word_1_619' title='bbox 2981 3999 3164 4053; x_wconf 78' lang='lat' dir='ltr'><strong>vivere</strong></span> <span class='ocrx_word' id='word_1_620' title='bbox 3190 3995 3493 4055; x_wconf 86' lang='lat' dir='ltr'><strong>seenndum</strong></span> <span class='ocrx_word' id='word_1_621' title='bbox 3522 4001 3688 4068; x_wconf 90' lang='lat' dir='ltr'><strong>justi-</strong></span> 
     </span>
    </p>
   </div>
   <div class='ocr_carea' id='block_1_81' title="bbox 441 4067 3689 4137">
    <p class='ocr_par' dir='ltr' id='par_1_81' title="bbox 441 4067 3689 4137">
     <span class='ocr_line' id='line_1_81' title="bbox 441 4067 3689 4137; baseline -0 -11"><span class='ocrx_word' id='word_1_622' title='bbox 441 4073 529 4126; x_wconf 65' lang='lat' dir='ltr'><strong>tiae</strong></span> <span class='ocrx_word' id='word_1_623' title='bbox 558 4069 913 4137; x_wconf 81' lang='lat' dir='ltr'><strong>voluntatem.</strong></span> <span class='ocrx_word' id='word_1_624' title='bbox 938 4067 1243 4136; x_wconf 83' lang='lat' dir='ltr'><strong>Aliquando</strong></span> <span class='ocrx_word' id='word_1_625' title='bbox 1267 4079 1447 4122; x_wconf 90' lang='lat' dir='ltr'><strong>autem</strong></span> <span class='ocrx_word' id='word_1_626' title='bbox 1478 4068 1634 4136; x_wconf 87' lang='lat' dir='ltr'><strong>quasi</strong></span> <span class='ocrx_word' id='word_1_627' title='bbox 1664 4069 1901 4136; x_wconf 89' lang='lat' dir='ltr'><strong>quadam</strong></span> <span class='ocrx_word' id='word_1_628' title='bbox 1934 4068 2275 4137; x_wconf 75' lang='lat' dir='ltr'><strong>correptione.</strong></span> <span class='ocrx_word' id='word_1_629' title='bbox 2306 4068 2531 4137; x_wconf 86' lang='lat' dir='ltr'><strong>spiritus</strong></span> <span class='ocrx_word' id='word_1_630' title='bbox 2575 4084 2603 4121; x_wconf 90' lang='lat' dir='ltr'><strong>a</strong></span> <span class='ocrx_word' id='word_1_631' title='bbox 2644 4068 2996 4137; x_wconf 84' lang='lat' dir='ltr'><strong>passionibus</strong></span> <span class='ocrx_word' id='word_1_632' title='bbox 3043 4067 3607 4137; x_wconf 83' lang='lat' dir='ltr'><strong>comprehenduntur,</strong></span> <span class='ocrx_word' id='word_1_633' title='bbox 3634 4081 3689 4125; x_wconf 90' lang='lat' dir='ltr'><strong>et</strong></span> 
     </span>
    </p>
   </div>
   <div class='ocr_carea' id='block_1_82' title="bbox 439 4136 3686 4208">
    <p class='ocr_par' dir='ltr' id='par_1_82' title="bbox 439 4136 3686 4208">
     <span class='ocr_line' id='line_1_82' title="bbox 439 4136 3686 4208; baseline 0.001 -15"><span class='ocrx_word' id='word_1_634' title='bbox 439 4140 647 4193; x_wconf 89' lang='lat' dir='ltr'><strong>cadunt</strong></span> <span class='ocrx_word' id='word_1_635' title='bbox 672 4136 743 4189; x_wconf 86' lang='lat' dir='ltr'><strong>ab</strong></span> <span class='ocrx_word' id='word_1_636' title='bbox 774 4150 840 4188; x_wconf 91' lang='lat' dir='ltr'><strong>co</strong></span> <span class='ocrx_word' id='word_1_637' title='bbox 875 4142 1016 4208; x_wconf 81' lang='lat' dir='ltr'><strong>statu</strong></span> <span class='ocrx_word' id='word_1_638' title='bbox 1055 4137 1179 4208; x_wconf 84' lang='lat' dir='ltr'><strong>boni</strong></span> <span class='ocrx_word' id='word_1_639' title='bbox 1207 4138 1261 4191; x_wconf 89' lang='lat' dir='ltr'><strong>in</strong></span> <span class='ocrx_word' id='word_1_640' title='bbox 1300 4152 1411 4207; x_wconf 89' lang='lat' dir='ltr'><strong>quo</strong></span> <span class='ocrx_word' id='word_1_641' title='bbox 1445 4147 1590 4208; x_wconf 73' lang='lat' dir='ltr'><strong>sta_re</strong></span> <span class='ocrx_word' id='word_1_642' title='bbox 1624 4138 1980 4206; x_wconf 88' lang='lat' dir='ltr'><strong>putabuntur,</strong></span> <span class='ocrx_word' id='word_1_643' title='bbox 2015 4147 2068 4191; x_wconf 89' lang='lat' dir='ltr'><strong>et</strong></span> <span class='ocrx_word' id='word_1_644' title='bbox 2089 4136 2544 4208; x_wconf 7' lang='lat' dir='ltr'><strong>etransvcrtuntur</strong></span> <span class='ocrx_word' id='word_1_645' title='bbox 2589 4136 2664 4208; x_wconf 76' lang='lat' dir='ltr'><strong>ad</strong></span> <span class='ocrx_word' id='word_1_646' title='bbox 2701 4138 3072 4208; x_wconf 83' lang='lat' dir='ltr'><strong>scductionem</strong></span> <span class='ocrx_word' id='word_1_647' title='bbox 3109 4136 3292 4193; x_wconf 70' lang='lat' dir='ltr'><strong>saéculi</strong></span> <span class='ocrx_word' id='word_1_648' title='bbox 3313 4140 3511 4208; x_wconf 68' lang='lat' dir='ltr'><strong>.lmjus,</strong></span> <span class='ocrx_word' id='word_1_649' title='bbox 3540 4150 3593 4194; x_wconf 90' lang='lat' dir='ltr'><strong>et</strong></span> <span class='ocrx_word' id='word_1_650' title='bbox 3619 4141 3686 4195; x_wconf 89' lang='lat' dir='ltr'><strong>ad</strong></span> 
     </span>
    </p>
   </div>
   <div class='ocr_carea' id='block_1_83' title="bbox 441 4205 3684 4279">
    <p class='ocr_par' dir='ltr' id='par_1_83' title="bbox 441 4205 3684 4279">
     <span class='ocr_line' id='line_1_83' title="bbox 441 4205 3684 4279; baseline -0 -16"><span class='ocrx_word' id='word_1_651' title='bbox 441 4218 668 4279; x_wconf 75' lang='lat' dir='ltr'><strong>caeteras</strong></span> <span class='ocrx_word' id='word_1_652' title='bbox 688 4205 1166 4279; x_wconf 77' lang='lat' dir='ltr'><strong>concupiscentlas</strong></span> <span class='ocrx_word' id='word_1_653' title='bbox 1200 4205 1483 4279; x_wconf 55' lang='lat' dir='ltr'><strong>carnales.</strong></span> <span class='ocrx_word' id='word_1_654' title='bbox 1508 4205 1757 4279; x_wconf 71' lang='lat' dir='ltr'><strong>Forsitan</strong></span> <span class='ocrx_word' id='word_1_655' title='bbox 1789 4223 1896 4261; x_wconf 92' lang='lat' dir='ltr'><strong>non</strong></span> <span class='ocrx_word' id='word_1_656' title='bbox 1920 4207 2170 4279; x_wconf 79' lang='lat' dir='ltr'><strong>peccabis</strong></span> <span class='ocrx_word' id='word_1_657' title='bbox 2202 4207 2246 4262; x_wconf 93' lang='lat' dir='ltr'><strong>si</strong></span> <span class='ocrx_word' id='word_1_658' title='bbox 2295 4207 2607 4279; x_wconf 79' lang='lat' dir='ltr'><strong>hujusmodi</strong></span> <span class='ocrx_word' id='word_1_659' title='bbox 2655 4205 2903 4279; x_wconf 75' lang='lat' dir='ltr'><strong>homines</strong></span> <span class='ocrx_word' id='word_1_660' title='bbox 2944 4208 3174 4272; x_wconf 78' lang='lat' dir='ltr'><strong>dixeris,</strong></span> <span class='ocrx_word' id='word_1_661' title='bbox 3216 4208 3299 4279; x_wconf 93' lang='lat' dir='ltr'><strong>(ut</strong></span> <span class='ocrx_word' id='word_1_662' title='bbox 3337 4205 3411 4263; x_wconf 81' lang='lat' dir='ltr'><strong>ita</strong></span> <span class='ocrx_word' id='word_1_663' title='bbox 3457 4210 3684 4279; x_wconf 82' lang='lat' dir='ltr'><strong>dicam),</strong></span> 
     </span>
    </p>
   </div>
   <div class='ocr_carea' id='block_1_84' title="bbox 441 4275 3687 4348">
    <p class='ocr_par' dir='ltr' id='par_1_84' title="bbox 441 4275 3687 4348">
     <span class='ocr_line' id='line_1_84' title="bbox 441 4275 3687 4348; baseline -0.001 -14"><span class='ocrx_word' id='word_1_664' title='bbox 441 4277 758 4348; x_wconf 83' lang='lat' dir='ltr'><strong>spiritaliter</strong></span> <span class='ocrx_word' id='word_1_665' title='bbox 792 4275 1060 4330; x_wconf 90' lang='lat' dir='ltr'><strong>lunaticos</strong></span> <span class='ocrx_word' id='word_1_666' title='bbox 1093 4290 1234 4340; x_wconf 88' lang='lat' dir='ltr'><strong>esse,</strong></span> <span class='ocrx_word' id='word_1_667' title='bbox 1259 4278 1348 4346; x_wconf 89' lang='lat' dir='ltr'><strong>qni</strong></span> <span class='ocrx_word' id='word_1_668' title='bbox 1381 4276 1712 4348; x_wconf 80' lang='lat' dir='ltr'><strong>dejicinntur</strong></span> <span class='ocrx_word' id='word_1_669' title='bbox 1742 4292 1776 4348; x_wconf 64' lang='grc' dir='ltr'><strong>ιι</strong></span> <span class='ocrx_word' id='word_1_670' title='bbox 1814 4295 1831 4327; x_wconf 81' lang='grc' dir='ltr'><strong>ι</strong></span> <span class='ocrx_word' id='word_1_671' title='bbox 1870 4277 2206 4348; x_wconf 71' lang='lat' dir='ltr'><strong>spiritalibus</strong></span> <span class='ocrx_word' id='word_1_672' title='bbox 2235 4275 2495 4346; x_wconf 86' lang='lat' dir='ltr'><strong>nequitiis</strong></span> <span class='ocrx_word' id='word_1_673' title='bbox 2540 4277 2593 4330; x_wconf 91' lang='lat' dir='ltr'><strong>in</strong></span> <span class='ocrx_word' id='word_1_674' title='bbox 2646 4276 2979 4348; x_wconf 66' lang='lat' dir='ltr'><strong>caelestibus,</strong></span> <span class='ocrx_word' id='word_1_675' title='bbox 3019 4296 3038 4328; x_wconf 84' lang='grc' dir='ltr'><strong>ι</strong></span> <span class='ocrx_word' id='word_1_676' title='bbox 3093 4287 3147 4332; x_wconf 90' lang='lat' dir='ltr'><strong>et</strong></span> <span class='ocrx_word' id='word_1_677' title='bbox 3170 4275 3309 4332; x_wconf 81' lang='lat' dir='ltr'><strong>male</strong></span> <span class='ocrx_word' id='word_1_678' title='bbox 3343 4278 3541 4348; x_wconf 79' lang='lat' dir='ltr'><strong>habent</strong></span> <span class='ocrx_word' id='word_1_679' title='bbox 3576 4275 3687 4332; x_wconf 47' lang='lat' dir='ltr'><strong>fre;</strong></span> 
     </span>
    </p>
   </div>
   <div class='ocr_carea' id='block_1_85' title="bbox 440 4345 3680 4418">
    <p class='ocr_par' dir='ltr' id='par_1_85' title="bbox 440 4345 3680 4418">
     <span class='ocr_line' id='line_1_85' title="bbox 440 4345 3680 4418; baseline 0 -18"><span class='ocrx_word' id='word_1_680' title='bbox 440 4345 672 4418; x_wconf 80' lang='lat' dir='ltr'><strong>quenter</strong></span> <span class='ocrx_word' id='word_1_681' title='bbox 713 4346 767 4399; x_wconf 91' lang='lat' dir='ltr'><strong>in</strong></span> <span class='ocrx_word' id='word_1_682' title='bbox 803 4352 1043 4418; x_wconf 81' lang='lat' dir='ltr'><strong>tempore</strong></span> <span class='ocrx_word' id='word_1_683' title='bbox 1069 4360 1179 4418; x_wconf 76' lang='lat' dir='ltr'><strong>que</strong></span> <span class='ocrx_word' id='word_1_684' title='bbox 1205 4345 1310 4418; x_wconf 71' lang='lat' dir='ltr'><strong>eo:</strong></span> <span class='ocrx_word' id='word_1_685' title='bbox 1336 4346 1591 4418; x_wconf 67' lang='lat' dir='ltr'><strong>prehensi</strong></span> <span class='ocrx_word' id='word_1_686' title='bbox 1617 4345 1817 4418; x_wconf 81' lang='lat' dir='ltr'><strong>fuerint</strong></span> <span class='ocrx_word' id='word_1_687' title='bbox 1844 4362 1873 4418; x_wconf 88' lang='lat' dir='ltr'><strong>a</strong></span> <span class='ocrx_word' id='word_1_688' title='bbox 1903 4345 2259 4418; x_wconf 15' lang='lat' dir='ltr'><strong>ipassionibus</strong></span> <span class='ocrx_word' id='word_1_689' title='bbox 2291 4345 2487 4401; x_wconf 59' lang='lat' dir='ltr'><strong>animae</strong></span> <span class='ocrx_word' id='word_1_690' title='bbox 2518 4347 3060 4418; x_wconf 11' lang='lat' dir='ltr'><strong>eornm,_etecadunt</strong></span> <span class='ocrx_word' id='word_1_691' title='bbox 3094 4348 3146 4401; x_wconf 89' lang='lat' dir='ltr'><strong>in</strong></span> <span class='ocrx_word' id='word_1_692' title='bbox 3194 4347 3369 4418; x_wconf 80' lang='lat' dir='ltr'><strong>ignem</strong></span> <span class='ocrx_word' id='word_1_693' title='bbox 3417 4347 3680 4418; x_wconf 87' lang='lat' dir='ltr'><strong>incendii,</strong></span> 
     </span>
    </p>
   </div>
   <div class='ocr_carea' id='block_1_86' title="bbox 440 4413 3684 4488">
    <p class='ocr_par' dir='ltr' id='par_1_86' title="bbox 440 4413 3684 4488">
     <span class='ocr_line' id='line_1_86' title="bbox 440 4413 3684 4488; baseline -0.001 -17"><span class='ocrx_word' id='word_1_694' title='bbox 440 4413 662 4488; x_wconf 79' lang='lat' dir='ltr'><strong>quando</strong></span> <span class='ocrx_word' id='word_1_695' title='bbox 699 4433 718 4465; x_wconf 80' lang='grc' dir='ltr'><strong>ι</strong></span> <span class='ocrx_word' id='word_1_696' title='bbox 755 4413 1121 4488; x_wconf 78' lang='lat' dir='ltr'><strong>adulterantes</strong></span> <span class='ocrx_word' id='word_1_697' title='bbox 1148 4416 1314 4483; x_wconf 88' lang='lat' dir='ltr'><strong>(sicut</strong></span> <span class='ocrx_word' id='word_1_698' title='bbox 1338 4413 1601 4488; x_wconf 75' lang='lat' dir='ltr'><strong>ait_Osce)</strong></span> <span class='ocrx_word' id='word_1_699' title='bbox 1640 4416 1776 4488; x_wconf 81' lang='lat' dir='ltr'><strong>liunt</strong></span> <span class='ocrx_word' id='word_1_700' title='bbox 1813 4413 1956 4471; x_wconf 89' lang='lat' dir='ltr'><strong>sicut</strong></span> <span class='ocrx_word' id='word_1_701' title='bbox 1985 4416 2232 4471; x_wconf 85' lang='lat' dir='ltr'><strong>clibanus</strong></span> <span class='ocrx_word' id='word_1_702' title='bbox 2264 4418 2406 4488; x_wconf 81' lang='lat' dir='ltr'><strong>ignis</strong></span> <span class='ocrx_word' id='word_1_703' title='bbox 2434 4417 2653 4488; x_wconf 83' lang='lat' dir='ltr'><strong>ardens.</strong></span> <span class='ocrx_word' id='word_1_704' title='bbox 2688 4414 3066 4488; x_wconf 9' lang='lat' dir='ltr'><strong>rel-lujusmodi</strong></span> <span class='ocrx_word' id='word_1_705' title='bbox 3097 4413 3273 4488; x_wconf 76' lang='lat' dir='ltr'><strong>autem</strong></span> <span class='ocrx_word' id='word_1_706' title='bbox 3315 4416 3566 4488; x_wconf 79' lang='lat' dir='ltr'><strong>homines</strong></span> <span class='ocrx_word' id='word_1_707' title='bbox 3597 4413 3684 4488; x_wconf 51' lang='lat' dir='ltr'><strong>in;</strong></span> 
     </span>
    </p>
   </div>
   <div class='ocr_carea' id='block_1_87' title="bbox 441 4483 3682 4555">
    <p class='ocr_par' dir='ltr' id='par_1_87' title="bbox 441 4483 3682 4555">
     <span class='ocr_line' id='line_1_87' title="bbox 441 4483 3682 4555; baseline -0 -13"><span class='ocrx_word' id='word_1_708' title='bbox 441 4483 654 4542; x_wconf 69' lang='lat' dir='ltr'><strong>tet-dum</strong></span> <span class='ocrx_word' id='word_1_709' title='bbox 695 4485 898 4555; x_wconf 82' lang='lat' dir='ltr'><strong>eadunt</strong></span> <span class='ocrx_word' id='word_1_710' title='bbox 921 4483 973 4536; x_wconf 93' lang='lat' dir='ltr'><strong>in</strong></span> <span class='ocrx_word' id='word_1_711' title='bbox 1006 4497 1224 4555; x_wconf 79' lang='lat' dir='ltr'><strong>aquam,</strong></span> <span class='ocrx_word' id='word_1_712' title='bbox 1257 4483 1475 4555; x_wconf 87' lang='lat' dir='ltr'><strong>quando</strong></span> <span class='ocrx_word' id='word_1_713' title='bbox 1499 4483 1590 4555; x_wconf 67' lang='lat' dir='ltr'><strong>rex</strong></span> <span class='ocrx_word' id='word_1_714' title='bbox 1618 4485 1861 4539; x_wconf 90' lang='lat' dir='ltr'><strong>omnium</strong></span> <span class='ocrx_word' id='word_1_715' title='bbox 1897 4488 1988 4553; x_wconf 91' lang='lat' dir='ltr'><strong>qui</strong></span> <span class='ocrx_word' id='word_1_716' title='bbox 2023 4496 2147 4555; x_wconf 87' lang='lat' dir='ltr'><strong>sunt</strong></span> <span class='ocrx_word' id='word_1_717' title='bbox 2177 4488 2229 4538; x_wconf 91' lang='lat' dir='ltr'><strong>in</strong></span> <span class='ocrx_word' id='word_1_718' title='bbox 2263 4483 2444 4555; x_wconf 70' lang='lat' dir='ltr'><strong>aquis,</strong></span> <span class='ocrx_word' id='word_1_719' title='bbox 2479 4486 2665 4547; x_wconf 89' lang='lat' dir='ltr'><strong>draco,</strong></span> <span class='ocrx_word' id='word_1_720' title='bbox 2700 4483 2889 4553; x_wconf 83' lang='lat' dir='ltr'><strong>dejicit</strong></span> <span class='ocrx_word' id='word_1_721' title='bbox 2921 4501 3017 4540; x_wconf 89' lang='lat' dir='ltr'><strong>eos</strong></span> <span class='ocrx_word' id='word_1_722' title='bbox 3047 4502 3076 4540; x_wconf 91' lang='lat' dir='ltr'><strong>a</strong></span> <span class='ocrx_word' id='word_1_723' title='bbox 3108 4487 3350 4541; x_wconf 84' lang='lat' dir='ltr'><strong>libertate</strong></span> <span class='ocrx_word' id='word_1_724' title='bbox 3393 4485 3591 4541; x_wconf 72' lang='lat' dir='ltr'><strong>anima:</strong></span> <span class='ocrx_word' id='word_1_725' title='bbox 3626 4487 3682 4541; x_wconf 88' lang='lat' dir='ltr'><strong>in</strong></span> 
     </span>
    </p>
   </div>
   <div class='ocr_carea' id='block_1_88' title="bbox 440 4552 3683 4626">
    <p class='ocr_par' dir='ltr' id='par_1_88' title="bbox 440 4552 3683 4626">
     <span class='ocr_line' id='line_1_88' title="bbox 440 4552 3683 4626; baseline -0.001 -15"><span class='ocrx_word' id='word_1_726' title='bbox 440 4555 770 4626; x_wconf 85' lang='lat' dir='ltr'><strong>profundum</strong></span> <span class='ocrx_word' id='word_1_727' title='bbox 796 4552 1056 4626; x_wconf 76' lang='lat' dir='ltr'><strong>[luctuum</strong></span> <span class='ocrx_word' id='word_1_728' title='bbox 1090 4552 1285 4613; x_wconf 71' lang='lat' dir='ltr'><strong>maris,</strong></span> <span class='ocrx_word' id='word_1_729' title='bbox 1315 4554 1364 4626; x_wconf 83' lang='lat' dir='ltr'><strong>id</strong></span> <span class='ocrx_word' id='word_1_730' title='bbox 1398 4562 1500 4626; x_wconf 87' lang='lat' dir='ltr'><strong>est,</strong></span> <span class='ocrx_word' id='word_1_731' title='bbox 1533 4554 1584 4626; x_wconf 91' lang='lat' dir='ltr'><strong>in_</strong></span> <span class='ocrx_word' id='word_1_732' title='bbox 1617 4555 1758 4626; x_wconf 83' lang='lat' dir='ltr'><strong>mala</strong></span> <span class='ocrx_word' id='word_1_733' title='bbox 1803 4552 2035 4622; x_wconf 85' lang='lat' dir='ltr'><strong>pessima</strong></span> <span class='ocrx_word' id='word_1_734' title='bbox 2065 4554 2185 4611; x_wconf 65' lang='lat' dir='ltr'><strong>vitae</strong></span> <span class='ocrx_word' id='word_1_735' title='bbox 2225 4552 2384 4610; x_wconf 76' lang='lat' dir='ltr'><strong>istius</strong></span> <span class='ocrx_word' id='word_1_736' title='bbox 2437 4557 2707 4626; x_wconf 61' lang='lat' dir='ltr'><strong>humanae,</strong></span> <span class='ocrx_word' id='word_1_737' title='bbox 2742 4571 2873 4626; x_wconf 72' lang='lat' dir='ltr'><strong>quae</strong></span> <span class='ocrx_word' id='word_1_738' title='bbox 2919 4556 3055 4609; x_wconf 89' lang='lat' dir='ltr'><strong>mari</strong></span> <span class='ocrx_word' id='word_1_739' title='bbox 3117 4555 3470 4611; x_wconf 89' lang='lat' dir='ltr'><strong>assimilatur.</strong></span> <span class='ocrx_word' id='word_1_740' title='bbox 3517 4556 3683 4610; x_wconf 78' lang='lat' dir='ltr'><strong>Corn-</strong></span> 
     </span>
    </p>
   </div>
   <div class='ocr_carea' id='block_1_89' title="bbox 441 4622 3682 4695">
    <p class='ocr_par' dir='ltr' id='par_1_89' title="bbox 441 4622 3682 4695">
     <span class='ocr_line' id='line_1_89' title="bbox 441 4622 3682 4695; baseline 0 -16"><span class='ocrx_word' id='word_1_741' title='bbox 441 4622 659 4681; x_wconf 82' lang='lat' dir='ltr'><strong>inendat</strong></span> <span class='ocrx_word' id='word_1_742' title='bbox 688 4632 867 4695; x_wconf 57' lang='lat' dir='ltr'><strong>autem</strong></span> <span class='ocrx_word' id='word_1_743' title='bbox 895 4623 1033 4695; x_wconf 83' lang='lat' dir='ltr'><strong>hanc</strong></span> <span class='ocrx_word' id='word_1_744' title='bbox 1058 4634 1302 4695; x_wconf 82' lang='lat' dir='ltr'><strong>nostram</strong></span> <span class='ocrx_word' id='word_1_745' title='bbox 1327 4622 1391 4675; x_wconf 89' lang='lat' dir='ltr'><strong>de</strong></span> <span class='ocrx_word' id='word_1_746' title='bbox 1415 4623 2208 4695; x_wconf 15' lang='lat' dir='ltr'><strong>luuaticoiinterpretationem,</strong></span> <span class='ocrx_word' id='word_1_747' title='bbox 2258 4626 2403 4695; x_wconf 89' lang='lat' dir='ltr'><strong>quod</strong></span> <span class='ocrx_word' id='word_1_748' title='bbox 2448 4625 2580 4680; x_wconf 90' lang='lat' dir='ltr'><strong>dicit</strong></span> <span class='ocrx_word' id='word_1_749' title='bbox 2630 4622 2924 4695; x_wconf 81' lang='lat' dir='ltr'><strong>sapientia,</strong></span> <span class='ocrx_word' id='word_1_750' title='bbox 2975 4626 3041 4695; x_wconf 88' lang='lat' dir='ltr'><strong>de</strong></span> <span class='ocrx_word' id='word_1_751' title='bbox 3089 4627 3397 4680; x_wconf 86' lang='lat' dir='ltr'><strong>constantia</strong></span> <span class='ocrx_word' id='word_1_752' title='bbox 3457 4626 3682 4695; x_wconf 80' lang='lat' dir='ltr'><strong>quidem</strong></span> 
     </span>
    </p>
   </div>
   <div class='ocr_carea' id='block_1_90' title="bbox 435 4692 3684 4764">
    <p class='ocr_par' dir='ltr' id='par_1_90' title="bbox 435 4692 3684 4764">
     <span class='ocr_line' id='line_1_90' title="bbox 435 4692 3684 4764; baseline 0 -14"><span class='ocrx_word' id='word_1_753' title='bbox 435 4697 567 4763; x_wconf 85' lang='lat' dir='ltr'><strong>justi</strong></span> <span class='ocrx_word' id='word_1_754' title='bbox 601 4713 615 4748; x_wconf 92' lang='lat'>:</span> <span class='ocrx_word' id='word_1_755' title='bbox 649 4713 667 4745; x_wconf 81' lang='grc' dir='ltr'><strong>ι</strong></span> <span class='ocrx_word' id='word_1_756' title='bbox 705 4692 932 4764; x_wconf 66' lang='lat' dir='ltr'><strong>Sapieqs</strong></span> <span class='ocrx_word' id='word_1_757' title='bbox 967 4692 1110 4764; x_wconf 82' lang='lat' dir='ltr'><strong>sicut</strong></span> <span class='ocrx_word' id='word_1_758' title='bbox 1132 4692 1211 4764; x_wconf 90' lang='lat' dir='ltr'><strong>sol</strong></span> <span class='ocrx_word' id='word_1_759' title='bbox 1243 4701 1551 4764; x_wconf 80' lang='lat' dir='ltr'><strong>permanet;</strong></span> <span class='ocrx_word' id='word_1_760' title='bbox 1589 4713 1616 4764; x_wconf 9' lang='lat' dir='ltr'><strong>re</strong></span> <span class='ocrx_word' id='word_1_761' title='bbox 1643 4694 1709 4747; x_wconf 89' lang='lat' dir='ltr'><strong>de</strong></span> <span class='ocrx_word' id='word_1_762' title='bbox 1743 4692 2104 4748; x_wconf 80' lang='lat' dir='ltr'><strong>incOnstantia</strong></span> <span class='ocrx_word' id='word_1_763' title='bbox 2134 4692 2313 4748; x_wconf 83' lang='lat' dir='ltr'><strong>autem</strong></span> <span class='ocrx_word' id='word_1_764' title='bbox 2344 4692 2747 4764; x_wconf 54' lang='lat' dir='ltr'><strong>peccatorisit&#39;a</strong></span> <span class='ocrx_word' id='word_1_765' title='bbox 2775 4712 2788 4747; x_wconf 92' lang='lat'>:</span> <span class='ocrx_word' id='word_1_766' title='bbox 2822 4711 2840 4745; x_wconf 82' lang='grc' dir='ltr'><strong>ι</strong></span> <span class='ocrx_word' id='word_1_767' title='bbox 2873 4694 3138 4764; x_wconf 77' lang='lat' dir='ltr'><strong>lqsipicns</strong></span> <span class='ocrx_word' id='word_1_768' title='bbox 3168 4706 3345 4751; x_wconf 86' lang='lat' dir='ltr'><strong>autem</strong></span> <span class='ocrx_word' id='word_1_769' title='bbox 3382 4692 3523 4751; x_wconf 84' lang='lat' dir='ltr'><strong>sicut</strong></span> <span class='ocrx_word' id='word_1_770' title='bbox 3556 4696 3684 4750; x_wconf 89' lang='lat' dir='ltr'><strong>luna</strong></span> 
     </span>
    </p>
   </div>
   <div class='ocr_carea' id='block_1_91' title="bbox 441 4761 3681 4833">
    <p class='ocr_par' dir='ltr' id='par_1_91' title="bbox 441 4761 3681 4833">
     <span class='ocr_line' id='line_1_91' title="bbox 441 4761 3681 4833; baseline 0.001 -15"><span class='ocrx_word' id='word_1_771' title='bbox 441 4761 830 4818; x_wconf 57' lang='lat' dir='ltr'><strong>immutaturf:</strong></span> <span class='ocrx_word' id='word_1_772' title='bbox 866 4761 933 4816; x_wconf 89' lang='lat' dir='ltr'><strong>Et</strong></span> <span class='ocrx_word' id='word_1_773' title='bbox 958 4771 1042 4817; x_wconf 89' lang='lat' dir='ltr'><strong>est</strong></span> <span class='ocrx_word' id='word_1_774' title='bbox 1066 4763 1246 4816; x_wconf 84' lang='lat' dir='ltr'><strong>videre</strong></span> <span class='ocrx_word' id='word_1_775' title='bbox 1277 4761 1329 4814; x_wconf 88' lang='lat' dir='ltr'><strong>in</strong></span> <span class='ocrx_word' id='word_1_776' title='bbox 1363 4762 1563 4833; x_wconf 0' lang='lat' dir='ltr'><strong>(talibus</strong></span> <span class='ocrx_word' id='word_1_777' title='bbox 1607 4763 1839 4830; x_wconf 86' lang='lat' dir='ltr'><strong>impetus</strong></span> <span class='ocrx_word' id='word_1_778' title='bbox 1884 4765 2146 4831; x_wconf 89' lang='lat' dir='ltr'><strong>quosdam</strong></span> <span class='ocrx_word' id='word_1_779' title='bbox 2191 4761 2360 4833; x_wconf 76' lang='lat' dir='ltr'><strong>quasi</strong></span> <span class='ocrx_word' id='word_1_780' title='bbox 2384 4779 2608 4833; x_wconf 89' lang='lat' dir='ltr'><strong>operum</strong></span> <span class='ocrx_word' id='word_1_781' title='bbox 2651 4763 2917 4818; x_wconf 90' lang='lat' dir='ltr'><strong>bonorum</strong></span> <span class='ocrx_word' id='word_1_782' title='bbox 2967 4761 3280 4830; x_wconf 72' lang='lat' dir='ltr'><strong>subrepere,</strong></span> <span class='ocrx_word' id='word_1_783' title='bbox 3336 4766 3408 4821; x_wconf 91' lang='lat' dir='ltr'><strong>ita</strong></span> <span class='ocrx_word' id='word_1_784' title='bbox 3447 4775 3505 4820; x_wconf 93' lang='lat' dir='ltr'><strong>ut</strong></span> <span class='ocrx_word' id='word_1_785' title='bbox 3547 4768 3681 4820; x_wconf 83' lang='lat' dir='ltr'><strong>sub—</strong></span> 
     </span>
    </p>
   </div>
   <div class='ocr_carea' id='block_1_92' title="bbox 439 4831 3684 4903">
    <p class='ocr_par' dir='ltr' id='par_1_92' title="bbox 439 4831 3684 4903">
     <span class='ocr_line' id='line_1_92' title="bbox 439 4831 3684 4903; baseline 0.001 -17"><span class='ocrx_word' id='word_1_786' title='bbox 439 4835 618 4902; x_wconf 81' lang='lat' dir='ltr'><strong>ripere</strong></span> <span class='ocrx_word' id='word_1_787' title='bbox 652 4833 862 4903; x_wconf 64' lang='lat' dir='ltr'><strong>possint</strong></span> <span class='ocrx_word' id='word_1_788' title='bbox 912 4833 981 4886; x_wconf 90' lang='lat' dir='ltr'><strong>ab</strong></span> <span class='ocrx_word' id='word_1_789' title='bbox 1013 4832 1325 4886; x_wconf 87' lang='lat' dir='ltr'><strong>hominibus</strong></span> <span class='ocrx_word' id='word_1_790' title='bbox 1360 4831 1566 4903; x_wconf 84' lang='lat' dir='ltr'><strong>laudes,</strong></span> <span class='ocrx_word' id='word_1_791' title='bbox 1614 4833 1681 4885; x_wconf 91' lang='lat' dir='ltr'><strong>ab</strong></span> <span class='ocrx_word' id='word_1_792' title='bbox 1713 4833 1792 4887; x_wconf 88' lang='lat' dir='ltr'><strong>eis</strong></span> <span class='ocrx_word' id='word_1_793' title='bbox 1821 4841 1999 4886; x_wconf 85' lang='lat' dir='ltr'><strong>tamen</strong></span> <span class='ocrx_word' id='word_1_794' title='bbox 2038 4831 2372 4898; x_wconf 82' lang='lat' dir='ltr'><strong>hominibus,</strong></span> <span class='ocrx_word' id='word_1_795' title='bbox 2405 4831 2496 4903; x_wconf 84' lang='lat' dir='ltr'><strong>qui</strong></span> <span class='ocrx_word' id='word_1_796' title='bbox 2529 4834 2777 4888; x_wconf 89' lang='lat' dir='ltr'><strong>nesciunt</strong></span> <span class='ocrx_word' id='word_1_797' title='bbox 2803 4835 3073 4888; x_wconf 84' lang='lat' dir='ltr'><strong>occultam</strong></span> <span class='ocrx_word' id='word_1_798' title='bbox 3115 4834 3543 4897; x_wconf 85' lang='lat' dir='ltr'><strong>inconstantiam</strong></span> <span class='ocrx_word' id='word_1_799' title='bbox 3561 4850 3684 4889; x_wconf 85' lang='lat' dir='ltr'><strong>cor-</strong></span> 
     </span>
    </p>
   </div>
   <div class='ocr_carea' id='block_1_93' title="bbox 439 4899 3681 4970">
    <p class='ocr_par' dir='ltr' id='par_1_93' title="bbox 439 4899 3681 4970">
     <span class='ocr_line' id='line_1_93' title="bbox 439 4899 3681 4970; baseline 0.001 -14"><span class='ocrx_word' id='word_1_800' title='bbox 439 4899 524 4957; x_wconf 75' lang='lat' dir='ltr'><strong>dis</strong></span> <span class='ocrx_word' id='word_1_801' title='bbox 558 4899 768 4954; x_wconf 79' lang='lat' dir='ltr'><strong>eorum.</strong></span> <span class='ocrx_word' id='word_1_802' title='bbox 797 4899 958 4956; x_wconf 80' lang='lat' dir='ltr'><strong>Vides</strong></span> <span class='ocrx_word' id='word_1_803' title='bbox 991 4913 1170 4956; x_wconf 72' lang='lat' dir='ltr'><strong>autem</strong></span> <span class='ocrx_word' id='word_1_804' title='bbox 1201 4916 1296 4956; x_wconf 92' lang='lat' dir='ltr'><strong>eos</strong></span> <span class='ocrx_word' id='word_1_805' title='bbox 1327 4902 1495 4955; x_wconf 87' lang='lat' dir='ltr'><strong>minui</strong></span> <span class='ocrx_word' id='word_1_806' title='bbox 1532 4903 1749 4966; x_wconf 88' lang='lat' dir='ltr'><strong>iterum,</strong></span> <span class='ocrx_word' id='word_1_807' title='bbox 1783 4913 1837 4956; x_wconf 89' lang='lat' dir='ltr'><strong>et</strong></span> <span class='ocrx_word' id='word_1_808' title='bbox 1866 4904 2008 4970; x_wconf 85' lang='lat' dir='ltr'><strong>quod</strong></span> <span class='ocrx_word' id='word_1_809' title='bbox 2040 4903 2322 4957; x_wconf 70' lang='lat' dir='ltr'><strong>videbatur</strong></span> <span class='ocrx_word' id='word_1_810' title='bbox 2354 4899 2514 4958; x_wconf 53' lang='lat' dir='ltr'><strong>in&#39;eis</strong></span> <span class='ocrx_word' id='word_1_811' title='bbox 2567 4904 2775 4966; x_wconf 90' lang='lat' dir='ltr'><strong>lumen,</strong></span> <span class='ocrx_word' id='word_1_812' title='bbox 2836 4905 3110 4958; x_wconf 82' lang='lat' dir='ltr'><strong>invenitur</strong></span> <span class='ocrx_word' id='word_1_813' title='bbox 3165 4919 3273 4958; x_wconf 86' lang='lat' dir='ltr'><strong>non</strong></span> <span class='ocrx_word' id='word_1_814' title='bbox 3332 4920 3453 4961; x_wconf 78' lang='lat' dir='ltr'><strong>esse</strong></span> <span class='ocrx_word' id='word_1_815' title='bbox 3496 4905 3681 4961; x_wconf 89' lang='lat' dir='ltr'><strong>lumen</strong></span> 
     </span>
    </p>
   </div>
   <div class='ocr_carea' id='block_1_94' title="bbox 439 4972 3679 5093">
    <p class='ocr_par' dir='ltr' id='par_1_94' title="bbox 439 4972 3679 5093">
     <span class='ocr_line' id='line_1_94' title="bbox 439 4972 3679 5093; baseline 0.001 -67"><span class='ocrx_word' id='word_1_816' title='bbox 439 4972 845 5093; x_wconf 37' lang='lat' dir='ltr'><strong>diali-numnum</strong></span> <span class='ocrx_word' id='word_1_817' title='bbox 879 4983 1226 5031; x_wconf 87' lang='lat' dir='ltr'><strong>nocturnum.</strong></span> <span class='ocrx_word' id='word_1_818' title='bbox 1259 4980 1312 5027; x_wconf 90' lang='lat' dir='ltr'><strong>et</strong></span> <span class='ocrx_word' id='word_1_819' title='bbox 1339 4972 1546 5035; x_wconf 85' lang='lat' dir='ltr'><strong>lunare,</strong></span> <span class='ocrx_word' id='word_1_820' title='bbox 1582 4983 1637 5027; x_wconf 90' lang='lat' dir='ltr'><strong>et</strong></span> <span class='ocrx_word' id='word_1_821' title='bbox 1665 4974 1847 5027; x_wconf 89' lang='lat' dir='ltr'><strong>tandiu</strong></span> <span class='ocrx_word' id='word_1_822' title='bbox 1877 4973 2069 5038; x_wconf 90' lang='lat' dir='ltr'><strong>minui,</strong></span> <span class='ocrx_word' id='word_1_823' title='bbox 2103 4982 2161 5027; x_wconf 93' lang='lat' dir='ltr'><strong>ut</strong></span> <span class='ocrx_word' id='word_1_824' title='bbox 2189 4989 2287 5029; x_wconf 90' lang='lat' dir='ltr'><strong>nec</strong></span> <span class='ocrx_word' id='word_1_825' title='bbox 2318 4972 2566 5028; x_wconf 86' lang='lat' dir='ltr'><strong>videatur</strong></span> <span class='ocrx_word' id='word_1_826' title='bbox 2614 4973 2794 5026; x_wconf 89' lang='lat' dir='ltr'><strong>lumen</strong></span> <span class='ocrx_word' id='word_1_827' title='bbox 2839 4989 2961 5030; x_wconf 90' lang='lat' dir='ltr'><strong>esse</strong></span> <span class='ocrx_word' id='word_1_828' title='bbox 3005 4974 3254 5040; x_wconf 91' lang='lat' dir='ltr'><strong>omnino,</strong></span> <span class='ocrx_word' id='word_1_829' title='bbox 3293 4976 3439 5045; x_wconf 88' lang='lat' dir='ltr'><strong>quod</strong></span> <span class='ocrx_word' id='word_1_830' title='bbox 3492 4974 3679 5031; x_wconf 69' lang='lat' dir='ltr'><strong>existi-</strong></span> 
     </span>
     <span class='ocr_line' id='line_1_95' title="bbox 439 5049 935 5093; baseline 0 0"><span class='ocrx_word' id='word_1_831' title='bbox 439 5058 525 5093; x_wconf 92' lang='lat' dir='ltr'><strong>ma</strong></span> <span class='ocrx_word' id='word_1_832' title='bbox 550 5049 693 5093; x_wconf 73' lang='lat' dir='ltr'><strong>iatur</strong></span> <span class='ocrx_word' id='word_1_833' title='bbox 753 5053 935 5093; x_wconf 87' lang='lat' dir='ltr'><strong>nmen.</strong></span> 
     </span>
    </p>
   </div>
   <div class='ocr_carea' id='block_1_95' title="bbox 439 5049 935 5096">
    <p class='ocr_par' dir='ltr' id='par_1_95' title="bbox 439 5049 935 5096">
     <span class='ocr_line' id='line_1_96' title="bbox 439 5049 935 5096; baseline -0.004 0"><span class='ocrx_word' id='word_1_834' title='bbox 439 5049 693 5096; x_wconf 76' lang='lat' dir='ltr'><strong>maliatur</strong></span> <span class='ocrx_word' id='word_1_835' title='bbox 733 5049 935 5094; x_wconf 89' lang='lat' dir='ltr'><strong>lumen.</strong></span> 
     </span>
    </p>
   </div>
   <div class='ocr_carea' id='block_1_96' title="bbox 506 5108 3678 5183">
    <p class='ocr_par' dir='ltr' id='par_1_96' title="bbox 506 5108 3678 5183">
     <span class='ocr_line' id='line_1_97' title="bbox 506 5108 3678 5183; baseline 0.001 -17"><span class='ocrx_word' id='word_1_836' title='bbox 506 5112 560 5166; x_wconf 79' lang='lat'><strong>5.</strong></span> <span class='ocrx_word' id='word_1_837' title='bbox 606 5108 854 5162; x_wconf 86' lang='lat' dir='ltr'><strong>Forsitan</strong></span> <span class='ocrx_word' id='word_1_838' title='bbox 879 5124 1006 5179; x_wconf 81' lang='lat' dir='ltr'><strong>ergo</strong></span> <span class='ocrx_word' id='word_1_839' title='bbox 1037 5113 1259 5181; x_wconf 78' lang='lat' dir='ltr'><strong>angelus</strong></span> <span class='ocrx_word' id='word_1_840' title='bbox 1293 5113 1384 5180; x_wconf 89' lang='lat' dir='ltr'><strong>qui</strong></span> <span class='ocrx_word' id='word_1_841' title='bbox 1415 5111 1640 5166; x_wconf 83' lang='lat' dir='ltr'><strong>sortitus</strong></span> <span class='ocrx_word' id='word_1_842' title='bbox 1677 5122 1760 5165; x_wconf 88' lang='lat' dir='ltr'><strong>est</strong></span> <span class='ocrx_word' id='word_1_843' title='bbox 1792 5112 2091 5181; x_wconf 84' lang='lat' dir='ltr'><strong>lunaticum</strong></span> <span class='ocrx_word' id='word_1_844' title='bbox 2128 5113 2277 5167; x_wconf 90' lang='lat' dir='ltr'><strong>illum</strong></span> <span class='ocrx_word' id='word_1_845' title='bbox 2304 5114 2464 5168; x_wconf 90' lang='lat' dir='ltr'><strong>talem</strong></span> <span class='ocrx_word' id='word_1_846' title='bbox 2496 5112 2514 5183; x_wconf 87' lang='lat'><strong>(</strong></span> <span class='ocrx_word' id='word_1_847' title='bbox 2556 5113 2601 5167; x_wconf 87' lang='lat' dir='ltr'><strong>si</strong></span> <span class='ocrx_word' id='word_1_848' title='bbox 2632 5121 2810 5168; x_wconf 87' lang='lat' dir='ltr'><strong>tamen</strong></span> <span class='ocrx_word' id='word_1_849' title='bbox 2843 5114 3128 5169; x_wconf 89' lang='lat' dir='ltr'><strong>dicendum</strong></span> <span class='ocrx_word' id='word_1_850' title='bbox 3169 5124 3251 5170; x_wconf 89' lang='lat' dir='ltr'><strong>est</strong></span> <span class='ocrx_word' id='word_1_851' title='bbox 3293 5128 3509 5168; x_wconf 90' lang='lat' dir='ltr'><strong>omnem</strong></span> <span class='ocrx_word' id='word_1_852' title='bbox 3558 5114 3678 5168; x_wconf 85' lang='lat' dir='ltr'><strong>ani-</strong></span> 
     </span>
    </p>
   </div>
   <div class='ocr_carea' id='block_1_97' title="bbox 501 5185 2007 5275">
    <p class='ocr_par' dir='ltr' id='par_1_97' title="bbox 501 5204 1976 5275">
     <span class='ocr_line' id='line_1_98' title="bbox 501 5204 1976 5275; baseline 0.001 -14"><span class='ocrx_word' id='word_1_853' title='bbox 501 5210 548 5244; x_wconf 75' lang='lat'>”</span> <span class='ocrx_word' id='word_1_854' title='bbox 575 5204 777 5275; x_wconf 81' lang='lat' dir='ltr'><strong>Eplies.</strong></span> <span class='ocrx_word' id='word_1_855' title='bbox 806 5218 881 5270; x_wconf 82' lang='lat' dir='ltr'><strong>Vl,</strong></span> <span class='ocrx_word' id='word_1_856' title='bbox 912 5205 998 5258; x_wconf 73' lang='lat'><strong>12.</strong></span> <span class='ocrx_word' id='word_1_857' title='bbox 1074 5207 1120 5238; x_wconf 81' lang='lat'><strong>”</strong></span> <span class='ocrx_word' id='word_1_858' title='bbox 1140 5207 1277 5263; x_wconf 80' lang='lat' dir='ltr'><strong>Osce</strong></span> <span class='ocrx_word' id='word_1_859' title='bbox 1302 5224 1394 5275; x_wconf 85' lang='lat' dir='ltr'><strong>vn,</strong></span> <span class='ocrx_word' id='word_1_860' title='bbox 1430 5208 1483 5262; x_wconf 73' lang='grc'>4.</span> <span class='ocrx_word' id='word_1_861' title='bbox 1556 5209 1572 5237; x_wconf 80' lang='grc'><strong>¹</strong></span> <span class='ocrx_word' id='word_1_862' title='bbox 1599 5205 1767 5262; x_wconf 82' lang='lat' dir='ltr'><strong>Eccli.</strong></span> <span class='ocrx_word' id='word_1_863' title='bbox 1803 5224 1976 5271; x_wconf 78' lang='lat' dir='ltr'><strong>xxvu,</strong></span> 
     </span>
    </p>
   </div>
   <div class='ocr_carea' id='block_1_98' title="bbox 2108 5185 3490 5275">
    <p class='ocr_par' dir='ltr' id='par_1_98' title="bbox 2178 5185 3490 5264">
     <span class='ocr_line' id='line_1_99' title="bbox 2178 5185 3490 5264; baseline -0.002 -2"><span class='ocrx_word' id='word_1_864' title='bbox 2178 5211 2198 5240; x_wconf 61' lang='grc' dir='ltr'>θ</span> <span class='ocrx_word' id='word_1_865' title='bbox 2234 5209 2369 5264; x_wconf 89' lang='lat' dir='ltr'><strong>Ibid.</strong></span> <span class='ocrx_word' id='word_1_866' title='bbox 3482 5185 3490 5192; x_wconf 87' lang='grc'><em>’</em></span> 
     </span>
    </p>
   </div>
   <div class='ocr_carea' id='block_1_99' title="bbox 2111 5328 3651 5401">
    <p class='ocr_par' dir='ltr' id='par_1_99' title="bbox 2111 5328 3651 5401">
     <span class='ocr_line' id='line_1_100' title="bbox 2111 5328 3651 5401; baseline 0.002 -19"><span class='ocrx_word' id='word_1_867' title='bbox 2111 5328 2479 5401; x_wconf 86' lang='grc' dir='ltr'>μιμουμένων.</span> <span class='ocrx_word' id='word_1_868' title='bbox 2507 5328 2994 5401; x_wconf 33' lang='lat' dir='ltr'><strong>VetusAinterpres,</strong></span> <span class='ocrx_word' id='word_1_869' title='bbox 3031 5349 3048 5380; x_wconf 81' lang='grc' dir='ltr'><strong>ι</strong></span> <span class='ocrx_word' id='word_1_870' title='bbox 3080 5330 3229 5385; x_wconf 85' lang='lat' dir='ltr'><strong>vides</strong></span> <span class='ocrx_word' id='word_1_871' title='bbox 3253 5338 3433 5385; x_wconf 89' lang='lat' dir='ltr'><strong>autem</strong></span> <span class='ocrx_word' id='word_1_872' title='bbox 3460 5343 3556 5387; x_wconf 88' lang='lat' dir='ltr'><strong>eos</strong></span> <span class='ocrx_word' id='word_1_873' title='bbox 3578 5329 3651 5385; x_wconf 90' lang='lat' dir='ltr'><strong>mi</strong></span> 
     </span>
    </p>
   </div>
   <div class='ocr_carea' id='block_1_100' title="bbox 2113 5398 3650 5471">
    <p class='ocr_par' dir='ltr' id='par_1_100' title="bbox 2113 5398 3650 5471">
     <span class='ocr_line' id='line_1_101' title="bbox 2113 5398 3650 5471; baseline -0.001 -18"><span class='ocrx_word' id='word_1_874' title='bbox 2113 5398 2452 5471; x_wconf 13' lang='lat' dir='ltr'><strong>iiniiitcrum,</strong></span> <span class='ocrx_word' id='word_1_875' title='bbox 2485 5419 2502 5451; x_wconf 87' lang='grc' dir='ltr'><strong>ι</strong></span> <span class='ocrx_word' id='word_1_876' title='bbox 2539 5411 2643 5471; x_wconf 84' lang='lat' dir='ltr'><strong>etc.</strong></span> <span class='ocrx_word' id='word_1_877' title='bbox 2678 5398 2816 5470; x_wconf 79' lang='lat' dir='ltr'><strong>Lege</strong></span> <span class='ocrx_word' id='word_1_878' title='bbox 2846 5398 3193 5471; x_wconf 65' lang='grc' dir='ltr'>μειούμενον.</span> <span class='ocrx_word' id='word_1_879' title='bbox 3646 5430 3650 5434; x_wconf 61' lang='grc' dir='ltr'><strong>ι</strong></span> 
     </span>
    </p>
   </div>
   <div class='ocr_carea' id='block_1_101' title="bbox 2180 5469 3314 5538">
    <p class='ocr_par' dir='ltr' id='par_1_101' title="bbox 2180 5469 3314 5538">
     <span class='ocr_line' id='line_1_102' title="bbox 2180 5469 3314 5538; baseline -0.004 -14"><span class='ocrx_word' id='word_1_880' title='bbox 2180 5470 2288 5538; x_wconf 81' lang='grc'>(80)</span> <span class='ocrx_word' id='word_1_881' title='bbox 2328 5471 2506 5524; x_wconf 60' lang='lat' dir='ltr'><strong>(index</strong></span> <span class='ocrx_word' id='word_1_882' title='bbox 2547 5469 2771 5535; x_wconf 69' lang='lat' dir='ltr'><strong>Regius,</strong></span> <span class='ocrx_word' id='word_1_883' title='bbox 2795 5469 2891 5523; x_wconf 71' lang='grc' dir='ltr'>καὶ</span> <span class='ocrx_word' id='word_1_884' title='bbox 2917 5469 3018 5523; x_wconf 66' lang='grc' dir='ltr'>ἐπι</span> <span class='ocrx_word' id='word_1_885' title='bbox 3041 5470 3314 5523; x_wconf 80' lang='grc' dir='ltr'>τοσοῦτον.</span> 
     </span>
    </p>
   </div>
   <div class='ocr_carea' id='block_1_102' title="bbox 2180 5538 3678 5664">
    <p class='ocr_par' dir='ltr' id='par_1_102' title="bbox 2180 5538 3678 5664">
     <span class='ocr_line' id='line_1_103' title="bbox 2180 5538 3678 5664; baseline 0.002 -73"><span class='ocrx_word' id='word_1_886' title='bbox 2180 5539 2289 5661; x_wconf 58' lang='grc'>(811)</span> <span class='ocrx_word' id='word_1_887' title='bbox 2330 5539 2632 5664; x_wconf 51' lang='grc' dir='ltr'><strong>ἓΙατὴςέῗέ</strong></span> <span class='ocrx_word' id='word_1_888' title='bbox 2657 5578 2672 5604; x_wconf 89' lang='grc'><strong>,</strong></span> <span class='ocrx_word' id='word_1_889' title='bbox 2701 5549 2805 5595; x_wconf 83' lang='lat' dir='ltr'><strong>etc.</strong></span> <span class='ocrx_word' id='word_1_890' title='bbox 2844 5538 2975 5593; x_wconf 84' lang='lat' dir='ltr'><strong>Vide</strong></span> <span class='ocrx_word' id='word_1_891' title='bbox 3021 5539 3461 5610; x_wconf 72' lang='lat' dir='ltr'><strong>Origenianorum</strong></span> <span class='ocrx_word' id='word_1_892' title='bbox 3487 5538 3582 5594; x_wconf 88' lang='lat' dir='ltr'><strong>lib.</strong></span> <span class='ocrx_word' id='word_1_893' title='bbox 3616 5555 3678 5606; x_wconf 90' lang='lat' dir='ltr'><strong>ll,</strong></span> 
     </span>
     <span class='ocr_line' id='line_1_104' title="bbox 2184 5618 2586 5664; baseline 0 -4"><span class='ocrx_word' id='word_1_894' title='bbox 2184 5624 2255 5661; x_wconf 69' lang='lat' dir='ltr'><strong>:es</strong></span> <span class='ocrx_word' id='word_1_895' title='bbox 2285 5648 2298 5661; x_wconf 95' lang='lat'><strong>.</strong></span> <span class='ocrx_word' id='word_1_896' title='bbox 2368 5651 2382 5664; x_wconf 91' lang='lat'><strong>.</strong></span> <span class='ocrx_word' id='word_1_897' title='bbox 2416 5626 2468 5662; x_wconf 90' lang='lat' dir='ltr'><strong>ll.</strong></span> <span class='ocrx_word' id='word_1_898' title='bbox 2496 5618 2515 5638; x_wconf 79' lang='lat'>&quot;</span> <span class='ocrx_word' id='word_1_899' title='bbox 2575 5649 2586 5660; x_wconf 91' lang='lat'><strong>.</strong></span> 
     </span>
    </p>
   </div>
   <div class='ocr_carea' id='block_1_103' title="bbox 2147 5618 2586 5672">
    <p class='ocr_par' dir='ltr' id='par_1_103' title="bbox 2147 5618 2586 5672">
     <span class='ocr_line' id='line_1_105' title="bbox 2147 5618 2586 5672; baseline 0.005 -13"><span class='ocrx_word' id='word_1_900' title='bbox 2147 5620 2298 5661; x_wconf 70' lang='lat' dir='ltr'><strong>mest.</strong></span> <span class='ocrx_word' id='word_1_901' title='bbox 2330 5618 2382 5672; x_wconf 80' lang='lat'><strong>5,</strong></span> <span class='ocrx_word' id='word_1_902' title='bbox 2416 5626 2468 5662; x_wconf 88' lang='grc' dir='ltr'><strong>ιι.</strong></span> <span class='ocrx_word' id='word_1_903' title='bbox 2496 5618 2586 5662; x_wconf 69' lang='grc'>28.</span> 
     </span>
    </p>
   </div>
   <div class='ocr_carea' id='block_1_104' title="bbox 2108 5624 3674 5747">
    <p class='ocr_par' dir='ltr' id='par_1_104' title="bbox 2108 5624 3674 5747">
     <span class='ocr_line' id='line_1_106' title="bbox 2147 5624 2586 5662; baseline 0.002 -3"><span class='ocrx_word' id='word_1_904' title='bbox 2147 5624 2298 5661; x_wconf 67' lang='grc' dir='ltr'>ιιιῐιδι.</span> <span class='ocrx_word' id='word_1_905' title='bbox 2344 5624 2353 5626; x_wconf 69' lang='grc'>⁷</span> <span class='ocrx_word' id='word_1_906' title='bbox 2416 5626 2468 5662; x_wconf 87' lang='lat' dir='ltr'><strong>ll.</strong></span> <span class='ocrx_word' id='word_1_907' title='bbox 2496 5624 2586 5662; x_wconf 65' lang='lat'><strong>‘26.</strong></span> 
     </span>
     <span class='ocr_line' id='line_1_107' title="bbox 2108 5624 3674 5747; baseline 0.002 -17"><span class='ocrx_word' id='word_1_908' title='bbox 2108 5624 2139 5678; x_wconf 57' lang='grc' dir='ltr'><strong>η</strong></span> <span class='ocrx_word' id='word_1_909' title='bbox 2183 5679 2293 5747; x_wconf 70' lang='lat'><strong>(8‘2)</strong></span> <span class='ocrx_word' id='word_1_910' title='bbox 2330 5624 2470 5732; x_wconf 61' lang='grc' dir='ltr'><strong>ἶἷέῖτε</strong></span> <span class='ocrx_word' id='word_1_911' title='bbox 2515 5679 2721 5732; x_wconf 74' lang='grc' dir='ltr'>πᾶσαν</span> <span class='ocrx_word' id='word_1_912' title='bbox 2756 5678 3032 5742; x_wconf 63' lang='grc' dir='ltr'>λεκτέτν,</span> <span class='ocrx_word' id='word_1_913' title='bbox 3074 5689 3178 5734; x_wconf 85' lang='lat' dir='ltr'><strong>ctc.</strong></span> <span class='ocrx_word' id='word_1_914' title='bbox 3222 5676 3354 5732; x_wconf 86' lang='lat' dir='ltr'><strong>Vide</strong></span> <span class='ocrx_word' id='word_1_915' title='bbox 3389 5675 3674 5747; x_wconf 79' lang='lat' dir='ltr'><strong>Origenem</strong></span> 
     </span>
    </p>
   </div>
   <div class='ocr_carea' id='block_1_105' title="bbox 2115 5747 2879 5809">
    <p class='ocr_par' dir='ltr' id='par_1_105' title="bbox 2115 5747 2879 5809">
     <span class='ocr_line' id='line_1_108' title="bbox 2115 5747 2879 5809; baseline -0.003 -8"><span class='ocrx_word' id='word_1_916' title='bbox 2115 5747 2249 5801; x_wconf 85' lang='lat' dir='ltr'><strong>inl&#39;ra</strong></span> <span class='ocrx_word' id='word_1_917' title='bbox 2287 5752 2340 5803; x_wconf 82' lang='lat' dir='ltr'><strong>in</strong></span> <span class='ocrx_word' id='word_1_918' title='bbox 2376 5748 2567 5801; x_wconf 73' lang='lat' dir='ltr'><strong>Matth.</strong></span> <span class='ocrx_word' id='word_1_919' title='bbox 2604 5763 2758 5809; x_wconf 76' lang='lat' dir='ltr'><strong>xuii.</strong></span> <span class='ocrx_word' id='word_1_920' title='bbox 2800 5748 2879 5800; x_wconf 83' lang='lat'><strong>10.</strong></span> 
     </span>
    </p>
   </div>
   <div class='ocr_carea' id='block_1_106' title="bbox 506 5317 2002 5398">
    <p class='ocr_par' dir='ltr' id='par_1_106' title="bbox 506 5317 2002 5398">
     <span class='ocr_line' id='line_1_109' title="bbox 506 5317 2002 5398; baseline 0.001 -19"><span class='ocrx_word' id='word_1_921' title='bbox 506 5317 966 5398; x_wconf 23' lang='lat' dir='ltr'><strong>(76)_1_‘dxa‘01_57</strong></span> <span class='ocrx_word' id='word_1_922' title='bbox 991 5325 1101 5378; x_wconf 83' lang='grc' dir='ltr'>οὐκ</span> <span class='ocrx_word' id='word_1_923' title='bbox 1122 5324 1536 5398; x_wconf 57' lang='grc' dir='ltr'>ῥνρμάρτοις</span> <span class='ocrx_word' id='word_1_924' title='bbox 1558 5367 1572 5391; x_wconf 90' lang='grc'><strong>,</strong></span> <span class='ocrx_word' id='word_1_925' title='bbox 1602 5336 1706 5381; x_wconf 87' lang='lat' dir='ltr'><strong>etc.</strong></span> <span class='ocrx_word' id='word_1_926' title='bbox 1743 5325 2002 5398; x_wconf 76' lang='lat' dir='ltr'><strong>Hierony-</strong></span> 
     </span>
    </p>
   </div>
   <div class='ocr_carea' id='block_1_107' title="bbox 435 5391 1762 5516">
    <p class='ocr_par' dir='ltr' id='par_1_107' title="bbox 435 5391 1762 5516">
     <span class='ocr_line' id='line_1_110' title="bbox 435 5391 1762 5516; baseline 0.004 -68"><span class='ocrx_word' id='word_1_927' title='bbox 435 5391 609 5458; x_wconf 47' lang='lat' dir='ltr'><strong>mus,</strong></span> <span class='ocrx_word' id='word_1_928' title='bbox 628 5391 1085 5516; x_wconf 61' lang='lat' dir='ltr'><strong>Theogliylactus,</strong></span> <span class='ocrx_word' id='word_1_929' title='bbox 1122 5391 1461 5465; x_wconf 67' lang='lat' dir='ltr'><strong>Euthyinius.</strong></span> <span class='ocrx_word' id='word_1_930' title='bbox 1498 5399 1762 5453; x_wconf 74' lang='lat' dir='ltr'><strong>llusrws.</strong></span> 
     </span>
     <span class='ocr_line' id='line_1_111' title="bbox 508 5463 1762 5516; baseline 0 0"><span class='ocrx_word' id='word_1_931' title='bbox 508 5463 621 5516; x_wconf 74' lang='grc'>(77)</span> <span class='ocrx_word' id='word_1_932' title='bbox 659 5468 779 5516; x_wconf 75' lang='lat' dir='ltr'><strong>[lat</strong></span> <span class='ocrx_word' id='word_1_933' title='bbox 841 5463 954 5516; x_wconf 79' lang='grc' dir='ltr'><strong>ιιὲν</strong></span> <span class='ocrx_word' id='word_1_934' title='bbox 985 5465 1345 5516; x_wconf 59' lang='grc' dir='ltr'>πίπτοντας.</span> <span class='ocrx_word' id='word_1_935' title='bbox 1376 5477 1479 5516; x_wconf 89' lang='lat' dir='ltr'><strong>etc.</strong></span> <span class='ocrx_word' id='word_1_936' title='bbox 1516 5467 1762 5516; x_wconf 83' lang='lat' dir='ltr'><strong>Euthvmi</strong></span> 
     </span>
    </p>
   </div>
   <div class='ocr_carea' id='block_1_108' title="bbox 508 5463 1860 5537">
    <p class='ocr_par' dir='ltr' id='par_1_108' title="bbox 508 5463 1860 5537">
     <span class='ocr_line' id='line_1_112' title="bbox 508 5463 1860 5537; baseline 0.005 -22"><span class='ocrx_word' id='word_1_937' title='bbox 659 5463 811 5537; x_wconf 71' lang='grc' dir='ltr'>ῌοτὲ</span> <span class='ocrx_word' id='word_1_938' title='bbox 983 5463 1345 5537; x_wconf 53' lang='grc' dir='ltr'>πίπτοντας,</span> <span class='ocrx_word' id='word_1_939' title='bbox 1376 5477 1479 5537; x_wconf 86' lang='lat' dir='ltr'><strong>etc.</strong></span> <span class='ocrx_word' id='word_1_940' title='bbox 1516 5467 1860 5537; x_wconf 79' lang='lat' dir='ltr'><strong>Euthymius.</strong></span> 
     </span>
    </p>
   </div>
   <div class='ocr_carea' id='block_1_109' title="bbox 508 5532 2010 5607">
    <p class='ocr_par' dir='ltr' id='par_1_109' title="bbox 508 5532 2010 5607">
     <span class='ocr_line' id='line_1_113' title="bbox 508 5532 2010 5607; baseline 0.002 -22"><span class='ocrx_word' id='word_1_941' title='bbox 508 5532 625 5607; x_wconf 73' lang='lat'><strong>(78_)_</strong></span> <span class='ocrx_word' id='word_1_942' title='bbox 660 5534 800 5607; x_wconf 78' lang='grc' dir='ltr'>Περὶ</span> <span class='ocrx_word' id='word_1_943' title='bbox 826 5532 901 5607; x_wconf 64' lang='grc' dir='ltr'>δὲ</span> <span class='ocrx_word' id='word_1_944' title='bbox 933 5534 1052 5589; x_wconf 83' lang='grc' dir='ltr'><strong>τῶν</strong></span> <span class='ocrx_word' id='word_1_945' title='bbox 1078 5534 1576 5603; x_wconf 70' lang='grc' dir='ltr'>ἀποδεδομένων-ι</span> <span class='ocrx_word' id='word_1_946' title='bbox 1602 5532 1738 5593; x_wconf 59' lang='grc' dir='ltr'><strong>’0⁷δὲ</strong></span> <span class='ocrx_word' id='word_1_947' title='bbox 1757 5539 2010 5607; x_wconf 56' lang='grc' dir='ltr'>ἄφρων</span> 
     </span>
    </p>
   </div>
   <div class='ocr_carea' id='block_1_110' title="bbox 438 5599 1019 5672">
    <p class='ocr_par' dir='ltr' id='par_1_110' title="bbox 438 5599 1019 5672">
     <span class='ocr_line' id='line_1_114' title="bbox 438 5599 1019 5672; baseline 0.01 -19"><span class='ocrx_word' id='word_1_948' title='bbox 438 5599 1019 5672; x_wconf 63' lang='lat' dir='ltr'><strong>etc._&#39;l‘_heopliylactus.</strong></span> 
     </span>
    </p>
   </div>
   <div class='ocr_carea' id='block_1_111' title="bbox 513 5669 2001 5741">
    <p class='ocr_par' dir='ltr' id='par_1_111' title="bbox 513 5669 2001 5741">
     <span class='ocr_line' id='line_1_115' title="bbox 513 5669 2001 5741; baseline 0.005 -23"><span class='ocrx_word' id='word_1_949' title='bbox 513 5669 624 5741; x_wconf 55' lang='grc'>(79)</span> <span class='ocrx_word' id='word_1_950' title='bbox 664 5669 834 5736; x_wconf 63' lang='lat' dir='ltr'><strong>&quot;160i;-</strong></span> <span class='ocrx_word' id='word_1_951' title='bbox 864 5672 915 5741; x_wconf 78' lang='grc' dir='ltr'>δ’</span> <span class='ocrx_word' id='word_1_952' title='bbox 960 5673 1037 5727; x_wconf 75' lang='grc' dir='ltr'><strong>ἂν</strong></span> <span class='ocrx_word' id='word_1_953' title='bbox 1065 5673 1252 5726; x_wconf 77' lang='grc' dir='ltr'>πάλιν</span> <span class='ocrx_word' id='word_1_954' title='bbox 1278 5676 1663 5741; x_wconf 70' lang='grc' dir='ltr'>μιμούμενον.</span> <span class='ocrx_word' id='word_1_955' title='bbox 1713 5678 1788 5728; x_wconf 88' lang='lat' dir='ltr'><strong>lta</strong></span> <span class='ocrx_word' id='word_1_956' title='bbox 1843 5674 2001 5730; x_wconf 85' lang='lat' dir='ltr'><strong>codd.</strong></span> 
     </span>
    </p>
   </div>
   <div class='ocr_carea' id='block_1_112' title="bbox 441 5735 1999 5813">
    <p class='ocr_par' dir='ltr' id='par_1_112' title="bbox 441 5735 1999 5813">
     <span class='ocr_line' id='line_1_116' title="bbox 441 5735 1999 5813; baseline 0.007 -28"><span class='ocrx_word' id='word_1_957' title='bbox 441 5735 822 5807; x_wconf 67' lang='lat' dir='ltr'><strong>Anglicanus,</strong></span> <span class='ocrx_word' id='word_1_958' title='bbox 864 5740 1155 5797; x_wconf 85' lang='lat' dir='ltr'><strong>Vaticanus</strong></span> <span class='ocrx_word' id='word_1_959' title='bbox 1202 5752 1253 5795; x_wconf 89' lang='lat' dir='ltr'><strong>ct</strong></span> <span class='ocrx_word' id='word_1_960' title='bbox 1278 5735 1636 5799; x_wconf 41' lang='lat' dir='ltr'><strong>‘l‘arinianus.</strong></span> <span class='ocrx_word' id='word_1_961' title='bbox 1669 5745 1737 5798; x_wconf 75' lang='lat' dir='ltr'><strong>At</strong></span> <span class='ocrx_word' id='word_1_962' title='bbox 1778 5746 1999 5813; x_wconf 71' lang='lat' dir='ltr'><strong>Regius,</strong></span> 
     </span>
    </p>
   </div>
  </div>
