4028 6296
501 242 632 297 illi

1968 242 2294 300 OhlGENlS

3636 254 3775 308 11ιὲ

496 365 660 419 fidem
692 362 856 418 habet
884 361 1026 419 sicut
1054 375 1278 431 granum
1306 360 1511 432 sinapis
1543 381 1555 416 :
1590 361 1784 417 deinde
1815 362 1909 433 qui
1958 363 2059 418 tali:

2186 365 2244 417 ἐν
2273 366 2352 436 τῷ
2374 365 2654 437 λεγομένῳ
2701 365 3111 439 σεληνιάζεσθαι
3166 368 3425 442 πνεῦμα)·
3492 388 3512 423 ι
3542 372 3766 426 Μετάϐα

425 486 434 497 ο
493 456 599 512 erit
626 456 769 512 dicet
793 452 965 510 monti
997 452 1123 506 huic
1149 452 1421 524 (spiritum
1462 464 1671 510 mutum
1696 463 1753 510 et
1778 456 2002 511 surdum
2026 456 2080 510 in

493 561 564 602 eo
603 547 697 618 qui
741 544 1014 598 lunaticus
1053 556 1176 598 esse
1215 543 1447 609 dicitur,
1493 545 1824 600 intellectum
1874 544 2031 618 volo)
2063 566 2077 601 :

2186 456 2390 523 ἔνθεν,»
2431 457 2676 528 δηλονότι
2708 457 2819 513 ἀπὸ
2868 459 2962 513 τοῦ
2996 461 3299 532 πάσχοντος
3329 460 3623 532 ἀνθρώπου
3675 464 3769 516 ἐπὶ

2184 549 2323 621 τάχα
2354 549 2452 621 τὴν
2480 549 2739 615 ἄϐυσσον,
2778 569 2796 602 ι
2825 551 2920 605 καὶ
2948 552 3372 624 μεταϐήσεται.»
3414 554 3474 609 '0
3506 553 3565 608 δὲ
3607 553 3769 608 ’Δπό-

497 656 518 690 ‹
550 635 741 691 Transi
793 634 981 701 illinc;
1028 651 1047 684 ι
1103 633 1173 689 ab
1203 633 1423 690 homine
1448 636 1695 692 videlicet
1728 637 1868 693 male
1889 636 2059 693 aﬂ'ectt

2184 640 2369 705 στολος
2399 639 2670 708 ἐντεῦθεν,
2706 636 2882 714 οἶμαι,
2931 643 3031 716 τὴν
3063 644 3321 717 ἀφορμὴν
3376 645 3579 711 λαϐὼν,
3628 646 3761 717 μετᾶ

493 731 547 784 in
574 730 828 799 abyssum
866 724 1134 791 fortasse,
1182 744 1202 778 ι
1235 740 1289 782 et
1321 729 1592 784 transibit.
1643 748 1662 780 ι
1698 727 1828 785 inde
1865 740 2078 802 arrepta

489 836 625 876 ansa
658 835 812 876 ecum
871 819 1181 889 apostolica
1233 824 1559 878 auctoritate
1630 822 1837 880 dixisse
1886 824 2079 895 Opinor

487 914 810 984 Apostolum
846 915 890 973 *⁸
917 932 931 968 :
959 933 977 968 ι
1012 910 1078 968 Ει
1108 915 1154 970 si
1180 914 1418 969 habuero
1446 929 1664 970 omnem
1698 916 1878 982 ﬁdem,
1913 917 1986 971 ita
2019 928 2079 972 ut

486 1014 701 1062 montes
731 1005 1087 1074 transferam;
1125 1024 1145 1059 ι
1178 1021 1278 1062 nec
1306 1022 1476 1061 unum
1507 1008 1602 1063 sed
1632 1007 1776 1062 enim
1811 1009 2078 1065 duntaxat

483 1103 749 1163 montem,
797 1097 893 1152 sed
940 1105 994 1150 et
1030 1096 1220 1167 plures
1253 1095 1400 1152 illius
1432 1097 1607 1153 instar
1650 1097 1928 1162 transfert,
1979 1100 2073 1169 qui

481 1187 648 1243 habet
677 1202 894 1243 omnem
930 1188 1090 1242 iidem
1119 1203 1241 1258 qua:
1277 1203 1449 1259 grano
1487 1188 1694 1259 sinapis
1718 1190 1915 1245 similis
1947 1199 2070 1256 est;

481 1295 583 1334 nec
615 1279 914 1348 quidquam
942 1294 1108 1348 supra
1140 1279 1286 1334 vires
1310 1279 1459 1334 illius
1493 1279 1597 1334 erit
1638 1280 1734 1351 qui
1770 1289 1915 1335 tanta
1965 1280 2071 1336 tide

477 1375 723 1445 pollehit.
757 1372 899 1441 Quin
932 1382 987 1430 et
1030 1373 1099 1429 ad
1145 1373 1279 1429 illud
1312 1376 1554 1430 animum
1595 1375 1944 1431 advertamus
1975 1375 2017 1409 ¹⁸
2051 1394 2063 1431 :

483 1487 503 1517 ι
542 1466 656 1523 Hoc
701 1483 875 1539 genus
925 1481 1033 1522 non
1069 1466 1318 1537 ejicitur,
1376 1466 1485 1522 nisi
1535 1480 1629 1536 per
1667 1467 1969 1524 orationem
2015 1480 2071 1524 et

477 1559 768 1629 jejunium,
807 1579 825 1610 ι
860 1568 921 1615 ιιι
959 1560 1005 1615 si
1037 1561 1092 1613 in
1121 1560 1368 1615 curando
1415 1558 1601 1630 aliquo
1629 1575 1754 1614 cum
1797 1560 2065 1630 ejusmodi

478 1648 626 1705 malo
654 1651 997 1706 conﬂictaute
1024 1651 1189 1722 580
1207 1666 1371 1722 opera
1398 1652 1693 1723 aliquando
1726 1669 1754 1708 a
1787 1654 1945 1710 nobis
1969 1669 2067 1726 po-

477 1741 655 1797 nenda
685 1744 775 1809 sit,
809 1759 917 1799 non
945 1744 1315 1800 exorcismum
1347 1744 1726 1811 adhibeamus,
1766 1761 1942 1817 neque
1979 1747 2065 1803 in-

475 1840 842 1905 Cerrogemus,
871 1853 970 1893 nec
997 1836 1340 1892 immundum
1374 1836 1624 1907 spiritum
1652 1840 1810 1908 quasi
1839 1841 2065 1897 audien-

476 1934 584 1982 tem
614 1927 979 1998 alloquamur,
1018 1929 1111 1983 sed
1144 1928 1380 1983 orationi
1428 1937 1483 1984 et
1528 1929 1743 2000 jejunio
1787 1942 2060 2001 vacantes,

2182 733 2546 805 ἀποστολικῆς
2575 730 2726 787 εἶπεν
2749 734 2995 800 ἐξουσίας
3022 737 3100 790 τό·
3137 757 3154 788 ι
3186 740 3295 792 Καὶ
3319 737 3413 793 ὲάν
3442 738 3553 811 εχω
3586 741 3761 795 πᾶσαν

2178 825 2278 898 τὴν
2306 825 2508 887 πίστιν,
2536 824 2678 878 ὥστε
2706 826 2807 898 ὄρη
2857 825 3216 899 μεθιστάνειν·
3235 849 3254 882 ι
3291 831 3352 884 ού
3381 830 3491 903 γὰρ
3513 833 3573 884 ἒν
3604 833 3761 902 μόνον

2178 917 2323 990 ὅρος,
2353 917 2489 971 ἀλλά
2518 917 2614 971 καὶ
2643 917 2711 971 τά
2743 919 3003 989 ἀνάλογον
3032 919 3143 991 (94)
3177 921 3326 994 αὐτῷ
3351 922 3574 977 πλείονα
3605 923 3756 995 μεθί-

2180 1027 2370 1082 στησιν
2395 1011 2422 1063 6
2451 1009 2591 1082 ἔχων
2620 1012 2800 1065 πᾶσαν
2828 1012 2927 1084 τὴν
2966 1013 3169 1080 πίστιν,
3200 1015 3323 1087 ἥτις
3351 1016 3499 1069 ἐστὶν
3531 1015 3607 1080 ὡς
3631 1016 3755 1070 κόκ-

2176 1120 2271 1167 κος
2299 1103 2588 1167 σινάπεωςο
2622 1104 2716 1158 καὶ
2747 1104 2900 1158 οὐδέν
2951 1122 3015 1175 γε
3053 1105 3228 1179 τούτῳ
3255 1107 3334 1180 τῷ
3379 1109 3473 1163 ἐπὶ
3505 1105 3755 1163 τοσοῦτον

2179 1196 2481 1249 πιστεύοντι
2507 1195 2659 1249 ἐσται
2707 1195 2985 1251 ἀδύνατον.
3018 1198 3354 1271 Προσχῶμεν
3400 1199 3458 1253 δὲ
3511 1200 3606 1254 καὶ
3650 1199 3746 1272 τῷ·

2186 1308 2204 1340 ι
2231 1288 2403 1342 Τοῦτο
2427 1288 2488 1342 τὸ
2525 1289 2682 1357 γένος
2724 1288 2827 1342 οὐκ
2879 1289 3238 1362 ἐκπορεύεται
3275 1292 3324 1345 εί
3374 1292 3448 1363 μὴ
3496 1292 3555 1346 ὲν
3587 1308 3749 1364 προσ-

2173 1383 2306 1453 ευχῇ
2347 1381 2443 1436 καὶ
2479 1381 2758 1454 moesia,»
2792 1380 2881 1448 ἶν’,
2905 1383 2959 1436 εἴ
2987 1399 3116 1435 ποτε
3144 1382 3252 1437 δέοι
3298 1383 3426 1454 περὶ
3460 1382 3750 1454 θεραπείαν

2171 1474 2518 1547 ἀσχολεῖσθαι
2549 1476 2699 1546 ἡμᾶς
2743 1473 2985 1529 τοιοῦτόν
3018 1492 3072 1528 τι
3106 1475 3435 1540 πεπονθότος
3483 1475 3645 1541 τινὸς,
3676 1475 3750 1547 μὴ

2170 1563 2499 1636 ὁρκίζωμεν,
2554 1564 2688 1636 μηδὲ
2734 1562 3120 1638 ὲπερωτῶμεν,
3180 1564 3317 1636 μηδὲ
3376 1564 3625 1639 λαλῶμεν
3674 1563 3749 1626 ὡς

2171 1655 2420 1711 ἀκούοντι
2448 1655 2526 1727 τῷ
2557 1653 2853 1727 ἀκαθάρτῳ
2883 1654 3175 1727 πνεύματι,
3209 1654 3346 1709 ἀλ.λά
3401 1652 3748 1727 σχολάζοντες

2172 1751 2450 1824 προσευχῇ
2505 1748 2601 1803 καὶ
2645 1747 2870 1820 νηστείᾳ
2926 1747 3274 1821 ὲπιτύχωμεν
3327 1747 3749 1820 προσευχόμενοι

2173 1842 2303 1915 περὶ⁹
2334 1840 2428 1895 τοῦ
2460 1839 2809 1904 πεπονθότος,
2840 1840 2934 1894 καὶ
2983 1842 3054 1912 τῇ
3092 1840 3305 1895 ἑαυτῶν
3348 1838 3573 1913 νηστείᾳ
3604 1835 3750 1891 ἀπῶ-

2173 1950 2355 2005 σωμεν
2385 1934 2480 1987 ἀπ’
2500 1932 2667 1986 αὐτοῦ
2699 1931 2762 1987 τὸ
2789 1931 3097 2004 ἀκάθαρτον
3127 1932 3363 2004 πνεῦμα.

476 2019 605 2074 dum
639 2035 736 2089 pro
765 2035 911 2091 aegro
947 2036 1134 2091 preces
1172 2019 1475 2087 fundimus,
1509 2022 1784 2093 postulata
1831 2040 2211 2098 assequamur,
2259 2035 2314 2084 et
2365 2034 2556 2083 nostro
2612 2025 2822 2097 jejunio
2872 2025 3123 2096 spiritum
3169 2022 3511 2079 immundum
3558 2022 3628 2079 ab
3684 2034 3750 2077 eo

473 2112 829 2181 depellamus.
1563 2184 1569 2190 ν

541 2205 595 2260 8.
644 2224 664 2259 ι
710 2206 1177 2265 Conversautibus
1202 2214 1385 2264 autem
1417 2208 1526 2266 illis
1557 2209 1614 2265 in
1644 2207 1889 2279 Galilaea,
1922 2211 2062 2270 dixit

471 2296 579 2353 iilis
595 2297 756 2355 Jesus
779 2317 793 2355 :
816 2299 986 2357 Filius
1010 2301 1246 2358 hominis
1262 2302 1556 2360 tradendus
1573 2314 1657 2360 est
1678 2304 1732 2360 in
1753 2322 1950 2364 manus
1969 2308 2064 2363 ho-

471 2390 680 2444 minum
713 2391 778 2447 ".
824 2410 843 2442 ι
878 2391 957 2448 Ac
980 2408 1043 2448 ea
1075 2393 1293 2463 quidem
1331 2394 1417 2450 his
1442 2396 1772 2466 aequivalere
1792 2400 2049 2456 videbun-

471 2490 560 2535 tur
578 2480 626 2514 "
652 2498 667 2536 :
696 2501 715 2533 σ
746 2481 989 2554 Ccepisse
1009 2500 1132 2539 eum
1163 2486 1451 2542 ostendere
1471 2486 1752 2559 discipulis
1775 2492 1909 2559 suis,
1931 2492 2060 2559 quia

469 2583 745 2643 oporteret
764 2591 887 2631 eum
912 2577 991 2632 ire
1009 2577 1423 2652 Jerosolymam,
1447 2589 1502 2636 et
1515 2582 1688 2638 multa
1711 2585 1818 2654 pati
1836 2600 1863 2639 a
1887 2573 2062 2641 senio-

467 2666 624 2720 ribus
644 2677 697 2721 et
712 2667 1049 2738 principibus
1066 2672 1438 2740 sacerdotum;
1465 2692 1483 2725 ι
1505 2674 1656 2745 atqui
1674 2690 1761 2731 res
1780 2690 1886 2730 non
1905 2676 1979 2731 ita
2001 2692 2060 2732 se

474 2754 654 2823 habet,
681 2773 781 2813 nec
802 2760 947 2814 enim
972 2761 1111 2815 idem
1135 2771 1237 2829 est,
1269 2781 1288 2815 ι
1316 2767 1604 2821 ostendere
1623 2765 1907 2837 discipulis
1927 2767 2057 2839 quia

472 2851 744 2912 oporteret
763 2860 887 2900 eum
912 2847 990 2902 ire
1007 2847 1058 2903 iu
1080 2847 1498 2923 Jerosolymam,
1519 2861 1573 2909 et
1593 2856 1762 2911 multa
1784 2856 1895 2925 pati
1917 2871 1947 2911 a
1973 2872 2058 2912 se-

474 2935 741 3004 nioribus,
765 2946 819 2993 et
841 2939 1176 3009 principibus
1194 2945 1560 3012 sacerdotum,
1594 2952 1647 3001 et
1670 2946 1895 3014 scribis;
1922 2956 1996 3012 et,
2031 2968 2051 3001 ι

474 3034 756 3099 postquam
790 3045 852 3084 ea
883 3045 1080 3100 passus
1109 3032 1292 3101 fuerit,
1321 3053 1340 3087 ι
1375 3036 1574 3104 occidi,
1601 3046 1674 3105 et,
1721 3058 1740 3091 ι
1764 3049 2053 3112 postquam

476 3120 690 3176 occisus
720 3118 1089 3188 fuerit,rtertia
1122 3125 1209 3181 die
1230 3141 1546 3199 resurgere,
1581 3149 1601 3183 ι
1639 3146 1704 3186 ac
1728 3132 1833 3188 dici
1862 3133 1969 3189 illis
1999 3135 2051 3188 in
2083 3160 2124 3219 ο

474 3212 690 3270 Galilaea
726 3216 1086 3282 versantibus,
1121 3219 1268 3289 quod
1305 3235 1468 3291 supra
1492 3222 1715 3279 minime
1733 3222 2047 3291 didicimus,

476 3299 715 3358 futurum
746 3304 988 3364 utFilius
1016 3309 1256 3367 hominis
1287 3311 1561 3381 tradatur;
1590 3329 1754 3386 supra
1776 3317 1921 3371 enim
1952 3327 2052 3372 tra-

468 3392 642 3447 ditum
679 3394 741 3448 iri
789 3396 993 3453 dictum
1035 3406 1148 3466 est,
1193 3416 1339 3456 nunc
1386 3411 1563 3458 autem
1613 3413 1669 3462 et
1709 3425 1728 3458 ι
1768 3407 1821 3461 in
1853 3422 2050 3464 manus

474 3480 777 3538 hominum.
822 3504 842 3537 ι
879 3486 1054 3558 Super
1080 3488 1283 3559 quibus
1307 3491 1678 3562 disquiramus
1706 3511 1736 3549 a
1756 3511 1865 3563 quo
1895 3497 1979 3552 vel
2019 3512 2049 3553 a

468 3569 668 3638 quibus
699 3574 751 3628 in
782 3590 979 3633 manus
1004 3578 1287 3636 hominum
1322 3584 1615 3640 tradendus
1640 3586 1738 3653 sit;
1764 3586 1877 3643 illic
1901 3588 2045 3643 enim

468 3661 729 3718 docemur
754 3668 951 3737 quibus
975 3671 1290 3729 auctoribus
1311 3681 1365 3728 et
1390 3674 1607 3729 ubinam
1642 3677 1882 3747 gentium
1921 3693 2048 3747 pas-

468 3768 635 3809 surus
675 3756 776 3823 sit;
827 3759 914 3815 hic
949 3770 1128 3817 autem
1160 3764 1423 3821 discimus
1463 3776 1721 3836 praterca
1752 3768 1923 3823 multa
1953 3783 2050 3839 per

464 3859 584 3909 eos,
620 3864 759 3918 quos
791 3864 954 3921 supra
982 3852 1247 3920 diximus,
1278 3874 1568 3928 passurum
1597 3875 1720 3914 eum
1751 3874 1890 3924 esse,
1923 3877 2048 3916 cum

466 3951 578 3994 non
609 3941 879 4012 praecipua
906 3960 1072 4003 causa
1098 3949 1210 4004 sint
1240 3950 1299 4017 ii,
1324 3967 1424 4007 cur
1456 3952 1623 4007 multa
1656 3954 1913 4023 patiatur,
1954 3953 2048 4009 sed

2244 2233 2263 2266 ι
2298 2206 2683 2284 Στρεφομένων
2712 2204 2768 2261 δὲ
2797 2204 2974 2261 αὐτῶν
3003 2202 3084 2270 είς
3117 2202 3425 2268 Γαλιλαίαν,
3482 2201 3633 2258 εἶπεν
3656 2205 3747 2258 αὐ-

2165 2306 2278 2367 τοῖς
2306 2304 2335 2357 6
2380 2299 2610 2373 Ἰησοῦς
2643 2298 2842 2353 Μέλλει
2873 2300 2902 2352 ὁ
2930 2296 3058 2362 Υἱὸς
3086 2292 3180 2349 τοῦ
3208 2292 3497 2365 ἀνθρώπου
3523 2294 3747 2367 παραδί-

2164 2396 2347 2452 δοσθαι
2372 2395 2453 2455 είς
2476 2394 2666 2465 χεῖρας
2693 2387 3049 2460 ἀνθρώπων.»
3105 2387 3213 2441 Καὶ
3234 2385 3375 2454 δόξει
3426 2402 3493 2455 γε
3522 2385 3746 2449 ἐκείνοις

2164 2488 2339 2544 ταῦτα
2370 2485 2712 2556 ἰσοδυναμεῖν
2752 2501 2770 2534 ι
2796 2482 2879 2535 ὅτι
2911 2479 3113 2552 ἦρξατο
3131 2477 3396 2533 δεικνύειν
3427 2479 3541 2541 τοῖς
3572 2475 3744 2549 μαθη-

2164 2578 2303 2645 ταῖς,
2331 2580 2411 2633 ὅτι
2459 2577 2541 2630 δεῖ
2602 2575 2766 2630 αὑτὸν
2810 2574 2888 2638 είς
2947 2570 3296 2644 Ἱεροσόλυμα
3343 2568 3617 2634 ἀπελθεῖν,
3648 2571 3743 2624 καὶ

2165 2668 2335 2725 πολλὰ
2356 2666 2551 2723 παθεῖν
2577 2664 2686 2720 ἀπὸ
2710 2663 2815 2719 τῶν
2845 2662 3230 2735 πρεσϐυτέρων
3258 2662 3353 2715 καὶ
3385 2660 3737 2733 ἀρχιερέων»

2162 2760 2223 2814 τὸ
2250 2759 2307 2813 δὲ
2336 2759 2436 2831 ούχ
2463 2757 2635 2821 οὕτως
2665 2756 2798 2828 ἔχει,
2828 2754 2889 2808 οὐ
2921 2754 3030 2828 γάρ
3062 2753 3257 2807 ταύτόν
3306 2753 3423 2807 ἐστι
3465 2751 3528 2806 τὸ
3558 2771 3578 2804 ι
3610 2753 3738 2806 ὕπο-

2161 2850 2471 2905 δείκνυσθαι
2502 2851 2614 2913 τοῖς
2645 2848 2934 2919 μαθηταῖς,
2963 2848 3046 2901 ὃτι
3099 2846 3182 2900 δεῖ
3205 2844 3368 2899 αὑτὸν
3388 2846 3468 2909 είς
3517 2844 3734 2918 Ἰεροσό-

2162 2940 2307 3012 λυμα
2338 2940 2613 3004 ἀπελθεῖν,
2640 2938 2734 2993 καὶ
2765 2938 2936 2993 πολλά
2959 2939 3150 2991 παθεῖν
3182 2935 3290 2990 ἀπὸ
3309 2935 3417 2991 τῶν
3436 2934 3722 3007 πρεσϐυτέ-

2165 3050 2274 3106 ρων
2305 3031 2400 3087 καὶ
2426 3028 2748 3105 ἀρχιερέων,
2783 3032 2875 3085 καὶ
2901 3027 3329 3103 γραμματέων,ι
3360 3026 3446 3079 καὶ
3483 3023 3617 3097 μετὰ
3659 3020 3721 3075 τὸ

2163 3124 2357 3179 παθεῖν
2380 3122 2807 3188 ἀποκτανθῆναι,
2837 3122 2931 3176 καὶ
2960 3120 3098 3193 μετά
3124 3120 3184 3175 τὺ
3216 3116 3633 3188 ἀποκτανθῆναι,
3650 3114 3726 3188 τῇ

2158 3216 2318 3290 τρίτῃ
2348 3215 2530 3289 ἡμέρᾳ.
2567 3214 2881 3288 ἐγερθῆναι,
2909 3214 2987 3287 τῷ
3011 3212 3261 3285 λελέχθαι
3294 3212 3476 3276 αὐτοῖς
3496 3204 3647 3264 οὖσιν
3673 3207 3735 3263 ἓν

2157 3312 2224 3382 τῇ
2261 3309 2523 3383 Γαλιλαίᾳ
2569 3310 2727 3382 (ὅπερ
2758 3309 3015 3381 ἀνωτέρω
3057 3310 3117 3363 οὐ
3158 3303 3602 3381 μεμαθήκαμεν),
3659 3305 3733 3367 1'0;

2159 3403 2267 3478 ἄρα
2300 3404 2483 3476 μέλλοι
2528 3406 2558 3458 ό
2594 3404 2716 3468 Υἱὸς
2744 3402 2839 3457 τοῦ
2889 3400 3174 3474 ἀνθρώπου
3235 3396 3642 3472 παραδίδοσθαι·
3674 3394 3737 3448 τὺ

2157 3501 2268 3572 γὰρ
2300 3497 2690 3572 παραδίδοσθαι
2715 3495 2976 3568 ἀνωτέρω
3022 3495 3119 3567 μὲν
3150 3494 3250 3547 οὐκ
3287 3491 3526 3563 εἴρηται,
3559 3488 3654 3542 νῦν
3679 3488 3734 3541 δὲ

2158 3592 2253 3645 καὶ
2283 3592 2366 3645 ὃτι
2425 3609 2443 3642 ι
2473 3591 2552 3654 είς
2580 3591 2768 3662 χεῖρας
2821 3587 3177 3661 ἀνθρώπων“›
3209 3586 3293 3656 ἐφ’
3338 3586 3375 3641 ἃ.
3411 3584 3735 3656 ζητήσωμεν

2157 3680 2265 3736 ὑπὸ
2298 3682 2441 3747 τίνος
2472 3681 2652 3755 μέλλει
2674 3678 3061 3753 παραδίδοσθαι
3088 3680 3167 3743 είς
3197 3681 3387 3751 χεῖρας
3410 3674 3732 3747 ἀνθρώπων,

2155 3774 2188 3847 ἢ
2213 3773 2391 3829 τίνων·
2427 3776 2544 3828 ἐκεῖ
2575 3774 2676 3846 μὲν
2712 3773 2822 3845 γὰρ
2856 3773 2944 3841 ὑφ’
2976 3767 3051 3826 ὧν
3082 3770 3329 3825 πείσεται
3349 3766 3732 3839 διδασκόμεθα,

2155 3864 2249 3919 κα1⁵
2270 3857 2399 3933 ὲνῷ
2431 3864 2582 3935 τόπῳ
2632 3864 2900 3918 πείσεται·
2962 3860 3198 3916 ἐνταῦθα
3251 3861 3307 3915 δὲ
3358 3861 3443 3918 ἐπ’
3501 3860 3731 3921 ἐκείνοις

2156 3956 2522 4028 μανθάνομεν,
2581 3956 2665 4009 ὅτι
2707 3956 2767 4009 τὸ
2813 3954 2984 4009 πολλά
3021 3954 3212 4009 παθεῖν
3263 3953 3424 4007 αὐτὸν
3471 3954 3577 4008 ὑπὸ
3627 3951 3735 4005 τῶν

1666 4065 1901 4124 VETUS
1937 4066 2513 4124 INTERPRETATIO.

464 4165 532 4243 ex
562 4152 916 4238 perversitate
966 4158 1187 4242 malitia)
1212 4168 1297 4215 est
1336 4160 1644 4243 introducta
1689 4173 1843 4220 extra
1882 4173 2135 4220 naturam
2168 4164 2330 4243 facta.
2385 4163 2525 4219 Puto
2580 4173 2762 4243 autem
2802 4174 3036 4243 propter
3086 4163 3498 4243 perversitatem
3522 4230 3535 4243 .
3564 4161 3729 4243 totius

469 4222 690 4304 humani
716 4227 952 4304 generis,
988 4231 1428 4304 quasigraratus
1458 4233 1664 4288 malitia
1686 4249 1890 4304 eorum
1918 4246 1972 4291 et
2002 4237 2418 4291 conversatione
2448 4251 2571 4290 cum
2600 4237 2680 4289 eis
2705 4222 2843 4289 dixit
2868 4253 2882 4289 :
2913 4222 2933 4286 ἑ
2964 4222 3257 4304 Usquequo
3285 4242 3381 4304 ero
3407 4230 3731 4304 vobiscum?

463 4291 984 4378 Quous‘qu'eupatiar
1008 4291 1126 4378 'vos
1145 4291 1216 4378 {f3
1249 4299 1574 4378 __Videat_nus
1624 4303 1788 4358 etiam
1825 4305 1966 4378 illud
2011 4306 2156 4378 quod
2191 4306 2361 4361 dicit:
2394 4323 2412 4378 ς
2444 4304 2559 4360 Hoc
2605 4319 2777 4378 genus
2809 4318 2939 4378 non
2981 4291 3200 4378 eiicitur
3230 4302 3356 4378 _nisi
3404 4301 3461 4356 in
3503 4301 3728 4371 jejuuiis

463 4374 519 4417 et
548 4364 926 4454 orationibus;
957 4386 975 4417 ι
1023 4375 1078 4420 et
1123 4369 1508 4449 si_aliquando
1556 4374 1864 4454 oportuerit
1906 4391 2008 4430 nos
2028 4364 2197 4431 .circa
2243 4376 2581 4454 curationem
2605 4364 2746 4454 “tale
2773 4374 2977 4454 aliquid
3013 4364 3340 4454 patientium
3386 4364 3726 4454 permanere,

464 4448 572 4514 non
610 4435 949 4515 adjuremus,
978 4435 1608 4515 nequeinterrogemus,
1632 4458 1806 4515 neque
1832 4444 2124 4515 loquamur
2157 4447 2315 4515 quasi
2343 4444 2584 4500 audienti
2617 4445 2831 4513 spiritui
2854 4435 3186 4515 immundo:
3224 4440 3320 4515 sed
3349 4435 3728 4515 permanentes

463 4503 897 4629 intonationinus
927 4515 983 4560 et
1005 4503 1232 4578 jejuuiis
1264 4503 1619 4578 impetremus
1644 4503 1868 4580 patienti
1896 4503 2126 4571 salutem
2166 4503 2197 4569 εἰ
2229 4515 2359 4580 Deo,
2394 4524 2449 4570 et
2484 4503 2770 4585 abigainus
2791 4513 3020 4585 jejuniis
3052 4522 3106 4568 et
3139 4503 3489 4567 orationibus
3521 4510 3726 4567 nostris

463 4588 595 4629 sum
625 4591 689 4629 us
718 4591 805 4629 ma
833 4591 1009 4629 ianos.

463 4576 689 4646 spiritus
712 4576 1009 4646 malignos.

534 4644 588 4698 8.
639 4662 659 4695 ι
687 4644 1154 4719 Conversantibus
1193 4658 1374 4704 autem
1428 4650 1535 4705 illis
1578 4650 1632 4705 in
1665 4651 1909 4719 Galilaza,
1942 4653 2082 4709 dixit
2123 4655 2205 4711 eis
2229 4650 2435 4710 Iesus:
2474 4649 2744 4709 Futurqu
2781 4661 2864 4707 est
2903 4661 2963 4708 ut
2987 4651 3159 4710 Filius
3192 4651 3435 4708 hominis
3482 4650 3728 4707 tradatur

463 4713 520 4794 in
549 4729 745 4794 manus
783 4717 1096 4794 hominum,
1125 4719 1464 4776 et'occident
1501 4732 1738 4794 enimet
1766 4713 1907 4792 post'
1932 4726 2152 4794 tertium
2193 4726 2337 4780 diem
2381 4734 2668 4794 resurget,
2691 4723 2757 4778 Et
2788 4724 3093 4779 contristati
3137 4731 3268 4778 sunt
3297 4724 3668 4794 vehementer,
3699 4740 3721 4773 ι

463 4780 531 4864 _Et
558 4784 726 4864 paulo
753 4788 1006 4864 superius
1046 4780 1251 4864 dictum
1278 4798 1364 4845 est
1387 4810 1408 4864 :_
1450 4810 1469 4843 ι
1500 4780 1707 4864 Exinde
1737 4780 1903 4864 c'cnpit
1930 4792 2091 4850 Iesus
2116 4795 2404 4850 ostendere
2441 4780 2725 4863 discipulis
2759 4794 2896 4859 suis,
2930 4795 3190 4864 quoniam
3242 4803 3457 4864 oportet
3491 4791 3729 4864 eumire

464 4853 516 4936 δ’)
547 4853 951 4936 _Hi??°59,‘Yma.
984 4870 1038 4914 ει
1087 4861 1414 4936 multa_pati_
1440 4877 1472 4936 a
1514 4853 1862 4936 senioribus,
1897 4874 1966 4936 ~et
2010 4865 2352 4936 principibus
2398 4853 2744 4936 sacerdotum
2767 4853 2893 4936 ,Het'
2936 4853 3133 4936 scribis
3178 4853 3382 4936 populi,
3427 4871 3484 4918 et
3529 4860 3729 4936 occidi,

461 4934 514 5004 et
546 4923 706 4977 tertia
737 4923 824 5004 die
860 4941 1163 5004 resurgere.
1197 4950 1215 4982 ι
1265 4923 1330 4986 Εἰ
1365 4932 1619 5004 videntur
1644 4923 1863 5003 quidem
1896 4923 2027 4991 haec.
2044 4935 2152 4990 illis
2185 4923 2385 4991 similia
2420 4950 2562 5001 esse,
2599 4944 2659 4990 ut
2694 4923 2853 4989 facile
2893 4934 3018 5004 quis
3046 4923 3194 4989 dicat
3218 4923 3509 4988 Hominum
3537 4923 3728 4986 eadem

462 4994 580 5075 ipsa
614 4994 1077 5075 rfpetere._Quod
1123 5016 1231 5055 non
1258 5011 1356 5075 _est
1394 5002 1490 5075 ita.
1527 5001 1637 5058 Nec
1661 4994 1824 5058 'enim
1864 5005 1915 5059 id
1953 5006 2134 5075 ipsum
2172 5015 2288 5070 est,
2329 4994 2620 5061 ostendere
2655 4994 2940 5074 discipulis
2991 5004 3554 5075 tquonianroportet
3591 5017 3726 5075 eum

459 5065 539 5121 ire
566 5064 621 5119 in
651 5064 1051 5137 Hierosolyma,
1081 5077 1135 5125 et
1163 5071 1329 5126 multa
1359 5072 1501 5142 pati,
1526 5091 1545 5125 ι
1588 5081 1643 5128 ει
1665 5082 1858 5130 caetera
1888 5090 1902 5127 :
1933 5064 1989 5131 et
2012 5077 2195 5132 dicere
2217 5064 2498 5146 discipulis
2526 5077 2578 5130 in
2607 5064 2826 5131 Galilaea
2851 5064 3160 5130 constitutis
3190 5073 3335 5144 quod
3366 5064 3472 5128 non
3498 5072 3729 5127 dicimus

558 5232 602 5264 "
634 5230 652 5285 l
682 5233 812 5288 Cor.
849 5248 972 5300 xm,
1137 5237 1179 5268 ³³
1209 5234 1400 5292 Matth.
1427 5254 1559 5307 xvu,
1588 5239 1678 5294 20.
1755 5242 1798 5272 ¹⁶
1830 5241 1966 5297 Ibid.
1991 5241 2053 5297 2|

2171 5244 2212 5275 ¹⁷
2245 5241 2437 5297 Matth.
2476 5259 2588 5310 va,
2617 5241 2708 5298 21.

2141 5389 2397 5461 angelos;
2429 5399 2482 5445 et
2508 5391 2564 5444 in
2593 5389 2790 5446 larem.
2817 5407 2890 5456 LI,
2913 5390 3006 5455 95,
3045 5398 3281 5446 montem
3305 5390 3527 5461 exponit
3549 5389 3726 5461 Baby-

2142 5457 2343 5525 lonem,
2390 5469 2444 5517 et
2492 5462 2690 5517 deinde
2743 5461 3062 5525 diabolum;
3092 5470 3147 5517 et
3190 5462 3246 5515 iu
3294 5457 3489 5515 Ezeclr.
3544 5479 3619 5527 νι,
3663 5457 3721 5527 9,

2140 5530 2431 5602 optimates
2457 5542 2511 5587 et
2541 5532 2785 5587 eruditos
2813 5530 3085 5596 homines,
3118 5532 3263 5602 quod
3296 5533 3572 5588 emineant
3611 5545 3722 5602 prae

2141 5601 2373 5671 emeris,
2405 5612 2623 5671 montes
2647 5602 2907 5671 appellari
2938 5601 3149 5657 censet.
3176 5601 3441 5657 Hunnus.

2215 5670 2325 5741 (94)
2366 5673 2544 5727 Codex
2589 5670 2900 5737 Vatiéauus,
2935 5674 3059 5726 κατ’
3089 5673 3372 5743 ἀνάλογον.

460 5372 826 5454 ljieronymus
861 5382 916 5454 in
945 5378 1138 5454 Matth.
1166 5397 1298 5454 xvtt,
1339 5382 1430 5451 20,
1460 5393 1515 5441 et
1543 5387 1595 5441 in
1621 5403 1735 5453 xxi,
1769 5387 1863 5454 Ἣ,
1902 5397 1955 5442 et
1979 5389 2033 5442 in

458 5445 626 5529 ζαίίι.
660 5445 732 5516 ι’ν,
763 5451 817 5505 2.
844 5448 1012 5529 Δρριις
1047 5445 1759 5529 imperfectum'Euthymiu's
1790 5445 1862 5512 in,
1884 5458 2030 5512 Μαι-

460 5519 657 5597 thenm
684 5537 816 5587 xvn,
842 5521 934 5587 ‘20,
958 5533 1011 5577 et
1033 5519 1144 5597 xxi,
1170 5519 1232 5597 2]
1249 5564 1261 5576 .
1286 5526 1432 5597 Alias
1468 5519 1648 5583 tamén
1681 5530 1837 5584 aliter
1878 5545 2033 5584 mon-

461 5593 1244 5667 tes”interpretatur._velut_in
1278 5593 1477 5667 catena
1509 5597 1835 5667 Origeniana
1869 5599 2032 5654 Com-

463 5654 639 5708 heﬁsii
672 5654 910 5714 nondum
938 5662 1102 5726 edita,
1123 5660 1189 5715 ad
1212 5662 1347 5729 psal.
1373 5678 1495 5740 cxx,
1520 5667 1567 5732 l,
1584 5654 1795 5726 urentes
1814 5670 2030 5740 exponit
