4028 6296
280 418 412 474 "2|

1270 412 1631 469 COMMENT.
1681 410 1748 465 IN
1786 409 2207 466 MATTHAZUM
2247 411 2483 470 TOMUS
2511 412 2650 470 ΧΙΠ.

3402 423 3541 479 ΗΞΞ

276 536 372 592 τοῦ
402 536 524 605 ἔχον
564 533 659 604 τὴν
687 529 866 585 εἰκόνα
918 527 1195 599 Καίσαρος
1223 526 1484 598 νόμισμα,
1513 526 1609 580 καὶ
1639 525 1857 596 γένηται

1963 524 2285 593 appellatur,
2323 536 2382 580 ut
2412 527 2694 583 auferatur
2742 529 2810 583 ab
2854 529 2946 584 illo
2998 546 3256 588 nummus
3306 533 3541 591 Caesaris

277 629 336 681 ὲν
356 622 439 691 οἷς
468 627 517 679 οἱ
548 623 884 693 ἀλιευόμενοι
914 618 1018 673 ὑπὸ
1066 617 1175 671 τῶν
1216 617 1616 689 μεμαθηκότων
1649 615 1859 687 ἀνθρὼ-

280 734 415 780 πους
442 713 698 771 ἁλιεύειν.
746 711 804 764 '0
855 711 954 780 μὲν
996 704 1090 762 οὖν
1136 706 1274 778 ἔχων
1308 707 1376 760 τὰ
1417 706 1693 778 Καίσαρος
1725 706 1861 758 ἀπο-

276 810 468 863 διδότω
498 805 639 861 αὐτὰ
669 804 748 875 τῷ
770 803 1034 873 Καίσαρι,
1085 800 1173 853 ἵνα
1205 799 1341 871 μετά
1368 797 1526 852 τοῦτο
1555 797 1858 853 ἀποδιδόναι

276 898 479 971 δυνηθῇ
516 897 586 950 τά
623 895 717 949 τοῦ
768 892 904 948 Θεοῦ
944 892 1025 963 τῷ
1058 889 1197 961 Θεῷ.
1229 891 1383 943 Ἐπεί
1418 891 1476 944 δὲ
1507 888 1752 962 Ἰησοῦς,
1782 891 1861 942 εἱ-

278 989 391 1046 κὼν
410 988 487 1042 ὣν
510 987 604 1040 τοῦ
639 985 773 1039 Θεοῦ
819 984 915 1038 τοῦ
957 984 1212 1055 ἀοράτου,
1263 983 1364 1035 οὐκ
1406 978 1518 1053 εἶχε
1542 983 1645 1054 τὴν
1678 982 1860 1035 εἰκόνα

278 1082 373 1138 τοῦ
397 1083 696 1153 Καίσαρος,
758 1081 787 1133 ὁ
829 1079 938 1151 γὰρ
970 1080 1152 1150 ἄρχων
1193 1076 1289 1131 τοῦ
1325 1076 1520 1140 αἰῶνος
1549 1075 1741 1130 τούτου
1771 1076 1862 1128 οὑ-

276 1174 366 1228 δὲν
390 1171 532 1244 εἶχεν
560 1176 619 1226 ἐν
656 1171 825 1242 αὐτῷ,
874 1170 962 1224 διά
1004 1169 1163 1223 τοῦτο
1194 1170 1301 1223 ἀπὸ
1330 1168 1531 1222 οἰκείου
1560 1168 1725 1221 τόπου
1760 1167 1861 1237 τῆς

279 1265 558 1337 θαλάσσης
618 1265 718 1337 τὴν
778 1265 960 1317 εἰκόνα
989 1261 1266 1333 Καίσαρος
1298 1259 1585 1331 λαμϐάνει,
1638 1259 1724 1312 ἴνα
1786 1258 1862 1329 δῷ

275 1360 391 1423 τοῖς
418 1358 519 1427 τῆς
543 1355 649 1427 γῆς
677 1354 983 1426 βασιλεῦσιν
1021 1353 1141 1407 ἀντὶ
1161 1352 1323 1405 αὐτοῦ
1354 1351 1447 1405 καὶ
1483 1350 1578 1405 τοῦ
1619 1349 1859 1421 μαθητοῦ

279 1449 475 1514 αὐτοῦ,
497 1450 582 1503 ἵνα
611 1449 744 1521 μηδὲ
771 1445 1228 1516 ὑπολαμϐάνωσιν
1254 1447 1301 1500 οἰ
1328 1445 1398 1499 τὰ
1425 1446 1693 1517 δίδραχμα
1717 1444 1860 1516 λαμ-

281 1540 540 1603 ϐάνοντες
564 1536 848 1610 ὀφειλέτην
880 1537 1061 1591 αὐτῶν
1106 1530 1268 1598 εἶναι,
1304 1534 1398 1588 καὶ
1448 1534 1557 1587 τῶν
1601 1533 1861 1604 βασιλέων

278 1632 382 1701 τῆς
426 1630 531 1701 γῆς
553 1629 645 1683 τὸν
674 1626 898 1700 Ἰησοῦν·
933 1627 1183 1682 ἀπέδωκε
1212 1625 1320 1698 γὰρ
1356 1628 1456 1697 τὴν
1484 1625 1726 1696 ὀφειλὴν,
1760 1625 1861 1677 οὐκ

278 1719 570 1777 ἀναλαϐὼν
623 1721 813 1791 αὐτὴν,
871 1720 991 1773 οὐδὲ
1045 1717 1403 1789 κεκτημένος,
1456 1718 1575 1772 οὐδὲ
1608 1716 1859 1788 πορίσας,

278 1807 404 1867 οὐδὲ
443 1812 573 1866 ἴδιόν
620 1828 751 1865 ποτε
801 1812 1035 1882 ποιήσας
1088 1809 1260 1882 αὐτὴν
1306 1809 1511 1879 κτῆμα,
1564 1808 1653 1862 ⁶ἕνα
1694 1808 1859 1879 μηδέ-

1959 614 2250 685 imaginem
2292 632 2402 686 prae
2432 633 2491 671 se
2530 617 2732 680 ferens,
2769 629 2822 674 et
2863 622 3005 676 inter
3035 636 3130 677 eos
3170 635 3537 691 rerenseatur,

1959 704 2013 758 in
2039 707 2241 774 quibus
2274 706 2309 759 ii
2349 721 2489 776 quos
2519 706 2779 776 piscando
2821 719 3083 779 ceperunt
3122 712 3216 781 qui
3258 713 3536 769 hominum

1958 795 2346 865 piscandorum
2392 797 2659 851 rationem
2706 798 2883 853 edocti
2924 808 3074 855 sunt.
3114 799 3376 871 Quisquis
3407 819 3539 873 ergo

1960 887 2123 941 habet
2150 902 2272 957 quae
2297 898 2425 943 sunt
2454 888 2709 953 Caesaris,
2747 891 2938 946 reddat
2966 909 3030 948 ca
3064 892 3290 961 Caesari,
3326 905 3386 951 ut
3417 912 3540 966 qua:

1960 976 2054 1032 Dei
2101 988 2231 1033 sunt
2279 981 2505 1036 reddere
2555 981 2665 1037 Deo
2717 984 2913 1038 deinde
2958 986 3222 1055 possit“.
3268 987 3537 1054 Quouiam

1960 1077 2144 1123 autem
2176 1069 2334 1126 Jesus
2380 1074 2473 1140 qui
2510 1071 2602 1126 Dei
2657 1074 2760 1128 sub
2793 1074 3077 1129 oculorum
3114 1088 3395 1146 aspectum
3426 1095 3534 1134 nou

1960 1157 2204 1212 cadentis
2234 1158 2414 1230 imago
2434 1167 2538 1225 est,
2562 1159 2795 1216 Caesaris
2826 1163 3113 1233 imaginem
3137 1179 3245 1218 non
3272 1165 3535 1232 habebat;

1963 1246 2097 1301 nihil
2134 1248 2277 1302 enim
2308 1249 2362 1303 in
2388 1265 2456 1305 eo
2484 1258 2602 1305 erat
2634 1253 2777 1321 quod
2805 1254 2870 1307 ad
2896 1252 3057 1323 585
3096 1254 3396 1325 principem
3431 1273 3536 1314 sae-

1960 1338 2068 1392 culi
2117 1338 2281 1406 hujus
2315 1341 2639 1409 pertineret;
2680 1353 2965 1413 propterea
3011 1360 3076 1398 ex
3127 1345 3324 1402 idoneo
3371 1350 3541 1406 maris

1961 1430 2083 1485 loco
2106 1431 2339 1485 Caesaris
2362 1433 2649 1502 imaginem
2676 1435 2967 1505 depromit,
2998 1453 3161 1506 quam
3184 1455 3281 1509 pro
3307 1456 3389 1505 se,
3417 1456 3541 1498 suo-

1960 1535 2067 1589 que
2094 1520 2364 1590 discipulo
2394 1524 2613 1592 regibus
2644 1533 2805 1579 terra;
2853 1527 3091 1595 pendat;
3142 1547 3209 1584 ne
3258 1530 3398 1587 forte
3442 1534 3537 1603 qui

1961 1613 2279 1668 didracbma
2313 1625 2543 1684 cogunt,
2575 1614 2735 1671 suum
2767 1631 2888 1672 esse
2917 1619 3218 1676 debitorem
3247 1620 3457 1691 Iesum,
3485 1636 3540 1681 et

1963 1720 2150 1774 regum
2201 1714 2360 1760 terrae
2406 1714 2595 1774 putent
2624 1724 2639 1762 :
2669 1707 2913 1763 debitum
2948 1711 3094 1764 enim
3144 1727 3218 1767 aes
3254 1717 3536 1783 persolvit,

1963 1812 2085 1853 cum
2122 1800 2251 1853 illud
2285 1799 2338 1853 in
2375 1815 2570 1854 manus
2604 1816 2712 1855 non
2743 1804 3090 1872 sumpsisset,
3133 1821 3309 1877 neque
3349 1823 3536 1877 posse-

281 1921 414 1960 ποτε
437 1907 471 1976 ὴ
502 1903 780 1975 Καίσαρος
828 1900 992 1957 εἰκὼν
1091 1900 1244 1975 παρά
1274 1904 1341 1973 τῇ
1382 1901 1550 1956 εἰκόνι
1594 1900 1689 1954 τοῦ
1720 1899 1856 1954 Θεοῦ

1962 1887 2151 1956 disset,
2181 1905 2357 1960 neque
2387 1891 2786 1960 acquisivisset,
2827 1910 3003 1965 neque
3046 1896 3264 1954 fecisset
3294 1915 3533 1969 unquam

281 1993 378 2045 τοῦ
407 1996 660 2068 ἀοράτου.

347 2172 456 2226 Καὶ
494 2171 613 2223 κατ’
639 2169 796 2223 ἄλλον
824 2169 882 2223 δὲ
908 2169 1109 2241 τρόπον
1136 2168 1352 2240 λεχθείη
1376 2185 1391 2199 ο
1430 2169 1548 2221 Εἰσί
1573 2184 1719 2231 τινες
1748 2166 1857 2219 τῶν

285 2260 545 2330 βασιλέων
583 2262 684 2332 τῆς
727 2260 832 2331 γῆς
880 2261 1004 2323 υἱοὶ,
1054 2261 1148 2314 καὶ
1172 2260 1271 2331 οὐχ
1309 2260 1415 2313 υἱοὶ
1456 2260 1666 2321 αὐτῶν,
1719 2259 1857 2330 πλὴν

278 2353 406 2415 uici,
435 2353 528 2406 καὶ
566 2350 980 2420 ἀπολελυμένως
1011 2351 1117 2403 υἰοί
1136 2368 1149 2380 ·
1181 2350 1357 2422 ἕτεροι
1390 2351 1446 2404 δὲ
1465 2390 1480 2413 ,
1515 2349 1603 2403 διὰ
1634 2350 1694 2402 τὸ
1718 2345 1857 2402 εἶναι

278 2443 547 2516 ἀλλότριοι
584 2444 692 2496 τῶν
732 2441 862 2495 υἰῶν
893 2441 1002 2495 τῶν
1045 2441 1307 2511 βασιλέων
1343 2441 1442 2511 τῆς
1474 2441 1600 2511 γῆς,
1648 2440 1860 2503 οὐδενὸς

281 2536 383 2608 μὲν
407 2537 515 2589 τῶν
545 2535 637 2589 ἐπὶ
669 2534 773 2606 γῆς
792 2534 896 2586 υίοί
915 2575 929 2598 ,
964 2534 1095 2587 αὐτὸ
1123 2533 1180 2587 δὲ
1209 2531 1368 2587 τοῦτο
1395 2533 1521 2594 υἱοὶ,
1547 2533 1665 2603 ἦτοι
1686 2532 1743 2585 δὲ
1762 2532 1858 2585 τοῦ

277 2629 435 2691 Θεοῦ,
464 2628 496 2699 ἦ
527 2628 621 2680 τοῦ
655 2624 789 2680 Υἰοῦ
824 2625 1011 2687 αὐτοῦ,
1039 2626 1073 2696 ἡ
1097 2643 1241 2687 τινος
1264 2622 1373 2679 τῶν
1398 2623 1493 2677 τοῦ
1528 2623 1684 2677 Θεοῦ.
1733 2624 1859 2678 Ἐἀν

275 2715 373 2773 οὖν
410 2722 439 2773 ὁ
470 2719 660 2790 Σωτὴρ
706 2716 1043 2788 πυνθάνηται
1086 2713 1179 2768 τοῦ
1218 2714 1426 2785 Πέτρου
1470 2712 1677 2781 λέγων’
1730 2731 1749 2764 ι
1795 2712 1859 2765 Oi

282 2811 521 2882 βασιλεῖς
545 2810 645 2880 τῆς
674 2809 779 2879 γῆς
806 2808 912 2862 ἀπὸ
944 2808 1106 2869 τίνων
1128 2801 1463 2876 λαμϐάνουσι
1499 2805 1626 2876 τέλη
1662 2805 1696 2877 ἢ
1725 2805 1859 2876 κῆν-

282 2919 407 2966 σονς
441 2901 549 2976 ἀπὸ
574 2901 681 2953 τῶν
714 2900 856 2954 ἰδίων
881 2898 1011 2952 υἱῶν
1034 2939 1048 2962 ,
1077 2898 1108 2970 ἦ
1150 2898 1256 2952 ἀπὸ
1285 2896 1395 2950 τῶν
1435 2896 1727 2968 ἀλλοτρίων
1759 2897 1859 2950 αὐ-

278 2995 430 3061 τῶν;
483 3015 500 3046 ι
548 2995 790 3060 εἰπόντος
834 2994 891 3048 δὲ
935 2993 1029 3047 τοῦ
1074 2992 1304 3064 Πέτρου,
1341 2992 1422 3045 ὅτι
1453 2993 1555 3046 οὐκ
1597 2991 1705 3045 ἀπὸ
1750 2991 1860 3045 τῶν

281 3086 430 3139 ἰδίων
467 3087 618 3146 υἱῶν,
650 3085 767 3138 ἀλλ’
809 3103 828 3135 ι
875 3084 984 3137 ἀπὸ
1009 3083 1117 3136 τῶν
1145 3081 1439 3153 ἀλλοερίων
1478 3100 1497 3133 ι
1525 3080 1725 3145 αὐτῶν,
1756 3099 1861 3153 φη-

278 3179 364 3233 σὶν
389 3180 418 3231 ό
461 3176 668 3248 Ἰησοῦς
702 3175 830 3247 περί
861 3173 1064 3227 τούτων
1099 3173 1293 3235 οἵτινες
1324 3170 1595 3241 ἀλλότριοι
1627 3171 1731 3224 εἰσι
1750 3171 1858 3226 τῶν

280 3265 542 3339 βασιλέων
556 3266 657 3336 τῆς
671 3266 795 3337 γῆς,
820 3265 915 3318 καὶ
935 3263 1023 3318 sit
1048 3263 1108 3316 τὸ
1129 3258 1268 3316 εἶναι
1288 3261 1580 3334 ἐλεύθεροι,
1603 3262 1710 3314 υίοὶ
1732 3280 1861 3331 τυγ-

277 3358 538 3429 χάνουσι,
583 3357 676 3409 τό·
731 3375 748 3407 ι
790 3355 932 3426 ’Ἄρα
970 3371 1033 3423 γε
1084 3352 1357 3422 ἐλεύθεροί
1404 3354 1541 3405 εἰσιν
1574 3354 1622 3406 οἰ
1655 3353 1783 3417 υἱοὶ,
1834 3373 1853 3405 ι

277 3448 381 3501 οὐκ
428 3445 700 3517 ἐλεύθεροι
738 3445 846 3516 γὰρ
885 3447 933 3498 οἰ
987 3445 1092 3499 υἰοὶ
1137 3444 1246 3497 τῶν
1292 3442 1560 3515 βασιλέων
1596 3443 1695 3516 τῆς
1719 3444 1856 3515 γῆς’

286 3555 304 3586 ι
346 3537 467 3588 ἐπεὶ
503 3535 610 3597 πᾶς
642 3536 672 3587 ό
705 3534 873 3588 ποιῶν
904 3533 1002 3606 τὴν
1036 3533 1310 3605 ἁμαρτίαν
1335 3533 1520 3597 δοῦλος
1547 3533 1648 3603 τῆς
1681 3535 1861 3606 ἀμαρ-

276 3627 399 3690 τῖας
436 3628 615 3679 ἐστίν’
660 3645 679 3678 ι
709 3624 983 3697 ἐλεύθεροι
1014 3624 1071 3677 δὲ
1111 3625 1160 3678 οἱ
1194 3625 1478 3696 μείναντες
1519 3627 1589 3694 τῇ
1633 3625 1862 3697 ἀληθείᾳ

276 3715 373 3769 τοῦ
407 3716 565 3784 λόγου
601 3714 696 3769 τοῦ
735 3712 870 3768 Θεοῦ
889 3753 905 3781 ,
936 3713 1029 3766 καὶ
1061 3711 1149 3767 διὰ
1173 3711 1328 3765 τοῦτο
1361 3711 1579 3781 γνόντες
1603 3710 1701 3781 τὴν
1732 3710 1863 3782 ἁλή-

1964 1981 2243 2053 pmprium
2274 1992 2333 2037 ut
2361 1993 2508 2039 esset
2540 1984 2667 2048 sibi,
2696 2001 2764 2040 ne
2803 2002 3042 2056 unquam
3073 1991 3214 2058 apud
3246 1991 3534 2062 imaginem

1963 2088 2071 2129 non
2102 2076 2449 2145 aspectabilis
2477 2075 2572 2130 Dei
2602 2074 2782 2148 imago
2812 2078 3048 2136 Caesaris
3081 2081 3358 2139 habeatur.

2035 2164 2123 2217 ll.
2171 2164 2293 2218 Alio
2339 2166 2500 2219 etiam
2541 2165 2706 2220 modo
2754 2167 2807 2221 id
2849 2169 3106 2238 explicari
3155 2181 3533 2242 potest:sunt

1963 2255 2183 2325 quidam
2201 2271 2390 2326 regum
2419 2267 2577 2311 terra:
2600 2256 2715 2324 lilii,
2743 2274 2842 2314 nec
2872 2276 3061 2316 eorum
3088 2272 3268 2319 tamen
3295 2265 3411 2331 lilii,
3440 2267 3534 2322 sed

1965 2346 2062 2400 ﬁlii
2115 2355 2170 2401 et
2218 2346 2465 2402 absolute
2497 2348 2593 2403 ﬁlii
2631 2367 2645 2404 :
2680 2350 2771 2403 alii
2823 2361 3026 2417 autem,
3071 2353 3217 2424 quod
3262 2370 3294 2409 a
3345 2371 3536 2426 regum

1966 2444 2126 2490 terra:
2151 2437 2278 2492 ﬁliis
2312 2438 2512 2493 diversi
2542 2439 2670 2506 sint,
2702 2441 2907 2497 nullius
2933 2458 2998 2497 ex
3029 2443 3096 2499 iis
3124 2445 3218 2514 qui
3243 2460 3407 2516 supra
3431 2457 3532 2502 ter-

1965 2544 2082 2583 ram
2116 2530 2319 2608 degunt
2340 2531 2435 2585 lilii
2468 2541 2616 2598 sunt,
2647 2533 2741 2587 sed
2785 2543 3006 2604 propter
3056 2536 3159 2593 hoc
3212 2538 3390 2608 ipsum
3440 2542 3535 2597 ﬁlii

1966 2630 2095 2676 sunt
2147 2621 2230 2675 vel
2282 2603 2398 2688 Dei,
2435 2622 2518 2676 vel
2562 2622 2735 2692 ipsius
2778 2603 2936 2692 Filii,
2984 2626 3067 2681 vel
3107 2603 3338 2700 alicujus
3374 2646 3407 2686 e
3441 2631 3536 2685 Dei

1966 2710 2111 2785 ﬁliis.
2141 2710 2198 2765 Si
2224 2727 2356 2783 ergo
2378 2711 2599 2767 Petrum
2635 2714 2929 2787 interroget
2956 2716 3210 2775 Servatur
3237 2722 3424 2780 dicens
3445 2725 3491 2756 ⁸⁵
3518 2744 3531 2780 :

1973 2817 1991 2851 ι
2021 2798 2198 2870 Reges
2229 2809 2390 2856 terra:
2418 2817 2448 2856 a
2480 2803 2681 2872 quibus
2704 2805 2982 2876 accipiunt
3008 2809 3268 2865 tributum
3298 2814 3381 2867 vel
3407 2829 3535 2870 ceu-

1966 2891 2135 2945 sum?
2165 2906 2196 2945 a
2227 2891 2353 2948 ﬁliis
2399 2893 2546 2959 suis,
2586 2909 2653 2949 an
2689 2895 2759 2949 ab
2795 2896 3034 2953 alienis?
3064 2919 3083 2951 ι
3121 2906 3537 2973 οιτοεροιιιιοιιι

1965 2981 2181 3050 Petrus,
2215 3000 2324 3038 non
2357 3000 2387 3038 a
2416 2985 2564 3051 ﬁliis,
2598 2988 2691 3041 sed
2733 3006 2752 3039 ι
2786 2989 2854 3042 ah
2885 2990 3117 3057 alienis;
3152 3012 3171 3047 ι
3208 2995 3276 3049 de
3306 2997 3391 3052 his
3439 2999 3533 3067 qui

1965 3088 2119 3144 reges
2148 3083 2305 3129 terra:
2336 3077 2660 3146 cognatione
2699 3093 2821 3132 non-
2846 3080 3141 3151 attingunt,
3169 3093 3223 3137 ct
3250 3095 3535 3156 propterea

1965 3165 2111 3234 quod
2149 3166 2302 3221 liberi
2334 3175 2480 3230 sunt,
2509 3167 2604 3232 ﬁlii
2639 3178 2789 3234 sunt,
2831 3170 2908 3225 ait
2939 3170 3198 3229 Servator
3220 3174 3302 3231 “z
3349 3194 3371 3229 ι
3398 3176 3541 3249 Ergo

1966 3254 2121 3311 liberi
2153 3264 2281 3311 sunt
2313 3256 2427 3323 ﬁlii,
2460 3276 2478 3309 ι
2509 3273 2616 3312 non
2650 3258 2797 3313 enim
2832 3261 2986 3316 liberi
3036 3276 3164 3318 sunt
3209 3265 3302 3320 ﬁlii
3350 3281 3536 3337 regum

1967 3356 2124 3403 terra:
2151 3365 2166 3414 ;
2200 3367 2219 3398 ι
2248 3349 2378 3416 quia
2406 3350 2586 3405 omnis
2611 3351 2702 3421 qui
2732 3352 2863 3429 facit
2885 3344 3187 3423 peccatum,
3221 3373 3412 3414 servus
3454 3370 3539 3416 est

1967 3438 2173 3507 peccati
2199 3440 2284 3505 ἰτς
2320 3458 2339 3492 ι
2382 3440 2537 3496 liberi
2567 3452 2747 3496 autem
2802 3453 2948 3510 sunt,
2985 3446 3077 3514 qui
3122 3440 3538 3516 pet-manserunt

1967 3528 2020 3583 in
2055 3531 2284 3585 veritate
2329 3534 2603 3589 sermonis
2636 3533 2752 3600 Dei,
2784 3544 2839 3589 et
2866 3539 3144 3592 veritatem
3193 3539 3396 3596 idcirco
3444 3558 3539 3597 eo-

1969 3630 2298 3689 guoverunt,
2355 3632 2413 3676 ιιι
2459 3623 2611 3679 illius
2652 3639 2754 3694 ope
2796 3626 3062 3682 libertatis
3105 3639 3385 3700 compotes
3439 3633 3537 3687 fie-

1969 3719 2088 3765 rent
2114 3711 2179 3765 ⁸⁸.
2212 3711 2268 3764 Si
2303 3712 2428 3781 quis
2457 3728 2587 3784 ergo
2621 3714 2766 3772 lilius
2793 3725 2874 3771 est
2908 3720 3305 3787 tantummodo,
3340 3731 3392 3775 et
3428 3739 3535 3779 non

1479 3827 1712 3884 VETUS
1751 3827 2332 3885 INTERPRETATIO.

279 3927 411 3981 dant
443 3927 731 4005 tributum,
762 3925 845 3981 vel
858 3941 1121 4005 censum,
1150 3924 1323 4005 etnalii
1351 3923 1927 4005 praeterlilioseorum
1958 3925 2201 4005 εχιτ-ιιιιοί
2232 3941 2263 4005 a
2297 3926 2515 4005 regibus
2541 3941 2720 3995 teme,
2761 3946 2825 3985 ex
2855 3930 3055 4005 quibus
3077 3934 3354 4004 accipiunt
3380 3948 3535 4005 reges

283 4006 441 4052 terra;
473 3992 758 4062 tributum,
789 3996 872 4050 vel
906 4011 1152 4051 censum.
1196 3992 1437 4074 Et_stint
1457 3992 1567 4074 lilii
1597 3993 1828 4074 quidem
1873 4009 2061 4074 eorum
2093 3994 2257 4049 liberi.
2282 3992 2424 4065 apud
2460 4013 2615 4074 reges
2645 3992 2821 4074 terrae,
2853 3992 2997 4056 sicut
3028 4006 3168 4073 apud
3195 3992 3374 4074 patres
3398 3992 3489 4059 lilii
3520 4024 3533 4059 :

280 4067 528 4121 extranei
566 4075 748 4121 autem
776 4076 1165 4145 extrlauterram
1195 4063 1415 4145 quidem
1457 4063 1610 4145 liberi
1630 4063 1787 4127 sunt,
1823 4072 2045 4145 propter
2071 4079 2165 4145 eos
2201 4063 2382 4145 aptém
2408 4067 2500 4135 qui
2532 4063 2885 4145 dominantur
2911 4063 3126 4145 eorum,
3148 4063 3211 4145 ρι’
3226 4075 3539 4145 deprimunt

279 4151 399 4214 eos,
439 4137 581 4191 sicut
610 4134 859 4214 ﬂgyptii
886 4131 1237 4214 ﬁliosrlsrael‘,
1271 4134 1430 4214 servi.
1459 4131 1852 4214 Propter-quos
1881 4131 2197 4214 servientes,
2224 4131 2458 4214 formam
2499 4136 2649 4214 servi
2672 4140 2913 4210 suscepit
2941 4131 3123 4198 Filius
3146 4142 3260 4205 Dei,
3291 4131 3382 4214 qui
3413 4144 3538 4197 nul-

280 4208 392 4260 lum
426 4220 564 4275 opus
607 4201 1305 4280 fecitiluteumet‘servilez
1327 4201 1495 4280 Quasi
1530 4201 1663 4280 ergo
1698 4202 1905 4257 habens
1937 4201 2166 4280 formam
2202 4204 2342 4258 servi
2385 4204 2530 4260 illius
2566 4201 2852 4280 tributum'
2873 4218 2929 4265 et
2970 4226 3195 4266 censum
3227 4201 3393 4280 dedit,
3426 4229 3534 4267 noti

281 4275 426 4330 aliud
445 4270 513 4330 ab
531 4291 596 4331 eo
612 4275 757 4352 quod
778 4273 1244 4352 dedit_discipulus
1259 4270 1378 4339 ejus
1404 4291 1418 4352 _:
1444 4270 1723 4352 ipseenim
1748 4280 1917 4352 stater
1937 4271 2253 4352 sudicjebat,
2292 4282 2346 4328 et
2366 4290 2534 4352 unum
2560 4277 2830 4352 munisma
2857 4280 3002 4349 quod
3025 4281 3255 4337 dabatur
3277 4270 3534 4352 pro'Jesu

279 4354 330 4400 et
357 4360 453 4417 pro
473 4340 739 4417 discipulo
756 4345 896 4417 ejus.
923 4343 1034 4398 Hoc
1059 4340 1238 4417 autem
1266 4340 1538 4417 nomisma
1565 4342 1629 4417 in_
1639 4341 1805 4417 domo
1827 4342 2043 4411 quidem
2072 4340 2197 4417 {esu
2223 4359 2334 4417 non
2359 4354 2497 4408 erat,
2523 4346 2573 4398 iu
2598 4347 2732 4401 mari
2757 4340 2935 4403 autem
2973 4359 3109 4417 erat,
3150 4362 3206 4408 et
3228 4340 3344 4408 erat
3367 4353 3419 4406 in
3442 4367 3538 4407 ore

318 4416 330 4426 “
357 4412 446 4471 eis
467 4412 664 4471 marini
680 4412 860 4484 :quem
879 4414 1056 4484 ipsum
1087 4412 1287 4481 piscem
1312 4413 1547 4467 arbitror
1565 4412 1870 4480 adjuratum
1894 4412 2205 4466 ascendisse
2220 4414 2521 4468 adibamum
2544 4417 2713 4479 Petri,
2736 4426 2790 4471 et
2809 4412 3258 4488 comprehensum
3282 4424 3428 4476 abeo
3442 4421 3537 4492 qui

280 4430 564 4538 fulminum
587 4485 826 4538 piscator
842 4484 1020 4538 fuerat
1040 4481 1239 4538 factus.
1272 4481 1325 4535 in
1350 4481 1549 4538 quibus
1576 4489 1695 4536 erat
1723 4482 1816 4538 aui
1848 4496 1993 4535 nunc
2020 4482 2296 4537 moraliter
2313 4484 2511 4538 dicitur
2532 4486 2720 4538 niseis.
2756 4500 2809 4538 ut
2845 4490 3062 4538 tollatur
3084 4492 3151 4538 ah
3172 4507 3237 4538 eo
3263 4492 3535 4538 mimisma

321 4500 356 4541 0

360 4485 564 4540 minum

627 4481 826 4541 iscator
842 4481 1020 4538 fuerat
1040 4481 1239 4546 factus,
1272 4481 1325 4535 in
1350 4481 1549 4550 quibus
1576 4489 1695 4536 erat
1723 4482 1816 4550 qui
1848 4496 1993 4535 nunc
2020 4482 2296 4537 moraliter
2313 4484 2511 4538 dicitur
2532 4486 2720 4550 piscis.
2756 4500 2809 4541 ut
2845 4481 3062 4544 tollatur
3084 4492 3151 4545 ab
3172 4507 3237 4545 eo
3263 4481 3536 4546 nomisma

280 4554 429 4641 quod
454 4551 687 4641 habebat
706 4554 995 4641 imaginem
1024 4551 1278 4641 llaesarls,
1303 4560 1359 4641 et
1391 4551 1487 4641 ﬁat
1517 4551 1784 4641 intereas
1803 4551 1901 4641 qui
1936 4551 2127 4641 piscati
2162 4561 2468 4641 spurcum.

2559 4556 2610 4608 ui
2641 4557 2952 4629 ergohabet
2979 4576 3100 4629 qua:
3127 4571 3254 4615 sunt
3277 4561 3532 4625 Caesaris,

277 4619 478 4700 Caesari
503 4640 567 4679 ea
598 4619 1127 4700 reddatfutposthac
1149 4621 1566 4700 valeat_re_dd_ere
1586 4619 1698 4700 _Dco
1723 4635 1846 4689 qua:
1876 4619 2002 4700 sunt
2028 4620 2142 4676 Dei.
2165 4620 2432 4687 Quoniam
2460 4619 2617 4700 Jesus
2644 4619 2748 4700 no'n
2770 4626 2959 4682 habuit
2983 4619 3267 4700 imaginem
3280 4619 3533 4694 Caesaris,

279 4695 534 4762 princeps
565 4695 711 4748 enim
744 4690 926 4748 sazculi
962 4691 1123 4760 hujus
1154 4690 1290 4744 nihil
1323 4690 1558 4762 habebat
1584 4691 1638 4762 in
1669 4705 1755 4753 eo,
1785 4699 2067 4759 propterea
2111 4704 2217 4744 non
2248 4706 2313 4746 ex
2352 4694 2592 4762 proprio,
2624 4696 2717 4749 sed
2741 4712 2806 4750 ex
2836 4690 3176 4754 convenienti
3210 4700 3330 4755 loco
3363 4690 3533 4756 maris

280 4760 571 4839 imaginem
602 4761 847 4839 Cresaris
881 4763 1088 4832 accepit
1110 4774 1261 4827 eam,
1291 4769 1353 4839 ιιι
1373 4760 1465 4839 det
1490 4760 1712 4829 regibus
1751 4769 1909 4839 Iertae
1935 4775 2033 4830 pro
2070 4776 2160 4839 se,_
2183 4769 2238 4839 et
2265 4760 2365 4839 pro
2392 4760 2660 4839 discipulo
2689 4781 2810 4831 suo,
2854 4777 2910 4822 ut
2940 4783 3039 4839 nec
3077 4770 3410 4824 arbitrentur
3437 4769 3532 4839 qui

279 4829 598 4887 didrachma
626 4832 989 4909 accipiebant,
1011 4829 1140 4887 esse
1171 4846 1295 4884 eum
1323 4829 1621 4909 debitorem
1648 4844 1830 4909 regum
1848 4829 2034 4909 terra),
2068 4831 2245 4909 reddit
2266 4829 2411 4886 enim
2441 4829 2676 4909 debitam
2704 4829 2810 4888 non
2847 4838 3161 4909 suscipiens
3183 4855 3330 4906 eum,
3359 4829 3534 4909 neque

280 4902 591 4983 possideris,
626 4899 800 4983 neque
833 4902 1146 4972 acquirens,
1171 4914 1345 4970 neque
1374 4899 1583 4954 faciens
1609 4915 1735 4953 eum
1761 4899 1862 4953 sibi
1887 4900 2311 4970 possessionem,
2341 4911 2402 4956 ιιι
2427 4917 2496 4957 ne
2517 4905 2589 4959 sit
2609 4904 2902 4973 aliquando
2926 4899 3105 4978 imago
3127 4899 3359 4965 Caesaris
3384 4899 3529 4979 apud

278 4969 607 5027 invisibilem
641 4969 829 5026 Deum.

353 5043 438 5095 Η.
483 5041 585 5096 Ista
613 5042 854 5096 diximus
882 5040 1181 5097 secundum
1232 5038 1689 5110 unummodum,
1726 5038 1983 5110 quoniam
2032 5040 2299 5110 duplicem
2346 5057 2565 5097 sensum
2614 5042 2777 5097 habet
2822 5043 2909 5098 hic
2946 5060 3146 5103 sermo.
3206 5045 3520 5104 Secunde-ut

278 5112 510 5166 alterum
543 5125 724 5165 autem
760 5111 1024 5187 talia__d_ici
1053 5117 1302 5177 possunt.
1338 5106 1598 5187 Filiorum
1636 5118 1767 5187 sunt
1790 5109 2010 5187 quidam
2051 5106 2144 5163 lilii
2179 5127 2367 5187 regum
2399 5122 2555 5166 terra:
2585 5130 2598 5165 :
2631 5113 2721 5166 alii
2752 5122 2933 5187 autem
2966 5127 3186 5187 propter
3215 5120 3319 5173 hoc
3352 5119 3530 5187 ipsum

279 5182 425 5249 quod
456 5182 616 5236 alieni
646 5193 773 5236 sunt
800 5197 830 5236 a
866 5180 995 5234 ﬁliis
1022 5194 1204 5250 regum
1242 5186 1418 5250 terrae,
1442 5177 1654 5250 nullius
1679 5178 1895 5250 quidem
1920 5193 2121 5250 eorum
2150 5177 2398 5250 qui'sunt
2428 5197 2592 5250 super
2626 5192 2825 5236 terram
2862 5177 3129 5247 libi-sunt.
3167 5192 3257 5243 sed
3285 5177 3386 5242 aut'
3411 5187 3528 5247 Dei,

280 5246 380 5304 aut
407 5250 529 5305 Filii
564 5252 683 5317 Dei,
718 5250 1069 5336 aut‘alicujus
1092 5246 1334 5302 ﬁliorum
1363 5247 1476 5300 Dei.
1507 5246 1735 5313 Quando
1759 5263 1888 5317 ergo
1916 5246 2758 5321 Salvator'interrogat'Peti-um,
2787 5254 2974 5309 dicens
3002 5274 3015 5310 :
3052 5276 3071 5309 ι
3108 5246 3278 5326 Reges
3303 5270 3458 5311 terra:
3495 5246 3530 5309 δ

334 5390 382 5423 ⁸⁵
412 5389 577 5447 Marc.
602 5408 701 5471 sit,
738 5393 826 5459 16,
860 5390 1332 5459 17;Luc.xx,25,
1368 5390 1458 5445 25.
1535 5388 1582 5423 ⁸³
1610 5389 1956 5458 Mattb.xvn,
1980 5392 2073 5458 ει,
2096 5393 2188 5448 25.
2266 5393 2310 5425 ⁸⁸
2336 5391 2472 5449 Ibid.
2542 5394 2585 5427 ‘7
2612 5392 2770 5452 Joau.
2792 5396 3020 5462 vm,34.
3087 5393 3275 5460 “Em.
3324 5399 3409 5464 'a'l,
3435 5399 3530 5455 32.

282 5530 351 5601 ἢ.
381 5531 440 5582 ὲν
568 5528 625 5584 Si
655 5530 812 5601 legis,
840 5533 899 5585 ὲν
922 5523 987 5598 ᾧ,
1023 5529 1286 5601 referetur
1311 5528 1376 5582 ad
1414 5528 1614 5601 piscem
1644 5547 1658 5582 :
1685 5530 1752 5601 si,
1789 5530 1848 5601 ἐν

280 5596 384 5663 οἷς,
427 5598 687 5669 referetur
709 5596 1096 5655 'ad‘houiines.
1140 5597 1310 5669 ’ἰχθύς
1337 5606 1517 5669 autem
1560 5599 1647 5652 ille
1688 5598 1849 5652 Chri-

282 5680 402 5724 stus
433 5668 647 5748 cst:__ita
676 5670 745 5724 ab
774 5672 1012 5748 antiquis
1041 5668 1671 5748 Eatribusnappellatusl
1699 5669 1845 5748 quod

283 5754 479 5810 vocum
517 5738 751 5810 illarum,
788 5737 1272 5810 :l'qG-oﬁg‘thG‘t’);
1299 5737 1600 5810 ΘεοῦᾼΥἱδς
1634 5737 1844 5810 Σωτήρ,

282 5784 479 5877 iga:
516 5784 1504 5878 3155;."imas}:maturae;'0;
1525 5784 1842 5876 imam;

1954 5527 2553 5607 OptatusMilevitattus
2579 5531 2671 5607 lib.
2705 5548 2785 5607 ιιι,
2813 5531 3014 5607 Contra
3039 5532 3310 5607 ζ’έινιρειιη
3340 5536 3529 5607 Augu-

1954 5602 2132 5675 stinus
2167 5600 2261 5654 lib.
2293 5617 2422 5654 xvm
2454 5600 2530 5653 Dc
2557 5601 2856 5675 ciuitLDei,
2885 5619 3005 5675 cap,
3036 5602 3132 5666 2'5;
3166 5600 3533 5675 Prospet‘.'De

1953 5670 2393 5748 prtedictqnpart.
2431 5686 2651 5748 Ita-cap.
2679 5671 2784 5736 59,
2830 5670 3156 5746 ψευδώνυμοι.
3198 5670 3529 5748 Sibj‘llarum

1953 5737 2182 5795 Oracula
2212 5737 2308 5793 lib.
2340 5756 2457 5795 vin.
2497 5737 2761 5797 Huértus.
2822 5772 2823 5775 η
