4028 6296
507 342 569 399 Η
581 344 651 400 27
1992 338 2072 393 (lli

2177 336 2321 393 Ele
3645 346 3785 400 “28

509 475 615 531 pro
648 453 855 514 sanctis
886 454 1002 510 dari
1029 453 1182 523 juxta
1210 450 1383 521 legem
1417 449 1531 511 Dei.
1562 466 1593 506 e
1620 449 1984 506 Numerorum
2018 452 2072 505 Ii-

2191 464 2290 523 μον
2331 452 2427 522 οὐχ
2476 451 2664 516 ἁπλῶς
2695 451 2990 525 δίδραχμον
3022 452 3224 509 δίδοται
3246 494 3262 520 ,
3309 453 3447 510 ἀλλὰ
3489 450 3781 524 δίδραχμον

510 553 615 608 bro
647 547 922 621 proferes;
975 544 1238 614 scriptum
1268 552 1353 597 est
1381 543 1525 596 enim
1555 545 1598 574 ἰ
1635 561 1648 597 :
1704 562 1722 593 ι
1754 541 1820 596 Et
1849 542 2072 612 accipies

2191 546 2373 614 ἅγιον·
2420 545 2730 616 γέγραπται
2768 544 2911 617 γάρ’
2970 564 2988 597 ι
3038 546 3150 600 Καὶ
3189 545 3337 621 λήψῃ
3369 547 3532 601 πέντε
3570 544 3783 611 σίκλους

507 644 751 713 quinque
771 637 934 692 siclos
953 651 1047 706 per
1063 634 1274 705 singula
1298 633 1474 703 capita
1496 634 1678 704 ;ju.\ta
1700 633 2072 687 didrachmum

2190 633 2332 687 κατὰ
2366 633 2610 705 κεφαλὴν
2655 634 2793 689 κατὰ
2837 634 2898 687 τὸ
2930 635 3225 708 δίδραχμον
3258 639 3320 691 τὸ
3359 637 3547 706 anm-
3604 653 3625 687 ι
3654 633 3783 693 (BM.

507 743 791 797 sanctum;
848 749 868 783 ι
925 730 1019 785 sed
1065 739 1120 784 et
1166 745 1266 800 pro
1316 728 1573 784 omnibus
1623 727 1747 782 ﬁliis
1792 726 1953 781 Israel
2002 725 2083 780 die

506 826 828 881 drachmum
883 831 1137 878 sanctum
1182 822 1385 877 viritim
1428 827 1767 876 numeratur.
1826 818 2085 886 Quando-

504 913 724 985 quidem
772 926 904 983 ergo
957 921 1155 982 praeter
1200 919 1387 966 sancta
1437 909 1793 975 didrachma,
1853 907 2081 977 profana

501 1006 665 1061 etiam
684 1044 700 1070 ,
735 1011 796 1058 ut
824 1002 1103 1067 itadicam
1129 1042 1145 1068 ,
1173 1002 1487 1058 didrachma
1526 1010 1750 1056 sanctus
1783 999 1876 1055 Dei
1905 1000 2075 1071 possi-

501 1098 631 1152 dere
661 1112 771 1151 non
798 1104 995 1166 potest,
1025 1103 1313 1165 pr0pterea
1348 1092 1791 1149 didrachmornm
1822 1107 1929 1146 non
1955 1108 2085 1146 san—

501 1196 717 1241 ctorum
751 1184 1118 1248 coactoribus,
1151 1183 1243 1253 qui
1273 1181 1495 1237 Petrum
1528 1182 2002 1250 interrogaverunt
2029 1189 2084 1234 et

501 1279 760 1333 dixerunt
817 1278 863 1309 "
923 1293 938 1330 :
995 1293 1014 1328 ι
1074 1273 1330 1344 Magister
1378 1280 1558 1327 vester
1615 1287 1722 1325 non
1779 1271 1942 1327 solvit
1999 1271 2083 1325 di-

501 1368 802 1424 drachma?
841 1387 859 1420 ι
907 1366 1165 1422 Servator
1196 1366 1333 1421 solvi
1367 1374 1623 1420 staterem
1666 1363 1854 1433 jubet,
1882 1363 1939 1417 in
1973 1378 2083 1434 quo

500 1462 821 1517 didracluna
850 1458 1305 1523 continebantur,
1340 1457 1393 1511 in
1421 1470 1517 1511 ore
1549 1455 1719 1526 piscis
1747 1455 1843 1524 qui
1874 1454 2083 1525 primus

501 1554 796 1609 ascenderi=
837 1551 1002 1622 588
1030 1559 1329 1620 repertum,
1368 1557 1426 1603 ut
1469 1563 1566 1618 pro
1600 1547 1862 1619 magistro
1921 1556 1976 1602 et
2000 1545 2082 1601 di-

502 1644 713 1713 scipulo
737 1642 1023 1713 pendatur.

502 1757 582 1812 De
615 1757 682 1811 iis
713 1756 803 1826 qui
829 1755 1073 1809 dicebant
1103 1769 1135 1826 ί
1162 1753 1295 1818 Quis
1336 1753 1510 1826 major
1538 1754 1658 1809 est?
1686 1760 1736 1807 et
1772 1750 1837 1806 de
1862 1751 2083 1821 puerulo

1030 1842 1063 1878 a
1102 1824 1231 1879 Iesu
1275 1825 1553 1878 accersito.

576 1922 663 1976 M.
711 1941 729 1972 ι
768 1921 827 1975 lu
858 1919 950 1972 illo
976 1926 1218 1986 tempore
1251 1921 1602 1971 accesserunt
1624 1912 1876 1983 discipuli
1903 1912 1970 1968 ad
1990 1910 2082 1967 Je-

505 2027 627 2066 sum
679 2011 921 2064 dicentes
954 2025 967 2060 :
1005 2004 1139 2072 Quis
1165 1990 1326 2075 putas
1362 2004 1537 2073 major
1565 2012 1648 2059 est
1679 2003 1733 2058 in
1772 2017 1941 2074 regno
1967 2017 2080 2057 coe-

504 2101 679 2156 lorum
710 2100 794 2153 "‘l
832 2118 850 2151 ι
912 2096 980 2152 Ut
1005 2097 1223 2151 doceret
1270 2111 1371 2151 nos
1400 2094 1688 2150 Matthteus
1722 2094 1852 2165 quid
1884 2093 1951 2148 ad
1992 2092 2081 2149 Je-

502 2209 624 2250 sum
658 2193 979 2248 accedentes
1005 2188 1255 2258 discipuli
1280 2187 1350 2241 ab
1376 2202 1444 2242 eo
1467 2187 1678 2243 discere
1700 2187 1917 2251 vellent,
1942 2200 2078 2257 quo-

500 2300 608 2356 que
657 2283 821 2339 modo
854 2282 920 2338 ad
966 2296 1154 2337 eorum
1187 2278 1478 2350 quaesitum
1525 2277 1904 2347 responderit,
1951 2291 2076 2332 cum

500 2371 605 2426 hoc
632 2370 811 2440 ipsum
844 2368 1222 2424 tantummodo
1250 2381 1473 2422 narrare
1505 2374 1721 2436 posset,
1750 2366 1957 2422 addidit
1986 2366 2076 2420 illa

496 2464 652 2532 juxta
678 2461 927 2533 quaedam
953 2459 1286 2530 exemplaria
1334 2477 1347 2513 :
1390 2476 1409 2511 ι
1442 2459 1502 2512 In
1538 2458 1628 2512 illa
1658 2457 1792 2513 hora
1831 2473 2077 2512 accesse-

501 2566 629 2608 runt
660 2551 913 2623 discipuli
969 2549 1035 2605 ad
1085 2547 1305 2613 Jesum;
1342 2569 1362 2602 ι
1417 2549 1572 2619 juxta
1616 2549 1721 2604 alia
1756 2563 1929 2605 vero:
1961 2567 1980 2599 ι
2018 2546 2077 2602 In

500 2644 594 2699 illo
643 2642 765 2708 die;
806 2659 826 2694 ›
863 2657 928 2696 ac
959 2640 1301 2710 evangelisue
1347 2639 1566 2710 quidem
1620 2653 1817 2694 sensus
1870 2640 2079 2709 absque

496 2733 751 2788 examine
778 2731 1091 2787 necessario
1121 2731 1538 2801 praetereundus
1586 2746 1694 2785 non
1723 2741 1836 2798 est;
1872 2729 2078 2785 idcirco

497 2825 739 2880 animum
784 2823 851 2879 ad
893 2838 959 2879 ea
1004 2822 1325 2878 adhibentes
1369 2838 1493 2894 quae
1536 2822 1697 2879 verba
1730 2822 1845 2878 hare
1871 2838 2077 2893 praece-

2188 725 2281 778 καὶ
2319 724 2461 796 ὑπὲρ
2495 724 2714 780 πάντων
2757 725 2867 779 τῶν
2912 726 3043 780 υἱῶν
3096 727 3313 802 Ἰσραὴλ
3355 729 3498 785 κατὰ
3534 725 3775 799 κεφαλὴι

2186 814 2388 869 δίδοται
2404 814 2694 887 δίδραχμον
2713 814 2886 884 ἅγιον.
2914 816 3065 869 Ἐπεὶ
3080 812 3175 871 οὖν
3193 818 3292 888 οὐχ
3307 811 3419 871 οἶόν
3436 835 3495 871 τε
3515 818 3659 889 μετὰ
3680 813 3782 867 τῶν

2189 904 2360 974 ἁγίων
2374 905 2559 979 διδράχ
2565 922 2681 977 μων
2698 905 2841 976 ἔχειν
2853 907 2944 960 καὶ
2959 907 3495 979 δίδραχμα,ἴνόῦτως
3508 909 3777 978 ὀνομάσω.

2190 995 2397 1067 βὲδηλα
2413 995 2504 1049 τὸν
2534 996 2689 1064 ἅγιον
2709 995 2805 1050 τοῦ
2832 995 2988 1061 Θεοῦ,
3006 997 3094 1050 διὰ
3117 998 3277 1051 τοῦτο
3311 1001 3426 1062 τοῖς
3444 997 3778 1071 λαμϐάνουσι

2188 1087 2257 1141 τὰ
2277 1088 2376 1159 οὐχ
2396 1088 2526 1158 ἅγια
2545 1088 2836 1160 δίδραχμα,
2863 1089 2959 1143 καὶ
2985 1078 3298 1161 ἐρωτήσασι
3316 1090 3408 1145 τὸν
3430 1091 3661 1163 Πέτρον,
3686 1094 3779 1165 καί

2188 1178 2467 1233 εἰποῦσιν·
2511 1198 2530 1230 ι
2563 1177 2624 1233 Ὀ
2663 1179 2979 1244 διδάσκαλος
3026 1181 3178 1251 ὑμῶν
3221 1182 3283 1235 οὐ
3323 1182 3469 1235 τελεῖ
3498 1183 3566 1237 τὰ
3596 1184 3777 1255 δίδραο

2189 1288 2335 1344 χμα;
2377 1293 2397 1327 ι
2448 1273 2780 1344 προστάσσει
2824 1273 3047 1342 δοθῆναι
3096 1275 3361 1347 στατῆρα,
3416 1277 3475 1328 ὲν
3511 1268 3555 1342 ᾧ
3593 1271 3662 1346 ἦν
3693 1277 3773 1329 δί-

2188 1364 2428 1436 δραχμα,
2468 1364 2499 1415 ὁ
2536 1364 2727 1435 Σωτὴρ
2765 1365 3156 1436 εὑρισκόμενον
3194 1368 3253 1419 ἐν
3291 1366 3369 1437 τῷ
3413 1367 3641 1438 στόματι
3682 1367 3774 1423 τοῦ

2190 1454 2408 1526 πρώτου
2440 1455 2742 1520 ἀναϐάντος
2782 1456 2983 1528 ἰχθύος,
3030 1458 3117 1510 ἵνα
3162 1456 3288 1528 δοθῇ
3333 1459 3455 1513 ἀντὶ
3495 1458 3590 1512 τοῦ
3636 1459 3774 1514 διδα-

2192 1547 2391 1601 σκάλου
2428 1548 2523 1603 καὶ
2558 1548 2652 1603 τοῦ
2678 1549 2944 1621 μαθητοῦ.

2190 1747 2331 1815 Περὶ
2371 1747 2491 1800 τῶν
2530 1750 2836 1818 ,λεγόντων
2857 1765 2873 1780 ο
2921 1749 3017 1814 Τίς
3050 1748 3298 1818 μείζων;
3340 1746 3443 1803 καὶ
3484 1748 3619 1816 περὶ
3668 1748 3770 1804 τοῦ

2315 1817 2807 1885 προσκληθέντος
2839 1817 3079 1873 παιδίου
3107 1818 3227 1873 ὑπὸ
3259 1818 3367 1873 τοῦ
3412 1819 3638 1887 Ἰησοῦ.

2266 1927 2284 1959 ι
2345 1909 2435 1961 Ἐν
2475 1909 2658 1981 ἐκείνῃ
2687 1911 2754 1981 τῇ
2790 1910 2975 1982 ἡμέρᾳ
3006 1909 3309 1981 προσῆλθον
3335 1911 3386 1963 οἱ
3423 1909 3666 1983 μαθηταὶ
3696 1910 3772 1982 τῷ

2200 1998 2398 2071 Ἰησοῦ,
2415 1999 2685 2067 λέγοντες⁸
2706 2000 2800 2063 Τίς
2832 1999 2942 2071 ἄρα
2968 2001 3170 2071 μείζων
3186 2000 3334 2054 ἐστὶν
3355 2003 3412 2056 ὲν
3435 2004 3501 2072 τῇ
3529 2002 3772 2072 βασιλείᾳ

2187 2091 2296 2145 τῶν
2315 2089 2558 2163 οὐρανῶν
2581 2107 2596 2157 ;
2619 2111 2638 2144 ι
2660 2092 2802 2146 Δυνά
2810 2107 2969 2162 μενος
2984 2093 3013 2145 ὁ
3036 2091 3335 2156 Ματθαῖος,
3355 2092 3497 2163 ὑπὲρ
3518 2093 3613 2147 τοῦ
3637 2093 3774 2147 διδα-

2186 2183 2381 2255 χθῆναι
2424 2183 2572 2255 ἡμᾶς
2599 2182 2651 2236 τί
2679 2200 2739 2236 τε
2775 2182 3166 2254 προσελθόντες
3189 2185 3239 2236 οἱ
3279 2182 3517 2255 μαθηταὶ
3543 2184 3624 2256 τῷ
3672 2186 3773 2256 '11}-

2187 2274 2282 2327 σοῦ
2314 2273 2500 2344 ἠξίουν
2533 2276 2665 2347 παρ’
2700 2274 2864 2328 αὐτοῦ
2913 2275 3123 2347 μαθεῖν,
3181 2275 3298 2340 πῶς
3336 2293 3396 2329 τε
3439 2276 3770 2348 ἀπεκρίνατο

2186 2369 2323 2440 πρὸς
2353 2367 2412 2421 τὸ
2445 2366 2641 2438 πύσμα
2681 2366 2882 2433 αὐτῶν,
2943 2367 3076 2420 αὐτὸ
3122 2365 3279 2421 τοῦτο
3317 2366 3477 2438 μόνον
3514 2366 3773 2439 διηγήσα-

2187 2459 2345 2523 σθαι,
2380 2460 2409 2513 ὁ
2442 2458 2500 2512 δὲ
2545 2458 2855 2531 προσέθηκε
2897 2458 3038 2514 κατὰ
3079 2457 3177 2530 μέν
3208 2476 3330 2512 τινα
3367 2457 3476 2512 τῶν
3508 2459 3771 2532 ἀντιγρά-

2186 2566 2322 2619 φων·
2351 2560 2369 2592 ι
2407 2549 2497 2602 Ἐν
2521 2548 2788 2624 ὲκείνῃτῇ
2820 2548 2940 2621 ὥρᾳ
2965 2548 3272 2619 προσῆλθον
3304 2550 3354 2602 οἱ
3391 2549 3630 2621 μαθηταὶ
3690 2550 3774 2621 τῷ

2196 2643 2370 2718 Ἰησοῦ
2386 2662 2399 2676 ·
2429 2665 2448 2698 ι
2470 2645 2614 2701 κατὰ
2635 2647 2691 2700 δὲ
2717 2646 2853 2702 ἄλλα
2870 2663 2885 2678 ⁸
2923 2666 2942 2697 ι
2980 2648 3069 2701 Ἔν
3086 2647 3267 2719 ἐκείνῃ
3289 2651 3357 2719 τῇ
3376 2650 3562 2720 ἡμέρᾳ
3580 2666 3596 2679 ·
3628 2665 3649 2700 ι
3672 2650 3771 2703 καὶ

2184 2736 2481 2804 ἀναγκαῖον
2531 2737 2607 2810 μὴ
2657 2738 3013 2802 ἀνεξέταστον
3055 2740 3215 2793 ὲᾶσαι
3269 2739 3330 2793 τὸ
3379 2738 3628 2811 βούλημα
3672 2737 3769 2794 τοῦ

2183 2826 2604 2898 εὐαγγελιστοῦο
2653 2829 2843 2905 διόπερ
2884 2831 3280 2903 ἐπιστήσαντες
3321 2833 3437 2896 τοῖς
3485 2832 3592 2904 πρὸ
3630 2829 3762 2886 τοῦ·

1700 2955 1935 3013 VETUS
1972 2957 2415 3015 INTERPRETA
2424 2959 2559 3016 T10.

501 3064 648 3104 mum
682 3056 952 3121 sanetum.
985 3067 1004 3100 ι
1051 3047 1155 3121 Sed
1188 3057 1244 3121 e_t
1268 3063 1365 3118 pro
1393 3049 1805 3121 omnibusliliis
1830 3049 1996 3121 lsrael
2026 3051 2327 3121 secundum
2358 3060 2521 3120 caput
2548 3053 2714 3108 datur
2743 3054 3123 3110 didrachmum
3165 3066 3429 3113 sanctum.
3483 3056 3746 3121 Quoniam

498 3136 630 3178 ergo
671 3134 778 3172 non
809 3117 939 3195 licet
964 3119 1171 3195 sanctis
1202 3117 1292 3172 Dei
1331 3134 1456 3195 eum
1500 3119 1727 3195 sanctis
1755 3118 2090 3195 didrachmis
2146 3120 2344 3195 habere
2388 3117 2775 3195 didrachmum
2825 3126 3192 3195 inquinatum,
3226 3128 3345 3182 ideo
3365 3117 3752 3195 accipientibus

501 3204 608 3242 non
656 3196 848 3264 sancta
888 3187 1226 3264 didrachma,
1259 3198 1314 3242 et
1353 3189 1818 3264 interrogantibus
1842 3187 2088 3264 Petrum,
2118 3198 2169 3242 et
2202 3191 2549 3264 dicentibus:
2580 3213 2598 3243 ι
2631 3187 3107 3264 Μοείειοι·’νοειιει“
3154 3187 3263 3251 non
3311 3187 3759 3250 solvit-didracho

499 3259 695 3338 mqu
722 3276 741 3308 ›
779 3259 1048 3338 praesepit
1078 3256 1327 3338 Salvator
1365 3256 1492 3338 dari
1522 3256 1798 3338 stator-em,
1841 3258 1894 3312 in
1936 3274 2047 3338 quo
2082 3269 2239 3314 erant
2268 3260 2381 3338 duo
2409 3256 2762 3338 didraelnna",
2804 3267 2896 3334 qui
2929 3265 3308 3338 inveniebatur
3352 3267 3406 3338 iu
3449 3266 3758 3338 oregpiscis

498 3327 842 3406 ascendentis
869 3328 1103 3406 primum
1133 3342 1147 3378 :
1174 3328 1318 3406 quod
1353 3327 1500 3381 dedit
1537 3329 1815 3406 magister,
1845 3338 1900 3406 ent
1926 3328 2059 3406 dant
2086 3344 2300 3406 semper
2331 3331 2584 3401 discipuli
2617 3333 2740 3403 ejus
2764 3327 2865 3404 pro
2895 3350 2996 3390 sua
3030 3336 3225 3404 salute,
3258 3345 3312 3390 et
3336 3335 3506 3406 gloria
3534 3327 3756 3400 Christi,

500 3407 561 3451 ut
593 3398 763 3467 longe
781 3396 983 3451 faciant
1015 3412 1046 3450 a
1076 3413 1135 3451 se
1165 3398 1349 3450 omnia
1382 3413 1502 3466 qua:
1537 3396 1826 3467 imaginem
1856 3396 2089 3452 Cmsaris
2125 3396 2347 3454 habent.

572 3467 659 3544 μ.
693 3465 718 3518 i
750 3465 804 3544 In
839 3467 946 3544 _i_llo
990 3475 1254 3544 tempore,
1301 3465 1667 3522 accesserunt
1697 3468 1760 3544 ad
1802 3466 1986 3544 Jesum
2020 3468 2274 3544 discipuli
2318 3468 2437 3537 ejus
2480 3469 2762 3544 dicentes:
2791 3470 2923 3538 Quis
2969 3483 3130 3544 putas
3173 3475 3350 3541 major
3377 3482 3460 3529 est
3501 3475 3555 3528 in
3590 3488 3759 3543 regno

495 3537 805 3593 caelorum?
839 3534 906 3591 Et
945 3534 1218 3606 accipiens
1263 3551 1515 3605 puerum,
1565 3537 1756 3591 statuit
1786 3552 1911 3591 eum
1955 3538 2009 3591 iu
2041 3534 2219 3591 medio
2248 3534 2459 3605 eorum,
2492 3548 2545 3595 et
2576 3541 2712 3595 dixit
2752 3560 2766 3597 :
2800 3534 2988 3597 Kmen'
3003 3544 3125 3599 dico
3151 3534 3326 3606 vobis.
3361 3545 3465 3599 nisi
3509 3534 3756 3599 conversi

497 3606 730 3673 fueritis,
760 3615 815 3661 et
845 3606 970 3661 facti
1001 3607 1456 3675 quemadmodum
1495 3606 1677 3675 pueri,
1724 3622 1829 3660 non
1861 3606 2135 3661 intrabitis
2174 3608 2226 3661 in
2273 3623 2499 3675 regnum
2547 3613 2833 3666 caelorum.
2879 3612 2935 3667 Si

3022 3615 3106 3669 uis
3146 3629 3277 3684 ergo
3306 3615 3675 3669 humiliaverit
3700 3628 3760 3668 se

499 3677 976 3750 sicutpuerAiste,
1010 3677 1124 3745 ipse
1170 3685 1254 3750 e_s_t
1299 3677 1474 3750 major
1516 3677 1572 3730 in
1604 3692 1771 3745 regno
1809 3676 2095 3750 etelorum.
2132 3676 2199 3730 Et
2227 3678 2321 3747 qui
2355 3682 2627 3750 acceperit
2669 3697 2897 3750 puerum
2942 3676 3102 3737 talem
3151 3676 3464 3738 in'nomine
3500 3699 3640 3749 meo,
3672 3698 3759 3737 me

500 3744 708 3823 recipit.
746 3765 765 3797 ι
810 3745 947 3823 Cum
984 3744 1166 3815 posset
1198 3744 1482 3800 Matthzeus
1516 3744 1716 3823 nostra:
1742 3748 2066 3823 eruditionis
2100 3744 2261 3823 causa
2312 3750 2417 3803 hoc
2448 3744 2625 3806 solum
2658 3744 2954 3821 exponere,
2989 3753 3122 3822 quid
3150 3755 3472 3809 accedentes
3508 3744 3758 3823 discipuli

496 3815 625 3893 Jesu
669 3817 1141 3893 interrogaverunt
1170 3830 1319 3893 eum,
1357 3826 1413 3869 et
1441 3815 1716 3893 quomodo
1758 3817 1824 3893 ad
1860 3816 2341 3893 interrogationem
2381 3835 2570 3893 eorum
2606 3815 2911 3893 reslumdit,
2942 3815 3151 3893 addidit
3179 3825 3481 3893 secundum
3509 3815 3753 3893 quaedam

495 3887 714 3954 quidem
744 3885 1074 3958 exemplaria
1102 3886 1155 3939 in
1187 3885 1325 3958 illa,_
1346 3902 1365 3936 ι
1395 3886 1715 3958 accedentes
1744 3886 1994 3955 discipuli
2023 3885 2174 3949 Jesu,
2211 3907 2228 3938 ι
2274 3892 2574 3945 secundum
2608 3885 2712 3945 alia
2740 3901 2943 3958 autem,
2983 3911 3002 3947 ι
3037 3892 3091 3946 in
3125 3892 3214 3946 illa
3243 3893 3350 3949 die.
3385 3913 3404 3945 ι
3448 3892 3511 3948 Et
3527 3885 3758 3948 necesse

495 3964 581 4033 est
607 3965 666 4010 ut
693 3955 1587 4033 .nonuindiscussamuoluntatem
1620 3956 1994 4033 relinquamus
2038 3958 2407 4033 erangelistte.
2455 3959 2683 4033 Propter
2712 3962 2856 4033 quod
2905 3955 3242 4033 exponentes
3289 3964 3344 4017 in
3390 3962 3585 4033 primis
3613 3963 3754 4032 quod

498 4026 593 4091 ait,
639 4044 660 4077 ι
692 4025 746 4079 in
778 4025 868 4079 illa
901 4025 1058 4088 hora,
1093 4044 1112 4076 ι
1156 4024 1241 4079 vel
1280 4044 1298 4076 ι
1331 4024 1385 4079 in
1417 4025 1508 4078 illa
1536 4025 1643 4089 die,
1674 4044 1692 4077 ι
1740 4024 2022 4081 videamus
2051 4026 2096 4081 si
2136 4024 2444 4084 necessaria
2480 4024 2822 4101 est'adjeétio
2858 4033 2960 4087 ista
2979 4024 3113 4099 diei,
3151 4033 3238 4087 vel
3272 4024 3440 4089 horae.
3483 4024 3756 4089 Venerunt

569 4142 613 4174 “
652 4138 815 4195 Num.
849 4157 934 4206 ιιι,
970 4140 1062 4197 47.
1140 4140 1187 4172 ⁸³
1228 4140 1420 4196 Matth.
1449 4158 1584 4207 xrn,
1614 4142 1706 4198 25.
1783 4142 1830 4174 ⁸³
1869 4141 2060 4198 Matth.
2089 4161 2246 4210 xvnt,
2286 4146 2334 4199 l.

494 4253 631 4332 bat:
666 4267 789 4332 cum
838 4267 968 4332 ergo
1019 4252 1186 4332 siclus
1231 4252 1638 4332 τετραδραχμον
1666 4250 1905 4332 ᾼιιὶοιιηι
1934 4269 2063 4318 pen-

2177 4257 2324 4332 elum
2346 4257 2775 4332 τετράδραχμον,
2828 4260 3120 4332 δίδραχμον
3154 4261 3259 4332 alii
3280 4260 3450 4332 fuisse
3473 4269 3747 4332 astruunt.

493 4323 640 4384 deat,
680 4323 1057 4377 didrachmum
1088 4322 1442 4378 solummodo
1460 4322 1884 4376 A’lexandriuum
1920 4340 2067 4379 exm~

495 4390 1214 4463 quasseallaecAPetavius,
1248 4408 1372 4462 quae
1418 4409 1485 4447 ex
1528 4393 1638 4463 jam
1699 4393 1918 4447 laudato
1967 4393 2064 4448 Ed.

495 4461 861 4517 Brerewoodii
897 4461 971 4516 De
1009 4463 1169 4532 poud.
1200 4472 1248 4514 et
1268 4461 1415 4531 pm.
1445 4461 1673 4532 veterum
1696 4478 1896 4515 uumm.
1927 4465 2068 4518 libro

493 4534 809 4603 deprompta
861 4531 1091 4603 solerter
1137 4532 1499 4603 conﬁrmavit.
1535 4531 1671 4585 Cum
1714 4532 2069 4603 dixeritgcrgo

497 4600 1019 4683 Su‘idasjlqpaxpov
1052 4602 1248 4683 viginti
1272 4603 1504 4683 pendere
1533 4603 1729 4683 obolos
1772 4617 1840 4683 _e__x
1892 4600 2065 4683 Eii-od.

494 4687 628 4737 xxx,
655 4672 744 4736 15,
774 4670 1155 4742 didrachmum
1187 4670 1612 4742 Alexandrinum
1657 4670 1914 4742 intellige,
1943 4673 2068 4727 licet

495 4742 734 4812 Atticum
760 4743 848 4796 ille
877 4741 1062 4797 forsan
1085 4741 1351 4812 inanima
1380 4741 1650 4812 habuerit,
1675 4741 2062 4812 erraret-itque.

497 4811 771 4883 Czetertnn
808 4810 1397 4883 existimoﬁiopaxuov
1431 4811 1583 4883 illum
1636 4811 1830 4883 siclum
1876 4810 1982 4865 τῶν
2010 4815 2065 4865 0'

498 4829 762 4865 ueterum
808 4829 1062 4868 existnno
1106 4829 1186 4865 οιο
1225 4829 1397 4883 αχμον
1431 4829 1583 4865 nium
1636 4829 1830 4865 SlClllm
1876 4830 1982 4865 τιον
2010 4829 2063 4865 u'

498 4894 688 4951 ansam
726 4878 1016 4951 llesycliio,
1053 4829 1355 4950 Epiprianio
1385 4892 1439 4936 et
1472 4880 1678 4935 Isidoro
1698 4882 1933 4948 dedisse,
1968 4899 2066 4937 cur

497 4949 691 5003 siclum
744 4949 956 5006 duabus
999 4949 1274 5006 drachmis
1318 4951 1739 5016 aestimat-crint;
1773 4960 1830 5004 at
1869 4968 2062 5007 novam

497 5019 645 5073 illam
681 5019 798 5090 sicli
834 5018 1158 5075 divisionem
1207 5022 1262 5075 in
1311 5030 1561 5076 sanctum
1610 5030 1665 5074 et
1711 5021 1997 5090 profanum
2031 5038 2089 5077 at

493 5087 903 5162 recentioribus
918 5092 1300 5161 excogitatam,
1334 5093 1530 5161 partim
1560 5107 1591 5145 e
1616 5087 1782 5145 variis
1815 5091 2062 5162 Scriptu-

497 5176 571 5215 rae
599 5159 733 5215 locis
772 5159 1116 5232 proﬂuxisse,
1149 5159 1383 5232 quorum
1416 5162 1673 5217 nonnulla
1700 5162 1893 5217 siclum
1935 5159 2064 5217 san-

492 5241 665 5296 ctum,
697 5231 892 5285 siclum
930 5229 1217 5300 profanum
1257 5232 1362 5286 alia
1400 5233 1659 5287 inducere
1699 5233 2059 5300 ostendimus,

492 5312 548 5355 et
574 5301 870 5372 praesertim
912 5299 978 5355 ex
1016 5299 1057 5353 ll
1098 5299 1230 5371 Reg.
1265 5319 1375 5367 xiv,
1403 5303 1496 5372 2:5,
1527 5301 1597 5372 ibi
1635 5303 1779 5357 enim
1807 5319 1934 5357 cum
1962 5299 2061 5372 pro

493 5370 742 5427 ducentis
790 5371 939 5427 siclis
983 5372 1115 5439 regii
1158 5370 1431 5441 ponderis,
1467 5370 1604 5424 LXX
1634 5382 1850 5427 centum
1897 5370 2061 5427 siclos

494 5442 828 5513 reddiderint
861 5445 1047 5513 (prout
1080 5442 1317 5513 habetur
1337 5443 1390 5496 iu
1413 5442 1956 5513 editionerComplut.
2000 5443 2058 5513 In

493 5511 731 5566 editione
776 5511 920 5566 enim
958 5511 1169 5583 Sixtina
1223 5512 1415 5582 legitur
1456 5512 1760 5577 διακοσίους
1800 5511 2058 5583 σίκλους)

2174 4330 2281 4384 S-ul
2307 4327 2417 4401 jam
2448 4327 2735 4401 redeamus
2781 4330 2843 4382 ad
2877 4327 3187 4396 Origenem.
3216 4330 3331 4401 Non
3362 4329 3747 4401 didrachmum

2172 4402 2260 4453 ille
2313 4398 2631 4465 simpliciter
2680 4413 2776 4466 pro
2827 4402 3053 4465 sanctis,
3081 4402 3175 4455 sed
3201 4398 3575 4455 didrachmum
3616 4414 3749 4453 san-

2169 4483 2316 4523 ctum
2367 4467 2483 4521 dari
2535 4467 2744 4538 scribit,
2771 4477 2825 4522 et
2866 4470 3180 4524 didrachma
3221 4480 3406 4524 sancta
3437 4484 3467 4521 τι
3499 4467 3749 4538 profanis

2169 4538 2454 4606 distinguit
2488 4553 2601 4608 :_an
2632 4537 2740 4590 τῶν
2771 4543 2847 4602 0',
2883 4541 3082 4608 quibus
3128 4555 3186 4595 se
3223 4539 3450 4600 addixit,
3481 4537 3748 4607 interpre-

2170 4608 2397 4678 tatione,
2424 4615 2479 4660 ct
2510 4606 2646 4662 locis
2676 4606 2971 4677 Scriptura:
2997 4625 3159 4678 supra
3192 4609 3424 4663 laudatis
3454 4606 3743 4672 adductus,

2169 4680 2278 4732 duo
2305 4677 2563 4730 siclorum
2596 4693 2793 4746 genera
2827 4679 2927 4733 sibi
2959 4677 3131 4742 ﬁnxit,
3167 4681 3242 4734 ita
3270 4688 3330 4733 ut
3368 4694 3397 4733 a
3429 4679 3743 4733 recentiori-

2171 4749 2271 4802 bus
2302 4746 2496 4800 deinde
2524 4745 2726 4801 factum
2758 4749 2875 4804 est?
2902 4764 2971 4803 an
3002 4749 3133 4804 lusit
3182 4755 3451 4804 duntaxat
3480 4748 3533 4800 in
3560 4749 3741 4810 verbo.

2167 4828 2221 4888 et
2270 4816 2541 4888 allegoria:
2569 4816 2928 4888 occasionem
2975 4834 3073 4888 pro
3122 4834 3276 4874 more
3330 4833 3432 4873 suo
3473 4817 3744 4887 arripuit?

2168 4886 2273 4940 Pro
2312 4885 2538 4959 sanctis,
2568 4885 2762 4955 inquit,
2786 4888 2944 4957 juxta
2978 4885 3166 4959 legem
3221 4889 3312 4943 Dei
3367 4885 3741 4959 didrachmum

2167 4965 2415 5029 sanctum
2445 4956 2640 5029 datur;
2671 4956 3071 5029 primogenitos
3111 4959 3282 5013 Israel
3334 4957 3590 5029 intellige,
3643 4970 3743 5029 pro

2166 5028 2366 5095 quibus
2418 5027 2659 5095 quinque
2707 5028 2825 5082 sicli
2860 5026 3300 5083 conferebantur
3345 5026 3508 5082 Num.
3540 5041 3620 5093 In,
3650 5026 3741 5093 47,

2166 5113 2272 5150 non
2304 5097 2450 5167 quod
2475 5096 2852 5151 didrachmum
2884 5107 3130 5167 sanctum
3153 5098 3397 5167 quinque
3424 5097 3587 5167 siclos
3608 5110 3742 5164 pen-

2156 5167 2292 5246 dere
2323 5159 2472 5246 velit,
2522 5168 2641 5246 sed.
2660 5167 2810 5246 quod
2852 5159 3098 5246 sicli_i't'li
3147 5159 3401 5222 κατὰ’τὸ
3446 5159 3738 5246 δίδραχμον

2165 5235 2339 5309 ᾷγιον,
2379 5236 2483 5301 vel,
2510 5244 2569 5309 ut
2597 5235 2847 5309 vulgata,
2889 5255 2908 5288 ι
2941 5237 3008 5292 ad
3040 5254 3352 5294 mensuram
3386 5235 3685 5290 sanctuarii
3713 5253 3735 5286 ι

2162 5305 2367 5360 fuerint
2415 5305 3010 5373 pensitatifPrzeterea
3053 5309 3433 5363 didrachmum
3488 5317 3741 5360 sanctum

2164 5390 2264 5444 pro
2293 5375 2520 5445 singulis
2549 5377 2672 5430 liliis
2706 5378 2871 5432 Israel
2900 5378 3137 5432 solutum
3168 5377 3334 5433 fuisse
3364 5378 3523 5430 docet
3550 5374 3739 5445 Orige-

2164 5461 2284 5517 nes,
2303 5460 2371 5499 ex
2394 5444 2562 5500 Exod.
2584 5449 2765 5517 χιιι,μὶ
2778 5450 2829 5510 5,
2844 5463 3048 5517 nempe
3070 5448 3353 5502 dimidium
3377 5445 3518 5517 sicli,
3541 5446 3633 5517 qui
3655 5444 3741 5517 τε-

2162 5515 2502 5599 τράδραχμος
2533 5526 2684 5581 erat;
2707 5514 3090 5599 ‘LXX‘a‘utem,
3120 5516 3182 5571 τὺ
3213 5518 3387 5599 ﬁgura
3428 5515 3520 5599 τοῦ
3559 5514 3738 5599 etape-

493 5591 708 5662 ccntum
763 5582 1099 5662 sanctuarii__
1114 5583 1307 5662 sicloS‘
1329 5584 1668 5662 intellexisse
1690 5584 2011 5662 __cred_nntur
2041 5582 2061 5649 ’;

2177 5582 2416 5662 χ’μοῦε-ὄ’
2441 5586 2569 5662 ἐστι-
2593 5586 2737 5662 κατᾶ
2764 5589 2831 5662 τὸ*
2855 5587 3150 5662 δίδραχμον
3179 5582 3586 5662 τὸᾟχιονηιιοο
3632 5582 3738 5647 est,

499 5650 691 5714 partim
718 5653 881 5704 etiam
910 5667 940 5722 e
968 5653 1134 5706 variis
1160 5650 1404 5722 Iosephi,
1441 5652 1724 5722 Epiphanii
1748 5695 1764 5719 ,
1795 5654 2055 5706 aliorum-

497 5731 603 5784 que
628 5735 789 5787 supra
821 5720 1045 5789 prolatis
1076 5721 1422 5787 testimoniis,
1446 5720 1679 5790 quorum
1715 5723 1959 5777 nonnulli
1988 5723 2063 5777 si-

2167 5654 2781 5727 dimiditnudidrachmi
2807 5654 3177 5724 Alexandrini,
3201 5654 3343 5727 quod
3373 5657 3507 5711 sitlo
3538 5668 3739 5723 appen-

2169 5723 2414 5778 debatur.
2449 5723 2709 5780 llirsrius.
