4028 6296
475 387 606 444 1155

1939 390 2266 450 ORIGENIS

3582 403 3723 463 “30

459 506 609 577 quis,
663 522 787 562 cum
838 508 920 564 vir
962 508 1051 574 sit,
1099 507 1280 563 viriles
1330 517 1508 565 tamen
1559 510 2014 582 concupiscentia:

2135 515 2384 588 νεκρώσῃ
2414 516 2508 581 τὰς
2536 517 2791 589 ἀνδρακάς
2815 518 3130 591 ἐπιθυμίας,
3151 520 3417 592 πνεύματι
3442 521 3541 585 τὰς
3573 526 3718 594 πρά-

462 613 636 668 usque
657 600 793 654 adeo
819 600 1116 664 enecuerit,
1144 601 1387 657 actiones
1416 604 1664 674 corporis
1693 603 1884 674 spiritu
1918 614 2035 661 tru-

455 689 672 754 cidans,
699 697 754 744 et
787 707 806 742 ι
841 704 1055 760 semper
1085 693 1560 750 mortiﬁcationem
1591 693 1719 752 Iesu
1748 695 1953 752 Christi
1978 696 2033 750 in

453 795 684 850 corpore
719 795 820 836 suo
849 781 1242 842 circumferens
1271 786 1354 851 “,
1387 805 1406 839 ι
1439 796 1498 841 ιιι
1519 788 1734 858 pueruli
1765 803 2029 845 venereo-

452 888 573 928 rum
623 872 863 943 expertis
909 882 965 930 et
1006 875 1191 931 viriles
1249 876 1476 934 affectus
1538 877 1784 934 nondum
1826 879 2034 950 experti

451 973 652 1020 statum
687 975 1088 1036 consequatur;
1141 981 1441 1024 conversus
1471 967 1563 1026 ille
1583 977 1698 1036 est,
1751 978 1808 1026 et
1837 985 2034 1041 puero-

450 1071 572 1110 rum
620 1053 818 1110 similis
866 1054 1092 1112 effectus
1125 1074 1139 1110 :
1167 1064 1220 1112 ct
1243 1072 1373 1114 vero
1399 1065 1605 1128 quanto
1630 1059 1806 1132 magis
1839 1060 1895 1116 in
1924 1060 2032 1117 hoc

449 1161 748 1216 puerorum
795 1147 939 1201 circa
983 1147 1252 1217 ejusmodi
1293 1148 1519 1205 affectus
1544 1159 1686 1206 statu
1717 1149 2027 1223 profecerit,

447 1247 599 1293 tanto
627 1237 693 1293 iis
716 1239 808 1308 qui
837 1251 896 1293 se
921 1247 1200 1304 exercent,
1253 1248 1307 1295 et
1331 1240 1575 1296 nondum
1605 1248 1790 1297 tantos
1815 1241 1870 1297 in
1895 1256 2030 1297 con-

448 1331 676 1386 tinentia
726 1346 1049 1402 progressus
1097 1329 1380 1396 fecerunt,
1433 1333 1610 1404 major
1651 1341 1738 1389 est
1773 1333 1830 1389 in
1857 1349 2027 1407 regno

443 1422 733 1477 cmlorum.
775 1419 933 1488 Quod
962 1427 1143 1476 autem
1179 1421 1246 1477 de
1272 1423 1434 1478 rebus
1459 1423 1706 1480 venereis
1738 1424 1793 1480 in
1824 1440 2026 1496 pueros

441 1514 652 1569 dictum
681 1521 802 1578 est,
848 1513 990 1569 idem
1023 1513 1092 1569 de
1120 1512 1347 1584 reliquis
1387 1514 1768 1572 affectionibus
1797 1525 1851 1572 et
1873 1516 2026 1573 infir-

441 1606 728 1662 mitatibus
752 1619 818 1660 ac
841 1605 1047 1662 morbis
1073 1605 1243 1662 animi
1277 1606 1386 1663 dici
1431 1617 1616 1680 queat,
1650 1608 1706 1664 in
1731 1623 1853 1681 quae
1876 1623 1908 1664 a
1933 1625 2026 1666 na-

443 1707 565 1754 tura
606 1705 983 1767 comparatum
1031 1705 1117 1753 est
1162 1707 1222 1754 ut
1247 1713 1358 1754 nou
1401 1699 1644 1757 incidant
1676 1701 1851 1770 pueri,
1897 1702 2024 1772 qui-

441 1804 661 1858 cunque
703 1787 1002 1859 perfectum
1039 1787 1269 1845 rationis
1307 1803 1468 1845 usum
1502 1792 1744 1846 nondum
1785 1790 2020 1849 assecuti

2141 607 2250 672 ξεις
2273 606 2367 659 τοῦ
2387 606 2639 678 σώματος
2666 607 2934 673 Θανατῶν,
2960 611 3054 663 καὶ
3079 628 3098 662 ι
3135 611 3365 664 πάντοτε
3386 610 3484 683 τὴν
3503 613 3712 684 νέκρωσ

2108 714 2223 752 -σιν
2275 695 2368 750 τοῦ
2431 695 2606 768 Ἰησοῦ
2648 698 2706 752 ἑν
2748 698 2828 768 τῷ
2872 698 3087 769 σώματι
3133 699 3466 771 περιφέρων,
3503 719 3523 752 ι
3569 699 3713 756 ὥστε

2106 825 2110 827 Α
2134 790 2348 844 παιδίου
2369 788 2634 860 ἀγεύστου
2663 791 3011 862 ἀφροδισίων,
3045 793 3140 845 καὶ
3167 793 3488 863 ἀνεννοήτου
3533 793 3716 867 ἀνδρι-

2133 883 2245 936 κῶν
2271 883 2586 954 κινημάτων
2604 882 2748 954 ἔχειν
2764 883 3121 949 κατάστασιν,
3141 885 3169 938 δ
3183 884 3424 948 τοιοῦτος
3443 884 3711 959 ἐστράφη,

2132 976 2227 1029 καὶ
2257 976 2481 1044 γέγονεν
2509 975 2585 1040 ὡς
2616 975 2687 1030 τά
2727 977 2935 1031 παιδίαο
2988 976 3083 1031 καὶ
3127 980 3158 1032 ὁ
3196 978 3389 1051 Σωτήρ
3416 995 3483 1048 γε
3510 983 3710 1052 προσέ-

2132 1065 2266 1138 θηκε
2289 1066 2402 1138 (24)
2421 1069 2487 1139 τῇ
2508 1067 2615 1121 τῶν
2646 1067 2874 1121 παιδίων
2907 1067 3036 1139 περὶ
3062 1066 3173 1122 τῶν
3189 1068 3446 1122 τοιούτων
3477 1070 3710 1141 κινημά-

2128 1174 2238 1212 των
2269 1158 2600 1213 καταστάσει
2621 1158 2862 1229 τοσούτῳ
2890 1158 3091 1231 μᾶλλον
3115 1159 3226 1212 τῶν
3249 1159 3586 1226 ἀσκούντων,
3616 1163 3708 1216 καὶ

2129 1249 2223 1304 ἐπὶ
2253 1248 2508 1304 τοσοῦτον
2549 1248 2894 1320 ὲληλακότων
2949 1251 3326 1323 σωφροσύνης,
3377 1251 3462 1319 τὸ,
3508 1252 3707 1323 μείζων

2128 1337 2276 1392 ἐστὶν
2318 1339 2378 1393 ὲν
2407 1343 2475 1412 τῇ
2523 1340 2772 1414 βασιλείᾳ
2813 1341 2921 1397 τῶν
2968 1341 3235 1415 οὐρανῶν.
3284 1343 3463 1416 Ὅπερ
3514 1343 3572 1397 δὲ
3615 1345 3708 1398 ἐπὶ

2125 1430 2234 1485 τῶν
2265 1432 2408 1486 κατά
2438 1433 2509 1488 τὰ
2538 1433 2826 1507 ἀφροδίσια
2861 1434 3106 1489 λέλεκται
3145 1436 3274 1508 περὶ
3308 1435 3417 1490 τῶν
3451 1437 3700 1500 παιδίων,

2124 1521 2269 1576 τοῦτ’
2304 1523 2370 1578 ἂν
2403 1523 2623 1596 λεχθείη
2666 1526 2761 1580 καὶ
2789 1526 2918 1597 περὶ
2943 1524 3053 1579 τῶν
3098 1525 3301 1587 λοιπῶν
3349 1525 3563 1589 παθῶν,
3607 1529 3700 1581 καὶ

2124 1613 2594 1687 ἀρρωστημάτων,
2630 1616 2724 1670 καὶ
2753 1616 3076 1687 νοσημάτων
3099 1615 3201 1685 τῆς
3225 1614 3424 1686 ψυχῆς,
3455 1616 3535 1679 είς
3567 1614 3604 1669 ά
3629 1616 3703 1687 μὴ

2121 1705 2335 1776 πέφυκε
2380 1707 2570 1761 παιδία
2619 1707 2934 1779 ἐμπίπτειν,
2983 1708 3084 1762 ὅσα
3125 1706 3216 1760 τὸν
3262 1705 3422 1775 λόγον
3475 1707 3705 1778 μηδέπω

2123 1797 2597 1871 συμπεπλήρωκεν
2616 1815 2630 1830 ’
2657 1792 2767 1854 οἷον
2789 1799 2875 1853 ἵνα
2893 1801 2990 1854 καὶ
3013 1801 3224 1872 στραφῇ
3258 1815 3363 1863 τις,
3390 1799 3489 1852 καὶ
3519 1799 3702 1853 ὁποῖόν

443 1857 601 1948 sunt;
634 1857 782 1935 verbi
812 1894 1000 1947 causa,
1028 1887 1088 1934 ut
1111 1880 1238 1951 quis
1263 1890 1636 1948 convertatur,
1669 1891 1722 1938 et
1743 1884 2014 1954 quomodo

2121 1857 2238 1942 ἐστι
2283 1888 2343 1943 τὸ
2387 1857 2598 1944 παιδίον
2793 1892 2934 1964 πρὸς
2974 1857 3174 1964 όργῖην,
3199 1857 3446 1956 ἰτοιούτος
3479 1892 3700 1963 γένηται

441 1985 501 2024 se
527 1967 689 2023 habet
720 1967 784 2022 ad
826 1967 964 2022 iram
998 1983 1166 2038 puer,
1199 1968 1322 2024 talis
1346 1969 1470 2035 ille,
1502 1969 1584 2026 vir
1612 1969 1758 2038 licet,
1789 1972 2015 2043 evadat;

438 2067 495 2112 et
519 2055 987 2129 quemadmodum
1017 2071 1077 2114 se
1105 2057 1272 2113 habet
1300 2058 1367 2113 ad
1399 2073 1693 2116 maerorem
1729 2077 1887 2133 puer,
1923 2066 2017 2136 qui

441 2158 555 2202 tum
592 2147 752 2214 ridet,
785 2155 839 2202 et
871 2147 1010 2202 ludit
1045 2163 1464 2220 nonnunquam,
1494 2166 1620 2206 cum
1651 2162 1904 2212 mortuus
1927 2157 2015 2228 ja-

435 2249 523 2294 cet
549 2248 736 2310 pater,
775 2239 862 2295 vel
889 2247 1100 2306 mater,
1149 2240 1234 2295 vel
1261 2241 1460 2312 aliquis
1486 2257 1517 2298 e
1547 2241 1844 2312 fratribus,
1892 2248 2016 2304 talis

438 2331 632 2387 evadat
657 2331 751 2401 qui
782 2345 1082 2387 conversus
1129 2331 1327 2397 fuerit,
1367 2334 1559 2404 quales
1589 2345 1717 2391 sunt
1741 2339 1928 2406 pueri,
1963 2349 2018 2395 ct

436 2422 684 2478 habitum
735 2422 805 2478 ad
846 2423 1257 2494 suscipiendum
1290 2438 1581 2480 maerorem
1630 2427 1857 2484 minime
1889 2445 2016 2499 pro-

437 2517 631 2572 clivem
666 2532 697 2572 a
727 2517 940 2572 ratione
969 2529 1268 2587 comparet,
1314 2525 1376 2572 ut
1414 2517 1592 2588 qualis
1621 2527 1706 2575 est
1744 2519 1812 2575 ad
1841 2521 2014 2576 tristi-

441 2610 574 2666 tiam
603 2609 833 2680 exiguus
861 2608 1143 2680 puerulus,
1173 2608 1296 2664 talis
1322 2608 1412 2664 ille
1443 2609 1532 2665 sit.
1584 2608 1774 2666 Simile
1795 2627 2014 2684 quoque

437 2705 505 2761 de
535 2720 600 2760 eo
633 2703 782 2761 dices
807 2702 954 2774 quod
984 2703 1236 2773 voluptas
1259 2711 1606 2774 nuncupatur
1625 2746 1640 2773 ,
1670 2720 1779 2778 qua
1812 2714 2014 2763 temere

433 2829 487 2874 et
517 2819 724 2890 absque
775 2817 985 2872 ratione
1027 2815 1400 2873 accenduntur
1431 2823 1486 2872 et
1531 2818 1885 2874 stimulantur
1909 2819 2012 2874 ho-

433 2910 610 2965 mines
636 2923 894 2979 nequam,
931 2907 1130 2977 cuique
1175 2907 1400 2962 minime
1440 2907 1664 2963 obnoxii
1692 2907 1852 2981 592
1882 2920 2012 2967 sunt

433 3001 619 3070 pueri,
671 3009 726 3054 et
769 3000 862 3069 qui
889 3005 1284 3053 convertuntur
1322 3013 1386 3053 ac
1428 2999 1612 3067 pueris
1647 2999 1856 3056 similes
1897 3001 2010 3056 eiii-

437 3091 680 3147 ciuntur.
730 3088 1198 3156 Quemadmodum
1231 3103 1363 3145 vero
1402 3100 1656 3146 accurate
1681 3091 1752 3147 ab
1773 3091 1894 3147 aliis
1917 3092 2012 3146 de-

2117 1979 2197 2035 ὣν
2235 1981 2402 2055 ἀνήρ·
2439 1982 2533 2036 καὶ
2588 1983 2770 2038 ὁποῖόν
2804 1984 2920 2037 ἐστι
2964 1983 3027 2037 τὸ
3073 1983 3284 2037 παιδίον
3341 1983 3478 2055 πρὸς
3529 1983 3702 2056 λύπην

2112 2072 2229 2126 ἐσθ’
2262 2072 2349 2126 ὅτε
2389 2073 2542 2145 παρά
2575 2073 2667 2127 τὸν
2707 2074 2896 2145 καιρὸν
2921 2073 3016 2127 τοῦ
3048 2074 3372 2146 τεθνηκότος
3405 2076 3632 2148 πατρὸς,
3665 2078 3696 2148 ἢ

2121 2163 2348 2236 μητρὸς,
2371 2164 2406 2235 ἦ
2425 2181 2570 2229 τινος
2612 2164 2865 2235 ἀδελφοῦ,
2894 2165 2971 2228 ὡς
3011 2164 3178 2237 γελᾷν
3213 2165 3310 2219 καὶ
3336 2166 3552 2232 παίζειν
3579 2171 3696 2221 κατ’

2114 2256 2324 2310 ἐκεῖνον
2353 2257 2444 2310 τὸν
2493 2257 2704 2329 χρόνον,
2739 2255 2981 2320 τοιοῦτος
3024 2256 3093 2311 ἂν
3133 2257 3344 2325 γένοιτο
3374 2260 3403 2312 ὁ
3439 2260 3698 2330 στραφεὶς

2115 2347 2191 2414 ὡς
2239 2349 2429 2403 παιδία
2492 2349 2625 2421 (26),
2671 2350 2763 2405 καὶ
2797 2349 2909 2416 ἕξιν
2951 2350 3236 2406 ἀναλαϐὼν
3287 2353 3352 2404 ὲκ
3389 2351 3550 2421 λόγου
3594 2352 3695 2424 τῆς

2115 2439 2293 2512 λύπης
2331 2441 2728 2512 ἀπαράδεκτον,
2781 2441 2919 2496 ὥστε
2958 2444 3142 2498 ὁποῖόν
3187 2445 3303 2498 ἐστι
3347 2445 3485 2516 πρὸς
3521 2446 3694 2517 λύπην

2114 2531 2176 2584 τὸ
2206 2530 2379 2603 βραχὺ
2411 2533 2642 2598 παιδίον,
2671 2533 2832 2587 αὑτὸν
2873 2534 3146 2604 γενέσθαι.
3191 2536 3266 2589 Τὸ
3295 2536 3340 2588 δ’
3381 2538 3567 2608 ὅμοιον
3594 2540 3695 2611 φή-

2117 2639 2230 2688 σεις
2259 2624 2386 2695 περὶ
2429 2624 2527 2694 τῆς
2575 2625 2916 2698 καλουμένης
2949 2627 3163 2698 ἡδονῆς,
3198 2628 3324 2682 καθ’
3374 2631 3442 2702 ἢν
3485 2630 3695 2700 ἀλόγως

2113 2713 2435 2786 ἐπαίρονται
2473 2716 2523 2767 οἱ
2557 2714 2772 2784 φαῦλοι,
2812 2717 2877 2788 ἢν
2909 2718 2969 2770 ού
2998 2718 3196 2790 πάσχει
3243 2721 3311 2774 τά
3343 2721 3554 2789 παιδία,
3587 2723 3693 2776 οὐδ’

2111 2807 2164 2860 οί
2197 2806 2526 2879 στραφέντες
2559 2809 2655 2861 καὶ
2693 2809 2978 2880 γενόμενοι
3009 2811 3085 2874 ὼς
3116 2811 3185 2865 τὰ
3221 2813 3427 2867 παιδία.
3473 2814 3562 2879 Ὦς
3597 2816 3695 2886 μὲν

2113 2897 2206 2954 οὖν
2253 2900 2388 2974 πρὸς
2430 2901 2494 2954 τὸ
2539 2901 2766 2973 ἀκριϐὲς
2809 2903 3181 2959 ἀποδέδεικται
3226 2907 3320 2960 καὶ
3363 2905 3562 2972 ἄλλοις,
3610 2909 3688 2964 ὅτι

2111 2993 2262 3046 οὐδὲν
2291 2993 2402 3048 τῶν
2431 2994 2617 3050 παθῶν
2657 2995 2845 3050 πίπτει
2889 2999 2968 3061 είς
2999 2997 3069 3051 τὰ
3106 2999 3334 3070 μηδέπω
3375 2992 3679 3072 συμπεπλη-

2116 3086 2327 3158 ρωκότα
2353 3085 2444 3140 τὸν
2479 3085 2638 3156 λόγον
2665 3086 2882 3142 παιδίω
2915 3089 2963 3141 εί
2986 3088 3033 3142 δ’
3061 3088 3234 3155 οὐδὲν,
3268 3090 3498 3161 δηλονότι
3527 3091 3618 3142 καὶ
3648 3092 3677 3143 ὁ

433 3189 802 3236 monstratum
859 3189 962 3246 est,
997 3179 1050 3232 in
1095 3193 1313 3248 pueros,
1365 3180 1566 3250 quibus
1617 3181 1857 3236 nondum
1898 3183 2010 3252 ple-

2115 3175 2296 3245 φόϐος·
2326 3175 2439 3228 ἀλλ’
2465 3177 2515 3229 εἰ
2534 3176 2642 3248 ἀρα
2669 3175 2930 3246 ἀνάλογόν
2958 3193 3011 3230 τι
3033 3180 3143 3241 τοῖς
3165 3178 3382 3244 πάθεσι,
3401 3180 3492 3232 καὶ
3512 3179 3681 3234 ταῦτα

432 3273 558 3329 nior
585 3273 816 3329 rationis
845 3287 975 3327 usus
997 3271 1470 3338 accessit,nullum
1499 3267 1693 3327 horum
1716 3273 2006 3329 affectuum

431 3366 658 3433 cadere;
697 3363 842 3435 quod
873 3363 920 3419 si
966 3361 1208 3426 nullum,
1243 3373 1389 3417 certe
1416 3377 1592 3433 neque
1624 3364 1875 3418 timorem
1905 3381 1918 3418 :
1955 3373 2012 3418 at

431 3461 478 3513 si
509 3457 641 3529 quid
671 3455 837 3511 animi
879 3453 1274 3525 perturbationi
1317 3453 1495 3509 simile
1517 3455 1700 3524 pueris
1724 3455 2008 3524 contingit,

429 3550 688 3618 exiguum
740 3546 872 3601 illud
905 3558 1032 3614 est,
1062 3545 1334 3601 citissime
1372 3559 1701 3600 evanescens
1737 3553 1791 3600 et
1815 3560 2012 3601 consa-

2111 3266 2327 3339 ἀμυδρά
2355 3268 2449 3322 καὶ
2474 3269 2703 3338 τάχιστα
2725 3267 3231 3340 ἀνασκευαζόμενα,
3265 3270 3362 3324 καὶ
3387 3274 3686 3342 θεραπευό-

2114 3376 2250 3431 μενα
2272 3358 2478 3428 γίνεται
2501 3361 2559 3413 ἐν
2585 3363 2698 3425 τοῖς
2727 3362 2982 3427 παιδίοις,
3018 3363 3093 3428 ὡς
3118 3363 3402 3434 ἀγαπητὸν
3425 3360 3564 3418 εἶναι
3594 3367 3687 3418 ἐπὶ

2107 3448 2266 3502 τοῦτο
2300 3448 2502 3518 φθάσαι
2530 3450 2622 3504 τὸν
2647 3451 2963 3523 στραφέντα
2991 3453 3067 3517 ὡς
3098 3453 3169 3507 τά
3198 3453 3384 3506 παιδία
3416 3453 3540 3508 ὅσον
3575 3454 3684 3524 ἔχει

2109 3541 2212 3612 τῆς
2247 3543 2410 3596 οἱονεὶ
2443 3542 2711 3615 ὑποϐολῆς
2743 3544 2852 3598 τῶν
2884 3544 3074 3598 παθῶν
3117 3546 3195 3610 ὡς
3226 3547 3295 3600 τὰ
3329 3547 3541 3600 παιδία.
3581 3547 3688 3600 Καὶ

430 3655 690 3707 nescens;
748 3638 883 3693 adeo
932 3647 992 3692 ut
1042 3638 1086 3693 si
1121 3645 1449 3692 consecutus
1495 3636 1626 3691 illud
1674 3634 1866 3702 fuerit,
1912 3638 2006 3707 qui

2115 3633 2242 3702 περὶ
2277 3632 2439 3704 φόϐου
2473 3634 2650 3688 τοίνυν
2682 3635 2752 3688 τὰ
2794 3636 2954 3706 ὅμοια
2986 3639 3099 3700 τοῖς
3130 3624 3688 3712 ἀποδεδομένοιςνοή-

428 3746 725 3801 puerorum
773 3727 971 3784 similis
1019 3728 1376 3784 conversione
1425 3726 1602 3784 factus
1626 3738 1738 3795 est,
1768 3739 1827 3784 ut
1847 3729 2000 3798 pueri

2115 3740 2253 3778 σειεν
2276 3724 2410 3797 (27),
2441 3726 2523 3780 ὅτι
2557 3725 2628 3780 τὰ
2661 3726 2848 3781 παιδία
2879 3727 2971 3780 τὸν
3008 3727 3107 3797 μὲν
3139 3727 3304 3797 φόϐον
3334 3729 3444 3782 τῶν
3474 3729 3689 3799 φαύλων

429 3823 602 3878 instar
631 3819 858 3877 aﬂ’ectus
888 3835 1019 3876 suos
1052 3818 1154 3875 sibi
1190 3817 1347 3890 quasi
1385 3817 1712 3889 subjcccrit,
1745 3819 2002 3890 przeclare

2115 3818 2168 3870 ού
2197 3817 2417 3890 πάσχει,
2448 3818 2576 3874 ἀλλο
2598 3819 2655 3872 δέ
2676 3820 2793 3873 τιοὶ
2822 3817 3230 3890 διακριϐοὖντες
3257 3819 3325 3877 τὰ
3347 3821 3457 3876 τῶν
3477 3822 3684 3889 παθῶν,

1632 3937 1864 3998 VETUS
1898 3938 2483 4000 INTERPRETATIO.

423 4062 818 4120 circumferens
862 4062 926 4133 in_
959 4075 1187 4132 corpore
1224 4077 1360 4127 suo,
1395 4080 1414 4114 ι
1463 4071 1522 4118 ιιι
1559 4077 1693 4133 puer
1721 4063 1815 4132 qui
1855 4060 2144 4133 muliebria
2184 4061 2427 4116 nondum
2474 4061 2730 4127 tentavit,
2767 4074 2866 4116 nec
2896 4060 3068 4118 sensit
3109 4069 3292 4133 motus
3331 4063 3551 4131 viriles,
3587 4065 3687 4120 iste

424 4135 552 4212 talis
563 4149 877 4212 conversus
905 4131 1083 4212 factus
1109 4141 1194 4188 est
1222 4133 1380 4212 sicut
1412 4131 1572 4202 puer.‘
1597 4133 1672 4212 _Et
1701 4131 1909 4212 quanto
1939 4131 2173 4212 amplius
2207 4133 2726 4212 appropinquaverit
2758 4133 2946 4212 pueris
2979 4132 3237 4212 recedens
3267 4133 3337 4187 ab
3366 4133 3681 4212 hujustnodi

421 4205 682 4269 motibus,
723 4214 873 4258 tanto
922 4202 1156 4271 amplius
1204 4201 1421 4257 caeteris
1469 4201 1894 4266 continentibus,
1929 4211 1984 4256 et
2021 4201 2086 4256 ad
2133 4201 2430 4269 perfectum
2473 4201 2822 4257 continentiae
2871 4202 3166 4257 ascendere
3211 4217 3319 4256 non
3354 4201 3681 4268 valentibus,

422 4276 600 4343 major
631 4274 879 4328 habetur.
913 4270 1066 4343 Quod
1099 4281 1278 4326 autem
1311 4281 1530 4342 propter
1569 4274 1862 4327 muliebres
1905 4272 2188 4342 passiones
2227 4273 2429 4343 dictum
2462 4270 2530 4343 de
2562 4272 2803 4343 parvulis
2828 4281 2932 4343 est,
2963 4272 3067 4343 hoc
3102 4272 3281 4342 ipsum
3327 4273 3509 4329 dicere
3545 4288 3683 4328 con-

421 4340 578 4422 venit.
627 4352 682 4398 et
722 4344 774 4397 in
817 4342 1028 4422 ceteris
1064 4340 1441 4422 passionibus,
1485 4352 1539 4396 et
1579 4340 1955 4422 languoribus,
1990 4352 2043 4422 et
2069 4341 2280 4398 caeteris
2329 4340 2736 4422 infirmitatibus
2771 4341 2998 4422 animm,
3047 4341 3100 4395 in
3125 4340 3270 4412 quas
3307 4357 3497 4422 omnes
3524 4343 3678 4422 pueri

421 4429 530 4468 non
567 4415 852 4468 incurrunt
876 4411 1027 4481 prius
1053 4427 1216 4479 quam
1265 4411 1526 4480 incipiant
1567 4413 1879 4467 absolutum
1911 4411 2159 4480 proferre
2205 4426 2511 4468 sermonem
2545 4430 2558 4466 :
2587 4420 2799 4480 utputa,
2839 4411 2900 4467 ut
2927 4425 3224 4481 conversus
3257 4411 3380 4478 quis
3411 4413 3505 4466 (lat
3529 4411 3681 4466 sicut

420 4485 678 4553 parvulus
727 4479 975 4553 puer’ini
1009 4479 1110 4546 ira,
1139 4496 1264 4553 cum
1293 4479 1528 4553 sit’vir;
1558 4491 1612 4536 et
1652 4482 1793 4553 sicut
1829 4479 1925 4553 est:
1953 4481 2225 4553 parvulus
2255 4496 2389 4553 puer
2431 4481 2498 4536 ad
2522 4552 2526 4553 ί
2554 4479 2862 4553 tristitiam,
2907 4483 2999 4551 qui
3025 4480 3308 4553 interdum
3351 4481 3403 4553 in
3437 4491 3682 4553 tempore

421 4548 621 4608 inortui
674 4548 866 4622 patris,
898 4552 991 4622 vel
1015 4551 1225 4616 matris,
1261 4552 1343 4622 vel
1373 4551 1602 4620 alicujus
1638 4551 1797 4606 amici
1839 4548 1979 4606 ridet
2025 4560 2080 4606 et
2119 4548 2275 4617 ludit,
2323 4553 2447 4607 talis
2503 4552 2596 4607 liat
2638 4553 2741 4619 vir,
2791 4548 3164 4607 habitudinem
3215 4551 3481 4622 puerilem
3535 4548 3684 4622 circa

423 4619 689 4679 tristitias
722 4619 1061 4692 repellendas
1113 4620 1450 4692 perfectioris
1498 4619 1694 4675 animae
1725 4621 1937 4676 ratione
1974 4630 2347 4692 commutatis.
2400 4622 2663 4677 Similiter
2711 4623 2862 4678 dices
2908 4621 3053 4677 circa
3100 4621 3440 4676 extollentias
3483 4621 3683 4692 quibus

419 4689 860 4748 irrationabiliter
901 4689 1233 4745 extolluntur
1277 4690 1527 4744 homines
1552 4692 1645 4760 qui
1677 4705 1784 4745 non
1815 4699 1939 4745 sunt
1968 4690 2086 4755 Dei,
2119 4706 2257 4759 quas
2287 4692 2439 4760 pueri
2482 4706 2590 4746 non
2619 4692 2919 4761 patiuntur,
2952 4705 3053 4746 nec
3074 4693 3169 4761 qui
3198 4692 3447 4761 conversi
3481 4689 3683 4761 fuerint

420 4763 775 4833 sicutpueri.
812 4761 878 4817 Et
911 4761 1059 4833 nulla
1105 4774 1241 4833 pene
1285 4761 1469 4833 passio
1500 4758 1658 4833 cadit
1701 4761 1755 4814 in
1785 4775 2003 4833 pueros,
2051 4758 2344 4833 antequam
2398 4758 2661 4830 incipiant
2691 4761 2938 4816 absolute
2965 4758 3155 4833 loqui.
3178 4758 3472 4833 _Si_autem
3506 4760 3678 4833 nulla,

419 4828 770 4900 manifestum
798 4841 881 4887 est
908 4831 1034 4900 quia
1069 4828 1169 4884 nec
1197 4828 1382 4892 timor,
1409 4830 1512 4885 nisi
1538 4828 1677 4884 forte
1705 4830 2004 4884 secundum
2037 4828 2452 4884 aestimationem
2482 4828 2800 4886 caeterarum
2831 4828 3146 4900 passionum
3178 4830 3315 4884 levis
3344 4840 3398 4886 et
3431 4829 3684 4884 transito-

421 4901 560 4954 rius.
594 4897 751 4956 Pueri
780 4897 939 4955 cninf
957 4901 1160 4954 malum
1199 4900 1449 4971 timorem
1495 4915 1600 4971 non
1629 4901 1930 4971 patiuntur,
1961 4908 2184 4971 utputa,
2219 4900 2264 4955 si
2303 4901 2424 4971 quis
2464 4914 2632 4971 puero
2673 4897 3040 4971 comminetur
3073 4915 3140 4954 ne
3167 4914 3463 4954 mammam
3507 4907 3682 4971 petat,

419 4971 506 5025 vel
538 4985 606 5025 ne
641 4972 841 5041 ploret,
874 4979 1109 5024 terretur
1148 4969 1396 5040 quidem,
1440 4970 1534 5026 sed
1587 4968 1750 5025 tiinor
1793 4969 1914 5040 ejus
1969 4969 2181 5025 stabilis
2225 4968 2333 5025 non
2368 4968 2477 5025 est;
2502 4968 2565 5025 Si
2603 4970 2727 5040 quis
2773 4981 2952 5025 autem
2998 4978 3198 5026 terreat
3232 4985 3460 5038 puerum
3494 4969 3678 5033 talem,

493 5081 540 5115 “
580 5079 622 5136 ll
653 5080 780 5137 Cor.
815 5097 885 5148 tv,
926 5082 1013 5138 10.

489 5205 606 5276 (26)
644 5204 756 5258 Kal
788 5207 821 5258 ό
849 5203 1051 5272 Σωτήρ
1079 5222 1146 5275 τε
1178 5205 1534 5274 προσέθηκε,
1566 5202 1899 5276 etc.__Voeem
1924 5203 1994 5258 .il-

418 5273 540 5347 iam,
553 5273 746 5347 Σωτήρ
773 5273 1116 5347 contraxerat
1141 5273 1396 5347 librarius
1422 5273 1629 5347 codicis
1660 5273 1992 5347 Holtniensis

420 5349 476 5402 in
523 5346 654 5419 Σῆρ,
689 5344 1161 5419 quemadmodum
1195 5356 1249 5419 ct
1292 5346 1382 5419 ille
1421 5344 1574 5419 Regii
1629 5344 1856 5419 codicis,
1896 5345 1990 5419 qui

421 5415 791 5488 tamcn'codex
822 5430 921 5486 pro
940 5417 982 5488 -ὀ
1007 5416 1119 5488 Σῆρ
1151 5416 1380 5471 habebat
1410 5417 1475 5488 ad
1497 5415 1648 5488 oram
1678 5416 1822 5481 ὅσον,
1843 5415 1990 5484 quod

419 5487 766 5542 verissimum
797 5494 900 5541 est.
933 5485 1024 5540 Sic
1051 5485 1182 5556 ergo
1210 5486 1546 5556 toutm‘illud
1571 5501 1783 5556 comma
1812 5498 1994 5556 emen-

420 5557 657 5628 dandum
687 5567 793 5622 est,
830 5557 939 5628 Καὶ
964 5557 1086 5609 ὅσον
1119 5552 1181 5625 Ῡε
1201 5554 1512 5628 προσέθηκε
1537 5557 1603 5628 τῇ
1625 5555 1733 5609 τῶν
1763 5552 1992 5628 παιδίων

419 5627 549 5698 περι
580 5625 969 5698 τώνῌτειούτων
1011 5622 1346 5698 κινημάτων
1371 5622 1726 5698 καταστάσει,
1753 5622 1992 5698 τοσούτῳ

424 5693 625 5766 μᾶλλον
649 5695 756 5748 τῶν
785 5693 1237 5766 ἀσκούντωνίίιαὶ
1268 5697 1360 5748 ἐπὶ
1385 5695 1635 5766 τοσοῦτον
1678 5696 1778 5766 οὐκ
1803 5693 1998 5766 εληλα-

422 5762 623 5836 iccirva
637 5766 988 5836 σωφροσύνης
1018 5765 1218 5835 μείζων
1261 5767 1405 5836 ἐστὶν
1434 5768 1491 5819 ὲν
1617 5763 1861 5836 βασιλείᾳ
1887 5762 1996 5836 τῶν

421 5833 683 5907 οὐρανῶν.
723 5831 817 5890 llis
843 5831 1108 5892 consentit
1137 5843 1292 5892 vetus
1320 5831 1739 5905 interprcs,'qui
1768 5831 1847 5891 sic
1898 5831 1996 5898 ha-

2095 5203 2186 5259 bet
2219 5221 2232 5259 :
2273 5223 2290 5257 ι
2323 5202 2388 5258 Et
2420 5212 2626 5276 quanto
2658 5205 2894 5276 amplius
2918 5203 3449 5276 appropinquaverit
3467 5202 3678 5272 pueris,

2094 5276 2356 5354 recedens
2383 5275 2453 5354 ab
2480 5275 2795 5354 hujusmodi
2825 5275 3274 5354 motibusgtanto
3308 5275 3544 5354 amplius
3575 5286 3678 5354 ca:-

2095 5347 2224 5401 teris
2283 5345 2714 5416 continentibus,
2762 5356 2816 5402 et
2872 5347 2940 5402 ad
2991 5344 3293 5416 perfectum
3329 5344 3682 5416 continentia:

2095 5415 2392 5470 ascendere
2417 5410 2878 5486 Anon_valentibus
2898 5410 3088 5486 rma'jor
3123 5415 3372 5486 habetur.
3403 5432 3421 5464 ι
3453 5410 3629 5466 Hum.

2161 5486 2278 5557 (25)
2318 5483 2501 5557 Codex
2523 5483 2764 5557 Regius,
2793 5486 2854 5538 τὸ
2885 5483 3060 5557 βραχὺ
3087 5483 3322 5539 παιδίον.

2165 5553 2277 5624 (se)
2317 5553 2484 5622 Idem,
2514 5553 2722 5610 παιδία.

2171 5622 2280 5694 (27)
2319 5625 2502 5680 Codex
2538 5625 2889 5693 Tariuianus,
2913 5622 3389 5694 ἀποδεδειγμένοις
3409 5623 3674 5694 νοήσειεν.

2103 5692 2306 5818 ξιιὲςὶυε
2354 5697 2516 5752 etiam
2568 5697 2727 5753 habet
2771 5692 3035 5766 νοήσειεν.
3073 5692 3184 5753 Sed
3209 5692 3518 5765 legendum
3548 5707 3678 5766 νοη-

2138 5780 2160 5816 ε
2188 5781 2264 5818 εν.

2138 5780 2264 5821 ειεν.
