4028 6296
331 363 466 420 11έί
1249 373 1604 431 COMMENT.
1649 374 1716 430 IN
1768 375 1911 434 MAT

2016 375 2186 436 EUM
2229 378 2466 437 TOMUS
2505 380 2642 437 Xlll.
3450 388 3588 443 lli?

320 485 460 540 ὅπου
484 483 514 538 6
529 483 745 557 δράκων
768 483 828 540 ὃν
856 503 875 536 ‹
905 483 1140 543 ἔπλασεν
1162 489 1190 544 6
1215 489 1349 555 Θεὸς
1371 494 1659 564 ἐμπαίζειν
1681 494 1854 565 αὐτῷ’
1886 513 1905 548 ι

2016 495 2160 566 quod
2191 496 2244 550 in
2267 499 2668 554 resurrectione
2700 507 2967 566 assumet,
2992 509 3052 556 ut
3077 500 3132 555 in
3163 501 3442 574 abyssum,
3468 521 3591 574 qua:

323 575 489 641 ἄλλος
509 577 570 630 δὲ
592 578 653 630 τὸ
679 579 1052 645 σκανδαλίζειν
1085 581 1181 636 ἕνα
1203 582 1310 636 τῶν
1341 582 1554 654 μικρῶν
1584 583 1788 638 ἀνοίσει
1812 586 1905 640 ἐπὶ

2016 587 2182 642 maris
2230 587 2564 657 profundum
2609 592 2950 660 appellatur,
3004 593 3098 647 ubi
3151 594 3318 649 draco
3365 594 3456 650 ille
3506 605 3593 652 est

322 661 426 727 τὰς
466 663 730 734 ἁοράτους
780 664 1090 737 ἀνθρώποις
1129 669 1417 740 δυνάμεις⁹
1458 671 1628 725 πολλὰ
1663 673 1773 745 γὰρ
1813 675 1907 728 καὶ

2016 692 2170 748 quem
2203 679 2516 736 «formavit»
2555 680 2697 737 Deus
2723 683 2818 738 «ad
2861 683 3194 739 illudendum
3227 685 3298 750 ei,
3331 704 3350 737 ι
3381 685 3592 741 demer-

323 753 436 806 ἀπὸ
466 753 672 808 τούτων
709 756 990 813 σκάνδαλα
1011 760 1097 823 ἐίς
1122 762 1248 824 τοὺς
1269 761 1653 834 δεικνυμένους
1683 765 1790 818 ὑπὸ
1811 764 1905 826 τοῦ

2016 776 2187 840 ga’tur.
2201 771 2356 826 Alius
2381 779 2559 826 autem
2583 771 2935 829 offensionem
2961 774 3057 828 uni
3079 789 3109 830 e
3133 777 3376 845 parvulis
3404 778 3592 847 praebi-

335 844 514 917 Ἵησοῦ
561 850 795 919 μικροὺς
835 850 1068 918 γίνεται,
1104 851 1243 906 ἐπάν
1271 853 1329 906 δὲ
1370 855 1762 910 σκανδαλίσωσι
1795 854 1907 928 (35)

2016 869 2120 913 tam
2169 859 2237 914 ad
2275 870 2569 929 potestates
2611 862 2844 930 referet,
2903 880 3051 934 quae
3079 844 3364 921 hominum
3405 844 3594 924 oculis

322 937 434 991 τῶν
464 938 834 1011 δεικνυμένων
869 943 974 996 ὑπὸ
1021 942 1116 997 τοῦ
1160 945 1340 1014 Ἰησοῦ
1383 947 1594 1017 μικρῶν
1628 947 1759 1010 ἕνα,
1820 966 1910 1000 πι-

2016 949 2268 1019 usurpari
2297 967 2406 1006 non
2447 962 2706 1022 possunt;
2741 956 2989 1024 plurima:
3035 957 3302 1025 siquidem
3338 957 3594 1013 oil‘ensio-
3629 992 3633 994 -

327 1031 626 1086 στευόντων
658 1035 738 1096 εἰς
766 1033 954 1102 αὐτὸν,
984 1034 1161 1089 ὁνικδν
1199 1035 1370 1108 μύλον
1389 1038 1450 1091 τὸ
1477 1038 1714 1110 φθαρτὸν
1751 1039 1911 1110 σῶμα

2016 1057 2115 1097 nes
2144 1045 2196 1096 in
2229 1043 2482 1111 parvulos
2511 1059 2541 1098 a
2563 1043 2696 1099 Jesu
2721 1055 3058 1102 monstratos
3091 1047 3160 1101 ab
3191 1047 3298 1102 illis
3340 1047 3596 1102 derivan-

325 1121 389 1174 τὸ
433 1121 669 1194 βαρῦνον
707 1125 887 1197 ψυχὴν
921 1126 1274 1198 ἀναλήψεται,
1310 1130 1658 1200 κρεμάμενον
1700 1131 1766 1182 ἐκ
1813 1129 1908 1184 τοῦ

2016 1143 2102 1188 tur
2127 1152 2141 1189 :
2174 1142 2458 1205 postquam
2487 1145 2667 1190 autem
2694 1153 2865 1191 unum
2895 1154 2926 1192 e
2953 1139 3200 1207 parvulis
3230 1156 3258 1192 a
3279 1137 3407 1194 Jesu
3435 1154 3596 1194 mon-

327 1212 732 1284 καθελκομένου
754 1215 914 1270 αὐτὸν
937 1217 1029 1270 ἐπὶ
1043 1218 1112 1272 τὰ
1141 1217 1264 1288 τῇδε
1291 1219 1593 1290 πράγματα
1613 1220 1906 1291 τραχήλου,

2016 1227 2220 1290 stratis,
2259 1226 2314 1279 in
2361 1240 2596 1295 eumque
2631 1226 2983 1283 credentibus
3025 1229 3370 1294 oﬂ‘endcrint,
3404 1229 3597 1283 asina-

330 1302 420 1357 Eva
449 1304 538 1358 διὰ
576 1305 782 1360 τούτων
826 1308 1124 1380 καθαιρεθῇ
1166 1309 1345 1363 αὐτῶν
1381 1311 1442 1368 τὸ
1485 1310 1678 1381 οἴημα,
1712 1313 1807 1364 καὶ
1831 1310 1910 1364 τίς-

2016 1315 2148 1368 riatn
2187 1314 2387 1369 molam
2423 1323 2691 1380 assumet,
2725 1330 2924 1384 corpus
2965 1317 3218 1371 videlicet
3251 1315 3595 1386 corruptioni

332 1410 527 1459 σαντες
549 1396 724 1468 δίκην,
750 1400 808 1452 ὲν
827 1398 903 1469 τῷ
927 1400 1258 1472 συμφέροντι
1285 1401 1472 1466 αὐτοῖς
1498 1402 1586 1456 διὰ
1607 1402 1702 1458 τοῦ
1725 1399 1911 1458 ὁνικοῦ

2016 1402 2334 1466 obnoxium,
2366 1404 2890 1473 animamgravaus,
2943 1421 3272 1474 suspensum
3317 1408 3386 1462 de
3430 1407 3594 1473 collo,

334 1485 504 1555 μύλου
530 1487 819 1556 γένωνται.
1299 1508 1302 1512 ’
1633 1525 1635 1527 ί

2016 1507 2122 1564 quo
2145 1495 2198 1548 in
2226 1495 2348 1550 vita:
2381 1495 2547 1564 hujus
2583 1496 2799 1565 negotia
2829 1496 3083 1552 deorsum
3127 1498 3402 1566 trahetur;
3440 1507 3500 1552 ut
3530 1498 3598 1552 de

332 1593 475 1633 vana
520 1580 604 1634 sui
639 1581 1045 1641 existimatione
1077 1585 1277 1642 horum
1301 1604 1404 1660 ope
1433 1588 1794 1658 dejiciantur,
1824 1599 1878 1646 et
1918 1597 2208 1659 postquam
2237 1604 2432 1660 pinnas
2461 1589 2682 1658 iuerint,
2703 1591 2779 1660 εἰει
2819 1591 2967 1660 quod
2993 1591 3098 1646 sibi
3129 1592 3258 1646 utile
3284 1592 3389 1647 erit
3439 1592 3597 1647 mola:

340 1670 596 1728 asinariae
625 1673 890 1730 beneﬁcio
912 1688 1340 1748 consequantur.
1885 1709 1890 1714 -
3570 1727 3573 1730 -

405 1767 516 1822 Kal.
553 1767 686 1839 άλλη
719 1768 776 1822 δὲ
798 1769 1056 1842 διήγησις
1097 1772 1246 1844 παρὰ
1278 1773 1379 1845 τὴν
1415 1768 1784 1846 ἁπλούστερον
1825 1774 1911 1830 λε-

2091 1775 2181 1829 18.
2233 1772 2438 1828 Praeter
2485 1773 2766 1830 rudiorem
2815 1773 2956 1828 hanc
3003 1773 3440 1844 explicationem,
3490 1775 3598 1830 alia

333 1859 571 1929 γομένην
613 1859 866 1932 λελέχθω,
918 1863 1030 1916 εἴτε
1081 1865 1158 1928 ὡς
1196 1866 1391 1936 δόγμα,
1431 1867 1542 1921 εἴτε
1587 1868 1664 1932 ὡς
1706 1884 1911 1938 γυμνα-

2017 1866 2263 1934 insuper,
2302 1864 2418 1919 sive
2452 1873 2511 1918 ut
2542 1864 2738 1934 dogma
2759 1901 2775 1928 ,
2827 1863 2943 1918 sive
2975 1863 3382 1920 exercitationis
3422 1863 3597 1933 gratia

335 1950 453 2003 σίου
498 1950 700 2016 ἕνεκεν,
749 1954 846 2008 καὶ
893 1953 1222 2027 ζητήσωμεν
1265 1961 1418 2012 ποῖον
1466 1959 1911 2032 προσκαλεσάμε-

2016 1955 2348 2026 prol'eralur,
2379 1963 2433 2010 et
2457 1969 2750 2024 quemnam
2783 1953 3070 2024 puerulum
3101 1968 3131 2008 a
3175 1969 3233 2009 se
3271 1955 3597 2010 accersitum

332 2056 421 2104 νος
454 2042 665 2096 παιδίον
707 2045 736 2097 6
778 2045 1006 2116 Ἰησοῦς,
1040 2046 1268 2118 ἔστησεν
1305 2050 1364 2104 ὲν
1405 2051 1557 2122 μέσῳ
1586 2052 1697 2105 τῶν
1737 2051 1911 2123 μαθή-

2016 2049 2072 2104 in
2099 2047 2281 2103 medio
2318 2047 2711 2117 discipulorum
2744 2044 3029 2100 constituit
3067 2044 3247 2117 Jesus,
3289 2054 3598 2114 perscruta-

329 2132 461 2185 τῶν.
506 2134 646 2206 Ὅρα
683 2135 742 2188 δὲ
780 2138 829 2189 εί
871 2135 1096 2192 δύνασαι
1134 2138 1246 2210 (36)
1281 2141 1343 2194 τὸ
1380 2143 1725 2197 ταπεινῶσαν
1755 2143 1911 2196 ἑαυτὸ

2017 2157 2163 2197 mur.
2192 2140 2328 2196 Vide
2356 2156 2488 2194 num
2521 2155 2751 2210 puerum
2781 2155 2812 2192 a
2843 2137 2970 2194 Jesu
2987 2139 3317 2194 accersitum
3346 2147 3597 2194 sanctum

334 2222 559 2292 Πνεῦμα
610 2224 785 2295 ἅγιον,
835 2228 942 2281 ὑπὸ
993 2230 1086 2284 τοῦ
1143 2232 1394 2304 Σωτῆρος
1427 2235 1771 2306 προσκληθδν
1822 2234 1911 2287 καὶ

2016 2247 2142 2288 esse
2175 2231 2437 2301 Spiritum
2479 2231 2660 2285 dicere
2692 2227 2895 2299 possis,
2933 2229 3025 2297 qui
3070 2243 3128 2284 se
3167 2229 3345 2297 ipsum
3376 2227 3595 2297 abiecit,

331 2315 528 2368 σταθὲν
559 2317 618 2370 ἐν
653 2317 804 2388 μέσῳ
827 2319 906 2390 τῷ
933 2322 1244 2393 ἡγεμονικῷ
1273 2324 1385 2378 τῶν
1417 2325 1676 2396 μαθητῶν
1716 2325 1911 2397 Ἰησοῦ,

2019 2340 2049 2379 a
2079 2323 2367 2379 Servatore
2399 2322 2562 2392 595
2607 2321 2816 2377 accitus
2843 2328 2949 2388 est,
2973 2329 3027 2376 et
3064 2320 3118 2374 in
3151 2320 3329 2374 media
3358 2320 3602 2390 discipu-

329 2405 508 2459 εἰπεῖν
534 2401 673 2461 εἶναι
705 2409 734 2461 δ
776 2411 1217 2479 προσεκαλέσατο
1261 2416 1290 2467 6
1337 2415 1547 2486 Ἰησοῦς
1587 2415 1818 2468 παιδίονο
1869 2415 1911 2468 ei

2019 2417 2196 2472 lorum
2225 2415 2353 2472 Iesu
2404 2425 2587 2470 mente
2617 2414 2980 2479 constitutus;
3032 2413 3115 2468 vel
3161 2428 3294 2468 num
3344 2428 3443 2468 nos
3493 2413 3602 2468 alia

330 2512 394 2550 τε
445 2495 693 2566 βούλεται
740 2502 888 2572 ἡμᾶς
933 2503 1113 2558 πάντα
1161 2504 1230 2558 τὰ
1276 2505 1412 2560 ἄλλα
1462 2506 1920 2578 ἀποστραφέντας

333 2591 641 2660 πραρῆναι
695 2592 833 2663 πρὸς
875 2593 944 2648 τά
989 2595 1410 2668 παραδείγματα
1457 2599 1564 2652 ὑπὸ
1611 2597 1708 2651 τοῦ
1760 2599 1918 2666 ἁγίου

335 2679 747 2753 ὐποδαλλόμενα
783 2686 1120 2758 Πνεῦματος,
1154 2687 1295 2743 ὥστε
1317 2693 1466 2762 ἡμᾶς
1493 2691 1636 2746 οὕτω
1664 2692 1920 2762 γενέσθαι

333 2768 412 2832 ὡς
439 2771 508 2824 τὰ
544 2774 732 2828 παιδία
769 2776 836 2830 τὰ
875 2779 972 2830 καὶ
1017 2780 1158 2834 αὐτὰ
1205 2783 1536 2854 στραφέντα,
1576 2782 1672 2838 καὶ
1721 2786 1920 2856 ὁμοιω-

335 2860 498 2916 θέντα
547 2861 625 2934 τῷ
671 2867 810 2938 ἁγίῳ
844 2870 1146 2942 Πνεύματιο
1192 2873 1351 2929 ἅτινα
1396 2875 1586 2930 παιδία
1633 2875 1836 2930 ἔδωκεν
1890 2879 1920 2932 6

336 2952 468 3018 Θεὸς
503 2956 580 3026 τῷ
629 2958 864 3031 Σωτῆρι,
913 2963 1054 3016 κατὰ
1092 2964 1155 3018 τὸ
1205 2966 1262 3018 ὲν
1325 2959 1524 3037 Ἡσαΐᾳ
1571 2966 1916 3038 λελεγμένον⁶

339 3058 358 3091 t
409 3041 536 3095 Ἰδοὺ
564 3044 672 3113 ἐγὼ
701 3049 880 3102 καὶτὰ
904 3051 1089 3106 παιδία
1122 3053 1158 3107 ἆ
1184 3071 1274 3124 μοι
1301 3053 1499 3110 ἔδωκεν
1521 3056 1550 3108 6
1575 3054 1728 3121 Θεός⁸
1769 3077 1787 3109 ι
1824 3057 1920 3112 καὶ

2020 2506 2202 2561 omnia
2252 2505 2614 2570 fastidientcs,
2661 2505 2728 2559 ad
2774 2503 3020 2573 exempla
3069 2518 3100 2556 a
3159 2502 3363 2573 Spiritu
3409 2513 3602 2564 sancto

2021 2608 2272 2669 suggesta
2309 2597 2552 2652 converti
2587 2597 2735 2662 velit,
2768 2597 2904 2652 adeo
2925 2605 2986 2652 ut
3013 2596 3312 2651 efﬁciamur
3339 2605 3601 2664 tanquam

2021 2687 2194 2756 pueri,
2227 2688 2320 2756 qui
2352 2695 2407 2742 et
2440 2687 2542 2756 ipsi
2574 2687 2858 2754 conversi,
2885 2696 2936 2742 et
2981 2687 3204 2757 Spiritui
3235 2695 3426 2740 sancto
3451 2686 3602 2741 simi-

2019 2778 2100 2833 les
2150 2777 2278 2833 facti
2330 2777 2566 2844 fuerint;
2615 2793 2754 2848 quos
2798 2777 3020 2849 quidem
3076 2793 3276 2848 pueros
3325 2777 3601 2833 Serratori

2020 2869 2170 2926 dedit
2205 2869 2380 2936 Deus,
2415 2869 2576 2940 juxta
2619 2869 2674 2924 id
2704 2869 2928 2939 quodin
2961 2868 3101 2929 Isaia
3144 2869 3348 2928 dictum
3383 2877 3466 2924 est
3509 2869 3598 2930 ‘9;

2027 2981 2047 3014 ι
2078 2961 2216 3016 Ecce
2245 2976 2346 3028 ego
2378 2970 2432 3016 et
2478 2963 2633 3032 pueri
2676 2976 2817 3032 quos
2856 2961 3006 3016 dedit
3053 2960 3184 3014 mihi
3238 2960 3535 3027 Dominus;
3573 2979 3593 3011 ν

2021 3067 2121 3107 nec
2155 3066 2286 3107 vero
2314 3051 2369 3105 in
2404 3067 2637 3121 regnum
2690 3053 2956 3106 ecelorum
3002 3051 3209 3106 intrare
3252 3051 3336 3106 fas
3379 3051 3454 3106 illi
3492 3061 3598 3118 est,

331 3131 432 3185 οὐκ
470 3133 583 3188 ἔστι
615 3153 678 3205 γε
704 3140 964 3195 εἰσελθεῖν
994 3145 1075 3207 είς
1105 3145 1205 3216 τὴν
1226 3146 1334 3198 τῶν
1359 3147 1604 3219 οὐρανῶν
1635 3148 1911 3218 βασιλείαν

2016 3144 2109 3214 qui
2139 3159 2248 3199 non
2281 3160 2311 3199 a
2344 3145 2636 3200 mundanis
2665 3143 2900 3215 negotiis
2931 3158 3050 3199 sese
3077 3145 3350 3210 averterit,
3383 3155 3435 3198 et
3464 3159 3600 3214 pue-

331 3224 410 3296 μὴ
445 3229 754 3299 στραφέντα
797 3231 906 3285 ἀπὸ
939 3233 1046 3286 τῶν
1078 3236 1362 3308 κοσμικῶν
1408 3239 1768 3310 πραγμάτων,
1818 3243 1911 3294 καὶ¹

2016 3248 2200 3288 rorum
2231 3233 2492 3303 Spiritum
2516 3243 2770 3290 sanctum
2802 3231 3122 3288 habentium
3153 3233 3350 3289 similis
3373 3232 3599 3290 eﬂectus
3639 3261 3646 3270 -

327 3317 728 3388 ὲξομοιωθέντα
765 3327 878 3388 τοῖς
911 3326 973 3378 τὸ
1015 3327 1240 3399 Πνεῦμα
1272 3329 1332 3382 τὸ
1378 3331 1532 3400 ἅγιον
1575 3334 1911 3406 πεφορηκόσι

2016 3321 2210 3390 fuerit;
2245 3339 2408 3393 quem
2441 3322 2662 3394 quidem
2694 3322 2960 3393 Spiritum
2995 3330 3268 3390 sanctum,
3309 3323 3405 3394 qui
3437 3340 3468 3378 a
3499 3339 3599 3379 sua

327 3409 596 3475 παιδίοις·
631 3415 769 3487 ὅπερ
825 3416 1050 3490 Πνεῦμα
1110 3421 1264 3490 ἅγιον
1323 3424 1837 3496 προσκαλεσάμενος
1886 3428 1911 3482 6

2016 3412 2345 3485 perfectione
2392 3413 2461 3470 ad
2508 3414 2759 3470 homines
2806 3429 2864 3469 se
2885 3414 3127 3483 demisit,
3161 3425 3422 3484 tanquam
3468 3429 3599 3485 pue-

341 3500 549 3572 Ἱησοῦς
579 3505 687 3558 ἀπὸ
716 3507 812 3578 τῆς
842 3508 975 3573 ιδίας
1002 3511 1339 3584 τελειότητος
1365 3516 1742 3587 καταϐεϐηκὸς
1779 3516 1911 3588 πρὸς

2016 3523 2134 3562 rum
2168 3507 2444 3563 advocatis
2474 3505 2670 3574 Iesus,
2714 3507 2771 3562 in
2811 3506 2992 3562 medio
3037 3507 3426 3578 discipulorum
3460 3521 3598 3562 cou-

325 3592 653 3663 ἀνθρώπους
688 3593 764 3661 ὡς
807 3599 1038 3667 παιδίον,
1083 3603 1310 3674 ἔστησεν
1348 3606 1480 3660 αὐτὸ
1519 3610 1578 3661 ὲν
1621 3608 1771 3679 μέσῳ
1799 3608 1911 3664 τῶν

2019 3600 2216 3654 stituit.
2252 3599 2507 3668 Seipsum
2547 3614 2678 3670 ergo
2723 3615 2755 3654 ε
2798 3600 3091 3655 mundanis
3133 3598 3599 3667 concupiscentiis

331 3684 610 3756 μαθητῶν.
645 3689 737 3741 Δεῖ
761 3686 854 3744 οὖν
891 3695 1198 3765 στραφέντα
1221 3697 1330 3750 ἀπὸ
1358 3698 1466 3752 τῶν
1492 3700 1772 3770 κοσμικῶν
1797 3702 1911 3754 ὲπι-

2018 3705 2272 3745 aversum
2314 3689 2619 3759 deprimere
2643 3695 2876 3760 oportet,
2911 3704 3020 3744 non
3070 3688 3248 3746 solum
3288 3697 3348 3743 ut
3390 3703 3594 3757 pueru-

323 3776 538 3846 θυμιῶν
564 3779 899 3834 ταπεινῶσαι
925 3784 1137 3849 ἑαυτὸν,
1159 3786 1258 3856 οὐχ
1277 3786 1463 3852 ἁπλῶς
1489 3789 1566 3852 ὼς
1590 3788 1651 3844 τὸ
1676 3789 1907 3856 παιδίον,

2016 3779 2150 3847 lum,
2181 3779 2275 3834 sed
2303 3778 2457 3849 juxta
2491 3777 2544 3832 id
2579 3777 2722 3847 quod
2751 3777 3012 3849 scriptum
3053 3784 3158 3843 est,
3200 3785 3259 3830 ut
3303 3775 3596 3847 puerulum

319 3865 466 3920 ἀλλά
508 3869 651 3923 κατὰ
694 3869 756 3924 τὸ
800 3875 1204 3946 γεγραμμένον,
1250 3877 1327 3942 ὡς
1360 3878 1421 3932 τὸ
1470 3878 1680 3933 παιδίον
1725 3879 1904 3934 τοῦτο.

2018 3874 2182 3929 hunc.
2231 3871 2543 3942 Deprimere
2588 3879 2771 3930 autem
2818 3871 3060 3941 seipsum
3117 3870 3260 3928 sicut
3304 3868 3598 3940 puerulum

1531 3995 1762 4052 VETUS
1800 3989 2386 4050 INTERPRETATIO.

322 4085 549 4164 dignam
592 4086 890 4164 vindictam
936 4087 990 4141 itt
1026 4087 1184 4164 mari,
1217 4087 1406 4164 ubi_et
1453 4090 1624 4145 draco
1667 4092 1924 4164 habetur,
1961 4103 2122 4156 quem
2177 4081 2491 4164 r_l'ormavit
2520 4079 2860 4164 {Deusead
2903 4081 3238 4164 illudeudum
3265 4081 3388 4164 ei,»
3434 4091 3490 4138 et
3515 4083 3594 4140 sic

321 4151 742 4233 quodnexpedit
785 4172 1014 4233 pa_ssus_,
1060 4157 1152 4233 qui
1201 4159 1425 4233 punitus
1467 4169 1578 4225 est,
1621 4171 1809 4228 postea
1849 4151 1953 4212 erit
1973 4151 2152 4233 _'extra
2196 4153 2551 4233 dolorequui
2599 4161 2736 4233 sunt
2772 4151 2826 4233 in
2869 4151 3142 4233 profundo
3199 4153 3400 4233 marist,
3453 4169 3594 4233 quos

319 4222 552 4296 pertulit
580 4222 884 4281 tractus’ab
915 4222 1153 4280 asinaria
1189 4222 1351 4282 mola.
1387 4227 1525 4282 Sunt
1567 4222 1748 4284 autem
1779 4239 1834 4284 et
1881 4227 2152 4283 molarum
2197 4222 2551 4296 differentiae,
2589 4229 2650 4276 ut
2693 4222 2806 4276 sint
2847 4222 3094 4296 quaedam
3137 4238 3326 4296 earum
3383 4222 3596 4293 (utsic

320 4291 617 4373 appellem)
663 4298 936 4373 humanm,
978 4297 1096 4373 alia:
1128 4306 1307 4350 autem
1341 4298 1610 4352 asinaria.
1643 4300 1708 4354 Et
1736 4301 1973 4373 humana
2001 4297 2220 4373 quidem
2260 4301 2346 4348 est
2393 4291 2483 4373 ilia
2508 4292 2582 4371 ,σε
2614 4306 2722 4372 qua
2757 4293 3022 4373 scriptum
3059 4300 3140 4373 est
3169 4310 3181 4345 :
3219 4311 3237 4342 ι
3272 4291 3402 4373 Dure
3428 4303 3594 4348 erunt

319 4365 594 4418 molentes
621 4367 685 4419 ad
723 4380 884 4420 unam
916 4370 1138 4428 molam,
1181 4382 1286 4420 una
1317 4378 1648 4434 assumetur,
1681 4380 1734 4424 et
1770 4372 1938 4424 altera
1981 4364 2333 4434 relinquetur.
2367 4381 2387 4412 ι
2413 4364 2684 4434 _Asinar_ia
2722 4370 2902 4434 autem
2945 4377 3069 4434 qua:
3097 4364 3399 4434 imponitur
3429 4379 3595 4420 scan-

319 4434 589 4504 dalizanti
629 4452 799 4489 unum
841 4436 906 4487 de
935 4437 1150 4503 pusillis
1176 4437 1227 4490 iu
1258 4436 1480 4492 Chris:o
1503 4431 1870 4500 credentibus,
1908 4445 1970 4491 ut
2014 4431 2466 4504 demergaturin
2509 4431 3072 4504 profundummaris.
3115 4431 3366 4504 Asinaria
3409 4442 3592 4488 autem

320 4503 474 4582 mola
519 4519 645 4582 non
695 4501 1146 4582 irrationabiliter
1191 4506 1294 4560 dici
1349 4516 1525 4582 potest
1574 4523 1772 4578 corpus
1816 4501 2484 4582 gravissimum—hominis
2527 4501 2692 4582 mali,
2735 4502 2881 4571 quod
2910 4502 3163 4582 deorsum
3203 4501 3403 4582 trahit",
3445 4504 3594 4582 quod

319 4573 592 4656 suscipiet
631 4575 688 4629 iu
745 4577 1148 4631 resurrectione
1210 4571 1590 4648 unusquisque
1637 4571 1914 4650 peccator,
1967 4589 2027 4632 ut
2058 4578 2406 4644 demergatur
2446 4571 2504 4624 in
2555 4571 2816 4644 abyssum
2859 4587 2984 4642 quae
3021 4571 3222 4628 dicitur
3260 4571 3592 4642 profundum

317 4657 519 4698 maris.
598 4669 601 4672 '

402 4713 506 4787 18._
532 4713 938 4787 Introducitnus
972 4724 1164 4787 autem
1197 4726 1350 4772 extra
1381 4733 1499 4772 eam
1531 4732 1695 4787 quam
1729 4719 1992 4781 diximus,
2034 4717 2258 4771 alteram
2305 4712 2740 4787 expositionem,
2773 4711 2886 4787 sive
2919 4711 3189 4787 dogmatis
3223 4725 3426 4780 causa,
3476 4713 3591 4787 sive

320 4782 756 4856 exercitationis.
803 4782 1110 4850 Quzerimus
1143 4788 1287 4842 enim
1333 4803 1495 4856 quem
1539 4782 1767 4856 puerum
1815 4803 2015 4844 vocans
2059 4787 2219 4842 Jesus
2266 4782 2549 4856 constituit
2586 4783 2651 4856 _iu
2701 4782 2877 4856 medio
2905 4782 3340 4856 di_s_eipul9rum:
3375 4792 3430 4837 et
3467 4783 3592 4856 vide

313 4853 374 4908 οἱ
418 4862 719 4926 possumus
763 4869 995 4926 puerum
1035 4857 1180 4913 hunc
1209 4850 1508 4926 intelligere
1539 4850 1802 4926 Spiritum
1839 4867 2112 4920 sanctum,
2155 4857 2251 4926 qui
2296 4853 2536 4923 seipsum
2583 4851 2909 4905 humiliavit.
2951 4850 3108 4926 Hunc
3135 4850 3297 4926 Iesus
3347 4854 3588 4924 accepit,

322 4929 383 4976 et
415 4923 598 5003 posuit
629 4922 683 4976 in
728 4921 910 5003 medio
940 4941 1139 4982 sensus
1169 4921 1595 5003 discipuiorum.
1641 4929 1765 4984 Vult
1790 4945 1922 5003 ergo
1952 4921 2336 5003 Jesuso'tnues
2365 4921 2488 5003 nos,
2524 4930 2582 4975 ut
2624 4931 2938 5003 avertamur
2981 4921 3050 4975 ab
3078 4923 3420 5003 omnibuset
3456 4921 3589 5003 con:-

324 5002 607 5049 vertamur
641 4995 943 5052 secundum
990 4991 1586 5069 exemplum'Spiritus
1616 4991 1952 5066 'sanetifut
1999 4997 2298 5054 eiliciamur
2354 4995 2498 5050 sicut
2547 4991 2723 5061 pueri,
2759 4991 2817 5046 id
2860 4999 2966 5060 est,
3007 4993 3242 5062 apostoli
3269 4994 3364 5066 qui
3393 5003 3451 5051 et
3484 4992 3588 5065 ipsi

416 5087 463 5123 ⁸⁸
490 5086 595 5144 lsa.
627 5103 722 5142 vm
742 5127 758 5153 ,
788 5088 877 5145 l8.

393 5205 510 5272 (35)
563 5207 750 5261 Ἐπὰν
790 5205 859 5259 δὲ
896 5204 1378 5278 σκανδαλίσωσι.
1431 5205 1656 5262 Animas
1705 5221 1903 5276 nempe

2016 5217 2230 5263 manum
2245 5207 2574 5278 depressum
2611 5207 2700 5273 iri,
2736 5221 2800 5262 ac
2833 5222 3023 5278 poenas
3051 5203 3156 5263 sibi
3185 5201 3404 5278 debitas
3428 5222 3588 5278 exso-

326 5289 463 5358 μου
497 5285 624 5358 ante
644 5291 876 5358 corpora
891 5277 1460 5358 cauditas'lingebant,
1487 5286 1764 5358 prorecte
1784 5275 1900 5358 ma.
2006 5277 2203 5358 intimi.
2243 5275 2395 5358 Hine
2429 5286 2785 5358 apparetpro
2813 5275 2900 5342 eo,
2939 5277 3012 5331 T6
3036 5277 3291 5358 ,φθαρτὴν
3337 5275 3497 5358 σῶμα
3528 5277 3590 5346 τὸ

328 5343 444 5400 ieve
487 5346 660 5426 gestis
705 5343 888 5426 varios
917 5346 1207 5426 dignitatis
1241 5343 1325 5401 vel
1356 5343 1668 5426 ignominia}
1697 5348 1899 5426 gradus

2016 5345 2237 5426 βαρῦνον
2268 5346 2445 5426 ψυχὴν
2464 5343 3222 5426 άναλήξιιεταιηκρεμάμενὸν
3252 5349 3317 5400 ὲκ
3352 5343 3587 5426 τοῦηκα-

328 5346 444 5400 leve
487 5346 660 5414 gestis
705 5347 888 5401 varios
926 5346 1207 5426 dignitatis
1241 5347 1325 5401 vel
1356 5347 1668 5416 ignominia:
1697 5348 1899 5427 gradus

324 5416 598 5505 ῨἾΡἮΨΞ
617 5417 876 5505 θῖῗῗεεῖἓέί
893 5415 1205 5505 ,9ξ”3βθ.ε¹ῗεέο,
1222 5416 1899 5505 92'99'Iiif‘!§1€_h‘iiil_illis

2016 5346 2237 5418 βαρῦνον
2268 5346 2445 5418 ψυχὴν
2477 5346 2830 5418 ἀναλήψεται,
2873 5346 3222 5419 κρεμάμενον
3252 5349 3317 5400 ὲκ
3352 5346 3447 5402 τοῦ
3485 5365 3582 5403 κα-

2016 5415 2330 5505 Ρελὲοξένφυ
2363 5417 2550 5505 suis.
2580 5418 2674 5505 iri
2711 5417 2935 5505 “fisa
2962 5417 3582 5505 reérrssesraxiirv'

331 5483 414 5555 vel
442 5483 604 5538 etiam
649 5485 861 5550 ferinis,
887 5485 932 5542 si
962 5483 1036 5541 ita
1072 5485 1303 5542 fuissent
1327 5483 1659 5555 promeritae,
1689 5487 1899 5555 suppli-

330 5553 400 5607 cii
431 5569 594 5625 causa
630 5555 822 5625 illigari
853 5574 866 5610 :
898 5566 955 5611 ut
987 5555 1120 5610 satis
1165 5553 1663 5625 demonstravimus
1691 5553 1899 5611 in'Ori-

331 5623 589 5696 geniauis,
617 5623 806 5696 lily—It,
830 5642 958 5696 cap.
987 5629 1042 5689 ‘2,
1075 5634 1268 5695 quaest.
1300 5625 1333 5680 8
1363 5638 1418 5680 et
1436 5625 1494 5696 9.
1525 5624 1622 5696 Hic
1650 5641 1780 5696 ergo
1802 5629 1900 5680 do-

327 5703 416 5745 (τοι
447 5695 788 5749 adversarius
826 5695 944 5750 illas
979 5704 1290 5764 potestates,
1334 5697 1379 5749 si
1419 5695 1738 5750 oll'ensionis
1767 5712 1899 5750 cau-

323 5777 448 5818 sam
485 5763 724 5834 parvulis
763 5766 814 5820 in
845 5765 1061 5822 Christo
1093 5765 1446 5838 praebuerint,
1489 5767 1541 5822 itt
1578 5781 1776 5836 corpus
1809 5768 1901 5822 ltu-

2004 5486 2316 5558 legendum,
2351 5486 2734 5558 ἀναλήψονται,
2780 5486 2909 5558 etcL,
2950 5486 3346 5556 καθελκομένου
3377 5486 3582 5558 αὐτάρ

2004 5555 2246 5626 α”νειιιιο
2278 5567 2418 5627 post,
2453 5555 2519 5611 ἐν’
2542 5555 2640 5626 τῷ
2675 5557 3006 5627 συμφέροντι
3032 5555 3426 5627 αὐταίςηειυυιι
3474 5561 3586 5615 sive

2005 5624 2102 5696 per
2129 5624 2398 5702 incuriam
2445 5624 2651 5702 librarii
2685 5624 2933 5697 contigit,
2967 5626 3083 5682 sive
3113 5642 3207 5697 per
3233 5624 3383 5700 Orig.
3409 5628 3590 5702 ipsius

2007 5695 2435 5767 properantiatn.
2460 5695 2734 5767 VHUETtUS.

2081 5765 2211 5838 (56).
2234 5767 2372 5834 Ὅρα
2408 5765 2476 5820 δὲ
2513 5769 2565 5822 εὶ
2605 5765 2884 5835 δύνασαι,
2911 5774 3017 5822 etc.
3057 5764 3439 5843 Hieronymus.
