  <div class='ocr_page' id='page_1' title='image "/cluster/home/n/w/nwhite01/storage/ocr_20150623/13/mdp.39015007036059/576.png"; bbox 0 0 4028 6296; ppageno 0'>
   <div class='ocr_carea' id='block_1_1' title="bbox 353 364 459 423">
    <p class='ocr_par' dir='ltr' id='par_1_1' title="bbox 353 364 459 423">
     <span class='ocr_line' id='line_1_1' title="bbox 353 364 459 423; baseline 0 -1"><span class='ocrx_word' id='word_1_1' title='bbox 353 364 459 423; x_wconf 71' lang='grc'><strong>145</strong></span> 
     </span>
    </p>
   </div>
   <div class='ocr_carea' id='block_1_2' title="bbox 1278 353 2644 419">
    <p class='ocr_par' dir='ltr' id='par_1_2' title="bbox 1278 353 2644 419">
     <span class='ocr_line' id='line_1_2' title="bbox 1278 353 2644 419; baseline 0.002 -4"><span class='ocrx_word' id='word_1_2' title='bbox 1278 355 1636 419; x_wconf 75' lang='lat' dir='ltr'><strong>COMMENT.</strong></span> <span class='ocrx_word' id='word_1_3' title='bbox 1676 359 1746 416; x_wconf 81' lang='grc' dir='ltr'><strong>ΙΝ</strong></span> <span class='ocrx_word' id='word_1_4' title='bbox 1785 353 2206 416; x_wconf 67' lang='grc' dir='ltr'><strong>ΜΑΤΤΗΑΕΗΜ</strong></span> <span class='ocrx_word' id='word_1_5' title='bbox 2242 359 2480 418; x_wconf 73' lang='lat' dir='ltr'><strong>TOMUS</strong></span> <span class='ocrx_word' id='word_1_6' title='bbox 2507 359 2644 418; x_wconf 76' lang='lat' dir='ltr'><strong>Xlll.</strong></span> 
     </span>
    </p>
   </div>
   <div class='ocr_carea' id='block_1_3' title="bbox 3459 365 3601 421">
    <p class='ocr_par' dir='ltr' id='par_1_3' title="bbox 3459 365 3601 421">
     <span class='ocr_line' id='line_1_3' title="bbox 3459 365 3601 421; baseline 0.014 -2"><span class='ocrx_word' id='word_1_7' title='bbox 3459 365 3601 421; x_wconf 72' lang='lat'><strong>“46</strong></span> 
     </span>
    </p>
   </div>
   <div class='ocr_carea' id='block_1_4' title="bbox 312 470 1908 554">
    <p class='ocr_par' dir='ltr' id='par_1_4' title="bbox 312 470 1905 554">
     <span class='ocr_line' id='line_1_4' title="bbox 312 470 1905 554; baseline -0.006 -16"><span class='ocrx_word' id='word_1_8' title='bbox 312 481 629 554; x_wconf 72' lang='grc' dir='ltr'>δυνάμενοι,</span> <span class='ocrx_word' id='word_1_9' title='bbox 680 475 775 542; x_wconf 74' lang='grc' dir='ltr'>οὓς</span> <span class='ocrx_word' id='word_1_10' title='bbox 821 473 1054 530; x_wconf 76' lang='grc' dir='ltr'><strong>ἐκδικῶν</strong></span> <span class='ocrx_word' id='word_1_11' title='bbox 1104 470 1591 542; x_wconf 83' lang='grc' dir='ltr'>σκανδαλισθέντας</span> <span class='ocrx_word' id='word_1_12' title='bbox 1639 476 1670 528; x_wconf 88' lang='grc' dir='ltr'><strong>ὁ</strong></span> <span class='ocrx_word' id='word_1_13' title='bbox 1712 475 1905 542; x_wconf 78' lang='grc' dir='ltr'>Λόγος,</span> 
     </span>
    </p>
   </div>
   <div class='ocr_carea' id='block_1_5' title="bbox 2011 470 3601 554">
    <p class='ocr_par' dir='ltr' id='par_1_5' title="bbox 2012 470 3601 551">
     <span class='ocr_line' id='line_1_5' title="bbox 2012 470 3601 551; baseline 0.003 -23"><span class='ocrx_word' id='word_1_14' title='bbox 2012 470 2215 531; x_wconf 78' lang='lat' dir='ltr'><strong>fuerint</strong></span> <span class='ocrx_word' id='word_1_15' title='bbox 2243 478 2434 536; x_wconf 82' lang='lat' dir='ltr'><strong>oﬂ‘ensi</strong></span> <span class='ocrx_word' id='word_1_16' title='bbox 2481 480 2558 534; x_wconf 97' lang='lat' dir='ltr'><strong>ait</strong></span> <span class='ocrx_word' id='word_1_17' title='bbox 2587 481 2632 512; x_wconf 83' lang='lat'>“</span> <span class='ocrx_word' id='word_1_18' title='bbox 2665 492 2681 534; x_wconf 90' lang='lat'><strong>:</strong></span> <span class='ocrx_word' id='word_1_19' title='bbox 2718 499 2737 531; x_wconf 75' lang='grc' dir='ltr'><strong>ι</strong></span> <span class='ocrx_word' id='word_1_20' title='bbox 2783 478 3011 551; x_wconf 81' lang='lat' dir='ltr'><strong>Expedit</strong></span> <span class='ocrx_word' id='word_1_21' title='bbox 3039 481 3091 536; x_wconf 92' lang='lat' dir='ltr'><strong>ei</strong></span> <span class='ocrx_word' id='word_1_22' title='bbox 3128 489 3188 535; x_wconf 93' lang='lat' dir='ltr'><strong>ut</strong></span> <span class='ocrx_word' id='word_1_23' title='bbox 3231 479 3601 548; x_wconf 82' lang='lat' dir='ltr'><strong>suspendatur</strong></span> 
     </span>
    </p>
   </div>
   <div class='ocr_carea' id='block_1_6' title="bbox 314 565 1912 646">
    <p class='ocr_par' dir='ltr' id='par_1_6' title="bbox 314 565 1912 646">
     <span class='ocr_line' id='line_1_6' title="bbox 314 565 1912 646; baseline -0.007 -17"><span class='ocrx_word' id='word_1_24' title='bbox 314 575 452 646; x_wconf 74' lang='grc' dir='ltr'>φησὶ</span> <span class='ocrx_word' id='word_1_25' title='bbox 478 574 608 644; x_wconf 77' lang='grc' dir='ltr'>περὶ</span> <span class='ocrx_word' id='word_1_26' title='bbox 632 570 742 624; x_wconf 87' lang='grc' dir='ltr'><strong>τῶν</strong></span> <span class='ocrx_word' id='word_1_27' title='bbox 767 565 1240 622; x_wconf 85' lang='grc' dir='ltr'>σκανδαλισάντων</span> <span class='ocrx_word' id='word_1_28' title='bbox 1268 567 1466 631; x_wconf 80' lang='grc' dir='ltr'>αὐτοὺς</span> <span class='ocrx_word' id='word_1_29' title='bbox 1488 569 1551 622; x_wconf 88' lang='grc' dir='ltr'><strong>τό</strong></span> <span class='ocrx_word' id='word_1_30' title='bbox 1567 585 1583 598; x_wconf 80' lang='grc'><em>’</em></span> <span class='ocrx_word' id='word_1_31' title='bbox 1629 587 1648 620; x_wconf 80' lang='grc' dir='ltr'><strong>ι</strong></span> <span class='ocrx_word' id='word_1_32' title='bbox 1697 569 1767 620; x_wconf 86' lang='grc' dir='ltr'><strong>Συ</strong></span> <span class='ocrx_word' id='word_1_33' title='bbox 1775 565 1912 638; x_wconf 79' lang='grc' dir='ltr'>μφέ-</span> 
     </span>
    </p>
   </div>
   <div class='ocr_carea' id='block_1_7' title="bbox 317 656 1916 736">
    <p class='ocr_par' dir='ltr' id='par_1_7' title="bbox 317 656 1916 736">
     <span class='ocr_line' id='line_1_7' title="bbox 317 656 1916 736; baseline -0.004 -18"><span class='ocrx_word' id='word_1_34' title='bbox 317 680 402 736; x_wconf 73' lang='grc' dir='ltr'><strong>ραι</strong></span> <span class='ocrx_word' id='word_1_35' title='bbox 435 661 587 732; x_wconf 85' lang='grc' dir='ltr'><strong>αὐτῷ</strong></span> <span class='ocrx_word' id='word_1_36' title='bbox 616 661 707 714; x_wconf 74' lang='grc' dir='ltr'>ἵνα</span> <span class='ocrx_word' id='word_1_37' title='bbox 739 657 1028 730; x_wconf 80' lang='grc' dir='ltr'><strong>κρεμασθῇ</strong></span> <span class='ocrx_word' id='word_1_38' title='bbox 1072 656 1239 728; x_wconf 82' lang='grc' dir='ltr'><strong>μύλος</strong></span> <span class='ocrx_word' id='word_1_39' title='bbox 1265 658 1448 722; x_wconf 83' lang='grc' dir='ltr'><strong>ὀνικὸς</strong></span> <span class='ocrx_word' id='word_1_40' title='bbox 1484 661 1565 722; x_wconf 89' lang='grc' dir='ltr'><strong>είς</strong></span> <span class='ocrx_word' id='word_1_41' title='bbox 1597 659 1689 712; x_wconf 89' lang='grc' dir='ltr'><strong>τὸν</strong></span> <span class='ocrx_word' id='word_1_42' title='bbox 1714 659 1916 731; x_wconf 81' lang='grc' dir='ltr'>τράχη-</span> 
     </span>
    </p>
   </div>
   <div class='ocr_carea' id='block_1_8' title="bbox 312 749 1915 823">
    <p class='ocr_par' dir='ltr' id='par_1_8' title="bbox 312 749 1915 823">
     <span class='ocr_line' id='line_1_8' title="bbox 312 749 1915 823; baseline -0.004 -13"><span class='ocrx_word' id='word_1_43' title='bbox 312 755 405 810; x_wconf 85' lang='grc' dir='ltr'>λον</span> <span class='ocrx_word' id='word_1_44' title='bbox 444 751 634 819; x_wconf 84' lang='grc' dir='ltr'>αὐτοῦ,</span> <span class='ocrx_word' id='word_1_45' title='bbox 665 752 758 806; x_wconf 75' lang='grc' dir='ltr'>καὶ</span> <span class='ocrx_word' id='word_1_46' title='bbox 791 749 1202 821; x_wconf 78' lang='grc' dir='ltr'><strong>καταποντισθῇ</strong></span> <span class='ocrx_word' id='word_1_47' title='bbox 1230 751 1289 803; x_wconf 84' lang='grc' dir='ltr'>ὲν</span> <span class='ocrx_word' id='word_1_48' title='bbox 1323 749 1402 821; x_wconf 81' lang='grc' dir='ltr'>τῷ</span> <span class='ocrx_word' id='word_1_49' title='bbox 1431 750 1656 820; x_wconf 77' lang='grc' dir='ltr'><strong>πελάγει</strong></span> <span class='ocrx_word' id='word_1_50' title='bbox 1681 753 1780 823; x_wconf 83' lang='grc' dir='ltr'>τῆς</span> <span class='ocrx_word' id='word_1_51' title='bbox 1817 749 1915 804; x_wconf 88' lang='grc' dir='ltr'>θα-</span> 
     </span>
    </p>
   </div>
   <div class='ocr_carea' id='block_1_9' title="bbox 311 841 1914 916">
    <p class='ocr_par' dir='ltr' id='par_1_9' title="bbox 311 841 1914 916">
     <span class='ocr_line' id='line_1_9' title="bbox 311 841 1914 916; baseline -0.004 -15"><span class='ocrx_word' id='word_1_52' title='bbox 311 845 536 916; x_wconf 79' lang='grc' dir='ltr'>λάσσης.</span> <span class='ocrx_word' id='word_1_53' title='bbox 596 863 616 898; x_wconf 99' lang='lat'><strong>3</strong></span> <span class='ocrx_word' id='word_1_54' title='bbox 666 844 853 898; x_wconf 80' lang='grc' dir='ltr'>Ταῦτα</span> <span class='ocrx_word' id='word_1_55' title='bbox 887 841 1126 913; x_wconf 83' lang='grc' dir='ltr'><strong>λελέχθω</strong></span> <span class='ocrx_word' id='word_1_56' title='bbox 1171 842 1312 897; x_wconf 84' lang='grc' dir='ltr'>κατὰ</span> <span class='ocrx_word' id='word_1_57' title='bbox 1361 844 1433 898; x_wconf 81' lang='grc' dir='ltr'>τὰ</span> <span class='ocrx_word' id='word_1_58' title='bbox 1466 844 1764 914; x_wconf 73' lang='grc' dir='ltr'><strong>ἐκκείμενα</strong></span> <span class='ocrx_word' id='word_1_59' title='bbox 1816 841 1914 896; x_wconf 80' lang='grc' dir='ltr'><strong>τοῦ</strong></span> 
     </span>
    </p>
   </div>
   <div class='ocr_carea' id='block_1_10' title="bbox 313 935 797 1008">
    <p class='ocr_par' dir='ltr' id='par_1_10' title="bbox 313 935 797 1008">
     <span class='ocr_line' id='line_1_10' title="bbox 313 935 797 1008; baseline -0.004 -16"><span class='ocrx_word' id='word_1_60' title='bbox 313 936 602 992; x_wconf 81' lang='grc' dir='ltr'>Ματθαίου</span> <span class='ocrx_word' id='word_1_61' title='bbox 635 935 797 1008; x_wconf 79' lang='grc' dir='ltr'>ῥητά.</span> 
     </span>
    </p>
   </div>
   <div class='ocr_carea' id='block_1_11' title="bbox 389 1025 1913 1100">
    <p class='ocr_par' dir='ltr' id='par_1_11' title="bbox 389 1025 1913 1100">
     <span class='ocr_line' id='line_1_11' title="bbox 389 1025 1913 1100; baseline 0.001 -19"><span class='ocrx_word' id='word_1_62' title='bbox 389 1028 620 1100; x_wconf 85' lang='grc' dir='ltr'>Ἴδωμεν</span> <span class='ocrx_word' id='word_1_63' title='bbox 658 1028 716 1081; x_wconf 84' lang='grc' dir='ltr'>δὲ</span> <span class='ocrx_word' id='word_1_64' title='bbox 755 1025 854 1081; x_wconf 69' lang='grc' dir='ltr'>καὶ</span> <span class='ocrx_word' id='word_1_65' title='bbox 889 1026 959 1080; x_wconf 87' lang='grc' dir='ltr'><strong>τὰ</strong></span> <span class='ocrx_word' id='word_1_66' title='bbox 989 1027 1353 1100; x_wconf 87' lang='grc' dir='ltr'>παραπλήσια</span> <span class='ocrx_word' id='word_1_67' title='bbox 1400 1027 1508 1081; x_wconf 82' lang='grc' dir='ltr'>ἀπὸ</span> <span class='ocrx_word' id='word_1_68' title='bbox 1549 1026 1658 1082; x_wconf 88' lang='grc' dir='ltr'><strong>τῶν</strong></span> <span class='ocrx_word' id='word_1_69' title='bbox 1689 1028 1913 1082; x_wconf 87' lang='grc' dir='ltr'>λοιπῶν.</span> 
     </span>
    </p>
   </div>
   <div class='ocr_carea' id='block_1_12' title="bbox 313 1118 1912 1192">
    <p class='ocr_par' dir='ltr' id='par_1_12' title="bbox 313 1118 1912 1192">
     <span class='ocr_line' id='line_1_12' title="bbox 313 1118 1912 1192; baseline -0.002 -16"><span class='ocrx_word' id='word_1_70' title='bbox 313 1121 543 1192; x_wconf 86' lang='grc' dir='ltr'>Μάρκος</span> <span class='ocrx_word' id='word_1_71' title='bbox 581 1118 762 1174; x_wconf 86' lang='grc' dir='ltr'>τοίνυν</span> <span class='ocrx_word' id='word_1_72' title='bbox 797 1119 985 1190; x_wconf 75' lang='grc' dir='ltr'>φησὶν,</span> <span class='ocrx_word' id='word_1_73' title='bbox 1030 1119 1112 1172; x_wconf 84' lang='grc' dir='ltr'><strong>δτι</strong></span> <span class='ocrx_word' id='word_1_74' title='bbox 1154 1118 1511 1190; x_wconf 80' lang='grc' dir='ltr'>διελέχθησαν</span> <span class='ocrx_word' id='word_1_75' title='bbox 1539 1121 1596 1174; x_wconf 80' lang='grc' dir='ltr'>ὲν</span> <span class='ocrx_word' id='word_1_76' title='bbox 1630 1123 1697 1192; x_wconf 78' lang='grc' dir='ltr'><strong>τῇ</strong></span> <span class='ocrx_word' id='word_1_77' title='bbox 1729 1120 1834 1192; x_wconf 85' lang='grc' dir='ltr'>όδῷ</span> <span class='ocrx_word' id='word_1_78' title='bbox 1865 1121 1912 1173; x_wconf 89' lang='grc' dir='ltr'><strong>οί</strong></span> 
     </span>
    </p>
   </div>
   <div class='ocr_carea' id='block_1_13' title="bbox 313 1207 1914 1280">
    <p class='ocr_par' dir='ltr' id='par_1_13' title="bbox 313 1207 1914 1280">
     <span class='ocr_line' id='line_1_13' title="bbox 313 1207 1914 1280; baseline -0.002 -13"><span class='ocrx_word' id='word_1_79' title='bbox 313 1211 540 1275; x_wconf 87' lang='grc' dir='ltr'>δώδεκα,</span> <span class='ocrx_word' id='word_1_80' title='bbox 587 1210 672 1274; x_wconf 89' lang='grc' dir='ltr'><strong>τίς</strong></span> <span class='ocrx_word' id='word_1_81' title='bbox 723 1207 903 1265; x_wconf 83' lang='grc' dir='ltr'>αὐτῶν</span> <span class='ocrx_word' id='word_1_82' title='bbox 954 1207 1160 1280; x_wconf 77' lang='grc' dir='ltr'>μείζων</span> <span class='ocrx_word' id='word_1_83' title='bbox 1215 1210 1364 1263; x_wconf 73' lang='grc' dir='ltr'>ἐστί·</span> <span class='ocrx_word' id='word_1_84' title='bbox 1411 1210 1492 1263; x_wconf 85' lang='grc' dir='ltr'><strong>διὸ</strong></span> <span class='ocrx_word' id='word_1_85' title='bbox 1543 1211 1638 1264; x_wconf 70' lang='grc' dir='ltr'><strong>καί</strong></span> <span class='ocrx_word' id='word_1_86' title='bbox 1683 1210 1914 1275; x_wconf 83' lang='grc' dir='ltr'>καθίσας</span> 
     </span>
    </p>
   </div>
   <div class='ocr_carea' id='block_1_14' title="bbox 314 1301 1912 1374">
    <p class='ocr_par' dir='ltr' id='par_1_14' title="bbox 314 1301 1912 1374">
     <span class='ocr_line' id='line_1_14' title="bbox 314 1301 1912 1374; baseline 0 -17"><span class='ocrx_word' id='word_1_87' title='bbox 314 1304 599 1374; x_wconf 68' lang='grc' dir='ltr'>ἐφώνησεν</span> <span class='ocrx_word' id='word_1_88' title='bbox 643 1302 862 1366; x_wconf 82' lang='grc' dir='ltr'>αὐτοὺς,</span> <span class='ocrx_word' id='word_1_89' title='bbox 905 1302 1000 1354; x_wconf 75' lang='grc' dir='ltr'>καὶ</span> <span class='ocrx_word' id='word_1_90' title='bbox 1029 1301 1271 1354; x_wconf 86' lang='grc' dir='ltr'>διδάσκει</span> <span class='ocrx_word' id='word_1_91' title='bbox 1299 1302 1384 1366; x_wconf 88' lang='grc' dir='ltr'><strong>τίς</strong></span> <span class='ocrx_word' id='word_1_92' title='bbox 1419 1304 1448 1355; x_wconf 84' lang='grc' dir='ltr'>ὁ</span> <span class='ocrx_word' id='word_1_93' title='bbox 1479 1301 1700 1373; x_wconf 78' lang='grc' dir='ltr'>μείζων,</span> <span class='ocrx_word' id='word_1_94' title='bbox 1740 1302 1912 1372; x_wconf 86' lang='grc' dir='ltr'>λέγων</span> 
     </span>
    </p>
   </div>
   <div class='ocr_carea' id='block_1_15' title="bbox 317 1390 1916 1466">
    <p class='ocr_par' dir='ltr' id='par_1_15' title="bbox 317 1390 1916 1466">
     <span class='ocr_line' id='line_1_15' title="bbox 317 1390 1916 1466; baseline 0 -19"><span class='ocrx_word' id='word_1_95' title='bbox 317 1395 604 1466; x_wconf 82' lang='grc' dir='ltr'><strong>πρωτείων</strong></span> <span class='ocrx_word' id='word_1_96' title='bbox 631 1391 706 1457; x_wconf 85' lang='grc' dir='ltr'>ὡς</span> <span class='ocrx_word' id='word_1_97' title='bbox 752 1391 975 1463; x_wconf 78' lang='grc' dir='ltr'>μείζονα</span> <span class='ocrx_word' id='word_1_98' title='bbox 1004 1390 1291 1456; x_wconf 86' lang='grc' dir='ltr'>τεύξεσθαι</span> <span class='ocrx_word' id='word_1_99' title='bbox 1329 1393 1422 1446; x_wconf 85' lang='grc' dir='ltr'><strong>τὸν</strong></span> <span class='ocrx_word' id='word_1_100' title='bbox 1453 1394 1745 1464; x_wconf 86' lang='grc' dir='ltr'>γενόμενον</span> <span class='ocrx_word' id='word_1_101' title='bbox 1777 1394 1916 1448; x_wconf 80' lang='grc' dir='ltr'>πάν-</span> 
     </span>
    </p>
   </div>
   <div class='ocr_carea' id='block_1_16' title="bbox 313 1483 1913 1556">
    <p class='ocr_par' dir='ltr' id='par_1_16' title="bbox 313 1483 1913 1556">
     <span class='ocr_line' id='line_1_16' title="bbox 313 1483 1913 1556; baseline 0 -18"><span class='ocrx_word' id='word_1_102' title='bbox 313 1501 424 1538; x_wconf 91' lang='grc' dir='ltr'><strong>των</strong></span> <span class='ocrx_word' id='word_1_103' title='bbox 462 1483 552 1538; x_wconf 80' lang='grc' dir='ltr'><strong>διὰ</strong></span> <span class='ocrx_word' id='word_1_104' title='bbox 582 1483 684 1554; x_wconf 81' lang='grc' dir='ltr'>τῆς</span> <span class='ocrx_word' id='word_1_105' title='bbox 734 1483 1090 1554; x_wconf 83' lang='grc' dir='ltr'>μετριότητος</span> <span class='ocrx_word' id='word_1_106' title='bbox 1127 1484 1223 1537; x_wconf 75' lang='grc' dir='ltr'>καὶ</span> <span class='ocrx_word' id='word_1_107' title='bbox 1263 1484 1366 1554; x_wconf 81' lang='grc' dir='ltr'>τῆς</span> <span class='ocrx_word' id='word_1_108' title='bbox 1413 1484 1715 1548; x_wconf 82' lang='grc' dir='ltr'>ἐπιεικείας</span> <span class='ocrx_word' id='word_1_109' title='bbox 1747 1484 1913 1556; x_wconf 85' lang='grc' dir='ltr'>ἔσχα-</span> 
     </span>
    </p>
   </div>
   <div class='ocr_carea' id='block_1_17' title="bbox 315 1574 1914 1648">
    <p class='ocr_par' dir='ltr' id='par_1_17' title="bbox 315 1574 1914 1648">
     <span class='ocr_line' id='line_1_17' title="bbox 315 1574 1914 1648; baseline 0.001 -18"><span class='ocrx_word' id='word_1_110' title='bbox 315 1592 430 1642; x_wconf 86' lang='grc' dir='ltr'>τον,</span> <span class='ocrx_word' id='word_1_111' title='bbox 475 1576 617 1630; x_wconf 86' lang='grc' dir='ltr'>ὥστε</span> <span class='ocrx_word' id='word_1_112' title='bbox 654 1576 746 1629; x_wconf 84' lang='grc' dir='ltr'><strong>τὸν</strong></span> <span class='ocrx_word' id='word_1_113' title='bbox 789 1576 890 1647; x_wconf 86' lang='grc' dir='ltr'>μὲν</span> <span class='ocrx_word' id='word_1_114' title='bbox 927 1575 1021 1628; x_wconf 81' lang='grc' dir='ltr'><strong>τοῦ</strong></span> <span class='ocrx_word' id='word_1_115' title='bbox 1059 1574 1480 1646; x_wconf 85' lang='grc' dir='ltr'>διακονουμένου</span> <span class='ocrx_word' id='word_1_116' title='bbox 1531 1577 1605 1648; x_wconf 81' lang='grc' dir='ltr'>μὴ</span> <span class='ocrx_word' id='word_1_117' title='bbox 1654 1577 1914 1642; x_wconf 79' lang='grc' dir='ltr'>ἀναδέξα-</span> 
     </span>
    </p>
   </div>
   <div class='ocr_carea' id='block_1_18' title="bbox 318 1664 1909 1732">
    <p class='ocr_par' dir='ltr' id='par_1_18' title="bbox 318 1664 1909 1732">
     <span class='ocr_line' id='line_1_18' title="bbox 318 1664 1909 1732; baseline 0 -10"><span class='ocrx_word' id='word_1_118' title='bbox 318 1667 442 1722; x_wconf 86' lang='grc' dir='ltr'>σθαι</span> <span class='ocrx_word' id='word_1_119' title='bbox 480 1668 665 1732; x_wconf 86' lang='grc' dir='ltr'>τόπον,</span> <span class='ocrx_word' id='word_1_120' title='bbox 696 1668 790 1722; x_wconf 90' lang='grc' dir='ltr'><strong>τὸν</strong></span> <span class='ocrx_word' id='word_1_121' title='bbox 811 1667 886 1720; x_wconf 77' lang='grc' dir='ltr'>δὲ</span> <span class='ocrx_word' id='word_1_122' title='bbox 924 1664 1018 1720; x_wconf 79' lang='grc' dir='ltr'><strong>τοῦ</strong></span> <span class='ocrx_word' id='word_1_123' title='bbox 1047 1665 1445 1732; x_wconf 81' lang='grc' dir='ltr'>διακονοῦντος,</span> <span class='ocrx_word' id='word_1_124' title='bbox 1493 1667 1587 1721; x_wconf 72' lang='grc' dir='ltr'>καὶ</span> <span class='ocrx_word' id='word_1_125' title='bbox 1623 1668 1812 1722; x_wconf 75' lang='grc' dir='ltr'>τοῦτον</span> <span class='ocrx_word' id='word_1_126' title='bbox 1849 1669 1909 1722; x_wconf 88' lang='grc' dir='ltr'>οὐ</span> 
     </span>
    </p>
   </div>
   <div class='ocr_carea' id='block_1_19' title="bbox 316 1757 1910 1831">
    <p class='ocr_par' dir='ltr' id='par_1_19' title="bbox 316 1757 1910 1831">
     <span class='ocr_line' id='line_1_19' title="bbox 316 1757 1910 1831; baseline 0.001 -17"><span class='ocrx_word' id='word_1_127' title='bbox 316 1759 456 1831; x_wconf 83' lang='grc' dir='ltr'>πρός</span> <span class='ocrx_word' id='word_1_128' title='bbox 480 1777 632 1823; x_wconf 85' lang='grc' dir='ltr'>τινας</span> <span class='ocrx_word' id='word_1_129' title='bbox 657 1759 775 1830; x_wconf 82' lang='grc' dir='ltr'>μὲν,</span> <span class='ocrx_word' id='word_1_130' title='bbox 794 1757 948 1822; x_wconf 85' lang='grc' dir='ltr'>τινὰς</span> <span class='ocrx_word' id='word_1_131' title='bbox 964 1759 1008 1810; x_wconf 88' lang='grc' dir='ltr'>δ’</span> <span class='ocrx_word' id='word_1_132' title='bbox 1030 1761 1120 1825; x_wconf 82' lang='grc' dir='ltr'>οὒ,</span> <span class='ocrx_word' id='word_1_133' title='bbox 1143 1757 1280 1812; x_wconf 80' lang='grc' dir='ltr'>ἀλλὰ</span> <span class='ocrx_word' id='word_1_134' title='bbox 1307 1759 1444 1830; x_wconf 83' lang='grc' dir='ltr'>πρὸς</span> <span class='ocrx_word' id='word_1_135' title='bbox 1468 1760 1676 1824; x_wconf 84' lang='grc' dir='ltr'>πάντας</span> <span class='ocrx_word' id='word_1_136' title='bbox 1695 1757 1910 1825; x_wconf 82' lang='grc' dir='ltr'>ἁπαξα-</span> 
     </span>
    </p>
   </div>
   <div class='ocr_carea' id='block_1_20' title="bbox 314 1847 1907 1922">
    <p class='ocr_par' dir='ltr' id='par_1_20' title="bbox 314 1847 1907 1922">
     <span class='ocr_line' id='line_1_20' title="bbox 314 1847 1907 1922; baseline -0.002 -17"><span class='ocrx_word' id='word_1_137' title='bbox 314 1848 486 1913; x_wconf 75' lang='grc' dir='ltr'>πλῶςσ</span> <span class='ocrx_word' id='word_1_138' title='bbox 523 1850 759 1922; x_wconf 84' lang='grc' dir='ltr'>πρόσχες</span> <span class='ocrx_word' id='word_1_139' title='bbox 786 1848 895 1920; x_wconf 85' lang='grc' dir='ltr'><strong>γὰρ</strong></span> <span class='ocrx_word' id='word_1_140' title='bbox 927 1847 1036 1920; x_wconf 75' lang='grc' dir='ltr'><strong>τῷο</strong></span> <span class='ocrx_word' id='word_1_141' title='bbox 1079 1867 1098 1900; x_wconf 76' lang='grc' dir='ltr'><strong>ι</strong></span> <span class='ocrx_word' id='word_1_142' title='bbox 1133 1849 1201 1903; x_wconf 70' lang='lat' dir='ltr'><strong>Et</strong></span> <span class='ocrx_word' id='word_1_143' title='bbox 1222 1865 1307 1912; x_wconf 91' lang='grc' dir='ltr'><strong>τις</strong></span> <span class='ocrx_word' id='word_1_144' title='bbox 1332 1848 1474 1902; x_wconf 87' lang='grc' dir='ltr'>θέλει</span> <span class='ocrx_word' id='word_1_145' title='bbox 1509 1850 1724 1922; x_wconf 85' lang='grc' dir='ltr'>πρῶτος</span> <span class='ocrx_word' id='word_1_146' title='bbox 1756 1850 1907 1918; x_wconf 87' lang='grc' dir='ltr'>γενέ-</span> 
     </span>
    </p>
   </div>
   <div class='ocr_carea' id='block_1_21' title="bbox 316 1938 1904 2011">
    <p class='ocr_par' dir='ltr' id='par_1_21' title="bbox 316 1938 1904 2011">
     <span class='ocr_line' id='line_1_21' title="bbox 316 1938 1904 2011; baseline 0 -17"><span class='ocrx_word' id='word_1_147' title='bbox 316 1940 464 2006; x_wconf 88' lang='grc' dir='ltr'>σθαι,</span> <span class='ocrx_word' id='word_1_148' title='bbox 500 1940 651 1996; x_wconf 77' lang='grc' dir='ltr'>ἔσται</span> <span class='ocrx_word' id='word_1_149' title='bbox 685 1939 796 2011; x_wconf 86' lang='lat'><strong>(40)</strong></span> <span class='ocrx_word' id='word_1_150' title='bbox 827 1941 1048 1995; x_wconf 81' lang='grc' dir='ltr'>πάντων</span> <span class='ocrx_word' id='word_1_151' title='bbox 1074 1938 1325 2010; x_wconf 74' lang='grc' dir='ltr'>ἔσχατος,</span> <span class='ocrx_word' id='word_1_152' title='bbox 1357 1941 1450 1994; x_wconf 72' lang='grc' dir='ltr'>καὶ</span> <span class='ocrx_word' id='word_1_153' title='bbox 1476 1941 1693 1995; x_wconf 83' lang='grc' dir='ltr'>πάντων</span> <span class='ocrx_word' id='word_1_154' title='bbox 1719 1941 1904 1994; x_wconf 85' lang='grc' dir='ltr'>διάκο-</span> 
     </span>
    </p>
   </div>
   <div class='ocr_carea' id='block_1_22' title="bbox 315 2030 1901 2103">
    <p class='ocr_par' dir='ltr' id='par_1_22' title="bbox 315 2030 1901 2103">
     <span class='ocr_line' id='line_1_22' title="bbox 315 2030 1901 2103; baseline -0.001 -15"><span class='ocrx_word' id='word_1_155' title='bbox 315 2049 422 2096; x_wconf 80' lang='grc' dir='ltr'>νος.</span> <span class='ocrx_word' id='word_1_156' title='bbox 465 2052 484 2084; x_wconf 94' lang='lat'><strong>3</strong></span> <span class='ocrx_word' id='word_1_157' title='bbox 509 2033 621 2086; x_wconf 79' lang='grc' dir='ltr'><strong>Καὶ</strong></span> <span class='ocrx_word' id='word_1_158' title='bbox 649 2032 777 2102; x_wconf 81' lang='grc' dir='ltr'>ἑξῆς</span> <span class='ocrx_word' id='word_1_159' title='bbox 803 2031 1020 2094; x_wconf 88' lang='grc' dir='ltr'>τούτοις</span> <span class='ocrx_word' id='word_1_160' title='bbox 1040 2032 1226 2103; x_wconf 69' lang='grc' dir='ltr'>φησιν,</span> <span class='ocrx_word' id='word_1_161' title='bbox 1255 2032 1358 2097; x_wconf 82' lang='grc' dir='ltr'>ὅτι,</span> <span class='ocrx_word' id='word_1_162' title='bbox 1398 2049 1416 2083; x_wconf 84' lang='grc' dir='ltr'><strong>ι</strong></span> <span class='ocrx_word' id='word_1_163' title='bbox 1448 2030 1645 2086; x_wconf 84' lang='grc' dir='ltr'>Λαϐὼν</span> <span class='ocrx_word' id='word_1_164' title='bbox 1670 2033 1901 2098; x_wconf 83' lang='grc' dir='ltr'>παιδίον,</span> 
     </span>
    </p>
   </div>
   <div class='ocr_carea' id='block_1_23' title="bbox 317 2121 1904 2197">
    <p class='ocr_par' dir='ltr' id='par_1_23' title="bbox 317 2121 1904 2197">
     <span class='ocr_line' id='line_1_23' title="bbox 317 2121 1904 2197; baseline -0.001 -19"><span class='ocrx_word' id='word_1_165' title='bbox 317 2124 575 2197; x_wconf 88' lang='grc' dir='ltr'>(δηλονότι</span> <span class='ocrx_word' id='word_1_166' title='bbox 607 2126 636 2177; x_wconf 86' lang='grc' dir='ltr'>ὁ</span> <span class='ocrx_word' id='word_1_167' title='bbox 674 2122 930 2194; x_wconf 79' lang='grc' dir='ltr'>Ἰησοῦς,)</span> <span class='ocrx_word' id='word_1_168' title='bbox 955 2141 974 2174; x_wconf 78' lang='lat' dir='ltr'><strong>t</strong></span> <span class='ocrx_word' id='word_1_169' title='bbox 1003 2122 1232 2194; x_wconf 71' lang='grc' dir='ltr'>ἔστησεν</span> <span class='ocrx_word' id='word_1_170' title='bbox 1253 2124 1312 2176; x_wconf 82' lang='grc' dir='ltr'>ὲν</span> <span class='ocrx_word' id='word_1_171' title='bbox 1339 2123 1490 2193; x_wconf 85' lang='grc' dir='ltr'>μέσῳ</span> <span class='ocrx_word' id='word_1_172' title='bbox 1509 2122 1619 2176; x_wconf 90' lang='grc' dir='ltr'><strong>τῶν</strong></span> <span class='ocrx_word' id='word_1_173' title='bbox 1648 2121 1904 2194; x_wconf 87' lang='grc' dir='ltr'>μαθητῶν</span> 
     </span>
    </p>
   </div>
   <div class='ocr_carea' id='block_1_24' title="bbox 316 2204 1900 2283">
    <p class='ocr_par' dir='ltr' id='par_1_24' title="bbox 316 2204 1900 2283">
     <span class='ocr_line' id='line_1_24' title="bbox 316 2204 1900 2283; baseline -0.003 -15"><span class='ocrx_word' id='word_1_174' title='bbox 316 2214 504 2280; x_wconf 82' lang='grc' dir='ltr'>αὐτοῦ,</span> <span class='ocrx_word' id='word_1_175' title='bbox 554 2214 650 2268; x_wconf 76' lang='grc' dir='ltr'>καὶ</span> <span class='ocrx_word' id='word_1_176' title='bbox 701 2204 1205 2283; x_wconf 68' lang='grc' dir='ltr'>ἐναγκαλισάμενος</span> <span class='ocrx_word' id='word_1_177' title='bbox 1267 2211 1422 2276; x_wconf 81' lang='grc' dir='ltr'>αὐτὸ,</span> <span class='ocrx_word' id='word_1_178' title='bbox 1481 2206 1632 2264; x_wconf 82' lang='grc' dir='ltr'>εἶπεν</span> <span class='ocrx_word' id='word_1_179' title='bbox 1682 2211 1867 2274; x_wconf 80' lang='grc' dir='ltr'>αὐτοῖς</span> <span class='ocrx_word' id='word_1_180' title='bbox 1885 2227 1900 2240; x_wconf 80' lang='grc'><strong>’</strong></span> 
     </span>
    </p>
   </div>
   <div class='ocr_carea' id='block_1_25' title="bbox 321 2302 1902 2376">
    <p class='ocr_par' dir='ltr' id='par_1_25' title="bbox 321 2302 1902 2376">
     <span class='ocr_line' id='line_1_25' title="bbox 321 2302 1902 2376; baseline -0.004 -15"><span class='ocrx_word' id='word_1_181' title='bbox 321 2308 419 2370; x_wconf 89' lang='grc' dir='ltr'>Ὃς</span> <span class='ocrx_word' id='word_1_182' title='bbox 450 2306 545 2360; x_wconf 72' lang='grc' dir='ltr'><strong>ἐὰν</strong></span> <span class='ocrx_word' id='word_1_183' title='bbox 568 2305 627 2360; x_wconf 84' lang='grc' dir='ltr'>ἓν</span> <span class='ocrx_word' id='word_1_184' title='bbox 647 2305 758 2360; x_wconf 90' lang='grc' dir='ltr'><strong>τῶν</strong></span> <span class='ocrx_word' id='word_1_185' title='bbox 781 2305 1010 2358; x_wconf 82' lang='grc' dir='ltr'>παιδίων</span> <span class='ocrx_word' id='word_1_186' title='bbox 1039 2303 1259 2376; x_wconf 79' lang='grc' dir='ltr'>δέξηται</span> <span class='ocrx_word' id='word_1_187' title='bbox 1281 2303 1376 2356; x_wconf 69' lang='grc' dir='ltr'><strong>ἐπὶ</strong></span> <span class='ocrx_word' id='word_1_188' title='bbox 1407 2302 1484 2373; x_wconf 82' lang='grc' dir='ltr'><strong>τῷ</strong></span> <span class='ocrx_word' id='word_1_189' title='bbox 1511 2302 1630 2374; x_wconf 78' lang='grc' dir='ltr'><strong>ἐμῷ</strong></span> <span class='ocrx_word' id='word_1_190' title='bbox 1655 2302 1902 2373; x_wconf 83' lang='grc' dir='ltr'>ὀνόματι,</span> 
     </span>
    </p>
   </div>
   <div class='ocr_carea' id='block_1_26' title="bbox 314 2394 1905 2470">
    <p class='ocr_par' dir='ltr' id='par_1_26' title="bbox 314 2394 1905 2470">
     <span class='ocr_line' id='line_1_26' title="bbox 314 2394 1905 2470; baseline -0.003 -18"><span class='ocrx_word' id='word_1_191' title='bbox 314 2399 414 2470; x_wconf 76' lang='grc' dir='ltr'><strong>ἐμὲ</strong></span> <span class='ocrx_word' id='word_1_192' title='bbox 444 2399 677 2470; x_wconf 85' lang='grc' dir='ltr'>δέχεται.</span> <span class='ocrx_word' id='word_1_193' title='bbox 735 2417 754 2451; x_wconf 97' lang='lat'><strong>3</strong></span> <span class='ocrx_word' id='word_1_194' title='bbox 793 2398 952 2451; x_wconf 82' lang='grc' dir='ltr'>Ποῖον</span> <span class='ocrx_word' id='word_1_195' title='bbox 1000 2395 1058 2449; x_wconf 81' lang='grc' dir='ltr'>δὲ</span> <span class='ocrx_word' id='word_1_196' title='bbox 1091 2394 1250 2450; x_wconf 75' lang='grc' dir='ltr'>ἔλαϐε</span> <span class='ocrx_word' id='word_1_197' title='bbox 1299 2394 1512 2448; x_wconf 78' lang='grc' dir='ltr'>παιδίον</span> <span class='ocrx_word' id='word_1_198' title='bbox 1545 2395 1640 2448; x_wconf 74' lang='grc' dir='ltr'>καὶ</span> <span class='ocrx_word' id='word_1_199' title='bbox 1672 2395 1905 2465; x_wconf 84' lang='grc' dir='ltr'>ὲνηγκα-</span> 
     </span>
    </p>
   </div>
   <div class='ocr_carea' id='block_1_27' title="bbox 313 2486 1905 2562">
    <p class='ocr_par' dir='ltr' id='par_1_27' title="bbox 313 2486 1905 2562">
     <span class='ocr_line' id='line_1_27' title="bbox 313 2486 1905 2562; baseline -0.003 -19"><span class='ocrx_word' id='word_1_200' title='bbox 313 2490 503 2544; x_wconf 89' lang='grc' dir='ltr'>λίσατο</span> <span class='ocrx_word' id='word_1_201' title='bbox 532 2493 562 2544; x_wconf 86' lang='grc' dir='ltr'><strong>ό</strong></span> <span class='ocrx_word' id='word_1_202' title='bbox 605 2489 814 2562; x_wconf 78' lang='grc' dir='ltr'>Ἰησοῦς</span> <span class='ocrx_word' id='word_1_203' title='bbox 844 2487 991 2543; x_wconf 83' lang='grc' dir='ltr'>κατὰ</span> <span class='ocrx_word' id='word_1_204' title='bbox 1030 2487 1123 2542; x_wconf 90' lang='grc' dir='ltr'><strong>τὸν</strong></span> <span class='ocrx_word' id='word_1_205' title='bbox 1159 2486 1456 2558; x_wconf 85' lang='grc' dir='ltr'>βαθύτερον</span> <span class='ocrx_word' id='word_1_206' title='bbox 1488 2488 1547 2540; x_wconf 79' lang='grc' dir='ltr'>ὲν</span> <span class='ocrx_word' id='word_1_207' title='bbox 1574 2489 1688 2549; x_wconf 88' lang='grc' dir='ltr'>τοῖς</span> <span class='ocrx_word' id='word_1_208' title='bbox 1717 2487 1905 2549; x_wconf 89' lang='grc' dir='ltr'>τόποις</span> 
     </span>
    </p>
   </div>
   <div class='ocr_carea' id='block_1_28' title="bbox 311 2577 1904 2654">
    <p class='ocr_par' dir='ltr' id='par_1_28' title="bbox 311 2577 1904 2654">
     <span class='ocr_line' id='line_1_28' title="bbox 311 2577 1904 2654; baseline -0.004 -19"><span class='ocrx_word' id='word_1_209' title='bbox 311 2580 506 2652; x_wconf 85' lang='grc' dir='ltr'>λόγον;</span> <span class='ocrx_word' id='word_1_210' title='bbox 535 2581 654 2654; x_wconf 79' lang='grc' dir='ltr'>ἣτὸ</span> <span class='ocrx_word' id='word_1_211' title='bbox 683 2581 836 2651; x_wconf 70' lang='grc' dir='ltr'>ἅγιον</span> <span class='ocrx_word' id='word_1_212' title='bbox 868 2579 1130 2652; x_wconf 77' lang='grc' dir='ltr'>Πνεῦμας</span> <span class='ocrx_word' id='word_1_213' title='bbox 1164 2581 1258 2634; x_wconf 76' lang='grc' dir='ltr'>καὶ</span> <span class='ocrx_word' id='word_1_214' title='bbox 1288 2578 1462 2648; x_wconf 86' lang='grc' dir='ltr'>τούτῳ</span> <span class='ocrx_word' id='word_1_215' title='bbox 1491 2594 1557 2648; x_wconf 82' lang='grc' dir='ltr'><strong>γε</strong></span> <span class='ocrx_word' id='word_1_216' title='bbox 1596 2577 1674 2648; x_wconf 83' lang='grc' dir='ltr'>τῷ</span> <span class='ocrx_word' id='word_1_217' title='bbox 1706 2577 1904 2648; x_wconf 87' lang='grc' dir='ltr'>παιδίῳ</span> 
     </span>
    </p>
   </div>
   <div class='ocr_carea' id='block_1_29' title="bbox 313 2664 1904 2744">
    <p class='ocr_par' dir='ltr' id='par_1_29' title="bbox 313 2664 1904 2744">
     <span class='ocr_line' id='line_1_29' title="bbox 313 2664 1904 2744; baseline -0.004 -17"><span class='ocrx_word' id='word_1_218' title='bbox 313 2673 720 2744; x_wconf 69' lang='grc' dir='ltr'>ὶξομοιώθησάν</span> <span class='ocrx_word' id='word_1_219' title='bbox 743 2689 907 2738; x_wconf 89' lang='grc' dir='ltr'>τινες,</span> <span class='ocrx_word' id='word_1_220' title='bbox 944 2672 1074 2744; x_wconf 76' lang='grc' dir='ltr'>περὶ</span> <span class='ocrx_word' id='word_1_221' title='bbox 1103 2664 1179 2726; x_wconf 81' lang='grc' dir='ltr'>ὧν</span> <span class='ocrx_word' id='word_1_222' title='bbox 1205 2667 1327 2725; x_wconf 77' lang='grc' dir='ltr'>εἷπε</span> <span class='ocrx_word' id='word_1_223' title='bbox 1362 2670 1457 2724; x_wconf 80' lang='grc' dir='ltr'>τό’</span> <span class='ocrx_word' id='word_1_224' title='bbox 1500 2687 1520 2722; x_wconf 85' lang='grc'><strong><em>‹</em></strong></span> <span class='ocrx_word' id='word_1_225' title='bbox 1577 2671 1673 2733; x_wconf 89' lang='grc' dir='ltr'>Ὃς</span> <span class='ocrx_word' id='word_1_226' title='bbox 1707 2669 1804 2722; x_wconf 74' lang='grc' dir='ltr'><strong>ἐὰν</strong></span> <span class='ocrx_word' id='word_1_227' title='bbox 1845 2667 1904 2720; x_wconf 83' lang='grc' dir='ltr'>ἓν</span> 
     </span>
    </p>
   </div>
   <div class='ocr_carea' id='block_1_30' title="bbox 308 2759 1900 2836">
    <p class='ocr_par' dir='ltr' id='par_1_30' title="bbox 308 2759 1900 2836">
     <span class='ocr_line' id='line_1_30' title="bbox 308 2759 1900 2836; baseline -0.003 -19"><span class='ocrx_word' id='word_1_228' title='bbox 308 2763 423 2818; x_wconf 79' lang='grc' dir='ltr'><strong>τῶν</strong></span> <span class='ocrx_word' id='word_1_229' title='bbox 453 2763 709 2818; x_wconf 88' lang='grc' dir='ltr'>τοιούτων</span> <span class='ocrx_word' id='word_1_230' title='bbox 741 2763 970 2818; x_wconf 91' lang='grc' dir='ltr'>παιδίων</span> <span class='ocrx_word' id='word_1_231' title='bbox 1001 2762 1221 2836; x_wconf 83' lang='grc' dir='ltr'>δέξηται</span> <span class='ocrx_word' id='word_1_232' title='bbox 1255 2761 1350 2816; x_wconf 73' lang='grc' dir='ltr'><strong>ἐπὶ</strong></span> <span class='ocrx_word' id='word_1_233' title='bbox 1379 2759 1459 2832; x_wconf 82' lang='grc' dir='ltr'><strong>τῷ</strong></span> <span class='ocrx_word' id='word_1_234' title='bbox 1509 2759 1734 2832; x_wconf 78' lang='grc' dir='ltr'>ὀνόματί</span> <span class='ocrx_word' id='word_1_235' title='bbox 1776 2777 1900 2832; x_wconf 86' lang='grc' dir='ltr'>μου,</span> 
     </span>
    </p>
   </div>
   <div class='ocr_carea' id='block_1_31' title="bbox 313 2853 1905 2926">
    <p class='ocr_par' dir='ltr' id='par_1_31' title="bbox 313 2853 1905 2926">
     <span class='ocr_line' id='line_1_31' title="bbox 313 2853 1905 2926; baseline 0.001 -18"><span class='ocrx_word' id='word_1_236' title='bbox 313 2855 416 2926; x_wconf 68' lang='grc' dir='ltr'>δμὲ</span> <span class='ocrx_word' id='word_1_237' title='bbox 448 2854 682 2926; x_wconf 85' lang='grc' dir='ltr'>δέχεται.</span> <span class='ocrx_word' id='word_1_238' title='bbox 727 2873 746 2906; x_wconf 93' lang='lat'><strong>3</strong></span> <span class='ocrx_word' id='word_1_239' title='bbox 783 2853 942 2909; x_wconf 80' lang='grc' dir='ltr'>Κατὰ</span> <span class='ocrx_word' id='word_1_240' title='bbox 973 2855 1155 2926; x_wconf 85' lang='grc' dir='ltr'>μέντοι</span> <span class='ocrx_word' id='word_1_241' title='bbox 1186 2855 1280 2909; x_wconf 88' lang='grc' dir='ltr'><strong>τὸν</strong></span> <span class='ocrx_word' id='word_1_242' title='bbox 1324 2855 1561 2920; x_wconf 81' lang='grc' dir='ltr'>Λουκᾶν,</span> <span class='ocrx_word' id='word_1_243' title='bbox 1602 2873 1620 2908; x_wconf 79' lang='grc' dir='ltr'><strong>ι</strong></span> <span class='ocrx_word' id='word_1_244' title='bbox 1661 2854 1905 2923; x_wconf 81' lang='grc' dir='ltr'>Διαλογι-</span> 
     </span>
    </p>
   </div>
   <div class='ocr_carea' id='block_1_32' title="bbox 316 2944 1904 3018">
    <p class='ocr_par' dir='ltr' id='par_1_32' title="bbox 316 2944 1904 3018">
     <span class='ocr_line' id='line_1_32' title="bbox 316 2944 1904 3018; baseline 0.001 -21"><span class='ocrx_word' id='word_1_245' title='bbox 316 2944 454 3016; x_wconf 81' lang='grc' dir='ltr'>σμὸς</span> <span class='ocrx_word' id='word_1_246' title='bbox 496 2964 516 2997; x_wconf 91' lang='lat'><strong>3</strong></span> <span class='ocrx_word' id='word_1_247' title='bbox 548 2947 630 3009; x_wconf 87' lang='grc' dir='ltr'><strong>είς</strong></span> <span class='ocrx_word' id='word_1_248' title='bbox 653 2946 778 3010; x_wconf 79' lang='grc' dir='ltr'>τοὺς</span> <span class='ocrx_word' id='word_1_249' title='bbox 807 2946 1056 3018; x_wconf 83' lang='grc' dir='ltr'>μαθητὰς</span> <span class='ocrx_word' id='word_1_250' title='bbox 1077 2947 1178 3001; x_wconf 83' lang='grc' dir='ltr'>οὐκ</span> <span class='ocrx_word' id='word_1_251' title='bbox 1208 2945 1574 3017; x_wconf 81' lang='grc' dir='ltr'>ἀναϐέϐηκεν,</span> <span class='ocrx_word' id='word_1_252' title='bbox 1592 2946 1706 3000; x_wconf 79' lang='grc' dir='ltr'>ἀλλ’</span> <span class='ocrx_word' id='word_1_253' title='bbox 1745 2964 1763 2997; x_wconf 75' lang='grc' dir='ltr'><strong>ι</strong></span> <span class='ocrx_word' id='word_1_254' title='bbox 1793 2948 1904 2999; x_wconf 83' lang='grc' dir='ltr'>είσ-</span> 
     </span>
    </p>
   </div>
   <div class='ocr_carea' id='block_1_33' title="bbox 310 3034 1902 3108">
    <p class='ocr_par' dir='ltr' id='par_1_33' title="bbox 310 3034 1902 3108">
     <span class='ocr_line' id='line_1_33' title="bbox 310 3034 1902 3108; baseline 0.001 -20"><span class='ocrx_word' id='word_1_255' title='bbox 310 3035 444 3106; x_wconf 83' lang='grc' dir='ltr'>ῆλθε</span> <span class='ocrx_word' id='word_1_256' title='bbox 485 3055 504 3087; x_wconf 91' lang='lat'><strong>3</strong></span> <span class='ocrx_word' id='word_1_257' title='bbox 555 3037 685 3108; x_wconf 79' lang='grc' dir='ltr'>περὶ</span> <span class='ocrx_word' id='word_1_258' title='bbox 724 3036 844 3102; x_wconf 78' lang='grc' dir='ltr'>τοῦ,</span> <span class='ocrx_word' id='word_1_259' title='bbox 899 3055 920 3089; x_wconf 72' lang='grc' dir='ltr'><strong>ι</strong></span> <span class='ocrx_word' id='word_1_260' title='bbox 981 3038 1078 3102; x_wconf 90' lang='grc' dir='ltr'><strong>Τίς</strong></span> <span class='ocrx_word' id='word_1_261' title='bbox 1123 3036 1304 3091; x_wconf 75' lang='grc' dir='ltr'>αὐτῶν</span> <span class='ocrx_word' id='word_1_262' title='bbox 1355 3036 1440 3108; x_wconf 76' lang='grc' dir='ltr'>εἴη</span> <span class='ocrx_word' id='word_1_263' title='bbox 1502 3034 1726 3108; x_wconf 81' lang='grc' dir='ltr'>μείζων.</span> <span class='ocrx_word' id='word_1_264' title='bbox 1789 3035 1902 3090; x_wconf 74' lang='grc' dir='ltr'>Καὶ</span> 
     </span>
    </p>
   </div>
   <div class='ocr_carea' id='block_1_34' title="bbox 317 3125 1974 3216">
    <p class='ocr_par' dir='ltr' id='par_1_34' title="bbox 317 3125 1974 3216">
     <span class='ocr_line' id='line_1_34' title="bbox 317 3125 1974 3216; baseline -0.001 -36"><span class='ocrx_word' id='word_1_265' title='bbox 317 3125 443 3180; x_wconf 83' lang='grc' dir='ltr'>ίδὼν</span> <span class='ocrx_word' id='word_1_266' title='bbox 466 3127 496 3179; x_wconf 88' lang='grc' dir='ltr'><strong>ό</strong></span> <span class='ocrx_word' id='word_1_267' title='bbox 536 3128 746 3198; x_wconf 81' lang='grc' dir='ltr'>Ἰησοῦς</span> <span class='ocrx_word' id='word_1_268' title='bbox 776 3127 868 3181; x_wconf 91' lang='grc' dir='ltr'><strong>τὸν</strong></span> <span class='ocrx_word' id='word_1_269' title='bbox 894 3127 1242 3200; x_wconf 78' lang='grc' dir='ltr'>διαλογισμὸν</span> <span class='ocrx_word' id='word_1_270' title='bbox 1265 3128 1367 3199; x_wconf 85' lang='grc' dir='ltr'>τῆς</span> <span class='ocrx_word' id='word_1_271' title='bbox 1388 3127 1616 3199; x_wconf 85' lang='grc' dir='ltr'>καρδίας</span> <span class='ocrx_word' id='word_1_272' title='bbox 1641 3126 1842 3193; x_wconf 81' lang='grc' dir='ltr'>αὐτῶν,</span> <span class='ocrx_word' id='word_1_273' title='bbox 1875 3145 1894 3179; x_wconf 91' lang='lat'><strong>3</strong></span> <span class='ocrx_word' id='word_1_274' title='bbox 1929 3155 1974 3216; x_wconf 63' lang='grc' dir='ltr'>ο</span> 
     </span>
    </p>
   </div>
   <div class='ocr_carea' id='block_1_35' title="bbox 314 3216 1903 3290">
    <p class='ocr_par' dir='ltr' id='par_1_35' title="bbox 314 3216 1903 3290">
     <span class='ocr_line' id='line_1_35' title="bbox 314 3216 1903 3290; baseline -0.001 -18"><span class='ocrx_word' id='word_1_275' title='bbox 314 3217 412 3272; x_wconf 75' lang='grc' dir='ltr'>ἅτε</span> <span class='ocrx_word' id='word_1_276' title='bbox 451 3216 592 3290; x_wconf 75' lang='grc' dir='ltr'>ἔχων</span> <span class='ocrx_word' id='word_1_277' title='bbox 625 3217 935 3289; x_wconf 74' lang='grc' dir='ltr'>ὀφθαλμοὺς</span> <span class='ocrx_word' id='word_1_278' title='bbox 967 3217 1354 3289; x_wconf 83' lang='grc' dir='ltr'>διαλογισμοὺς</span> <span class='ocrx_word' id='word_1_279' title='bbox 1398 3216 1636 3290; x_wconf 84' lang='grc' dir='ltr'>καρδιῶν</span> <span class='ocrx_word' id='word_1_280' title='bbox 1679 3217 1903 3288; x_wconf 79' lang='grc' dir='ltr'>βλέπον-</span> 
     </span>
    </p>
   </div>
   <div class='ocr_carea' id='block_1_36' title="bbox 313 3308 1902 3381">
    <p class='ocr_par' dir='ltr' id='par_1_36' title="bbox 313 3308 1902 3381">
     <span class='ocr_line' id='line_1_36' title="bbox 313 3308 1902 3381; baseline 0 -19"><span class='ocrx_word' id='word_1_281' title='bbox 313 3325 414 3372; x_wconf 89' lang='grc' dir='ltr'><strong>τας</strong></span> <span class='ocrx_word' id='word_1_282' title='bbox 433 3325 447 3338; x_wconf 80' lang='grc'><strong>’</strong></span> <span class='ocrx_word' id='word_1_283' title='bbox 497 3327 514 3361; x_wconf 81' lang='grc' dir='ltr'><strong>ι</strong></span> <span class='ocrx_word' id='word_1_284' title='bbox 569 3309 712 3362; x_wconf 83' lang='grc' dir='ltr'>Ἰδὼν</span> <span class='ocrx_word' id='word_1_285' title='bbox 739 3310 831 3362; x_wconf 91' lang='grc' dir='ltr'><strong>τὸν</strong></span> <span class='ocrx_word' id='word_1_286' title='bbox 862 3309 1213 3380; x_wconf 79' lang='grc' dir='ltr'>διαλογισμὸν</span> <span class='ocrx_word' id='word_1_287' title='bbox 1243 3310 1346 3381; x_wconf 84' lang='grc' dir='ltr'>τῆς</span> <span class='ocrx_word' id='word_1_288' title='bbox 1378 3308 1606 3380; x_wconf 86' lang='grc' dir='ltr'>καρδίας</span> <span class='ocrx_word' id='word_1_289' title='bbox 1639 3309 1840 3373; x_wconf 83' lang='grc' dir='ltr'>αὐτῶν,</span> <span class='ocrx_word' id='word_1_290' title='bbox 1883 3328 1902 3362; x_wconf 90' lang='lat'><strong>3</strong></span> 
     </span>
    </p>
   </div>
   <div class='ocr_carea' id='block_1_37' title="bbox 312 3400 1906 3474">
    <p class='ocr_par' dir='ltr' id='par_1_37' title="bbox 312 3400 1906 3474">
     <span class='ocr_line' id='line_1_37' title="bbox 312 3400 1906 3474; baseline -0.001 -19"><span class='ocrx_word' id='word_1_291' title='bbox 312 3401 435 3455; x_wconf 82' lang='grc' dir='ltr'>οὐδὲ</span> <span class='ocrx_word' id='word_1_292' title='bbox 455 3402 754 3474; x_wconf 78' lang='grc' dir='ltr'>ἐρωτηθεὶς</span> <span class='ocrx_word' id='word_1_293' title='bbox 787 3401 930 3455; x_wconf 83' lang='grc' dir='ltr'>κατὰ</span> <span class='ocrx_word' id='word_1_294' title='bbox 957 3401 1047 3454; x_wconf 89' lang='grc' dir='ltr'><strong>τὸν</strong></span> <span class='ocrx_word' id='word_1_295' title='bbox 1075 3401 1313 3467; x_wconf 79' lang='grc' dir='ltr'>Λουκᾶν,</span> <span class='ocrx_word' id='word_1_296' title='bbox 1347 3419 1364 3452; x_wconf 77' lang='grc' dir='ltr'><strong>ι</strong></span> <span class='ocrx_word' id='word_1_297' title='bbox 1398 3400 1556 3454; x_wconf 78' lang='grc' dir='ltr'>ἔλαϐε</span> <span class='ocrx_word' id='word_1_298' title='bbox 1587 3401 1648 3454; x_wconf 92' lang='grc' dir='ltr'><strong>τὸ</strong></span> <span class='ocrx_word' id='word_1_299' title='bbox 1677 3401 1906 3468; x_wconf 87' lang='grc' dir='ltr'>παιδίον,</span> 
     </span>
    </p>
   </div>
   <div class='ocr_carea' id='block_1_38' title="bbox 315 3491 1908 3563">
    <p class='ocr_par' dir='ltr' id='par_1_38' title="bbox 315 3491 1908 3563">
     <span class='ocr_line' id='line_1_38' title="bbox 315 3491 1908 3563; baseline -0.001 -16"><span class='ocrx_word' id='word_1_300' title='bbox 315 3493 412 3548; x_wconf 66' lang='grc' dir='ltr'>καὶ</span> <span class='ocrx_word' id='word_1_301' title='bbox 436 3492 681 3563; x_wconf 70' lang='grc' dir='ltr'>ἔστησεν,</span> <span class='ocrx_word' id='word_1_302' title='bbox 726 3511 744 3543; x_wconf 92' lang='lat'><strong>3</strong></span> <span class='ocrx_word' id='word_1_303' title='bbox 783 3492 846 3545; x_wconf 77' lang='grc' dir='ltr'>οὐ</span> <span class='ocrx_word' id='word_1_304' title='bbox 875 3492 1034 3563; x_wconf 86' lang='grc' dir='ltr'>μόνον</span> <span class='ocrx_word' id='word_1_305' title='bbox 1082 3493 1140 3546; x_wconf 83' lang='grc' dir='ltr'>ὲν</span> <span class='ocrx_word' id='word_1_306' title='bbox 1177 3493 1328 3563; x_wconf 86' lang='grc' dir='ltr'>μέσῳ</span> <span class='ocrx_word' id='word_1_307' title='bbox 1358 3492 1560 3557; x_wconf 72' lang='grc' dir='ltr'>αὐτῶν,</span> <span class='ocrx_word' id='word_1_308' title='bbox 1586 3491 1662 3557; x_wconf 83' lang='grc' dir='ltr'><strong>ὡς</strong></span> <span class='ocrx_word' id='word_1_309' title='bbox 1693 3495 1722 3546; x_wconf 88' lang='grc' dir='ltr'><strong>ὁ</strong></span> <span class='ocrx_word' id='word_1_310' title='bbox 1754 3495 1908 3548; x_wconf 89' lang='grc' dir='ltr'>Ματ-</span> 
     </span>
    </p>
   </div>
   <div class='ocr_carea' id='block_1_39' title="bbox 317 3582 1906 3656">
    <p class='ocr_par' dir='ltr' id='par_1_39' title="bbox 317 3582 1906 3656">
     <span class='ocr_line' id='line_1_39' title="bbox 317 3582 1906 3656; baseline 0 -18"><span class='ocrx_word' id='word_1_311' title='bbox 317 3583 470 3648; x_wconf 82' lang='grc' dir='ltr'>θαϊος</span> <span class='ocrx_word' id='word_1_312' title='bbox 501 3585 596 3638; x_wconf 79' lang='grc' dir='ltr'>καὶ</span> <span class='ocrx_word' id='word_1_313' title='bbox 623 3584 652 3636; x_wconf 85' lang='grc' dir='ltr'>ὁ</span> <span class='ocrx_word' id='word_1_314' title='bbox 683 3584 911 3656; x_wconf 84' lang='grc' dir='ltr'>Μάρκος</span> <span class='ocrx_word' id='word_1_315' title='bbox 943 3583 1252 3656; x_wconf 76' lang='grc' dir='ltr'>εἰρήκασιν,</span> <span class='ocrx_word' id='word_1_316' title='bbox 1289 3582 1404 3636; x_wconf 80' lang='grc' dir='ltr'>ἀλλ’</span> <span class='ocrx_word' id='word_1_317' title='bbox 1437 3585 1538 3656; x_wconf 72' lang='grc' dir='ltr'>ήδη</span> <span class='ocrx_word' id='word_1_318' title='bbox 1575 3583 1670 3638; x_wconf 81' lang='grc' dir='ltr'>καὶ</span> <span class='ocrx_word' id='word_1_319' title='bbox 1713 3603 1732 3635; x_wconf 71' lang='grc' dir='ltr'>ς</span> <span class='ocrx_word' id='word_1_320' title='bbox 1775 3584 1906 3656; x_wconf 85' lang='grc' dir='ltr'>παρ’</span> 
     </span>
    </p>
   </div>
   <div class='ocr_carea' id='block_1_40' title="bbox 317 3668 1910 3746">
    <p class='ocr_par' dir='ltr' id='par_1_40' title="bbox 317 3668 1910 3746">
     <span class='ocr_line' id='line_1_40' title="bbox 317 3668 1910 3746; baseline -0.003 -17"><span class='ocrx_word' id='word_1_321' title='bbox 317 3673 514 3746; x_wconf 75' lang='grc' dir='ltr'>ἑαυτῷ,</span> <span class='ocrx_word' id='word_1_322' title='bbox 542 3675 638 3729; x_wconf 76' lang='grc' dir='ltr'>καὶ</span> <span class='ocrx_word' id='word_1_323' title='bbox 663 3668 786 3728; x_wconf 81' lang='grc' dir='ltr'>εἷπε</span> <span class='ocrx_word' id='word_1_324' title='bbox 811 3692 832 3728; x_wconf 91' lang='lat'><strong>3</strong></span> <span class='ocrx_word' id='word_1_325' title='bbox 885 3674 1000 3736; x_wconf 86' lang='grc' dir='ltr'>τοῖς</span> <span class='ocrx_word' id='word_1_326' title='bbox 1034 3671 1304 3742; x_wconf 82' lang='grc' dir='ltr'>μαθηταῖς</span> <span class='ocrx_word' id='word_1_327' title='bbox 1329 3671 1390 3725; x_wconf 78' lang='grc' dir='ltr'>οὐ</span> <span class='ocrx_word' id='word_1_328' title='bbox 1437 3673 1598 3744; x_wconf 87' lang='grc' dir='ltr'>μόνον</span> <span class='ocrx_word' id='word_1_329' title='bbox 1633 3671 1714 3725; x_wconf 79' lang='grc' dir='ltr'>τόο</span> <span class='ocrx_word' id='word_1_330' title='bbox 1750 3691 1768 3724; x_wconf 80' lang='grc' dir='ltr'><strong>ι</strong></span> <span class='ocrx_word' id='word_1_331' title='bbox 1814 3674 1910 3737; x_wconf 88' lang='grc' dir='ltr'>Ὃς</span> 
     </span>
    </p>
   </div>
   <div class='ocr_carea' id='block_1_41' title="bbox 316 3762 1909 3838">
    <p class='ocr_par' dir='ltr' id='par_1_41' title="bbox 316 3762 1909 3838">
     <span class='ocr_line' id='line_1_41' title="bbox 316 3762 1909 3838; baseline -0.002 -17"><span class='ocrx_word' id='word_1_332' title='bbox 316 3765 414 3821; x_wconf 77' lang='grc' dir='ltr'><strong>ἐὰν</strong></span> <span class='ocrx_word' id='word_1_333' title='bbox 445 3765 664 3838; x_wconf 75' lang='grc' dir='ltr'>δέξηται</span> <span class='ocrx_word' id='word_1_334' title='bbox 699 3765 760 3820; x_wconf 77' lang='grc' dir='ltr'>ἓν</span> <span class='ocrx_word' id='word_1_335' title='bbox 803 3763 1017 3818; x_wconf 82' lang='grc' dir='ltr'>παιδίον</span> <span class='ocrx_word' id='word_1_336' title='bbox 1059 3762 1293 3830; x_wconf 82' lang='grc' dir='ltr'>τοιοῦτο,</span> <span class='ocrx_word' id='word_1_337' title='bbox 1339 3781 1359 3816; x_wconf 94' lang='lat'><strong>3</strong></span> <span class='ocrx_word' id='word_1_338' title='bbox 1403 3765 1468 3836; x_wconf 76' lang='grc' dir='ltr'><strong>ἧο</strong></span> <span class='ocrx_word' id='word_1_339' title='bbox 1510 3783 1530 3814; x_wconf 73' lang='grc' dir='ltr'><strong><em>α</em></strong></span> <span class='ocrx_word' id='word_1_340' title='bbox 1598 3765 1693 3829; x_wconf 90' lang='grc' dir='ltr'><strong>Ὃς</strong></span> <span class='ocrx_word' id='word_1_341' title='bbox 1723 3764 1819 3818; x_wconf 76' lang='grc' dir='ltr'>ἐὰν</span> <span class='ocrx_word' id='word_1_342' title='bbox 1850 3765 1909 3818; x_wconf 77' lang='grc' dir='ltr'>ἓν</span> 
     </span>
    </p>
   </div>
   <div class='ocr_carea' id='block_1_42' title="bbox 315 3851 1908 3928">
    <p class='ocr_par' dir='ltr' id='par_1_42' title="bbox 315 3851 1908 3928">
     <span class='ocr_line' id='line_1_42' title="bbox 315 3851 1908 3928; baseline -0.003 -15"><span class='ocrx_word' id='word_1_343' title='bbox 315 3857 578 3913; x_wconf 79' lang='grc' dir='ltr'>τοιούτων</span> <span class='ocrx_word' id='word_1_344' title='bbox 611 3857 840 3910; x_wconf 89' lang='grc' dir='ltr'>παιδίων</span> <span class='ocrx_word' id='word_1_345' title='bbox 872 3851 1093 3926; x_wconf 81' lang='grc' dir='ltr'>δέξηται</span> <span class='ocrx_word' id='word_1_346' title='bbox 1127 3855 1220 3908; x_wconf 68' lang='grc' dir='ltr'><strong>ἐπὶ</strong></span> <span class='ocrx_word' id='word_1_347' title='bbox 1253 3853 1331 3926; x_wconf 78' lang='grc' dir='ltr'>τῷ</span> <span class='ocrx_word' id='word_1_348' title='bbox 1360 3854 1587 3925; x_wconf 83' lang='grc' dir='ltr'>ὀνόματί</span> <span class='ocrx_word' id='word_1_349' title='bbox 1624 3873 1756 3926; x_wconf 86' lang='grc' dir='ltr'>μου,</span> <span class='ocrx_word' id='word_1_350' title='bbox 1806 3857 1908 3928; x_wconf 71' lang='grc' dir='ltr'><strong>ἐμὲ</strong></span> 
     </span>
    </p>
   </div>
   <div class='ocr_carea' id='block_1_43' title="bbox 313 3945 1909 4020">
    <p class='ocr_par' dir='ltr' id='par_1_43' title="bbox 313 3945 1909 4020">
     <span class='ocr_line' id='line_1_43' title="bbox 313 3945 1909 4020; baseline -0.001 -16"><span class='ocrx_word' id='word_1_351' title='bbox 313 3949 553 4020; x_wconf 82' lang='grc' dir='ltr'>δέχεται,</span> <span class='ocrx_word' id='word_1_352' title='bbox 599 3967 618 4001; x_wconf 93' lang='lat'><strong>3</strong></span> <span class='ocrx_word' id='word_1_353' title='bbox 655 3947 770 4002; x_wconf 79' lang='grc' dir='ltr'>ἀλλ’</span> <span class='ocrx_word' id='word_1_354' title='bbox 804 3947 904 4020; x_wconf 69' lang='grc' dir='ltr'>ἤδη</span> <span class='ocrx_word' id='word_1_355' title='bbox 934 3945 1032 4000; x_wconf 79' lang='grc' dir='ltr'>καὶ</span> <span class='ocrx_word' id='word_1_356' title='bbox 1078 3945 1576 4019; x_wconf 82' lang='grc' dir='ltr'>ὲπαναϐεϐηκότως</span> <span class='ocrx_word' id='word_1_357' title='bbox 1609 3948 1669 4001; x_wconf 85' lang='grc' dir='ltr'><strong>τό</strong></span> <span class='ocrx_word' id='word_1_358' title='bbox 1687 3965 1701 3980; x_wconf 90' lang='grc'><strong>·</strong></span> <span class='ocrx_word' id='word_1_359' title='bbox 1741 3968 1759 4000; x_wconf 76' lang='grc' dir='ltr'><strong>ι</strong></span> <span class='ocrx_word' id='word_1_360' title='bbox 1812 3951 1909 4014; x_wconf 85' lang='grc' dir='ltr'><strong>Ὃς</strong></span> 
     </span>
    </p>
   </div>
   <div class='ocr_carea' id='block_1_44' title="bbox 317 4038 1908 4113">
    <p class='ocr_par' dir='ltr' id='par_1_44' title="bbox 317 4038 1908 4113">
     <span class='ocr_line' id='line_1_44' title="bbox 317 4038 1908 4113; baseline -0.001 -16"><span class='ocrx_word' id='word_1_361' title='bbox 317 4041 416 4097; x_wconf 72' lang='grc' dir='ltr'><strong>ἰὰν</strong></span> <span class='ocrx_word' id='word_1_362' title='bbox 448 4039 670 4113; x_wconf 83' lang='grc' dir='ltr'>δέξηται</span> <span class='ocrx_word' id='word_1_363' title='bbox 699 4039 860 4094; x_wconf 80' lang='grc' dir='ltr'>τοῦτο</span> <span class='ocrx_word' id='word_1_364' title='bbox 904 4040 966 4094; x_wconf 90' lang='grc' dir='ltr'><strong>τὸ</strong></span> <span class='ocrx_word' id='word_1_365' title='bbox 1002 4038 1213 4094; x_wconf 90' lang='grc' dir='ltr'>παιδίον</span> <span class='ocrx_word' id='word_1_366' title='bbox 1260 4039 1378 4113; x_wconf 68' lang='grc' dir='ltr'><strong>(Η)</strong></span> <span class='ocrx_word' id='word_1_367' title='bbox 1429 4039 1524 4092; x_wconf 74' lang='grc' dir='ltr'><strong>ἐπὶ</strong></span> <span class='ocrx_word' id='word_1_368' title='bbox 1555 4039 1633 4110; x_wconf 84' lang='grc' dir='ltr'>τῷ</span> <span class='ocrx_word' id='word_1_369' title='bbox 1679 4039 1908 4112; x_wconf 84' lang='grc' dir='ltr'>ὀνόματί</span> 
     </span>
    </p>
   </div>
   <div class='ocr_carea' id='block_1_45' title="bbox 321 4126 1908 4204">
    <p class='ocr_par' dir='ltr' id='par_1_45' title="bbox 321 4126 1908 4204">
     <span class='ocr_line' id='line_1_45' title="bbox 321 4126 1908 4204; baseline 0.001 -19"><span class='ocrx_word' id='word_1_370' title='bbox 321 4149 447 4204; x_wconf 82' lang='grc' dir='ltr'>μου,</span> <span class='ocrx_word' id='word_1_371' title='bbox 475 4131 575 4202; x_wconf 74' lang='grc' dir='ltr'><strong>ἐμὲ</strong></span> <span class='ocrx_word' id='word_1_372' title='bbox 600 4131 828 4201; x_wconf 88' lang='grc' dir='ltr'>δέχεται.</span> <span class='ocrx_word' id='word_1_373' title='bbox 866 4149 886 4182; x_wconf 93' lang='lat'><strong>3</strong></span> <span class='ocrx_word' id='word_1_374' title='bbox 925 4128 1046 4202; x_wconf 79' lang='grc' dir='ltr'><strong>Χρὴ</strong></span> <span class='ocrx_word' id='word_1_375' title='bbox 1079 4126 1172 4184; x_wconf 80' lang='grc' dir='ltr'>οὖν</span> <span class='ocrx_word' id='word_1_376' title='bbox 1197 4129 1339 4184; x_wconf 82' lang='grc' dir='ltr'>κατὰ</span> <span class='ocrx_word' id='word_1_377' title='bbox 1360 4129 1452 4184; x_wconf 88' lang='grc' dir='ltr'><strong>τὸν</strong></span> <span class='ocrx_word' id='word_1_378' title='bbox 1481 4131 1697 4185; x_wconf 79' lang='grc' dir='ltr'>Λουκᾶν</span> <span class='ocrx_word' id='word_1_379' title='bbox 1731 4135 1908 4188; x_wconf 78' lang='grc' dir='ltr'>ἐκεῖνο</span> 
     </span>
    </p>
   </div>
   <div class='ocr_carea' id='block_1_46' title="bbox 317 4213 1908 4300">
    <p class='ocr_par' dir='ltr' id='par_1_46' title="bbox 317 4213 1908 4300">
     <span class='ocr_line' id='line_1_46' title="bbox 317 4213 1908 4300; baseline 0 -23"><span class='ocrx_word' id='word_1_380' title='bbox 317 4221 382 4277; x_wconf 89' lang='grc' dir='ltr'><strong>τὸ</strong></span> <span class='ocrx_word' id='word_1_381' title='bbox 433 4220 662 4286; x_wconf 83' lang='grc' dir='ltr'>παιδίον,</span> <span class='ocrx_word' id='word_1_382' title='bbox 695 4213 756 4275; x_wconf 76' lang='grc' dir='ltr'><strong>οὗ</strong></span> <span class='ocrx_word' id='word_1_383' title='bbox 800 4220 1099 4292; x_wconf 88' lang='grc' dir='ltr'>λαϐόμενος</span> <span class='ocrx_word' id='word_1_384' title='bbox 1146 4220 1175 4273; x_wconf 84' lang='grc' dir='ltr'>ὁ</span> <span class='ocrx_word' id='word_1_385' title='bbox 1240 4219 1451 4291; x_wconf 83' lang='grc' dir='ltr'>Ἰησοῦς</span> <span class='ocrx_word' id='word_1_386' title='bbox 1502 4219 1728 4300; x_wconf 72' lang='grc' dir='ltr'>ξστησεν</span> <span class='ocrx_word' id='word_1_387' title='bbox 1777 4223 1908 4277; x_wconf 85' lang='grc' dir='ltr'>αὐτὸ</span> 
     </span>
    </p>
   </div>
   <div class='ocr_carea' id='block_1_47' title="bbox 319 4309 1902 4386">
    <p class='ocr_par' dir='ltr' id='par_1_47' title="bbox 319 4309 1902 4386">
     <span class='ocr_line' id='line_1_47' title="bbox 319 4309 1902 4386; baseline 0.001 -18"><span class='ocrx_word' id='word_1_388' title='bbox 319 4314 451 4385; x_wconf 88' lang='grc' dir='ltr'>παρ’</span> <span class='ocrx_word' id='word_1_389' title='bbox 496 4313 694 4384; x_wconf 77' lang='grc' dir='ltr'>ἑαυτῷ,</span> <span class='ocrx_word' id='word_1_390' title='bbox 741 4312 995 4377; x_wconf 81' lang='grc' dir='ltr'>δέξασθαι</span> <span class='ocrx_word' id='word_1_391' title='bbox 1039 4311 1132 4365; x_wconf 77' lang='grc' dir='ltr'><strong>ἐπὶ</strong></span> <span class='ocrx_word' id='word_1_392' title='bbox 1177 4309 1255 4383; x_wconf 81' lang='grc' dir='ltr'>τῷ</span> <span class='ocrx_word' id='word_1_393' title='bbox 1295 4311 1520 4383; x_wconf 84' lang='grc' dir='ltr'>ὀνόματι</span> <span class='ocrx_word' id='word_1_394' title='bbox 1565 4312 1660 4367; x_wconf 83' lang='grc' dir='ltr'><strong>τοῦ</strong></span> <span class='ocrx_word' id='word_1_395' title='bbox 1707 4314 1902 4386; x_wconf 80' lang='grc' dir='ltr'>Ἰησοῦ.</span> 
     </span>
    </p>
   </div>
   <div class='ocr_carea' id='block_1_48' title="bbox 317 4401 1902 4477">
    <p class='ocr_par' dir='ltr' id='par_1_48' title="bbox 317 4401 1902 4477">
     <span class='ocr_line' id='line_1_48' title="bbox 317 4401 1902 4477; baseline 0.001 -17"><span class='ocrx_word' id='word_1_396' title='bbox 317 4403 431 4460; x_wconf 78' lang='grc' dir='ltr'><strong>Καὶ</strong></span> <span class='ocrx_word' id='word_1_397' title='bbox 475 4404 576 4460; x_wconf 81' lang='grc' dir='ltr'>οὐκ</span> <span class='ocrx_word' id='word_1_398' title='bbox 605 4401 724 4460; x_wconf 83' lang='grc' dir='ltr'>οῖδα</span> <span class='ocrx_word' id='word_1_399' title='bbox 771 4405 821 4457; x_wconf 89' lang='grc' dir='ltr'><strong>εί</strong></span> <span class='ocrx_word' id='word_1_400' title='bbox 867 4402 1092 4459; x_wconf 85' lang='grc' dir='ltr'>δύναταί</span> <span class='ocrx_word' id='word_1_401' title='bbox 1127 4420 1210 4469; x_wconf 91' lang='grc' dir='ltr'><strong>τις</strong></span> <span class='ocrx_word' id='word_1_402' title='bbox 1255 4402 1331 4476; x_wconf 78' lang='grc' dir='ltr'>μὴ</span> <span class='ocrx_word' id='word_1_403' title='bbox 1366 4404 1766 4477; x_wconf 84' lang='grc' dir='ltr'>τροπολογῆσαι</span> <span class='ocrx_word' id='word_1_404' title='bbox 1809 4407 1902 4461; x_wconf 85' lang='grc' dir='ltr'>τό·</span> 
     </span>
    </p>
   </div>
   <div class='ocr_carea' id='block_1_49' title="bbox 2015 567 3601 642">
    <p class='ocr_par' dir='ltr' id='par_1_49' title="bbox 2015 567 3601 642">
     <span class='ocr_line' id='line_1_49' title="bbox 2015 567 3601 642; baseline 0 -20"><span class='ocrx_word' id='word_1_405' title='bbox 2015 567 2160 623; x_wconf 89' lang='lat' dir='ltr'><strong>mola</strong></span> <span class='ocrx_word' id='word_1_406' title='bbox 2199 570 2438 626; x_wconf 89' lang='lat' dir='ltr'><strong>asinaria</strong></span> <span class='ocrx_word' id='word_1_407' title='bbox 2473 571 2525 624; x_wconf 93' lang='lat' dir='ltr'><strong>in</strong></span> <span class='ocrx_word' id='word_1_408' title='bbox 2558 571 2702 626; x_wconf 89' lang='lat' dir='ltr'><strong>collo</strong></span> <span class='ocrx_word' id='word_1_409' title='bbox 2732 571 2872 642; x_wconf 87' lang='lat' dir='ltr'><strong>ejus,</strong></span> <span class='ocrx_word' id='word_1_410' title='bbox 2903 582 2959 628; x_wconf 89' lang='lat' dir='ltr'><strong>et</strong></span> <span class='ocrx_word' id='word_1_411' title='bbox 2990 573 3338 642; x_wconf 76' lang='lat' dir='ltr'><strong>demergatur</strong></span> <span class='ocrx_word' id='word_1_412' title='bbox 3374 571 3428 624; x_wconf 89' lang='lat' dir='ltr'><strong>in</strong></span> <span class='ocrx_word' id='word_1_413' title='bbox 3475 585 3601 638; x_wconf 82' lang='lat' dir='ltr'><strong>pro-</strong></span> 
     </span>
    </p>
   </div>
   <div class='ocr_carea' id='block_1_50' title="bbox 2015 658 3602 736">
    <p class='ocr_par' dir='ltr' id='par_1_50' title="bbox 2015 658 3602 736">
     <span class='ocr_line' id='line_1_50' title="bbox 2015 658 3602 736; baseline 0.001 -23"><span class='ocrx_word' id='word_1_414' title='bbox 2015 658 2245 716; x_wconf 82' lang='lat' dir='ltr'><strong>fundum</strong></span> <span class='ocrx_word' id='word_1_415' title='bbox 2276 663 2463 718; x_wconf 87' lang='lat' dir='ltr'><strong>maris.</strong></span> <span class='ocrx_word' id='word_1_416' title='bbox 2502 680 2522 715; x_wconf 91' lang='lat'><strong>3</strong></span> <span class='ocrx_word' id='word_1_417' title='bbox 2552 659 2678 718; x_wconf 63' lang='lat' dir='ltr'><strong>Haec</strong></span> <span class='ocrx_word' id='word_1_418' title='bbox 2706 679 2872 734; x_wconf 85' lang='lat' dir='ltr'><strong>super</strong></span> <span class='ocrx_word' id='word_1_419' title='bbox 2900 663 3196 736; x_wconf 74' lang='lat' dir='ltr'><strong>propositis</strong></span> <span class='ocrx_word' id='word_1_420' title='bbox 3221 660 3462 718; x_wconf 74' lang='lat' dir='ltr'><strong>Matthaei</strong></span> <span class='ocrx_word' id='word_1_421' title='bbox 3487 675 3602 715; x_wconf 63' lang='lat' dir='ltr'><strong>vero</strong></span> 
     </span>
    </p>
   </div>
   <div class='ocr_carea' id='block_1_51' title="bbox 2015 753 2433 812">
    <p class='ocr_par' dir='ltr' id='par_1_51' title="bbox 2015 753 2433 812">
     <span class='ocr_line' id='line_1_51' title="bbox 2015 753 2433 812; baseline 0.005 -4"><span class='ocrx_word' id='word_1_422' title='bbox 2015 753 2101 810; x_wconf 87' lang='lat' dir='ltr'><strong>bis</strong></span> <span class='ocrx_word' id='word_1_423' title='bbox 2126 755 2270 810; x_wconf 86' lang='lat' dir='ltr'><strong>dicta</strong></span> <span class='ocrx_word' id='word_1_424' title='bbox 2301 755 2433 812; x_wconf 90' lang='lat' dir='ltr'><strong>sint.</strong></span> 
     </span>
    </p>
   </div>
   <div class='ocr_carea' id='block_1_52' title="bbox 2091 1025 3599 1104">
    <p class='ocr_par' dir='ltr' id='par_1_52' title="bbox 2091 1025 3599 1104">
     <span class='ocr_line' id='line_1_52' title="bbox 2091 1025 3599 1104; baseline 0.003 -23"><span class='ocrx_word' id='word_1_425' title='bbox 2091 1025 2179 1082; x_wconf 80' lang='lat' dir='ltr'><strong>l9.</strong></span> <span class='ocrx_word' id='word_1_426' title='bbox 2221 1025 2518 1086; x_wconf 79' lang='lat' dir='ltr'><strong>Videamus</strong></span> <span class='ocrx_word' id='word_1_427' title='bbox 2554 1030 2666 1100; x_wconf 88' lang='lat' dir='ltr'><strong>jam</strong></span> <span class='ocrx_word' id='word_1_428' title='bbox 2719 1033 2996 1103; x_wconf 88' lang='lat' dir='ltr'><strong>quomodo</strong></span> <span class='ocrx_word' id='word_1_429' title='bbox 3046 1032 3188 1104; x_wconf 89' lang='lat' dir='ltr'><strong>apud</strong></span> <span class='ocrx_word' id='word_1_430' title='bbox 3239 1031 3481 1103; x_wconf 87' lang='lat' dir='ltr'><strong>reliquos</strong></span> <span class='ocrx_word' id='word_1_431' title='bbox 3540 1047 3599 1087; x_wconf 91' lang='lat' dir='ltr'><strong>se</strong></span> 
     </span>
    </p>
   </div>
   <div class='ocr_carea' id='block_1_53' title="bbox 2013 1118 3720 1198">
    <p class='ocr_par' dir='ltr' id='par_1_53' title="bbox 2013 1118 3720 1198">
     <span class='ocr_line' id='line_1_53' title="bbox 2013 1118 3720 1198; baseline 0.005 -26"><span class='ocrx_word' id='word_1_432' title='bbox 2013 1118 2251 1175; x_wconf 83' lang='lat' dir='ltr'><strong>habeam</strong></span> <span class='ocrx_word' id='word_1_433' title='bbox 2277 1136 2400 1191; x_wconf 68' lang='lat' dir='ltr'><strong>quas</strong></span> <span class='ocrx_word' id='word_1_434' title='bbox 2427 1124 2494 1178; x_wconf 88' lang='lat' dir='ltr'><strong>ad</strong></span> <span class='ocrx_word' id='word_1_435' title='bbox 2524 1140 2586 1178; x_wconf 83' lang='lat' dir='ltr'><strong>ea</strong></span> <span class='ocrx_word' id='word_1_436' title='bbox 2622 1126 2917 1193; x_wconf 72' lang='lat' dir='ltr'><strong>pertinent.</strong></span> <span class='ocrx_word' id='word_1_437' title='bbox 2946 1126 3038 1181; x_wconf 83' lang='lat' dir='ltr'><strong>Ait</strong></span> <span class='ocrx_word' id='word_1_438' title='bbox 3077 1141 3209 1198; x_wconf 80' lang='lat' dir='ltr'><strong>ergo</strong></span> <span class='ocrx_word' id='word_1_439' title='bbox 3237 1124 3454 1179; x_wconf 84' lang='lat' dir='ltr'><strong>Marcus</strong></span> <span class='ocrx_word' id='word_1_440' title='bbox 3482 1123 3597 1177; x_wconf 86' lang='lat' dir='ltr'><strong>dis-</strong></span> <span class='ocrx_word' id='word_1_441' title='bbox 3716 1177 3720 1181; x_wconf 82' lang='lat'><strong>.</strong></span> 
     </span>
    </p>
   </div>
   <div class='ocr_carea' id='block_1_54' title="bbox 2015 1213 3598 1287">
    <p class='ocr_par' dir='ltr' id='par_1_54' title="bbox 2015 1213 3598 1287">
     <span class='ocr_line' id='line_1_54' title="bbox 2015 1213 3598 1287; baseline 0.003 -24"><span class='ocrx_word' id='word_1_442' title='bbox 2015 1220 2236 1279; x_wconf 82' lang='lat' dir='ltr'><strong>putasse</strong></span> <span class='ocrx_word' id='word_1_443' title='bbox 2281 1213 2334 1266; x_wconf 92' lang='lat' dir='ltr'><strong>in</strong></span> <span class='ocrx_word' id='word_1_444' title='bbox 2389 1215 2474 1269; x_wconf 82' lang='lat' dir='ltr'><strong>via</strong></span> <span class='ocrx_word' id='word_1_445' title='bbox 2525 1216 2834 1285; x_wconf 82' lang='lat' dir='ltr'><strong>duodecim,</strong></span> <span class='ocrx_word' id='word_1_446' title='bbox 2880 1218 3130 1287; x_wconf 87' lang='lat' dir='ltr'><strong>quisnam</strong></span> <span class='ocrx_word' id='word_1_447' title='bbox 3183 1231 3373 1270; x_wconf 89' lang='lat' dir='ltr'><strong>eorum</strong></span> <span class='ocrx_word' id='word_1_448' title='bbox 3423 1213 3598 1282; x_wconf 85' lang='lat' dir='ltr'><strong>major</strong></span> 
     </span>
    </p>
   </div>
   <div class='ocr_carea' id='block_1_55' title="bbox 2013 1302 3596 1372">
    <p class='ocr_par' dir='ltr' id='par_1_55' title="bbox 2013 1302 3596 1372">
     <span class='ocr_line' id='line_1_55' title="bbox 2013 1302 3596 1372; baseline 0.003 -16"><span class='ocrx_word' id='word_1_449' title='bbox 2013 1311 2157 1356; x_wconf 86' lang='lat' dir='ltr'><strong>esset</strong></span> <span class='ocrx_word' id='word_1_450' title='bbox 2181 1303 2248 1368; x_wconf 84' lang='grc'><strong>⁷²;</strong></span> <span class='ocrx_word' id='word_1_451' title='bbox 2292 1302 2494 1359; x_wconf 90' lang='lat' dir='ltr'><strong>idcirco</strong></span> <span class='ocrx_word' id='word_1_452' title='bbox 2522 1321 2646 1361; x_wconf 90' lang='lat' dir='ltr'><strong>cum</strong></span> <span class='ocrx_word' id='word_1_453' title='bbox 2694 1307 3069 1372; x_wconf 89' lang='lat' dir='ltr'><strong>consedisset,</strong></span> <span class='ocrx_word' id='word_1_454' title='bbox 3101 1306 3448 1363; x_wconf 86' lang='lat' dir='ltr'><strong>accersivisse</strong></span> <span class='ocrx_word' id='word_1_455' title='bbox 3469 1320 3596 1372; x_wconf 85' lang='lat' dir='ltr'><strong>eos,</strong></span> 
     </span>
    </p>
   </div>
   <div class='ocr_carea' id='block_1_56' title="bbox 2012 1396 3594 1473">
    <p class='ocr_par' dir='ltr' id='par_1_56' title="bbox 2012 1396 3594 1473">
     <span class='ocr_line' id='line_1_56' title="bbox 2012 1396 3594 1473; baseline 0.001 -24"><span class='ocrx_word' id='word_1_456' title='bbox 2012 1403 2085 1460; x_wconf 88' lang='lat' dir='ltr'><strong>et,</strong></span> <span class='ocrx_word' id='word_1_457' title='bbox 2115 1396 2238 1464; x_wconf 85' lang='lat' dir='ltr'><strong>quis</strong></span> <span class='ocrx_word' id='word_1_458' title='bbox 2271 1396 2449 1466; x_wconf 80' lang='lat' dir='ltr'><strong>major</strong></span> <span class='ocrx_word' id='word_1_459' title='bbox 2475 1407 2654 1463; x_wconf 82' lang='lat' dir='ltr'><strong>esset,</strong></span> <span class='ocrx_word' id='word_1_460' title='bbox 2686 1399 2994 1462; x_wconf 86' lang='lat' dir='ltr'><strong>edocuisse,</strong></span> <span class='ocrx_word' id='word_1_461' title='bbox 3038 1398 3246 1473; x_wconf 83' lang='lat' dir='ltr'><strong>primas</strong></span> <span class='ocrx_word' id='word_1_462' title='bbox 3281 1397 3357 1451; x_wconf 83' lang='lat' dir='ltr'><strong>illi</strong></span> <span class='ocrx_word' id='word_1_463' title='bbox 3393 1406 3594 1466; x_wconf 88' lang='lat' dir='ltr'><strong>partes,</strong></span> 
     </span>
    </p>
   </div>
   <div class='ocr_carea' id='block_1_57' title="bbox 2012 1487 3598 1558">
    <p class='ocr_par' dir='ltr' id='par_1_57' title="bbox 2012 1487 3598 1558">
     <span class='ocr_line' id='line_1_57' title="bbox 2012 1487 3598 1558; baseline 0.001 -18"><span class='ocrx_word' id='word_1_464' title='bbox 2012 1492 2270 1556; x_wconf 83' lang='lat' dir='ltr'><strong>tanquam</strong></span> <span class='ocrx_word' id='word_1_465' title='bbox 2303 1487 2529 1556; x_wconf 88' lang='lat' dir='ltr'><strong>majori,</strong></span> <span class='ocrx_word' id='word_1_466' title='bbox 2564 1490 2827 1544; x_wconf 89' lang='lat' dir='ltr'><strong>tributum</strong></span> <span class='ocrx_word' id='word_1_467' title='bbox 2875 1490 2939 1543; x_wconf 90' lang='lat' dir='ltr'><strong>iri</strong></span> <span class='ocrx_word' id='word_1_468' title='bbox 2983 1489 3250 1544; x_wconf 89' lang='lat' dir='ltr'><strong>dicentem</strong></span> <span class='ocrx_word' id='word_1_469' title='bbox 3289 1488 3381 1558; x_wconf 88' lang='lat' dir='ltr'><strong>qui</strong></span> <span class='ocrx_word' id='word_1_470' title='bbox 3412 1489 3598 1542; x_wconf 90' lang='lat' dir='ltr'><strong>mode-</strong></span> 
     </span>
    </p>
   </div>
   <div class='ocr_carea' id='block_1_58' title="bbox 2013 1578 3598 1650">
    <p class='ocr_par' dir='ltr' id='par_1_58' title="bbox 2013 1578 3598 1650">
     <span class='ocr_line' id='line_1_58' title="bbox 2013 1578 3598 1650; baseline 0.001 -18"><span class='ocrx_word' id='word_1_471' title='bbox 2013 1578 2115 1632; x_wconf 88' lang='lat' dir='ltr'><strong>stia</strong></span> <span class='ocrx_word' id='word_1_472' title='bbox 2149 1593 2247 1633; x_wconf 90' lang='lat' dir='ltr'><strong>sua</strong></span> <span class='ocrx_word' id='word_1_473' title='bbox 2273 1587 2328 1632; x_wconf 91' lang='lat' dir='ltr'><strong>et</strong></span> <span class='ocrx_word' id='word_1_474' title='bbox 2353 1578 2578 1634; x_wconf 87' lang='lat' dir='ltr'><strong>lenitate</strong></span> <span class='ocrx_word' id='word_1_475' title='bbox 2602 1581 2847 1634; x_wconf 90' lang='lat' dir='ltr'><strong>omnium</strong></span> <span class='ocrx_word' id='word_1_476' title='bbox 2881 1579 3048 1635; x_wconf 78' lang='lat' dir='ltr'><strong>fuerit</strong></span> <span class='ocrx_word' id='word_1_477' title='bbox 3084 1589 3419 1650; x_wconf 86' lang='lat' dir='ltr'><strong>postremus,</strong></span> <span class='ocrx_word' id='word_1_478' title='bbox 3463 1580 3598 1635; x_wconf 89' lang='lat' dir='ltr'><strong>adeo</strong></span> 
     </span>
    </p>
   </div>
   <div class='ocr_carea' id='block_1_59' title="bbox 2012 1669 3598 1742">
    <p class='ocr_par' dir='ltr' id='par_1_59' title="bbox 2012 1669 3598 1742">
     <span class='ocr_line' id='line_1_59' title="bbox 2012 1669 3598 1742; baseline 0.002 -19"><span class='ocrx_word' id='word_1_479' title='bbox 2012 1676 2074 1723; x_wconf 93' lang='lat' dir='ltr'><strong>ut</strong></span> <span class='ocrx_word' id='word_1_480' title='bbox 2102 1669 2284 1724; x_wconf 92' lang='lat' dir='ltr'><strong>locum</strong></span> <span class='ocrx_word' id='word_1_481' title='bbox 2318 1670 2466 1726; x_wconf 91' lang='lat' dir='ltr'><strong>illius</strong></span> <span class='ocrx_word' id='word_1_482' title='bbox 2497 1671 2588 1726; x_wconf 89' lang='lat' dir='ltr'><strong>cui</strong></span> <span class='ocrx_word' id='word_1_483' title='bbox 2618 1671 2960 1726; x_wconf 86' lang='lat' dir='ltr'><strong>ministratur</strong></span> <span class='ocrx_word' id='word_1_484' title='bbox 2983 1687 3093 1726; x_wconf 89' lang='lat' dir='ltr'><strong>non</strong></span> <span class='ocrx_word' id='word_1_485' title='bbox 3123 1671 3478 1742; x_wconf 86' lang='lat' dir='ltr'><strong>arrogaverit,</strong></span> <span class='ocrx_word' id='word_1_486' title='bbox 3503 1673 3598 1726; x_wconf 88' lang='lat' dir='ltr'><strong>sed</strong></span> 
     </span>
    </p>
   </div>
   <div class='ocr_carea' id='block_1_60' title="bbox 2012 1761 3598 1833">
    <p class='ocr_par' dir='ltr' id='par_1_60' title="bbox 2012 1761 3598 1833">
     <span class='ocr_line' id='line_1_60' title="bbox 2012 1761 3598 1833; baseline 0.002 -18"><span class='ocrx_word' id='word_1_487' title='bbox 2012 1761 2408 1828; x_wconf 85' lang='lat' dir='ltr'><strong>ministrantis,</strong></span> <span class='ocrx_word' id='word_1_488' title='bbox 2462 1773 2628 1833; x_wconf 88' lang='lat' dir='ltr'><strong>atque</strong></span> <span class='ocrx_word' id='word_1_489' title='bbox 2676 1763 2841 1833; x_wconf 86' lang='lat' dir='ltr'><strong>hujus</strong></span> <span class='ocrx_word' id='word_1_490' title='bbox 2892 1763 3112 1833; x_wconf 89' lang='lat' dir='ltr'><strong>quidem</strong></span> <span class='ocrx_word' id='word_1_491' title='bbox 3169 1777 3278 1818; x_wconf 89' lang='lat' dir='ltr'><strong>non</strong></span> <span class='ocrx_word' id='word_1_492' title='bbox 3323 1762 3598 1832; x_wconf 83' lang='lat' dir='ltr'><strong>aliquibus</strong></span> 
     </span>
    </p>
   </div>
   <div class='ocr_carea' id='block_1_61' title="bbox 2015 1853 3598 1923">
    <p class='ocr_par' dir='ltr' id='par_1_61' title="bbox 2015 1853 3598 1923">
     <span class='ocr_line' id='line_1_61' title="bbox 2015 1853 3598 1923; baseline 0.001 -17"><span class='ocrx_word' id='word_1_493' title='bbox 2015 1853 2398 1918; x_wconf 87' lang='lat' dir='ltr'><strong>ministrantis,</strong></span> <span class='ocrx_word' id='word_1_494' title='bbox 2430 1853 2554 1908; x_wconf 88' lang='lat' dir='ltr'><strong>aliis</strong></span> <span class='ocrx_word' id='word_1_495' title='bbox 2595 1868 2723 1908; x_wconf 79' lang='lat' dir='ltr'><strong>vero</strong></span> <span class='ocrx_word' id='word_1_496' title='bbox 2771 1854 3032 1919; x_wconf 89' lang='lat' dir='ltr'><strong>minime,</strong></span> <span class='ocrx_word' id='word_1_497' title='bbox 3083 1854 3177 1908; x_wconf 80' lang='lat' dir='ltr'><strong>sed</strong></span> <span class='ocrx_word' id='word_1_498' title='bbox 3219 1854 3380 1923; x_wconf 88' lang='lat' dir='ltr'><strong>plane</strong></span> <span class='ocrx_word' id='word_1_499' title='bbox 3421 1855 3598 1908; x_wconf 88' lang='lat' dir='ltr'><strong>omni-</strong></span> 
     </span>
    </p>
   </div>
   <div class='ocr_carea' id='block_1_62' title="bbox 2011 1940 3598 2012">
    <p class='ocr_par' dir='ltr' id='par_1_62' title="bbox 2011 1940 3598 2012">
     <span class='ocr_line' id='line_1_62' title="bbox 2011 1940 3598 2012; baseline 0 -16"><span class='ocrx_word' id='word_1_500' title='bbox 2011 1940 2115 1996; x_wconf 90' lang='lat' dir='ltr'><strong>bus</strong></span> <span class='ocrx_word' id='word_1_501' title='bbox 2152 1959 2166 1996; x_wconf 90' lang='lat'><strong>:</strong></span> <span class='ocrx_word' id='word_1_502' title='bbox 2208 1942 2273 1995; x_wconf 90' lang='lat' dir='ltr'><strong>ad</strong></span> <span class='ocrx_word' id='word_1_503' title='bbox 2317 1942 2372 1997; x_wconf 90' lang='lat' dir='ltr'><strong>id</strong></span> <span class='ocrx_word' id='word_1_504' title='bbox 2415 1943 2562 1996; x_wconf 90' lang='lat' dir='ltr'><strong>enim</strong></span> <span class='ocrx_word' id='word_1_505' title='bbox 2614 1942 2832 1997; x_wconf 89' lang='lat' dir='ltr'><strong>attende</strong></span> <span class='ocrx_word' id='word_1_506' title='bbox 2868 1943 2957 1997; x_wconf 71' lang='lat'><strong>7&#39;:</strong></span> <span class='ocrx_word' id='word_1_507' title='bbox 3006 1960 3024 1993; x_wconf 76' lang='grc' dir='ltr'><strong>ι</strong></span> <span class='ocrx_word' id='word_1_508' title='bbox 3076 1941 3132 1996; x_wconf 91' lang='lat' dir='ltr'><strong>Si</strong></span> <span class='ocrx_word' id='word_1_509' title='bbox 3169 1944 3296 2012; x_wconf 85' lang='lat' dir='ltr'><strong>quis</strong></span> <span class='ocrx_word' id='word_1_510' title='bbox 3331 1942 3447 1997; x_wconf 77' lang='lat' dir='ltr'><strong>vult</strong></span> <span class='ocrx_word' id='word_1_511' title='bbox 3489 1945 3598 2012; x_wconf 89' lang='lat' dir='ltr'><strong>pri-</strong></span> 
     </span>
    </p>
   </div>
   <div class='ocr_carea' id='block_1_63' title="bbox 2011 2034 3595 2102">
    <p class='ocr_par' dir='ltr' id='par_1_63' title="bbox 2011 2034 3595 2102">
     <span class='ocr_line' id='line_1_63' title="bbox 2011 2034 3595 2102; baseline 0.002 -17"><span class='ocrx_word' id='word_1_512' title='bbox 2011 2047 2135 2086; x_wconf 89' lang='lat' dir='ltr'><strong>mus</strong></span> <span class='ocrx_word' id='word_1_513' title='bbox 2173 2048 2335 2097; x_wconf 83' lang='lat' dir='ltr'><strong>esse,</strong></span> <span class='ocrx_word' id='word_1_514' title='bbox 2381 2035 2487 2089; x_wconf 87' lang='lat' dir='ltr'><strong>erit</strong></span> <span class='ocrx_word' id='word_1_515' title='bbox 2533 2035 2780 2088; x_wconf 90' lang='lat' dir='ltr'><strong>omnium</strong></span> <span class='ocrx_word' id='word_1_516' title='bbox 2828 2034 3196 2102; x_wconf 85' lang='lat' dir='ltr'><strong>novissimus,</strong></span> <span class='ocrx_word' id='word_1_517' title='bbox 3250 2043 3304 2090; x_wconf 87' lang='lat' dir='ltr'><strong>et</strong></span> <span class='ocrx_word' id='word_1_518' title='bbox 3351 2036 3595 2090; x_wconf 89' lang='lat' dir='ltr'><strong>omnium</strong></span> 
     </span>
    </p>
   </div>
   <div class='ocr_carea' id='block_1_64' title="bbox 2010 2123 3596 2198">
    <p class='ocr_par' dir='ltr' id='par_1_64' title="bbox 2010 2123 3596 2198">
     <span class='ocr_line' id='line_1_64' title="bbox 2010 2123 3596 2198; baseline 0.001 -20"><span class='ocrx_word' id='word_1_519' title='bbox 2010 2123 2277 2180; x_wconf 87' lang='lat' dir='ltr'><strong>minister.</strong></span> <span class='ocrx_word' id='word_1_520' title='bbox 2313 2144 2334 2178; x_wconf 93' lang='lat'><strong>3</strong></span> <span class='ocrx_word' id='word_1_521' title='bbox 2382 2124 2522 2180; x_wconf 88' lang='lat' dir='ltr'><strong>Tum</strong></span> <span class='ocrx_word' id='word_1_522' title='bbox 2560 2126 2737 2196; x_wconf 85' lang='lat' dir='ltr'><strong>inquit</strong></span> <span class='ocrx_word' id='word_1_523' title='bbox 2786 2137 2973 2195; x_wconf 85' lang='lat' dir='ltr'><strong>postea</strong></span> <span class='ocrx_word' id='word_1_524' title='bbox 3022 2126 3112 2182; x_wconf 69' lang='grc' dir='ltr'><strong>’δε</strong></span> <span class='ocrx_word' id='word_1_525' title='bbox 3160 2145 3177 2178; x_wconf 74' lang='grc' dir='ltr'><strong>ι</strong></span> <span class='ocrx_word' id='word_1_526' title='bbox 3226 2127 3596 2198; x_wconf 81' lang='lat' dir='ltr'><strong>Aecipientem</strong></span> 
     </span>
    </p>
   </div>
   <div class='ocr_carea' id='block_1_65' title="bbox 2009 2214 3598 2289">
    <p class='ocr_par' dir='ltr' id='par_1_65' title="bbox 2009 2214 3598 2289">
     <span class='ocr_line' id='line_1_65' title="bbox 2009 2214 3598 2289; baseline 0.002 -21"><span class='ocrx_word' id='word_1_527' title='bbox 2009 2228 2136 2268; x_wconf 90' lang='lat' dir='ltr'><strong>eum</strong></span> <span class='ocrx_word' id='word_1_528' title='bbox 2180 2226 2412 2285; x_wconf 83' lang='lat' dir='ltr'><strong>puerum</strong></span> <span class='ocrx_word' id='word_1_529' title='bbox 2462 2214 2680 2287; x_wconf 87' lang='lat' dir='ltr'><strong>(Jesum</strong></span> <span class='ocrx_word' id='word_1_530' title='bbox 2724 2216 2966 2289; x_wconf 86' lang='lat' dir='ltr'><strong>scilicet)</strong></span> <span class='ocrx_word' id='word_1_531' title='bbox 3012 2218 3270 2274; x_wconf 87' lang='lat' dir='ltr'><strong>statuisse</strong></span> <span class='ocrx_word' id='word_1_532' title='bbox 3317 2219 3372 2272; x_wconf 93' lang='lat' dir='ltr'><strong>in</strong></span> <span class='ocrx_word' id='word_1_533' title='bbox 3419 2219 3598 2272; x_wconf 90' lang='lat' dir='ltr'><strong>medio</strong></span> 
     </span>
    </p>
   </div>
   <div class='ocr_carea' id='block_1_66' title="bbox 2009 2303 3595 2378">
    <p class='ocr_par' dir='ltr' id='par_1_66' title="bbox 2009 2303 3595 2378">
     <span class='ocr_line' id='line_1_66' title="bbox 2009 2303 3595 2378; baseline 0.002 -18"><span class='ocrx_word' id='word_1_534' title='bbox 2009 2303 2402 2375; x_wconf 88' lang='lat' dir='ltr'><strong>discipulorum</strong></span> <span class='ocrx_word' id='word_1_535' title='bbox 2447 2320 2710 2361; x_wconf 89' lang='lat' dir='ltr'><strong>suorum:</strong></span> <span class='ocrx_word' id='word_1_536' title='bbox 2745 2322 2907 2377; x_wconf 84' lang='lat' dir='ltr'><strong>quem</strong></span> <span class='ocrx_word' id='word_1_537' title='bbox 2933 2323 3058 2363; x_wconf 87' lang='lat' dir='ltr'><strong>cum</strong></span> <span class='ocrx_word' id='word_1_538' title='bbox 3089 2309 3406 2378; x_wconf 85' lang='lat' dir='ltr'><strong>complexus</strong></span> <span class='ocrx_word' id='word_1_539' title='bbox 3427 2318 3595 2374; x_wconf 90' lang='lat' dir='ltr'><strong>esset,</strong></span> 
     </span>
    </p>
   </div>
   <div class='ocr_carea' id='block_1_67' title="bbox 2009 2394 3597 2470">
    <p class='ocr_par' dir='ltr' id='par_1_67' title="bbox 2009 2394 3597 2470">
     <span class='ocr_line' id='line_1_67' title="bbox 2009 2394 3597 2470; baseline 0.003 -21"><span class='ocrx_word' id='word_1_540' title='bbox 2009 2395 2215 2451; x_wconf 84' lang='lat' dir='ltr'><strong>dixisse</strong></span> <span class='ocrx_word' id='word_1_541' title='bbox 2236 2396 2374 2450; x_wconf 88' lang='lat' dir='ltr'><strong>illis:</strong></span> <span class='ocrx_word' id='word_1_542' title='bbox 2399 2394 2662 2468; x_wconf 84' lang='lat' dir='ltr'><strong>Quisquis</strong></span> <span class='ocrx_word' id='word_1_543' title='bbox 2703 2413 2874 2452; x_wconf 90' lang='lat' dir='ltr'><strong>unum</strong></span> <span class='ocrx_word' id='word_1_544' title='bbox 2914 2414 2981 2454; x_wconf 90' lang='lat' dir='ltr'><strong>ex</strong></span> <span class='ocrx_word' id='word_1_545' title='bbox 3022 2400 3208 2469; x_wconf 89' lang='lat' dir='ltr'><strong>pueris</strong></span> <span class='ocrx_word' id='word_1_546' title='bbox 3253 2399 3597 2470; x_wconf 85' lang='lat' dir='ltr'><strong>receperitin</strong></span> 
     </span>
    </p>
   </div>
   <div class='ocr_carea' id='block_1_68' title="bbox 2010 2485 3597 2560">
    <p class='ocr_par' dir='ltr' id='par_1_68' title="bbox 2010 2485 3597 2560">
     <span class='ocr_line' id='line_1_68' title="bbox 2010 2485 3597 2560; baseline 0.004 -23"><span class='ocrx_word' id='word_1_547' title='bbox 2010 2485 2232 2541; x_wconf 88' lang='lat' dir='ltr'><strong>nomine</strong></span> <span class='ocrx_word' id='word_1_548' title='bbox 2285 2500 2430 2554; x_wconf 89' lang='lat' dir='ltr'><strong>meo,</strong></span> <span class='ocrx_word' id='word_1_549' title='bbox 2483 2501 2572 2541; x_wconf 89' lang='lat' dir='ltr'><strong>me</strong></span> <span class='ocrx_word' id='word_1_550' title='bbox 2616 2487 2828 2558; x_wconf 85' lang='lat' dir='ltr'><strong>recipit.</strong></span> <span class='ocrx_word' id='word_1_551' title='bbox 2877 2507 2897 2540; x_wconf 94' lang='lat'><strong>3</strong></span> <span class='ocrx_word' id='word_1_552' title='bbox 2945 2488 3171 2555; x_wconf 84' lang='lat' dir='ltr'><strong>Qualem</strong></span> <span class='ocrx_word' id='word_1_553' title='bbox 3227 2505 3357 2544; x_wconf 87' lang='lat' dir='ltr'><strong>vero</strong></span> <span class='ocrx_word' id='word_1_554' title='bbox 3405 2489 3597 2560; x_wconf 85' lang='lat' dir='ltr'><strong>accipit</strong></span> 
     </span>
    </p>
   </div>
   <div class='ocr_carea' id='block_1_69' title="bbox 2009 2579 3599 2653">
    <p class='ocr_par' dir='ltr' id='par_1_69' title="bbox 2009 2579 3599 2653">
     <span class='ocr_line' id='line_1_69' title="bbox 2009 2579 3599 2653; baseline 0.003 -21"><span class='ocrx_word' id='word_1_555' title='bbox 2009 2591 2240 2646; x_wconf 89' lang='lat' dir='ltr'><strong>puerum</strong></span> <span class='ocrx_word' id='word_1_556' title='bbox 2298 2587 2355 2633; x_wconf 89' lang='lat' dir='ltr'><strong>et</strong></span> <span class='ocrx_word' id='word_1_557' title='bbox 2408 2579 2726 2648; x_wconf 79' lang='lat' dir='ltr'><strong>complexus</strong></span> <span class='ocrx_word' id='word_1_558' title='bbox 2795 2589 2880 2635; x_wconf 89' lang='lat' dir='ltr'><strong>est</strong></span> <span class='ocrx_word' id='word_1_559' title='bbox 2951 2580 3150 2649; x_wconf 85' lang='lat' dir='ltr'><strong>Jesus,</strong></span> <span class='ocrx_word' id='word_1_560' title='bbox 3216 2582 3372 2653; x_wconf 79' lang='lat' dir='ltr'><strong>juxta</strong></span> <span class='ocrx_word' id='word_1_561' title='bbox 3441 2583 3599 2637; x_wconf 87' lang='lat' dir='ltr'><strong>altio-</strong></span> 
     </span>
    </p>
   </div>
   <div class='ocr_carea' id='block_1_70' title="bbox 2010 2669 3600 2744">
    <p class='ocr_par' dir='ltr' id='par_1_70' title="bbox 2010 2669 3600 2744">
     <span class='ocr_line' id='line_1_70' title="bbox 2010 2669 3600 2744; baseline 0.003 -20"><span class='ocrx_word' id='word_1_562' title='bbox 2010 2685 2125 2724; x_wconf 87' lang='lat' dir='ltr'><strong>rem</strong></span> <span class='ocrx_word' id='word_1_563' title='bbox 2177 2669 2443 2727; x_wconf 85' lang='lat' dir='ltr'><strong>horumce</strong></span> <span class='ocrx_word' id='word_1_564' title='bbox 2483 2670 2728 2728; x_wconf 87' lang='lat' dir='ltr'><strong>locorum</strong></span> <span class='ocrx_word' id='word_1_565' title='bbox 2780 2671 3330 2744; x_wconf 87' lang='lat' dir='ltr'><strong>interpretationem?</strong></span> <span class='ocrx_word' id='word_1_566' title='bbox 3378 2688 3446 2728; x_wconf 90' lang='lat' dir='ltr'><strong>an</strong></span> <span class='ocrx_word' id='word_1_567' title='bbox 3481 2672 3600 2743; x_wconf 82' lang='lat' dir='ltr'><strong>Spi-</strong></span> 
     </span>
    </p>
   </div>
   <div class='ocr_carea' id='block_1_71' title="bbox 2009 2759 3598 2833">
    <p class='ocr_par' dir='ltr' id='par_1_71' title="bbox 2009 2759 3598 2833">
     <span class='ocr_line' id='line_1_71' title="bbox 2009 2759 3598 2833; baseline 0 -19"><span class='ocrx_word' id='word_1_568' title='bbox 2009 2759 2173 2814; x_wconf 91' lang='lat' dir='ltr'><strong>ritum</strong></span> <span class='ocrx_word' id='word_1_569' title='bbox 2205 2761 2499 2816; x_wconf 84' lang='lat' dir='ltr'><strong>sanctum?</strong></span> <span class='ocrx_word' id='word_1_570' title='bbox 2545 2769 2600 2816; x_wconf 92' lang='lat' dir='ltr'><strong>et</strong></span> <span class='ocrx_word' id='word_1_571' title='bbox 2627 2761 2756 2817; x_wconf 85' lang='lat' dir='ltr'><strong>huic</strong></span> <span class='ocrx_word' id='word_1_572' title='bbox 2782 2762 3000 2833; x_wconf 88' lang='lat' dir='ltr'><strong>quidem</strong></span> <span class='ocrx_word' id='word_1_573' title='bbox 3029 2776 3200 2833; x_wconf 88' lang='lat' dir='ltr'><strong>puero</strong></span> <span class='ocrx_word' id='word_1_574' title='bbox 3227 2761 3436 2817; x_wconf 89' lang='lat' dir='ltr'><strong>similes</strong></span> <span class='ocrx_word' id='word_1_575' title='bbox 3464 2759 3598 2816; x_wconf 81' lang='lat' dir='ltr'><strong>facti</strong></span> 
     </span>
    </p>
   </div>
   <div class='ocr_carea' id='block_1_72' title="bbox 2009 2846 3598 2920">
    <p class='ocr_par' dir='ltr' id='par_1_72' title="bbox 2009 2846 3598 2920">
     <span class='ocr_line' id='line_1_72' title="bbox 2009 2846 3598 2920; baseline -0.001 -17"><span class='ocrx_word' id='word_1_576' title='bbox 2009 2856 2140 2904; x_wconf 90' lang='lat' dir='ltr'><strong>sunt</strong></span> <span class='ocrx_word' id='word_1_577' title='bbox 2180 2848 2452 2917; x_wconf 89' lang='lat' dir='ltr'><strong>nonnulli,</strong></span> <span class='ocrx_word' id='word_1_578' title='bbox 2487 2849 2556 2904; x_wconf 90' lang='lat' dir='ltr'><strong>de</strong></span> <span class='ocrx_word' id='word_1_579' title='bbox 2600 2850 2802 2920; x_wconf 88' lang='lat' dir='ltr'><strong>quibus</strong></span> <span class='ocrx_word' id='word_1_580' title='bbox 2847 2849 2900 2905; x_wconf 92' lang='lat' dir='ltr'><strong>id</strong></span> <span class='ocrx_word' id='word_1_581' title='bbox 2949 2849 3087 2904; x_wconf 87' lang='lat' dir='ltr'><strong>dixit</strong></span> <span class='ocrx_word' id='word_1_582' title='bbox 3114 2849 3160 2881; x_wconf 87' lang='grc'>⁷⁸</span> <span class='ocrx_word' id='word_1_583' title='bbox 3203 2866 3218 2902; x_wconf 90' lang='lat'><strong>:</strong></span> <span class='ocrx_word' id='word_1_584' title='bbox 3267 2867 3287 2900; x_wconf 77' lang='grc' dir='ltr'><strong>ι</strong></span> <span class='ocrx_word' id='word_1_585' title='bbox 3335 2846 3598 2917; x_wconf 78' lang='lat' dir='ltr'><strong>Quisquis</strong></span> 
     </span>
    </p>
   </div>
   <div class='ocr_carea' id='block_1_73' title="bbox 2009 2943 3599 3016">
    <p class='ocr_par' dir='ltr' id='par_1_73' title="bbox 2009 2943 3599 3016">
     <span class='ocr_line' id='line_1_73' title="bbox 2009 2943 3599 3016; baseline -0.001 -17"><span class='ocrx_word' id='word_1_586' title='bbox 2009 2959 2180 2999; x_wconf 89' lang='lat' dir='ltr'><strong>unum</strong></span> <span class='ocrx_word' id='word_1_587' title='bbox 2213 2958 2282 2999; x_wconf 86' lang='lat' dir='ltr'><strong>ex</strong></span> <span class='ocrx_word' id='word_1_588' title='bbox 2337 2943 2655 3014; x_wconf 90' lang='lat' dir='ltr'><strong>hujusmodi</strong></span> <span class='ocrx_word' id='word_1_589' title='bbox 2709 2945 2896 3016; x_wconf 87' lang='lat' dir='ltr'><strong>pueris</strong></span> <span class='ocrx_word' id='word_1_590' title='bbox 2950 2944 3222 3016; x_wconf 79' lang='lat' dir='ltr'><strong>receperit</strong></span> <span class='ocrx_word' id='word_1_591' title='bbox 3265 2944 3320 2998; x_wconf 91' lang='lat' dir='ltr'><strong>in</strong></span> <span class='ocrx_word' id='word_1_592' title='bbox 3376 2944 3599 2998; x_wconf 87' lang='lat' dir='ltr'><strong>nomine</strong></span> 
     </span>
    </p>
   </div>
   <div class='ocr_carea' id='block_1_74' title="bbox 2009 3033 3593 3105">
    <p class='ocr_par' dir='ltr' id='par_1_74' title="bbox 2009 3033 3593 3105">
     <span class='ocr_line' id='line_1_74' title="bbox 2009 3033 3593 3105; baseline -0.003 -17"><span class='ocrx_word' id='word_1_593' title='bbox 2009 3049 2153 3099; x_wconf 89' lang='lat' dir='ltr'><strong>meo,</strong></span> <span class='ocrx_word' id='word_1_594' title='bbox 2181 3049 2270 3088; x_wconf 92' lang='lat' dir='ltr'><strong>me</strong></span> <span class='ocrx_word' id='word_1_595' title='bbox 2289 3035 2499 3105; x_wconf 87' lang='lat' dir='ltr'><strong>recipit.</strong></span> <span class='ocrx_word' id='word_1_596' title='bbox 2527 3054 2548 3088; x_wconf 90' lang='lat'><strong>3</strong></span> <span class='ocrx_word' id='word_1_597' title='bbox 2565 3034 2728 3090; x_wconf 85' lang='lat' dir='ltr'><strong>Juxta</strong></span> <span class='ocrx_word' id='word_1_598' title='bbox 2753 3034 2956 3091; x_wconf 88' lang='lat' dir='ltr'><strong>Lucam</strong></span> <span class='ocrx_word' id='word_1_599' title='bbox 2981 3044 3160 3090; x_wconf 84' lang='lat' dir='ltr'><strong>autem</strong></span> <span class='ocrx_word' id='word_1_600' title='bbox 3187 3053 3201 3089; x_wconf 87' lang='lat'><strong>:</strong></span> <span class='ocrx_word' id='word_1_601' title='bbox 3231 3053 3250 3086; x_wconf 81' lang='grc' dir='ltr'><strong>ι</strong></span> <span class='ocrx_word' id='word_1_602' title='bbox 3281 3033 3550 3105; x_wconf 81' lang='lat' dir='ltr'><strong>Cogitatio</strong></span> <span class='ocrx_word' id='word_1_603' title='bbox 3571 3051 3593 3084; x_wconf 89' lang='lat'><strong>3</strong></span> 
     </span>
    </p>
   </div>
   <div class='ocr_carea' id='block_1_75' title="bbox 2011 3124 3598 3196">
    <p class='ocr_par' dir='ltr' id='par_1_75' title="bbox 2011 3124 3598 3196">
     <span class='ocr_line' id='line_1_75' title="bbox 2011 3124 3598 3196; baseline -0.001 -16"><span class='ocrx_word' id='word_1_604' title='bbox 2011 3125 2066 3180; x_wconf 91' lang='lat' dir='ltr'><strong>in</strong></span> <span class='ocrx_word' id='word_1_605' title='bbox 2095 3125 2399 3196; x_wconf 85' lang='lat' dir='ltr'><strong>discipulos</strong></span> <span class='ocrx_word' id='word_1_606' title='bbox 2444 3141 2556 3181; x_wconf 90' lang='lat' dir='ltr'><strong>non</strong></span> <span class='ocrx_word' id='word_1_607' title='bbox 2596 3126 2872 3192; x_wconf 88' lang='lat' dir='ltr'><strong>ascendit,</strong></span> <span class='ocrx_word' id='word_1_608' title='bbox 2913 3125 3005 3180; x_wconf 89' lang='lat' dir='ltr'><strong>sed</strong></span> <span class='ocrx_word' id='word_1_609' title='bbox 3052 3143 3072 3178; x_wconf 78' lang='grc' dir='ltr'><strong>ι</strong></span> <span class='ocrx_word' id='word_1_610' title='bbox 3123 3124 3350 3180; x_wconf 82' lang='lat' dir='ltr'><strong>intravit</strong></span> <span class='ocrx_word' id='word_1_611' title='bbox 3379 3143 3397 3176; x_wconf 96' lang='lat'><strong>3</strong></span> <span class='ocrx_word' id='word_1_612' title='bbox 3435 3139 3598 3194; x_wconf 87' lang='lat' dir='ltr'><strong>super</strong></span> 
     </span>
    </p>
   </div>
   <div class='ocr_carea' id='block_1_76' title="bbox 2017 3214 3594 3288">
    <p class='ocr_par' dir='ltr' id='par_1_76' title="bbox 2017 3214 3594 3288">
     <span class='ocr_line' id='line_1_76' title="bbox 2017 3214 3594 3288; baseline -0.004 -12"><span class='ocrx_word' id='word_1_613' title='bbox 2017 3216 2180 3288; x_wconf 77' lang='lat'><strong>597</strong></span> <span class='ocrx_word' id='word_1_614' title='bbox 2215 3231 2280 3273; x_wconf 88' lang='lat' dir='ltr'><strong>ea</strong></span> <span class='ocrx_word' id='word_1_615' title='bbox 2307 3231 2387 3283; x_wconf 89' lang='lat' dir='ltr'><strong>re,</strong></span> <span class='ocrx_word' id='word_1_616' title='bbox 2425 3234 2444 3268; x_wconf 76' lang='grc' dir='ltr'><strong>ι</strong></span> <span class='ocrx_word' id='word_1_617' title='bbox 2475 3216 2602 3286; x_wconf 88' lang='lat' dir='ltr'><strong>quis</strong></span> <span class='ocrx_word' id='word_1_618' title='bbox 2643 3230 2836 3271; x_wconf 89' lang='lat' dir='ltr'><strong>eorum</strong></span> <span class='ocrx_word' id='word_1_619' title='bbox 2891 3216 3067 3287; x_wconf 86' lang='lat' dir='ltr'><strong>major</strong></span> <span class='ocrx_word' id='word_1_620' title='bbox 3111 3224 3276 3272; x_wconf 89' lang='lat' dir='ltr'><strong>esset.</strong></span> <span class='ocrx_word' id='word_1_621' title='bbox 3319 3214 3388 3270; x_wconf 89' lang='lat' dir='ltr'><strong>At</strong></span> <span class='ocrx_word' id='word_1_622' title='bbox 3436 3214 3594 3270; x_wconf 86' lang='lat' dir='ltr'><strong>.lcsus</strong></span> 
     </span>
    </p>
   </div>
   <div class='ocr_carea' id='block_1_77' title="bbox 2013 3307 3596 3379">
    <p class='ocr_par' dir='ltr' id='par_1_77' title="bbox 2013 3307 3596 3379">
     <span class='ocr_line' id='line_1_77' title="bbox 2013 3307 3596 3379; baseline -0.001 -17"><span class='ocrx_word' id='word_1_623' title='bbox 2013 3308 2204 3364; x_wconf 79' lang='lat' dir='ltr'><strong>videns</strong></span> <span class='ocrx_word' id='word_1_624' title='bbox 2235 3307 2591 3379; x_wconf 77' lang='lat' dir='ltr'><strong>cogitationes</strong></span> <span class='ocrx_word' id='word_1_625' title='bbox 2623 3308 2804 3363; x_wconf 85' lang='lat' dir='ltr'><strong>cordis</strong></span> <span class='ocrx_word' id='word_1_626' title='bbox 2829 3307 3048 3364; x_wconf 90' lang='lat' dir='ltr'><strong>illorum</strong></span> <span class='ocrx_word' id='word_1_627' title='bbox 3074 3309 3144 3375; x_wconf 80' lang='grc'>⁷⁸,</span> <span class='ocrx_word' id='word_1_628' title='bbox 3185 3327 3205 3360; x_wconf 98' lang='lat'><strong>3</strong></span> <span class='ocrx_word' id='word_1_629' title='bbox 3239 3315 3424 3377; x_wconf 86' lang='lat' dir='ltr'><strong>utpote</strong></span> <span class='ocrx_word' id='word_1_630' title='bbox 3460 3321 3596 3362; x_wconf 90' lang='lat' dir='ltr'><strong>ocu-</strong></span> 
     </span>
    </p>
   </div>
   <div class='ocr_carea' id='block_1_78' title="bbox 2016 3399 3596 3472">
    <p class='ocr_par' dir='ltr' id='par_1_78' title="bbox 2016 3399 3596 3472">
     <span class='ocr_line' id='line_1_78' title="bbox 2016 3399 3596 3472; baseline -0.001 -15"><span class='ocrx_word' id='word_1_631' title='bbox 2016 3401 2100 3457; x_wconf 90' lang='lat' dir='ltr'><strong>los</strong></span> <span class='ocrx_word' id='word_1_632' title='bbox 2121 3401 2331 3457; x_wconf 87' lang='lat' dir='ltr'><strong>habens</strong></span> <span class='ocrx_word' id='word_1_633' title='bbox 2353 3399 2714 3472; x_wconf 78' lang='lat' dir='ltr'><strong>cogitationes</strong></span> <span class='ocrx_word' id='word_1_634' title='bbox 2745 3401 2994 3456; x_wconf 90' lang='lat' dir='ltr'><strong>cordium</strong></span> <span class='ocrx_word' id='word_1_635' title='bbox 3015 3401 3296 3457; x_wconf 87' lang='lat' dir='ltr'><strong>intuentes</strong></span> <span class='ocrx_word' id='word_1_636' title='bbox 3320 3418 3335 3467; x_wconf 89' lang='lat'><strong>;</strong></span> <span class='ocrx_word' id='word_1_637' title='bbox 3359 3418 3378 3452; x_wconf 80' lang='grc' dir='ltr'><strong>ι</strong></span> <span class='ocrx_word' id='word_1_638' title='bbox 3403 3400 3596 3455; x_wconf 80' lang='lat' dir='ltr'><strong>videns</strong></span> 
     </span>
    </p>
   </div>
   <div class='ocr_carea' id='block_1_79' title="bbox 2015 3491 3595 3562">
    <p class='ocr_par' dir='ltr' id='par_1_79' title="bbox 2015 3491 3595 3562">
     <span class='ocr_line' id='line_1_79' title="bbox 2015 3491 3595 3562; baseline -0.001 -14"><span class='ocrx_word' id='word_1_639' title='bbox 2015 3491 2372 3562; x_wconf 80' lang='lat' dir='ltr'><strong>cogitationes</strong></span> <span class='ocrx_word' id='word_1_640' title='bbox 2419 3491 2604 3548; x_wconf 89' lang='lat' dir='ltr'><strong>cordis</strong></span> <span class='ocrx_word' id='word_1_641' title='bbox 2658 3492 2880 3548; x_wconf 91' lang='lat' dir='ltr'><strong>illorum</strong></span> <span class='ocrx_word' id='word_1_642' title='bbox 2918 3492 3000 3560; x_wconf 91' lang='grc'><strong>⁷⁷,</strong></span> <span class='ocrx_word' id='word_1_643' title='bbox 3037 3511 3056 3544; x_wconf 97' lang='lat'><strong>3</strong></span> <span class='ocrx_word' id='word_1_644' title='bbox 3103 3509 3171 3548; x_wconf 89' lang='lat' dir='ltr'><strong>ne</strong></span> <span class='ocrx_word' id='word_1_645' title='bbox 3227 3493 3595 3561; x_wconf 75' lang='lat' dir='ltr'><strong>interrogatus</strong></span> 
     </span>
    </p>
   </div>
   <div class='ocr_carea' id='block_1_80' title="bbox 2013 3583 3596 3656">
    <p class='ocr_par' dir='ltr' id='par_1_80' title="bbox 2013 3583 3596 3656">
     <span class='ocr_line' id='line_1_80' title="bbox 2013 3583 3596 3656; baseline 0 -17"><span class='ocrx_word' id='word_1_646' title='bbox 2013 3585 2235 3655; x_wconf 89' lang='lat' dir='ltr'><strong>quidem</strong></span> <span class='ocrx_word' id='word_1_647' title='bbox 2261 3625 2277 3652; x_wconf 92' lang='lat'><strong>,</strong></span> <span class='ocrx_word' id='word_1_648' title='bbox 2320 3585 2478 3656; x_wconf 79' lang='lat' dir='ltr'><strong>juxta</strong></span> <span class='ocrx_word' id='word_1_649' title='bbox 2522 3585 2762 3652; x_wconf 89' lang='lat' dir='ltr'><strong>Lucam,</strong></span> <span class='ocrx_word' id='word_1_650' title='bbox 2809 3603 2829 3636; x_wconf 80' lang='grc' dir='ltr'><strong>ι</strong></span> <span class='ocrx_word' id='word_1_651' title='bbox 2859 3583 3218 3655; x_wconf 85' lang='lat' dir='ltr'><strong>apprehendit</strong></span> <span class='ocrx_word' id='word_1_652' title='bbox 3250 3600 3504 3655; x_wconf 84' lang='lat' dir='ltr'><strong>puerum,</strong></span> <span class='ocrx_word' id='word_1_653' title='bbox 3541 3592 3596 3640; x_wconf 85' lang='lat' dir='ltr'><strong>et</strong></span> 
     </span>
    </p>
   </div>
   <div class='ocr_carea' id='block_1_81' title="bbox 2015 3674 3591 3746">
    <p class='ocr_par' dir='ltr' id='par_1_81' title="bbox 2015 3674 3591 3746">
     <span class='ocr_line' id='line_1_81' title="bbox 2015 3674 3591 3746; baseline 0.001 -16"><span class='ocrx_word' id='word_1_654' title='bbox 2015 3675 2224 3742; x_wconf 87' lang='lat' dir='ltr'><strong>statuit,</strong></span> <span class='ocrx_word' id='word_1_655' title='bbox 2256 3695 2276 3728; x_wconf 89' lang='lat'><strong>3</strong></span> <span class='ocrx_word' id='word_1_656' title='bbox 2311 3691 2419 3731; x_wconf 92' lang='lat' dir='ltr'><strong>non</strong></span> <span class='ocrx_word' id='word_1_657' title='bbox 2445 3675 2502 3730; x_wconf 87' lang='lat' dir='ltr'><strong>in</strong></span> <span class='ocrx_word' id='word_1_658' title='bbox 2535 3674 2717 3730; x_wconf 83' lang='lat' dir='ltr'><strong>medio</strong></span> <span class='ocrx_word' id='word_1_659' title='bbox 2737 3689 2928 3730; x_wconf 87' lang='lat' dir='ltr'><strong>eorum</strong></span> <span class='ocrx_word' id='word_1_660' title='bbox 2967 3675 3368 3741; x_wconf 85' lang='lat' dir='ltr'><strong>tantummodo,</strong></span> <span class='ocrx_word' id='word_1_661' title='bbox 3395 3691 3591 3746; x_wconf 57' lang='lat' dir='ltr'><strong>quem-</strong></span> 
     </span>
    </p>
   </div>
   <div class='ocr_carea' id='block_1_82' title="bbox 2015 3764 3590 3832">
    <p class='ocr_par' dir='ltr' id='par_1_82' title="bbox 2015 3764 3590 3832">
     <span class='ocr_line' id='line_1_82' title="bbox 2015 3764 3590 3832; baseline 0.001 -12"><span class='ocrx_word' id='word_1_662' title='bbox 2015 3764 2308 3822; x_wconf 83' lang='lat' dir='ltr'><strong>admodum</strong></span> <span class='ocrx_word' id='word_1_663' title='bbox 2337 3781 2368 3821; x_wconf 84' lang='lat' dir='ltr'><strong>a</strong></span> <span class='ocrx_word' id='word_1_664' title='bbox 2395 3765 2646 3821; x_wconf 65' lang='lat' dir='ltr'><strong>Matthaeo</strong></span> <span class='ocrx_word' id='word_1_665' title='bbox 2690 3775 2745 3822; x_wconf 90' lang='lat' dir='ltr'><strong>et</strong></span> <span class='ocrx_word' id='word_1_666' title='bbox 2781 3782 2811 3820; x_wconf 89' lang='lat' dir='ltr'><strong>a</strong></span> <span class='ocrx_word' id='word_1_667' title='bbox 2844 3764 3029 3822; x_wconf 84' lang='lat' dir='ltr'><strong>Marco</strong></span> <span class='ocrx_word' id='word_1_668' title='bbox 3054 3764 3313 3820; x_wconf 90' lang='lat' dir='ltr'><strong>traditum</strong></span> <span class='ocrx_word' id='word_1_669' title='bbox 3351 3775 3459 3832; x_wconf 89' lang='lat' dir='ltr'><strong>est,</strong></span> <span class='ocrx_word' id='word_1_670' title='bbox 3495 3767 3590 3822; x_wconf 84' lang='lat' dir='ltr'><strong>sed</strong></span> 
     </span>
    </p>
   </div>
   <div class='ocr_carea' id='block_1_83' title="bbox 2014 3856 3592 3928">
    <p class='ocr_par' dir='ltr' id='par_1_83' title="bbox 2014 3856 3592 3928">
     <span class='ocr_line' id='line_1_83' title="bbox 2014 3856 3592 3928; baseline 0.001 -15"><span class='ocrx_word' id='word_1_671' title='bbox 2014 3856 2178 3913; x_wconf 90' lang='lat' dir='ltr'><strong>etiam</strong></span> <span class='ocrx_word' id='word_1_672' title='bbox 2215 3876 2235 3910; x_wconf 75' lang='grc' dir='ltr'><strong>ι</strong></span> <span class='ocrx_word' id='word_1_673' title='bbox 2270 3872 2431 3914; x_wconf 83' lang='lat' dir='ltr'><strong>secus</strong></span> <span class='ocrx_word' id='word_1_674' title='bbox 2471 3872 2562 3924; x_wconf 89' lang='lat' dir='ltr'><strong>se,</strong></span> <span class='ocrx_word' id='word_1_675' title='bbox 2606 3865 2662 3913; x_wconf 89' lang='lat' dir='ltr'><strong>et</strong></span> <span class='ocrx_word' id='word_1_676' title='bbox 2712 3858 2791 3913; x_wconf 90' lang='lat' dir='ltr'><strong>ait</strong></span> <span class='ocrx_word' id='word_1_677' title='bbox 2831 3877 2851 3910; x_wconf 93' lang='lat'><strong>3</strong></span> <span class='ocrx_word' id='word_1_678' title='bbox 2889 3857 3175 3928; x_wconf 87' lang='lat' dir='ltr'><strong>discipulis</strong></span> <span class='ocrx_word' id='word_1_679' title='bbox 3197 3857 3265 3925; x_wconf 82' lang='grc'>⁷⁸,</span> <span class='ocrx_word' id='word_1_680' title='bbox 3295 3873 3402 3913; x_wconf 92' lang='lat' dir='ltr'><strong>non</strong></span> <span class='ocrx_word' id='word_1_681' title='bbox 3458 3859 3592 3915; x_wconf 87' lang='lat' dir='ltr'><strong>illud</strong></span> 
     </span>
    </p>
   </div>
   <div class='ocr_carea' id='block_1_84' title="bbox 2016 3948 3586 4019">
    <p class='ocr_par' dir='ltr' id='par_1_84' title="bbox 2016 3948 3586 4019">
     <span class='ocr_line' id='line_1_84' title="bbox 2016 3948 3586 4019; baseline -0.003 -13"><span class='ocrx_word' id='word_1_682' title='bbox 2016 3949 2195 4007; x_wconf 89' lang='lat' dir='ltr'><strong>solum</strong></span> <span class='ocrx_word' id='word_1_683' title='bbox 2215 3951 2298 4004; x_wconf 66' lang='lat'><strong>7&#39;:</strong></span> <span class='ocrx_word' id='word_1_684' title='bbox 2333 3968 2352 4000; x_wconf 79' lang='grc' dir='ltr'>σ</span> <span class='ocrx_word' id='word_1_685' title='bbox 2376 3949 2482 4017; x_wconf 88' lang='lat' dir='ltr'><strong>Qui</strong></span> <span class='ocrx_word' id='word_1_686' title='bbox 2516 3949 2820 4019; x_wconf 86' lang='lat' dir='ltr'><strong>susceperit</strong></span> <span class='ocrx_word' id='word_1_687' title='bbox 2852 3963 3020 4006; x_wconf 90' lang='lat' dir='ltr'><strong>unum</strong></span> <span class='ocrx_word' id='word_1_688' title='bbox 3039 3948 3325 4018; x_wconf 86' lang='lat' dir='ltr'><strong>parvulum</strong></span> <span class='ocrx_word' id='word_1_689' title='bbox 3349 3948 3509 4005; x_wconf 89' lang='lat' dir='ltr'><strong>talem</strong></span> <span class='ocrx_word' id='word_1_690' title='bbox 3536 3967 3586 4016; x_wconf 90' lang='lat'><strong>;3</strong></span> 
     </span>
    </p>
   </div>
   <div class='ocr_carea' id='block_1_85' title="bbox 2013 4039 3588 4111">
    <p class='ocr_par' dir='ltr' id='par_1_85' title="bbox 2013 4039 3588 4111">
     <span class='ocr_line' id='line_1_85' title="bbox 2013 4039 3588 4111; baseline -0.001 -13"><span class='ocrx_word' id='word_1_691' title='bbox 2013 4042 2100 4098; x_wconf 76' lang='lat' dir='ltr'><strong>vel</strong></span> <span class='ocrx_word' id='word_1_692' title='bbox 2124 4041 2171 4074; x_wconf 78' lang='lat'><strong>“</strong></span> <span class='ocrx_word' id='word_1_693' title='bbox 2197 4059 2213 4097; x_wconf 86' lang='lat'><strong>:</strong></span> <span class='ocrx_word' id='word_1_694' title='bbox 2245 4059 2266 4093; x_wconf 77' lang='grc' dir='ltr'><strong>ι</strong></span> <span class='ocrx_word' id='word_1_695' title='bbox 2296 4039 2558 4111; x_wconf 88' lang='lat' dir='ltr'><strong>Quisquis</strong></span> <span class='ocrx_word' id='word_1_696' title='bbox 2582 4055 2756 4095; x_wconf 89' lang='lat' dir='ltr'><strong>unum</strong></span> <span class='ocrx_word' id='word_1_697' title='bbox 2784 4056 2852 4096; x_wconf 89' lang='lat' dir='ltr'><strong>ex</strong></span> <span class='ocrx_word' id='word_1_698' title='bbox 2884 4039 3156 4111; x_wconf 90' lang='lat' dir='ltr'><strong>ejusmodi</strong></span> <span class='ocrx_word' id='word_1_699' title='bbox 3194 4040 3382 4111; x_wconf 90' lang='lat' dir='ltr'><strong>pueris</strong></span> <span class='ocrx_word' id='word_1_700' title='bbox 3433 4056 3588 4096; x_wconf 87' lang='lat' dir='ltr'><strong>rece-</strong></span> 
     </span>
    </p>
   </div>
   <div class='ocr_carea' id='block_1_86' title="bbox 2013 4129 3591 4202">
    <p class='ocr_par' dir='ltr' id='par_1_86' title="bbox 2013 4129 3591 4202">
     <span class='ocr_line' id='line_1_86' title="bbox 2013 4129 3591 4202; baseline 0.004 -17"><span class='ocrx_word' id='word_1_701' title='bbox 2013 4131 2155 4202; x_wconf 89' lang='lat' dir='ltr'><strong>perit</strong></span> <span class='ocrx_word' id='word_1_702' title='bbox 2195 4131 2251 4187; x_wconf 93' lang='lat' dir='ltr'><strong>in</strong></span> <span class='ocrx_word' id='word_1_703' title='bbox 2301 4129 2523 4186; x_wconf 90' lang='lat' dir='ltr'><strong>nomine</strong></span> <span class='ocrx_word' id='word_1_704' title='bbox 2575 4144 2736 4197; x_wconf 89' lang='lat' dir='ltr'><strong>meo,</strong></span> <span class='ocrx_word' id='word_1_705' title='bbox 2782 4145 2870 4186; x_wconf 89' lang='lat' dir='ltr'><strong>me</strong></span> <span class='ocrx_word' id='word_1_706' title='bbox 2914 4130 3158 4201; x_wconf 87' lang='lat' dir='ltr'><strong>recipit;</strong></span> <span class='ocrx_word' id='word_1_707' title='bbox 3203 4150 3222 4184; x_wconf 92' lang='lat'><strong>3</strong></span> <span class='ocrx_word' id='word_1_708' title='bbox 3285 4129 3379 4186; x_wconf 90' lang='lat' dir='ltr'><strong>sed</strong></span> <span class='ocrx_word' id='word_1_709' title='bbox 3426 4131 3591 4191; x_wconf 84' lang='lat' dir='ltr'><strong>altius</strong></span> 
     </span>
    </p>
   </div>
   <div class='ocr_carea' id='block_1_87' title="bbox 2013 4219 3591 4294">
    <p class='ocr_par' dir='ltr' id='par_1_87' title="bbox 2013 4219 3591 4294">
     <span class='ocr_line' id='line_1_87' title="bbox 2013 4219 3591 4294; baseline 0 -17"><span class='ocrx_word' id='word_1_710' title='bbox 2013 4223 2178 4278; x_wconf 89' lang='lat' dir='ltr'><strong>etiam</strong></span> <span class='ocrx_word' id='word_1_711' title='bbox 2228 4219 2625 4294; x_wconf 88' lang='lat' dir='ltr'><strong>progrediendo</strong></span> <span class='ocrx_word' id='word_1_712' title='bbox 2661 4219 2709 4252; x_wconf 81' lang='grc'>⁸¹</span> <span class='ocrx_word' id='word_1_713' title='bbox 2762 4237 2776 4275; x_wconf 88' lang='lat'><strong>:</strong></span> <span class='ocrx_word' id='word_1_714' title='bbox 2836 4238 2857 4272; x_wconf 78' lang='grc' dir='ltr'><strong>ι</strong></span> <span class='ocrx_word' id='word_1_715' title='bbox 2904 4219 3232 4292; x_wconf 87' lang='lat' dir='ltr'><strong>Quicunque</strong></span> <span class='ocrx_word' id='word_1_716' title='bbox 3290 4222 3591 4291; x_wconf 83' lang='lat' dir='ltr'><strong>susceperit</strong></span> 
     </span>
    </p>
   </div>
   <div class='ocr_carea' id='block_1_88' title="bbox 2014 4310 3587 4384">
    <p class='ocr_par' dir='ltr' id='par_1_88' title="bbox 2014 4310 3587 4384">
     <span class='ocr_line' id='line_1_88' title="bbox 2014 4310 3587 4384; baseline -0.001 -15"><span class='ocrx_word' id='word_1_717' title='bbox 2014 4328 2244 4384; x_wconf 84' lang='lat' dir='ltr'><strong>puerum</strong></span> <span class='ocrx_word' id='word_1_718' title='bbox 2274 4312 2437 4368; x_wconf 88' lang='lat' dir='ltr'><strong>istum</strong></span> <span class='ocrx_word' id='word_1_719' title='bbox 2468 4311 2524 4367; x_wconf 91' lang='lat' dir='ltr'><strong>in</strong></span> <span class='ocrx_word' id='word_1_720' title='bbox 2565 4310 2790 4367; x_wconf 86' lang='lat' dir='ltr'><strong>nomine</strong></span> <span class='ocrx_word' id='word_1_721' title='bbox 2834 4326 2979 4378; x_wconf 90' lang='lat' dir='ltr'><strong>meo,</strong></span> <span class='ocrx_word' id='word_1_722' title='bbox 3015 4327 3103 4367; x_wconf 89' lang='lat' dir='ltr'><strong>me</strong></span> <span class='ocrx_word' id='word_1_723' title='bbox 3143 4312 3357 4382; x_wconf 88' lang='lat' dir='ltr'><strong>recipit.</strong></span> <span class='ocrx_word' id='word_1_724' title='bbox 3392 4332 3412 4366; x_wconf 91' lang='lat'><strong>3</strong></span> <span class='ocrx_word' id='word_1_725' title='bbox 3448 4311 3587 4368; x_wconf 85' lang='lat' dir='ltr'><strong>Eum</strong></span> 
     </span>
    </p>
   </div>
   <div class='ocr_carea' id='block_1_89' title="bbox 2014 4401 3591 4478">
    <p class='ocr_par' dir='ltr' id='par_1_89' title="bbox 2014 4401 3591 4478">
     <span class='ocr_line' id='line_1_89' title="bbox 2014 4401 3591 4478; baseline 0 -16"><span class='ocrx_word' id='word_1_726' title='bbox 2014 4405 2179 4478; x_wconf 85' lang='lat' dir='ltr'><strong>igitur</strong></span> <span class='ocrx_word' id='word_1_727' title='bbox 2223 4419 2477 4476; x_wconf 89' lang='lat' dir='ltr'><strong>puerum,</strong></span> <span class='ocrx_word' id='word_1_728' title='bbox 2508 4418 2672 4475; x_wconf 88' lang='lat' dir='ltr'><strong>quem</strong></span> <span class='ocrx_word' id='word_1_729' title='bbox 2722 4403 3126 4476; x_wconf 88' lang='lat' dir='ltr'><strong>apprehensum</strong></span> <span class='ocrx_word' id='word_1_730' title='bbox 3160 4401 3320 4461; x_wconf 82' lang='lat' dir='ltr'><strong>Jesus</strong></span> <span class='ocrx_word' id='word_1_731' title='bbox 3343 4404 3500 4476; x_wconf 86' lang='lat' dir='ltr'><strong>juxta</strong></span> <span class='ocrx_word' id='word_1_732' title='bbox 3531 4419 3591 4462; x_wconf 80' lang='lat' dir='ltr'><strong>se</strong></span> 
     </span>
    </p>
   </div>
   <div class='ocr_carea' id='block_1_90' title="bbox 1517 4520 2371 4581">
    <p class='ocr_par' dir='ltr' id='par_1_90' title="bbox 1517 4520 2371 4581">
     <span class='ocr_line' id='line_1_90' title="bbox 1517 4520 2371 4581; baseline -0.001 -3"><span class='ocrx_word' id='word_1_733' title='bbox 1517 4520 1752 4581; x_wconf 82' lang='lat' dir='ltr'><strong>VETUS</strong></span> <span class='ocrx_word' id='word_1_734' title='bbox 1790 4521 2371 4581; x_wconf 80' lang='lat' dir='ltr'><strong>INTERPRETATIO.</strong></span> 
     </span>
    </p>
   </div>
   <div class='ocr_carea' id='block_1_91' title="bbox 318 4633 3588 4712">
    <p class='ocr_par' dir='ltr' id='par_1_91' title="bbox 318 4633 3588 4712">
     <span class='ocr_line' id='line_1_91' title="bbox 318 4633 3588 4712; baseline -0.001 -19"><span class='ocrx_word' id='word_1_735' title='bbox 318 4637 479 4708; x_wconf 88' lang='lat' dir='ltr'><strong>ejus:</strong></span> <span class='ocrx_word' id='word_1_736' title='bbox 508 4637 590 4712; x_wconf 81' lang='lat' dir='ltr'><strong>sic</strong></span> <span class='ocrx_word' id='word_1_737' title='bbox 619 4635 899 4712; x_wconf 80' lang='lat' dir='ltr'><strong>Christum</strong></span> <span class='ocrx_word' id='word_1_738' title='bbox 939 4635 1231 4712; x_wconf 79' lang='lat' dir='ltr'><strong>refutat__et</strong></span> <span class='ocrx_word' id='word_1_739' title='bbox 1265 4636 1436 4712; x_wconf 82' lang='lat' dir='ltr'><strong>pellit,</strong></span> <span class='ocrx_word' id='word_1_740' title='bbox 1472 4635 1565 4708; x_wconf 91' lang='lat' dir='ltr'><strong>qui</strong></span> <span class='ocrx_word' id='word_1_741' title='bbox 1593 4652 1702 4693; x_wconf 89' lang='lat' dir='ltr'><strong>non</strong></span> <span class='ocrx_word' id='word_1_742' title='bbox 1725 4641 1853 4712; x_wconf 80' lang='lat' dir='ltr'><strong>_vult</strong></span> <span class='ocrx_word' id='word_1_743' title='bbox 1883 4641 2166 4712; x_wconf 81' lang='lat' dir='ltr'><strong>suscipere</strong></span> <span class='ocrx_word' id='word_1_744' title='bbox 2191 4652 2421 4712; x_wconf 78' lang='lat' dir='ltr'><strong>puerum</strong></span> <span class='ocrx_word' id='word_1_745' title='bbox 2451 4635 2610 4712; x_wconf 81' lang='lat' dir='ltr'><strong>talem</strong></span> <span class='ocrx_word' id='word_1_746' title='bbox 2633 4636 2694 4712; x_wconf 80' lang='lat' dir='ltr'><strong>_in</strong></span> <span class='ocrx_word' id='word_1_747' title='bbox 2733 4637 2954 4692; x_wconf 89' lang='lat' dir='ltr'><strong>nomine</strong></span> <span class='ocrx_word' id='word_1_748' title='bbox 2980 4635 3132 4712; x_wconf 72' lang='lat' dir='ltr'><strong>Iesu,</strong></span> <span class='ocrx_word' id='word_1_749' title='bbox 3161 4636 3288 4692; x_wconf 87' lang='lat' dir='ltr'><strong>licet</strong></span> <span class='ocrx_word' id='word_1_750' title='bbox 3320 4633 3392 4690; x_wconf 85' lang='lat' dir='ltr'><strong>sit</strong></span> <span class='ocrx_word' id='word_1_751' title='bbox 3422 4633 3588 4691; x_wconf 80' lang='lat' dir='ltr'><strong>mini-</strong></span> 
     </span>
    </p>
   </div>
   <div class='ocr_carea' id='block_1_92' title="bbox 318 4706 3217 4780">
    <p class='ocr_par' dir='ltr' id='par_1_92' title="bbox 318 4706 3217 4780">
     <span class='ocr_line' id='line_1_92' title="bbox 318 4706 3217 4780; baseline -0.002 -16"><span class='ocrx_word' id='word_1_752' title='bbox 318 4706 468 4780; x_wconf 74' lang='lat' dir='ltr'><strong>mus.</strong></span> <span class='ocrx_word' id='word_1_753' title='bbox 512 4707 586 4780; x_wconf 89' lang='lat' dir='ltr'><strong>it_a</strong></span> <span class='ocrx_word' id='word_1_754' title='bbox 632 4715 694 4761; x_wconf 91' lang='lat' dir='ltr'><strong>ut</strong></span> <span class='ocrx_word' id='word_1_755' title='bbox 735 4706 912 4780; x_wconf 79' lang='lat' dir='ltr'><strong>possit</strong></span> <span class='ocrx_word' id='word_1_756' title='bbox 945 4706 1304 4780; x_wconf 64' lang='lat' dir='ltr'><strong>scandalizari</strong></span> <span class='ocrx_word' id='word_1_757' title='bbox 1337 4706 1741 4780; x_wconf 66' lang='lat' dir='ltr'><strong>propterquod</strong></span> <span class='ocrx_word' id='word_1_758' title='bbox 1769 4726 1878 4765; x_wconf 90' lang='lat' dir='ltr'><strong>non</strong></span> <span class='ocrx_word' id='word_1_759' title='bbox 1911 4706 2124 4780; x_wconf 82' lang='lat' dir='ltr'><strong>plenius</strong></span> <span class='ocrx_word' id='word_1_760' title='bbox 2153 4706 2515 4780; x_wconf 77' lang='lat' dir='ltr'><strong>humilitatem</strong></span> <span class='ocrx_word' id='word_1_761' title='bbox 2554 4707 2803 4780; x_wconf 72' lang='lat' dir='ltr'><strong>imitatus</strong></span> <span class='ocrx_word' id='word_1_762' title='bbox 2824 4715 2907 4780; x_wconf 80' lang='lat' dir='ltr'><strong>est</strong></span> <span class='ocrx_word' id='word_1_763' title='bbox 2935 4707 3217 4780; x_wconf 82' lang='lat' dir='ltr'><strong>puerilem.</strong></span> 
     </span>
    </p>
   </div>
   <div class='ocr_carea' id='block_1_93' title="bbox 395 4775 3590 4858">
    <p class='ocr_par' dir='ltr' id='par_1_93' title="bbox 395 4775 3590 4858">
     <span class='ocr_line' id='line_1_93' title="bbox 395 4775 3590 4858; baseline 0.001 -29"><span class='ocrx_word' id='word_1_764' title='bbox 395 4778 487 4858; x_wconf 57' lang='grc' dir='ltr'>ξιξ.</span> <span class='ocrx_word' id='word_1_765' title='bbox 534 4775 603 4832; x_wconf 91' lang='lat' dir='ltr'><strong>Et</strong></span> <span class='ocrx_word' id='word_1_766' title='bbox 645 4775 994 4858; x_wconf 82' lang='lat' dir='ltr'><strong>conferamus</strong></span> <span class='ocrx_word' id='word_1_767' title='bbox 1047 4775 1507 4858; x_wconf 71' lang='lat' dir='ltr'><strong>evapgelistarum</strong></span> <span class='ocrx_word' id='word_1_768' title='bbox 1555 4775 1713 4858; x_wconf 43' lang='lat' dir='ltr'><strong>dicta.</strong></span> <span class='ocrx_word' id='word_1_769' title='bbox 1757 4775 2115 4858; x_wconf 72' lang='lat' dir='ltr'><strong>de_capitu_lo</strong></span> <span class='ocrx_word' id='word_1_770' title='bbox 2155 4779 2300 4845; x_wconf 93' lang='lat' dir='ltr'><strong>isto,</strong></span> <span class='ocrx_word' id='word_1_771' title='bbox 2346 4777 2403 4858; x_wconf 57' lang='lat' dir='ltr'><strong>si</strong></span> <span class='ocrx_word' id='word_1_772' title='bbox 2443 4776 2584 4858; x_wconf 62' lang='lat' dir='ltr'><strong>forte</strong></span> <span class='ocrx_word' id='word_1_773' title='bbox 2629 4775 3107 4858; x_wconf 39' lang='lat' dir='ltr'><strong>manil&#39;estio’rntiat</strong></span> <span class='ocrx_word' id='word_1_774' title='bbox 3143 4790 3337 4858; x_wconf 57' lang='lat' dir='ltr'><strong>sensus</strong></span> <span class='ocrx_word' id='word_1_775' title='bbox 3369 4783 3590 4858; x_wconf 72' lang='lat' dir='ltr'><strong>propter</strong></span> 
     </span>
    </p>
   </div>
   <div class='ocr_carea' id='block_1_94' title="bbox 320 4844 3590 4926">
    <p class='ocr_par' dir='ltr' id='par_1_94' title="bbox 320 4844 3590 4926">
     <span class='ocr_line' id='line_1_94' title="bbox 320 4844 3590 4926; baseline -0 -24"><span class='ocrx_word' id='word_1_776' title='bbox 320 4846 587 4916; x_wconf 89' lang='lat' dir='ltr'><strong>Spiritum</strong></span> <span class='ocrx_word' id='word_1_777' title='bbox 631 4853 1084 4926; x_wconf 67' lang='lat' dir='ltr'><strong>sanctumquem</strong></span> <span class='ocrx_word' id='word_1_778' title='bbox 1114 4844 1366 4926; x_wconf 36' lang='lat' dir='ltr'><strong>diximus.</strong></span> <span class='ocrx_word' id='word_1_779' title='bbox 1395 4863 1626 4926; x_wconf 79' lang='lat' dir='ltr'><strong>puerum</strong></span> <span class='ocrx_word' id='word_1_780' title='bbox 1660 4849 1812 4903; x_wconf 92' lang='lat' dir='ltr'><strong>illum</strong></span> <span class='ocrx_word' id='word_1_781' title='bbox 1846 4844 2070 4926; x_wconf 77' lang='lat' dir='ltr'><strong>intelligi</strong></span> <span class='ocrx_word' id='word_1_782' title='bbox 2118 4844 2299 4920; x_wconf 87' lang='lat' dir='ltr'><strong>posse.</strong></span> <span class='ocrx_word' id='word_1_783' title='bbox 2344 4846 2914 4926; x_wconf 63' lang='lat' dir='ltr'><strong>§t_hlarcus_quidem</strong></span> <span class='ocrx_word' id='word_1_784' title='bbox 2943 4845 3112 4900; x_wconf 90' lang='lat' dir='ltr'><strong>dicit:</strong></span> <span class='ocrx_word' id='word_1_785' title='bbox 3149 4865 3168 4896; x_wconf 77' lang='grc' dir='ltr'><strong>ι</strong></span> <span class='ocrx_word' id='word_1_786' title='bbox 3212 4844 3276 4899; x_wconf 81' lang='lat' dir='ltr'><strong>Et</strong></span> <span class='ocrx_word' id='word_1_787' title='bbox 3315 4844 3590 4926; x_wconf 71' lang='lat' dir='ltr'><strong>accipiens</strong></span> 
     </span>
    </p>
   </div>
   <div class='ocr_carea' id='block_1_95' title="bbox 317 4914 3586 4991">
    <p class='ocr_par' dir='ltr' id='par_1_95' title="bbox 317 4914 3586 4991">
     <span class='ocr_line' id='line_1_95' title="bbox 317 4914 3586 4991; baseline -0 -22"><span class='ocrx_word' id='word_1_788' title='bbox 317 4914 846 4991; x_wconf 82' lang='lat' dir='ltr'><strong>puerum,_statuit_</strong></span> <span class='ocrx_word' id='word_1_789' title='bbox 896 4914 954 4970; x_wconf 82' lang='lat' dir='ltr'><strong>in</strong></span> <span class='ocrx_word' id='word_1_790' title='bbox 1009 4914 1661 4991; x_wconf 82' lang='lat' dir='ltr'><strong>medio_discipulorum_,</strong></span> <span class='ocrx_word' id='word_1_791' title='bbox 1708 4926 1765 4974; x_wconf 91' lang='lat' dir='ltr'><strong>et</strong></span> <span class='ocrx_word' id='word_1_792' title='bbox 1809 4914 2135 4991; x_wconf 54' lang='lat' dir='ltr'><strong>complexus&quot;</strong></span> <span class='ocrx_word' id='word_1_793' title='bbox 2167 4933 2294 4973; x_wconf 90' lang='lat' dir='ltr'><strong>cum</strong></span> <span class='ocrx_word' id='word_1_794' title='bbox 2332 4917 2469 4972; x_wconf 80' lang='lat' dir='ltr'><strong>dixit</strong></span> <span class='ocrx_word' id='word_1_795' title='bbox 2500 4918 2581 4970; x_wconf 91' lang='lat' dir='ltr'><strong>eis</strong></span> <span class='ocrx_word' id='word_1_796' title='bbox 2618 4936 2631 4970; x_wconf 92' lang='lat'>:</span> <span class='ocrx_word' id='word_1_797' title='bbox 2667 4914 2727 4991; x_wconf 83' lang='lat' dir='ltr'><strong>Si</strong></span> <span class='ocrx_word' id='word_1_798' title='bbox 2766 4917 2894 4986; x_wconf 90' lang='lat' dir='ltr'><strong>quis</strong></span> <span class='ocrx_word' id='word_1_799' title='bbox 2942 4930 3109 4970; x_wconf 91' lang='lat' dir='ltr'><strong>unum</strong></span> <span class='ocrx_word' id='word_1_800' title='bbox 3150 4930 3379 4991; x_wconf 79' lang='lat' dir='ltr'><strong>puerum</strong></span> <span class='ocrx_word' id='word_1_801' title='bbox 3425 4915 3586 4991; x_wconf 73' lang='lat' dir='ltr'><strong>talem</strong></span> 
     </span>
    </p>
   </div>
   <div class='ocr_carea' id='block_1_96' title="bbox 316 4983 3588 5060">
    <p class='ocr_par' dir='ltr' id='par_1_96' title="bbox 316 4983 3588 5060">
     <span class='ocr_line' id='line_1_96' title="bbox 316 4983 3588 5060; baseline -0.001 -19"><span class='ocrx_word' id='word_1_802' title='bbox 316 4983 668 5060; x_wconf 70' lang='lat' dir='ltr'><strong>ieceperitin</strong></span> <span class='ocrx_word' id='word_1_803' title='bbox 701 4985 921 5060; x_wconf 74' lang='lat' dir='ltr'><strong>nomine</strong></span> <span class='ocrx_word' id='word_1_804' title='bbox 957 4999 1100 5060; x_wconf 81' lang='lat' dir='ltr'><strong>meo.</strong></span> <span class='ocrx_word' id='word_1_805' title='bbox 1142 5004 1160 5036; x_wconf 91' lang='lat'><strong>3</strong></span> <span class='ocrx_word' id='word_1_806' title='bbox 1203 4983 1390 5060; x_wconf 55' lang='lat' dir='ltr'><strong>Lucas</strong></span> <span class='ocrx_word' id='word_1_807' title='bbox 1410 4995 1592 5042; x_wconf 88' lang='lat' dir='ltr'><strong>autem</strong></span> <span class='ocrx_word' id='word_1_808' title='bbox 1639 4989 1710 5060; x_wconf 81' lang='lat' dir='ltr'><strong>ita</strong></span> <span class='ocrx_word' id='word_1_809' title='bbox 1745 5007 1759 5042; x_wconf 91' lang='lat'>:</span> <span class='ocrx_word' id='word_1_810' title='bbox 1791 5008 1809 5042; x_wconf 78' lang='grc' dir='ltr'><strong>ι</strong></span> <span class='ocrx_word' id='word_1_811' title='bbox 1841 4989 1904 5044; x_wconf 88' lang='lat' dir='ltr'><strong>Et</strong></span> <span class='ocrx_word' id='word_1_812' title='bbox 1935 4983 2159 5060; x_wconf 77' lang='lat' dir='ltr'><strong>accepit</strong></span> <span class='ocrx_word' id='word_1_813' title='bbox 2191 5004 2434 5060; x_wconf 77' lang='lat' dir='ltr'><strong>puerum</strong></span> <span class='ocrx_word' id='word_1_814' title='bbox 2465 4985 2737 5060; x_wconf 88' lang='lat' dir='ltr'><strong>et__posu_it</strong></span> <span class='ocrx_word' id='word_1_815' title='bbox 2771 4983 2896 5040; x_wconf 78' lang='lat' dir='ltr'><strong>eum</strong></span> <span class='ocrx_word' id='word_1_816' title='bbox 2931 5005 2951 5038; x_wconf 88' lang='lat'><strong>3</strong></span> <span class='ocrx_word' id='word_1_817' title='bbox 2980 5000 3088 5060; x_wconf 69' lang='lat' dir='ltr'><strong>non</strong></span> <span class='ocrx_word' id='word_1_818' title='bbox 3129 4985 3304 5060; x_wconf 79' lang='lat' dir='ltr'><strong>solum</strong></span> <span class='ocrx_word' id='word_1_819' title='bbox 3333 4986 3387 5039; x_wconf 92' lang='lat' dir='ltr'><strong>in</strong></span> <span class='ocrx_word' id='word_1_820' title='bbox 3410 4985 3588 5038; x_wconf 84' lang='lat' dir='ltr'><strong>medio</strong></span> 
     </span>
    </p>
   </div>
   <div class='ocr_carea' id='block_1_97' title="bbox 317 5053 1908 5128">
    <p class='ocr_par' dir='ltr' id='par_1_97' title="bbox 317 5053 1882 5128">
     <span class='ocr_line' id='line_1_97' title="bbox 317 5053 1882 5128; baseline 0.002 -17"><span class='ocrx_word' id='word_1_821' title='bbox 317 5053 533 5128; x_wconf 73' lang='lat' dir='ltr'><strong>eorum,</strong></span> <span class='ocrx_word' id='word_1_822' title='bbox 567 5056 713 5111; x_wconf 88' lang='lat' dir='ltr'><strong>sicut</strong></span> <span class='ocrx_word' id='word_1_823' title='bbox 746 5055 824 5109; x_wconf 91' lang='lat' dir='ltr'><strong>ait</strong></span> <span class='ocrx_word' id='word_1_824' title='bbox 855 5053 1142 5128; x_wconf 68' lang='lat' dir='ltr'><strong>Matthaeus</strong></span> <span class='ocrx_word' id='word_1_825' title='bbox 1181 5064 1237 5128; x_wconf 81' lang='lat' dir='ltr'><strong>et</strong></span> <span class='ocrx_word' id='word_1_826' title='bbox 1277 5054 1513 5119; x_wconf 82' lang='lat' dir='ltr'><strong>Marcus,</strong></span> <span class='ocrx_word' id='word_1_827' title='bbox 1559 5058 1651 5111; x_wconf 88' lang='lat' dir='ltr'><strong>sed</strong></span> <span class='ocrx_word' id='word_1_828' title='bbox 1685 5078 1704 5128; x_wconf 73' lang='grc' dir='ltr'><strong>ι</strong></span> <span class='ocrx_word' id='word_1_829' title='bbox 1738 5061 1882 5128; x_wconf 89' lang='lat' dir='ltr'><strong>apud</strong></span> 
     </span>
    </p>
   </div>
   <div class='ocr_carea' id='block_1_98' title="bbox 2011 5053 3586 5128">
    <p class='ocr_par' dir='ltr' id='par_1_98' title="bbox 2011 5053 3586 5128">
     <span class='ocr_line' id='line_1_98' title="bbox 2011 5053 3586 5128; baseline -0.003 -16"><span class='ocrx_word' id='word_1_830' title='bbox 2011 5053 2095 5115; x_wconf 70' lang='lat' dir='ltr'><strong>:et</strong></span> <span class='ocrx_word' id='word_1_831' title='bbox 2133 5053 2275 5113; x_wconf 68' lang='lat' dir='ltr'><strong>dixit</strong></span> <span class='ocrx_word' id='word_1_832' title='bbox 2301 5053 2588 5128; x_wconf 78' lang='lat' dir='ltr'><strong>discipulis</strong></span> <span class='ocrx_word' id='word_1_833' title='bbox 2623 5057 2740 5128; x_wconf 87' lang='lat' dir='ltr'><strong>suis</strong></span> <span class='ocrx_word' id='word_1_834' title='bbox 2773 5075 2792 5107; x_wconf 91' lang='lat'><strong>3</strong></span> <span class='ocrx_word' id='word_1_835' title='bbox 2831 5069 2939 5109; x_wconf 91' lang='lat' dir='ltr'><strong>non</strong></span> <span class='ocrx_word' id='word_1_836' title='bbox 2966 5055 3074 5128; x_wconf 80' lang='lat' dir='ltr'><strong>ita,</strong></span> <span class='ocrx_word' id='word_1_837' title='bbox 3106 5055 3151 5109; x_wconf 89' lang='lat' dir='ltr'><strong>si</strong></span> <span class='ocrx_word' id='word_1_838' title='bbox 3204 5055 3586 5128; x_wconf 58' lang='lat' dir='ltr'><strong>quisaccepec</strong></span> 
     </span>
    </p>
   </div>
   <div class='ocr_carea' id='block_1_99' title="bbox 319 5123 3587 5201">
    <p class='ocr_par' dir='ltr' id='par_1_99' title="bbox 319 5123 3587 5201">
     <span class='ocr_line' id='line_1_99' title="bbox 319 5123 3587 5201; baseline -0.001 -21"><span class='ocrx_word' id='word_1_839' title='bbox 319 5126 394 5182; x_wconf 88' lang='lat' dir='ltr'><strong>rit</strong></span> <span class='ocrx_word' id='word_1_840' title='bbox 424 5141 593 5182; x_wconf 90' lang='lat' dir='ltr'><strong>unum</strong></span> <span class='ocrx_word' id='word_1_841' title='bbox 632 5139 864 5196; x_wconf 89' lang='lat' dir='ltr'><strong>puerum</strong></span> <span class='ocrx_word' id='word_1_842' title='bbox 899 5124 1097 5191; x_wconf 90' lang='lat' dir='ltr'><strong>talem,</strong></span> <span class='ocrx_word' id='word_1_843' title='bbox 1132 5125 1235 5190; x_wconf 83' lang='lat' dir='ltr'><strong>vel,</strong></span> <span class='ocrx_word' id='word_1_844' title='bbox 1277 5141 1446 5180; x_wconf 90' lang='lat' dir='ltr'><strong>unum</strong></span> <span class='ocrx_word' id='word_1_845' title='bbox 1487 5128 1555 5181; x_wconf 90' lang='lat' dir='ltr'><strong>de</strong></span> <span class='ocrx_word' id='word_1_846' title='bbox 1593 5123 1794 5184; x_wconf 81' lang='lat' dir='ltr'><strong>talibus</strong></span> <span class='ocrx_word' id='word_1_847' title='bbox 1833 5130 2040 5201; x_wconf 88' lang='lat' dir='ltr'><strong>pueris,</strong></span> <span class='ocrx_word' id='word_1_848' title='bbox 2085 5128 2182 5186; x_wconf 86' lang='lat' dir='ltr'><strong>sed</strong></span> <span class='ocrx_word' id='word_1_849' title='bbox 2229 5129 2306 5184; x_wconf 90' lang='lat' dir='ltr'><strong>ita</strong></span> <span class='ocrx_word' id='word_1_850' title='bbox 2346 5146 2358 5182; x_wconf 94' lang='lat'>:</span> <span class='ocrx_word' id='word_1_851' title='bbox 2407 5123 2524 5181; x_wconf 59' lang='lat' dir='ltr'><strong>(Si</strong></span> <span class='ocrx_word' id='word_1_852' title='bbox 2566 5127 2692 5197; x_wconf 89' lang='lat' dir='ltr'><strong>quis</strong></span> <span class='ocrx_word' id='word_1_853' title='bbox 2734 5125 3005 5195; x_wconf 87' lang='lat' dir='ltr'><strong>acceperit</strong></span> <span class='ocrx_word' id='word_1_854' title='bbox 3053 5123 3282 5195; x_wconf 89' lang='lat' dir='ltr'><strong>puerum</strong></span> <span class='ocrx_word' id='word_1_855' title='bbox 3338 5125 3484 5178; x_wconf 87' lang='lat' dir='ltr'><strong>hunc</strong></span> <span class='ocrx_word' id='word_1_856' title='bbox 3531 5123 3587 5176; x_wconf 90' lang='lat' dir='ltr'><strong>in</strong></span> 
     </span>
    </p>
   </div>
   <div class='ocr_carea' id='block_1_100' title="bbox 345 5240 1908 5312">
    <p class='ocr_par' dir='ltr' id='par_1_100' title="bbox 345 5243 1908 5308">
     <span class='ocr_line' id='line_1_100' title="bbox 345 5243 1908 5308; baseline 0.002 -10"><span class='ocrx_word' id='word_1_857' title='bbox 345 5267 356 5282; x_wconf 82' lang='grc' dir='ltr'><strong>ο</strong></span> <span class='ocrx_word' id='word_1_858' title='bbox 410 5246 453 5282; x_wconf 88' lang='grc'>⁷¹</span> <span class='ocrx_word' id='word_1_859' title='bbox 481 5243 670 5302; x_wconf 83' lang='lat' dir='ltr'><strong>Matth.</strong></span> <span class='ocrx_word' id='word_1_860' title='bbox 703 5259 871 5307; x_wconf 82' lang='lat' dir='ltr'><strong>xvm,</strong></span> <span class='ocrx_word' id='word_1_861' title='bbox 899 5243 952 5298; x_wconf 86' lang='lat'><strong>6.</strong></span> <span class='ocrx_word' id='word_1_862' title='bbox 1048 5243 1094 5275; x_wconf 80' lang='grc'><strong>⁷⁷</strong></span> <span class='ocrx_word' id='word_1_863' title='bbox 1126 5243 1292 5298; x_wconf 82' lang='lat' dir='ltr'><strong>Marc.</strong></span> <span class='ocrx_word' id='word_1_864' title='bbox 1319 5260 1375 5299; x_wconf 83' lang='lat' dir='ltr'><strong>1x</strong></span> <span class='ocrx_word' id='word_1_865' title='bbox 1397 5284 1413 5308; x_wconf 87' lang='lat'><strong>,</strong></span> <span class='ocrx_word' id='word_1_866' title='bbox 1438 5244 1543 5308; x_wconf 77' lang='grc'><strong>55,</strong></span> <span class='ocrx_word' id='word_1_867' title='bbox 1569 5245 1659 5300; x_wconf 81' lang='lat'><strong>54.</strong></span> <span class='ocrx_word' id='word_1_868' title='bbox 1747 5247 1792 5278; x_wconf 86' lang='grc'>⁷³</span> <span class='ocrx_word' id='word_1_869' title='bbox 1827 5247 1908 5301; x_wconf 66' lang='lat' dir='ltr'><strong>ibi:</strong></span> 
     </span>
    </p>
   </div>
   <div class='ocr_carea' id='block_1_101' title="bbox 2011 5240 3584 5312">
    <p class='ocr_par' dir='ltr' id='par_1_101' title="bbox 2013 5240 3584 5312">
     <span class='ocr_line' id='line_1_101' title="bbox 2013 5240 3584 5312; baseline -0.005 -10"><span class='ocrx_word' id='word_1_870' title='bbox 2013 5247 2104 5303; x_wconf 79' lang='lat'><strong>54.</strong></span> <span class='ocrx_word' id='word_1_871' title='bbox 2199 5246 2246 5279; x_wconf 70' lang='grc'><strong>⁷⁸</strong></span> <span class='ocrx_word' id='word_1_872' title='bbox 2282 5246 2438 5310; x_wconf 87' lang='lat' dir='ltr'><strong>ibid.,</strong></span> <span class='ocrx_word' id='word_1_873' title='bbox 2467 5245 2537 5300; x_wconf 78' lang='lat'><strong>&#39;55</strong></span> <span class='ocrx_word' id='word_1_874' title='bbox 2559 5284 2577 5312; x_wconf 91' lang='lat'><strong>,</strong></span> <span class='ocrx_word' id='word_1_875' title='bbox 2606 5244 2696 5300; x_wconf 76' lang='lat'><strong>36.</strong></span> <span class='ocrx_word' id='word_1_876' title='bbox 2789 5244 2838 5278; x_wconf 86' lang='grc'><strong>’⁷³</strong></span> <span class='ocrx_word' id='word_1_877' title='bbox 2868 5242 3002 5299; x_wconf 88' lang='lat' dir='ltr'><strong>Luc.</strong></span> <span class='ocrx_word' id='word_1_878' title='bbox 3043 5259 3095 5298; x_wconf 82' lang='lat' dir='ltr'><strong>Ix</strong></span> <span class='ocrx_word' id='word_1_879' title='bbox 3117 5285 3134 5312; x_wconf 92' lang='lat'><strong>,</strong></span> <span class='ocrx_word' id='word_1_880' title='bbox 3157 5242 3248 5298; x_wconf 85' lang='lat'><strong>46.</strong></span> <span class='ocrx_word' id='word_1_881' title='bbox 3330 5242 3376 5273; x_wconf 79' lang='grc'>⁷⁸</span> <span class='ocrx_word' id='word_1_882' title='bbox 3413 5240 3584 5306; x_wconf 84' lang='lat' dir='ltr'><strong>ibid.,</strong></span> 
     </span>
    </p>
   </div>
   <div class='ocr_carea' id='block_1_102' title="bbox 321 5312 1908 5389">
    <p class='ocr_par' dir='ltr' id='par_1_102' title="bbox 321 5312 1908 5389">
     <span class='ocr_line' id='line_1_102' title="bbox 321 5312 1908 5389; baseline 0.002 -19"><span class='ocrx_word' id='word_1_883' title='bbox 321 5312 410 5370; x_wconf 87' lang='lat'><strong>47.</strong></span> <span class='ocrx_word' id='word_1_884' title='bbox 504 5316 548 5347; x_wconf 92' lang='grc'><strong>⁷⁷</strong></span> <span class='ocrx_word' id='word_1_885' title='bbox 588 5315 720 5371; x_wconf 89' lang='lat' dir='ltr'><strong>ibid.</strong></span> <span class='ocrx_word' id='word_1_886' title='bbox 799 5315 846 5348; x_wconf 84' lang='grc'>⁷⁸</span> <span class='ocrx_word' id='word_1_887' title='bbox 872 5315 1034 5370; x_wconf 81' lang='lat' dir='ltr'><strong>ibid.‘</strong></span> <span class='ocrx_word' id='word_1_888' title='bbox 1078 5313 1125 5346; x_wconf 88' lang='lat'><strong>&quot;’</strong></span> <span class='ocrx_word' id='word_1_889' title='bbox 1157 5313 1349 5370; x_wconf 79' lang='lat' dir='ltr'><strong>Matth.</strong></span> <span class='ocrx_word' id='word_1_890' title='bbox 1377 5329 1532 5380; x_wconf 85' lang='lat' dir='ltr'><strong>xvut,</strong></span> <span class='ocrx_word' id='word_1_891' title='bbox 1565 5315 1619 5389; x_wconf 73' lang='lat'><strong>5.</strong></span> <span class='ocrx_word' id='word_1_892' title='bbox 1694 5316 1741 5348; x_wconf 79' lang='grc' dir='ltr'><strong>⁸ο</strong></span> <span class='ocrx_word' id='word_1_893' title='bbox 1775 5316 1908 5374; x_wconf 79' lang='lat' dir='ltr'><strong>Mart</strong></span> 
     </span>
    </p>
   </div>
   <div class='ocr_carea' id='block_1_103' title="bbox 2011 5312 2704 5389">
    <p class='ocr_par' dir='ltr' id='par_1_103' title="bbox 2011 5315 2704 5387">
     <span class='ocr_line' id='line_1_103' title="bbox 2011 5315 2704 5387; baseline -0.003 -14"><span class='ocrx_word' id='word_1_894' title='bbox 2011 5334 2057 5387; x_wconf 78' lang='lat' dir='ltr'><strong>It,</strong></span> <span class='ocrx_word' id='word_1_895' title='bbox 2077 5316 2164 5373; x_wconf 77' lang='lat'><strong>56.</strong></span> <span class='ocrx_word' id='word_1_896' title='bbox 2245 5316 2288 5348; x_wconf 68' lang='grc'>⁸⁷</span> <span class='ocrx_word' id='word_1_897' title='bbox 2322 5315 2456 5371; x_wconf 90' lang='lat' dir='ltr'><strong>Luc.</strong></span> <span class='ocrx_word' id='word_1_898' title='bbox 2486 5332 2540 5370; x_wconf 75' lang='grc' dir='ltr'>ιχ</span> <span class='ocrx_word' id='word_1_899' title='bbox 2563 5357 2579 5384; x_wconf 93' lang='grc'><strong>,</strong></span> <span class='ocrx_word' id='word_1_900' title='bbox 2611 5315 2704 5371; x_wconf 81' lang='lat'><strong>48.</strong></span> 
     </span>
    </p>
   </div>
   <div class='ocr_carea' id='block_1_104' title="bbox 421 5428 1479 5500">
    <p class='ocr_par' dir='ltr' id='par_1_104' title="bbox 421 5428 1479 5500">
     <span class='ocr_line' id='line_1_104' title="bbox 421 5428 1479 5500; baseline -0.001 -15"><span class='ocrx_word' id='word_1_901' title='bbox 421 5428 509 5500; x_wconf 68' lang='lat'><strong>40)</strong></span> <span class='ocrx_word' id='word_1_902' title='bbox 554 5432 786 5486; x_wconf 83' lang='grc' dir='ltr'>Ἔσται.</span> <span class='ocrx_word' id='word_1_903' title='bbox 823 5429 1006 5487; x_wconf 82' lang='lat' dir='ltr'><strong>Codex</strong></span> <span class='ocrx_word' id='word_1_904' title='bbox 1043 5428 1281 5500; x_wconf 78' lang='lat' dir='ltr'><strong>Regius,</strong></span> <span class='ocrx_word' id='word_1_905' title='bbox 1318 5429 1479 5485; x_wconf 79' lang='grc' dir='ltr'>ἔστω.</span> 
     </span>
    </p>
   </div>
   <div class='ocr_carea' id='block_1_105' title="bbox 419 5499 1908 5582">
    <p class='ocr_par' dir='ltr' id='par_1_105' title="bbox 419 5499 1908 5582">
     <span class='ocr_line' id='line_1_105' title="bbox 419 5499 1908 5582; baseline 0.003 -29"><span class='ocrx_word' id='word_1_906' title='bbox 419 5499 737 5582; x_wconf 51' lang='grc' dir='ltr'><strong>ιυηἏλλά</strong></span> <span class='ocrx_word' id='word_1_907' title='bbox 780 5499 897 5582; x_wconf 50' lang='grc' dir='ltr'>ἤδη</span> <span class='ocrx_word' id='word_1_908' title='bbox 947 5501 1042 5582; x_wconf 54' lang='grc' dir='ltr'>καὶ</span> <span class='ocrx_word' id='word_1_909' title='bbox 1084 5499 1614 5582; x_wconf 45' lang='grc' dir='ltr'>ἐξαναϐςϐηκότως</span> <span class='ocrx_word' id='word_1_910' title='bbox 1660 5504 1729 5558; x_wconf 83' lang='grc' dir='ltr'><strong>τό</strong></span> <span class='ocrx_word' id='word_1_911' title='bbox 1741 5521 1761 5582; x_wconf 55' lang='grc' dir='ltr'><strong>ί</strong></span> <span class='ocrx_word' id='word_1_912' title='bbox 1808 5506 1908 5572; x_wconf 86' lang='grc' dir='ltr'><strong>Ὃς</strong></span> 
     </span>
    </p>
   </div>
   <div class='ocr_carea' id='block_1_106' title="bbox 321 5566 1902 5636">
    <p class='ocr_par' dir='ltr' id='par_1_106' title="bbox 321 5566 1902 5636">
     <span class='ocr_line' id='line_1_106' title="bbox 321 5566 1902 5636; baseline 0.006 -14"><span class='ocrx_word' id='word_1_913' title='bbox 321 5566 433 5622; x_wconf 79' lang='grc' dir='ltr'><strong>ἐὰν</strong></span> <span class='ocrx_word' id='word_1_914' title='bbox 460 5567 696 5636; x_wconf 78' lang='grc' dir='ltr'>δέξηται</span> <span class='ocrx_word' id='word_1_915' title='bbox 725 5566 898 5624; x_wconf 76' lang='grc' dir='ltr'>τοῦτο</span> <span class='ocrx_word' id='word_1_916' title='bbox 925 5571 992 5625; x_wconf 81' lang='grc' dir='ltr'><strong>τὸ</strong></span> <span class='ocrx_word' id='word_1_917' title='bbox 1027 5569 1286 5626; x_wconf 80' lang='grc' dir='ltr'>παιδίον.</span> <span class='ocrx_word' id='word_1_918' title='bbox 1325 5566 1529 5626; x_wconf 85' lang='lat' dir='ltr'><strong>Locum</strong></span> <span class='ocrx_word' id='word_1_919' title='bbox 1562 5566 1708 5629; x_wconf 71' lang='lat' dir='ltr'><strong>hunc</strong></span> <span class='ocrx_word' id='word_1_920' title='bbox 1741 5566 1902 5630; x_wconf 52' lang='lat' dir='ltr'><strong>Luca;</strong></span> 
     </span>
    </p>
   </div>
   <div class='ocr_carea' id='block_1_107' title="bbox 326 5637 1894 5714">
    <p class='ocr_par' dir='ltr' id='par_1_107' title="bbox 326 5637 1894 5714">
     <span class='ocr_line' id='line_1_107' title="bbox 326 5637 1894 5714; baseline 0.002 -21"><span class='ocrx_word' id='word_1_921' title='bbox 326 5637 942 5714; x_wconf 29' lang='lat' dir='ltr'><strong>sollicitat‘Theodorus</strong></span> <span class='ocrx_word' id='word_1_922' title='bbox 985 5640 1155 5714; x_wconf 72' lang='lat' dir='ltr'><strong>Beza,</strong></span> <span class='ocrx_word' id='word_1_923' title='bbox 1199 5640 1596 5714; x_wconf 78' lang='lat' dir='ltr'><strong>legendumque</strong></span> <span class='ocrx_word' id='word_1_924' title='bbox 1627 5643 1850 5714; x_wconf 74' lang='lat' dir='ltr'><strong>coniicit</strong></span> <span class='ocrx_word' id='word_1_925' title='bbox 1879 5660 1894 5696; x_wconf 75' lang='grc' dir='ltr'>ε</span> 
     </span>
    </p>
   </div>
   <div class='ocr_carea' id='block_1_108' title="bbox 325 5707 1899 5786">
    <p class='ocr_par' dir='ltr' id='par_1_108' title="bbox 325 5707 1899 5786">
     <span class='ocr_line' id='line_1_108' title="bbox 325 5707 1899 5786; baseline 0.006 -26"><span class='ocrx_word' id='word_1_926' title='bbox 325 5707 533 5786; x_wconf 65' lang='grc' dir='ltr'>τοιούτο</span> <span class='ocrx_word' id='word_1_927' title='bbox 562 5707 623 5761; x_wconf 90' lang='grc' dir='ltr'><strong>τὸ</strong></span> <span class='ocrx_word' id='word_1_928' title='bbox 655 5709 889 5786; x_wconf 68' lang='grc' dir='ltr'>παιδίον,</span> <span class='ocrx_word' id='word_1_929' title='bbox 921 5710 1008 5786; x_wconf 73' lang='lat' dir='ltr'><strong>cui</strong></span> <span class='ocrx_word' id='word_1_930' title='bbox 1056 5707 1814 5786; x_wconf 64' lang='lat' dir='ltr'><strong>astipularividentur_Syfus</strong></span> <span class='ocrx_word' id='word_1_931' title='bbox 1843 5722 1899 5770; x_wconf 90' lang='lat' dir='ltr'><strong>et</strong></span> 
     </span>
    </p>
   </div>
   <div class='ocr_carea' id='block_1_109' title="bbox 325 5778 1933 5875">
    <p class='ocr_par' dir='ltr' id='par_1_109' title="bbox 325 5778 1933 5875">
     <span class='ocr_line' id='line_1_109' title="bbox 325 5778 1933 5875; baseline 0.004 -38"><span class='ocrx_word' id='word_1_932' title='bbox 325 5779 534 5848; x_wconf 75' lang='lat' dir='ltr'><strong>Arabs;</strong></span> <span class='ocrx_word' id='word_1_933' title='bbox 583 5779 678 5842; x_wconf 82' lang='lat' dir='ltr'><strong>sed</strong></span> <span class='ocrx_word' id='word_1_934' title='bbox 725 5778 945 5852; x_wconf 77' lang='lat' dir='ltr'><strong>Origeni</strong></span> <span class='ocrx_word' id='word_1_935' title='bbox 1010 5778 1271 5875; x_wconf 75' lang='lat' dir='ltr'><strong>assonant</strong></span> <span class='ocrx_word' id='word_1_936' title='bbox 1315 5781 1575 5854; x_wconf 76' lang='lat' dir='ltr'><strong>Vulgata,</strong></span> <span class='ocrx_word' id='word_1_937' title='bbox 1612 5778 1933 5863; x_wconf 18' lang='lat' dir='ltr'><strong>Persaget.</strong></span> 
     </span>
    </p>
   </div>
   <div class='ocr_carea' id='block_1_110' title="bbox 2009 5426 3581 5502">
    <p class='ocr_par' dir='ltr' id='par_1_110' title="bbox 2009 5426 3581 5502">
     <span class='ocr_line' id='line_1_110' title="bbox 2009 5426 3581 5502; baseline -0.005 -12"><span class='ocrx_word' id='word_1_938' title='bbox 2009 5433 2292 5502; x_wconf 69' lang='lat' dir='ltr'><strong>Ethiops.</strong></span> <span class='ocrx_word' id='word_1_939' title='bbox 2343 5441 2398 5488; x_wconf 90' lang='lat' dir='ltr'><strong>et</strong></span> <span class='ocrx_word' id='word_1_940' title='bbox 2427 5431 2696 5488; x_wconf 88' lang='lat' dir='ltr'><strong>editiones</strong></span> <span class='ocrx_word' id='word_1_941' title='bbox 2725 5430 2860 5488; x_wconf 88' lang='lat' dir='ltr'><strong>Novi</strong></span> <span class='ocrx_word' id='word_1_942' title='bbox 2890 5428 3222 5488; x_wconf 89' lang='lat' dir='ltr'><strong>Testamenti</strong></span> <span class='ocrx_word' id='word_1_943' title='bbox 3262 5426 3534 5502; x_wconf 63' lang='lat' dir='ltr'><strong>universae</strong></span> <span class='ocrx_word' id='word_1_944' title='bbox 3565 5443 3581 5482; x_wconf 89' lang='lat'><strong>:</strong></span> 
     </span>
    </p>
   </div>
   <div class='ocr_carea' id='block_1_111' title="bbox 2007 5499 3585 5572">
    <p class='ocr_par' dir='ltr' id='par_1_111' title="bbox 2007 5499 3585 5572">
     <span class='ocr_line' id='line_1_111' title="bbox 2007 5499 3585 5572; baseline -0.005 -12"><span class='ocrx_word' id='word_1_945' title='bbox 2007 5505 2137 5560; x_wconf 88' lang='lat' dir='ltr'><strong>item</strong></span> <span class='ocrx_word' id='word_1_946' title='bbox 2184 5499 2514 5558; x_wconf 73' lang='lat' dir='ltr'><strong>Ambrosius</strong></span> <span class='ocrx_word' id='word_1_947' title='bbox 2553 5518 2568 5555; x_wconf 76' lang='grc' dir='ltr'><strong>ι</strong></span> <span class='ocrx_word' id='word_1_948' title='bbox 2622 5521 2642 5554; x_wconf 71' lang='grc' dir='ltr'><strong>ι</strong></span> <span class='ocrx_word' id='word_1_949' title='bbox 2671 5502 2996 5572; x_wconf 89' lang='lat' dir='ltr'><strong>Quicunque</strong></span> <span class='ocrx_word' id='word_1_950' title='bbox 3049 5499 3314 5572; x_wconf 85' lang='lat' dir='ltr'><strong>receperit</strong></span> <span class='ocrx_word' id='word_1_951' title='bbox 3356 5513 3585 5572; x_wconf 83' lang='lat' dir='ltr'><strong>puerum</strong></span> 
     </span>
    </p>
   </div>
   <div class='ocr_carea' id='block_1_112' title="bbox 2009 5568 3582 5649">
    <p class='ocr_par' dir='ltr' id='par_1_112' title="bbox 2009 5568 3582 5649">
     <span class='ocr_line' id='line_1_112' title="bbox 2009 5568 3582 5649; baseline -0.004 -22"><span class='ocrx_word' id='word_1_952' title='bbox 2009 5575 2243 5649; x_wconf 52' lang='lat' dir='ltr'><strong>Latum.)</strong></span> <span class='ocrx_word' id='word_1_953' title='bbox 2265 5572 2622 5649; x_wconf 71' lang='lat' dir='ltr'><strong>l-Jutltymius:</strong></span> <span class='ocrx_word' id='word_1_954' title='bbox 2651 5568 2797 5649; x_wconf 66' lang='lat' dir='ltr'><strong>«Qui</strong></span> <span class='ocrx_word' id='word_1_955' title='bbox 2812 5568 3111 5649; x_wconf 66' lang='lat' dir='ltr'><strong>susceperit</strong></span> <span class='ocrx_word' id='word_1_956' title='bbox 3118 5583 3360 5649; x_wconf 74' lang='lat' dir='ltr'><strong>puerum</strong></span> <span class='ocrx_word' id='word_1_957' title='bbox 3381 5568 3546 5649; x_wconf 56' lang='lat' dir='ltr'><strong>hunc.</strong></span> <span class='ocrx_word' id='word_1_958' title='bbox 3560 5587 3582 5621; x_wconf 87' lang='lat'><strong>3</strong></span> 
     </span>
    </p>
   </div>
   <div class='ocr_carea' id='block_1_113' title="bbox 2007 5633 3583 5714">
    <p class='ocr_par' dir='ltr' id='par_1_113' title="bbox 2007 5633 3583 5714">
     <span class='ocr_line' id='line_1_113' title="bbox 2007 5633 3583 5714; baseline -0.003 -16"><span class='ocrx_word' id='word_1_959' title='bbox 2007 5633 2490 5714; x_wconf 60' lang='lat' dir='ltr'><strong>Theophylactu&#39;s:</strong></span> <span class='ocrx_word' id='word_1_960' title='bbox 2530 5643 2626 5714; x_wconf 79' lang='grc' dir='ltr'><strong>Ὃς</strong></span> <span class='ocrx_word' id='word_1_961' title='bbox 2668 5633 2768 5714; x_wconf 50' lang='lat' dir='ltr'><strong>civ</strong></span> <span class='ocrx_word' id='word_1_962' title='bbox 2807 5633 3208 5714; x_wconf 53' lang='grc' dir='ltr'>δέξηται-τοῦτο</span> <span class='ocrx_word' id='word_1_963' title='bbox 3352 5636 3583 5714; x_wconf 58' lang='grc' dir='ltr'>παιδίον.</span> 
     </span>
    </p>
   </div>
   <div class='ocr_carea' id='block_1_114' title="bbox 2006 5706 3583 5783">
    <p class='ocr_par' dir='ltr' id='par_1_114' title="bbox 2006 5706 3583 5783">
     <span class='ocr_line' id='line_1_114' title="bbox 2006 5706 3583 5783; baseline -0.004 -15"><span class='ocrx_word' id='word_1_964' title='bbox 2006 5715 2076 5768; x_wconf 84' lang='lat' dir='ltr'><strong>At</strong></span> <span class='ocrx_word' id='word_1_965' title='bbox 2105 5706 2301 5768; x_wconf 75' lang='lat' dir='ltr'><strong>deinde</strong></span> <span class='ocrx_word' id='word_1_966' title='bbox 2333 5711 2628 5783; x_wconf 44' lang='lat' dir='ltr'><strong>tamenusic</strong></span> <span class='ocrx_word' id='word_1_967' title='bbox 2666 5713 2754 5768; x_wconf 90' lang='lat' dir='ltr'><strong>ille</strong></span> <span class='ocrx_word' id='word_1_968' title='bbox 2787 5732 2799 5768; x_wconf 89' lang='lat'><strong>:</strong></span> <span class='ocrx_word' id='word_1_969' title='bbox 2845 5706 2942 5776; x_wconf 71' lang='grc' dir='ltr'>’ος</span> <span class='ocrx_word' id='word_1_970' title='bbox 2993 5706 3120 5776; x_wconf 75' lang='grc' dir='ltr'>οὖν,</span> <span class='ocrx_word' id='word_1_971' title='bbox 3167 5709 3300 5783; x_wconf 75' lang='grc' dir='ltr'>φησὶ</span> <span class='ocrx_word' id='word_1_972' title='bbox 3327 5749 3340 5774; x_wconf 91' lang='grc'><strong>,</strong></span> <span class='ocrx_word' id='word_1_973' title='bbox 3375 5709 3583 5779; x_wconf 75' lang='grc' dir='ltr'>δέξεται</span> 
     </span>
    </p>
   </div>
   <div class='ocr_carea' id='block_1_115' title="bbox 2005 5780 3452 5841">
    <p class='ocr_par' dir='ltr' id='par_1_115' title="bbox 2005 5780 3452 5841">
     <span class='ocr_line' id='line_1_115' title="bbox 2005 5780 3452 5841; baseline -0.006 -1"><span class='ocrx_word' id='word_1_974' title='bbox 2005 5783 2214 5840; x_wconf 83' lang='grc' dir='ltr'>τοιοῦτο</span> <span class='ocrx_word' id='word_1_975' title='bbox 2251 5782 2479 5841; x_wconf 87' lang='grc' dir='ltr'>παιδίον.</span> <span class='ocrx_word' id='word_1_976' title='bbox 2509 5780 2772 5841; x_wconf 74' lang='grc' dir='ltr'>Ηυετιυδ.</span> <span class='ocrx_word' id='word_1_977' title='bbox 3182 5780 3189 5782; x_wconf 68' lang='grc'><strong><em>“</em></strong></span> <span class='ocrx_word' id='word_1_978' title='bbox 3229 5780 3238 5783; x_wconf 69' lang='grc'>⁷</span> <span class='ocrx_word' id='word_1_979' title='bbox 3355 5822 3358 5825; x_wconf 89' lang='grc'><strong>.</strong></span> <span class='ocrx_word' id='word_1_980' title='bbox 3449 5811 3452 5813; x_wconf 52' lang='grc' dir='ltr'><strong>λ</strong></span> 
     </span>
    </p>
   </div>
  </div>
