  <div class='ocr_page' id='page_1' title='image "/cluster/home/n/w/nwhite01/storage/ocr_20150623/13/mdp.39015007036059/577.png"; bbox 0 0 4028 6296; ppageno 0'>
   <div class='ocr_carea' id='block_1_1' title="bbox 503 301 639 358">
    <p class='ocr_par' dir='ltr' id='par_1_1' title="bbox 503 301 639 358">
     <span class='ocr_line' id='line_1_1' title="bbox 503 301 639 358; baseline -0.029 0"><span class='ocrx_word' id='word_1_1' title='bbox 503 301 639 358; x_wconf 69' lang='grc'>1147</span> 
     </span>
    </p>
   </div>
   <div class='ocr_carea' id='block_1_2' title="bbox 1964 309 2292 368">
    <p class='ocr_par' dir='ltr' id='par_1_2' title="bbox 1964 309 2292 368">
     <span class='ocr_line' id='line_1_2' title="bbox 1964 309 2292 368; baseline 0.006 -2"><span class='ocrx_word' id='word_1_2' title='bbox 1964 309 2292 368; x_wconf 68' lang='grc' dir='ltr'>οιιιοιῑΝιε</span> 
     </span>
    </p>
   </div>
   <div class='ocr_carea' id='block_1_3' title="bbox 3627 316 3766 371">
    <p class='ocr_par' dir='ltr' id='par_1_3' title="bbox 3627 316 3766 371">
     <span class='ocr_line' id='line_1_3' title="bbox 3627 316 3766 371; baseline 0.007 -1"><span class='ocrx_word' id='word_1_3' title='bbox 3627 316 3766 371; x_wconf 75' lang='grc' dir='ltr'>ιιιδ</span> 
     </span>
    </p>
   </div>
   <div class='ocr_carea' id='block_1_4' title="bbox 497 426 2066 504">
    <p class='ocr_par' dir='ltr' id='par_1_4' title="bbox 497 426 2066 498">
     <span class='ocr_line' id='line_1_4' title="bbox 497 426 2066 498; baseline 0 -13"><span class='ocrx_word' id='word_1_4' title='bbox 497 431 713 494; x_wconf 87' lang='lat' dir='ltr'><strong>statuit,</strong></span> <span class='ocrx_word' id='word_1_5' title='bbox 739 429 796 484; x_wconf 93' lang='lat' dir='ltr'><strong>in</strong></span> <span class='ocrx_word' id='word_1_6' title='bbox 818 429 1036 484; x_wconf 84' lang='lat' dir='ltr'><strong>nomine</strong></span> <span class='ocrx_word' id='word_1_7' title='bbox 1053 426 1201 492; x_wconf 70' lang='lat' dir='ltr'><strong>Iesu,</strong></span> <span class='ocrx_word' id='word_1_8' title='bbox 1221 427 1517 483; x_wconf 87' lang='lat' dir='ltr'><strong>secundum</strong></span> <span class='ocrx_word' id='word_1_9' title='bbox 1542 427 1764 492; x_wconf 80' lang='lat' dir='ltr'><strong>Lucam,</strong></span> <span class='ocrx_word' id='word_1_10' title='bbox 1790 429 2066 498; x_wconf 85' lang='lat' dir='ltr'><strong>suscipere</strong></span> 
     </span>
    </p>
   </div>
   <div class='ocr_carea' id='block_1_5' title="bbox 2171 426 3765 504">
    <p class='ocr_par' dir='ltr' id='par_1_5' title="bbox 2173 427 3765 504">
     <span class='ocr_line' id='line_1_5' title="bbox 2173 427 3765 504; baseline 0.003 -22"><span class='ocrx_word' id='word_1_11' title='bbox 2173 449 2191 482; x_wconf 83' lang='lat'><strong>(</strong></span> <span class='ocrx_word' id='word_1_12' title='bbox 2236 431 2330 492; x_wconf 92' lang='grc' dir='ltr'>Ὃς</span> <span class='ocrx_word' id='word_1_13' title='bbox 2361 429 2455 482; x_wconf 76' lang='grc' dir='ltr'>ἐὰν</span> <span class='ocrx_word' id='word_1_14' title='bbox 2497 427 2716 499; x_wconf 79' lang='grc' dir='ltr'><strong>δέξηται</strong></span> <span class='ocrx_word' id='word_1_15' title='bbox 2751 427 2906 483; x_wconf 80' lang='grc' dir='ltr'>τοῦτο</span> <span class='ocrx_word' id='word_1_16' title='bbox 2937 429 2998 483; x_wconf 74' lang='grc' dir='ltr'><strong>τὸ</strong></span> <span class='ocrx_word' id='word_1_17' title='bbox 3030 431 3261 500; x_wconf 32' lang='grc' dir='ltr'>ι’παιδίον</span> <span class='ocrx_word' id='word_1_18' title='bbox 3295 433 3389 485; x_wconf 72' lang='grc' dir='ltr'><strong>ἐπὶ</strong></span> <span class='ocrx_word' id='word_1_19' title='bbox 3420 432 3498 504; x_wconf 82' lang='grc' dir='ltr'><strong>τῷ</strong></span> <span class='ocrx_word' id='word_1_20' title='bbox 3533 433 3765 502; x_wconf 71' lang='grc' dir='ltr'>ὀνόματί</span> 
     </span>
    </p>
   </div>
   <div class='ocr_carea' id='block_1_6' title="bbox 462 513 2068 604">
    <p class='ocr_par' dir='ltr' id='par_1_6' title="bbox 462 513 2068 604">
     <span class='ocr_line' id='line_1_6' title="bbox 462 513 2068 604; baseline -0.001 -28"><span class='ocrx_word' id='word_1_21' title='bbox 462 513 739 604; x_wconf 56' lang='lat' dir='ltr'><strong>&quot;oportet.</strong></span> <span class='ocrx_word' id='word_1_22' title='bbox 765 521 940 590; x_wconf 84' lang='lat' dir='ltr'><strong>Atque</strong></span> <span class='ocrx_word' id='word_1_23' title='bbox 971 519 1111 573; x_wconf 84' lang='lat' dir='ltr'><strong>haud</strong></span> <span class='ocrx_word' id='word_1_24' title='bbox 1141 518 1256 573; x_wconf 91' lang='lat' dir='ltr'><strong>scio</strong></span> <span class='ocrx_word' id='word_1_25' title='bbox 1289 534 1358 572; x_wconf 90' lang='lat' dir='ltr'><strong>an</strong></span> <span class='ocrx_word' id='word_1_26' title='bbox 1400 519 1453 574; x_wconf 91' lang='lat' dir='ltr'><strong>id</strong></span> <span class='ocrx_word' id='word_1_27' title='bbox 1494 520 1692 588; x_wconf 80' lang='lat' dir='ltr'><strong>aliquis</strong></span> <span class='ocrx_word' id='word_1_28' title='bbox 1732 521 1939 589; x_wconf 80' lang='lat' dir='ltr'><strong>tropice</strong></span> <span class='ocrx_word' id='word_1_29' title='bbox 1971 538 2068 576; x_wconf 60' lang='lat' dir='ltr'><strong>ex»</strong></span> 
     </span>
    </p>
   </div>
   <div class='ocr_carea' id='block_1_7' title="bbox 501 612 2067 684">
    <p class='ocr_par' dir='ltr' id='par_1_7' title="bbox 501 612 2067 684">
     <span class='ocr_line' id='line_1_7' title="bbox 501 612 2067 684; baseline 0.003 -18"><span class='ocrx_word' id='word_1_30' title='bbox 501 615 708 682; x_wconf 80' lang='lat' dir='ltr'><strong>plicare</strong></span> <span class='ocrx_word' id='word_1_31' title='bbox 759 614 984 682; x_wconf 87' lang='lat' dir='ltr'><strong>possit:</strong></span> <span class='ocrx_word' id='word_1_32' title='bbox 1035 632 1054 664; x_wconf 78' lang='grc' dir='ltr'><strong>ι</strong></span> <span class='ocrx_word' id='word_1_33' title='bbox 1089 612 1417 684; x_wconf 80' lang='lat' dir='ltr'><strong>Quicunque</strong></span> <span class='ocrx_word' id='word_1_34' title='bbox 1473 616 1774 684; x_wconf 71' lang='lat' dir='ltr'><strong>susceperit</strong></span> <span class='ocrx_word' id='word_1_35' title='bbox 1838 631 2067 684; x_wconf 90' lang='lat' dir='ltr'><strong>puerum</strong></span> 
     </span>
    </p>
   </div>
   <div class='ocr_carea' id='block_1_8' title="bbox 499 705 2072 776">
    <p class='ocr_par' dir='ltr' id='par_1_8' title="bbox 499 705 2072 776">
     <span class='ocr_line' id='line_1_8' title="bbox 499 705 2072 776; baseline 0.004 -18"><span class='ocrx_word' id='word_1_36' title='bbox 499 707 665 760; x_wconf 89' lang='lat' dir='ltr'><strong>istum</strong></span> <span class='ocrx_word' id='word_1_37' title='bbox 688 705 741 758; x_wconf 91' lang='lat' dir='ltr'><strong>in</strong></span> <span class='ocrx_word' id='word_1_38' title='bbox 771 705 991 758; x_wconf 90' lang='lat' dir='ltr'><strong>nomine</strong></span> <span class='ocrx_word' id='word_1_39' title='bbox 1035 720 1197 771; x_wconf 88' lang='lat' dir='ltr'><strong>meo;</strong></span> <span class='ocrx_word' id='word_1_40' title='bbox 1232 726 1250 756; x_wconf 85' lang='grc'><strong>›</strong></span> <span class='ocrx_word' id='word_1_41' title='bbox 1286 705 1585 776; x_wconf 84' lang='lat' dir='ltr'><strong>unicuique</strong></span> <span class='ocrx_word' id='word_1_42' title='bbox 1623 707 1769 762; x_wconf 89' lang='lat' dir='ltr'><strong>enim</strong></span> <span class='ocrx_word' id='word_1_43' title='bbox 1815 716 2072 764; x_wconf 85' lang='lat' dir='ltr'><strong>nostrum</strong></span> 
     </span>
    </p>
   </div>
   <div class='ocr_carea' id='block_1_9' title="bbox 499 795 2069 868">
    <p class='ocr_par' dir='ltr' id='par_1_9' title="bbox 499 795 2069 868">
     <span class='ocr_line' id='line_1_9' title="bbox 499 795 2069 868; baseline 0.005 -20"><span class='ocrx_word' id='word_1_44' title='bbox 499 811 634 864; x_wconf 91' lang='lat' dir='ltr'><strong>puer</strong></span> <span class='ocrx_word' id='word_1_45' title='bbox 657 795 765 860; x_wconf 92' lang='lat' dir='ltr'><strong>ille,</strong></span> <span class='ocrx_word' id='word_1_46' title='bbox 799 811 962 865; x_wconf 86' lang='lat' dir='ltr'><strong>quem</strong></span> <span class='ocrx_word' id='word_1_47' title='bbox 995 795 1156 852; x_wconf 83' lang='lat' dir='ltr'><strong>Jesus</strong></span> <span class='ocrx_word' id='word_1_48' title='bbox 1189 806 1318 852; x_wconf 93' lang='lat' dir='ltr'><strong>tunc</strong></span> <span class='ocrx_word' id='word_1_49' title='bbox 1356 799 1756 868; x_wconf 85' lang='lat' dir='ltr'><strong>apprehensum</strong></span> <span class='ocrx_word' id='word_1_50' title='bbox 1801 800 1957 868; x_wconf 75' lang='lat' dir='ltr'><strong>juxta</strong></span> <span class='ocrx_word' id='word_1_51' title='bbox 2011 816 2069 856; x_wconf 90' lang='lat' dir='ltr'><strong>se</strong></span> 
     </span>
    </p>
   </div>
   <div class='ocr_carea' id='block_1_10' title="bbox 495 886 2068 959">
    <p class='ocr_par' dir='ltr' id='par_1_10' title="bbox 495 886 2068 959">
     <span class='ocr_line' id='line_1_10' title="bbox 495 886 2068 959; baseline 0.004 -19"><span class='ocrx_word' id='word_1_52' title='bbox 495 886 801 953; x_wconf 88' lang='lat' dir='ltr'><strong>constituit,</strong></span> <span class='ocrx_word' id='word_1_53' title='bbox 835 886 888 940; x_wconf 93' lang='lat' dir='ltr'><strong>in</strong></span> <span class='ocrx_word' id='word_1_54' title='bbox 937 887 1160 942; x_wconf 90' lang='lat' dir='ltr'><strong>nomine</strong></span> <span class='ocrx_word' id='word_1_55' title='bbox 1199 887 1328 942; x_wconf 82' lang='lat' dir='ltr'><strong>Jesu</strong></span> <span class='ocrx_word' id='word_1_56' title='bbox 1374 890 1752 959; x_wconf 88' lang='lat' dir='ltr'><strong>suscipiendus</strong></span> <span class='ocrx_word' id='word_1_57' title='bbox 1785 901 1870 947; x_wconf 84' lang='lat' dir='ltr'><strong>est</strong></span> <span class='ocrx_word' id='word_1_58' title='bbox 1895 910 1909 957; x_wconf 88' lang='lat'><strong>;</strong></span> <span class='ocrx_word' id='word_1_59' title='bbox 1939 893 2068 947; x_wconf 81' lang='lat' dir='ltr'><strong>vivit</strong></span> 
     </span>
    </p>
   </div>
   <div class='ocr_carea' id='block_1_11' title="bbox 495 977 2072 1052">
    <p class='ocr_par' dir='ltr' id='par_1_11' title="bbox 495 977 2072 1052">
     <span class='ocr_line' id='line_1_11' title="bbox 495 977 2072 1052; baseline 0.006 -23"><span class='ocrx_word' id='word_1_60' title='bbox 495 977 639 1030; x_wconf 92' lang='lat' dir='ltr'><strong>cnim</strong></span> <span class='ocrx_word' id='word_1_61' title='bbox 675 978 832 1046; x_wconf 89' lang='lat' dir='ltr'><strong>quasi</strong></span> <span class='ocrx_word' id='word_1_62' title='bbox 858 978 1205 1046; x_wconf 86' lang='lat' dir='ltr'><strong>immortalis,</strong></span> <span class='ocrx_word' id='word_1_63' title='bbox 1233 989 1286 1034; x_wconf 90' lang='lat' dir='ltr'><strong>ct</strong></span> <span class='ocrx_word' id='word_1_64' title='bbox 1318 996 1440 1035; x_wconf 88' lang='lat' dir='ltr'><strong>eum</strong></span> <span class='ocrx_word' id='word_1_65' title='bbox 1469 982 1540 1036; x_wconf 89' lang='lat' dir='ltr'><strong>ab</strong></span> <span class='ocrx_word' id='word_1_66' title='bbox 1567 983 1687 1052; x_wconf 91' lang='lat' dir='ltr'><strong>ipso</strong></span> <span class='ocrx_word' id='word_1_67' title='bbox 1715 981 1844 1037; x_wconf 85' lang='lat' dir='ltr'><strong>Jesu</strong></span> <span class='ocrx_word' id='word_1_68' title='bbox 1876 984 1928 1036; x_wconf 91' lang='lat' dir='ltr'><strong>in</strong></span> <span class='ocrx_word' id='word_1_69' title='bbox 1969 999 2072 1038; x_wconf 89' lang='lat' dir='ltr'><strong>no-</strong></span> 
     </span>
    </p>
   </div>
   <div class='ocr_carea' id='block_1_12' title="bbox 495 1066 2072 1145">
    <p class='ocr_par' dir='ltr' id='par_1_12' title="bbox 495 1066 2072 1145">
     <span class='ocr_line' id='line_1_12' title="bbox 495 1066 2072 1145; baseline 0.006 -24"><span class='ocrx_word' id='word_1_70' title='bbox 495 1069 644 1122; x_wconf 91' lang='lat' dir='ltr'><strong>mine</strong></span> <span class='ocrx_word' id='word_1_71' title='bbox 672 1066 800 1123; x_wconf 82' lang='lat' dir='ltr'><strong>.lesu</strong></span> <span class='ocrx_word' id='word_1_72' title='bbox 831 1071 1112 1140; x_wconf 81' lang='lat' dir='ltr'><strong>suscipere</strong></span> <span class='ocrx_word' id='word_1_73' title='bbox 1145 1081 1358 1140; x_wconf 88' lang='lat' dir='ltr'><strong>oportet</strong></span> <span class='ocrx_word' id='word_1_74' title='bbox 1385 1091 1402 1139; x_wconf 86' lang='lat'><strong>;</strong></span> <span class='ocrx_word' id='word_1_75' title='bbox 1438 1090 1471 1128; x_wconf 74' lang='grc' dir='ltr'><strong>τι</strong></span> <span class='ocrx_word' id='word_1_76' title='bbox 1498 1089 1609 1142; x_wconf 90' lang='lat' dir='ltr'><strong>quo</strong></span> <span class='ocrx_word' id='word_1_77' title='bbox 1637 1075 1866 1130; x_wconf 87' lang='lat' dir='ltr'><strong>minime</strong></span> <span class='ocrx_word' id='word_1_78' title='bbox 1891 1076 2072 1145; x_wconf 86' lang='lat' dir='ltr'><strong>sejun-</strong></span> 
     </span>
    </p>
   </div>
   <div class='ocr_carea' id='block_1_13' title="bbox 492 1157 2071 1235">
    <p class='ocr_par' dir='ltr' id='par_1_13' title="bbox 492 1157 2071 1235">
     <span class='ocr_line' id='line_1_13' title="bbox 492 1157 2071 1235; baseline 0.005 -23"><span class='ocrx_word' id='word_1_79' title='bbox 492 1169 614 1213; x_wconf 90' lang='lat' dir='ltr'><strong>ctus</strong></span> <span class='ocrx_word' id='word_1_80' title='bbox 641 1157 820 1226; x_wconf 89' lang='lat' dir='ltr'><strong>Jesus,</strong></span> <span class='ocrx_word' id='word_1_81' title='bbox 853 1160 997 1230; x_wconf 87' lang='lat' dir='ltr'><strong>apud</strong></span> <span class='ocrx_word' id='word_1_82' title='bbox 1034 1176 1158 1216; x_wconf 91' lang='lat' dir='ltr'><strong>eum</strong></span> <span class='ocrx_word' id='word_1_83' title='bbox 1203 1172 1286 1218; x_wconf 90' lang='lat' dir='ltr'><strong>est</strong></span> <span class='ocrx_word' id='word_1_84' title='bbox 1329 1166 1422 1234; x_wconf 88' lang='lat' dir='ltr'><strong>qui</strong></span> <span class='ocrx_word' id='word_1_85' title='bbox 1469 1181 1696 1234; x_wconf 84' lang='lat' dir='ltr'><strong>puerum</strong></span> <span class='ocrx_word' id='word_1_86' title='bbox 1742 1167 2071 1235; x_wconf 82' lang='lat' dir='ltr'><strong>susceperit,</strong></span> 
     </span>
    </p>
   </div>
   <div class='ocr_carea' id='block_1_14' title="bbox 494 1247 2070 1326">
    <p class='ocr_par' dir='ltr' id='par_1_14' title="bbox 494 1247 2070 1326">
     <span class='ocr_line' id='line_1_14' title="bbox 494 1247 2070 1326; baseline 0.007 -26"><span class='ocrx_word' id='word_1_87' title='bbox 494 1247 569 1302; x_wconf 89' lang='lat' dir='ltr'><strong>ita</strong></span> <span class='ocrx_word' id='word_1_88' title='bbox 601 1259 658 1304; x_wconf 88' lang='lat' dir='ltr'><strong>ut</strong></span> <span class='ocrx_word' id='word_1_89' title='bbox 688 1250 846 1319; x_wconf 81' lang='lat' dir='ltr'><strong>juxta</strong></span> <span class='ocrx_word' id='word_1_90' title='bbox 893 1251 1026 1306; x_wconf 90' lang='lat' dir='ltr'><strong>illud</strong></span> <span class='ocrx_word' id='word_1_91' title='bbox 1073 1253 1182 1308; x_wconf 89' lang='lat' dir='ltr'><strong>dici</strong></span> <span class='ocrx_word' id='word_1_92' title='bbox 1221 1255 1427 1323; x_wconf 87' lang='lat' dir='ltr'><strong>possit:</strong></span> <span class='ocrx_word' id='word_1_93' title='bbox 1469 1275 1486 1306; x_wconf 87' lang='grc' dir='ltr'><strong>ι</strong></span> <span class='ocrx_word' id='word_1_94' title='bbox 1518 1255 1842 1326; x_wconf 82' lang='lat' dir='ltr'><strong>Quicunque</strong></span> <span class='ocrx_word' id='word_1_95' title='bbox 1883 1273 2070 1312; x_wconf 80' lang='lat' dir='ltr'><strong>susce-</strong></span> 
     </span>
    </p>
   </div>
   <div class='ocr_carea' id='block_1_15' title="bbox 492 1341 2065 1416">
    <p class='ocr_par' dir='ltr' id='par_1_15' title="bbox 492 1341 2065 1416">
     <span class='ocr_line' id='line_1_15' title="bbox 492 1341 2065 1416; baseline 0.004 -23"><span class='ocrx_word' id='word_1_96' title='bbox 492 1341 634 1409; x_wconf 88' lang='lat' dir='ltr'><strong>perit</strong></span> <span class='ocrx_word' id='word_1_97' title='bbox 663 1357 894 1410; x_wconf 79' lang='lat' dir='ltr'><strong>puerum</strong></span> <span class='ocrx_word' id='word_1_98' title='bbox 925 1343 1089 1398; x_wconf 90' lang='lat' dir='ltr'><strong>istum</strong></span> <span class='ocrx_word' id='word_1_99' title='bbox 1127 1343 1181 1396; x_wconf 94' lang='lat' dir='ltr'><strong>in</strong></span> <span class='ocrx_word' id='word_1_100' title='bbox 1215 1345 1436 1400; x_wconf 86' lang='lat' dir='ltr'><strong>nomine</strong></span> <span class='ocrx_word' id='word_1_101' title='bbox 1488 1362 1630 1411; x_wconf 88' lang='lat' dir='ltr'><strong>meo,</strong></span> <span class='ocrx_word' id='word_1_102' title='bbox 1667 1362 1753 1401; x_wconf 89' lang='lat' dir='ltr'><strong>me</strong></span> <span class='ocrx_word' id='word_1_103' title='bbox 1797 1345 2010 1416; x_wconf 83' lang='lat' dir='ltr'><strong>recipit.</strong></span> <span class='ocrx_word' id='word_1_104' title='bbox 2042 1365 2065 1399; x_wconf 73' lang='grc' dir='ltr'><strong>ι</strong></span> 
     </span>
    </p>
   </div>
   <div class='ocr_carea' id='block_1_16' title="bbox 492 1431 2068 1508">
    <p class='ocr_par' dir='ltr' id='par_1_16' title="bbox 492 1431 2068 1508">
     <span class='ocr_line' id='line_1_16' title="bbox 492 1431 2068 1508; baseline 0.006 -24"><span class='ocrx_word' id='word_1_105' title='bbox 492 1431 698 1487; x_wconf 83' lang='lat' dir='ltr'><strong>Deinde</strong></span> <span class='ocrx_word' id='word_1_106' title='bbox 721 1449 850 1488; x_wconf 91' lang='lat' dir='ltr'><strong>vero</strong></span> <span class='ocrx_word' id='word_1_107' title='bbox 879 1449 1003 1489; x_wconf 90' lang='lat' dir='ltr'><strong>cum</strong></span> <span class='ocrx_word' id='word_1_108' title='bbox 1037 1450 1067 1489; x_wconf 92' lang='lat' dir='ltr'><strong>a</strong></span> <span class='ocrx_word' id='word_1_109' title='bbox 1101 1436 1238 1490; x_wconf 85' lang='lat' dir='ltr'><strong>Filio</strong></span> <span class='ocrx_word' id='word_1_110' title='bbox 1268 1435 1426 1490; x_wconf 85' lang='lat' dir='ltr'><strong>Pater</strong></span> <span class='ocrx_word' id='word_1_111' title='bbox 1460 1453 1572 1492; x_wconf 84' lang='lat' dir='ltr'><strong>non</strong></span> <span class='ocrx_word' id='word_1_112' title='bbox 1590 1446 1891 1506; x_wconf 83' lang='lat' dir='ltr'><strong>separetur,</strong></span> <span class='ocrx_word' id='word_1_113' title='bbox 1924 1439 2068 1508; x_wconf 90' lang='lat' dir='ltr'><strong>apud</strong></span> 
     </span>
    </p>
   </div>
   <div class='ocr_carea' id='block_1_17' title="bbox 491 1525 2070 1596">
    <p class='ocr_par' dir='ltr' id='par_1_17' title="bbox 491 1525 2070 1596">
     <span class='ocr_line' id='line_1_17' title="bbox 491 1525 2070 1596; baseline 0.006 -20"><span class='ocrx_word' id='word_1_114' title='bbox 491 1540 618 1578; x_wconf 89' lang='lat' dir='ltr'><strong>cum</strong></span> <span class='ocrx_word' id='word_1_115' title='bbox 652 1533 738 1580; x_wconf 90' lang='lat' dir='ltr'><strong>est</strong></span> <span class='ocrx_word' id='word_1_116' title='bbox 763 1525 858 1594; x_wconf 93' lang='lat' dir='ltr'><strong>qui</strong></span> <span class='ocrx_word' id='word_1_117' title='bbox 882 1525 1082 1580; x_wconf 91' lang='lat' dir='ltr'><strong>Filium</strong></span> <span class='ocrx_word' id='word_1_118' title='bbox 1110 1528 1412 1596; x_wconf 86' lang='lat' dir='ltr'><strong>susceperit</strong></span> <span class='ocrx_word' id='word_1_119' title='bbox 1437 1545 1452 1592; x_wconf 91' lang='lat'><strong>;</strong></span> <span class='ocrx_word' id='word_1_120' title='bbox 1483 1529 1624 1582; x_wconf 86' lang='lat' dir='ltr'><strong>unde</strong></span> <span class='ocrx_word' id='word_1_121' title='bbox 1645 1529 1850 1585; x_wconf 88' lang='lat' dir='ltr'><strong>dictum</strong></span> <span class='ocrx_word' id='word_1_122' title='bbox 1884 1531 2023 1585; x_wconf 73' lang='lat' dir='ltr'><strong>est”</strong></span> <span class='ocrx_word' id='word_1_123' title='bbox 2049 1549 2070 1586; x_wconf 71' lang='grc' dir='ltr'><strong>ε</strong></span> 
     </span>
    </p>
   </div>
   <div class='ocr_carea' id='block_1_18' title="bbox 499 1614 2075 1690">
    <p class='ocr_par' dir='ltr' id='par_1_18' title="bbox 499 1614 2075 1690">
     <span class='ocr_line' id='line_1_18' title="bbox 499 1614 2075 1690; baseline 0.008 -26"><span class='ocrx_word' id='word_1_124' title='bbox 499 1633 518 1664; x_wconf 78' lang='grc' dir='ltr'><strong>ι</strong></span> <span class='ocrx_word' id='word_1_125' title='bbox 556 1615 620 1668; x_wconf 83' lang='grc' dir='ltr'>Ει</span> <span class='ocrx_word' id='word_1_126' title='bbox 647 1614 964 1685; x_wconf 89' lang='lat' dir='ltr'><strong>quicunque</strong></span> <span class='ocrx_word' id='word_1_127' title='bbox 991 1632 1078 1671; x_wconf 87' lang='lat' dir='ltr'><strong>me</strong></span> <span class='ocrx_word' id='word_1_128' title='bbox 1128 1617 1412 1686; x_wconf 87' lang='lat' dir='ltr'><strong>receperit,</strong></span> <span class='ocrx_word' id='word_1_129' title='bbox 1448 1619 1640 1687; x_wconf 89' lang='lat' dir='ltr'><strong>recipit</strong></span> <span class='ocrx_word' id='word_1_130' title='bbox 1679 1634 1804 1675; x_wconf 92' lang='lat' dir='ltr'><strong>eum</strong></span> <span class='ocrx_word' id='word_1_131' title='bbox 1847 1620 1941 1690; x_wconf 91' lang='lat' dir='ltr'><strong>qui</strong></span> <span class='ocrx_word' id='word_1_132' title='bbox 1979 1635 2075 1677; x_wconf 72' lang='lat' dir='ltr'><strong>me</strong></span> 
     </span>
    </p>
   </div>
   <div class='ocr_carea' id='block_1_19' title="bbox 494 1705 2070 1777">
    <p class='ocr_par' dir='ltr' id='par_1_19' title="bbox 494 1705 2070 1777">
     <span class='ocr_line' id='line_1_19' title="bbox 494 1705 2070 1777; baseline 0.006 -19"><span class='ocrx_word' id='word_1_133' title='bbox 494 1705 668 1759; x_wconf 84' lang='lat' dir='ltr'><strong>misit.</strong></span> <span class='ocrx_word' id='word_1_134' title='bbox 702 1724 721 1757; x_wconf 74' lang='grc' dir='ltr'><strong>ι</strong></span> <span class='ocrx_word' id='word_1_135' title='bbox 755 1705 859 1771; x_wconf 88' lang='lat' dir='ltr'><strong>Qui</strong></span> <span class='ocrx_word' id='word_1_136' title='bbox 889 1716 1070 1762; x_wconf 85' lang='lat' dir='ltr'><strong>autem</strong></span> <span class='ocrx_word' id='word_1_137' title='bbox 1099 1709 1408 1777; x_wconf 88' lang='lat' dir='ltr'><strong>puerulum,</strong></span> <span class='ocrx_word' id='word_1_138' title='bbox 1440 1718 1494 1765; x_wconf 90' lang='lat' dir='ltr'><strong>et</strong></span> <span class='ocrx_word' id='word_1_139' title='bbox 1525 1709 1889 1776; x_wconf 80' lang='lat' dir='ltr'><strong>Servatorcm,</strong></span> <span class='ocrx_word' id='word_1_140' title='bbox 1911 1726 2070 1767; x_wconf 83' lang='lat' dir='ltr'><strong>eum-</strong></span> 
     </span>
    </p>
   </div>
   <div class='ocr_carea' id='block_1_20' title="bbox 2179 523 3764 599">
    <p class='ocr_par' dir='ltr' id='par_1_20' title="bbox 2179 523 3764 599">
     <span class='ocr_line' id='line_1_20' title="bbox 2179 523 3764 599; baseline 0.004 -23"><span class='ocrx_word' id='word_1_141' title='bbox 2179 529 2304 596; x_wconf 80' lang='grc' dir='ltr'>μου.</span> <span class='ocrx_word' id='word_1_142' title='bbox 2346 543 2364 576; x_wconf 74' lang='grc' dir='ltr'><strong>ι</strong></span> <span class='ocrx_word' id='word_1_143' title='bbox 2403 523 2522 594; x_wconf 83' lang='grc' dir='ltr'><strong>Χρὴ</strong></span> <span class='ocrx_word' id='word_1_144' title='bbox 2555 524 2664 594; x_wconf 79' lang='grc' dir='ltr'>γὰρ</span> <span class='ocrx_word' id='word_1_145' title='bbox 2697 524 2872 577; x_wconf 78' lang='grc' dir='ltr'>ἐκεῖνο</span> <span class='ocrx_word' id='word_1_146' title='bbox 2903 523 2965 576; x_wconf 80' lang='grc' dir='ltr'>τὸ</span> <span class='ocrx_word' id='word_1_147' title='bbox 2997 525 3228 592; x_wconf 82' lang='grc' dir='ltr'><strong>παιδίον,</strong></span> <span class='ocrx_word' id='word_1_148' title='bbox 3262 526 3291 580; x_wconf 85' lang='grc' dir='ltr'><strong>ὃ</strong></span> <span class='ocrx_word' id='word_1_149' title='bbox 3319 527 3441 580; x_wconf 86' lang='grc' dir='ltr'>τότε</span> <span class='ocrx_word' id='word_1_150' title='bbox 3473 525 3706 599; x_wconf 71' lang='grc' dir='ltr'>ἔστησεν</span> <span class='ocrx_word' id='word_1_151' title='bbox 3732 531 3764 583; x_wconf 84' lang='grc' dir='ltr'><strong>ὁ</strong></span> 
     </span>
    </p>
   </div>
   <div class='ocr_carea' id='block_1_21' title="bbox 2188 616 3759 689">
    <p class='ocr_par' dir='ltr' id='par_1_21' title="bbox 2188 616 3759 689">
     <span class='ocr_line' id='line_1_21' title="bbox 2188 616 3759 689; baseline 0.001 -18"><span class='ocrx_word' id='word_1_152' title='bbox 2188 616 2391 689; x_wconf 80' lang='grc' dir='ltr'>Ἰησοῦς</span> <span class='ocrx_word' id='word_1_153' title='bbox 2425 617 2554 686; x_wconf 89' lang='grc' dir='ltr'>παρ’</span> <span class='ocrx_word' id='word_1_154' title='bbox 2591 616 2769 687; x_wconf 81' lang='grc' dir='ltr'>ἐαυτῷ</span> <span class='ocrx_word' id='word_1_155' title='bbox 2799 617 3095 688; x_wconf 76' lang='grc' dir='ltr'>λαϐόμενος</span> <span class='ocrx_word' id='word_1_156' title='bbox 3123 619 3307 684; x_wconf 81' lang='grc' dir='ltr'>αὑτοῦ,</span> <span class='ocrx_word' id='word_1_157' title='bbox 3340 619 3594 683; x_wconf 79' lang='grc' dir='ltr'>δέξασθαι</span> <span class='ocrx_word' id='word_1_158' title='bbox 3625 619 3759 673; x_wconf 72' lang='grc' dir='ltr'><strong>ἐκα-</strong></span> 
     </span>
    </p>
   </div>
   <div class='ocr_carea' id='block_1_22' title="bbox 2173 707 3758 783">
    <p class='ocr_par' dir='ltr' id='par_1_22' title="bbox 2173 707 3758 783">
     <span class='ocr_line' id='line_1_22' title="bbox 2173 707 3758 783; baseline 0.003 -23"><span class='ocrx_word' id='word_1_159' title='bbox 2173 725 2298 760; x_wconf 82' lang='grc' dir='ltr'>οτον</span> <span class='ocrx_word' id='word_1_160' title='bbox 2333 707 2487 778; x_wconf 79' lang='grc' dir='ltr'>ἡμῶν</span> <span class='ocrx_word' id='word_1_161' title='bbox 2519 707 2613 760; x_wconf 76' lang='grc' dir='ltr'><strong>ἐπὶ</strong></span> <span class='ocrx_word' id='word_1_162' title='bbox 2651 708 2730 780; x_wconf 85' lang='grc' dir='ltr'><strong>τῷ</strong></span> <span class='ocrx_word' id='word_1_163' title='bbox 2769 708 2993 778; x_wconf 85' lang='grc' dir='ltr'>ὀνόματι</span> <span class='ocrx_word' id='word_1_164' title='bbox 3021 711 3118 762; x_wconf 80' lang='grc' dir='ltr'><strong>τοῦ</strong></span> <span class='ocrx_word' id='word_1_165' title='bbox 3164 711 3372 781; x_wconf 81' lang='grc' dir='ltr'><strong>Ἰησοῦ·</strong></span> <span class='ocrx_word' id='word_1_166' title='bbox 3413 710 3479 780; x_wconf 79' lang='grc' dir='ltr'><strong>ζῇ</strong></span> <span class='ocrx_word' id='word_1_167' title='bbox 3529 711 3644 783; x_wconf 76' lang='grc' dir='ltr'>γὰρ</span> <span class='ocrx_word' id='word_1_168' title='bbox 3683 711 3758 776; x_wconf 83' lang='grc' dir='ltr'>ὠς</span> 
     </span>
    </p>
   </div>
   <div class='ocr_carea' id='block_1_23' title="bbox 2173 795 3756 871">
    <p class='ocr_par' dir='ltr' id='par_1_23' title="bbox 2173 795 3756 871">
     <span class='ocr_line' id='line_1_23' title="bbox 2173 795 3756 871; baseline 0.001 -19"><span class='ocrx_word' id='word_1_169' title='bbox 2173 795 2460 862; x_wconf 82' lang='grc' dir='ltr'>ἀθάνατον,</span> <span class='ocrx_word' id='word_1_170' title='bbox 2495 798 2589 851; x_wconf 81' lang='grc' dir='ltr'><strong>καὶ</strong></span> <span class='ocrx_word' id='word_1_171' title='bbox 2627 798 2732 869; x_wconf 86' lang='grc' dir='ltr'>χρὴ</span> <span class='ocrx_word' id='word_1_172' title='bbox 2776 798 2909 851; x_wconf 69' lang='grc' dir='ltr'>αὐτὸ</span> <span class='ocrx_word' id='word_1_173' title='bbox 2941 799 3035 852; x_wconf 80' lang='grc' dir='ltr'><strong>ἀπ’</strong></span> <span class='ocrx_word' id='word_1_174' title='bbox 3069 798 3234 852; x_wconf 81' lang='grc' dir='ltr'>αὐτοῦ</span> <span class='ocrx_word' id='word_1_175' title='bbox 3262 799 3356 852; x_wconf 80' lang='grc' dir='ltr'>τοῦ</span> <span class='ocrx_word' id='word_1_176' title='bbox 3395 799 3569 871; x_wconf 84' lang='grc' dir='ltr'><strong>Ἰησοῦ</strong></span> <span class='ocrx_word' id='word_1_177' title='bbox 3600 799 3756 865; x_wconf 72' lang='grc' dir='ltr'>δέξα-</span> 
     </span>
    </p>
   </div>
   <div class='ocr_carea' id='block_1_24' title="bbox 2177 884 3760 962">
    <p class='ocr_par' dir='ltr' id='par_1_24' title="bbox 2177 884 3760 962">
     <span class='ocr_line' id='line_1_24' title="bbox 2177 884 3760 962; baseline 0.005 -25"><span class='ocrx_word' id='word_1_178' title='bbox 2177 884 2300 938; x_wconf 87' lang='grc' dir='ltr'>σθαι</span> <span class='ocrx_word' id='word_1_179' title='bbox 2333 886 2426 939; x_wconf 78' lang='grc' dir='ltr'><strong>ἐπὶ</strong></span> <span class='ocrx_word' id='word_1_180' title='bbox 2460 887 2538 958; x_wconf 85' lang='grc' dir='ltr'><strong>τῷ</strong></span> <span class='ocrx_word' id='word_1_181' title='bbox 2569 887 2790 958; x_wconf 80' lang='grc' dir='ltr'>ὀνόματι</span> <span class='ocrx_word' id='word_1_182' title='bbox 2817 888 2911 943; x_wconf 83' lang='grc' dir='ltr'><strong>τοῦ</strong></span> <span class='ocrx_word' id='word_1_183' title='bbox 2959 891 3154 959; x_wconf 80' lang='grc' dir='ltr'><strong>Ἰησοῦ,</strong></span> <span class='ocrx_word' id='word_1_184' title='bbox 3186 885 3246 944; x_wconf 74' lang='grc' dir='ltr'>οὗ</span> <span class='ocrx_word' id='word_1_185' title='bbox 3286 892 3358 962; x_wconf 82' lang='grc' dir='ltr'>μὴ</span> <span class='ocrx_word' id='word_1_186' title='bbox 3389 891 3760 962; x_wconf 80' lang='grc' dir='ltr'><strong>χωριζόμενος</strong></span> 
     </span>
    </p>
   </div>
   <div class='ocr_carea' id='block_1_25' title="bbox 2175 979 3756 1053">
    <p class='ocr_par' dir='ltr' id='par_1_25' title="bbox 2175 979 3756 1053">
     <span class='ocr_line' id='line_1_25' title="bbox 2175 979 3756 1053; baseline 0.006 -23"><span class='ocrx_word' id='word_1_187' title='bbox 2175 979 2204 1030; x_wconf 82' lang='grc' dir='ltr'>ὁ</span> <span class='ocrx_word' id='word_1_188' title='bbox 2235 979 2440 1050; x_wconf 81' lang='grc' dir='ltr'>Ἰησοῦς</span> <span class='ocrx_word' id='word_1_189' title='bbox 2466 980 2673 1047; x_wconf 85' lang='grc' dir='ltr'>γίνεται</span> <span class='ocrx_word' id='word_1_190' title='bbox 2706 981 2856 1052; x_wconf 84' lang='grc' dir='ltr'>παρὰ</span> <span class='ocrx_word' id='word_1_191' title='bbox 2879 981 2958 1051; x_wconf 83' lang='grc' dir='ltr'>τῷ</span> <span class='ocrx_word' id='word_1_192' title='bbox 2983 982 3258 1053; x_wconf 77' lang='grc' dir='ltr'><strong>δεχομένῳ</strong></span> <span class='ocrx_word' id='word_1_193' title='bbox 3298 985 3358 1037; x_wconf 86' lang='grc' dir='ltr'>τὸ</span> <span class='ocrx_word' id='word_1_194' title='bbox 3399 985 3610 1038; x_wconf 79' lang='grc' dir='ltr'>παιδίον</span> <span class='ocrx_word' id='word_1_195' title='bbox 3629 1025 3645 1048; x_wconf 90' lang='grc'><strong>,</strong></span> <span class='ocrx_word' id='word_1_196' title='bbox 3682 986 3756 1048; x_wconf 82' lang='grc' dir='ltr'>ὡς</span> 
     </span>
    </p>
   </div>
   <div class='ocr_carea' id='block_1_26' title="bbox 2174 1066 3757 1145">
    <p class='ocr_par' dir='ltr' id='par_1_26' title="bbox 2174 1066 3757 1145">
     <span class='ocr_line' id='line_1_26' title="bbox 2174 1066 3757 1145; baseline 0.006 -26"><span class='ocrx_word' id='word_1_197' title='bbox 2174 1066 2318 1120; x_wconf 74' lang='grc' dir='ltr'>κατὰ</span> <span class='ocrx_word' id='word_1_198' title='bbox 2341 1067 2498 1120; x_wconf 78' lang='grc' dir='ltr'>τοῦτο</span> <span class='ocrx_word' id='word_1_199' title='bbox 2523 1067 2770 1139; x_wconf 75' lang='grc' dir='ltr'><strong>λελέχθαι</strong></span> <span class='ocrx_word' id='word_1_200' title='bbox 2811 1069 2912 1122; x_wconf 53' lang='grc' dir='ltr'>τόθ’</span> <span class='ocrx_word' id='word_1_201' title='bbox 2942 1089 2960 1120; x_wconf 83' lang='grc' dir='ltr'><strong>ι</strong></span> <span class='ocrx_word' id='word_1_202' title='bbox 3002 1073 3096 1134; x_wconf 90' lang='grc' dir='ltr'>Ὃς</span> <span class='ocrx_word' id='word_1_203' title='bbox 3132 1072 3228 1126; x_wconf 75' lang='grc' dir='ltr'>ἐὰν</span> <span class='ocrx_word' id='word_1_204' title='bbox 3265 1073 3482 1145; x_wconf 75' lang='grc' dir='ltr'>δέξηται</span> <span class='ocrx_word' id='word_1_205' title='bbox 3507 1075 3667 1127; x_wconf 79' lang='grc' dir='ltr'>τοῦτο</span> <span class='ocrx_word' id='word_1_206' title='bbox 3695 1076 3757 1128; x_wconf 82' lang='grc' dir='ltr'>τὸ</span> 
     </span>
    </p>
   </div>
   <div class='ocr_carea' id='block_1_27' title="bbox 2173 1159 3764 1235">
    <p class='ocr_par' dir='ltr' id='par_1_27' title="bbox 2173 1159 3764 1235">
     <span class='ocr_line' id='line_1_27' title="bbox 2173 1159 3764 1235; baseline 0.005 -24"><span class='ocrx_word' id='word_1_207' title='bbox 2173 1159 2387 1212; x_wconf 82' lang='grc' dir='ltr'>παιδίον</span> <span class='ocrx_word' id='word_1_208' title='bbox 2411 1160 2504 1212; x_wconf 75' lang='grc' dir='ltr'><strong>ἐπὶ</strong></span> <span class='ocrx_word' id='word_1_209' title='bbox 2530 1159 2607 1231; x_wconf 82' lang='grc' dir='ltr'><strong>τῷ</strong></span> <span class='ocrx_word' id='word_1_210' title='bbox 2630 1161 2868 1232; x_wconf 81' lang='grc' dir='ltr'>ὀνόματί</span> <span class='ocrx_word' id='word_1_211' title='bbox 2889 1179 3015 1232; x_wconf 77' lang='grc' dir='ltr'>μου,</span> <span class='ocrx_word' id='word_1_212' title='bbox 3044 1164 3145 1234; x_wconf 76' lang='grc' dir='ltr'><strong>ἐμὲ</strong></span> <span class='ocrx_word' id='word_1_213' title='bbox 3169 1164 3398 1235; x_wconf 86' lang='grc' dir='ltr'>δέχεται.</span> <span class='ocrx_word' id='word_1_214' title='bbox 3439 1185 3468 1218; x_wconf 60' lang='grc' dir='ltr'><strong>ι⁴</strong></span> <span class='ocrx_word' id='word_1_215' title='bbox 3491 1163 3602 1218; x_wconf 78' lang='grc' dir='ltr'><strong>Εἶτ’</strong></span> <span class='ocrx_word' id='word_1_216' title='bbox 3635 1167 3764 1219; x_wconf 76' lang='grc' dir='ltr'>ὲπεὶν</span> 
     </span>
    </p>
   </div>
   <div class='ocr_carea' id='block_1_28' title="bbox 2172 1247 3766 1326">
    <p class='ocr_par' dir='ltr' id='par_1_28' title="bbox 2172 1247 3766 1326">
     <span class='ocr_line' id='line_1_28' title="bbox 2172 1247 3766 1326; baseline 0.004 -24"><span class='ocrx_word' id='word_1_217' title='bbox 2172 1247 2472 1322; x_wconf 81' lang='grc' dir='ltr'>ἀχώριστός</span> <span class='ocrx_word' id='word_1_218' title='bbox 2521 1253 2636 1304; x_wconf 78' lang='grc' dir='ltr'>ἐστι</span> <span class='ocrx_word' id='word_1_219' title='bbox 2697 1250 2793 1305; x_wconf 80' lang='grc' dir='ltr'><strong>τοῦ</strong></span> <span class='ocrx_word' id='word_1_220' title='bbox 2842 1253 2972 1306; x_wconf 83' lang='grc' dir='ltr'>Υίοῦ</span> <span class='ocrx_word' id='word_1_221' title='bbox 3018 1256 3047 1308; x_wconf 82' lang='grc' dir='ltr'><strong>ὁ</strong></span> <span class='ocrx_word' id='word_1_222' title='bbox 3091 1255 3303 1326; x_wconf 85' lang='grc' dir='ltr'>Πατὴρ,</span> <span class='ocrx_word' id='word_1_223' title='bbox 3351 1256 3560 1323; x_wconf 82' lang='grc' dir='ltr'>γίνεται</span> <span class='ocrx_word' id='word_1_224' title='bbox 3605 1255 3766 1326; x_wconf 61' lang='grc' dir='ltr'>παρὰ</span> 
     </span>
    </p>
   </div>
   <div class='ocr_carea' id='block_1_29' title="bbox 2173 1340 3754 1412">
    <p class='ocr_par' dir='ltr' id='par_1_29' title="bbox 2173 1340 3754 1412">
     <span class='ocr_line' id='line_1_29' title="bbox 2173 1340 3754 1412; baseline 0.004 -18"><span class='ocrx_word' id='word_1_225' title='bbox 2173 1340 2250 1410; x_wconf 84' lang='grc' dir='ltr'>τῷ</span> <span class='ocrx_word' id='word_1_226' title='bbox 2293 1341 2572 1412; x_wconf 82' lang='grc' dir='ltr'><strong>δεξαμένῳ</strong></span> <span class='ocrx_word' id='word_1_227' title='bbox 2597 1343 2688 1396; x_wconf 72' lang='grc' dir='ltr'>τὸν</span> <span class='ocrx_word' id='word_1_228' title='bbox 2721 1343 2880 1396; x_wconf 85' lang='grc' dir='ltr'>Υίόν·</span> <span class='ocrx_word' id='word_1_229' title='bbox 2920 1341 3001 1396; x_wconf 79' lang='grc' dir='ltr'>διὸ</span> <span class='ocrx_word' id='word_1_230' title='bbox 3033 1344 3312 1399; x_wconf 73' lang='grc' dir='ltr'>λέλεκταιο</span> <span class='ocrx_word' id='word_1_231' title='bbox 3353 1365 3371 1397; x_wconf 81' lang='grc' dir='ltr'><strong>ι</strong></span> <span class='ocrx_word' id='word_1_232' title='bbox 3410 1347 3522 1398; x_wconf 76' lang='grc' dir='ltr'><strong>Καὶ</strong></span> <span class='ocrx_word' id='word_1_233' title='bbox 3559 1347 3618 1409; x_wconf 79' lang='grc' dir='ltr'>ὃς</span> <span class='ocrx_word' id='word_1_234' title='bbox 3661 1346 3754 1400; x_wconf 72' lang='grc' dir='ltr'><strong>ἐὰν</strong></span> 
     </span>
    </p>
   </div>
   <div class='ocr_carea' id='block_1_30' title="bbox 2175 1432 3749 1506">
    <p class='ocr_par' dir='ltr' id='par_1_30' title="bbox 2175 1432 3749 1506">
     <span class='ocr_line' id='line_1_30' title="bbox 2175 1432 3749 1506; baseline 0.004 -23"><span class='ocrx_word' id='word_1_235' title='bbox 2175 1432 2274 1502; x_wconf 75' lang='grc' dir='ltr'><strong>ἐμὲ</strong></span> <span class='ocrx_word' id='word_1_236' title='bbox 2297 1432 2533 1504; x_wconf 80' lang='grc' dir='ltr'>δέξηται,</span> <span class='ocrx_word' id='word_1_237' title='bbox 2553 1433 2762 1504; x_wconf 86' lang='grc' dir='ltr'>δέχεται</span> <span class='ocrx_word' id='word_1_238' title='bbox 2789 1435 2881 1487; x_wconf 87' lang='grc' dir='ltr'>τὸν</span> <span class='ocrx_word' id='word_1_239' title='bbox 2903 1436 3300 1490; x_wconf 82' lang='grc' dir='ltr'>ἀποστείλαντά</span> <span class='ocrx_word' id='word_1_240' title='bbox 3323 1454 3411 1506; x_wconf 86' lang='grc' dir='ltr'><strong>με.</strong></span> <span class='ocrx_word' id='word_1_241' title='bbox 3441 1455 3471 1488; x_wconf 26' lang='grc'><strong>»⁸</strong></span> <span class='ocrx_word' id='word_1_242' title='bbox 3503 1437 3561 1490; x_wconf 88' lang='lat'><strong>&#39;0</strong></span> <span class='ocrx_word' id='word_1_243' title='bbox 3582 1436 3639 1489; x_wconf 83' lang='grc' dir='ltr'>δὲ</span> <span class='ocrx_word' id='word_1_244' title='bbox 3663 1436 3749 1489; x_wconf 86' lang='grc' dir='ltr'>δε-</span> 
     </span>
    </p>
   </div>
   <div class='ocr_carea' id='block_1_31' title="bbox 2172 1521 3756 1598">
    <p class='ocr_par' dir='ltr' id='par_1_31' title="bbox 2172 1521 3756 1598">
     <span class='ocr_line' id='line_1_31' title="bbox 2172 1521 3756 1598; baseline 0.002 -22"><span class='ocrx_word' id='word_1_245' title='bbox 2172 1521 2407 1593; x_wconf 78' lang='grc' dir='ltr'>ξάμενος</span> <span class='ocrx_word' id='word_1_246' title='bbox 2437 1524 2498 1576; x_wconf 86' lang='grc' dir='ltr'>τὸ</span> <span class='ocrx_word' id='word_1_247' title='bbox 2534 1523 2777 1589; x_wconf 82' lang='grc' dir='ltr'>παιδίον,</span> <span class='ocrx_word' id='word_1_248' title='bbox 2814 1523 2910 1578; x_wconf 70' lang='grc' dir='ltr'><strong>καὶ</strong></span> <span class='ocrx_word' id='word_1_249' title='bbox 2949 1525 3039 1578; x_wconf 79' lang='grc' dir='ltr'>τὸν</span> <span class='ocrx_word' id='word_1_250' title='bbox 3079 1527 3329 1598; x_wconf 80' lang='grc' dir='ltr'>Σωτῆρα,</span> <span class='ocrx_word' id='word_1_251' title='bbox 3365 1527 3460 1579; x_wconf 74' lang='grc' dir='ltr'><strong>καὶ</strong></span> <span class='ocrx_word' id='word_1_252' title='bbox 3489 1527 3582 1579; x_wconf 77' lang='grc' dir='ltr'>τὸν</span> <span class='ocrx_word' id='word_1_253' title='bbox 3620 1527 3756 1580; x_wconf 84' lang='grc' dir='ltr'>ἀπο-</span> 
     </span>
    </p>
   </div>
   <div class='ocr_carea' id='block_1_32' title="bbox 2173 1616 3763 1689">
    <p class='ocr_par' dir='ltr' id='par_1_32' title="bbox 2173 1616 3763 1689">
     <span class='ocr_line' id='line_1_32' title="bbox 2173 1616 3763 1689; baseline -0.001 -17"><span class='ocrx_word' id='word_1_254' title='bbox 2173 1617 2463 1672; x_wconf 84' lang='grc' dir='ltr'>στείλαντα</span> <span class='ocrx_word' id='word_1_255' title='bbox 2493 1616 2677 1682; x_wconf 80' lang='grc' dir='ltr'>αὑτὸν,</span> <span class='ocrx_word' id='word_1_256' title='bbox 2715 1618 3038 1689; x_wconf 71' lang='grc' dir='ltr'>μικρότερός</span> <span class='ocrx_word' id='word_1_257' title='bbox 3065 1620 3212 1671; x_wconf 83' lang='grc' dir='ltr'>έστιν</span> <span class='ocrx_word' id='word_1_258' title='bbox 3251 1620 3309 1672; x_wconf 87' lang='grc' dir='ltr'>ὲν</span> <span class='ocrx_word' id='word_1_259' title='bbox 3335 1621 3469 1672; x_wconf 82' lang='grc' dir='ltr'>πᾶσι</span> <span class='ocrx_word' id='word_1_260' title='bbox 3501 1621 3614 1682; x_wconf 84' lang='grc' dir='ltr'>τοῖς</span> <span class='ocrx_word' id='word_1_261' title='bbox 3655 1617 3763 1688; x_wconf 73' lang='grc' dir='ltr'><strong>Ἰη-</strong></span> 
     </span>
    </p>
   </div>
   <div class='ocr_carea' id='block_1_33' title="bbox 2175 1709 3756 1782">
    <p class='ocr_par' dir='ltr' id='par_1_33' title="bbox 2175 1709 3756 1782">
     <span class='ocr_line' id='line_1_33' title="bbox 2175 1709 3756 1782; baseline 0 -18"><span class='ocrx_word' id='word_1_262' title='bbox 2175 1710 2269 1764; x_wconf 82' lang='grc' dir='ltr'>σοῦ</span> <span class='ocrx_word' id='word_1_263' title='bbox 2295 1709 2560 1782; x_wconf 84' lang='grc' dir='ltr'><strong>μαθηταῖς</strong></span> <span class='ocrx_word' id='word_1_264' title='bbox 2590 1709 2780 1763; x_wconf 72' lang='grc' dir='ltr'>ἑαυτόν</span> <span class='ocrx_word' id='word_1_265' title='bbox 2805 1711 3138 1782; x_wconf 81' lang='grc' dir='ltr'>σμι-κρύνων·</span> <span class='ocrx_word' id='word_1_266' title='bbox 3173 1713 3298 1765; x_wconf 83' lang='grc' dir='ltr'>ὅσον</span> <span class='ocrx_word' id='word_1_267' title='bbox 3321 1711 3376 1764; x_wconf 84' lang='grc' dir='ltr'>δὲ</span> <span class='ocrx_word' id='word_1_268' title='bbox 3406 1711 3597 1764; x_wconf 77' lang='grc' dir='ltr'>ἑαυτὸν</span> <span class='ocrx_word' id='word_1_269' title='bbox 3628 1727 3756 1781; x_wconf 82' lang='grc' dir='ltr'>σμι-</span> 
     </span>
    </p>
   </div>
   <div class='ocr_carea' id='block_1_34' title="bbox 493 1791 2066 1874">
    <p class='ocr_par' dir='ltr' id='par_1_34' title="bbox 493 1799 2066 1868">
     <span class='ocr_line' id='line_1_34' title="bbox 493 1799 2066 1868; baseline 0.006 -19"><span class='ocrx_word' id='word_1_270' title='bbox 493 1811 602 1863; x_wconf 92' lang='lat' dir='ltr'><strong>que</strong></span> <span class='ocrx_word' id='word_1_271' title='bbox 635 1811 666 1850; x_wconf 92' lang='lat' dir='ltr'><strong>a</strong></span> <span class='ocrx_word' id='word_1_272' title='bbox 696 1812 805 1866; x_wconf 89' lang='lat' dir='ltr'><strong>quo</strong></span> <span class='ocrx_word' id='word_1_273' title='bbox 839 1799 1040 1854; x_wconf 90' lang='lat' dir='ltr'><strong>missus</strong></span> <span class='ocrx_word' id='word_1_274' title='bbox 1071 1800 1161 1853; x_wconf 90' lang='lat' dir='ltr'><strong>ille</strong></span> <span class='ocrx_word' id='word_1_275' title='bbox 1191 1809 1295 1867; x_wconf 91' lang='lat' dir='ltr'><strong>cst,</strong></span> <span class='ocrx_word' id='word_1_276' title='bbox 1320 1801 1642 1868; x_wconf 87' lang='lat' dir='ltr'><strong>susceperit,</strong></span> <span class='ocrx_word' id='word_1_277' title='bbox 1663 1801 1924 1857; x_wconf 86' lang='lat' dir='ltr'><strong>omnibus</strong></span> <span class='ocrx_word' id='word_1_278' title='bbox 1937 1801 2066 1858; x_wconf 88' lang='lat' dir='ltr'><strong>Jesu</strong></span> 
     </span>
    </p>
   </div>
   <div class='ocr_carea' id='block_1_35' title="bbox 2171 1791 3762 1874">
    <p class='ocr_par' dir='ltr' id='par_1_35' title="bbox 2173 1800 3762 1874">
     <span class='ocr_line' id='line_1_35' title="bbox 2173 1800 3762 1874; baseline 0.002 -19"><span class='ocrx_word' id='word_1_279' title='bbox 2173 1801 2390 1874; x_wconf 73' lang='grc' dir='ltr'>κρῦνει,</span> <span class='ocrx_word' id='word_1_280' title='bbox 2412 1800 2664 1856; x_wconf 79' lang='grc' dir='ltr'>τοσοῦτον</span> <span class='ocrx_word' id='word_1_281' title='bbox 2695 1803 2906 1872; x_wconf 88' lang='grc' dir='ltr'>γίνεται</span> <span class='ocrx_word' id='word_1_282' title='bbox 2930 1804 3122 1874; x_wconf 82' lang='grc' dir='ltr'>μέγας,</span> <span class='ocrx_word' id='word_1_283' title='bbox 3146 1803 3308 1856; x_wconf 77' lang='grc' dir='ltr'>αὑτοῦ</span> <span class='ocrx_word' id='word_1_284' title='bbox 3333 1803 3426 1856; x_wconf 78' lang='grc' dir='ltr'><strong>τοῦ</strong></span> <span class='ocrx_word' id='word_1_285' title='bbox 3453 1803 3551 1856; x_wconf 65' lang='grc' dir='ltr'><strong>ἐπὶ</strong></span> <span class='ocrx_word' id='word_1_286' title='bbox 3573 1802 3762 1859; x_wconf 60' lang='grc' dir='ltr'>πλεῖον</span> 
     </span>
    </p>
   </div>
   <div class='ocr_carea' id='block_1_36' title="bbox 493 1887 2067 1963">
    <p class='ocr_par' dir='ltr' id='par_1_36' title="bbox 493 1887 2067 1963">
     <span class='ocr_line' id='line_1_36' title="bbox 493 1887 2067 1963; baseline 0.006 -22"><span class='ocrx_word' id='word_1_287' title='bbox 493 1887 778 1958; x_wconf 84' lang='lat' dir='ltr'><strong>discipulis</strong></span> <span class='ocrx_word' id='word_1_288' title='bbox 810 1889 993 1944; x_wconf 87' lang='lat' dir='ltr'><strong>minor</strong></span> <span class='ocrx_word' id='word_1_289' title='bbox 1017 1899 1130 1956; x_wconf 76' lang='lat' dir='ltr'><strong>est,</strong></span> <span class='ocrx_word' id='word_1_290' title='bbox 1153 1906 1276 1945; x_wconf 91' lang='lat' dir='ltr'><strong>cum</strong></span> <span class='ocrx_word' id='word_1_291' title='bbox 1313 1907 1538 1962; x_wconf 88' lang='lat' dir='ltr'><strong>parvum</strong></span> <span class='ocrx_word' id='word_1_292' title='bbox 1572 1908 1630 1948; x_wconf 91' lang='lat' dir='ltr'><strong>se</strong></span> <span class='ocrx_word' id='word_1_293' title='bbox 1655 1893 1772 1963; x_wconf 88' lang='lat' dir='ltr'><strong>ipse</strong></span> <span class='ocrx_word' id='word_1_294' title='bbox 1807 1893 2067 1962; x_wconf 80' lang='lat' dir='ltr'><strong>exhibet;</strong></span> 
     </span>
    </p>
   </div>
   <div class='ocr_carea' id='block_1_37' title="bbox 493 1981 2063 2055">
    <p class='ocr_par' dir='ltr' id='par_1_37' title="bbox 493 1981 2063 2055">
     <span class='ocr_line' id='line_1_37' title="bbox 493 1981 2063 2055; baseline 0.005 -23"><span class='ocrx_word' id='word_1_295' title='bbox 493 1986 552 2034; x_wconf 89' lang='lat' dir='ltr'><strong>at</strong></span> <span class='ocrx_word' id='word_1_296' title='bbox 579 1989 785 2048; x_wconf 88' lang='lat' dir='ltr'><strong>quanto</strong></span> <span class='ocrx_word' id='word_1_297' title='bbox 805 1981 1071 2036; x_wconf 89' lang='lat' dir='ltr'><strong>minorem</strong></span> <span class='ocrx_word' id='word_1_298' title='bbox 1108 1997 1167 2037; x_wconf 93' lang='lat' dir='ltr'><strong>se</strong></span> <span class='ocrx_word' id='word_1_299' title='bbox 1198 1982 1313 2051; x_wconf 88' lang='lat' dir='ltr'><strong>ipse</strong></span> <span class='ocrx_word' id='word_1_300' title='bbox 1341 1983 1669 2047; x_wconf 74' lang='lat' dir='ltr'><strong>exhibuerit,</strong></span> <span class='ocrx_word' id='word_1_301' title='bbox 1689 1999 1757 2040; x_wconf 89' lang='lat' dir='ltr'><strong>eo</strong></span> <span class='ocrx_word' id='word_1_302' title='bbox 1785 1986 1959 2055; x_wconf 83' lang='lat' dir='ltr'><strong>major</strong></span> <span class='ocrx_word' id='word_1_303' title='bbox 1985 1985 2063 2052; x_wconf 77' lang='lat' dir='ltr'><strong>ﬁt,</strong></span> 
     </span>
    </p>
   </div>
   <div class='ocr_carea' id='block_1_38' title="bbox 496 2071 2066 2144">
    <p class='ocr_par' dir='ltr' id='par_1_38' title="bbox 496 2071 2066 2144">
     <span class='ocr_line' id='line_1_38' title="bbox 496 2071 2066 2144; baseline 0.006 -22"><span class='ocrx_word' id='word_1_304' title='bbox 496 2071 674 2138; x_wconf 85' lang='lat' dir='ltr'><strong>majus</strong></span> <span class='ocrx_word' id='word_1_305' title='bbox 705 2071 782 2125; x_wconf 89' lang='lat' dir='ltr'><strong>illi</strong></span> <span class='ocrx_word' id='word_1_306' title='bbox 817 2071 1216 2128; x_wconf 83' lang='lat' dir='ltr'><strong>incrementum</strong></span> <span class='ocrx_word' id='word_1_307' title='bbox 1252 2073 1417 2130; x_wconf 88' lang='lat' dir='ltr'><strong>dante</strong></span> <span class='ocrx_word' id='word_1_308' title='bbox 1438 2089 1504 2129; x_wconf 89' lang='lat' dir='ltr'><strong>eo</strong></span> <span class='ocrx_word' id='word_1_309' title='bbox 1529 2076 1622 2144; x_wconf 86' lang='lat' dir='ltr'><strong>qui</strong></span> <span class='ocrx_word' id='word_1_310' title='bbox 1653 2083 1712 2130; x_wconf 85' lang='lat' dir='ltr'><strong>ut</strong></span> <span class='ocrx_word' id='word_1_311' title='bbox 1739 2091 1965 2144; x_wconf 90' lang='lat' dir='ltr'><strong>parvum</strong></span> <span class='ocrx_word' id='word_1_312' title='bbox 2005 2092 2066 2132; x_wconf 79' lang='lat' dir='ltr'><strong>se</strong></span> 
     </span>
    </p>
   </div>
   <div class='ocr_carea' id='block_1_39' title="bbox 492 2161 2063 2230">
    <p class='ocr_par' dir='ltr' id='par_1_39' title="bbox 492 2161 2063 2230">
     <span class='ocr_line' id='line_1_39' title="bbox 492 2161 2063 2230; baseline 0.006 -16"><span class='ocrx_word' id='word_1_313' title='bbox 492 2161 610 2228; x_wconf 89' lang='lat' dir='ltr'><strong>ipse</strong></span> <span class='ocrx_word' id='word_1_314' title='bbox 631 2162 896 2230; x_wconf 79' lang='lat' dir='ltr'><strong>praeberet</strong></span> <span class='ocrx_word' id='word_1_315' title='bbox 923 2161 1119 2218; x_wconf 75' lang='lat' dir='ltr'><strong>eli‘ecit.</strong></span> <span class='ocrx_word' id='word_1_316' title='bbox 1145 2161 1406 2219; x_wconf 80' lang='lat' dir='ltr'><strong>Animum</strong></span> <span class='ocrx_word' id='word_1_317' title='bbox 1425 2165 1570 2220; x_wconf 89' lang='lat' dir='ltr'><strong>enim</strong></span> <span class='ocrx_word' id='word_1_318' title='bbox 1596 2167 1663 2220; x_wconf 86' lang='lat' dir='ltr'><strong>ad</strong></span> <span class='ocrx_word' id='word_1_319' title='bbox 1685 2165 1740 2221; x_wconf 87' lang='lat' dir='ltr'><strong>id</strong></span> <span class='ocrx_word' id='word_1_320' title='bbox 1764 2166 1982 2223; x_wconf 80' lang='lat' dir='ltr'><strong>adverte</strong></span> <span class='ocrx_word' id='word_1_321' title='bbox 1993 2167 2063 2223; x_wconf 72' lang='grc' dir='ltr'><strong>⁸³ι</strong></span> 
     </span>
    </p>
   </div>
   <div class='ocr_carea' id='block_1_40' title="bbox 496 2250 2065 2330">
    <p class='ocr_par' dir='ltr' id='par_1_40' title="bbox 496 2250 2065 2330">
     <span class='ocr_line' id='line_1_40' title="bbox 496 2250 2065 2330; baseline 0.007 -26"><span class='ocrx_word' id='word_1_322' title='bbox 496 2269 515 2304; x_wconf 80' lang='grc' dir='ltr'><strong>ι</strong></span> <span class='ocrx_word' id='word_1_323' title='bbox 544 2250 679 2307; x_wconf 87' lang='lat' dir='ltr'><strong>Nam</strong></span> <span class='ocrx_word' id='word_1_324' title='bbox 712 2254 805 2323; x_wconf 91' lang='lat' dir='ltr'><strong>qui</strong></span> <span class='ocrx_word' id='word_1_325' title='bbox 835 2254 1015 2309; x_wconf 88' lang='lat' dir='ltr'><strong>minor</strong></span> <span class='ocrx_word' id='word_1_326' title='bbox 1044 2263 1128 2310; x_wconf 88' lang='lat' dir='ltr'><strong>est</strong></span> <span class='ocrx_word' id='word_1_327' title='bbox 1174 2255 1317 2310; x_wconf 86' lang='lat' dir='ltr'><strong>inter</strong></span> <span class='ocrx_word' id='word_1_328' title='bbox 1363 2271 1459 2312; x_wconf 81' lang='lat' dir='ltr'><strong>vos</strong></span> <span class='ocrx_word' id='word_1_329' title='bbox 1512 2272 1726 2324; x_wconf 87' lang='lat' dir='ltr'><strong>omnes,</strong></span> <span class='ocrx_word' id='word_1_330' title='bbox 1761 2259 1849 2314; x_wconf 86' lang='lat' dir='ltr'><strong>hic</strong></span> <span class='ocrx_word' id='word_1_331' title='bbox 1889 2261 2065 2330; x_wconf 84' lang='lat' dir='ltr'><strong>major</strong></span> 
     </span>
    </p>
   </div>
   <div class='ocr_carea' id='block_1_41' title="bbox 483 2343 2064 2420">
    <p class='ocr_par' dir='ltr' id='par_1_41' title="bbox 483 2343 2064 2420">
     <span class='ocr_line' id='line_1_41' title="bbox 483 2343 2064 2420; baseline 0.006 -23"><span class='ocrx_word' id='word_1_332' title='bbox 483 2351 611 2408; x_wconf 90' lang='lat' dir='ltr'><strong>cst;</strong></span> <span class='ocrx_word' id='word_1_333' title='bbox 644 2361 663 2396; x_wconf 76' lang='grc' dir='ltr'><strong>ι</strong></span> <span class='ocrx_word' id='word_1_334' title='bbox 703 2343 934 2414; x_wconf 88' lang='lat' dir='ltr'><strong>legimus</strong></span> <span class='ocrx_word' id='word_1_335' title='bbox 979 2359 1198 2416; x_wconf 90' lang='lat' dir='ltr'><strong>quoque</strong></span> <span class='ocrx_word' id='word_1_336' title='bbox 1238 2346 1292 2401; x_wconf 90' lang='lat' dir='ltr'><strong>in</strong></span> <span class='ocrx_word' id='word_1_337' title='bbox 1335 2347 1480 2415; x_wconf 88' lang='lat' dir='ltr'><strong>aliis,</strong></span> <span class='ocrx_word' id='word_1_338' title='bbox 1521 2367 1539 2401; x_wconf 83' lang='grc' dir='ltr'><strong>ι</strong></span> <span class='ocrx_word' id='word_1_339' title='bbox 1573 2349 1750 2420; x_wconf 87' lang='lat' dir='ltr'><strong>major</strong></span> <span class='ocrx_word' id='word_1_340' title='bbox 1781 2352 1918 2418; x_wconf 89' lang='lat' dir='ltr'><strong>erit;</strong></span> <span class='ocrx_word' id='word_1_341' title='bbox 1956 2371 1975 2404; x_wconf 74' lang='grc' dir='ltr'><strong>ι</strong></span> <span class='ocrx_word' id='word_1_342' title='bbox 2008 2359 2064 2406; x_wconf 74' lang='lat' dir='ltr'><strong>at</strong></span> 
     </span>
    </p>
   </div>
   <div class='ocr_carea' id='block_1_42' title="bbox 481 2431 2060 2512">
    <p class='ocr_par' dir='ltr' id='par_1_42' title="bbox 481 2431 2060 2512">
     <span class='ocr_line' id='line_1_42' title="bbox 481 2431 2060 2512; baseline 0.008 -28"><span class='ocrx_word' id='word_1_343' title='bbox 481 2433 637 2500; x_wconf 79' lang='lat' dir='ltr'><strong>juxta</strong></span> <span class='ocrx_word' id='word_1_344' title='bbox 675 2431 877 2489; x_wconf 87' lang='lat' dir='ltr'><strong>Lucam</strong></span> <span class='ocrx_word' id='word_1_345' title='bbox 901 2435 986 2491; x_wconf 62' lang='lat'><strong>3‘:</strong></span> <span class='ocrx_word' id='word_1_346' title='bbox 1024 2454 1042 2488; x_wconf 85' lang='grc' dir='ltr'><strong>ι</strong></span> <span class='ocrx_word' id='word_1_347' title='bbox 1077 2435 1134 2490; x_wconf 91' lang='lat' dir='ltr'><strong>Si</strong></span> <span class='ocrx_word' id='word_1_348' title='bbox 1175 2437 1299 2508; x_wconf 88' lang='lat' dir='ltr'><strong>quis</strong></span> <span class='ocrx_word' id='word_1_349' title='bbox 1345 2454 1452 2493; x_wconf 87' lang='lat' dir='ltr'><strong>non</strong></span> <span class='ocrx_word' id='word_1_350' title='bbox 1506 2441 1778 2510; x_wconf 88' lang='lat' dir='ltr'><strong>acceperit</strong></span> <span class='ocrx_word' id='word_1_351' title='bbox 1832 2458 2060 2512; x_wconf 82' lang='lat' dir='ltr'><strong>regnum</strong></span> 
     </span>
    </p>
   </div>
   <div class='ocr_carea' id='block_1_43' title="bbox 481 2520 2060 2606">
    <p class='ocr_par' dir='ltr' id='par_1_43' title="bbox 481 2520 2060 2606">
     <span class='ocr_line' id='line_1_43' title="bbox 481 2520 2060 2606; baseline 0.009 -31"><span class='ocrx_word' id='word_1_352' title='bbox 481 2520 584 2578; x_wconf 88' lang='lat' dir='ltr'><strong>Dei</strong></span> <span class='ocrx_word' id='word_1_353' title='bbox 613 2525 755 2581; x_wconf 91' lang='lat' dir='ltr'><strong>sicut</strong></span> <span class='ocrx_word' id='word_1_354' title='bbox 789 2543 942 2597; x_wconf 87' lang='lat' dir='ltr'><strong>puer,</strong></span> <span class='ocrx_word' id='word_1_355' title='bbox 979 2545 1088 2585; x_wconf 92' lang='lat' dir='ltr'><strong>non</strong></span> <span class='ocrx_word' id='word_1_356' title='bbox 1125 2530 1352 2588; x_wconf 86' lang='lat' dir='ltr'><strong>intrabit</strong></span> <span class='ocrx_word' id='word_1_357' title='bbox 1397 2532 1452 2587; x_wconf 92' lang='lat' dir='ltr'><strong>in</strong></span> <span class='ocrx_word' id='word_1_358' title='bbox 1501 2533 1632 2587; x_wconf 90' lang='lat' dir='ltr'><strong>illud</strong></span> <span class='ocrx_word' id='word_1_359' title='bbox 1661 2552 1675 2588; x_wconf 91' lang='lat'>:</span> <span class='ocrx_word' id='word_1_360' title='bbox 1710 2553 1730 2586; x_wconf 74' lang='grc' dir='ltr'><strong>ι</strong></span> <span class='ocrx_word' id='word_1_361' title='bbox 1767 2535 2060 2606; x_wconf 87' lang='lat' dir='ltr'><strong>ambiguus</strong></span> 
     </span>
    </p>
   </div>
   <div class='ocr_carea' id='block_1_44' title="bbox 486 2616 2059 2695">
    <p class='ocr_par' dir='ltr' id='par_1_44' title="bbox 486 2616 2059 2695">
     <span class='ocr_line' id='line_1_44' title="bbox 486 2616 2059 2695; baseline 0.01 -30"><span class='ocrx_word' id='word_1_362' title='bbox 486 2627 616 2668; x_wconf 84' lang='lat' dir='ltr'><strong>vero</strong></span> <span class='ocrx_word' id='word_1_363' title='bbox 644 2625 726 2670; x_wconf 88' lang='lat' dir='ltr'><strong>est</strong></span> <span class='ocrx_word' id='word_1_364' title='bbox 756 2616 845 2672; x_wconf 89' lang='lat' dir='ltr'><strong>ille</strong></span> <span class='ocrx_word' id='word_1_365' title='bbox 883 2633 1084 2686; x_wconf 89' lang='lat' dir='ltr'><strong>sermo,</strong></span> <span class='ocrx_word' id='word_1_366' title='bbox 1123 2621 1206 2675; x_wconf 85' lang='lat' dir='ltr'><strong>vel</strong></span> <span class='ocrx_word' id='word_1_367' title='bbox 1252 2621 1398 2678; x_wconf 89' lang='lat' dir='ltr'><strong>enim</strong></span> <span class='ocrx_word' id='word_1_368' title='bbox 1446 2631 1505 2677; x_wconf 91' lang='lat' dir='ltr'><strong>ut</strong></span> <span class='ocrx_word' id='word_1_369' title='bbox 1548 2623 1643 2693; x_wconf 91' lang='lat' dir='ltr'><strong>qui</strong></span> <span class='ocrx_word' id='word_1_370' title='bbox 1691 2639 1918 2695; x_wconf 80' lang='lat' dir='ltr'><strong>regnum</strong></span> <span class='ocrx_word' id='word_1_371' title='bbox 1964 2624 2059 2681; x_wconf 87' lang='lat' dir='ltr'><strong>Dei</strong></span> 
     </span>
    </p>
   </div>
   <div class='ocr_carea' id='block_1_45' title="bbox 484 2704 2060 2783">
    <p class='ocr_par' dir='ltr' id='par_1_45' title="bbox 484 2704 2060 2783">
     <span class='ocr_line' id='line_1_45' title="bbox 484 2704 2060 2783; baseline 0.009 -27"><span class='ocrx_word' id='word_1_372' title='bbox 484 2704 710 2773; x_wconf 88' lang='lat' dir='ltr'><strong>accipit,</strong></span> <span class='ocrx_word' id='word_1_373' title='bbox 745 2722 914 2775; x_wconf 86' lang='lat' dir='ltr'><strong>puero</strong></span> <span class='ocrx_word' id='word_1_374' title='bbox 940 2708 1135 2764; x_wconf 88' lang='lat' dir='ltr'><strong>similis</strong></span> <span class='ocrx_word' id='word_1_375' title='bbox 1159 2709 1442 2778; x_wconf 79' lang='lat' dir='ltr'><strong>eﬂiciatur,</strong></span> <span class='ocrx_word' id='word_1_376' title='bbox 1474 2713 1553 2767; x_wconf 89' lang='lat' dir='ltr'><strong>vel</strong></span> <span class='ocrx_word' id='word_1_377' title='bbox 1602 2721 1662 2767; x_wconf 91' lang='lat' dir='ltr'><strong>ut</strong></span> <span class='ocrx_word' id='word_1_378' title='bbox 1700 2728 1927 2783; x_wconf 83' lang='lat' dir='ltr'><strong>regnum</strong></span> <span class='ocrx_word' id='word_1_379' title='bbox 1962 2712 2060 2770; x_wconf 86' lang='lat' dir='ltr'><strong>Dei</strong></span> 
     </span>
    </p>
   </div>
   <div class='ocr_carea' id='block_1_46' title="bbox 485 2795 2058 2875">
    <p class='ocr_par' dir='ltr' id='par_1_46' title="bbox 485 2795 2058 2875">
     <span class='ocr_line' id='line_1_46' title="bbox 485 2795 2058 2875; baseline 0.008 -26"><span class='ocrx_word' id='word_1_380' title='bbox 485 2795 563 2849; x_wconf 84' lang='lat' dir='ltr'><strong>illi</strong></span> <span class='ocrx_word' id='word_1_381' title='bbox 599 2813 766 2866; x_wconf 88' lang='lat' dir='ltr'><strong>puero</strong></span> <span class='ocrx_word' id='word_1_382' title='bbox 801 2799 978 2854; x_wconf 91' lang='lat' dir='ltr'><strong>simile</strong></span> <span class='ocrx_word' id='word_1_383' title='bbox 1004 2801 1252 2856; x_wconf 72' lang='lat' dir='ltr'><strong>eﬂ‘ectum</strong></span> <span class='ocrx_word' id='word_1_384' title='bbox 1287 2803 1532 2873; x_wconf 88' lang='lat' dir='ltr'><strong>recipiat.</strong></span> <span class='ocrx_word' id='word_1_385' title='bbox 1572 2803 1638 2860; x_wconf 88' lang='lat' dir='ltr'><strong>Et</strong></span> <span class='ocrx_word' id='word_1_386' title='bbox 1675 2804 1770 2874; x_wconf 90' lang='lat' dir='ltr'><strong>qni</strong></span> <span class='ocrx_word' id='word_1_387' title='bbox 1827 2821 2058 2875; x_wconf 83' lang='lat' dir='ltr'><strong>regnum</strong></span> 
     </span>
    </p>
   </div>
   <div class='ocr_carea' id='block_1_47' title="bbox 483 2890 2093 2968">
    <p class='ocr_par' dir='ltr' id='par_1_47' title="bbox 483 2890 2093 2968">
     <span class='ocr_line' id='line_1_47' title="bbox 483 2890 2093 2968; baseline 0.007 -25"><span class='ocrx_word' id='word_1_388' title='bbox 483 2890 580 2944; x_wconf 85' lang='lat' dir='ltr'><strong>Dei</strong></span> <span class='ocrx_word' id='word_1_389' title='bbox 619 2891 706 2946; x_wconf 91' lang='lat' dir='ltr'><strong>hic</strong></span> <span class='ocrx_word' id='word_1_390' title='bbox 738 2894 1028 2963; x_wconf 87' lang='lat' dir='ltr'><strong>recipiunt,</strong></span> <span class='ocrx_word' id='word_1_391' title='bbox 1062 2896 1198 2951; x_wconf 88' lang='lat' dir='ltr'><strong>illud</strong></span> <span class='ocrx_word' id='word_1_392' title='bbox 1233 2897 1465 2954; x_wconf 77' lang='lat' dir='ltr'><strong>fortasse</strong></span> <span class='ocrx_word' id='word_1_393' title='bbox 1487 2913 1660 2968; x_wconf 90' lang='lat' dir='ltr'><strong>puero</strong></span> <span class='ocrx_word' id='word_1_394' title='bbox 1687 2897 1869 2953; x_wconf 91' lang='lat' dir='ltr'><strong>simile</strong></span> <span class='ocrx_word' id='word_1_395' title='bbox 1919 2899 2093 2956; x_wconf 79' lang='lat' dir='ltr'><strong>reci--</strong></span> 
     </span>
    </p>
   </div>
   <div class='ocr_carea' id='block_1_48' title="bbox 482 2982 2057 3061">
    <p class='ocr_par' dir='ltr' id='par_1_48' title="bbox 482 2982 2057 3061">
     <span class='ocr_line' id='line_1_48' title="bbox 482 2982 2057 3061; baseline 0.007 -26"><span class='ocrx_word' id='word_1_396' title='bbox 482 2982 664 3050; x_wconf 86' lang='lat' dir='ltr'><strong>piunt,</strong></span> <span class='ocrx_word' id='word_1_397' title='bbox 699 2985 754 3039; x_wconf 91' lang='lat' dir='ltr'><strong>in</strong></span> <span class='ocrx_word' id='word_1_398' title='bbox 788 2986 972 3042; x_wconf 82' lang='lat' dir='ltr'><strong>futuro</strong></span> <span class='ocrx_word' id='word_1_399' title='bbox 1002 2999 1183 3045; x_wconf 88' lang='lat' dir='ltr'><strong>autem</strong></span> <span class='ocrx_word' id='word_1_400' title='bbox 1215 2991 1380 3061; x_wconf 77' lang='lat'><strong>598</strong></span> <span class='ocrx_word' id='word_1_401' title='bbox 1408 2992 1609 3046; x_wconf 66' lang='lat' dir='ltr'><strong>seculo</strong></span> <span class='ocrx_word' id='word_1_402' title='bbox 1639 3005 1748 3046; x_wconf 90' lang='lat' dir='ltr'><strong>non</strong></span> <span class='ocrx_word' id='word_1_403' title='bbox 1779 2991 1896 3061; x_wconf 88' lang='lat' dir='ltr'><strong>jam</strong></span> <span class='ocrx_word' id='word_1_404' title='bbox 1939 3007 2057 3046; x_wconf 85' lang='lat' dir='ltr'><strong>am-</strong></span> 
     </span>
    </p>
   </div>
   <div class='ocr_carea' id='block_1_49' title="bbox 483 3074 2058 3153">
    <p class='ocr_par' dir='ltr' id='par_1_49' title="bbox 483 3074 2058 3153">
     <span class='ocr_line' id='line_1_49' title="bbox 483 3074 2058 3153; baseline 0.008 -27"><span class='ocrx_word' id='word_1_405' title='bbox 483 3074 631 3142; x_wconf 80' lang='lat' dir='ltr'><strong>plius</strong></span> <span class='ocrx_word' id='word_1_406' title='bbox 659 3092 827 3144; x_wconf 92' lang='lat' dir='ltr'><strong>puero</strong></span> <span class='ocrx_word' id='word_1_407' title='bbox 867 3079 1046 3135; x_wconf 89' lang='lat' dir='ltr'><strong>simile</strong></span> <span class='ocrx_word' id='word_1_408' title='bbox 1077 3097 1091 3146; x_wconf 92' lang='lat'><strong>;</strong></span> <span class='ocrx_word' id='word_1_409' title='bbox 1124 3090 1178 3136; x_wconf 91' lang='lat' dir='ltr'><strong>et</strong></span> <span class='ocrx_word' id='word_1_410' title='bbox 1211 3083 1640 3152; x_wconf 79' lang='lat' dir='ltr'><strong>magnitudinem</strong></span> <span class='ocrx_word' id='word_1_411' title='bbox 1688 3093 2058 3153; x_wconf 81' lang='lat' dir='ltr'><strong>assequuntur</strong></span> 
     </span>
    </p>
   </div>
   <div class='ocr_carea' id='block_1_50' title="bbox 2174 1893 3755 1966">
    <p class='ocr_par' dir='ltr' id='par_1_50' title="bbox 2174 1893 3755 1966">
     <span class='ocr_line' id='line_1_50' title="bbox 2174 1893 3755 1966; baseline 0 -19"><span class='ocrx_word' id='word_1_412' title='bbox 2174 1893 2496 1965; x_wconf 78' lang='grc' dir='ltr'>σμικρύνειν</span> <span class='ocrx_word' id='word_1_413' title='bbox 2542 1893 2725 1960; x_wconf 77' lang='grc' dir='ltr'>αὑτὸν,</span> <span class='ocrx_word' id='word_1_414' title='bbox 2753 1895 2856 1949; x_wconf 74' lang='grc' dir='ltr'><strong>καὶ</strong></span> <span class='ocrx_word' id='word_1_415' title='bbox 2886 1894 3164 1957; x_wconf 79' lang='grc' dir='ltr'>ποιοῦντος</span> <span class='ocrx_word' id='word_1_416' title='bbox 3209 1895 3502 1948; x_wconf 72' lang='grc' dir='ltr'>ἐπιδιδόναι</span> <span class='ocrx_word' id='word_1_417' title='bbox 3533 1897 3616 1958; x_wconf 83' lang='grc' dir='ltr'><strong>είς</strong></span> <span class='ocrx_word' id='word_1_418' title='bbox 3661 1896 3755 1966; x_wconf 81' lang='grc' dir='ltr'>μέ-</span> 
     </span>
    </p>
   </div>
   <div class='ocr_carea' id='block_1_51' title="bbox 2170 1985 3756 2058">
    <p class='ocr_par' dir='ltr' id='par_1_51' title="bbox 2170 1985 3756 2058">
     <span class='ocr_line' id='line_1_51' title="bbox 2170 1985 3756 2058; baseline 0.001 -20"><span class='ocrx_word' id='word_1_419' title='bbox 2170 1985 2330 2055; x_wconf 87' lang='grc' dir='ltr'>γεθος</span> <span class='ocrx_word' id='word_1_420' title='bbox 2349 2004 2363 2018; x_wconf 78' lang='grc' dir='ltr'>ο</span> <span class='ocrx_word' id='word_1_421' title='bbox 2399 1987 2635 2058; x_wconf 87' lang='grc' dir='ltr'>πρόσχες</span> <span class='ocrx_word' id='word_1_422' title='bbox 2666 1987 2776 2058; x_wconf 84' lang='grc' dir='ltr'><strong>γὰρ</strong></span> <span class='ocrx_word' id='word_1_423' title='bbox 2807 1986 2883 2057; x_wconf 81' lang='grc' dir='ltr'>τῷ</span> <span class='ocrx_word' id='word_1_424' title='bbox 2903 2003 2918 2018; x_wconf 76' lang='grc'><strong><em>⁸</em></strong></span> <span class='ocrx_word' id='word_1_425' title='bbox 2963 2006 2982 2038; x_wconf 81' lang='grc' dir='ltr'><strong>ι</strong></span> <span class='ocrx_word' id='word_1_426' title='bbox 3043 1986 3100 2040; x_wconf 87' lang='lat'><strong>&#39;0</strong></span> <span class='ocrx_word' id='word_1_427' title='bbox 3133 1988 3456 2058; x_wconf 85' lang='grc' dir='ltr'>μικρότερος</span> <span class='ocrx_word' id='word_1_428' title='bbox 3488 1988 3547 2041; x_wconf 78' lang='grc' dir='ltr'>ἐν</span> <span class='ocrx_word' id='word_1_429' title='bbox 3591 1991 3756 2042; x_wconf 76' lang='grc' dir='ltr'>πᾶσιν</span> 
     </span>
    </p>
   </div>
   <div class='ocr_carea' id='block_1_52' title="bbox 2172 2070 3752 2148">
    <p class='ocr_par' dir='ltr' id='par_1_52' title="bbox 2172 2070 3752 2148">
     <span class='ocr_line' id='line_1_52' title="bbox 2172 2070 3752 2148; baseline -0.001 -17"><span class='ocrx_word' id='word_1_430' title='bbox 2172 2078 2301 2148; x_wconf 83' lang='grc' dir='ltr'>ὑμῖν</span> <span class='ocrx_word' id='word_1_431' title='bbox 2335 2077 2619 2148; x_wconf 85' lang='grc' dir='ltr'><strong>ὑπάρχων,</strong></span> <span class='ocrx_word' id='word_1_432' title='bbox 2645 2070 2802 2140; x_wconf 73' lang='grc' dir='ltr'>οὗτός</span> <span class='ocrx_word' id='word_1_433' title='bbox 2834 2078 2950 2130; x_wconf 81' lang='grc' dir='ltr'>ἐστι</span> <span class='ocrx_word' id='word_1_434' title='bbox 2979 2076 3171 2148; x_wconf 82' lang='grc' dir='ltr'>μέγας.</span> <span class='ocrx_word' id='word_1_435' title='bbox 3205 2097 3224 2128; x_wconf 74' lang='grc' dir='ltr'><strong>ι</strong></span> <span class='ocrx_word' id='word_1_436' title='bbox 3273 2077 3611 2147; x_wconf 78' lang='grc' dir='ltr'>Ἀνέγνωμεν</span> <span class='ocrx_word' id='word_1_437' title='bbox 3643 2076 3752 2148; x_wconf 71' lang='grc'><strong>(42)</strong></span> 
     </span>
    </p>
   </div>
   <div class='ocr_carea' id='block_1_53' title="bbox 2169 2166 3752 2238">
    <p class='ocr_par' dir='ltr' id='par_1_53' title="bbox 2169 2166 3752 2238">
     <span class='ocr_line' id='line_1_53' title="bbox 2169 2166 3752 2238; baseline 0 -17"><span class='ocrx_word' id='word_1_438' title='bbox 2169 2169 2228 2222; x_wconf 79' lang='grc' dir='ltr'>δὲ</span> <span class='ocrx_word' id='word_1_439' title='bbox 2260 2167 2355 2222; x_wconf 71' lang='grc' dir='ltr'><strong>καὶ</strong></span> <span class='ocrx_word' id='word_1_440' title='bbox 2374 2171 2434 2222; x_wconf 81' lang='grc' dir='ltr'>ὲν</span> <span class='ocrx_word' id='word_1_441' title='bbox 2466 2167 2666 2232; x_wconf 83' lang='grc' dir='ltr'>ἄλλοις,</span> <span class='ocrx_word' id='word_1_442' title='bbox 2702 2167 2812 2221; x_wconf 83' lang='grc' dir='ltr'>καί·</span> <span class='ocrx_word' id='word_1_443' title='bbox 2855 2187 2876 2218; x_wconf 73' lang='grc' dir='ltr'><strong>ι</strong></span> <span class='ocrx_word' id='word_1_444' title='bbox 2906 2168 3099 2220; x_wconf 86' lang='grc' dir='ltr'>Ἔσται</span> <span class='ocrx_word' id='word_1_445' title='bbox 3123 2167 3320 2238; x_wconf 83' lang='grc' dir='ltr'>μέγας·</span> <span class='ocrx_word' id='word_1_446' title='bbox 3353 2184 3381 2218; x_wconf 71' lang='grc' dir='ltr'>ι-</span> <span class='ocrx_word' id='word_1_447' title='bbox 3407 2166 3549 2220; x_wconf 79' lang='grc' dir='ltr'>κατὰ</span> <span class='ocrx_word' id='word_1_448' title='bbox 3580 2167 3637 2219; x_wconf 84' lang='grc' dir='ltr'>δὲ</span> <span class='ocrx_word' id='word_1_449' title='bbox 3663 2167 3752 2222; x_wconf 79' lang='grc' dir='ltr'>τὸν</span> 
     </span>
    </p>
   </div>
   <div class='ocr_carea' id='block_1_54' title="bbox 2169 2256 3756 2332">
    <p class='ocr_par' dir='ltr' id='par_1_54' title="bbox 2169 2256 3756 2332">
     <span class='ocr_line' id='line_1_54' title="bbox 2169 2256 3756 2332; baseline -0.003 -18"><span class='ocrx_word' id='word_1_450' title='bbox 2169 2259 2384 2314; x_wconf 77' lang='grc' dir='ltr'><strong>Λουκᾶν</strong></span> <span class='ocrx_word' id='word_1_451' title='bbox 2405 2277 2419 2291; x_wconf 87' lang='grc'><strong>·</strong></span> <span class='ocrx_word' id='word_1_452' title='bbox 2463 2279 2482 2313; x_wconf 78' lang='grc' dir='ltr'><strong>ι</strong></span> <span class='ocrx_word' id='word_1_453' title='bbox 2531 2260 2658 2314; x_wconf 80' lang='grc' dir='ltr'><strong>Ἐὰν</strong></span> <span class='ocrx_word' id='word_1_454' title='bbox 2691 2261 2763 2332; x_wconf 84' lang='grc' dir='ltr'>μή</span> <span class='ocrx_word' id='word_1_455' title='bbox 2797 2275 2882 2323; x_wconf 82' lang='grc' dir='ltr'><strong>τις</strong></span> <span class='ocrx_word' id='word_1_456' title='bbox 2912 2259 3130 2330; x_wconf 79' lang='grc' dir='ltr'>δέξηται</span> <span class='ocrx_word' id='word_1_457' title='bbox 3163 2259 3259 2329; x_wconf 86' lang='grc' dir='ltr'>τὴν</span> <span class='ocrx_word' id='word_1_458' title='bbox 3291 2257 3386 2311; x_wconf 78' lang='grc' dir='ltr'>τοῦ</span> <span class='ocrx_word' id='word_1_459' title='bbox 3423 2256 3555 2310; x_wconf 80' lang='grc' dir='ltr'>Θεοῦ</span> <span class='ocrx_word' id='word_1_460' title='bbox 3599 2257 3756 2328; x_wconf 80' lang='grc' dir='ltr'>βασιο</span> 
     </span>
    </p>
   </div>
   <div class='ocr_carea' id='block_1_55' title="bbox 2170 2347 3754 2420">
    <p class='ocr_par' dir='ltr' id='par_1_55' title="bbox 2170 2347 3754 2420">
     <span class='ocr_line' id='line_1_55' title="bbox 2170 2347 3754 2420; baseline -0.001 -20"><span class='ocrx_word' id='word_1_461' title='bbox 2170 2347 2319 2402; x_wconf 84' lang='grc' dir='ltr'>λείαν</span> <span class='ocrx_word' id='word_1_462' title='bbox 2351 2349 2427 2412; x_wconf 84' lang='grc' dir='ltr'>ὡς</span> <span class='ocrx_word' id='word_1_463' title='bbox 2452 2349 2514 2404; x_wconf 83' lang='grc' dir='ltr'>τὸ</span> <span class='ocrx_word' id='word_1_464' title='bbox 2539 2350 2774 2412; x_wconf 86' lang='grc' dir='ltr'>παιδίον,</span> <span class='ocrx_word' id='word_1_465' title='bbox 2804 2349 2862 2401; x_wconf 80' lang='grc' dir='ltr'><strong>οὐ</strong></span> <span class='ocrx_word' id='word_1_466' title='bbox 2899 2348 2975 2419; x_wconf 75' lang='grc' dir='ltr'>μὴ</span> <span class='ocrx_word' id='word_1_467' title='bbox 3004 2347 3220 2420; x_wconf 74' lang='grc' dir='ltr'>εἰσέλθῃ</span> <span class='ocrx_word' id='word_1_468' title='bbox 3243 2348 3324 2410; x_wconf 80' lang='grc' dir='ltr'>εἰς</span> <span class='ocrx_word' id='word_1_469' title='bbox 3353 2347 3525 2418; x_wconf 81' lang='grc' dir='ltr'>αὐτήν</span> <span class='ocrx_word' id='word_1_470' title='bbox 3545 2364 3558 2376; x_wconf 76' lang='grc' dir='ltr'>ο</span> <span class='ocrx_word' id='word_1_471' title='bbox 3600 2367 3618 2399; x_wconf 80' lang='grc' dir='ltr'><strong>ι</strong></span> <span class='ocrx_word' id='word_1_472' title='bbox 3661 2347 3754 2401; x_wconf 73' lang='grc' dir='ltr'><strong>καὶ</strong></span> 
     </span>
    </p>
   </div>
   <div class='ocr_carea' id='block_1_56' title="bbox 2167 2437 3754 2512">
    <p class='ocr_par' dir='ltr' id='par_1_56' title="bbox 2167 2437 3754 2512">
     <span class='ocr_line' id='line_1_56' title="bbox 2167 2437 3754 2512; baseline -0.001 -20"><span class='ocrx_word' id='word_1_473' title='bbox 2167 2437 2314 2492; x_wconf 73' lang='grc' dir='ltr'>ἔστιν</span> <span class='ocrx_word' id='word_1_474' title='bbox 2337 2439 2636 2510; x_wconf 73' lang='grc' dir='ltr'>ἀμφίϐολος</span> <span class='ocrx_word' id='word_1_475' title='bbox 2664 2441 2696 2510; x_wconf 79' lang='grc' dir='ltr'>ἡ</span> <span class='ocrx_word' id='word_1_476' title='bbox 2737 2439 2901 2504; x_wconf 79' lang='grc' dir='ltr'>λέξις,</span> <span class='ocrx_word' id='word_1_477' title='bbox 2945 2439 2977 2510; x_wconf 81' lang='grc' dir='ltr'>ἢ</span> <span class='ocrx_word' id='word_1_478' title='bbox 3009 2439 3117 2512; x_wconf 85' lang='grc' dir='ltr'>γὰρ</span> <span class='ocrx_word' id='word_1_479' title='bbox 3142 2440 3228 2493; x_wconf 84' lang='grc' dir='ltr'>ἵνα</span> <span class='ocrx_word' id='word_1_480' title='bbox 3265 2441 3297 2492; x_wconf 81' lang='grc' dir='ltr'>ὁ</span> <span class='ocrx_word' id='word_1_481' title='bbox 3332 2439 3621 2510; x_wconf 84' lang='grc' dir='ltr'>δεχόμενος</span> <span class='ocrx_word' id='word_1_482' title='bbox 3653 2437 3754 2509; x_wconf 78' lang='grc' dir='ltr'>τὴν</span> 
     </span>
    </p>
   </div>
   <div class='ocr_carea' id='block_1_57' title="bbox 2166 2528 3752 2602">
    <p class='ocr_par' dir='ltr' id='par_1_57' title="bbox 2166 2528 3752 2602">
     <span class='ocr_line' id='line_1_57' title="bbox 2166 2528 3752 2602; baseline -0.001 -19"><span class='ocrx_word' id='word_1_483' title='bbox 2166 2529 2262 2583; x_wconf 80' lang='grc' dir='ltr'>τοῦ</span> <span class='ocrx_word' id='word_1_484' title='bbox 2292 2530 2426 2584; x_wconf 80' lang='grc' dir='ltr'>Θεοῦ</span> <span class='ocrx_word' id='word_1_485' title='bbox 2451 2531 2728 2601; x_wconf 87' lang='grc' dir='ltr'>βασιλείαν</span> <span class='ocrx_word' id='word_1_486' title='bbox 2751 2531 2977 2602; x_wconf 86' lang='grc' dir='ltr'>γένηται</span> <span class='ocrx_word' id='word_1_487' title='bbox 3000 2531 3075 2595; x_wconf 85' lang='grc' dir='ltr'>ὡς</span> <span class='ocrx_word' id='word_1_488' title='bbox 3099 2531 3328 2596; x_wconf 80' lang='grc' dir='ltr'>παιδίον,</span> <span class='ocrx_word' id='word_1_489' title='bbox 3350 2531 3385 2601; x_wconf 82' lang='grc' dir='ltr'>ἢ</span> <span class='ocrx_word' id='word_1_490' title='bbox 3422 2531 3508 2584; x_wconf 81' lang='grc' dir='ltr'>ἵνα</span> <span class='ocrx_word' id='word_1_491' title='bbox 3535 2531 3634 2599; x_wconf 76' lang='grc' dir='ltr'>τὴν</span> <span class='ocrx_word' id='word_1_492' title='bbox 3657 2528 3752 2582; x_wconf 85' lang='grc' dir='ltr'><strong>τοῦ</strong></span> 
     </span>
    </p>
   </div>
   <div class='ocr_carea' id='block_1_58' title="bbox 2166 2620 3754 2694">
    <p class='ocr_par' dir='ltr' id='par_1_58' title="bbox 2166 2620 3754 2694">
     <span class='ocr_line' id='line_1_58' title="bbox 2166 2620 3754 2694; baseline -0.002 -18"><span class='ocrx_word' id='word_1_493' title='bbox 2166 2621 2300 2676; x_wconf 81' lang='grc' dir='ltr'>Θεοῦ</span> <span class='ocrx_word' id='word_1_494' title='bbox 2363 2622 2640 2693; x_wconf 88' lang='grc' dir='ltr'>βασιλείαν</span> <span class='ocrx_word' id='word_1_495' title='bbox 2703 2621 3072 2694; x_wconf 80' lang='grc' dir='ltr'>παραδέξηται</span> <span class='ocrx_word' id='word_1_496' title='bbox 3132 2621 3430 2694; x_wconf 82' lang='grc' dir='ltr'>γενομένην</span> <span class='ocrx_word' id='word_1_497' title='bbox 3483 2620 3631 2691; x_wconf 82' lang='grc' dir='ltr'>αὐτῷ</span> <span class='ocrx_word' id='word_1_498' title='bbox 3677 2621 3754 2686; x_wconf 70' lang='grc' dir='ltr'>ὡς</span> 
     </span>
    </p>
   </div>
   <div class='ocr_carea' id='block_1_59' title="bbox 2167 2709 3751 2786">
    <p class='ocr_par' dir='ltr' id='par_1_59' title="bbox 2167 2709 3751 2786">
     <span class='ocr_line' id='line_1_59' title="bbox 2167 2709 3751 2786; baseline -0.003 -18"><span class='ocrx_word' id='word_1_499' title='bbox 2167 2714 2403 2769; x_wconf 74' lang='grc' dir='ltr'><strong>παιδίον.⁴</strong></span> <span class='ocrx_word' id='word_1_500' title='bbox 2435 2715 2544 2768; x_wconf 76' lang='grc' dir='ltr'><strong>Καὶ</strong></span> <span class='ocrx_word' id='word_1_501' title='bbox 2568 2714 2708 2786; x_wconf 88' lang='grc' dir='ltr'>τάχα</span> <span class='ocrx_word' id='word_1_502' title='bbox 2735 2713 2972 2768; x_wconf 73' lang='grc' dir='ltr'>ἐνταῦθα</span> <span class='ocrx_word' id='word_1_503' title='bbox 3016 2714 3113 2784; x_wconf 82' lang='grc' dir='ltr'>μὲν</span> <span class='ocrx_word' id='word_1_504' title='bbox 3145 2715 3193 2766; x_wconf 78' lang='grc' dir='ltr'><strong>οε</strong></span> <span class='ocrx_word' id='word_1_505' title='bbox 3223 2712 3500 2783; x_wconf 82' lang='grc' dir='ltr'>δεχόμενοι</span> <span class='ocrx_word' id='word_1_506' title='bbox 3529 2713 3627 2781; x_wconf 78' lang='grc' dir='ltr'>τὴν</span> <span class='ocrx_word' id='word_1_507' title='bbox 3656 2709 3751 2763; x_wconf 75' lang='grc' dir='ltr'><strong>τοῦ</strong></span> 
     </span>
    </p>
   </div>
   <div class='ocr_carea' id='block_1_60' title="bbox 2165 2799 3750 2881">
    <p class='ocr_par' dir='ltr' id='par_1_60' title="bbox 2165 2799 3750 2881">
     <span class='ocr_line' id='line_1_60' title="bbox 2165 2799 3750 2881; baseline -0.003 -23"><span class='ocrx_word' id='word_1_508' title='bbox 2165 2806 2320 2881; x_wconf 65' lang='grc' dir='ltr'><strong>Θεοῦ⁵</strong></span> <span class='ocrx_word' id='word_1_509' title='bbox 2357 2805 2634 2875; x_wconf 85' lang='grc' dir='ltr'>βασιλείαν</span> <span class='ocrx_word' id='word_1_510' title='bbox 2673 2805 2917 2876; x_wconf 86' lang='grc' dir='ltr'>δέχονται</span> <span class='ocrx_word' id='word_1_511' title='bbox 2966 2804 3136 2876; x_wconf 81' lang='grc' dir='ltr'>αὐτὴν</span> <span class='ocrx_word' id='word_1_512' title='bbox 3181 2799 3348 2857; x_wconf 81' lang='grc' dir='ltr'>οὖσαν</span> <span class='ocrx_word' id='word_1_513' title='bbox 3392 2801 3467 2864; x_wconf 82' lang='grc' dir='ltr'>ὡς</span> <span class='ocrx_word' id='word_1_514' title='bbox 3514 2802 3750 2865; x_wconf 85' lang='grc' dir='ltr'>παιδίον,</span> 
     </span>
    </p>
   </div>
   <div class='ocr_carea' id='block_1_61' title="bbox 2165 2890 3746 2967">
    <p class='ocr_par' dir='ltr' id='par_1_61' title="bbox 2165 2890 3746 2967">
     <span class='ocr_line' id='line_1_61' title="bbox 2165 2890 3746 2967; baseline -0.004 -18"><span class='ocrx_word' id='word_1_515' title='bbox 2165 2897 2224 2951; x_wconf 81' lang='grc' dir='ltr'>ὲν</span> <span class='ocrx_word' id='word_1_516' title='bbox 2255 2897 2312 2950; x_wconf 83' lang='grc' dir='ltr'>δὲ</span> <span class='ocrx_word' id='word_1_517' title='bbox 2339 2896 2417 2967; x_wconf 78' lang='grc' dir='ltr'>τῷ</span> <span class='ocrx_word' id='word_1_518' title='bbox 2460 2896 2706 2967; x_wconf 80' lang='grc' dir='ltr'>μέλλοντι</span> <span class='ocrx_word' id='word_1_519' title='bbox 2752 2896 2910 2951; x_wconf 85' lang='grc' dir='ltr'>αἰῶνι</span> <span class='ocrx_word' id='word_1_520' title='bbox 2955 2895 3144 2950; x_wconf 82' lang='grc' dir='ltr'>οὐκέτι</span> <span class='ocrx_word' id='word_1_521' title='bbox 3181 2895 3258 2958; x_wconf 85' lang='grc' dir='ltr'>ὡς</span> <span class='ocrx_word' id='word_1_522' title='bbox 3301 2893 3531 2958; x_wconf 79' lang='grc' dir='ltr'>παιδίον,</span> <span class='ocrx_word' id='word_1_523' title='bbox 3563 2893 3655 2944; x_wconf 79' lang='grc' dir='ltr'><strong>καὶ</strong></span> <span class='ocrx_word' id='word_1_524' title='bbox 3685 2890 3746 2942; x_wconf 82' lang='grc' dir='ltr'>τὸ</span> 
     </span>
    </p>
   </div>
   <div class='ocr_carea' id='block_1_62' title="bbox 2169 2982 3736 3060">
    <p class='ocr_par' dir='ltr' id='par_1_62' title="bbox 2169 2982 3736 3060">
     <span class='ocr_line' id='line_1_62' title="bbox 2169 2982 3736 3060; baseline -0.004 -20"><span class='ocrx_word' id='word_1_525' title='bbox 2169 2987 2393 3058; x_wconf 86' lang='grc' dir='ltr'>μέγεθος</span> <span class='ocrx_word' id='word_1_526' title='bbox 2437 2989 2534 3058; x_wconf 80' lang='grc' dir='ltr'>τῆς</span> <span class='ocrx_word' id='word_1_527' title='bbox 2572 2987 2905 3060; x_wconf 82' lang='grc' dir='ltr'><strong>τελειότητος</strong></span> <span class='ocrx_word' id='word_1_528' title='bbox 2939 2989 2999 3040; x_wconf 87' lang='grc' dir='ltr'>ὲν</span> <span class='ocrx_word' id='word_1_529' title='bbox 3034 2990 3124 3058; x_wconf 81' lang='grc' dir='ltr'><strong>τῇ,</strong></span> <span class='ocrx_word' id='word_1_530' title='bbox 3162 2988 3227 3040; x_wconf 83' lang='grc' dir='ltr'><strong>ἵν’</strong></span> <span class='ocrx_word' id='word_1_531' title='bbox 3266 2985 3436 3048; x_wconf 73' lang='grc' dir='ltr'>οὕτως</span> <span class='ocrx_word' id='word_1_532' title='bbox 3463 2982 3736 3052; x_wconf 72' lang='grc' dir='ltr'>ὀνομάσω,</span> 
     </span>
    </p>
   </div>
   <div class='ocr_carea' id='block_1_63' title="bbox 2165 3074 3737 3150">
    <p class='ocr_par' dir='ltr' id='par_1_63' title="bbox 2165 3074 3737 3150">
     <span class='ocr_line' id='line_1_63' title="bbox 2165 3074 3737 3150; baseline 0.003 -20"><span class='ocrx_word' id='word_1_533' title='bbox 2165 3081 2508 3148; x_wconf 85' lang='grc' dir='ltr'>πνευματικῇ</span> <span class='ocrx_word' id='word_1_534' title='bbox 2561 3079 2750 3150; x_wconf 79' lang='grc' dir='ltr'>ἡλικίᾳ</span> <span class='ocrx_word' id='word_1_535' title='bbox 2801 3077 3265 3147; x_wconf 79' lang='grc' dir='ltr'>ἐπιδεικνυμένοις</span> <span class='ocrx_word' id='word_1_536' title='bbox 3310 3077 3410 3147; x_wconf 68' lang='grc'><strong>(45)</strong></span> <span class='ocrx_word' id='word_1_537' title='bbox 3451 3075 3581 3127; x_wconf 79' lang='grc' dir='ltr'>πᾶσι</span> <span class='ocrx_word' id='word_1_538' title='bbox 3620 3074 3737 3135; x_wconf 86' lang='grc' dir='ltr'>τοῖς</span> 
     </span>
    </p>
   </div>
   <div class='ocr_carea' id='block_1_64' title="bbox 484 3139 2066 3245">
    <p class='ocr_par' dir='ltr' id='par_1_64' title="bbox 484 3139 2064 3245">
     <span class='ocr_line' id='line_1_64' title="bbox 484 3139 2064 3245; baseline 0.01 -27"><span class='ocrx_word' id='word_1_539' title='bbox 484 3165 862 3236; x_wconf 85' lang='lat' dir='ltr'><strong>perfectionis,</strong></span> <span class='ocrx_word' id='word_1_540' title='bbox 895 3170 950 3224; x_wconf 91' lang='lat' dir='ltr'><strong>in</strong></span> <span class='ocrx_word' id='word_1_541' title='bbox 979 3180 1160 3238; x_wconf 71' lang='lat' dir='ltr'><strong>actate,</strong></span> <span class='ocrx_word' id='word_1_542' title='bbox 1195 3182 1255 3228; x_wconf 88' lang='lat' dir='ltr'><strong>ut</strong></span> <span class='ocrx_word' id='word_1_543' title='bbox 1293 3139 1366 3228; x_wconf 70' lang='lat' dir='ltr'><strong>ita</strong></span> <span class='ocrx_word' id='word_1_544' title='bbox 1396 3175 1596 3242; x_wconf 90' lang='lat' dir='ltr'><strong>dicam,</strong></span> <span class='ocrx_word' id='word_1_545' title='bbox 1625 3139 1896 3245; x_wconf 70' lang='lat' dir='ltr'><strong>spirituali</strong></span> <span class='ocrx_word' id='word_1_546' title='bbox 1943 3193 2064 3234; x_wconf 86' lang='lat' dir='ltr'><strong>sese</strong></span> 
     </span>
    </p>
   </div>
   <div class='ocr_carea' id='block_1_65' title="bbox 2171 3139 3744 3245">
    <p class='ocr_par' dir='ltr' id='par_1_65' title="bbox 2171 3160 3744 3240">
     <span class='ocr_line' id='line_1_65' title="bbox 2171 3160 3744 3240; baseline -0.004 -20"><span class='ocrx_word' id='word_1_547' title='bbox 2171 3167 2262 3220; x_wconf 76' lang='grc' dir='ltr'><strong>ἐπὶ</strong></span> <span class='ocrx_word' id='word_1_548' title='bbox 2293 3167 2386 3221; x_wconf 80' lang='grc' dir='ltr'><strong>τοῦ</strong></span> <span class='ocrx_word' id='word_1_549' title='bbox 2436 3168 2702 3239; x_wconf 87' lang='grc' dir='ltr'>παρόντος</span> <span class='ocrx_word' id='word_1_550' title='bbox 2745 3167 3209 3240; x_wconf 79' lang='grc' dir='ltr'>παραδεξαμένοις</span> <span class='ocrx_word' id='word_1_551' title='bbox 3250 3168 3413 3238; x_wconf 74' lang='grc' dir='ltr'>αὐτὴν</span> <span class='ocrx_word' id='word_1_552' title='bbox 3459 3160 3618 3219; x_wconf 71' lang='grc' dir='ltr'>οὖσαν</span> <span class='ocrx_word' id='word_1_553' title='bbox 3652 3164 3744 3215; x_wconf 64' lang='lat' dir='ltr'><strong>su.-</strong></span> 
     </span>
    </p>
   </div>
   <div class='ocr_carea' id='block_1_66' title="bbox 484 3263 2069 3338">
    <p class='ocr_par' dir='ltr' id='par_1_66' title="bbox 484 3263 2069 3338">
     <span class='ocr_line' id='line_1_66' title="bbox 484 3263 2069 3338; baseline 0.006 -25"><span class='ocrx_word' id='word_1_554' title='bbox 484 3263 789 3318; x_wconf 81' lang='lat' dir='ltr'><strong>exserentis</strong></span> <span class='ocrx_word' id='word_1_555' title='bbox 819 3271 875 3317; x_wconf 91' lang='lat' dir='ltr'><strong>et</strong></span> <span class='ocrx_word' id='word_1_556' title='bbox 907 3265 1234 3320; x_wconf 78' lang='lat' dir='ltr'><strong>ostentantis</strong></span> <span class='ocrx_word' id='word_1_557' title='bbox 1281 3265 1337 3319; x_wconf 91' lang='lat' dir='ltr'><strong>in</strong></span> <span class='ocrx_word' id='word_1_558' title='bbox 1373 3266 1441 3322; x_wconf 91' lang='lat' dir='ltr'><strong>iis</strong></span> <span class='ocrx_word' id='word_1_559' title='bbox 1467 3267 1722 3323; x_wconf 88' lang='lat' dir='ltr'><strong>omnibus</strong></span> <span class='ocrx_word' id='word_1_560' title='bbox 1747 3268 1841 3338; x_wconf 88' lang='lat' dir='ltr'><strong>qui</strong></span> <span class='ocrx_word' id='word_1_561' title='bbox 1875 3269 1930 3322; x_wconf 91' lang='lat' dir='ltr'><strong>in</strong></span> <span class='ocrx_word' id='word_1_562' title='bbox 1963 3269 2069 3324; x_wconf 86' lang='lat' dir='ltr'><strong>hoc</strong></span> 
     </span>
    </p>
   </div>
   <div class='ocr_carea' id='block_1_67' title="bbox 487 3353 2069 3429">
    <p class='ocr_par' dir='ltr' id='par_1_67' title="bbox 487 3353 2069 3429">
     <span class='ocr_line' id='line_1_67' title="bbox 487 3353 2069 3429; baseline 0.004 -24"><span class='ocrx_word' id='word_1_563' title='bbox 487 3353 693 3407; x_wconf 80' lang='lat' dir='ltr'><strong>saeculo</strong></span> <span class='ocrx_word' id='word_1_564' title='bbox 742 3363 1072 3425; x_wconf 85' lang='lat' dir='ltr'><strong>receperunt</strong></span> <span class='ocrx_word' id='word_1_565' title='bbox 1113 3371 1341 3426; x_wconf 79' lang='lat' dir='ltr'><strong>regnum</strong></span> <span class='ocrx_word' id='word_1_566' title='bbox 1395 3357 1511 3425; x_wconf 87' lang='lat' dir='ltr'><strong>Dei,</strong></span> <span class='ocrx_word' id='word_1_567' title='bbox 1553 3357 1697 3428; x_wconf 90' lang='lat' dir='ltr'><strong>quod</strong></span> <span class='ocrx_word' id='word_1_568' title='bbox 1749 3358 1840 3414; x_wconf 89' lang='lat' dir='ltr'><strong>hic</strong></span> <span class='ocrx_word' id='word_1_569' title='bbox 1899 3373 2069 3429; x_wconf 86' lang='lat' dir='ltr'><strong>puero</strong></span> 
     </span>
    </p>
   </div>
   <div class='ocr_carea' id='block_1_68' title="bbox 484 3445 797 3501">
    <p class='ocr_par' dir='ltr' id='par_1_68' title="bbox 484 3445 797 3501">
     <span class='ocr_line' id='line_1_68' title="bbox 484 3445 797 3501; baseline 0.003 -3"><span class='ocrx_word' id='word_1_570' title='bbox 484 3445 666 3499; x_wconf 84' lang='lat' dir='ltr'><strong>simile</strong></span> <span class='ocrx_word' id='word_1_571' title='bbox 695 3456 797 3501; x_wconf 89' lang='lat' dir='ltr'><strong>est.</strong></span> 
     </span>
    </p>
   </div>
   <div class='ocr_carea' id='block_1_69' title="bbox 555 3539 2061 3612">
    <p class='ocr_par' dir='ltr' id='par_1_69' title="bbox 555 3539 2061 3612">
     <span class='ocr_line' id='line_1_69' title="bbox 555 3539 2061 3612; baseline 0.001 -17"><span class='ocrx_word' id='word_1_572' title='bbox 555 3540 645 3595; x_wconf 76' lang='lat'><strong>20.</strong></span> <span class='ocrx_word' id='word_1_573' title='bbox 691 3558 709 3592; x_wconf 83' lang='grc' dir='ltr'><strong>ι</strong></span> <span class='ocrx_word' id='word_1_574' title='bbox 744 3539 836 3595; x_wconf 66' lang='lat' dir='ltr'><strong>Vae</strong></span> <span class='ocrx_word' id='word_1_575' title='bbox 886 3543 1091 3598; x_wconf 91' lang='lat' dir='ltr'><strong>mundo</strong></span> <span class='ocrx_word' id='word_1_576' title='bbox 1135 3558 1167 3598; x_wconf 92' lang='lat' dir='ltr'><strong>a</strong></span> <span class='ocrx_word' id='word_1_577' title='bbox 1217 3543 1494 3599; x_wconf 87' lang='lat' dir='ltr'><strong>scandalis</strong></span> <span class='ocrx_word' id='word_1_578' title='bbox 1515 3544 1582 3597; x_wconf 82' lang='grc'><strong>⁸⁵.</strong></span> <span class='ocrx_word' id='word_1_579' title='bbox 1619 3561 1640 3596; x_wconf 76' lang='grc' dir='ltr'><strong>ι</strong></span> <span class='ocrx_word' id='word_1_580' title='bbox 1692 3541 1955 3612; x_wconf 79' lang='lat' dir='ltr'><strong>Privatim</strong></span> <span class='ocrx_word' id='word_1_581' title='bbox 2003 3551 2061 3598; x_wconf 88' lang='lat' dir='ltr'><strong>et</strong></span> 
     </span>
    </p>
   </div>
   <div class='ocr_carea' id='block_1_70' title="bbox 2169 3256 2707 3322">
    <p class='ocr_par' dir='ltr' id='par_1_70' title="bbox 2169 3256 2707 3322">
     <span class='ocr_line' id='line_1_70' title="bbox 2169 3256 2707 3322; baseline 0.004 -12"><span class='ocrx_word' id='word_1_582' title='bbox 2169 3256 2343 3311; x_wconf 81' lang='grc' dir='ltr'>ταῦοα</span> <span class='ocrx_word' id='word_1_583' title='bbox 2371 3258 2447 3322; x_wconf 82' lang='grc' dir='ltr'>ὡς</span> <span class='ocrx_word' id='word_1_584' title='bbox 2477 3258 2707 3313; x_wconf 83' lang='grc' dir='ltr'>παιδίον.</span> 
     </span>
    </p>
   </div>
   <div class='ocr_carea' id='block_1_71' title="bbox 2246 3538 3752 3612">
    <p class='ocr_par' dir='ltr' id='par_1_71' title="bbox 2246 3538 3752 3612">
     <span class='ocr_line' id='line_1_71' title="bbox 2246 3538 3752 3612; baseline 0 -18"><span class='ocrx_word' id='word_1_585' title='bbox 2246 3561 2265 3594; x_wconf 82' lang='grc' dir='ltr'><strong>ι</strong></span> <span class='ocrx_word' id='word_1_586' title='bbox 2305 3541 2441 3595; x_wconf 73' lang='grc' dir='ltr'>Οὐαὶ</span> <span class='ocrx_word' id='word_1_587' title='bbox 2465 3539 2544 3612; x_wconf 81' lang='grc' dir='ltr'><strong>τῷ</strong></span> <span class='ocrx_word' id='word_1_588' title='bbox 2583 3541 2770 3612; x_wconf 85' lang='grc' dir='ltr'>κόσμῳ</span> <span class='ocrx_word' id='word_1_589' title='bbox 2799 3541 2906 3596; x_wconf 78' lang='grc' dir='ltr'>ἀπὸ</span> <span class='ocrx_word' id='word_1_590' title='bbox 2932 3541 3042 3596; x_wconf 85' lang='grc' dir='ltr'><strong>τῶν</strong></span> <span class='ocrx_word' id='word_1_591' title='bbox 3074 3540 3405 3596; x_wconf 82' lang='grc' dir='ltr'>σκανδάλων.</span> <span class='ocrx_word' id='word_1_592' title='bbox 3440 3559 3460 3592; x_wconf 71' lang='grc' dir='ltr'><strong>ι</strong></span> <span class='ocrx_word' id='word_1_593' title='bbox 3487 3541 3623 3594; x_wconf 81' lang='grc' dir='ltr'>Κατ’</span> <span class='ocrx_word' id='word_1_594' title='bbox 3651 3538 3752 3594; x_wconf 56' lang='grc' dir='ltr'><strong>αὐ.</strong></span> 
     </span>
    </p>
   </div>
   <div class='ocr_carea' id='block_1_72' title="bbox 484 3630 2066 3705">
    <p class='ocr_par' dir='ltr' id='par_1_72' title="bbox 484 3634 2058 3705">
     <span class='ocr_line' id='line_1_72' title="bbox 484 3634 2058 3705; baseline 0.001 -18"><span class='ocrx_word' id='word_1_595' title='bbox 484 3642 734 3702; x_wconf 87' lang='lat' dir='ltr'><strong>separate</strong></span> <span class='ocrx_word' id='word_1_596' title='bbox 765 3634 1092 3689; x_wconf 87' lang='lat' dir='ltr'><strong>vocabulum</strong></span> <span class='ocrx_word' id='word_1_597' title='bbox 1125 3635 1294 3690; x_wconf 90' lang='lat' dir='ltr'><strong>hocce</strong></span> <span class='ocrx_word' id='word_1_598' title='bbox 1347 3653 1364 3688; x_wconf 83' lang='grc' dir='ltr'><strong>ι</strong></span> <span class='ocrx_word' id='word_1_599' title='bbox 1396 3636 1634 3690; x_wconf 87' lang='lat' dir='ltr'><strong>nmndus</strong></span> <span class='ocrx_word' id='word_1_600' title='bbox 1665 3654 1684 3687; x_wconf 73' lang='grc' dir='ltr'><strong>ι</strong></span> <span class='ocrx_word' id='word_1_601' title='bbox 1735 3643 2058 3705; x_wconf 87' lang='lat' dir='ltr'><strong>usurpatum</strong></span> 
     </span>
    </p>
   </div>
   <div class='ocr_carea' id='block_1_73' title="bbox 2171 3630 3742 3705">
    <p class='ocr_par' dir='ltr' id='par_1_73' title="bbox 2171 3630 3742 3703">
     <span class='ocr_line' id='line_1_73' title="bbox 2171 3630 3742 3703; baseline -0.002 -19"><span class='ocrx_word' id='word_1_602' title='bbox 2171 3631 2265 3703; x_wconf 84' lang='grc' dir='ltr'>τὴν</span> <span class='ocrx_word' id='word_1_603' title='bbox 2309 3632 2408 3703; x_wconf 79' lang='grc' dir='ltr'>μὲν</span> <span class='ocrx_word' id='word_1_604' title='bbox 2456 3633 2548 3686; x_wconf 77' lang='grc' dir='ltr'><strong>καὶ</strong></span> <span class='ocrx_word' id='word_1_605' title='bbox 2595 3631 3013 3702; x_wconf 84' lang='grc' dir='ltr'>ἀπολελυμένως</span> <span class='ocrx_word' id='word_1_606' title='bbox 3057 3632 3270 3703; x_wconf 76' lang='grc' dir='ltr'>εἴρηται</span> <span class='ocrx_word' id='word_1_607' title='bbox 3313 3633 3346 3702; x_wconf 81' lang='grc' dir='ltr'>ὴ</span> <span class='ocrx_word' id='word_1_608' title='bbox 3401 3650 3419 3682; x_wconf 78' lang='grc' dir='ltr'><strong>ι</strong></span> <span class='ocrx_word' id='word_1_609' title='bbox 3473 3630 3673 3700; x_wconf 77' lang='grc' dir='ltr'>κόσμος</span> <span class='ocrx_word' id='word_1_610' title='bbox 3722 3647 3742 3681; x_wconf 74' lang='grc' dir='ltr'><strong>ι</strong></span> 
     </span>
    </p>
   </div>
   <div class='ocr_carea' id='block_1_74' title="bbox 481 3719 2066 3796">
    <p class='ocr_par' dir='ltr' id='par_1_74' title="bbox 481 3722 2059 3796">
     <span class='ocr_line' id='line_1_74' title="bbox 481 3722 2059 3796; baseline 0.003 -20"><span class='ocrx_word' id='word_1_611' title='bbox 481 3731 606 3778; x_wconf 89' lang='lat' dir='ltr'><strong>est:</strong></span> <span class='ocrx_word' id='word_1_612' title='bbox 644 3741 663 3774; x_wconf 82' lang='grc' dir='ltr'><strong>ι</strong></span> <span class='ocrx_word' id='word_1_613' title='bbox 696 3722 753 3776; x_wconf 88' lang='lat' dir='ltr'><strong>In</strong></span> <span class='ocrx_word' id='word_1_614' title='bbox 786 3725 990 3779; x_wconf 89' lang='lat' dir='ltr'><strong>mundo</strong></span> <span class='ocrx_word' id='word_1_615' title='bbox 1017 3733 1154 3791; x_wconf 83' lang='lat' dir='ltr'><strong>erat,</strong></span> <span class='ocrx_word' id='word_1_616' title='bbox 1182 3733 1237 3780; x_wconf 91' lang='lat' dir='ltr'><strong>et</strong></span> <span class='ocrx_word' id='word_1_617' title='bbox 1269 3725 1507 3780; x_wconf 88' lang='lat' dir='ltr'><strong>mundus</strong></span> <span class='ocrx_word' id='word_1_618' title='bbox 1533 3740 1658 3780; x_wconf 88' lang='lat' dir='ltr'><strong>eum</strong></span> <span class='ocrx_word' id='word_1_619' title='bbox 1702 3741 1810 3780; x_wconf 90' lang='lat' dir='ltr'><strong>non</strong></span> <span class='ocrx_word' id='word_1_620' title='bbox 1854 3741 2059 3796; x_wconf 85' lang='lat' dir='ltr'><strong>cogno-</strong></span> 
     </span>
    </p>
   </div>
   <div class='ocr_carea' id='block_1_75' title="bbox 2171 3719 3746 3796">
    <p class='ocr_par' dir='ltr' id='par_1_75' title="bbox 2171 3719 3746 3796">
     <span class='ocr_line' id='line_1_75' title="bbox 2171 3719 3746 3796; baseline -0.001 -20"><span class='ocrx_word' id='word_1_621' title='bbox 2171 3724 2350 3796; x_wconf 84' lang='grc' dir='ltr'>φωνή·</span> <span class='ocrx_word' id='word_1_622' title='bbox 2391 3743 2410 3776; x_wconf 81' lang='grc' dir='ltr'><strong>ι</strong></span> <span class='ocrx_word' id='word_1_623' title='bbox 2464 3725 2554 3779; x_wconf 87' lang='grc' dir='ltr'>Ἐν</span> <span class='ocrx_word' id='word_1_624' title='bbox 2593 3723 2670 3794; x_wconf 82' lang='grc' dir='ltr'>τῷ</span> <span class='ocrx_word' id='word_1_625' title='bbox 2697 3724 2886 3794; x_wconf 83' lang='grc' dir='ltr'>κόσμῳ</span> <span class='ocrx_word' id='word_1_626' title='bbox 2919 3723 3029 3794; x_wconf 73' lang='grc'><strong>(44)</strong></span> <span class='ocrx_word' id='word_1_627' title='bbox 3058 3719 3148 3794; x_wconf 81' lang='grc' dir='ltr'>ἦν,</span> <span class='ocrx_word' id='word_1_628' title='bbox 3183 3725 3277 3777; x_wconf 73' lang='grc' dir='ltr'>καὶ</span> <span class='ocrx_word' id='word_1_629' title='bbox 3300 3725 3328 3778; x_wconf 81' lang='grc' dir='ltr'><strong>ὁ</strong></span> <span class='ocrx_word' id='word_1_630' title='bbox 3359 3723 3563 3794; x_wconf 81' lang='grc' dir='ltr'>κόσμος</span> <span class='ocrx_word' id='word_1_631' title='bbox 3587 3722 3746 3774; x_wconf 78' lang='grc' dir='ltr'>αὑτὸν</span> 
     </span>
    </p>
   </div>
   <div class='ocr_carea' id='block_1_76' title="bbox 480 3814 2066 3887">
    <p class='ocr_par' dir='ltr' id='par_1_76' title="bbox 480 3814 2063 3886">
     <span class='ocr_line' id='line_1_76' title="bbox 480 3814 2063 3886; baseline 0.001 -18"><span class='ocrx_word' id='word_1_632' title='bbox 480 3814 561 3871; x_wconf 85' lang='lat' dir='ltr'><strong>vit</strong></span> <span class='ocrx_word' id='word_1_633' title='bbox 581 3815 664 3882; x_wconf 83' lang='grc'><strong>⁸⁶;</strong></span> <span class='ocrx_word' id='word_1_634' title='bbox 699 3835 716 3867; x_wconf 79' lang='grc' dir='ltr'><strong>ι</strong></span> <span class='ocrx_word' id='word_1_635' title='bbox 752 3825 806 3870; x_wconf 80' lang='lat' dir='ltr'><strong>at</strong></span> <span class='ocrx_word' id='word_1_636' title='bbox 826 3818 984 3884; x_wconf 83' lang='lat' dir='ltr'><strong>juxta</strong></span> <span class='ocrx_word' id='word_1_637' title='bbox 1018 3817 1456 3871; x_wconf 90' lang='lat' dir='ltr'><strong>convenientiam</strong></span> <span class='ocrx_word' id='word_1_638' title='bbox 1493 3832 1618 3872; x_wconf 91' lang='lat' dir='ltr'><strong>cum</strong></span> <span class='ocrx_word' id='word_1_639' title='bbox 1653 3817 1836 3886; x_wconf 90' lang='lat' dir='ltr'><strong>aliqua</strong></span> <span class='ocrx_word' id='word_1_640' title='bbox 1881 3832 1972 3880; x_wconf 91' lang='lat' dir='ltr'><strong>re,</strong></span> <span class='ocrx_word' id='word_1_641' title='bbox 2006 3826 2063 3871; x_wconf 90' lang='lat' dir='ltr'><strong>et</strong></span> 
     </span>
    </p>
   </div>
   <div class='ocr_carea' id='block_1_77' title="bbox 2171 3814 3746 3887">
    <p class='ocr_par' dir='ltr' id='par_1_77' title="bbox 2171 3814 3746 3887">
     <span class='ocr_line' id='line_1_77' title="bbox 2171 3814 3746 3887; baseline -0.001 -19"><span class='ocrx_word' id='word_1_642' title='bbox 2171 3817 2267 3868; x_wconf 82' lang='grc' dir='ltr'>οὐκ</span> <span class='ocrx_word' id='word_1_643' title='bbox 2308 3815 2476 3884; x_wconf 71' lang='grc' dir='ltr'>ἔγνωσ</span> <span class='ocrx_word' id='word_1_644' title='bbox 2524 3835 2543 3868; x_wconf 73' lang='grc' dir='ltr'><strong>ι</strong></span> <span class='ocrx_word' id='word_1_645' title='bbox 2582 3816 2725 3869; x_wconf 85' lang='grc' dir='ltr'>κατὰ</span> <span class='ocrx_word' id='word_1_646' title='bbox 2752 3816 2810 3870; x_wconf 77' lang='grc' dir='ltr'>δὲ</span> <span class='ocrx_word' id='word_1_647' title='bbox 2851 3817 2948 3887; x_wconf 82' lang='grc' dir='ltr'>τὴν</span> <span class='ocrx_word' id='word_1_648' title='bbox 2981 3817 3119 3887; x_wconf 85' lang='grc' dir='ltr'>πρός</span> <span class='ocrx_word' id='word_1_649' title='bbox 3151 3833 3202 3870; x_wconf 92' lang='grc' dir='ltr'><strong>τι</strong></span> <span class='ocrx_word' id='word_1_650' title='bbox 3237 3815 3426 3886; x_wconf 87' lang='grc' dir='ltr'>σχέσιν</span> <span class='ocrx_word' id='word_1_651' title='bbox 3472 3815 3608 3886; x_wconf 86' lang='grc' dir='ltr'>μετὰ</span> <span class='ocrx_word' id='word_1_652' title='bbox 3652 3814 3746 3882; x_wconf 72' lang='grc' dir='ltr'>τῆς</span> 
     </span>
    </p>
   </div>
   <div class='ocr_carea' id='block_1_78' title="bbox 483 3900 2066 3979">
    <p class='ocr_par' dir='ltr' id='par_1_78' title="bbox 483 3909 2060 3979">
     <span class='ocr_line' id='line_1_78' title="bbox 483 3909 2060 3979; baseline 0.001 -18"><span class='ocrx_word' id='word_1_653' title='bbox 483 3909 880 3962; x_wconf 77' lang='lat' dir='ltr'><strong>connexionem</strong></span> <span class='ocrx_word' id='word_1_654' title='bbox 911 3925 1035 3963; x_wconf 90' lang='lat' dir='ltr'><strong>cum</strong></span> <span class='ocrx_word' id='word_1_655' title='bbox 1066 3925 1132 3964; x_wconf 92' lang='lat' dir='ltr'><strong>eo</strong></span> <span class='ocrx_word' id='word_1_656' title='bbox 1164 3909 1233 3964; x_wconf 87' lang='lat' dir='ltr'><strong>ad</strong></span> <span class='ocrx_word' id='word_1_657' title='bbox 1260 3910 1405 3979; x_wconf 89' lang='lat' dir='ltr'><strong>quod</strong></span> <span class='ocrx_word' id='word_1_658' title='bbox 1431 3910 1689 3979; x_wconf 86' lang='lat' dir='ltr'><strong>pertinet,</strong></span> <span class='ocrx_word' id='word_1_659' title='bbox 1715 3909 2060 3963; x_wconf 75' lang='lat' dir='ltr'><strong>enuntiatum</strong></span> 
     </span>
    </p>
   </div>
   <div class='ocr_carea' id='block_1_79' title="bbox 2171 3900 3744 3979">
    <p class='ocr_par' dir='ltr' id='par_1_79' title="bbox 2171 3900 3744 3978">
     <span class='ocr_line' id='line_1_79' title="bbox 2171 3900 3744 3978; baseline -0.003 -18"><span class='ocrx_word' id='word_1_660' title='bbox 2171 3908 2306 3978; x_wconf 81' lang='grc' dir='ltr'>πρὸς</span> <span class='ocrx_word' id='word_1_661' title='bbox 2338 3909 2516 3961; x_wconf 75' lang='grc' dir='ltr'>ἐκεῖνο</span> <span class='ocrx_word' id='word_1_662' title='bbox 2548 3907 2847 3978; x_wconf 75' lang='grc' dir='ltr'>ἐπιπλοκῆς</span> <span class='ocrx_word' id='word_1_663' title='bbox 2872 3900 2934 3960; x_wconf 76' lang='grc' dir='ltr'>οὗ</span> <span class='ocrx_word' id='word_1_664' title='bbox 2967 3908 3171 3978; x_wconf 86' lang='grc' dir='ltr'>κόσμος</span> <span class='ocrx_word' id='word_1_665' title='bbox 3198 3907 3314 3960; x_wconf 74' lang='grc' dir='ltr'>ἐστὶ</span> <span class='ocrx_word' id='word_1_666' title='bbox 3345 3905 3660 3976; x_wconf 85' lang='grc' dir='ltr'>ὠνόμασται</span> <span class='ocrx_word' id='word_1_667' title='bbox 3688 3905 3744 3956; x_wconf 76' lang='grc' dir='ltr'>ὲν</span> 
     </span>
    </p>
   </div>
   <div class='ocr_carea' id='block_1_80' title="bbox 481 3997 2066 4072">
    <p class='ocr_par' dir='ltr' id='par_1_80' title="bbox 481 3998 2061 4066">
     <span class='ocr_line' id='line_1_80' title="bbox 481 3998 2061 4066; baseline -0.001 -12"><span class='ocrx_word' id='word_1_668' title='bbox 481 4007 569 4054; x_wconf 89' lang='lat' dir='ltr'><strong>est</strong></span> <span class='ocrx_word' id='word_1_669' title='bbox 594 3998 698 4054; x_wconf 90' lang='lat' dir='ltr'><strong>hoc</strong></span> <span class='ocrx_word' id='word_1_670' title='bbox 725 4000 846 4054; x_wconf 88' lang='lat' dir='ltr'><strong>loco</strong></span> <span class='ocrx_word' id='word_1_671' title='bbox 873 4000 916 4032; x_wconf 82' lang='grc'><strong>⁸⁷</strong></span> <span class='ocrx_word' id='word_1_672' title='bbox 945 4019 959 4056; x_wconf 91' lang='lat'><strong>:</strong></span> <span class='ocrx_word' id='word_1_673' title='bbox 989 4021 1006 4056; x_wconf 88' lang='grc' dir='ltr'><strong>ι</strong></span> <span class='ocrx_word' id='word_1_674' title='bbox 1036 3999 1114 4057; x_wconf 84' lang='lat' dir='ltr'><strong>Ne</strong></span> <span class='ocrx_word' id='word_1_675' title='bbox 1135 3999 1274 4056; x_wconf 80' lang='lat' dir='ltr'><strong>forte</strong></span> <span class='ocrx_word' id='word_1_676' title='bbox 1295 4001 1520 4057; x_wconf 90' lang='lat' dir='ltr'><strong>elevatis</strong></span> <span class='ocrx_word' id='word_1_677' title='bbox 1545 4001 1722 4057; x_wconf 90' lang='lat' dir='ltr'><strong>oculis</strong></span> <span class='ocrx_word' id='word_1_678' title='bbox 1749 3999 1816 4054; x_wconf 83' lang='lat' dir='ltr'><strong>ad</strong></span> <span class='ocrx_word' id='word_1_679' title='bbox 1837 3999 2061 4066; x_wconf 71' lang='lat' dir='ltr'><strong>cmlum,</strong></span> 
     </span>
    </p>
   </div>
   <div class='ocr_carea' id='block_1_81' title="bbox 2171 3997 3746 4072">
    <p class='ocr_par' dir='ltr' id='par_1_81' title="bbox 2171 3997 3746 4072">
     <span class='ocr_line' id='line_1_81' title="bbox 2171 3997 3746 4072; baseline -0.002 -20"><span class='ocrx_word' id='word_1_680' title='bbox 2171 3998 2248 4070; x_wconf 81' lang='grc' dir='ltr'>τῷ</span> <span class='ocrx_word' id='word_1_681' title='bbox 2268 4016 2281 4030; x_wconf 73' lang='grc' dir='ltr'>ο</span> <span class='ocrx_word' id='word_1_682' title='bbox 2332 4019 2351 4052; x_wconf 78' lang='grc' dir='ltr'><strong>ι</strong></span> <span class='ocrx_word' id='word_1_683' title='bbox 2397 4000 2489 4069; x_wconf 82' lang='grc' dir='ltr'><strong>Μὴ</strong></span> <span class='ocrx_word' id='word_1_684' title='bbox 2516 3999 2825 4070; x_wconf 77' lang='grc' dir='ltr'>ἀναϐλέψας</span> <span class='ocrx_word' id='word_1_685' title='bbox 2864 4001 2944 4062; x_wconf 83' lang='grc' dir='ltr'>εἰς</span> <span class='ocrx_word' id='word_1_686' title='bbox 2970 3999 3060 4055; x_wconf 77' lang='grc' dir='ltr'>τὸν</span> <span class='ocrx_word' id='word_1_687' title='bbox 3099 3999 3350 4072; x_wconf 76' lang='grc' dir='ltr'>οὐρανὸν,</span> <span class='ocrx_word' id='word_1_688' title='bbox 3384 4000 3481 4053; x_wconf 79' lang='grc' dir='ltr'><strong>καὶ</strong></span> <span class='ocrx_word' id='word_1_689' title='bbox 3512 3997 3631 4052; x_wconf 77' lang='grc' dir='ltr'>ἰδὼν</span> <span class='ocrx_word' id='word_1_690' title='bbox 3660 3997 3746 4050; x_wconf 79' lang='grc' dir='ltr'>τὸν</span> 
     </span>
    </p>
   </div>
   <div class='ocr_carea' id='block_1_82' title="bbox 1683 4136 2550 4195">
    <p class='ocr_par' dir='ltr' id='par_1_82' title="bbox 1683 4136 2550 4195">
     <span class='ocr_line' id='line_1_82' title="bbox 1683 4136 2550 4195; baseline 0.001 -1"><span class='ocrx_word' id='word_1_691' title='bbox 1683 4137 1915 4195; x_wconf 82' lang='lat' dir='ltr'>VETUS</span> <span class='ocrx_word' id='word_1_692' title='bbox 1966 4136 2550 4195; x_wconf 75' lang='lat' dir='ltr'><strong>INTERPRETATIO.</strong></span> 
     </span>
    </p>
   </div>
   <div class='ocr_carea' id='block_1_83' title="bbox 483 4208 3747 4312">
    <p class='ocr_par' dir='ltr' id='par_1_83' title="bbox 483 4208 3747 4312">
     <span class='ocr_line' id='line_1_83' title="bbox 483 4208 3747 4312; baseline -0.003 -18"><span class='ocrx_word' id='word_1_693' title='bbox 483 4208 705 4294; x_wconf 48' lang='lat' dir='ltr'><strong>nomine</strong></span> <span class='ocrx_word' id='word_1_694' title='bbox 735 4251 876 4312; x_wconf 83' lang='lat' dir='ltr'><strong>meo.</strong></span> <span class='ocrx_word' id='word_1_695' title='bbox 917 4257 935 4288; x_wconf 72' lang='grc' dir='ltr'><strong>ι</strong></span> <span class='ocrx_word' id='word_1_696' title='bbox 985 4226 1656 4312; x_wconf 66' lang='lat' dir='ltr'><strong>Secundum__Mattliaaum</strong></span> <span class='ocrx_word' id='word_1_697' title='bbox 1698 4251 1827 4312; x_wconf 69' lang='lat' dir='ltr'><strong>ergo</strong></span> <span class='ocrx_word' id='word_1_698' title='bbox 1861 4244 1915 4312; x_wconf 82' lang='lat' dir='ltr'><strong>et</strong></span> <span class='ocrx_word' id='word_1_699' title='bbox 1953 4233 2233 4312; x_wconf 81' lang='lat' dir='ltr'><strong>Marcum,</strong></span> <span class='ocrx_word' id='word_1_700' title='bbox 2277 4244 2458 4304; x_wconf 88' lang='lat' dir='ltr'><strong>potest</strong></span> <span class='ocrx_word' id='word_1_701' title='bbox 2507 4236 2633 4312; x_wconf 81' lang='lat' dir='ltr'><strong>quis</strong></span> <span class='ocrx_word' id='word_1_702' title='bbox 2675 4235 2927 4312; x_wconf 63' lang='lat' dir='ltr'><strong>dubitare</strong></span> <span class='ocrx_word' id='word_1_703' title='bbox 2977 4243 3426 4312; x_wconf 88' lang='lat' dir='ltr'><strong>u_trum_puerum</strong></span> <span class='ocrx_word' id='word_1_704' title='bbox 3477 4231 3747 4312; x_wconf 78' lang='lat' dir='ltr'><strong>Spiritum</strong></span> 
     </span>
    </p>
   </div>
   <div class='ocr_carea' id='block_1_84' title="bbox 491 4303 3746 4380">
    <p class='ocr_par' dir='ltr' id='par_1_84' title="bbox 491 4303 3746 4380">
     <span class='ocr_line' id='line_1_84' title="bbox 491 4303 3746 4380; baseline -0.002 -21"><span class='ocrx_word' id='word_1_705' title='bbox 491 4318 744 4380; x_wconf 79' lang='lat' dir='ltr'><strong>sanctum</strong></span> <span class='ocrx_word' id='word_1_706' title='bbox 785 4308 932 4361; x_wconf 85' lang='lat' dir='ltr'><strong>dicat</strong></span> <span class='ocrx_word' id='word_1_707' title='bbox 972 4325 984 4361; x_wconf 73' lang='grc' dir='ltr'>ί</span> <span class='ocrx_word' id='word_1_708' title='bbox 1033 4309 1162 4380; x_wconf 82' lang='lat' dir='ltr'><strong>quia</strong></span> <span class='ocrx_word' id='word_1_709' title='bbox 1194 4309 1272 4362; x_wconf 89' lang='lat' dir='ltr'><strong>sic</strong></span> <span class='ocrx_word' id='word_1_710' title='bbox 1304 4308 1602 4380; x_wconf 78' lang='lat' dir='ltr'><strong>dixerunt:</strong></span> <span class='ocrx_word' id='word_1_711' title='bbox 1641 4303 1907 4380; x_wconf 48' lang='lat' dir='ltr'><strong>rSi:qtiis</strong></span> <span class='ocrx_word' id='word_1_712' title='bbox 1939 4305 2210 4372; x_wconf 88' lang='lat' dir='ltr'><strong>acceperit</strong></span> <span class='ocrx_word' id='word_1_713' title='bbox 2249 4303 2478 4380; x_wconf 81' lang='lat' dir='ltr'><strong>puerum</strong></span> <span class='ocrx_word' id='word_1_714' title='bbox 2519 4303 2762 4380; x_wconf 52' lang='lat' dir='ltr'><strong>talem.)</strong></span> <span class='ocrx_word' id='word_1_715' title='bbox 2809 4305 3118 4380; x_wconf 82' lang='lat' dir='ltr'><strong>secundum</strong></span> <span class='ocrx_word' id='word_1_716' title='bbox 3162 4303 3359 4380; x_wconf 71' lang='lat' dir='ltr'><strong>Lucam</strong></span> <span class='ocrx_word' id='word_1_717' title='bbox 3396 4311 3574 4380; x_wconf 75' lang='lat' dir='ltr'><strong>autem</strong></span> <span class='ocrx_word' id='word_1_718' title='bbox 3619 4303 3746 4380; x_wconf 72' lang='lat' dir='ltr'><strong>quis</strong></span> 
     </span>
    </p>
   </div>
   <div class='ocr_carea' id='block_1_85' title="bbox 484 4371 3748 4450">
    <p class='ocr_par' dir='ltr' id='par_1_85' title="bbox 484 4371 3748 4450">
     <span class='ocr_line' id='line_1_85' title="bbox 484 4371 3748 4450; baseline -0.001 -20"><span class='ocrx_word' id='word_1_719' title='bbox 484 4376 715 4450; x_wconf 83' lang='lat' dir='ltr'><strong>ambigit</strong></span> <span class='ocrx_word' id='word_1_720' title='bbox 740 4392 900 4450; x_wconf 83' lang='lat' dir='ltr'><strong>posse</strong></span> <span class='ocrx_word' id='word_1_721' title='bbox 930 4371 1156 4450; x_wconf 68' lang='lat' dir='ltr'><strong>intelligi</strong></span> <span class='ocrx_word' id='word_1_722' title='bbox 1192 4395 1419 4450; x_wconf 76' lang='lat' dir='ltr'><strong>puerum</strong></span> <span class='ocrx_word' id='word_1_723' title='bbox 1454 4378 1604 4431; x_wconf 90' lang='lat' dir='ltr'><strong>illum</strong></span> <span class='ocrx_word' id='word_1_724' title='bbox 1641 4371 1904 4450; x_wconf 72' lang='lat' dir='ltr'><strong>Spiritum</strong></span> <span class='ocrx_word' id='word_1_725' title='bbox 1938 4371 2188 4430; x_wconf 84' lang='lat' dir='ltr'><strong>sanctum</strong></span> <span class='ocrx_word' id='word_1_726' title='bbox 2230 4371 2356 4450; x_wconf 76' lang='lat' dir='ltr'><strong>cum</strong></span> <span class='ocrx_word' id='word_1_727' title='bbox 2393 4375 2580 4450; x_wconf 61' lang='lat' dir='ltr'><strong>dicat;</strong></span> <span class='ocrx_word' id='word_1_728' title='bbox 2617 4395 2640 4428; x_wconf 85' lang='grc' dir='ltr'><strong>ι</strong></span> <span class='ocrx_word' id='word_1_729' title='bbox 2670 4377 2729 4431; x_wconf 87' lang='lat' dir='ltr'><strong>Si</strong></span> <span class='ocrx_word' id='word_1_730' title='bbox 2766 4377 2897 4450; x_wconf 78' lang='lat' dir='ltr'><strong>guis</strong></span> <span class='ocrx_word' id='word_1_731' title='bbox 2941 4375 3208 4443; x_wconf 88' lang='lat' dir='ltr'><strong>acceperit</strong></span> <span class='ocrx_word' id='word_1_732' title='bbox 3245 4387 3470 4441; x_wconf 88' lang='lat' dir='ltr'><strong>puerum</strong></span> <span class='ocrx_word' id='word_1_733' title='bbox 3511 4371 3656 4424; x_wconf 87' lang='lat' dir='ltr'><strong>hunc</strong></span> <span class='ocrx_word' id='word_1_734' title='bbox 3689 4371 3748 4450; x_wconf 75' lang='lat' dir='ltr'><strong>in</strong></span> 
     </span>
    </p>
   </div>
   <div class='ocr_carea' id='block_1_86' title="bbox 483 4445 3750 4522">
    <p class='ocr_par' dir='ltr' id='par_1_86' title="bbox 483 4445 3750 4522">
     <span class='ocr_line' id='line_1_86' title="bbox 483 4445 3750 4522; baseline -0.003 -20"><span class='ocrx_word' id='word_1_735' title='bbox 483 4448 707 4522; x_wconf 72' lang='lat' dir='ltr'><strong>nornine</strong></span> <span class='ocrx_word' id='word_1_736' title='bbox 742 4448 900 4500; x_wconf 85' lang='lat' dir='ltr'><strong>meo?</strong></span> <span class='ocrx_word' id='word_1_737' title='bbox 936 4467 954 4498; x_wconf 77' lang='grc' dir='ltr'><strong>ι</strong></span> <span class='ocrx_word' id='word_1_738' title='bbox 991 4445 1303 4522; x_wconf 79' lang='lat' dir='ltr'><strong>Secundum</strong></span> <span class='ocrx_word' id='word_1_739' title='bbox 1333 4447 1536 4522; x_wconf 86' lang='lat' dir='ltr'><strong>Lucam</strong></span> <span class='ocrx_word' id='word_1_740' title='bbox 1560 4445 1697 4522; x_wconf 71' lang='lat' dir='ltr'><strong>ergo</strong></span> <span class='ocrx_word' id='word_1_741' title='bbox 1719 4446 1980 4522; x_wconf 78' lang='lat' dir='ltr'><strong>debemus</strong></span> <span class='ocrx_word' id='word_1_742' title='bbox 2016 4460 2259 4522; x_wconf 58' lang='lat' dir='ltr'><strong>puerum</strong></span> <span class='ocrx_word' id='word_1_743' title='bbox 2293 4446 2477 4522; x_wconf 74' lang='lat' dir='ltr'><strong>illum,</strong></span> <span class='ocrx_word' id='word_1_744' title='bbox 2510 4446 2562 4501; x_wconf 84' lang='lat' dir='ltr'><strong>id</strong></span> <span class='ocrx_word' id='word_1_745' title='bbox 2600 4456 2714 4512; x_wconf 91' lang='lat' dir='ltr'><strong>est,</strong></span> <span class='ocrx_word' id='word_1_746' title='bbox 2749 4445 3545 4522; x_wconf 77' lang='lat' dir='ltr'><strong>__S_piritum_sanctum,_quem</strong></span> <span class='ocrx_word' id='word_1_747' title='bbox 3599 4445 3750 4522; x_wconf 73' lang='lat' dir='ltr'><strong>acci-</strong></span> 
     </span>
    </p>
   </div>
   <div class='ocr_carea' id='block_1_87' title="bbox 482 4510 3752 4592">
    <p class='ocr_par' dir='ltr' id='par_1_87' title="bbox 482 4510 3752 4592">
     <span class='ocr_line' id='line_1_87' title="bbox 482 4510 3752 4592; baseline -0.001 -25"><span class='ocrx_word' id='word_1_748' title='bbox 482 4517 640 4584; x_wconf 82' lang='lat' dir='ltr'><strong>piens</strong></span> <span class='ocrx_word' id='word_1_749' title='bbox 664 4514 826 4571; x_wconf 80' lang='lat' dir='ltr'><strong>Jesus</strong></span> <span class='ocrx_word' id='word_1_750' title='bbox 859 4518 1212 4592; x_wconf 65' lang='lat' dir='ltr'><strong>posuitapud</strong></span> <span class='ocrx_word' id='word_1_751' title='bbox 1253 4533 1331 4582; x_wconf 87' lang='lat' dir='ltr'><strong>se,</strong></span> <span class='ocrx_word' id='word_1_752' title='bbox 1364 4510 1649 4592; x_wconf 74' lang='lat' dir='ltr'><strong>suscipere</strong></span> <span class='ocrx_word' id='word_1_753' title='bbox 1675 4517 1738 4592; x_wconf 88' lang='lat' dir='ltr'><strong>in_</strong></span> <span class='ocrx_word' id='word_1_754' title='bbox 1759 4515 1981 4592; x_wconf 71' lang='lat' dir='ltr'><strong>nurnine</strong></span> <span class='ocrx_word' id='word_1_755' title='bbox 2009 4510 2158 4592; x_wconf 81' lang='lat' dir='ltr'><strong>Jesu.</strong></span> <span class='ocrx_word' id='word_1_756' title='bbox 2200 4513 2345 4592; x_wconf 81' lang='lat' dir='ltr'><strong>Vivit</strong></span> <span class='ocrx_word' id='word_1_757' title='bbox 2387 4510 2708 4592; x_wconf 40' lang='lat' dir='ltr'><strong>enim_pue_r&#39;</strong></span> <span class='ocrx_word' id='word_1_758' title='bbox 2749 4510 2837 4570; x_wconf 80' lang='lat' dir='ltr'><strong>ille</strong></span> <span class='ocrx_word' id='word_1_759' title='bbox 2885 4515 3044 4592; x_wconf 75' lang='lat' dir='ltr'><strong>quasi</strong></span> <span class='ocrx_word' id='word_1_760' title='bbox 3101 4511 3467 4592; x_wconf 66' lang='lat' dir='ltr'><strong>immortalis:</strong></span> <span class='ocrx_word' id='word_1_761' title='bbox 3497 4519 3553 4565; x_wconf 93' lang='lat' dir='ltr'><strong>ct</strong></span> <span class='ocrx_word' id='word_1_762' title='bbox 3585 4510 3752 4564; x_wconf 83' lang='lat' dir='ltr'><strong>debe-</strong></span> 
     </span>
    </p>
   </div>
   <div class='ocr_carea' id='block_1_88' title="bbox 483 4579 3749 4666">
    <p class='ocr_par' dir='ltr' id='par_1_88' title="bbox 483 4579 3749 4666">
     <span class='ocr_line' id='line_1_88' title="bbox 483 4579 3749 4666; baseline -0.002 -28"><span class='ocrx_word' id='word_1_763' title='bbox 483 4579 609 4640; x_wconf 81' lang='lat' dir='ltr'><strong>inns</strong></span> <span class='ocrx_word' id='word_1_764' title='bbox 639 4601 766 4642; x_wconf 88' lang='lat' dir='ltr'><strong>eum</strong></span> <span class='ocrx_word' id='word_1_765' title='bbox 801 4579 873 4666; x_wconf 67' lang='lat' dir='ltr'><strong>ab</strong></span> <span class='ocrx_word' id='word_1_766' title='bbox 899 4588 1017 4657; x_wconf 88' lang='lat' dir='ltr'><strong>ipso</strong></span> <span class='ocrx_word' id='word_1_767' title='bbox 1047 4579 1178 4642; x_wconf 69' lang='lat' dir='ltr'><strong>Iesu</strong></span> <span class='ocrx_word' id='word_1_768' title='bbox 1210 4579 1569 4666; x_wconf 69' lang='lat' dir='ltr'><strong>constitutum</strong></span> <span class='ocrx_word' id='word_1_769' title='bbox 1598 4586 1741 4666; x_wconf 73' lang='lat' dir='ltr'><strong>apud</strong></span> <span class='ocrx_word' id='word_1_770' title='bbox 1773 4584 1959 4665; x_wconf 78' lang='lat' dir='ltr'><strong>Jesum</strong></span> <span class='ocrx_word' id='word_1_771' title='bbox 1995 4587 2272 4666; x_wconf 85' lang='lat' dir='ltr'><strong>suscipere</strong></span> <span class='ocrx_word' id='word_1_772' title='bbox 2307 4587 2362 4640; x_wconf 90' lang='lat' dir='ltr'><strong>in</strong></span> <span class='ocrx_word' id='word_1_773' title='bbox 2395 4579 2619 4666; x_wconf 78' lang='lat' dir='ltr'><strong>nomine</strong></span> <span class='ocrx_word' id='word_1_774' title='bbox 2658 4585 2788 4666; x_wconf 78' lang='lat' dir='ltr'><strong>Jesu</strong></span> <span class='ocrx_word' id='word_1_775' title='bbox 2817 4604 2832 4639; x_wconf 91' lang='lat'><strong>:</strong></span> <span class='ocrx_word' id='word_1_776' title='bbox 2863 4579 3126 4666; x_wconf 54' lang='lat' dir='ltr'><strong>quoniam</strong></span> <span class='ocrx_word' id='word_1_777' title='bbox 3161 4598 3288 4638; x_wconf 88' lang='lat' dir='ltr'><strong>cum</strong></span> <span class='ocrx_word' id='word_1_778' title='bbox 3317 4582 3390 4664; x_wconf 76' lang='lat' dir='ltr'><strong>sit</strong></span> <span class='ocrx_word' id='word_1_779' title='bbox 3410 4579 3571 4637; x_wconf 67' lang='lat' dir='ltr'><strong>Iesus</strong></span> <span class='ocrx_word' id='word_1_780' title='bbox 3587 4595 3749 4666; x_wconf 56' lang='lat' dir='ltr'><strong>&#39;pun:</strong></span> 
     </span>
    </p>
   </div>
   <div class='ocr_carea' id='block_1_89' title="bbox 484 4649 3748 4733">
    <p class='ocr_par' dir='ltr' id='par_1_89' title="bbox 484 4649 3748 4733">
     <span class='ocr_line' id='line_1_89' title="bbox 484 4649 3748 4733; baseline -0.002 -26"><span class='ocrx_word' id='word_1_781' title='bbox 484 4671 661 4733; x_wconf 54' lang='lat' dir='ltr'><strong>quani</strong></span> <span class='ocrx_word' id='word_1_782' title='bbox 683 4649 941 4733; x_wconf 74' lang='lat' dir='ltr'><strong>recc_dens</strong></span> <span class='ocrx_word' id='word_1_783' title='bbox 971 4674 1000 4712; x_wconf 90' lang='lat' dir='ltr'><strong>a</strong></span> <span class='ocrx_word' id='word_1_784' title='bbox 1028 4673 1201 4733; x_wconf 78' lang='lat' dir='ltr'><strong>puero</strong></span> <span class='ocrx_word' id='word_1_785' title='bbox 1231 4658 1344 4723; x_wconf 87' lang='lat' dir='ltr'><strong>illo,</strong></span> <span class='ocrx_word' id='word_1_786' title='bbox 1378 4657 1612 4733; x_wconf 76' lang='lat' dir='ltr'><strong>ﬁt_ap_ud_</strong></span> <span class='ocrx_word' id='word_1_787' title='bbox 1636 4649 1768 4711; x_wconf 77' lang='lat' dir='ltr'><strong>eum</strong></span> <span class='ocrx_word' id='word_1_788' title='bbox 1799 4656 1890 4733; x_wconf 75' lang='lat' dir='ltr'><strong>qui</strong></span> <span class='ocrx_word' id='word_1_789' title='bbox 1925 4649 2192 4733; x_wconf 72' lang='lat' dir='ltr'><strong>receperit</strong></span> <span class='ocrx_word' id='word_1_790' title='bbox 2221 4671 2454 4733; x_wconf 79' lang='lat' dir='ltr'><strong>puerum</strong></span> <span class='ocrx_word' id='word_1_791' title='bbox 2500 4657 2828 4733; x_wconf 30' lang='lat' dir='ltr'><strong>inﬁnnmine</strong></span> <span class='ocrx_word' id='word_1_792' title='bbox 2850 4649 3013 4733; x_wconf 37' lang='lat' dir='ltr'><strong>“ejus.</strong></span> <span class='ocrx_word' id='word_1_793' title='bbox 3064 4652 3131 4733; x_wconf 83' lang='lat' dir='ltr'><strong>Et</strong></span> <span class='ocrx_word' id='word_1_794' title='bbox 3158 4653 3424 4733; x_wconf 74' lang='lat' dir='ltr'><strong>quoniam</strong></span> <span class='ocrx_word' id='word_1_795' title='bbox 3458 4665 3558 4733; x_wconf 82' lang='lat' dir='ltr'><strong>nec</strong></span> <span class='ocrx_word' id='word_1_796' title='bbox 3587 4649 3748 4703; x_wconf 86' lang='lat' dir='ltr'><strong>Pater</strong></span> 
     </span>
    </p>
   </div>
   <div class='ocr_carea' id='block_1_90' title="bbox 485 4724 3751 4804">
    <p class='ocr_par' dir='ltr' id='par_1_90' title="bbox 485 4724 3751 4804">
     <span class='ocr_line' id='line_1_90' title="bbox 485 4724 3751 4804; baseline -0.001 -25"><span class='ocrx_word' id='word_1_797' title='bbox 485 4725 692 4804; x_wconf 66' lang='lat' dir='ltr'><strong>recedit</strong></span> <span class='ocrx_word' id='word_1_798' title='bbox 724 4743 754 4804; x_wconf 66' lang='grc' dir='ltr'><strong>ει</strong></span> <span class='ocrx_word' id='word_1_799' title='bbox 788 4728 960 4804; x_wconf 66' lang='lat' dir='ltr'><strong>Filio;</strong></span> <span class='ocrx_word' id='word_1_800' title='bbox 995 4724 1047 4784; x_wconf 83' lang='lat' dir='ltr'><strong>si</strong></span> <span class='ocrx_word' id='word_1_801' title='bbox 1069 4729 1194 4799; x_wconf 90' lang='lat' dir='ltr'><strong>quis</strong></span> <span class='ocrx_word' id='word_1_802' title='bbox 1222 4728 1488 4804; x_wconf 69' lang='lat' dir='ltr'><strong>receperit</strong></span> <span class='ocrx_word' id='word_1_803' title='bbox 1514 4727 1736 4804; x_wconf 80' lang='lat' dir='ltr'><strong>Filium,</strong></span> <span class='ocrx_word' id='word_1_804' title='bbox 1772 4725 1968 4804; x_wconf 58' lang='lat' dir='ltr'><strong>recipit</strong></span> <span class='ocrx_word' id='word_1_805' title='bbox 1999 4726 2142 4804; x_wconf 71' lang='lat' dir='ltr'><strong>apud</strong></span> <span class='ocrx_word' id='word_1_806' title='bbox 2181 4724 2241 4780; x_wconf 82' lang='lat' dir='ltr'><strong>se</strong></span> <span class='ocrx_word' id='word_1_807' title='bbox 2282 4726 2446 4804; x_wconf 73' lang='lat' dir='ltr'><strong>simul</strong></span> <span class='ocrx_word' id='word_1_808' title='bbox 2479 4736 2533 4781; x_wconf 87' lang='lat' dir='ltr'><strong>et</strong></span> <span class='ocrx_word' id='word_1_809' title='bbox 2563 4725 2802 4804; x_wconf 64' lang='lat' dir='ltr'><strong>Patrem.</strong></span> <span class='ocrx_word' id='word_1_810' title='bbox 2843 4724 2947 4791; x_wconf 85' lang='lat' dir='ltr'><strong>Qui</strong></span> <span class='ocrx_word' id='word_1_811' title='bbox 2988 4732 3170 4804; x_wconf 74' lang='lat' dir='ltr'><strong>autem</strong></span> <span class='ocrx_word' id='word_1_812' title='bbox 3201 4724 3410 4804; x_wconf 65' lang='lat' dir='ltr'><strong>recepit</strong></span> <span class='ocrx_word' id='word_1_813' title='bbox 3435 4730 3497 4804; x_wconf 29' lang='lat' dir='ltr'><strong>“et</strong></span> <span class='ocrx_word' id='word_1_814' title='bbox 3523 4733 3751 4804; x_wconf 50' lang='lat' dir='ltr'><strong>puerili}!</strong></span> 
     </span>
    </p>
   </div>
   <div class='ocr_carea' id='block_1_91' title="bbox 486 4790 3752 4874">
    <p class='ocr_par' dir='ltr' id='par_1_91' title="bbox 486 4790 3752 4874">
     <span class='ocr_line' id='line_1_91' title="bbox 486 4790 3752 4874; baseline -0.002 -25"><span class='ocrx_word' id='word_1_815' title='bbox 486 4794 560 4874; x_wconf 82' lang='lat' dir='ltr'><strong>in_</strong></span> <span class='ocrx_word' id='word_1_816' title='bbox 601 4799 823 4852; x_wconf 88' lang='lat' dir='ltr'><strong>nomine</strong></span> <span class='ocrx_word' id='word_1_817' title='bbox 879 4790 1006 4854; x_wconf 82' lang='lat' dir='ltr'><strong>Jesu</strong></span> <span class='ocrx_word' id='word_1_818' title='bbox 1034 4841 1050 4866; x_wconf 93' lang='lat'><strong>,</strong></span> <span class='ocrx_word' id='word_1_819' title='bbox 1085 4790 1164 4854; x_wconf 75' lang='grc' dir='ltr'><strong>ἐι</strong></span> <span class='ocrx_word' id='word_1_820' title='bbox 1215 4790 1401 4854; x_wconf 77' lang='lat' dir='ltr'><strong>Jesunt</strong></span> <span class='ocrx_word' id='word_1_821' title='bbox 1449 4799 1502 4853; x_wconf 87' lang='lat' dir='ltr'><strong>in</strong></span> <span class='ocrx_word' id='word_1_822' title='bbox 1555 4790 1778 4874; x_wconf 74' lang='lat' dir='ltr'><strong>nomine</strong></span> <span class='ocrx_word' id='word_1_823' title='bbox 1825 4790 2051 4874; x_wconf 60' lang='lat' dir='ltr'><strong>Patris;</strong></span> <span class='ocrx_word' id='word_1_824' title='bbox 2097 4795 2158 4874; x_wconf 74' lang='lat' dir='ltr'><strong>in</strong></span> <span class='ocrx_word' id='word_1_825' title='bbox 2201 4797 2460 4852; x_wconf 91' lang='lat' dir='ltr'><strong>omnibus</strong></span> <span class='ocrx_word' id='word_1_826' title='bbox 2491 4797 2786 4874; x_wconf 59' lang='lat' dir='ltr'><strong>_mino_t:ern</strong></span> <span class='ocrx_word' id='word_1_827' title='bbox 2842 4790 2903 4850; x_wconf 81' lang='lat' dir='ltr'><strong>se</strong></span> <span class='ocrx_word' id='word_1_828' title='bbox 2931 4794 3162 4874; x_wconf 78' lang='lat' dir='ltr'><strong>_pra:bet</strong></span> <span class='ocrx_word' id='word_1_829' title='bbox 3207 4790 3500 4874; x_wconf 65' lang='lat' dir='ltr'><strong>discipulis</strong></span> <span class='ocrx_word' id='word_1_830' title='bbox 3550 4790 3752 4874; x_wconf 69' lang='lat' dir='ltr'><strong>Christi</strong></span> 
     </span>
    </p>
   </div>
   <div class='ocr_carea' id='block_1_92' title="bbox 486 4864 3752 4941">
    <p class='ocr_par' dir='ltr' id='par_1_92' title="bbox 486 4864 3752 4941">
     <span class='ocr_line' id='line_1_92' title="bbox 486 4864 3752 4941; baseline -0.001 -25"><span class='ocrx_word' id='word_1_831' title='bbox 486 4864 726 4941; x_wconf 73' lang='lat' dir='ltr'><strong>selpsum</strong></span> <span class='ocrx_word' id='word_1_832' title='bbox 764 4864 1044 4941; x_wconf 79' lang='lat' dir='ltr'><strong>minorans</strong></span> <span class='ocrx_word' id='word_1_833' title='bbox 1075 4889 1090 4924; x_wconf 89' lang='lat'><strong>:</strong></span> <span class='ocrx_word' id='word_1_834' title='bbox 1119 4879 1173 4925; x_wconf 87' lang='lat' dir='ltr'><strong>et</strong></span> <span class='ocrx_word' id='word_1_835' title='bbox 1204 4878 1411 4940; x_wconf 89' lang='lat' dir='ltr'><strong>quanto</strong></span> <span class='ocrx_word' id='word_1_836' title='bbox 1454 4868 1630 4941; x_wconf 84' lang='lat' dir='ltr'><strong>magis</strong></span> <span class='ocrx_word' id='word_1_837' title='bbox 1676 4883 1737 4925; x_wconf 89' lang='lat' dir='ltr'><strong>sc</strong></span> <span class='ocrx_word' id='word_1_838' title='bbox 1783 4866 2170 4936; x_wconf 32' lang='lat' dir='ltr'><strong>minoraverit‘,</strong></span> <span class='ocrx_word' id='word_1_839' title='bbox 2205 4874 2354 4922; x_wconf 88' lang='lat' dir='ltr'><strong>tanto</strong></span> <span class='ocrx_word' id='word_1_840' title='bbox 2396 4867 2576 4937; x_wconf 88' lang='lat' dir='ltr'><strong>major</strong></span> <span class='ocrx_word' id='word_1_841' title='bbox 2624 4868 2854 4924; x_wconf 82' lang='lat' dir='ltr'><strong>eﬂicitur</strong></span> <span class='ocrx_word' id='word_1_842' title='bbox 2895 4864 2970 4920; x_wconf 86' lang='lat' dir='ltr'><strong>ab</strong></span> <span class='ocrx_word' id='word_1_843' title='bbox 3013 4879 3080 4920; x_wconf 92' lang='lat' dir='ltr'><strong>eo</strong></span> <span class='ocrx_word' id='word_1_844' title='bbox 3127 4864 3223 4934; x_wconf 89' lang='lat' dir='ltr'><strong>qui</strong></span> <span class='ocrx_word' id='word_1_845' title='bbox 3261 4864 3316 4918; x_wconf 90' lang='lat' dir='ltr'><strong>ei</strong></span> <span class='ocrx_word' id='word_1_846' title='bbox 3367 4864 3752 4918; x_wconf 83' lang='lat' dir='ltr'><strong>minorationis</strong></span> 
     </span>
    </p>
   </div>
   <div class='ocr_carea' id='block_1_93' title="bbox 483 4934 3621 5014">
    <p class='ocr_par' dir='ltr' id='par_1_93' title="bbox 483 4934 3621 5014">
     <span class='ocr_line' id='line_1_93' title="bbox 483 4934 3621 5014; baseline 0.009 -26"><span class='ocrx_word' id='word_1_847' title='bbox 483 4934 637 5014; x_wconf 54' lang='lat' dir='ltr'><strong>dedit</strong></span> <span class='ocrx_word' id='word_1_848' title='bbox 671 4939 1008 5014; x_wconf 74' lang='lat' dir='ltr'><strong>mandatum.</strong></span> <span class='ocrx_word' id='word_1_849' title='bbox 1158 5010 1171 5014; x_wconf 28' lang='grc' dir='ltr'><strong>Α</strong></span> <span class='ocrx_word' id='word_1_850' title='bbox 1220 4934 1240 4940; x_wconf 71' lang='grc'><em>’</em></span> <span class='ocrx_word' id='word_1_851' title='bbox 1455 5010 1468 5014; x_wconf 96' lang='lat'><em>_</em></span> <span class='ocrx_word' id='word_1_852' title='bbox 1510 4934 1575 5014; x_wconf 40' lang='lat' dir='ltr'><strong>ﬂ-</strong></span> <span class='ocrx_word' id='word_1_853' title='bbox 1633 5007 1678 5014; x_wconf 91' lang='lat'><strong>__</strong></span> <span class='ocrx_word' id='word_1_854' title='bbox 2092 4934 2148 5014; x_wconf 28' lang='grc' dir='ltr'><em>ξ</em></span> <span class='ocrx_word' id='word_1_855' title='bbox 2310 5007 2322 5014; x_wconf 90' lang='lat'>_</span> <span class='ocrx_word' id='word_1_856' title='bbox 2486 4934 2500 4937; x_wconf 21' lang='lat' dir='ltr'><strong><em>ﬁ</em></strong></span> <span class='ocrx_word' id='word_1_857' title='bbox 2585 5007 2596 5014; x_wconf 74' lang='grc'><em>,</em></span> <span class='ocrx_word' id='word_1_858' title='bbox 2639 5008 2652 5014; x_wconf 91' lang='lat'><em>_</em></span> <span class='ocrx_word' id='word_1_859' title='bbox 2766 5007 2808 5014; x_wconf 87' lang='lat'>__</span> <span class='ocrx_word' id='word_1_860' title='bbox 3304 5003 3319 5014; x_wconf 89' lang='lat'><strong>.</strong></span> <span class='ocrx_word' id='word_1_861' title='bbox 3441 5003 3453 5014; x_wconf 91' lang='lat'><strong>.</strong></span> <span class='ocrx_word' id='word_1_862' title='bbox 3501 5001 3513 5014; x_wconf 93' lang='lat'><strong>.</strong></span> 
     </span>
    </p>
   </div>
   <div class='ocr_carea' id='block_1_94' title="bbox 555 5001 3752 5086">
    <p class='ocr_par' dir='ltr' id='par_1_94' title="bbox 555 5001 3752 5086">
     <span class='ocr_line' id='line_1_94' title="bbox 555 5001 3752 5086; baseline -0.003 -25"><span class='ocrx_word' id='word_1_863' title='bbox 555 5003 647 5061; x_wconf 78' lang='lat'><strong>20.</strong></span> <span class='ocrx_word' id='word_1_864' title='bbox 687 5025 705 5056; x_wconf 81' lang='grc' dir='ltr'><strong>ι</strong></span> <span class='ocrx_word' id='word_1_865' title='bbox 739 5006 982 5086; x_wconf 70' lang='lat' dir='ltr'><strong>Vzehuic</strong></span> <span class='ocrx_word' id='word_1_866' title='bbox 1010 5010 1211 5086; x_wconf 81' lang='lat' dir='ltr'><strong>mundo</strong></span> <span class='ocrx_word' id='word_1_867' title='bbox 1244 5008 1596 5086; x_wconf 81' lang='lat' dir='ltr'><strong>a_scandalis.</strong></span> <span class='ocrx_word' id='word_1_868' title='bbox 1633 5007 1867 5064; x_wconf 85' lang='lat' dir='ltr'><strong>Necesse</strong></span> <span class='ocrx_word' id='word_1_869' title='bbox 1905 5005 2165 5086; x_wconf 84' lang='lat' dir='ltr'><strong>est_en_im</strong></span> <span class='ocrx_word' id='word_1_870' title='bbox 2201 5007 2386 5086; x_wconf 68' lang='lat' dir='ltr'><strong>venire</strong></span> <span class='ocrx_word' id='word_1_871' title='bbox 2431 5007 2711 5086; x_wconf 71' lang='lat' dir='ltr'><strong>scandala.</strong></span> <span class='ocrx_word' id='word_1_872' title='bbox 2766 5007 3153 5086; x_wconf 75' lang='lat' dir='ltr'><strong>Verumtamen</strong></span> <span class='ocrx_word' id='word_1_873' title='bbox 3187 5020 3271 5086; x_wconf 63' lang='lat' dir='ltr'><strong>vae</strong></span> <span class='ocrx_word' id='word_1_874' title='bbox 3304 5001 3624 5086; x_wconf 23' lang='lat' dir='ltr'><strong>hominihilli</strong></span> <span class='ocrx_word' id='word_1_875' title='bbox 3658 5012 3752 5086; x_wconf 80' lang='lat' dir='ltr'><strong>per</strong></span> 
     </span>
    </p>
   </div>
   <div class='ocr_carea' id='block_1_95' title="bbox 483 5077 3753 5154">
    <p class='ocr_par' dir='ltr' id='par_1_95' title="bbox 483 5077 3753 5154">
     <span class='ocr_line' id='line_1_95' title="bbox 483 5077 3753 5154; baseline -0.003 -23"><span class='ocrx_word' id='word_1_876' title='bbox 483 5090 647 5154; x_wconf 76' lang='lat' dir='ltr'><strong>quem</strong></span> <span class='ocrx_word' id='word_1_877' title='bbox 679 5078 998 5154; x_wconf 82' lang='lat' dir='ltr'><strong>scandalum</strong></span> <span class='ocrx_word' id='word_1_878' title='bbox 1028 5082 1245 5154; x_wconf 49' lang='lat' dir='ltr'><strong>venit.)</strong></span> <span class='ocrx_word' id='word_1_879' title='bbox 1282 5081 1452 5150; x_wconf 79' lang='lat' dir='ltr'><strong>Digna</strong></span> <span class='ocrx_word' id='word_1_880' title='bbox 1479 5089 1957 5154; x_wconf 61' lang='lat' dir='ltr'><strong>est_res_,quzerere</strong></span> <span class='ocrx_word' id='word_1_881' title='bbox 1992 5078 2046 5131; x_wconf 92' lang='lat' dir='ltr'><strong>in</strong></span> <span class='ocrx_word' id='word_1_882' title='bbox 2079 5077 2361 5154; x_wconf 63' lang='lat' dir='ltr'><strong>hocloco,</strong></span> <span class='ocrx_word' id='word_1_883' title='bbox 2388 5079 2518 5148; x_wconf 86' lang='lat' dir='ltr'><strong>quid</strong></span> <span class='ocrx_word' id='word_1_884' title='bbox 2547 5080 2680 5154; x_wconf 80' lang='lat' dir='ltr'><strong>dicit</strong></span> <span class='ocrx_word' id='word_1_885' title='bbox 2705 5078 3126 5154; x_wconf 77' lang='lat' dir='ltr'><strong>essemnndum</strong></span> <span class='ocrx_word' id='word_1_886' title='bbox 3153 5077 3243 5132; x_wconf 90' lang='lat' dir='ltr'><strong>cui</strong></span> <span class='ocrx_word' id='word_1_887' title='bbox 3282 5077 3619 5154; x_wconf 63' lang='lat' dir='ltr'><strong>promittitur</strong></span> <span class='ocrx_word' id='word_1_888' title='bbox 3653 5084 3753 5130; x_wconf 64' lang='lat' dir='ltr'><strong>vae,</strong></span> 
     </span>
    </p>
   </div>
   <div class='ocr_carea' id='block_1_96' title="bbox 483 5142 3758 5220">
    <p class='ocr_par' dir='ltr' id='par_1_96' title="bbox 483 5142 3758 5220">
     <span class='ocr_line' id='line_1_96' title="bbox 483 5142 3758 5220; baseline -0.003 -18"><span class='ocrx_word' id='word_1_889' title='bbox 483 5142 573 5202; x_wconf 77' lang='lat' dir='ltr'><strong>cui</strong></span> <span class='ocrx_word' id='word_1_890' title='bbox 603 5150 788 5204; x_wconf 90' lang='lat' dir='ltr'><strong>omnia</strong></span> <span class='ocrx_word' id='word_1_891' title='bbox 831 5151 1086 5204; x_wconf 88' lang='lat' dir='ltr'><strong>scandala</strong></span> <span class='ocrx_word' id='word_1_892' title='bbox 1134 5142 1378 5207; x_wconf 62' lang='lat' dir='ltr'><strong>aﬂ‘crunt&#39;</strong></span> <span class='ocrx_word' id='word_1_893' title='bbox 1423 5167 1522 5206; x_wconf 61' lang='lat' dir='ltr'><strong>vae.</strong></span> <span class='ocrx_word' id='word_1_894' title='bbox 1576 5142 1880 5219; x_wconf 81' lang='lat' dir='ltr'><strong>Intelligere</strong></span> <span class='ocrx_word' id='word_1_895' title='bbox 1929 5157 2113 5203; x_wconf 90' lang='lat' dir='ltr'><strong>autem</strong></span> <span class='ocrx_word' id='word_1_896' title='bbox 2159 5149 2366 5220; x_wconf 89' lang='lat' dir='ltr'><strong>aliquid</strong></span> <span class='ocrx_word' id='word_1_897' title='bbox 2405 5142 2750 5220; x_wconf 71' lang='lat' dir='ltr'><strong>poterimus,</strong></span> <span class='ocrx_word' id='word_1_898' title='bbox 2801 5149 2848 5204; x_wconf 92' lang='lat' dir='ltr'><strong>si</strong></span> <span class='ocrx_word' id='word_1_899' title='bbox 2893 5142 3298 5220; x_wconf 53' lang='lat' dir='ltr'><strong>congregemus&#39;</strong></span> <span class='ocrx_word' id='word_1_900' title='bbox 3345 5142 3758 5213; x_wconf 79' lang='lat' dir='ltr'><strong>Scripturarunt</strong></span> 
     </span>
    </p>
   </div>
   <div class='ocr_carea' id='block_1_97' title="bbox 553 5281 2066 5357">
    <p class='ocr_par' dir='ltr' id='par_1_97' title="bbox 553 5283 2066 5357">
     <span class='ocr_line' id='line_1_97' title="bbox 553 5283 2066 5357; baseline -0.007 -10"><span class='ocrx_word' id='word_1_901' title='bbox 553 5293 600 5327; x_wconf 65' lang='grc'><strong>⁸³</strong></span> <span class='ocrx_word' id='word_1_902' title='bbox 633 5291 764 5346; x_wconf 85' lang='lat' dir='ltr'><strong>Luc.</strong></span> <span class='ocrx_word' id='word_1_903' title='bbox 799 5306 875 5357; x_wconf 78' lang='lat' dir='ltr'><strong>Ix,</strong></span> <span class='ocrx_word' id='word_1_904' title='bbox 905 5288 993 5343; x_wconf 73' lang='grc'><strong>48.</strong></span> <span class='ocrx_word' id='word_1_905' title='bbox 1070 5290 1115 5322; x_wconf 76' lang='grc'><strong>⁸³</strong></span> <span class='ocrx_word' id='word_1_906' title='bbox 1143 5289 1274 5344; x_wconf 85' lang='lat' dir='ltr'><strong>ibid.</strong></span> <span class='ocrx_word' id='word_1_907' title='bbox 1351 5288 1576 5353; x_wconf 65' lang='lat' dir='ltr'><strong>81*ibid.,</strong></span> <span class='ocrx_word' id='word_1_908' title='bbox 1607 5287 1693 5354; x_wconf 68' lang='grc'><strong>18,</strong></span> <span class='ocrx_word' id='word_1_909' title='bbox 1734 5285 1819 5340; x_wconf 82' lang='lat' dir='ltr'><strong>l7.</strong></span> <span class='ocrx_word' id='word_1_910' title='bbox 1898 5285 1943 5316; x_wconf 78' lang='grc'><strong>⁸⁸</strong></span> <span class='ocrx_word' id='word_1_911' title='bbox 1973 5283 2066 5340; x_wconf 78' lang='lat' dir='ltr'><strong>Mal</strong></span> 
     </span>
    </p>
   </div>
   <div class='ocr_carea' id='block_1_98' title="bbox 2171 5281 3499 5357">
    <p class='ocr_par' dir='ltr' id='par_1_98' title="bbox 2198 5281 3499 5352">
     <span class='ocr_line' id='line_1_98' title="bbox 2198 5281 3499 5352; baseline -0.003 -12"><span class='ocrx_word' id='word_1_912' title='bbox 2198 5301 2352 5352; x_wconf 73' lang='lat' dir='ltr'><strong>xvtu,</strong></span> <span class='ocrx_word' id='word_1_913' title='bbox 2391 5285 2444 5339; x_wconf 90' lang='lat'><strong>7.</strong></span> <span class='ocrx_word' id='word_1_914' title='bbox 2518 5285 2562 5316; x_wconf 73' lang='grc'><strong>⁸⁸</strong></span> <span class='ocrx_word' id='word_1_915' title='bbox 2589 5284 2748 5340; x_wconf 77' lang='lat' dir='ltr'><strong>Joan.</strong></span> <span class='ocrx_word' id='word_1_916' title='bbox 2787 5301 2824 5350; x_wconf 84' lang='grc' dir='ltr'><strong>ι,</strong></span> <span class='ocrx_word' id='word_1_917' title='bbox 2856 5283 2943 5338; x_wconf 76' lang='grc'><strong>10.</strong></span> <span class='ocrx_word' id='word_1_918' title='bbox 3021 5285 3065 5316; x_wconf 79' lang='grc'><strong>⁸⁷</strong></span> <span class='ocrx_word' id='word_1_919' title='bbox 3098 5281 3254 5339; x_wconf 88' lang='lat' dir='ltr'><strong>Deut.</strong></span> <span class='ocrx_word' id='word_1_920' title='bbox 3298 5297 3372 5345; x_wconf 79' lang='lat' dir='ltr'><strong>tv,</strong></span> <span class='ocrx_word' id='word_1_921' title='bbox 3406 5281 3499 5336; x_wconf 74' lang='lat' dir='ltr'><strong>i9.</strong></span> 
     </span>
    </p>
   </div>
   <div class='ocr_carea' id='block_1_99' title="bbox 554 5426 2066 5504">
    <p class='ocr_par' dir='ltr' id='par_1_99' title="bbox 554 5426 2061 5504">
     <span class='ocr_line' id='line_1_99' title="bbox 554 5426 2061 5504; baseline -0.014 1"><span class='ocrx_word' id='word_1_922' title='bbox 554 5432 667 5504; x_wconf 65' lang='grc'><strong>(42)</strong></span> <span class='ocrx_word' id='word_1_923' title='bbox 695 5426 902 5504; x_wconf 70' lang='grc' dir='ltr'><strong>οὗτός</strong></span> <span class='ocrx_word' id='word_1_924' title='bbox 923 5430 1055 5504; x_wconf 72' lang='grc' dir='ltr'>ἐστι</span> <span class='ocrx_word' id='word_1_925' title='bbox 1079 5432 1292 5504; x_wconf 58' lang='grc' dir='ltr'>μέγαςε</span> <span class='ocrx_word' id='word_1_926' title='bbox 1327 5430 1704 5504; x_wconf 65' lang='grc' dir='ltr'>Ἀνέπνωμεν,</span> <span class='ocrx_word' id='word_1_927' title='bbox 1737 5439 1853 5504; x_wconf 58' lang='grc' dir='ltr'>(εις.</span> <span class='ocrx_word' id='word_1_928' title='bbox 1872 5429 2061 5504; x_wconf 54' lang='lat' dir='ltr'><strong>Orige»</strong></span> 
     </span>
    </p>
   </div>
   <div class='ocr_carea' id='block_1_100' title="bbox 2171 5426 3032 5504">
    <p class='ocr_par' dir='ltr' id='par_1_100' title="bbox 2171 5428 3032 5504">
     <span class='ocr_line' id='line_1_100' title="bbox 2171 5428 3032 5504; baseline -0.003 -18"><span class='ocrx_word' id='word_1_929' title='bbox 2171 5439 2385 5504; x_wconf 67' lang='lat' dir='ltr'><strong>tempus</strong></span> <span class='ocrx_word' id='word_1_930' title='bbox 2411 5439 2736 5504; x_wconf 57' lang='lat' dir='ltr'><strong>agnoscunt.</strong></span> <span class='ocrx_word' id='word_1_931' title='bbox 2765 5428 3032 5504; x_wconf 62' lang='lat' dir='ltr'><strong>ﬂemus.</strong></span> 
     </span>
    </p>
   </div>
   <div class='ocr_carea' id='block_1_101' title="bbox 487 5494 2066 5641">
    <p class='ocr_par' dir='ltr' id='par_1_101' title="bbox 487 5494 2065 5641">
     <span class='ocr_line' id='line_1_101' title="bbox 487 5494 2063 5574; baseline -0.001 -17"><span class='ocrx_word' id='word_1_932' title='bbox 487 5494 584 5558; x_wconf 79' lang='lat' dir='ltr'><strong>nes</strong></span> <span class='ocrx_word' id='word_1_933' title='bbox 629 5494 802 5566; x_wconf 79' lang='lat' dir='ltr'><strong>infra,</strong></span> <span class='ocrx_word' id='word_1_934' title='bbox 846 5494 1001 5565; x_wconf 75' lang='grc' dir='ltr'>οὗτός</span> <span class='ocrx_word' id='word_1_935' title='bbox 1064 5494 1179 5556; x_wconf 72' lang='grc' dir='ltr'>ἔστι</span> <span class='ocrx_word' id='word_1_936' title='bbox 1227 5494 1424 5574; x_wconf 79' lang='grc' dir='ltr'>μέγας.</span> <span class='ocrx_word' id='word_1_937' title='bbox 1459 5494 1524 5556; x_wconf 64' lang='grc' dir='ltr'>Ὶδ</span> <span class='ocrx_word' id='word_1_938' title='bbox 1567 5494 1633 5557; x_wconf 58' lang='grc' dir='ltr'>ἑο</span> <span class='ocrx_word' id='word_1_939' title='bbox 1682 5494 1736 5556; x_wconf 82' lang='lat' dir='ltr'><strong>in</strong></span> <span class='ocrx_word' id='word_1_940' title='bbox 1786 5494 2063 5572; x_wconf 69' lang='lat' dir='ltr'><strong>aliquibus</strong></span> 
     </span>
     <span class='ocr_line' id='line_1_102' title="bbox 487 5571 2065 5641; baseline 0.001 -17"><span class='ocrx_word' id='word_1_941' title='bbox 487 5574 887 5641; x_wconf 77' lang='lat' dir='ltr'><strong>exctiiplaribus</strong></span> <span class='ocrx_word' id='word_1_942' title='bbox 939 5573 1135 5641; x_wconf 78' lang='lat' dir='ltr'><strong>legisse</strong></span> <span class='ocrx_word' id='word_1_943' title='bbox 1177 5573 1494 5641; x_wconf 87' lang='lat' dir='ltr'><strong>prolitetur,</strong></span> <span class='ocrx_word' id='word_1_944' title='bbox 1541 5571 1713 5626; x_wconf 73' lang='grc' dir='ltr'>ἔσται.</span> <span class='ocrx_word' id='word_1_945' title='bbox 1758 5571 1826 5626; x_wconf 86' lang='lat' dir='ltr'><strong>At</strong></span> <span class='ocrx_word' id='word_1_946' title='bbox 1873 5586 2065 5626; x_wconf 86' lang='lat' dir='ltr'><strong>omnes</strong></span> 
     </span>
    </p>
   </div>
   <div class='ocr_carea' id='block_1_102' title="bbox 2171 5494 3712 5641">
    <p class='ocr_par' dir='ltr' id='par_1_102' title="bbox 2245 5494 3712 5641">
     <span class='ocr_line' id='line_1_103' title="bbox 2268 5494 3712 5574; baseline -0.006 -20"><span class='ocrx_word' id='word_1_947' title='bbox 2268 5494 2357 5572; x_wconf 62' lang='grc'><strong>45)</strong></span> <span class='ocrx_word' id='word_1_948' title='bbox 2409 5494 2966 5569; x_wconf 77' lang='grc' dir='ltr'>Ἐπιδεικνυμένοις.</span> <span class='ocrx_word' id='word_1_949' title='bbox 2998 5499 3136 5571; x_wconf 81' lang='lat' dir='ltr'><strong>Lege</strong></span> <span class='ocrx_word' id='word_1_950' title='bbox 3163 5494 3635 5566; x_wconf 72' lang='grc' dir='ltr'>ἐπιδεικνυμένης.</span> <span class='ocrx_word' id='word_1_951' title='bbox 3682 5561 3712 5574; x_wconf 41' lang='grc' dir='ltr'><strong>η</strong></span> 
     </span>
     <span class='ocr_line' id='line_1_104' title="bbox 2245 5502 3712 5641; baseline -0.018 1"><span class='ocrx_word' id='word_1_952' title='bbox 2245 5502 2357 5641; x_wconf 45' lang='grc' dir='ltr'><strong>ΣΗ)</strong></span> <span class='ocrx_word' id='word_1_953' title='bbox 2409 5572 2506 5624; x_wconf 74' lang='grc' dir='ltr'><strong>Ἐν</strong></span> <span class='ocrx_word' id='word_1_954' title='bbox 2554 5571 2634 5638; x_wconf 82' lang='grc' dir='ltr'>τῷ</span> <span class='ocrx_word' id='word_1_955' title='bbox 2673 5573 2896 5641; x_wconf 81' lang='grc' dir='ltr'>κόσμῳ.</span> <span class='ocrx_word' id='word_1_956' title='bbox 2955 5568 3264 5641; x_wconf 79' lang='lat' dir='ltr'><strong>Legendum</strong></span> <span class='ocrx_word' id='word_1_957' title='bbox 3309 5567 3518 5623; x_wconf 78' lang='lat' dir='ltr'><strong>ridetur</strong></span> <span class='ocrx_word' id='word_1_958' title='bbox 3551 5566 3610 5619; x_wconf 81' lang='grc' dir='ltr'>ὲν</span> <span class='ocrx_word' id='word_1_959' title='bbox 3642 5579 3712 5635; x_wconf 71' lang='grc' dir='ltr'>τῳ</span> 
     </span>
    </p>
   </div>
   <div class='ocr_carea' id='block_1_103' title="bbox 486 5566 2066 5643">
    <p class='ocr_par' dir='ltr' id='par_1_103' title="bbox 486 5566 2065 5643">
     <span class='ocr_line' id='line_1_105' title="bbox 486 5566 2065 5643; baseline 0.001 -19"><span class='ocrx_word' id='word_1_960' title='bbox 486 5574 887 5643; x_wconf 71' lang='lat' dir='ltr'><strong>exemplaribus</strong></span> <span class='ocrx_word' id='word_1_961' title='bbox 939 5573 1135 5642; x_wconf 79' lang='lat' dir='ltr'><strong>legisse</strong></span> <span class='ocrx_word' id='word_1_962' title='bbox 1177 5566 1494 5642; x_wconf 67' lang='lat' dir='ltr'><strong>proﬁtetur,</strong></span> <span class='ocrx_word' id='word_1_963' title='bbox 1541 5571 1713 5626; x_wconf 73' lang='grc' dir='ltr'>ἔσται.</span> <span class='ocrx_word' id='word_1_964' title='bbox 1758 5571 1826 5626; x_wconf 86' lang='lat' dir='ltr'><strong>At</strong></span> <span class='ocrx_word' id='word_1_965' title='bbox 1873 5566 2065 5643; x_wconf 76' lang='lat' dir='ltr'><strong>omnes</strong></span> 
     </span>
    </p>
   </div>
   <div class='ocr_carea' id='block_1_104' title="bbox 2171 5566 3756 5643">
    <p class='ocr_par' dir='ltr' id='par_1_104' title="bbox 2188 5566 3756 5643">
     <span class='ocr_line' id='line_1_106' title="bbox 2188 5566 3756 5643; baseline -0.017 0"><span class='ocrx_word' id='word_1_966' title='bbox 2188 5566 2370 5643; x_wconf 57' lang='lat'><strong>,,,(“)_</strong></span> <span class='ocrx_word' id='word_1_967' title='bbox 2409 5572 2506 5643; x_wconf 69' lang='grc' dir='ltr'><strong>Ἐν</strong></span> <span class='ocrx_word' id='word_1_968' title='bbox 2554 5571 2634 5638; x_wconf 82' lang='grc' dir='ltr'>τῷ</span> <span class='ocrx_word' id='word_1_969' title='bbox 2673 5566 2896 5643; x_wconf 73' lang='grc' dir='ltr'>κόσμῳ.</span> <span class='ocrx_word' id='word_1_970' title='bbox 2955 5566 3264 5642; x_wconf 75' lang='lat' dir='ltr'><strong>Legéndum</strong></span> <span class='ocrx_word' id='word_1_971' title='bbox 3309 5567 3518 5623; x_wconf 78' lang='lat' dir='ltr'><strong>ridetur</strong></span> <span class='ocrx_word' id='word_1_972' title='bbox 3551 5566 3610 5619; x_wconf 81' lang='grc' dir='ltr'>ὲν</span> <span class='ocrx_word' id='word_1_973' title='bbox 3642 5566 3756 5635; x_wconf 67' lang='grc' dir='ltr'><strong>τῷ*</strong></span> 
     </span>
    </p>
   </div>
   <div class='ocr_carea' id='block_1_105' title="bbox 489 5640 2619 5715">
    <p class='ocr_par' dir='ltr' id='par_1_105' title="bbox 489 5640 2619 5715">
     <span class='ocr_line' id='line_1_107' title="bbox 489 5640 2619 5715; baseline 0.001 -21"><span class='ocrx_word' id='word_1_974' title='bbox 489 5640 653 5715; x_wconf 80' lang='lat' dir='ltr'><strong>hodie</strong></span> <span class='ocrx_word' id='word_1_975' title='bbox 698 5640 1192 5715; x_wconf 46' lang='lat' dir='ltr'><strong>omninichdiccs—</strong></span> <span class='ocrx_word' id='word_1_976' title='bbox 1235 5653 1290 5698; x_wconf 91' lang='lat' dir='ltr'><strong>ct</strong></span> <span class='ocrx_word' id='word_1_977' title='bbox 1331 5643 1810 5715; x_wconf 78' lang='lat' dir='ltr'><strong>interpretationes</strong></span> <span class='ocrx_word' id='word_1_978' title='bbox 1851 5642 1932 5696; x_wconf 89' lang='lat' dir='ltr'><strong>sic</strong></span> <span class='ocrx_word' id='word_1_979' title='bbox 1968 5641 2065 5694; x_wconf 87' lang='lat' dir='ltr'><strong>ha-</strong></span> <span class='ocrx_word' id='word_1_980' title='bbox 2185 5642 2273 5697; x_wconf 81' lang='grc' dir='ltr'>Ἐν</span> <span class='ocrx_word' id='word_1_981' title='bbox 2305 5641 2380 5715; x_wconf 81' lang='grc' dir='ltr'><strong>τῷ</strong></span> <span class='ocrx_word' id='word_1_982' title='bbox 2413 5641 2619 5714; x_wconf 77' lang='grc' dir='ltr'>κόσμῳ.</span> 
     </span>
    </p>
   </div>
   <div class='ocr_carea' id='block_1_106' title="bbox 489 5711 2063 5785">
    <p class='ocr_par' dir='ltr' id='par_1_106' title="bbox 489 5711 2063 5785">
     <span class='ocr_line' id='line_1_108' title="bbox 489 5711 2063 5785; baseline 0.003 -19"><span class='ocrx_word' id='word_1_983' title='bbox 489 5713 650 5779; x_wconf 86' lang='lat' dir='ltr'><strong>bent,</strong></span> <span class='ocrx_word' id='word_1_984' title='bbox 690 5719 880 5782; x_wconf 71' lang='lat' dir='ltr'><strong>praeter</strong></span> <span class='ocrx_word' id='word_1_985' title='bbox 913 5711 1196 5785; x_wconf 78' lang='lat' dir='ltr'><strong>Vulgatam</strong></span> <span class='ocrx_word' id='word_1_986' title='bbox 1231 5723 1284 5771; x_wconf 90' lang='lat' dir='ltr'><strong>ct</strong></span> <span class='ocrx_word' id='word_1_987' title='bbox 1312 5711 1600 5771; x_wconf 78' lang='lat' dir='ltr'><strong>Arabicam</strong></span> <span class='ocrx_word' id='word_1_988' title='bbox 1629 5753 1642 5781; x_wconf 97' lang='lat'><strong>,</strong></span> <span class='ocrx_word' id='word_1_989' title='bbox 1674 5729 1796 5784; x_wconf 66' lang='lat' dir='ltr'><strong>qua:</strong></span> <span class='ocrx_word' id='word_1_990' title='bbox 1823 5727 2063 5784; x_wconf 82' lang='lat' dir='ltr'><strong>praesens</strong></span> 
     </span>
    </p>
   </div>
  </div>
