4028 6296
252 379 397 437 1149

1206 374 1565 434 COMMEN'I‘.
1604 375 1672 431 IN
1710 374 2131 434 MATTIIEUM
2170 376 2412 437 TOMUS
2450 379 2590 436 XIII.

3388 384 3528 441 “50

249 499 429 571 ἣλιον,
462 497 560 553 καὶ
597 497 697 569 τὴν
731 495 992 569 σελήνην,
1026 494 1123 550 καὶ
1154 493 1333 550 πάντα
1363 495 1458 550 16v
1502 495 1707 568 κόσμον
1745 495 1845 550 τοῦ

1957 496 2132 553 videas
2164 497 2335 554 solem
2356 507 2411 554 et
2437 498 2651 565 lunam,
2669 511 2725 555 et
2745 512 2966 556 omnem
2994 508 3247 555 ornatum
3278 498 3528 574 (κόσμον)

252 587 512 664 οὐρανοῦ,
540 588 836 658 πλανηθεὶς
861 588 1253 662 προσκυνήσῃς
1271 587 1478 653 αὐτοῖς,
1500 587 1600 641 καὶ
1622 581 1847 660 λατρεύ-

259 696 362 757 σῃς
389 680 591 745 αὐτοῖς.
630 698 650 731 ι
686 677 759 732 T6
787 679 831 733 δ’
863 680 1047 752 όμοιον
1078 678 1277 749 φήσεις
1318 679 1390 734 ὲν·
1417 681 1489 751 τῇ
1530 679 1850 751 Ἐσθὴρλς-

254 773 444 847 λέχθαι
487 772 614 846 περὶ
660 772 853 846 αὐτῆς,
903 773 995 826 ὅτε
1032 771 1347 843 γιγραπται
1395 789 1416 824 ι
1477 771 1849 844 Περιελομένη

255 867 436 921 πάντα
462 864 555 919 16v
582 864 790 936 κόσμον
809 863 984 935 αὐτῆς
1015 862 1159 935 (45)·
1198 880 1218 915 ι
1251 863 1313 917 οὐ
1337 861 1449 935 γάρ
1472 862 1675 918 ταυτόν.
1698 865 1849 919 ἑστιν

258 956 446 1021 ἀτελῶς
476 958 505 1009 6
532 956 760 1026 κόσμος,
792 957 889 1010 καὶ
914 956 945 1007 6
972 953 1182 1026 κόσμος
1219 954 1314 1008 τοῦ
1350 954 1606 1028 οὐρανοῦ,
1631 955 1665 1027 ἢ
1695 958 1725 1010 6
1752 956 1848 1009 κό-

259 1063 394 1119 σμος
422 1050 526 1119 τῆς
569 1046 804 1119 Ἐσθήρα
837 1047 902 1101 16
932 1047 991 1101 δὲ
1023 1046 1120 1101 νῦν
1157 1036 1291 1118 ἡμῖν
1329 1045 1660 1118 ζητούμενον
1700 1046 1848 1102 ἀλλο.

258 1138 485 1209 Νομίζω
514 1133 628 1202 οὖν,
661 1140 745 1192 ὅτι
783 1139 844 1192 οὐ
872 1138 934 1191 16
978 1137 1038 1204 ἐξ
1069 1136 1304 1209 οὐρανοῦ
1337 1140 1434 1193 καὶ
1461 1140 1566 1210 γῆς
1600 1138 1852 1211 σύστημά

258 1232 377 1284 ἐστι
409 1230 552 1285 κατά
576 1230 646 1284 τὰ
676 1231 794 1284 θεῖα
822 1231 1129 1305 γράμματα
1160 1230 1189 1283 6
1222 1230 1446 1302 κόσμος,
1480 1231 1598 1285 ἀλλ’
1630 1233 1659 1284 6
1692 1231 1851 1303 περί-

260 1338 410 1391 γειος
443 1323 603 1394 μόνος
635 1323 820 1388 τόπος,
848 1324 945 1377 καὶ
973 1316 1129 1386 οὗτος
1155 1321 1218 1376 οὐ
1248 1322 1370 1377 καθ’
1400 1323 1528 1396 ὃλην
1565 1323 1854 1396 νοούμενος

260 1413 362 1485 τὴν
392 1412 520 1484 γῆν,
556 1413 672 1467 ἀλλ’
699 1415 728 1468 6
766 1413 913 1468 κατά
950 1414 1050 1486 τὴν
1093 1414 1377 1489 ἡμετέραν
1404 1416 1731 1489 οἰκουμένην
1750 1433 1764 1447 ο
1795 1416 1854 1469 ὲν

261 1503 341 1574 τῷ
371 1504 561 1576 κόσμῳ
608 1504 717 1576 γὰρ
765 1500 836 1577 ἦν
877 1505 939 1558 16
974 1503 1227 1577 ἀληθινὸν
1275 1505 1413 1576 φῶς,
1468 1505 1547 1577 τῷ
1592 1506 1854 1579 περιγείῳ

263 1594 416 1667 τόπῳ
448 1594 528 1667 τῷ
565 1596 710 1651 κατά
738 1596 1015 1669 ἡμετέραν
1043 1597 1318 1669 νοουμένῳ
1340 1611 1355 1628 ο
1393 1615 1412 1649 ι
1453 1596 1562 1651 Καὶ
1590 1599 1620 1651 6
1651 1597 1857 1668 κόσμος

266 1689 431 1742 αὐτὸν
455 1688 556 1743 οὐκ
585 1688 746 1758 ἔγνω,
780 1709 799 1742 ι
825 1689 877 1743 οἱ
908 1692 967 1744 ὲν
993 1689 1072 1761 τῷ
1094 1690 1360 1762 περιγείῳ
1377 1690 1530 1762 τόπῳ
1557 1689 1856 1762 ἄνθρωποι,

265 1778 410 1850 τάχα
442 1780 499 1834 δὲ
546 1780 640 1835 καὶ
682 1780 738 1835 αἱ
768 1783 963 1835 οἰκεῖαι
1004 1779 1083 1853 τῷ
1127 1783 1311 1855 χωρίῳ
1342 1781 1519 1853 τούτῳ
1558 1781 1851 1853 δυνάμειςο

1948 589 2093 656 οωιί,
2126 595 2182 645 et
2222 604 2411 645 errore
2447 589 2705 661 deceptus
2751 592 2945 649 adores
2979 607 3066 662 ea,
3102 604 3156 648 et
3196 594 3350 650 colas
3383 609 3468 649 ea.
3505 615 3525 649 ι

1950 680 2139 738 Simile
2167 682 2223 737 in
2253 682 2395 738 libro
2421 681 2623 739 Esther
2651 683 2859 740 dictum
2891 700 3015 743 esse
3051 684 3119 741 de
3153 684 3245 740 illo
3288 686 3527 756 inquies,

1949 788 2075 831 cum
2129 774 2393 846 scriptum
2440 776 2630 835 est”:
2675 796 2696 830 ι
2740 778 2878 834 Cum
2926 779 3267 850 deposuisset
3313 796 3528 835 omnem

1950 873 2205 920 omnium
2260 865 2549 937 (κόσμον)
2602 885 2787 924 suum.
2819 888 2838 920 ι
2887 866 3007 930 Non
3053 869 3197 925 enim
3253 870 3394 925 idem
3448 864 3533 927 est

1949 954 2152 1026 κόσμος
2180 957 2418 1013 mundus
2446 951 2788 1027 simpliciter,
2814 968 2870 1015 et
2895 960 3103 1031 κόσμος
3133 970 3361 1015 ornatus
3382 961 3530 1029 caeli,

1949 1044 2035 1100 vel
2084 1043 2289 1117 κόσμος
2334 1055 2563 1102 ornatus
2604 1045 2802 1103 Esther
2836 1064 2851 1116 ;
2898 1050 3042 1120 quod
3088 1058 3268 1105 autem
3298 1052 3531 1107 nuncin

1951 1136 2254 1207 quiestione
2276 1146 2546 1202 versatur,
2573 1137 2720 1193 aliud
2747 1148 2849 1195 est.
2882 1138 3154 1197 Existimo
3184 1140 3351 1212 igitur
3376 1158 3536 1195 mun-

1952 1228 2106 1295 dum,
2134 1229 2292 1299 juxta
2343 1229 2582 1285 divinam
2635 1231 2999 1302 Scripturam,
3055 1249 3164 1289 non
3214 1222 3533 1306 compagem

1951 1320 2099 1375 illam
2135 1335 2276 1385 esse,
2299 1336 2422 1390 quae
2455 1322 2596 1377 emlo
2630 1330 2684 1377 et
2738 1334 2880 1377 terra
2924 1333 3175 1391 constat,
3218 1325 3312 1380 sed
3351 1326 3532 1380 locum

1955 1409 2115 1466 hunc
2153 1408 2532 1467 tantummodo
2578 1413 2672 1482 qui
2714 1425 2915 1468 terram
2957 1415 3156 1481 ambit,
3207 1425 3370 1487 atque
3408 1431 3533 1489 eum

1954 1502 2172 1574 quidem
2203 1517 2312 1557 non
2345 1504 2440 1573 qui
2472 1505 2783 1561 universam
2820 1515 3021 1561 terram
3078 1507 3287 1564 ambire
3333 1510 3534 1565 intelli—

1955 1596 2123 1667 gitur,
2157 1596 2250 1652 sed
2287 1611 2407 1651 eam
2449 1597 2629 1651 solum
2681 1612 2803 1667 quae
2849 1612 2880 1652 a
2932 1598 3092 1653 nobis
3144 1599 3443 1654 incolitur:
3480 1601 3532 1655 in

1955 1687 2162 1744 mundo
2192 1687 2337 1743 enim
2369 1697 2486 1744 erat
2517 1688 2609 1743 lux
2644 1704 2794 1752 vera,
2833 1688 2885 1743 in
2914 1704 2981 1744 eo
3003 1690 3254 1745 videlicet
3281 1691 3403 1745 loco
3439 1692 3535 1761 qui

1957 1786 2160 1834 terram
2199 1791 2444 1835 nostram
2495 1780 2707 1835 ambire
2744 1780 3111 1851 intelligitur;
3153 1799 3171 1833 ι
3204 1788 3258 1835 et
3299 1782 3536 1837 mundus

267 1871 469 1927 ἀτοπον
501 1872 611 1945 γὰρ
641 1872 823 1941 λέγειν
860 1872 922 1925 τὸ
960 1872 1019 1940 ἐξ
1060 1852 1292 1946 οὐρανοῧ
1334 1873 1446 1945 (46)
1476 1852 1570 1927 διαὶ
1596 1852 1722 1944 γῆς,
1762 1873 1853 1927 καὶ

1960 1885 2087 1957 eum
2118 1885 2229 1926 non
2257 1872 2533 1941 cognovit,
2566 1890 2585 1923 ι
2620 1871 2869 1927 homines
2896 1887 3090 1942 nempe
3117 1873 3209 1943 qui
3242 1873 3387 1928 circa
3424 1868 3536 1927 ter-

266 1962 377 2018 τῶν
408 1966 467 2017 ὲν
497 1964 683 2027 αὐτοῖς
727 1963 981 2035 σύστημα
1004 1979 1020 1995 ·
1050 1964 1181 2019 ὥστ’
1220 1966 1392 2019 εἰπεῖν
1426 1964 1513 2029 ἀν,
1554 1965 1636 2019 ὅτι
1679 1963 1853 2035 ἥλιος,

267 2052 361 2107 καὶ
414 2052 631 2127 σελήνη,
672 2051 767 2106 καὶ
811 2054 840 2106 6
884 2051 1046 2124 χορὸς
1095 2051 1207 2106 τῶν
1258 2046 1532 2126 ἀστέρων,
1571 2052 1667 2107 xui.
1706 2055 1756 2107 oi
1794 2054 1854 2109 ἐν

265 2143 372 2217 ὅλῳ
410 2144 487 2216 τῷ
512 2146 704 2217 κόσμῳ
741 2145 917 2215 τούτῳ
955 2143 1178 2213 ἄγγελοι
1227 2145 1329 2199 οὐκ
1366 2145 1608 2215 ἔγνωσαν
1634 2145 1696 2199 16
1721 2146 1854 2218 ἀλη-

267 2235 412 2289 θινὸν
444 2235 583 2306 φῶς,
615 2236 714 2290 καὶ
738 2233 1061 2305 ἀγνοοῦντες
1095 2236 1227 2289 αὐτὸ
1256 2223 1527 2309 ἐτήρησαν
1555 2237 1655 2309 τὴν
1679 2239 1857 2290 ἐπιτε-

266 2328 548 2400 ταγμένην
597 2329 783 2393 αὐτοῖς
825 2329 933 2382 ἀπὸ
972 2328 1108 2383 Θεοῦ
1154 2328 1329 2395 τάξιν.
1388 2331 1548 2386 Ἀλλά
1589 2331 1684 2385 καὶ
1725 2332 1854 2385 ὅταν

267 2422 495 2495 λέγηται
535 2422 640 2476 ὑπὸ
683 2420 778 2475 τοῦ
819 2421 1074 2493 Σωτῆρος
1119 2423 1178 2478 ὲν
1210 2425 1277 2495 τῇ
1319 2423 1455 2495 πρὸς
1500 2423 1592 2477 16v
1627 2422 1858 2494 Πατέρα

268 2516 436 2586 εὐχῇο
517 2533 535 2566 ι
607 2515 720 2569 Καὶ
785 2513 881 2567 νῦν
949 2513 1171 2580 δόξασόν
1246 2532 1348 2586 με,
1410 2515 1625 2587 Πάτερ,
1707 2515 1858 2587 παρὰ

269 2605 485 2676 σεαυτῷ
523 2608 590 2677 τῇ
614 2605 741 2679 δόξῃ
778 2605 847 2675 ἢν
880 2600 1028 2676 εἶχον
1067 2606 1176 2677 πρὸ
1215 2606 1311 2660 τοῦ
1344 2607 1437 2661 τὸν
1476 2608 1678 2678 κόσμον
1721 2603 1860 2661 εἶναι

268 2698 423 2770 παρά
459 2698 563 2761 σοὶ,
605 2717 624 2749 ι
654 2697 760 2768 χρὴ
796 2695 1017 2751 ἀκούειν
1056 2698 1263 2768 κόσμον
1300 2697 1557 2767 λέγεσθαι
1597 2698 1697 2771 τὴν
1734 2697 1857 2753 καθ’

1960 1976 2079 2018 ram
2104 1972 2416 2028 versantur,
2451 1964 2535 2020 vel
2566 1964 2732 2019 etiam
2770 1964 3002 2021 fortasse
3029 1965 3265 2035 propriae
3288 1974 3341 2021 et
3374 1964 3538 2022 fami-

1958 2054 2123 2111 liares
2169 2055 2289 2112 loco
2334 2055 2466 2111 huic
2507 2064 2856 2127 potestates;
2901 2054 3223 2112 absurdum
3254 2059 3399 2113 enim
3453 2067 3540 2115 est

1958 2145 2143 2200 dicere
2174 2160 2492 2217 compagem
2525 2145 2673 2201 illam
2711 2162 2835 2216 quae
2877 2162 2944 2202 ex
2988 2147 3150 2208 coelo.
3194 2156 3250 2204 et
3288 2158 3451 2215 terra,
3483 2160 3539 2206 et

1957 2250 2081 2305 quae
2108 2235 2164 2290 in
2190 2235 2272 2293 eis
2302 2244 2432 2292 sunt
2474 2246 2728 2293 concreta
2769 2248 2888 2306 est,
2930 2237 3267 2309 signiﬁcari;
3304 2240 3439 2294 adeo
3479 2249 3540 2297 ut

1956 2330 2151 2396 solem,
2180 2338 2235 2385 et
2269 2328 2475 2397 lunam,
2504 2338 2559 2386 et
2585 2329 2827 2385 siderum
2863 2329 3119 2394 chorum,
3140 2337 3195 2384 et
3221 2326 3414 2386 Omnes
3437 2331 3533 2400 qui

1958 2416 2013 2476 in
2040 2420 2300 2475 universo
2327 2418 2533 2473 mundo
2567 2428 2697 2474 sunt
2720 2418 2962 2489 angelos,
2999 2434 3185 2473 veram
3224 2419 3396 2474 lucem
3427 2436 3534 2493 non

1960 2509 2269 2582 agnovisse,
2305 2517 2357 2565 et
2382 2508 2527 2565 illam
2554 2518 2733 2563 tamen
2758 2525 2864 2564 non
2890 2518 3265 2581 agnoscentes,
3289 2510 3534 2567 ordinem

1962 2602 2067 2659 sibi
2100 2618 2131 2657 a
2157 2601 2267 2657 Deo
2291 2602 2654 2671 praestitutum
2685 2616 2933 2656 servasse
2955 2601 3369 2656 contendamus.
3394 2601 3536 2667 Quin

1959 2695 2123 2748 etiam
2154 2708 2279 2748 cum
2316 2692 2370 2747 in
2409 2693 2659 2748 oratione
2685 2692 2751 2747 ad
2786 2692 3004 2748 Patrem
3043 2691 3299 2747 Servator
3319 2684 3536 2748 dicit“:

268 2790 418 2860 ἡμᾶς
454 2790 547 2842 ἐπὶ
578 2791 680 2859 γῆς
722 2790 1078 2861 οἰκουμένηνο
1112 2789 1222 2843 ἀπὸ
1251 2789 1361 2862 γὰρ
1396 2790 1585 2850 τούτου
1622 2789 1718 2847 τοῦ
1760 2789 1858 2843 κό-

271 2895 410 2949 σμου
441 2878 608 2933 ἔδωκε
640 2878 718 2950 τῷ
751 2878 867 2951 Υἱῷ
899 2882 928 2933 6
957 2879 1149 2953 Πατὴρ
1186 2878 1527 2954 ἀνθρώπους,
1568 2880 1698 2954 περὶ
1728 2874 1802 2937 ὧν
1826 2882 1853 2934 6

1958 2878 2205 2935 claritate
2260 2893 2426 2948 quam
2478 2877 2646 2932 habui
2707 2878 3030 2947 priusquam
3098 2877 3336 2932 mundus
3391 2886 3537 2949 esset

269 2969 464 3043 Σωτὴρ
488 2972 669 3044 ἐρωτᾷ
706 2970 799 3026 16v
829 2970 1054 3043 Πατέρα
1095 2970 1204 3045 (47)
1256 2972 1436 3044 μόνων
1481 2972 1615 3046 (48),
1668 2972 1760 3031 καὶ
1791 2972 1851 3026 οὐ

1959 2967 2124 3041 599
2147 2969 2289 3039 apud
2322 2976 2394 3035 te,
2436 2986 2454 3021 ι
2489 2967 2642 3024 locus
2680 2968 2770 3024 hic
2818 2984 2982 3041 supra
3033 2977 3235 3024 terram
3290 2985 3322 3024 a
3373 2970 3533 3025 nobis

1467 3084 1699 3141 VETUS
1746 3066 2342 3139 lN'I‘ERPltETATlO.

268 3181 620 3259 esemplahin
639 3182 838 3252 quibus
854 3181 1169 3259 nominatur
1191 3181 1454 3236 mundus.
1485 3180 1737 3259 drhitror
1765 3194 1896 3254 ergo
1924 3179 2053 3259 quia
2068 3190 2190 3259 _non
2223 3175 2438 3259 cmli'et
2455 3182 2611 3257 terrae
2635 3174 2870 3258 spatium
2895 3177 3196 3259 secundum
3221 3175 3538 3259 scripturas

272 3244 713 3326 divinasjlicitur
742 3252 1007 3326 m_und_u_s._
1058 3250 1450 3326 sed__terrenus
1501 3250 1602 3326 iste
1654 3244 2029 3326 tantummodo
2068 3247 2244 3326 locus,
2276 3245 2368 3326 vel
2423 3244 2680 3326 homines:
2733 3246 2825 3326 qui
2875 3255 3002 3301 sunt
3050 3244 3384 3326 habitatores
3416 3247 3538 3326 _loci

275 3322 458 3379 istius.
489 3321 582 3377 Sic
609 3320 755 3376 enim
787 3320 1105 3389 intelligitur
1135 3319 1269 3375 illud
1296 3320 1443 3390 quod
1472 3320 1588 3375 ait:
1622 3319 1733 3374 (In
1768 3320 1975 3374 mundo
1999 3317 2146 3390 enim
2174 3322 2297 3370 erat
2335 3335 2354 3367 ι
2389 3328 2578 3390 verum
2623 3314 2755 3370 illud
2798 3316 2990 3390 lumen
3012 3355 3027 3380 ,
3082 3315 3133 3369 id
3174 3327 3277 3381 est,
3314 3316 3368 3369 in
3416 3317 3537 3390 loco

271 3404 435 3448 teme
456 3400 658 3447 nostra:
680 3406 844 3466 quam
878 3385 1189 3466 habitamus
1220 3408 1235 3445 :
1275 3385 1382 3466 {et
1416 3391 1664 3466 mundus
1707 3406 1806 3459 per
1848 3385 2257 3466 ipsum_'l”actus
2300 3393 2406 3448 est,
2437 3404 2458 3437 ι
2496 3385 2549 3440 id
2595 3395 2700 3466 est,
2729 3386 2879 3466 orbis
2920 3395 3118 3441 terrae:
3152 3405 3174 3466 ε
3211 3395 3266 3440 et
3300 3387 3539 3440 mundus

270 3478 398 3518 eum
428 3477 538 3536 non
569 3455 841 3536 cogn-ova,
875 3479 895 3512 ι
924 3461 982 3536 id
1002 3470 1112 3536 est,
1142 3459 1392 3536 homines
1416 3455 1752 3516 habitatores
1779 3455 1939 3536 terra:
1964 3455 2533 3536 ist_i_us..lncongr.uum
2564 3456 2843 3536 enimest,
2876 3474 2898 3508 ι
2926 3465 2988 3536 et
3009 3457 3248 3536 mundus
3269 3472 3395 3536 eum
3426 3470 3536 3511 non

272 3530 551 3599 cognovit,
582 3549 602 3582 ι
637 3524 845 3586 referre
870 3532 935 3584 ad
970 3524 1236 3585 elementa
1269 3530 1393 3584 coeli
1426 3539 1481 3584 et
1506 3539 1665 3586 terra:
1691 3548 1704 3585 :
1735 3538 1794 3584 ut
1822 3530 1966 3584 dicat
1993 3526 2225 3599 aliquis,
2242 3524 2500 3599 quoniam
2549 3525 2653 3591 sol,
2679 3533 2734 3579 et
2762 3524 2913 3590 luna,
2944 3535 2998 3579 et
3031 3527 3222 3592 stellae,
3253 3530 3333 3582 vel
3374 3543 3538 3598 aqua,

272 3594 371 3655 vel
395 3594 560 3667 terra,
593 3601 676 3654 vel
703 3600 879 3672 angeli
912 3600 1006 3672 qui
1044 3608 1175 3655 sunt
1195 3599 1925 3676 irruniversohoemundo,
1955 3594 2138 3676 lumen
2159 3594 2305 3676 illud
2336 3608 2524 3676 verum
2548 3609 2658 3676 _non
2687 3604 3077 3676 cognoverunt,
3104 3606 3157 3651 et
3182 3612 3288 3652 non
3332 3594 3540 3676 cogito»

274 3679 492 3727 seentes
533 3662 659 3725 eum
710 3662 1177 3726 conservaverunt
1219 3669 1288 3723 ab
1336 3683 1404 3723 eo
1452 3668 1557 3725 sibi
1608 3669 1857 3724 ordinem
1910 3662 2291 3723 constitutum.
2347 3662 2660 3719 Secundum
2707 3662 2852 3718 hunc
2901 3665 3047 3719 enim
3097 3680 3345 3730 sensum,
3382 3662 3541 3721 intel-

274 3738 463 3809 Iigitur
491 3740 654 3796 etiam
686 3739 851 3795 illud:
881 3759 901 3791 ι
932 3739 999 3795 Et
1028 3755 1176 3796 nunc
1199 3739 1502 3793 honorifica
1529 3754 1636 3803 me,
1666 3748 1722 3793 tu
1743 3736 1925 3809 Pater,
1948 3736 2245 3809 eq_lionore
2270 3748 2432 3809 quem
2457 3732 2622 3809 habui
2640 3744 2940 3802 antequam
2966 3735 3203 3809 mundus
3223 3744 3368 3809 esset
3391 3736 3535 3809 apud

274 3800 350 3865 te".
378 3810 720 3867 Manifestavi
750 3824 949 3866 nomen
986 3818 1139 3864 tuum
1176 3809 1513 3876 hominibus,
1547 3800 1687 3878 quos
1711 3800 1919 3865 dedisti
1945 3804 2081 3861 mihi
2114 3804 2182 3859 de
2208 3800 2433 3858 mundo.
2466 3821 2486 3855 ι
2530 3800 2597 3857 Ει
2640 3811 2760 3875 post
2795 3800 2969 3876 pauca
3007 3823 3022 3860 :
3067 3824 3086 3859 ι
3128 3805 3241 3877 Ego
3284 3800 3536 3887 (inquit)

346 3929 394 3962 ⁸⁸
412 3928 570 3986 Esth.
598 3944 710 3996 xuv,
741 3929 798 3984 2.
871 3927 916 3961 "
944 3926 1103 3984 Joan.
1132 3942 1269 3993 xvu,
1291 3926 1345 3983 5.

1966 2804 1985 2837 ι
2020 2782 2085 2840 Ει
2137 2799 2283 2840 nunc
2330 2782 2571 2839 clariﬁca
2606 2798 2716 2849 me,
2756 2782 2938 2848 Pater,
2969 2784 3112 2856 apud
3164 2784 3537 2854 temetipsum,

349 4046 464 4117 (45)
524 4046 922 4116 Περωλομένη
972 4044 1172 4101 πάντα
1212 4047 1324 4101 τὸν
1365 4046 1601 4114 κόσμον
1646 4041 1853 4117 αιᾎτῆς.

1962 4053 2130 4117 etram
2156 4042 2448 4117 conﬁrmat
2468 4042 2661 4117 homil.
2684 4042 2720 4098 9
2747 4043 2802 4098 in
2835 4042 3000 4117 Leuit.
3027 4060 3044 4097 :
3084 4064 3102 4097 ι
3135 4043 3357 4117 Stamus
3385 4046 3531 4101 enim

275 4113 408 4174 I'Iaéc
439 4113 547 4202 non
580 4113 804 4202 aliunde
848 4113 1167 4202 deprompta
1192 4126 1345 4202 'puto
1369 4113 1553 4202 ﬂuam
1594 4132 1661 4170 ex
1688 4113 1855 4202 I'Esth.

281 4203 375 4312 ἓν
393 4229 409 4254 ,
439 4187 511 4266 ξ,
547 4188 640 4241 καὶ
678 4184 985 4259 ἀφελομένη
1013 4184 1090 4239 τάή
1114 4184 1306 4258 ἱμάτια
1336 4184 1435 4257 τῆς
1466 4184 1624 4257 δόξης
1662 4184 1854 4255 αὐτῆς.

335 4273 546 4313 υετιυε.

355 4326 466 4395 (46)
511 4329 762 4380 Ἄτοπον
795 4324 906 4395 γὰρ
949 4325 1153 4394 λέγειν
1185 4325 1252 4380 τὸ
1280 4325 1350 4392 ἐξ
1388 4324 1649 4395 οὐρανοῦ
1673 4365 1689 4387 ,
1745 4332 1853 4380 etc.

283 4397 567 4478 Sid-cvibus
600 4411 706 4478 non
737 4396 975 4478 animam
1002 4395 1350 4478 solummodo
1382 4407 1437 4478 et
1463 4411 1743 4478 sensum;
1761 4395 1855 4478 sed

280 4476 337 4522 et
365 4465 460 4523 Dei
489 4464 857 4537 cognitionem
887 4465 991 4537 hoc
1023 4462 1144 4537 loco
1169 4465 1358 4537 tribuit
1385 4465 1663 4537 Origenes.
1702 4462 1859 4531 Quod

283 4533 663 4623 argtLu‘ien't‘um
686 4534 1047 4623 exhausimus
1074 4535 1132 4623 in,
1154 4533 1518 4623 Origenifmis;
1540 4533 1616 4623 In;

352 4603 464 4676 μγ)
503 4604 643 4672 Περὶ
674 4603 763 4657 ὧν
803 4605 837 4658 ό
877 4603 1082 4674 Σωτὴρ
1105 4603 1296 4675 ἐρωτᾷ
1328 4605 1436 4660 τόν
1465 4603 1717 4674 Πατέρα,
1749 4614 1852 4665 etc.

285 4672 607 4756 Euthymius
660 4674 713 4728 in
749 4670 920 4756 Joanz
960 4690 1112 4756 xvu,
1136 4676 1194 4756 _9
1236 4694 1249 4731 :
1285 4695 1321 4756 _¢
1351 4673 1476 4756 Non
1502 4689 1601 4756 pro
1632 4675 1857 4756 .mundo

285 4745 782 4824 universoprecor,
828 4744 922 4799 sed
955 4760 1052 4814 pro
1096 4745 1182 4827 his
1208 4745 1300 4816 qui
1353 4744 1583 4827 credunt
1631 4744 1687 4799 in
1744 4760 1853 4827 me,

281 4830 409 4870 nam
461 4815 644 4897 qui'in
700 4828 805 4897 me_
843 4828 953 4868 nou
1002 4815 1251 4897 credunt,
1282 4817 1587 4897 noluut‘ut
1622 4830 1719 4884 pro
1773 4815 1855 4897 eis

280 4899 455 4938 orem.
480 4880 506 4934 ⁷»
531 4880 649 4936 Νοη
677 4881 896 4937 easdem
929 4899 1024 4952 pro
1055 4880 1313 4941 universo
1340 4884 1544 4940 mundo
1574 4880 1761 4954 preces
1786 4884 1856 4938 ad

279 4952 448 5034 Deum
496 4951 1247 5034 funditChristusLDominus
1275 4971 1413 5025 quas
1444 4970 1542 5034 pro
1574 4954 1856 5034 praedesti-

278 5023 468 5104 natis't
510 5022 726 5102 probis
758 5021 903 5104 enim
940 5022 1015 5076 ita
1055 5021 1270 5079 Patrem
1295 5021 1417 5080 orat
1435 5021 1544 5104 (“ut
1570 5021 1710 5104 votis
1739 5024 1856 5080 suis

279 5093 446 5174 potiri
476 5091 701 5174 omnino
729 5091 890 5174 velit;
933 5106 1091 5174 secus
1117 5102 1298 5174 autem
1328 5109 1429 5174 pro
1459 5093 1594 5174 illo}.
1624 5094 1856 5148 salutem

283 5158 483 5286 quippe
521 5160 668 5217 illius
700 5177 732 5215 a
765 5158 928 5215 Patre
958 5162 1227 5244 postulat,
1273 5158 1434 5246 modo
1462 5175 1517 5245 et
1542 5162 1764 5245 dignum
1797 5178 1857 5220 se

283 5247 296 5302 ³
325 5232 376 5286 la
403 5239 640 5302 Ρτκδιθῑ·
671 5229 825 5302 Quod
859 5231 926 5286 de
954 5241 1204 5287 oratione
1230 5230 1457 5297 Christi,
1493 5234 1544 5288 nl
1577 5248 1756 5302 ipsum
1789 5232 1857 5288 de

280 5247 376 5286 tua
402 5247 640 5312 premet.
671 5247 825 5311 uuou
859 5247 926 5286 ue
954 5247 1204 5287 oratione
1230 5247 1457 5297 unrisu,
1493 5247 1544 5288 iu
1577 5248 1756 5302 ipsum
1789 5247 1856 5288 ue

280 5301 490 5371 lumine
519 5302 640 5371 ejus
668 5316 916 5371 omnium
950 5303 1234 5371 tuentibus
1258 5302 1433 5358 afl‘uso
1460 5303 1662 5357 diserte
1690 5300 1856 5357 habet

1963 4128 2088 4176 nos,
2118 4113 2316 4182 inquit,
2343 4128 2441 4182 pro
2473 4113 2705 4185 foribus,
2729 4114 3074 4185 opperientes
3094 4116 3406 4185 pontitlcem
3436 4132 3539 4172 nm

1959 4192 2131 4241 strum
2182 4194 2611 4254 commutantem
2661 4183 2802 4238 intra
2853 4183 3055 4240 Sancta
3098 4183 3449 4252 sanctorum,
3482 4186 3538 4254 id
3617 4210 3626 4219 θ

1958 4262 2045 4324 est
2070 4252 2211 4321 apud
2237 4250 2475 4318 Patrem,
2522 4262 2574 4308 et
2605 4263 2920 4308 exorantem
2950 4270 3049 4324 pro
3078 4255 3317 4324 peccatis
3342 4250 3535 4313 eorum

1958 4323 2052 4392 qui
2077 4332 2498 4394 seexspectant,
2521 4339 2627 4378 non
2655 4338 2754 4391 pro
2770 4323 3015 4394 omnium
3041 4323 3274 4394 peccatis
3297 4340 3534 4380 exoran-

1959 4391 2088 4463 tem.
2119 4391 2234 4463 Non
2259 4392 2402 4463 enim
2431 4401 2620 4448 exorat
2648 4408 2747 4463 pro
2775 4392 2859 4448 his
2881 4394 2975 4463 qui
3000 4391 3054 4449 Ill
3082 4403 3289 4463 sortem
3311 4397 3538 4453 veniunt

1957 4461 2078 4532 ejus
2138 4461 2317 4528 hirci,
2356 4464 2450 4531 qui
2497 4462 2765 4519 emittitur
2820 4463 2875 4518 in
2902 4461 3218 4520 desertum.
3267 4462 3375 4520 Pro
3428 4466 3538 4521 illis

1957 4530 2147 4604 exorat
2175 4530 2385 4586 tantum
2410 4532 2503 4602 qui
2548 4542 2678 4604 sunt
2707 4547 2828 4588 sors
2860 4530 3110 4598 Domini,
3148 4535 3241 4604 qui
3267 4552 3395 4591 eum
3434 4551 3536 4604 pro

1957 4601 2168 4658 foribus
2196 4601 2532 4672 exspectant.
2564 4622 2582 4655 ι
2620 4603 2766 4657 Dixit
2796 4618 2895 4672 pro
2928 4606 3133 4667 sanctis
3162 4601 3376 4660 exorari
3420 4601 3527 4659 Pa-

1957 4685 2119 4742 trem,
2150 4671 2242 4727 sed
2274 4687 2372 4742 pro
2398 4672 2601 4728 sanctis
2627 4682 2681 4727 et
2710 4671 2894 4742 impiis
2924 4674 3069 4729 orari
3099 4674 3356 4742 intelligo.
3378 4675 3433 4730 ld
3465 4691 3533 4733 ex

1959 4740 2016 4797 S.
2054 4739 2569 4797 Thomae'senteutia
2604 4739 3003 4799 conﬁrmatur:
3046 4762 3063 4794 ι
3098 4739 3419 4809 Dicendum,
3446 4746 3533 4799 in-

1916 4814 1922 4819 ’
1956 4812 2095 4883 quit,
2115 4811 2258 4882 quod
2276 4810 2533 4883 Christus
2558 4822 2822 4882 quantum
2850 4823 2935 4868 est
2961 4812 3027 4867 de
3052 4828 3132 4875 se,
3158 4830 3255 4883 pro
3275 4816 3534 4870 omnibus

1958 4882 2170 4942 eravit;
2199 4882 2323 4953 quia
2350 4882 2527 4953 oratio
2555 4898 2653 4937 sua
2673 4921 2688 4945 ,
2717 4892 2980 4953 quantum
3008 4895 3091 4938 est
3118 4882 3186 4938 de
3217 4900 3277 4939 se
3300 4925 3315 4950 ,
3342 4885 3531 4942 ellich

1956 4961 2059 5017 est,
2082 4959 2141 5007 ut
2163 4952 2336 5005 valeat
2358 4952 2455 5007 toti
2480 4953 2718 5007 mundo:
2739 4952 2835 5007 Sed
2863 4963 3041 5009 tamen
3065 4969 3171 5010 non
3198 4955 3248 5008 in
3274 4955 3534 5010 omnibus

1957 5022 2185 5076 sortitur
2211 5021 2494 5086 eﬂ‘ectum,
2532 5022 2635 5077 nisi
2664 5022 2719 5077 in
2750 5023 2954 5079 sanctis
2997 5034 3051 5079 et
3096 5024 3285 5080 electis
3317 5025 3446 5089 Dei;
3480 5031 3535 5080 et

1957 5092 2062 5147 hoc
2106 5100 2326 5161 prOpter
2361 5092 2808 5161 impedimentum
2855 5094 3279 5150 mundanorum.
3315 5113 3333 5146 ι
3372 5093 3531 5160 Quod

1957 5177 2026 5216 ne
2052 5161 2285 5234 inaniter
2313 5161 2560 5234 etgratis
2588 5161 2695 5216 dici
2724 5174 2920 5234 putent
2952 5163 3046 5234 qui
3072 5180 3169 5234 pro
3192 5162 3530 5234 quisquiliis,

1958 5233 2238 5304 sutelis_ac
2257 5231 2414 5304 tricis
2437 5232 2640 5286 habent
2661 5232 2928 5304 quidquid
2962 5231 3167 5303 profert
3191 5231 3403 5298 schola,
3429 5246 3532 5304 auu

1959 5301 2110 5357 diant
2141 5301 2422 5372 Christum
2453 5316 2551 5371 pro
2576 5300 2832 5372 reprohis'
2852 5300 3016 5359 etiam
3065 5316 3313 5361 orantem
3341 5322 3354 5357 :
3385 5321 3407 5354 ‹
3434 5300 3534 5357 Pa~

280 5369 761 5445 Origenes‘homil.
790 5369 814 5424 l
851 5371 906 5425 in
935 5369 1118 5445 Cenes.
1146 5388 1168 5425 :
1209 5391 1228 5425 ι
1250 5371 1329 5445 Ita
1350 5371 1847 5445 tamenillumina-
1876 5390 1922 5445 ι)
1950 5383 2031 5445 ter
2050 5413 2066 5440 ,
2094 5369 2490 5445 dimitteillis',
2531 5369 2653 5426 nou'
2668 5373 2815 5445 enim
2849 5375 3030 5445 sciunt
3068 5375 3198 5444 quid
3239 5373 3522 5445 iaciunt.)

281 5439 426 5514 mur,
457 5439 502 5494 si
535 5455 642 5494 non
673 5440 845 5514 simus
872 5441 1151 5514 mentibus
1171 5443 1321 5499 caici.
1350 5439 1486 5497 Nam
1517 5443 1660 5514 sicut
1688 5440 1767 5497 sol
1792 5451 1846 5514 et
1876 5439 1913 5445 ”
1950 5439 2086 5514 Nam
2105 5441 2368 5514 quamvis
2395 5442 2515 5496 Art.
2551 5458 2628 5514 u_,
2661 5442 2732 5497 25
2752 5483 2768 5507 ,
2798 5443 2890 5509 56,
2912 5442 3014 5514 57,
3064 5439 3329 5514 quosdam
3360 5458 3425 5498 ex
3463 5441 3531 5514 iis

279 5508 412 5582 luna
453 5509 824 5582 corporalibus
861 5510 1035 5566 oculis
1064 5527 1238 5567 caecos
1266 5513 1518 5582 quamvis
1550 5510 1843 5579 illustrant,

282 5578 360 5663 illi
389 5588 568 5663 tamen
596 5579 838 5663 recipere
869 5582 1047 5663 lumen
1084 5596 1192 5636 non
1217 5578 1475 5663 possunt;
1513 5584 1586 5663 ita
1610 5590 1664 5637 et
1684 5578 1846 5663 clari-4

282 5657 401 5730 stus
431 5648 603 5702 lucem
634 5652 791 5730 Suam
817 5658 1038 5730 praestat
1078 5648 1350 5730 mentibus
1380 5648 1618 5708 noStris:
1648 5651 1841 5730 sed_ita
1951 5652 2077 5730 run_‘t
2098 5648 2441 5730 participes,
2492 5650 2561 5707 ad

1992 5513 2043 5566 ui
2094 5509 2372 5566 Christum
2422 5510 2811 5567 cruciﬁxerant
2859 5512 2927 5567 ad
2980 5509 3138 5567 iidem
3202 5512 3533 5568 converterit

1995 5590 2173 5646 etrus,
2219 5596 2327 5652 non
2356 5591 2711 5652 quotcunque
2748 5592 2929 5638 tamen
2965 5583 3189 5652 sceleris
3216 5582 3379 5652 hujus
3409 5581 3530 5635 fue-

2658 5651 2816 5709 hristi
2861 5650 3169 5709 doctrinam
3224 5650 3534 5715 traduxisse

281 5718 523 5804 demum.
568 5718 1078 5804 nospilluininabi},
1128 5719 1172 5776 si
1220 5737 1563 5804 nequaquam
1627 5722 1842 5778 caecitas
1947 5718 2369 5804 verisimileest.
2396 5719 2472 5804 In;

285 5786 481 5844 mentis
510 5786 827 5859 impediat.»
861 5788 1123 5848 Praeclare
1155 5805 1286 5848 vero
1305 5786 1710 5851 distinctionem
1742 5807 1839 5849 no-

2020 5790 2139 5865 (ι8)
2174 5793 2408 5848 Μόνων.
2439 5791 2626 5850 Codex
2664 5793 2888 5867 Regius,
2925 5792 3107 5864 μόνον.
