4028 6296
518 338 645 394 ΗΜ
1992 342 2316 402 ORIGENIS
3636 338 3784 394 “5‘3

509 453 786 508 habitatus
827 453 1207 526 intelligendus
1245 465 1362 524 est;
1409 456 1476 512 de
1518 457 1610 512 illo
1639 457 1840 514 etenim
1872 460 2074 515 mundo

2183 463 2304 533 περὶ
2316 460 2411 516 τοῦ
2433 460 2634 532 κόσμου
2657 460 2779 515 ὅλου
2804 460 2910 514 τῶν
2927 457 3024 514 ἀνθ
3033 456 3250 530 ρώπων.
3294 454 3455 508 Ἀλλὰ
3483 452 3582 508 καὶ
3605 452 3648 506 ἁ
3665 454 3781 506 Σω-

508 541 758 597 homincs
799 543 937 599 Filio
977 546 1124 599 dedit
1166 545 1346 613 Pater,
1383 563 1482 617 pro
1508 549 1708 618 quibus
1733 550 2077 606 solummodo

2183 553 2279 625 τηρ
2297 553 2489 622 λέγων’
2528 573 2547 605 ι
2569 551 2742 621 Κάγὼ
2771 552 2909 623 πρὸς
2939 551 2998 603 σὲ
3033 550 3284 621 ἔρχομαι,
3313 549 3408 601 καὶ
3439 545 3631 600 οὐκέτι
3654 545 3778 618 είμὶ

509 631 721 688 Patrem
753 645 906 704 rogat
953 636 1230 705 Servator,
1285 653 1393 693 non
1447 649 1629 694 autem
1679 656 1776 709 pro
1825 641 2078 697 universo

2183 644 2237 695 tv
2263 642 2341 714 τῷ
2375 643 2587 714 κόσμῳ,
2634 662 2653 695 ι
2687 642 2779 696 τὸν
2809 641 3054 710 ἐπίγειον
3083 639 3232 708 λέγει
3276 639 3512 709 κόσμου’
3548 637 3612 690 οὐ
3657 637 3775 707 γὰρ

509 720 792 776 hominum
847 724 1072 778 mundo.
1121 724 1250 779 Item
1294 742 1416 780 cum
1453 727 1531 780 ait
1566 726 1822 783 Servatur
1848 731 1928 783 9"z
1961 748 1980 780 ι
2014 729 2079 784 Et

2183 733 2462 803 νομιστέον
2506 733 2575 787 τὰ
2615 732 2965 803 ἀντικείμενα
3011 731 3175 785 αὐτὸν
3219 730 3396 799 λέγειν
3445 728 3732 797 φάσκοντα
3753 745 3771 758 ·

507 827 609 882 ego
665 813 731 866 ad
780 821 832 868 te
881 814 1077 881 venio,
1125 825 1178 869 et
1219 815 1331 884 jam
1391 832 1498 870 non
1541 833 1662 872 sum
1698 818 1753 871 in
1799 817 2022 882 mundo,
2055 836 2074 869 ι

507 903 770 956 mundum
843 904 974 959 dicit
1028 915 1338 974 terrenum;
1411 921 1513 961 nec
1549 907 1693 961 enim
1759 908 1861 962 sibi
1921 923 2082 978 repu-

505 993 730 1062 gnantia
788 995 1032 1063 proferre
1081 997 1234 1054 illum
1284 999 1587 1066 putandum
1640 1005 1723 1053 est
1765 998 2078 1052 dicentem:

510 1099 533 1135 ι
572 1080 638 1136 Et
665 1097 764 1154 ego
796 1085 862 1138 ad
893 1095 943 1140 te
969 1088 1148 1155 venio,
1180 1097 1234 1143 et
1254 1088 1369 1159 jam
1406 1104 1514 1142 non
1549 1104 1670 1144 sum
1703 1089 1756 1143 in
1793 1087 2022 1153 mundo,
2055 1107 2074 1140 ι

503 1179 581 1234 et,
611 1187 732 1227 sum
776 1175 829 1228 in
884 1177 1108 1232 mundo.
1155 1177 1259 1232 Sed
1311 1187 1369 1233 et
1412 1179 1516 1233 hoc
1547 1180 1670 1234 loco
1691 1180 1733 1210 ⁹¹
1769 1198 1781 1233 :
1821 1197 1838 1230 ι
1871 1179 1935 1233 Et
1969 1178 2084 1234 haec

502 1259 698 1331 loquor
728 1262 781 1315 in
818 1265 1040 1332 mundo,
1073 1284 1090 1315 ι
1124 1277 1370 1323 terrenus
1405 1267 1492 1323 hic
1519 1269 1673 1324 locus
1701 1267 2082 1336 intelligendus

503 1361 610 1406 est.
663 1351 990 1409 Luculenter
1037 1372 1167 1411 vero
1219 1357 1304 1412 bis
1350 1357 1441 1413 ille
1475 1357 1812 1428 signiﬁcatur
1832 1360 1925 1410 9':
1963 1373 1982 1408 ι
2018 1355 2084 1409 Ει

505 1444 744 1500 mundus
769 1461 865 1501 eos
893 1448 1020 1500 odio
1049 1448 1260 1513 habuit,
1286 1450 1414 1519 quia
1443 1464 1548 1504 non
1576 1460 1703 1504 sunt
1727 1449 1796 1503 de
1819 1449 2079 1503 mundo.)

502 1530 618 1589 Nos
643 1535 789 1589 enim
821 1535 948 1590 odio
987 1537 1196 1603 habuit,
1241 1554 1305 1595 ex
1350 1556 1460 1609 quo
1493 1556 1600 1594 non
1629 1540 1863 1610 amplius
1891 1557 1909 1590 ι
1945 1553 2084 1594 con-

505 1625 834 1694 templamur
861 1643 984 1695 qua:
1007 1629 1280 1696 videntur,
1311 1631 1406 1686 sed
1441 1647 1563 1701 quae
1587 1645 1696 1686 non
1721 1632 1971 1686 videntur
1986 1632 2032 1663 "
2056 1648 2078 1684 ›

506 1724 729 1784 propter
763 1714 891 1771 Jesu
929 1718 1298 1789 disciplinam,
1332 1737 1438 1776 non
1473 1722 1710 1778 mundus
1747 1736 1812 1776 ex
1836 1721 1993 1787 coelo,
2028 1728 2083 1776 et

2187 842 2206 876 ι
2252 823 2422 892 Κάγὼ
2480 825 2614 897 πρὸς
2647 824 2708 877 σὲ
2753 823 3002 893 ἔρχομαι,
3037 824 3132 876 καὶ
3178 822 3362 875 οὐκέτι
3407 821 3526 890 εἰμὶ
3576 820 3639 873 tv
3687 819 3774 890 τῷ

2183 912 2395 984 κόσμῳ,
2440 932 2458 964 ι
2499 913 2617 966 καί·
2653 913 2741 965 Ἐν
2782 911 2860 981 τῷ
2889 912 3079 982 κόσμῳ
3107 910 3242 981 εἰμί·
3273 908 3409 963 ἀλλὰ
3441 909 3538 962 καὶ
3563 910 3622 961 tv
3648 907 3766 978 τῆν

2189 1024 2208 1056 ‹
2245 1006 2354 1058 Καὶ
2378 1003 2551 1058 ταῦτα·
2569 1003 2715 1056 λαλῶ
2750 1003 2807 1055 tv
2838 1001 2917 1074 τῷ
2942 1003 3154 1072 κόσμῳ,
3192 1019 3212 1052 ι
3239 1001 3332 1054 τὸν
3366 1000 3653 1071 περίγειον
3669 998 3768 1051 τό·

2185 1111 2285 1148 πον
2324 1095 2626 1164 νομιστέον.
2672 1090 2866 1160 Σαφῶς
2901 1091 2959 1144 δὲ
2998 1084 3151 1154 οὗτος
3195 1088 3517 1160 σημαίνεται
3555 1089 3660 1140 καὶ.
3699 1088 3800 1154 ὲκ.

2182 1183 2276 1237 τοῦ
2297 1202 2309 1213 ·
2354 1203 2372 1235 ι
2403 1183 2511 1236 Kal.
2537 1185 2565 1236 ό
2607 1181 2811 1252 κόσμος
2845 1181 3106 1252 ἐμίσησεν
3134 1180 3349 1245 αὐτοὺς,
3379 1180 3461 1233 ὅτι
3490 1178 3592 1232 οῦκ
3624 1182 3768 1234 εἰσιν

2185 1273 2248 1324 ἐκ
2285 1271 2378 1325 τοῦ
2419 1272 2644 1342 κόσμου.
2685 1290 2704 1322 ι
2746 1271 3005 1341 Ἐμίσησε
3035 1268 3144 1340 γὰρ
3177 1271 3324 1341 ἡμᾶς
3371 1269 3432 1334 ἐξ
3463 1262 3524 1322 οὗ
3565 1269 3768 1340 μηκέτι

2187 1361 2495 1432 σκοποῦμεν
2531 1360 2600 1414 τὰ
2644 1360 2978 1431 βλεπόμενα,
3026 1359 3160 1413 ἀλλὰ
3205 1359 3273 1414 τὰ
3310 1359 3384 1430 μὴ
3431 1358 3763 1430 βλεπόμενα,

2183 1452 2272 1506 διὰ
2309 1454 2408 1522 τὴν
2453 1451 2627 1523 Ἰησοῦ
2663 1449 3032 1514 διδασκαλίαν,
3065 1449 3126 1502 οὐ
3157 1449 3361 1520 κόσμος
3398 1449 3458 1514 ἐξ
3500 1449 3762 1521 οὐρανοῦ,

2184 1543 2279 1596 καλ⁹
2311 1542 2434 1612 γῆς,
2468 1542 2564 1596 καὶ
2591 1539 2700 1595 τῶν
2742 1543 2800 1594 tv
2835 1540 3015 1604 αὐτοῖς
3042 1538 3387 1610 συνεστηκὼς
3411 1540 3538 1602 πᾶς,
3570 1538 3688 1591 ἀλλ’
3711 1541 3762 1592 οἱ

2185 1632 2278 1686 ἐπὶ
2302 1635 2404 1702 γῆς
2431 1631 2548 1702 μεθ’
2570 1631 2728 1702 ἡμῶν
2766 1631 3063 1700 ἄνθρωποι.
3089 1630 3182 1682 Τόο
3213 1647 3232 1680 ι
3264 1630 3378 1683 Οὐκ
3405 1630 3543 1682 είσὶν
3571 1632 3638 1682 ὲκ
3667 1630 3762 1684 τοῦ

2185 1723 2412 1793 κόσμου,
2446 1740 2463 1773 ι
2510 1720 2623 1774 ἴσον
2661 1717 2905 1795 ὲστὶοτῷ,
2935 1718 3049 1774 Οὔκ
3088 1721 3225 1773 εἰσιν
3259 1719 3324 1772 ἐκ
3352 1718 3447 1772 τοῦ
3481 1721 3763 1791 περιγείου

510 1814 680 1870 terra,
709 1813 762 1860 et
795 1821 918 1876 quae
964 1809 1016 1862 in
1061 1810 1129 1864 iis
1163 1821 1289 1865 sunt
1333 1820 1479 1866 totus
1523 1819 1954 1882 coagmentatus,
1985 1811 2078 1866 sed

2183 1816 2379 1869 τόπουο
2421 1812 2562 1867 οὕτω
2601 1812 2658 1865 δὲ
2697 1811 2793 1866 καὶ
2821 1814 2869 1865 οἱ
2911 1810 3022 1863 τοῦ·
3056 1810 3230 1882 Ἰησοῦ
3277 1811 3515 1882 μαθηταὶ
3550 1814 3616 1864 ὲκ
3667 1812 3761 1866 τοῦ

506 1897 601 1964 qui
630 1912 792 1966 supra
819 1908 1016 1952 terram
1049 1901 1334 1956 nobiscum
1369 1901 1617 1956 homines
1647 1913 2077 1960 conversantur:

508 1985 562 2039 id
591 1995 771 2040 autem
809 2004 824 2042 :
863 2007 881 2038 ι
923 1985 1042 2042 Non
1092 1999 1221 2043 sunt
1273 1990 1339 2044 de
1375 1991 1600 2056 mundo,
1637 2011 1655 2042 ι
1694 1990 1835 2046 idem
1873 2004 1954 2048 est
1993 2008 2078 2059 ac,

506 2093 616 2132 non
646 2087 770 2133 sunt
799 2079 865 2133 de
899 2088 1113 2134 terreno
1144 2082 1246 2136 hoc
1275 2081 1430 2148 loco;
1479 2083 1551 2136 ita
1582 2091 1636 2137 et
1664 2081 1793 2138 Jesu
1823 2084 2078 2154 discipuli

2181 1907 2386 1976 κόσμου
2422 1904 2522 1959 οῦκ
2560 1904 2701 1957 εἰσιν
2743 1902 2818 1967 ὡς
2847 1903 2955 1957 οὐδ’
2997 1904 3158 1968 αὐτὸς
3189 1904 3252 1956 ὲκ
3292 1903 3392 1956 τοῦ
3434 1904 3639 1975 κόσμου
3672 1902 3770 1977 ἦν-

2183 2001 2303 2054 Ἔτι
2340 1999 2396 2052 δὲ
2433 1998 2528 2052 καὶ
2572 1997 2664 2050 τό·
2723 2015 2743 2049 ι
2789 1997 2905 2050 Ἵνα
2936 1999 2964 2050 ό
2997 1996 3199 2068 κόσμος
3234 1996 3519 2070 πιστεύσῃ,
3559 1999 3644 2052 ὅτι
3697 2001 3772 2053 οὐ.

2182 2107 2250 2161 με
2275 2088 2616 2152 ἀπέστειλας,
2655 2106 2673 2139 ι
2698 2087 2779 2152 δὶς
2810 2085 3096 2158 εἰρημένον
3130 2088 3188 2140 tv.
3220 2085 3297 2157 τῷ
3325 2087 3442 2138 κατ’
3488 2086 3771 2154 Ἰωάννην,,

511 2186 532 2220 ‹
569 2168 636 2222 de
667 2169 869 2224 mundo
919 2186 1026 2225 non
1080 2179 1231 2238 sunt,
1277 2172 1418 2227 sicut
1455 2182 1509 2228 et
1552 2173 1668 2245 ipse
1721 2191 1830 2229 non
1868 2183 1984 2229 erat
2011 2174 2078 2230 de

2183 2183 2279 2236 οὐκ
2303 2181 2628 2252 ἀναφέρεται
2656 2180 2748 2233 ἐπὶ
2767 2178 2835 2232 τὰ
2859 2178 3140 2250 κρείττονα
3169 2178 3278 2232 τῶν
3298 2178 3618 2251 ἀνθρώπων,
3646 2178 3757 2232 ἀλλ’

505 2260 712 2314 mundo
735 2260 800 2314 “.
851 2279 870 2313 ι
909 2261 1037 2316 ltem
1066 2270 1120 2318 et
1153 2262 1284 2318 illud
1312 2265 1359 2296 ⁸⁸
1395 2283 1409 2318 :
1444 2281 1463 2315 ι
1505 2262 1573 2318 Ut
1603 2265 1796 2319 .credat
1841 2265 2077 2322 mundus

505 2350 632 2419 quia
663 2361 717 2406 tu
754 2369 839 2407 me
873 2354 1098 2419 misisti,
1140 2374 1158 2406 ι
1187 2355 1330 2424 quod
1367 2355 1451 2412 bis
1482 2356 1534 2410 in
1563 2354 1852 2428 Evangelia
1883 2373 2081 2412 secun-

504 2441 635 2496 dum
681 2441 946 2499 Joannem
1000 2445 1282 2514 repetitur,
1325 2448 1392 2502 ad
1423 2449 1905 2517 praestantissimos
1935 2447 2078 2518 opti-

504 2547 733 2602 mosque
760 2534 1006 2591 homines
1037 2551 1144 2592 non
1179 2536 1432 2604 refertur,
1488 2539 1582 2594 sed
1631 2540 1698 2594 ad
1741 2554 1836 2595 eos
1879 2539 2080 2610 quibus

2183 2273 2276 2326 ὲπὶ
2297 2273 2420 2336 τοὺς
2453 2268 2754 2344 χρῄζοντας
2774 2270 3050 2324 πιστεύειν
3070 2270 3166 2324 ἀνθ
3175 2269 3409 2342 ρώπους,
3431 2271 3511 2323 ὅτι
3525 2273 3554 2324 ὁ
3573 2270 3764 2340 Πατὴρ

2183 2365 2274 2418 τὸν
2318 2363 2444 2418 Υίὸν
2485 2364 2565 2426 είς
2591 2362 2683 2415 τὸν
2723 2362 2852 2432 τῇδε
2884 2362 3084 2433 κόσμον
3118 2361 3436 2416 ἀπέστειλε·
3481 2362 3576 2416 καὶ
3612 2362 3769 2432 παρὰ

2184 2453 2261 2526 τῷ
2317 2453 2624 2524 Ἀποστόλῳ
2655 2453 2712 2506 δὲ
2749 2454 2789 2522 ἡ
2821 2452 3003 2518 πίστις
3055 2451 3205 2524 ὑμῶν
3240 2452 3667 2521 καταγγέλλεται
3703 2453 3762 2505 tv

2185 2539 2292 2611 ὅλῳ
2312 2537 2388 2610 τῷ
2413 2538 2624 2610 κόσμῳ.

503 2641 645 2698 opus
690 2636 808 2695 est,
861 2638 921 2683 ut
965 2629 1161 2684 Filium
1214 2646 1244 2685 a
1293 2629 1456 2687 Patre
1509 2632 1564 2688 in
1619 2633 1883 2688 mundum
1943 2637 2152 2690 huncce
2198 2635 2427 2690 missum
2481 2632 2650 2690 fuisse
2695 2632 2955 2702 credant;
3012 2640 3067 2688 et
3118 2633 3260 2704 apud
3314 2633 3636 2704 Apostolum
3660 2635 3754 2692 ":

511 2740 534 2775 ι
569 2720 728 2776 Fides
755 2730 932 2777 vestra
959 2724 1316 2779 annuntiatur
1347 2724 1401 2779 in
1436 2725 1691 2781 universo
1724 2727 1947 2783 mundo.
1985 2747 2005 2780 ι

575 2814 668 2869 ει.
708 2813 863 2880 Quod
896 2815 942 2871 si
975 2833 993 2866 ‹
1026 2831 1105 2870 vae
1137 2833 1169 2872 a
1196 2819 1467 2875 scandalis
1503 2838 1521 2871 ι
1562 2819 1947 2889 pronuntiatur
1978 2821 2080 2876 ho-

505 2905 750 2960 minibus
771 2921 866 2976 per
898 2908 1208 2964 universam
1234 2919 1432 2966 terram
1470 2910 1771 2981 dissipatis,
1802 2912 1894 2982 qui
1922 2927 2082 2969 scan-

503 2996 643 3051 dalis
670 2995 1012 3067 aﬂiciuntur;
1044 2999 1112 3056 de
1137 3001 1344 3056 mundo
1389 3011 1572 3056 autem
1617 3017 1726 3056 non
1759 3011 1890 3058 sunt
1913 3001 2080 3058 disci-

505 3086 620 3158 puli
648 3103 769 3157 qua:
807 3089 1057 3145 videntur
1089 3092 1312 3147 minime
1340 3092 1791 3162 contemplantes,
1816 3095 2079 3166 quemad-

507 3179 728 3232 modum
787 3196 886 3236 nec
937 3195 1127 3236 eorum
1179 3183 1436 3253 magister
1482 3183 1549 3239 de
1605 3185 1812 3241 mundo
1853 3196 1958 3253 est,
2011 3186 2078 3242 ad

507 3271 717 3324 nullum
745 3286 775 3326 e
805 3273 1087 3343 discipulis
1112 3275 1275 3346 600
1296 3273 1422 3330 Jesu
1446 3275 1680 3344 pertinet
1707 3295 1725 3329 ι
1754 3293 1832 3333 va:
1859 3293 1890 3332 a
1921 3293 2080 3335 scan-

504 3361 667 3426 dalis,
716 3383 734 3415 ο
776 3365 1218 3435 quandoquidem
1278 3383 1296 3417 ι
1347 3381 1452 3435 pax
1503 3368 1675 3422 multa
1727 3368 2078 3439 diligentibus

505 3454 676 3525 legem
710 3455 821 3522 Dei,
866 3465 920 3512 et
949 3473 1056 3512 non
1090 3467 1175 3514 est
1203 3458 1311 3515 illis
1349 3460 1665 3515 scandalum
1689 3461 1757 3515 ’7.
1795 3479 1814 3514 ι
1863 3461 1920 3516 Si
1954 3462 2078 3533 quis

504 3563 636 3602 vero
666 3547 965 3617 discipulus
992 3565 1114 3605 esse
1145 3550 1380 3618 videtur,
1407 3550 1588 3606 adhuc
1614 3560 1794 3607 tamen
1821 3552 1888 3608 de
1910 3567 2076 3608 mun-

504 3638 577 3692 do
605 3649 706 3705 est,
733 3642 876 3710 quod
917 3643 1202 3708 mundum,
1232 3652 1287 3699 et
1317 3659 1440 3715 quae
1474 3645 1532 3699 in
1562 3661 1629 3701 eo
1663 3653 1812 3713 sunt,
1845 3647 2034 3717 diligat
2059 3663 2075 3712 ;

503 3731 671 3786 vitam
714 3733 956 3803 intelligo
997 3750 1162 3805 quam
1211 3736 1266 3790 in
1311 3737 1544 3792 terrenis
1573 3736 1725 3794 hisce
1760 3738 1896 3794 locis
1925 3737 2080 3794 duci-

507 3839 656 3889 mus,
679 3825 764 3879 vel
796 3827 1083 3895 pecuniam
1116 3843 1237 3896 quae
1259 3827 1313 3882 in
1342 3829 1408 3884 iis
1433 3837 1536 3893 est,
1565 3829 1651 3884 vel
1676 3829 2078 3899 possessiones,

503 3918 589 3971 vel
622 3919 892 3988 quaslibet
920 3919 1243 3987 facultates;
1275 3919 1349 3976 ita
1387 3931 1447 3976 ut
1483 3922 1535 3976 id
1568 3921 1622 3976 in
1647 3937 1772 3976 eum
1805 3935 1911 3975 non
1939 3936 2080 3991 qua-

504 4007 664 4062 dret:
705 4027 723 4059 ‹
761 4007 836 4064 De
881 4009 1086 4064 mundo
1121 4025 1229 4064 non
1283 4019 1432 4076 sunt,
1475 4029 1495 4062 ι
1531 4011 1624 4066 sed
1667 4009 1839 4065 illud:
1871 4028 1892 4061 ι
1927 4008 2019 4065 Vae
2049 4023 2082 4064 a

504 4099 800 4163 scandulis,
837 4118 856 4151 ι
885 4100 1032 4169 quod
1060 4101 1265 4157 mundo
1291 4101 1576 4172 contingit,
1608 4100 1684 4155 illi
1722 4099 1922 4170 pariter
1947 4115 2082 4155 coni

504 4187 696 4258 tinget,
724 4198 909 4261 utpote
941 4191 1035 4261 qui
1072 4191 1140 4248 de
1174 4191 1382 4248 mundo
1419 4206 1641 4263 quoque
1665 4191 1755 4249 sit.
1780 4190 1850 4247 At
1881 4191 1975 4263 qui
2003 4206 2082 4246 va:

2189 2795 2224 2802 -
2253 2816 2318 2871 Εί
2357 2815 2415 2869 δὲ
2451 2831 2469 2866 ι
2508 2813 2632 2870 οὐαὶ
2685 2832 2705 2866 ι
2741 2815 2854 2878 τοῖς
2881 2812 3156 2884 πανταχοῦ
3184 2813 3283 2884 τῆς
3313 2814 3417 2885 γῆς
3451 2814 3755 2888 ἀνθρώποις

2186 2926 2207 2962 ι
2249 2906 2359 2961 ἀπὸ
2397 2905 2506 2961 τῶν
2535 2905 2868 2973 σκανδάλων,
2909 2925 2929 2958 ι
2963 2897 3038 2960 ὧν
3071 2906 3164 2960 καὶ
3191 2905 3260 2961 τὰ
3288 2905 3558 2960 σκάνδαλα
3587 2907 3750 2961 ἄπτε-

2178 3016 2290 3066 ται,
2320 2998 2419 3053 οὐκ
2456 2997 2564 3052 εἰσὶ
2599 2997 2658 3051 δὲ
2693 2997 2745 3051 οἱ
2788 2995 3028 3070 μαθηταὶ
3056 2999 3120 3052 ὲκ
3150 2997 3242 3052 τοῦ
3272 2997 3468 3070 κόσμου
3499 2997 3574 3067 μὴ
3615 3014 3743 3050 σκο-

2179 3089 2406 3154 ποῦντες
2437 3088 2507 3144 τὰ
2546 3088 2850 3160 βλεπόμενα
2868 3131 2883 3156 ,
2916 3087 3096 3153 καθὼς
3126 3088 3250 3143 οὐδὲ
3281 3091 3310 3144 ὁ
3343 3087 3644 3150 διδάσκαλος
3675 3089 3742 3139 ἐκ

2181 3180 2277 3236 τοῦ
2321 3181 2526 3252 κόσμου
2564 3179 2732 3244 ἐστὶν,
2775 3179 2950 3233 οὐδενὶ
2985 3177 3094 3234 τῶν
3140 3177 3387 3250 μαθητῶν
3421 3177 3512 3232 τοῦ
3564 3175 3756 3250 Ἰησοῦ

2183 3275 2330 3328 ἐστιν
2372 3293 2391 3326 ι
2428 3273 2536 3327 ἀπὸ
2572 3271 2681 3326 τῶν
2721 3272 3026 3326 σκανδάλων
3057 3271 3200 3337 οὐαὶ,
3233 3291 3252 3324 ι
3291 3269 3518 3342 ἐπείπερ
3551 3289 3570 3321 ι
3607 3270 3755 3324 ἐστὶν

2182 3367 2372 3440 εἰρήνη
2427 3363 2596 3436 πολλὴ
2652 3366 2764 3429 τοῖς
2817 3362 3069 3432 ἀγαπῶσι
3124 3365 3284 3434 νόμον
3321 3363 3416 3418 τοῦ
3454 3363 3590 3417 Θεοῦ
3623 3362 3753 3434 (49),

2183 3457 2278 3513 καὶ
2305 3458 2407 3511 οὐκ
2433 3457 2574 3511 εστιν
2599 3457 2783 3520 αὐτοῖς
2813 3455 3126 3512 σκάνδαλον.
3161 3473 3181 3506 ι
3208 3455 3270 3507 Ei
3292 3454 3352 3508 δέ
3375 3472 3460 3518 τις
3484 3454 3632 3507 δοκεῖ
3658 3453 3756 3524 μὲν

2183 3545 2539 3620 χρηματίζειν
2581 3546 2850 3619 μαθητὴς,
2893 3545 2974 3599 ἐτι
3005 3545 3063 3600 δέ
3106 3545 3252 3599 ἐστιν
3297 3546 3362 3599 ὲκ
3391 3543 3484 3599 τοῦ
3528 3544 3750 3616 κόσμου,

2181 3638 2271 3694 διὰ
2297 3639 2358 3692 τὸ
2388 3638 2606 3709 ἀγαπᾷν
2639 3635 2729 3690 τὸν
2765 3637 2990 3707 κόσμον,
3024 3635 3120 3690 καὶ
3147 3635 3218 3690 τὰ
3247 3637 3306 3690 tv
3333 3635 3506 3707 αὐτῷ,
3534 3635 3677 3704 λέγω
3696 3635 3753 3689 δὲ

2182 3731 2280 3804 τὴν
2307 3733 2366 3785 tv
2405 3730 2485 3802 τῷ
2535 3730 2800 3802 περιγείῳ
2845 3729 2996 3802 τόπῳ
3041 3727 3205 3799 ζωὴν,
3253 3729 3350 3782 καὶ
3399 3727 3473 3782 τὰ
3511 3729 3570 3782 tv
3609 3727 3751 3798 αὐτῷ

2179 3823 2461 3894 χρήματα,
2497 3823 2529 3894 ἢ
2567 3823 2851 3894 κτήματα,
2886 3821 2919 3894 ἢ
2996 3819 3384 3876 όποιανποτοῦν
3419 3819 3748 3891 περιουσίαν,

2180 3911 2255 3975 ὡς
2288 3910 2363 3983 μὴ
2389 3911 2647 3982 ἁρμόζειν
2677 3910 2827 3981 αὐτῷ
2855 3910 2914 3965 τό
2934 3927 2948 3940 ·
2990 3928 3009 3960 ι
3055 3909 3150 3962 Ἐκ
3176 3908 3272 3963 τοῦ
3305 3909 3513 3980 κόσμου
3546 3908 3645 3962 οῦκ
3674 3908 3748 3960 εί-

2181 4021 2287 4068 σιν,
2349 4022 2367 4056 ι
2424 4002 2539 4056 ἀλλ’
2586 4002 2662 4068 ὡς
2699 4004 2764 4056 ἐκ
2806 4001 2902 4056 τοῦ
2953 4002 3162 4072 κόσμου
3214 4000 3328 4054 δντι
3359 4001 3533 4072 τούτῳ
3575 4000 3636 4054 τὸ
3676 3998 3750 4071 τῷ

2180 4093 2370 4168 κόσμῳ
2423 4093 2737 4166 συμϐαῖνον,
2785 4112 2803 4146 ι
2859 4093 2998 4148 Οὐαὶ
3046 4091 3155 4146 ἀπὸ
3193 4091 3303 4146 τῶν
3358 4091 3687 4156 σκανδάλων,
3725 4108 3750 4141 ι

2182 4187 2523 4259 συμϐήσεται
2571 4185 2740 4258 αὐτῷ.
2799 4185 2857 4240 '0
2905 4185 2964 4240 δὲ
3016 4183 3188 4240 θέλων
3237 4181 3479 4238 ἐκκλῖναι
3527 4181 3588 4236 τὸ
3633 4181 3752 4236 οὐαὶ

1702 4305 1938 4364 VETUS
1977 4301 2572 4361 INTERPRETATIO.

505 4414 607 4469 pro
638 4399 719 4454 eis
750 4415 904 4470 rogo,
937 4417 1045 4475 non
1079 4403 1406 4475 pro_mu_ndo
1432 4418 1584 4475 r0go,
1617 4402 1710 4460 sed
1743 4418 1841 4475 pro
1866 4402 1946 4457 eis
1979 4416 2118 4475 quos
2141 4399 2337 4475 dedisti
2363 4398 2524 4475 mihi.
2558 4416 2577 4450 ι
2601 4399 2747 4475 _ltem
2773 4404 2896 4466 post
2919 4409 3091 4475 pauca
3125 4411 3140 4449 :
3187 4413 3204 4475 ι
3238 4392 3303 4447 Et
3350 4391 3405 4446 hi
3443 4391 3498 4446 in
3538 4388 3752 4475 mundo

508 4457 661 4541 sunt,
695 4479 748 4522 et
773 4457 964 4541 εξοεά
996 4479 1048 4524 te
1075 4457 1251 4526 ienio.
1279 4471 1344 4526 Et
1371 4457 1483 4541 jam
1497 4457 1777 4527 ‘iuinvsum
1818 4457 1873 4526 in
1905 4457 2136 4535 mu'ndo,
2161 4479 2217 4541 et
2248 4470 2337 4524 isti
2363 4471 2415 4523 in
2449 4467 2654 4541 mundo
2686 4457 2833 4522 sunt.
2867 4485 2904 4541 ι.
2922 4457 3051 4521 Item
3081 4473 3201 4536 post
3228 4477 3395 4533 pauca
3410 4479 3435 4541 _:
3489 4478 3508 4512 ι
3538 4457 3752 4541 Enego

509 4539 587 4610 ad
609 4549 660 4610 te
689 4539 868 4603 venio,
896 4549 947 4592 et
977 4541 1092 4594 hac
1115 4541 1308 4610 loquor
1340 4539 1393 4595 in
1429 4542 1654 4606 mundo,
1681 4549 1743 4595 ut
1776 4541 2012 4610 habeant
2042 4540 2297 4610 gaudium
2328 4553 2507 4610 meum

507 4609 594 4663 vel
628 4609 1079 4681 logisterilenus,
1106 4610 1188 4663 vel
1213 4609 1466 4681 homines
1493 4611 1587 4681 qui
1622 4619 1750 4665 sunt
1779 4609 1830 4681 in
1856 4609 2055 4681 eosEx
2085 4609 2292 4681 mundo
2334 4609 2481 4681 enim

2583 4538 2786 4591 lenum.
2821 4556 2839 4588 ι
2885 4537 2944 4590 1η
2988 4551 3048 4591 se
3081 4529 3246 4605 "ergo:
3263 4530 3498 4586 mundus
3528 4529 3743 4605 dicitur,

2574 4607 2686 4661 edit
2733 4605 2870 4661 Filio
2914 4598 3183 4660 homines
3215 4602 3395 4669 Pater,
3422 4616 3523 4672 pro
3553 4598 3753 4670 quibus

506 4687 669 4747 rogat
695 4675 866 4750 Filius
899 4675 1114 4732 Patrem
1148 4678 1298 4750 solis,
1328 4688 1382 4734 et
1402 4673 1526 4750 non"
1543 4694 1642 4750 pro
1673 4679 1917 4750 omnium
1951 4679 2256 4750 bominum_
2274 4677 2496 4750 mundo.
2527 4675 2662 4731 Nam
2696 4676 2787 4731 ubi
2821 4675 2992 4750 magis
3038 4673 3411 4750 necessarium
3435 4679 3519 4750 est
3539 4680 3612 4750 _ut
3634 4683 3745 4748 serv

509 4745 705 4802 veinur
732 4760 775 4818 a_
793 4745 952 4801 Patre
977 4763 1140 4818 quam
1166 4748 1221 4802 in
1243 4749 1473 4818 mundo,
1508 4745 1668 4818 quem
1701 4749 1833 4803 dicit
1858 4748 2094 4803 Joannes
2121 4766 2134 4801 :
2170 4745 2282 4818 «Et
2312 4746 2559 4818 mundus
2587 4755 2732 4801 totus

1043 4827 1062 4872 t
1093 4816 1328 4873 mundus
1348 4810 1682 4888 credat'rquia
1709 4828 1765 4873 tu
1794 4834 1881 4875 me
1902 4818 2171 4888 misisti.»
2197 4816 2342 4888 Ergo
2372 4817 2527 4872 locus
2548 4816 2668 4880 iste,
2699 4825 2752 4870 et
2765 4810 3025 4888 homines
3044 4814 3137 4888 qui
3171 4810 3372 4868 suntin
3395 4826 3460 4867 eo
3498 4810 3747 4888 dicuntur

509 4815 864 4885 sequentibus
889 4835 901 4869 :
942 4835 961 4869 ι

2834 4738 2970 4825 situs
2992 4755 3076 4799 est
3102 4744 3156 4825 in
3183 4742 3424 4825 maligno
3440 4741 3466 4795 ?
3495 4738 3746 4825 i‘ltem-

511 4883 771 4957 miindus,
806 4887 1007 4957 quibus
1037 4903 1117 4943 va:
1139 4905 1167 4942 a
1201 4889 1490 4944 scandulis.
1529 4883 1795 4944 omnibus
1823 4892 1967 4943 enim
2003 4883 2337 4949 hominibus,
2366 4901 2504 4957 quos
2535 4895 2714 4940 tamen
2765 4885 3019 4940 scandaia
3066 4883 3288 4938 vincere
3331 4887 3580 4952 possunt,
3615 4893 3690 4932 vae
3715 4893 3752 4932 a-

508 4954 804 5029 scandalis.
831 4955 984 5020 Quod
1015 4974 1122 5011 non
1153 4958 1395 5029 procedit
1424 4968 1482 5014 ut
1511 4959 1578 5014 de
1599 4959 1882 5029 elementis
1911 4957 2099 5012 mundi
2129 4954 2515 5029 intelligamus.
2568 5024 2600 5029 __
2635 5022 2656 5029 Ω
2809 5023 2824 5029 _
2892 5023 2905 5029 _
3170 5019 3186 5029 _
3304 5019 3316 5029 _
3399 5027 3407 5029 _
3699 5017 3709 5029 _

581 5023 672 5078 21.
709 5023 765 5077 Si
797 5019 977 5099 autem
1011 5042 1090 5081 vae
1122 5019 1204 5099 est
1229 5027 1434 5083 mundo
1462 5028 1812 5099 aiscandalis.
1848 5042 1952 5081 non
1989 5037 2167 5099 autem
2196 5019 2328 5099 sunt
2353 5024 2603 5094 discipuli
2628 5022 2753 5078 Jesu
2793 5023 2996 5099 d_e_hoc
3020 5019 3415 5099 mundo,_sicut
3443 5033 3545 5074 nec
3577 5019 3739 5099 magi—

507 5103 622 5151 ster
654 5109 844 5166 eorum
893 5095 961 5151 de
993 5098 1193 5166 mundo
1236 5106 1338 5161 est,
1372 5098 1576 5153 nemini
1608 5098 2000 5166 discipulorum
2035 5096 2237 5151 Christi
2269 5103 2448 5166 potest
2477 5090 2936 5166 esseascandalis
2956 5102 3070 5142 va:
3101 5092 3361 5166 quoniam
3395 5106 3414 5138 ι
3450 5105 3551 5166 pax
3573 5091 3752 5166 multa:

506 5165 856 5238 diligentibus
905 5180 1103 5222 nomen
1153 5165 1269 5232 Dei,
1299 5157 1367 5238 et
1407 5177 1646 5238 nonest
1693 5157 1801 5222 illis
1847 5166 2200 5238 scandalum.
2224 5157 2348 5238 [Si
2388 5173 2566 5238 autem
2595 5163 2792 5232 aliquis
2820 5157 3288 5238 videtur_quidem_
3308 5173 3429 5238 esse
3454 5157 3753 5238 discipulus.

506 5229 733 5319 ill-nisu,
761 5237 940 5319 adhuc
966 5244 1144 5319 autem
1177 5229 1263 5292 est
1277 5237 1344 5292 de
1365 5237 1594 5319 mundo,
1627 5247 1909 5319 pr0pterea
1936 5237 2080 5319 quod
2111 5235 2286 5316 diligit
2314 5229 3206 5319 mundumnetrqua:'suntirieo,
3323 5237 3432 5319 est,
3455 5229 3753 5319 tintinant.

509 5306 668 5381 istam
693 5301 993 5381 carnalem,
1027 5308 1517 5381 autpos‘sessiones
1552 5301 1707 5362 terra!
1727 5301 1915 5381 istius,
1943 5301 2039 5360 aut
2060 5301 2338 5376 pecunias,
2359 5314 2460 5381 aut
2483 5303 2716 5381 speciem
2737 5301 3198 5381 qualemcunque,
3235 5307 3301 5379 ut
3326 5312 3447 5381 non
3464 5301 3749 5381 conveniat

507 5379 556 5430 ei
579 5377 722 5446 quod
754 5367 1086 5433 dictum’cst
1113 5367 1399 5446 discipulis
1435 5375 1587 5448 Jesu,
1637 5367 1972 5448 quoniam]
2009 5367 2116 5431 non
2152 5367 2408 5448 _sunt_'de
2448 5367 2652 5448 mundo
2683 5390 2696 5425 :
2737 5367 2775 5422 ι’
2791 5367 3136 5448 si_ne__dubib_
3157 5367 3474 5438 possidebit,
3499 5367 3653 5448 quasi
3681 5367 3752 5420 de

510 5439 712 5502 mundo
741 5449 1093 5513 constitutus,
1127 5467 1144 5499 ι
1175 5439 1274 5516 var,
1318 5465 1336 5499 ι
1375 5447 1522 5518 quod
1562 5439 1767 5502 mundo
1795 5445 2042 5501 accidere
2086 5445 2243 5503 solet.
2295 5442 2351 5498 Si
2379 5458 2508 5513 ergo
2543 5441 2792 5497 volumus
2821 5441 3096 5495 declinare
3124 5439 3228 5493 hoc
3253 5452 3355 5506 vae,
3387 5439 3754 5506 suscipiamus

572 5591 1096 5661 ’ξιοτιη.κνιι,ιι.
1207 5589 1590 5661 "inanis,
1674 5587 2000 5644 “ibid”.

515 5657 560 5688 "
589 5657 742 5714 llom.
786 5679 825 5728 I,
852 5663 905 5717 8.
957 5657 1029 5695 ’θ’
1072 5661 1215 5716 Psal.
1247 5676 1446 5726 cxvur,
1493 5659 1616 5715 l65.

2103 5586 2149 5618 ⁸³
2179 5583 2219 5639 ll
2259 5583 2386 5640 Cor.
2425 5599 2498 5658 tv,
2546 5581 2629 5638 l8.

2733 5578 2963 5636 “Joan.
3012 5592 3146 5648 .xvn,
3200 5575 3285 5631 16.
3397 5573 3444 5607 ’⁸
3480 5573 3612 5630 ibid.
3654 5571 3742 5628 2'5.

587 5765 696 5833 (49)
741 5773 851 5826 Τὸν
900 5774 1084 5842 νόμον
1130 5769 1235 5826 τοῦ
1274 5769 1441 5826 Θεοῦ.
1481 5769 1662 5826 Codex
1702 5766 1923 5840 Regius,
1979 5766 2067 5822 τὸν
2099 5765 2276 5842 θεόν..
