4028 6296
496 349 640 408 M55
1985 342 2310 402 ORIGENIS
2414 350 2417 353 ’
2506 354 2511 355 '
3639 348 3791 404 H56

495 467 891 527 mutationem
930 478 961 520 e
995 461 1298 532 Scripturis
1330 460 1623 517 lueubrare
1670 463 1877 533 possit;
1932 462 2007 518 ita
2040 473 2080 519 el

2195 463 2265 531 ὲφ
2302 455 2384 525 οἷς
2427 458 2680 514 λέλεκται
2710 460 2769 515 τὸ
2816 461 2957 517 οὐαί.
2998 462 3119 518 Ἔτι
3147 462 3204 517 δὲ
3247 461 3343 519 καὶ
3384 462 3467 527 εις
3513 461 3578 518 τὸ
3611 466 3807 536 χεῖρον

492 576 563 619 ex
610 560 718 617 illis
759 573 839 612 vae
884 569 1005 625 quas
1054 552 1272 623 scriptis
1318 552 1581 608 mandata
1617 563 1767 624 sunt,
1813 562 1867 609 et
1909 570 1975 608 ex
2016 554 2080 611 iis

2190 549 2333 608 εἶναι
2370 551 2434 605 τὸ
2474 550 2583 607 ἀπὸ
2614 550 2709 607 τοῦ
2761 550 3207 619 σκανδαλίζοντος
3252 554 3376 609 οὐαὶ
3409 553 3569 626 παρὰ
3601 554 3670 609 τὸ
3697 555 3804 609 τοῦ

497 660 717 725 propter
746 662 884 720 quas
911 661 994 702 vae
1023 646 1437 716 pronuntiatum
1460 654 1572 701 .est.
1605 643 1782 716 Super
1807 661 1873 702 eo
1899 655 2080 701 autem

2192 642 3089 718 GIGVMXtCOFéVW'ﬂapaﬂﬁGSt;
3118 646 3212 702 τό·
3249 665 3269 701 t
3311 648 3408 711 Ὃς
3446 646 3492 700 δ’
3522 646 3592 703 ἂν
3627 663 3804 702 σκαν-

495 744 643 816 quod
698 742 856 812 pejus
900 740 967 795 sit
1015 755 1101 794 vas
1138 737 1498 795 oll‘ensionem
1541 738 1875 807 praebentis,
1917 753 2080 810 quam

2188 739 2383 811 δαλίσῃ
2420 738 2516 791 ἕνα
2545 736 2655 791 τῶν
2690 737 2905 810 μικρῶν
2929 738 3135 793 τούτων
3165 739 3277 794 τῶν
3305 738 3682 795 πιστευόντων
3707 742 3801 806 εἰς

489 834 641 892 illius
668 832 763 903 qui
791 831 1017 902 patitur,
1047 828 1195 884 hunc
1221 837 1482 898 praeterea
1514 829 1693 884 locum
1746 828 1994 900 proferes
2017 829 2038 861 ⁵
2067 845 2080 884 :

2191 826 2317 898 ἐμὲ,
2367 827 2637 899 συμφέρει
2677 828 2850 899 αὐτῷ,
2909 847 2928 880 ι
2965 829 3063 884 atati.
3111 829 3182 885 τὰ
3209 831 3358 901 ἑξῆς·
3396 832 3795 903 ὲκδικαουμένου

497 942 519 977 ε
547 923 651 991 Qui
680 931 863 978 autem
907 920 1360 976 scandalizaverit
1397 934 1567 974 unum
1598 919 1667 974 de
1694 919 1907 989 pusillis
1943 919 2080 986 istis,

2192 919 2301 991 γάρ
2332 918 2429 973 τοῦ
2466 919 2950 984 σκανδαλισθέντος
2989 921 3190 993 μικροῦ
3225 923 3333 975 ἀπὸ
3366 923 3463 976 τοῦ
3501 922 3793 978 σκανδαλι-

492 1015 590 1088 qui
635 1017 691 1070 in
740 1029 829 1070 me
869 1006 1131 1078 credunt,
1179 1010 1506 1081 expcditel,
1543 1026 1565 1064 ι
1600 1019 1656 1066 ει
1686 1019 1901 1066 caetera.
1945 1009 2085 1065 Cum

492 1107 639 1165 enim
691 1114 913 1177 propter
943 1101 1212 1158 otl‘ensum
1245 1101 1531 1172 parvulum
1576 1115 1751 1171 poenae
1788 1101 1856 1156 ab
1893 1114 1961 1156 eo
1990 1100 2086 1171 qui

494 1200 845 1258 oﬁensionem
877 1196 1109 1267 praebuit
1134 1195 1447 1265 exiguntur,
1490 1209 1653 1265 grave
1682 1193 1813 1248 illud
1848 1196 1910 1248 et'
1943 1193 2088 1248 into.

494 1283 716 1348 lerabile
741 1290 809 1345 de
850 1304 961 1359 quo
995 1290 1259 1358 scriptum
1303 1294 1409 1354 est,
1456 1286 1602 1340 circa
1641 1282 1961 1339 oﬂensionis
1988 1299 2087 1339 au-

494 1388 704 1441 etorem
733 1380 943 1452 alligari
980 1379 1218 1449 expedit.
1254 1376 1322 1431 At
1368 1377 1482 1431 hac
1511 1376 1555 1431 si
1584 1376 1771 1430 animo
1798 1374 1963 1429 altius
1992 1373 2088 1429 deo

496 1475 809 1548 ﬁgeremus,
855 1472 1114 1526 daremus
1145 1473 1365 1539 operam
1409 1467 1653 1538 profecto
1677 1481 1745 1521 ne
1780 1485 1800 1517 ι
1835 1480 2086 1536 peccare-

495 1574 622 1624 rnus
661 1568 715 1621 in
752 1563 971 1628 fratres,
1020 1569 1072 1616 et
1116 1567 1528 1629 percutercmus
1559 1556 1954 1613 conscientiam
1991 1571 2088 1610 eo-

501 1674 625 1714 rum
657 1660 946 1722 intirmam,
984 1674 1002 1708 ι
1036 1671 1105 1710 ne
1142 1675 1161 1708 ι
1194 1655 1250 1709 ἰη
1282 1653 1558 1710 Christum
1595 1666 1948 1723 peccaremus
1975 1650 2018 1716 ⁸,
2059 1669 2078 1704 ι

502 1750 861 1823 pereuntibus
895 1764 1037 1820 saepe
1079 1747 1339 1803 fratribus
1382 1746 1608 1812 nostris,
1663 1754 1920 1817 «propter
1947 1758 2086 1815 quos

496 1839 751 1894 Christus
800 1845 1049 1891 mortuus
1098 1842 1222 1899 est,
1281 1853 1299 1884 ι
1334 1849 1440 1887 non
1489 1847 1585 1903 per
1622 1840 1867 1889 nostram
1911 1832 2085 1887 solum

2194 1028 2387 1075 σαντος
2416 1011 2607 1075 αὐτὸν,
2640 1010 2881 1066 τοιοῦτον
2920 1013 3191 1085 συμφέρει
3229 1012 3366 1085 βαρὺ
3409 1014 3506 1068 καὶ
3553 1013 3793 1069 δυσυπ-

2196 1103 2424 1174 μόνητον
2468 1100 2498 1155 ὃ
2547 1102 2963 1175 ἀναγέγραπται
2995 1100 3136 1158 εἶναι
3184 1105 3313 1175 περὶ
3355 1105 3449 1159 τοῦ
3496 1104 3791 1160 σκανδαλεε

2193 1198 2396 1262 ζοντος⁸
2424 1197 2600 1252 ταῦτα
2624 1198 2683 1251 δὲ
2712 1199 2759 1250 sl
2788 1197 3212 1268 ἐπιμελέστερον
3237 1198 3550 1268 ἐννοοῦμεν,
3584 1199 3793 1267 ἐφυλα-

2194 1287 2404 1358 ξάμεθα
2436 1287 2507 1341 ἂν
2542 1307 2561 1339 ι
2610 1287 2950 1359 ἁμαρτάνειν
2979 1287 3061 1350 εἰς
3086 1289 3217 1351 τοὺς
3245 1288 3533 1370 ἀδελφοῦς,
3569 1291 3668 1343 καὶ
3697 1290 3790 1344 τύ-

2186 1394 2347 1432 πτειν
2399 1377 2581 1435 αὐτῶν
2622 1378 2722 1450 τὴν
2771 1376 3079 1448 συνείδησιν
3123 1377 3483 1442 ἀσθενοῦσαν,
3514 1397 3537 1431 ι
3587 1378 3679 1433 ἵνα
3710 1381 3784 1452 μὴ

2199 1492 2217 1524 ε
2252 1474 2333 1536 εἰς
2357 1470 2588 1544 Χριστὸν
2616 1471 3042 1543 ἀμαρτάνωμεν,
3070 1489 3090 1524 ι
3115 1470 3376 1534 πολλάκις
3391 1471 3779 1538 ἀπολλυμένων

2190 1563 2252 1618 οὐ
2290 1563 2448 1634 μόνον
2480 1566 2545 1634 τῇ
2590 1562 2837 1633 ἡμετέρᾳ
2873 1561 3104 1632 γνώσει,
3146 1560 3282 1615 ἀλλά
3319 1562 3415 1615 καὶ
3454 1562 3641 1626 ἄλλοις
3678 1563 3782 1616 τισὶ

2186 1654 2301 1708 τῶν
2335 1655 2461 1727 περὶ
2493 1655 2642 1725 ἡμᾶς
2669 1651 2938 1723 ἀδελφῶν,
2976 1672 2994 1704 ι
3035 1652 3103 1706 δι’
3134 1651 3231 1716 οὒς
3261 1653 3290 1706 ὁ
3317 1653 3556 1725 Χριστὸς
3588 1652 3784 1707 ἀπέθα-

2191 1762 2301 1811 νεν,
2337 1763 2356 1799 ι
2395 1746 2481 1816 ἐφ’
2506 1740 2588 1808 οἷς
2618 1745 2703 1810 εἰς
2739 1743 2979 1816 Χριστὸν
3014 1743 3422 1816 ἁμαρτάνοντες
3452 1745 3685 1817 τίσομεν
3707 1745 3756 1799 δι

2191 1851 2318 1900 κας,
2371 1835 2757 1908 ὲνδικουμένης
2794 1836 2892 1907 τῆς
2938 1835 3045 1888 τῶν
3089 1834 3156 1888 δι’
3198 1836 3346 1906 ἡμᾶς
3395 1835 3781 1908 ἀπολλυμένων

497 1931 805 1995 scientiam,
850 1928 945 1983 sed
979 1927 1086 1981 alia
1130 1928 1295 1981 etiam
1349 1926 1650 1993 nonnulla;
1693 1933 1917 1996 propter
1952 1938 2080 1995 quos

2194 1923 2373 1995 ψυχῆς
2400 1924 2463 1990 ἐξ
2490 1926 2666 1997 ήμῶν.

496 2020 785 2093 punientur
811 2033 936 2088 erga
984 2016 1264 2071 Christum
1298 2023 1586 2084 peccantes
1608 2027 1735 2070 cum
1775 2015 1849 2069 ob
1882 2015 2094 2069 animas
2135 2022 2320 2070 nostra
2352 2015 2694 2085 pereuntium
2725 2030 2891 2071 causa
2940 2031 3116 2087 pruna
3143 2031 3173 2073 a
3216 2016 3374 2073 nobis
3405 2029 3778 2090 reposcentur.

562 2114 657 2168 25.
698 2112 959 2182 Deinceps
1003 2126 1134 2166 vero
1163 2111 1585 2166 examinandum
1613 2119 1699 2166 est
1729 2111 2077 2178 vocabulum,

2252 2109 2409 2167 Μετὰ
2435 2110 2609 2166 ταῦτα
2641 2112 2991 2185 βασανιστέον
3013 2114 3074 2167 τὸ
3105 2133 3126 2165 ι
3155 2114 3257 2184 τῆς
3286 2114 3534 2186 ἀνάγκης
3558 2119 3584 2168 ἰ
3612 2116 3778 2189 ὀνομα

499 2223 520 2257 ι
561 2221 804 2269 necesse,
841 2224 860 2256 ι
899 2203 1042 2274 (ιιιοὰ
1088 2203 1323 2257 habetur
1367 2202 1483 2256 hoc
1522 2202 1695 2259 loco”
1734 2222 1746 2258 :
1797 2206 1815 2255 ι
1852 2201 2080 2257 Necesse

2192 2205 2250 2258 ὲν
2281 2205 2359 2276 τῷ
2383 2219 2396 2234 ο
2434 2223 2453 2256 ι
2495 2205 2733 2275 Ἀνάγκη
2761 2205 2872 2277 γάρ
2918 2207 3066 2258 ἐστιν
3098 2205 3272 2258 ἐλθεῖν
3310 2205 3379 2259 τὰ
3408 2207 3680 2262 σκάνδαλα
3704 2248 3718 2269 ,
3752 2228 3772 2260 ι

492 2289 579 2355 est
613 2298 758 2353 enim
794 2306 854 2352 ut
889 2295 1113 2351 veniant
1157 2294 1452 2360 scandala,
1492 2313 1512 2345 ι
1552 2303 1610 2351 ει
1654 2290 1803 2365 quod
1832 2294 1883 2349 ei
1915 2293 2080 2363 aequi-

2191 2296 2285 2352 καὶ
2315 2297 2379 2350 τὰ
2411 2295 2763 2368 ἰσοδυναμοῦν
2786 2295 2939 2369 αὐτῷ
2968 2297 3121 2369 παρά
3157 2297 3236 2368 τῷ
3281 2298 3498 2369 Λουκᾷ·
3541 2318 3563 2352 ι
3602 2298 3779 2354 Ἀνέν-

493 2390 636 2447 valet
679 2389 819 2460 apud
867 2388 1071 2444 Lucam
1093 2387 1117 2419 ⁵
1146 2405 1161 2442 :
1194 2407 1214 2440 ι
1246 2385 1559 2440 ἀνένδεκτον
1599 2395 1683 2442 est
1740 2390 1801 2441 ut
1858 2401 1968 2441 non
1994 2400 2080 2440 ve-

2189 2380 2515 2445 δεκτόν,ἒστι
2539 2383 2635 2441 τοῦ
2670 2387 2746 2459 μὴ
2778 2382 2953 2441 ἐλθεῖν
2982 2387 3053 2441 τά
3090 2387 3364 2442 σκάνδαλα
3384 2428 3401 2453 ,
3436 2408 3456 2441 ι
3490 2389 3616 2444 ἀντὶ
3644 2388 3775 2454 τοῦ,

494 2481 649 2539 niant
673 2481 926 2538 scandala
949 2521 963 2545 ,
1004 2498 1024 2533 ι
1054 2495 1153 2551 pro
1179 2481 1444 2536 ἀδύνατον
1473 2488 1560 2536 est
1594 2500 1606 2534 :
1634 2486 1693 2534 et
1727 2477 2080 2548 quemadmo-

2194 2497 2219 2532 ι
2249 2473 2535 2536 ἀδύνατον·
2581 2499 2600 2532 ι
2626 2476 2720 2535 καὶ
2741 2479 2934 2552 ὥσπερ
2965 2479 3177 2553 ἀνάγκη
3211 2480 3273 2534 τὸ
3305 2480 3500 2552 θνητὸν
3543 2481 3780 2553 ἀποθνή-

493 2575 625 2631 dum
656 2571 965 2629 necessario
993 2570 1180 2626 interit
1206 2573 1354 2642 quod
1398 2568 1631 2626 mortale
1653 2576 1766 2635 est,
1798 2568 1911 2623 fieri
1937 2569 2080 2624 enim

2195 2589 2365 2638 σκειν,
2395 2575 2490 2627 καὶ
2510 2572 2823 2629 ἀνένδεκτω
2838 2572 2979 2633 αὐτὸ
3001 2571 3075 2646 μὴ
3100 2573 3414 2638 ἀποθανεῖν,
3446 2573 3542 2628 καὶ
3563 2573 3774 2644 ἀνάγκη

494 2678 607 2720 non
656 2672 853 2735 potest,
904 2666 1036 2736 quin
1076 2664 1338 2730 intereat;
1379 2671 1435 2718 et
1476 2660 1791 2717 necessario
1822 2659 2080 2722 nutritur,

2188 2662 2487 2735 τρέφεσθαι
2539 2663 2632 2723 τὸν
2674 2664 2736 2716 ὲν
2778 2663 3025 2736 σώματι*
3072 2664 3383 2719 ἀνένδατον
3423 2664 3534 2737 γάρ
3573 2663 3666 2718 τὸν
3700 2662 3773 2735 μὴ

494 2757 588 2828 qui
633 2771 929 2828 corporeus
956 2764 1075 2816 est:
1120 2756 1235 2810 lieri
1277 2751 1423 2810 enim
1462 2767 1571 2809 non
1609 2760 1789 2822 potest
1818 2758 1880 2806 ut
1915 2750 2080 2814 vivat,

2189 2756 2522 2829 τρεφόμενον
2572 2754 2696 2828 ζῇνο
2739 2755 2912 2820 οὕτως
2952 2755 3165 2829 ἀνάγκη
3204 2758 3299 2810 καὶ
3330 2757 3644 2811 ἀνένδεκτον
3697 2758 3770 2828 μὴ

493 2849 586 2919 Qui
614 2864 724 2904 non
769 2849 1049 2915 nutritur;
1100 2847 1175 2902 ita
1211 2844 1521 2902 necessario
1561 2843 1887 2899 exoriuntur
1918 2855 2080 2897 scan-

2188 2847 2365 2902 ὲλθεῖν
2386 2847 2455 2902 τὰ
2493 2846 2764 2902 σκάνδαλα
2782 2886 2796 2913 ,
2830 2848 2955 2900 ἐπεὶ
2992 2848 3205 2919 ἀνάγκη
3240 2848 3334 2902 καὶ
3372 2848 3768 2920 προῦφεστάναι

494 2941 639 3006 dala,
668 2954 770 2996 nec
797 2941 953 2994 aliter
979 2938 1097 2993 ﬁeri
1131 2946 1330 3007 potest,
1365 2951 1488 2991 cum
1518 2934 1660 2989 inter
1686 2934 1938 2989 homines
1967 2932 2080 2987 vir-

2188 2942 2288 3014 τὴν
2318 2942 2512 2996 κακίαν
2539 2941 2641 3012 τῆς
2684 2941 2887 3014 ἀρετῆς
2920 2940 2979 2995 ὲν
3001 2939 3329 3012 ἀνθρώποις,
3358 2942 3450 3012 ἀφ’
3474 2939 3542 3014 ἧς
3570 2941 3764 3004 κακίας

2186 3032 2257 3087 τὰ
2288 3031 2594 3087 σκάνδαλαο
2631 3033 2949 3086 ἀνένδεκτον
2985 3034 3094 3105 γάρ
3127 3035 3277 3087 ἐστιν
3300 3032 3568 3105 ἄνθρωπον
3600 3034 3756 3104 εὐρε-

2185 3125 2347 3197 θῆναι
2374 3124 2551 3197 πάντη
2582 3124 2989 3196 ἀναμάρτητον,
3020 3126 3115 3179 καὶ
3136 3125 3307 3197 χωρὶς
3322 3123 3584 3196 ἁμαρτίας
3615 3124 3760 3177 ἀνει-

2186 3214 2395 3286 ληφότα
2409 3213 2509 3285 τὴν
2536 3214 2737 3284 ἀρετήν
2759 3228 2774 3243 ο
2807 3215 2840 3285 ἡ
2868 3213 2978 3284 γὰρ
3003 3215 3062 3269 ἐν
3081 3216 3200 3279 ταῖς
3221 3216 3477 3284 πονηραῖς
3503 3212 3764 3284 δυνάμεσι

497 3043 668 3088 tutem
701 3030 1013 3087 necessario
1038 3028 1310 3106 praecedat
1336 3025 1599 3096 nequitia,
1631 3038 1662 3079 a
1695 3040 1804 3095 qua
1828 3024 2082 3080 scandala

496 3120 775 3192 proﬂuunt
803 3139 817 3175 :
844 3119 959 3174 ﬁeri
991 3118 1259 3187 siquidem
1288 3130 1398 3172 non
1430 3124 1607 3186 potest
1633 3124 1695 3171 ut
1718 3115 1880 3170 homo
1903 3115 2082 3172 omnis

498 3227 696 3282 expers
749 3211 923 3281 culpa:
969 3209 1313 3280 reperiatur,
1359 3207 1525 3279 602
1573 3207 1777 3277 quique
1824 3206 2081 3261 virtutem

501 3304 710 3374 absque
738 3309 963 3373 peccato
992 3298 1344 3369 capessiverit
1373 3317 1388 3355 :
1417 3315 1540 3354 nam
1571 3314 1693 3370 quae
1723 3296 1945 3354 nefariis
1981 3314 2080 3370 po-

2188 3305 2375 3369 κακία,
2411 3304 2686 3376 ἀρχηγικὴ
2716 3303 3056 3375 τυγχάνουσα
3083 3304 3185 3375 τῆς
3225 3306 3284 3358 ἐν
3329 3302 3631 3375 ἀνθρώποις
3667 3320 3764 3356 κα-

502 3395 789 3452 testatibus
838 3394 981 3449 inest
1024 3392 1271 3460 malitia,
1331 3406 1454 3448 cum
1525 3392 1810 3446 hominum
1863 3390 2080 3446 malitiae

2189 3395 2352 3460 κίεις,
2386 3395 2595 3459 πάντας
2634 3394 2747 3467 (54)
2779 3395 2929 3467 ὁρμᾷ
2957 3394 3053 3449 ἐπὶ
3097 3395 3160 3449 τὸ
3191 3395 3279 3449 διά
3325 3412 3486 3449 τινων
3529 3394 3764 3465 ὀργάνων

501 3502 669 3543 causa
703 3486 775 3542 sit
812 3493 868 3541 et
918 3485 1093 3554 origo,
1138 3498 1324 3539 omnes
1358 3483 1626 3548 concitat,
1674 3490 1732 3537 ut
1782 3496 1878 3553 per
1906 3481 2080 3553 aliqua

2189 3488 2481 3562 ἐνεργῆσαι
2509 3485 2649 3542 κατά
2680 3487 2789 3545 τῶν
2818 3487 2915 3542 τοῦ
2943 3487 3148 3560 κόσμου
3185 3486 3521 3559 ἀνθρώπων·
3550 3489 3688 3558 τάχα
3711 3486 3765 3541 δὲ

500 3579 863 3635 instrumenta
905 3577 1168 3631 adversus
1213 3574 1462 3630 homines
1495 3573 1673 3645 quiin
1716 3573 1919 3628 mundo
1959 3582 2080 3629 sunt

2188 3580 2284 3634 καὶ
2304 3579 2484 3633 πλεῖον
2513 3578 2569 3634 αξ
2600 3579 2835 3650 πονηραὶ
2865 3578 3124 3651 δυνάμεις
3156 3577 3539 3652 ὲξαγριοῦνται
3576 3579 3765 3634 ἐκϐαλ-

500 3678 794 3740 Operentur
818 3686 832 3724 :
855 3667 1085 3724 fortasse
1109 3668 1272 3724 etiam
1309 3667 1480 3738 magis
1515 3667 1796 3722 irritantur
1820 3665 2080 3737 improba

2188 3672 2410 3743 λόμεναι
2431 3669 2511 3742 τῷ
2541 3670 2685 3741 λόγῳ
2711 3668 2805 3724 τοῦ
2840 3670 3039 3742 Ἰησοῦ,
3071 3672 3166 3725 καὶ
3189 3671 3518 3744 μειουμένης
3542 3670 3642 3738 τῆς
3675 3672 3762 3724 λα-

498 3770 813 3834 potestates,
860 3774 988 3818 cum
1033 3762 1198 3818 verbo
1229 3759 1360 3817 Jes‘u
1403 3760 1776 3831 depelluntur,
1807 3768 1862 3816 et
1892 3774 2080 3815 earum

2188 3763 2372 3837 τρεεας
2402 3761 2604 3839 αὐτῶν,
2629 3761 2736 3816 τῶν
2758 3761 2962 3832 ὲθξμων
2992 3760 3194 3815 θυσιῶν
3226 3761 3410 3828 αὐτοῖς
3433 3764 3496 3817 οὐ
3534 3781 3762 3836 προσφε-

500 3856 843 3911 imminuitur
869 3855 1069 3922 cultus,
1099 3870 1199 3910 nec
1232 3854 1394 3909 solita
1428 3854 1509 3909 eis
1535 3852 1803 3910 sacrificia
1843 3851 2080 3907 offerunt-

2191 3855 2455 3928 ρομένων,
2486 3854 2582 3909 καὶ
2600 3854 2812 3926 ἀνάγκη
2833 3854 2952 3908 ἐστὶ
2982 3852 3159 3909 ταῦτα
3182 3852 3357 3910 ἐλθεῖν
3375 3896 3390 3922 ,
3424 3856 3528 3909 οὐκ
3557 3856 3757 3926 ἀνάγκη

500 3954 610 4013 tur,
640 3956 695 4002 et
718 3962 783 4003 ea
815 3945 1021 4002 oboriri
1061 3960 1286 4001 necesse
1310 3953 1415 4014 est,
1446 3959 1555 4001 non
1589 3952 1771 4000 autem
1801 3954 1900 4014 per
1925 3941 2077 3999 illum

2188 3948 2242 4001 δὲ
2263 3946 2351 4001 διὰ
2379 3945 2532 4001 τοῦδέ
2556 3963 2701 4011 τινος
2729 3946 2840 4018 (55)
2858 3963 2872 3977 ·
2916 3946 3107 4019 διόπερ
3132 3947 3209 4012 ὡς
3234 3949 3401 4003 τόπον
3425 3948 3675 4003 δεδωκότι
3695 3950 3756 4019 τῇ

1717 4055 1952 4113 VETUS
1986 4055 2572 4115 INTERPRETATIO.

500 4149 738 4223 asinaria
768 4152 906 4207 collo
933 4152 1075 4223 ejus,
1111 4160 1165 4208 et
1187 4150 1533 4223 demergatur
1575 4151 1631 4205 in
1675 4150 2239 4223 profundummaris,
2276 4170 2296 4204 ρ
2334 4151 2592 4221 quoniam
2616 4150 2697 4207 sic
2730 4151 2972 4208 vindicat
2999 4151 3144 4206 Deus
3167 4165 3262 4206 eos
3288 4150 3383 4221 qui
3412 4150 3757 4223 scandalizati

499 4221 706 4278 fuerint
730 4223 799 4276 ab
829 4223 910 4278 eis
956 4220 1051 4293 qui
1096 4220 1634 4293 scandalizaverunt,
1665 4220 1872 4293 etquae
1902 4220 2329 4293 intelligeremus
2355 4220 2672 4293 timeremus
2706 4238 2720 4276 :
2751 4237 3027 4291 nunquam
3058 4220 3413 4290 peccaremus
3446 4222 3502 4275 in
3541 4222 3755 4287 fratres,

500 4301 603 4361 nec
631 4290 1037 4361 percuteremiis
1085 4292 1452 4348 conscientias
1494 4306 1684 4346 eorum
1732 4290 2009 4361 intlrmas.
2035 4290 2135 4359 pro
2173 4292 2384 4361 quibus
2414 4292 2666 4346 Christus
2695 4290 2947 4346 mortuus
2976 4301 3078 4355 est,
3109 4298 3330 4361 propter
3348 4305 3487 4360 quos
3516 4293 3672 4361 quasi
3704 4293 3757 4345 in

497 4359 776 4429 Christum
813 4370 1099 4433 peccantes
1123 4361 1430 4417 subibimus
1457 4374 1668 4430 poenas,
1705 4374 1827 4413 cum
1862 4360 2137 4482 reﬂuisitm
2164 4359 2364 4416 fuerint
2384 4362 2583 4418 animae
2612 4376 2734 4430 quae
2758 4369 2977 4430 propter
3009 4359 3121 4416 nos
3137 4359 3407 4430 perierunt
3437 4375 3504 4413 ex
3538 4360 3719 4415 nobis.

574 4431 668 4482 25.
712 4431 917 4482 Deinde
946 4432 1229 4482 videamus
1259 4431 1536 4482 uuomndo
1581 4429 1881 4482 intelligere
1956 4429 2215 4482 ebeamus
2259 4432 2405 4482 nuod
2455 4433 2576 4482 ait:
2608 4449 2628 4482 ι
2666 4429 2899 4482 Necesse
2928 4440 3013 4482 est
3049 4441 3109 4482 ut
3148 4431 3360 4482 veniant
3402 4429 3682 4482 scandala.

574 4431 668 4486 25.
712 4429 917 4486 Deinde
946 4432 1229 4486 videamus
1259 4429 1536 4501 quomodo
1581 4429 1881 4501 intelligere
1920 4429 2229 4501 debeamus
2259 4432 2405 4501 quod
2455 4433 2533 4485 ait
2562 4450 2576 4486 :
2608 4429 2642 4483 c’
2666 4429 2899 4485 NeCesse
2928 4440 3013 4485 est
3049 4429 3360 4501 inveniant
3402 4429 3682 4501 scandala.
3733 4449 3752 4483 ›

496 4500 761 4559 Similiter
785 4503 932 4556 enim
957 4502 1180 4571 eXponit
1209 4497 1372 4571 etiam
1416 4498 1590 4571 Lucas
1616 4498 1803 4553 dicens
1829 4516 1842 4551 :
1878 4516 1898 4550 ‹
1930 4497 2292 4571 impossibile
2311 4508 2397 4556 est
2425 4509 2484 4555 ut
2516 4516 2625 4557 non
2665 4501 2884 4555 veniant
2912 4500 3188 4555 scandala.
3219 4518 3239 4550 ι
3274 4498 3341 4554 Ει
3370 4500 3511 4556 sicut
3540 4513 3756 4571 necesse

497 4580 581 4627 est
608 4571 891 4626 mortalem
927 4569 1089 4635 mori,
1131 4579 1184 4625 et
1218 4569 1556 4638 impossibile
1590 4578 1673 4623 est
1701 4577 1763 4638 ut
1802 4583 1905 4622 non
1938 4569 2206 4623 moriatur
2236 4587 2251 4623 :
2277 4580 2330 4624 et
2360 4571 2501 4625 sicut
2532 4585 2755 4625 necesse
2788 4578 2872 4625 est
2896 4572 3227 4625 manducare
3254 4571 3529 4624 hominem
3562 4569 3616 4623 iu
3640 4585 3754 4624 cur-

498 4655 628 4710 pore
656 4641 1034 4702 constitutum,
1058 4648 1113 4694 et
1135 4637 1474 4710 impossibile
1497 4650 1579 4693 est
1618 4648 1676 4710 ut
1702 4637 1821 4710 sine
1851 4652 1974 4710 esca
1999 4638 2090 4707 qui
2122 4640 2421 4708 corporalis
2446 4649 2549 4710 est,
2573 4641 2719 4694 vivat
2754 4658 2767 4694 :
2802 4640 2884 4695 sic
2909 4654 3132 4695 necesse
3160 4649 3247 4695 est
3270 4642 3456 4694 venire
3484 4639 3751 4705 scandala,

497 4706 552 4765 et
594 4710 930 4780 impossibile
973 4717 1059 4765 est
1103 4718 1164 4765 ut
1204 4706 1313 4763 non
1357 4707 1594 4780 veniant.
1625 4707 1691 4761 lit
1713 4706 1833 4780 vide
1865 4706 2098 4780 sipotes
2132 4706 2378 4780 accipere
2411 4709 2477 4764 ad
2515 4711 2822 4780 exemplum
2856 4710 3143 4772 malitiam,
3177 4725 3303 4779 quas
3340 4711 3394 4764 in
3423 4710 3748 4770 caelestibus,

497 4776 805 4851 necessarie
841 4781 1149 4851 copulatam
1197 4793 1319 4834 esse
1355 4777 1669 4851 virtutibus.
1711 4776 2051 4851 impossibile
2085 4786 2170 4833 est
2213 4776 2359 4832 enim
2411 4780 2641 4834 inveniri
2672 4776 2965 4851 fhominem
2991 4776 3217 4835 omnino
3262 4782 3382 4851 sine
3429 4790 3669 4848 peccato,
3699 4789 3751 4833 et

494 4845 955 4929 absquepeccat'o
987 4849 1265 4919 suscipere
1287 4858 1448 4929 posse
1478 4847 1705 4929 virtutes
1736 4863 1749 4898 :
1779 4845 1905 4929 quia
1951 4862 2049 4901 nec
2074 4856 2260 4929 potest
2298 4850 2871 4929 esseveruntbonum
2908 4851 3011 4904 nisi
3062 4851 3258 4905 habeat
3297 4845 3749 4929 impugnationem

498 4914 649 4972 mali.
684 4914 838 4974 Sicut
861 4934 993 4990 ergo
1024 4914 1246 4990 necesse
1277 4914 1363 4973 est
1389 4917 1680 4990 sustinere
1691 4914 1953 4990 malitiam
1987 4914 2311 4981 caelesti-um,
2339 4918 2756 4990 et_i_mpossibile
2790 4927 2879 4990 est,
2904 4935 3025 4973 eam
3052 4935 3161 4973 non
3202 4914 3523 4990 sustinere;
3558 4919 3638 4975 sic
3665 4932 3750 4973 ne-

498 5001 652 5042 cesse
675 4996 761 5043 est
803 4985 987 5044 venire
1012 4989 1288 5056 scandala,
1316 4997 1371 5044 et
1401 4985 1739 5056 impossibile
1771 4993 1948 5057 estut
1985 5002 2091 5040 non
2123 4989 2362 5042 veniant.
2398 4985 2632 5043 Maiitnc
2660 4991 2709 5043 si
2739 4989 3069 5043 intellexeris
3100 4990 3365 5043 malitiam
3394 4988 3746 5057 malignarum

496 5058 759 5113 virtutum
786 5058 1135 5137 principalem
1176 5073 1296 5137 esse
1326 5055 1548 5137 malitim
1577 5057 1666 5110 isti
1700 5070 1838 5137 qua:
1852 5056 1904 5109 in
1937 5055 2253 5137 hominibus
2293 5066 2398 5121 est,
2425 5067 2512 5137 ἐι.
2535 5072 2748 5128 semper
2775 5069 3106 5137 quaerentem
3145 5073 3346 5137 organa
3373 5055 3620 5129 quaedam
3663 5072 3752 5137 per

494 5124 916 5199 quaeoperetur
958 5124 1217 5199 adversus
1264 5129 1511 5199 homines
1553 5124 1771 5199 mundi.
1798 5124 2048 5181 Forsitan
2102 5136 2289 5199 autem
2329 5137 2383 5183 ct
2424 5124 2704 5182 irritantur
2748 5124 2923 5199 nfagis
2971 5124 3509 5199 malignae'virttites.
3553 5124 3750 5197 quanto

496 5195 671 5268 magis
694 5195 935 5253 'verbum
965 5197 1171 5268 Christi
1205 5198 1257 5252 in
1296 5197 1606 5268 hominibus
1633 5195 1971 5268 invalescens
1995 5197 2214 5268 expellit
2244 5197 2313 5251 ab
2341 5199 2423 5268 eis
2454 5200 2721 5268 malignas
2750 5195 3002 5265 virtutes,
3034 5195 3155 5268 quin
3188 5198 3341 5267 prius
3367 5195 3751 5268 consueverant

495 5264 743 5325 habitare
790 5270 847 5323 in
893 5267 1090 5323 animis
1119 5283 1308 5323 eorum
1362 5285 1376 5322 :
1426 5276 1478 5321 et
1511 5266 1785 5321 dmmones
1815 5265 1909 5334 qui
1943 5264 2352 5322 delectabantur
2388 5267 2443 5322 in
2481 5264 2747 5338 sanguine
2791 5264 3228 5333 sacriﬁciorum,
3272 5268 3583 5323 irascuntur
3625 5266 3747 5322 dum

565 5391 585 5423 ³
612 5389 802 5445 Matth.
833 5404 986 5465 xvm,
1018 5386 1071 5444 6.
1148 5387 1169 5420 ⁸
1193 5387 1212 5441 1
1237 5386 1365 5443 Cor.
1396 5403 1516 5453 vm,
1550 5388 1637 5453 ll,
1672 5386 1756 5440 ιε.
1833 5386 1852 5415 ⁷
1877 5384 2067 5440 Matth.
2102 5403 2254 5454 xvm,
2295 5387 2346 5441 'l.
2425 5387 2447 5420 ⁸
2480 5386 2613 5442 Luc.
2648 5403 2780 5452 xvn,
2815 5388 2860 5441 l.

2180 5526 2217 5577 «ν
2241 5505 2470 5577 Necesse
2503 5515 2587 5562 est
2616 5507 2834 5577 quidem
2886 5505 3071 5560 venire
3123 5504 3408 5577 scandala;
3442 5517 3525 5577 Vm
3571 5510 3746 5557 tamen

2175 5576 2225 5632 εἰ
2250 5574 2335 5631 est
2368 5576 2598 5642 homini,
2625 5574 2717 5646 qui
2744 5580 2891 5645 quod
2920 5589 3144 5631 necesse
3174 5584 3351 5646 est_ut
3376 5574 3548 5646 liatin
3585 5587 3738 5646 mun-

2180 5646 2269 5709 do,
2308 5647 2439 5701 vitio
2462 5661 2565 5701 suo
2592 5641 2721 5700 facit
2754 5641 2812 5699 ut
2833 5660 2928 5715 per
2951 5661 3009 5700 se
3034 5648 3149 5702 tiat.
3180 5664 3201 5698 ›
3243 5641 3375 5700 Vide
3402 5642 3743 5699 animadvero

2171 5716 2377 5772 sionem
2405 5724 2739 5787 sequentem.
2773 5717 3039 5770 Hunnus.

564 5508 677 5577 (δά)
706 5508 961 5575 Πάντας.
998 5505 1160 5563 Forte
1192 5506 1534 5561 scribendum
1567 5504 1804 5577 πάντως.

705 5580 814 5650 Καὶ
834 5572 1071 5650 ά-νᾶγκη
1094 5577 1224 5650 ἐστὶ
1244 5577 1437 5650 ταῦτα
1456 5576 1807 5650 agmineex
1833 5572 2068 5642 ἀνάγκη

496 5642 685 5700 δὲ’διὰ
714 5647 887 5701 τοῦδέ
914 5642 1093 5714 tis-oe.
1128 5647 1278 5700 l'aul.
1301 5646 1320 5698 ι
1346 5647 1618 5712 Cur.xr,‘9.
1666 5642 2028 5714 Hieronymus
2054 5659 2069 5696 :

503 5733 526 5766 ι
556 5714 693 5767 Cum
747 5732 965 5771 necesse
996 5712 1065 5771 sit
1111 5717 1164 5769 iu
1210 5717 1315 5767 isto
1369 5716 1570 5769 mundo
1619 5714 1730 5768 licri
1781 5712 2058 5774 scandala,

501 5784 877 5855 unusquisque
928 5801 1029 5839 suo
1078 5785 1209 5839 vitio
1253 5786 1522 5838 scandalis
1570 5793 1734 5853 patet.
1784 5802 1802 5832 ι
1860 5781 1988 5833 Item
2042 5796 2055 5831 :
