  <div class='ocr_page' id='page_1' title='image "/cluster/home/n/w/nwhite01/storage/ocr_20150623/13/mdp.39015007036059/583.png"; bbox 0 0 4028 6296; ppageno 0'>
   <div class='ocr_carea' id='block_1_1' title="bbox 501 330 642 388">
    <p class='ocr_par' dir='ltr' id='par_1_1' title="bbox 501 330 642 388">
     <span class='ocr_line' id='line_1_1' title="bbox 501 330 642 388; baseline 0 0"><span class='ocrx_word' id='word_1_1' title='bbox 501 330 642 388; x_wconf 70' lang='lat' dir='ltr'><strong>H59</strong></span> 
     </span>
    </p>
   </div>
   <div class='ocr_carea' id='block_1_2' title="bbox 1948 316 2274 374">
    <p class='ocr_par' dir='ltr' id='par_1_2' title="bbox 1948 316 2274 374">
     <span class='ocr_line' id='line_1_2' title="bbox 1948 316 2274 374; baseline -0.006 -1"><span class='ocrx_word' id='word_1_2' title='bbox 1948 316 2274 374; x_wconf 80' lang='lat' dir='ltr'><strong>ORlGENlS</strong></span> 
     </span>
    </p>
   </div>
   <div class='ocr_carea' id='block_1_3' title="bbox 3629 310 3764 366">
    <p class='ocr_par' dir='ltr' id='par_1_3' title="bbox 3629 310 3764 366">
     <span class='ocr_line' id='line_1_3' title="bbox 3629 310 3764 366; baseline 0.015 -2"><span class='ocrx_word' id='word_1_3' title='bbox 3629 310 3764 366; x_wconf 75' lang='lat' dir='ltr'><strong>H60</strong></span> 
     </span>
    </p>
   </div>
   <div class='ocr_carea' id='block_1_4' title="bbox 497 404 2076 516">
    <p class='ocr_par' dir='ltr' id='par_1_4' title="bbox 497 435 2076 516">
     <span class='ocr_line' id='line_1_4' title="bbox 497 435 2076 516; baseline -0.011 -11"><span class='ocrx_word' id='word_1_4' title='bbox 497 449 612 506; x_wconf 76' lang='lat' dir='ltr'><strong>eiat</strong></span> <span class='ocrx_word' id='word_1_5' title='bbox 655 465 671 504; x_wconf 90' lang='lat'><strong>:</strong></span> <span class='ocrx_word' id='word_1_6' title='bbox 706 446 864 516; x_wconf 86' lang='lat' dir='ltr'><strong>longe</strong></span> <span class='ocrx_word' id='word_1_7' title='bbox 887 441 1085 514; x_wconf 83' lang='lat' dir='ltr'><strong>quippe</strong></span> <span class='ocrx_word' id='word_1_8' title='bbox 1109 441 1288 498; x_wconf 83' lang='lat' dir='ltr'><strong>satius</strong></span> <span class='ocrx_word' id='word_1_9' title='bbox 1310 447 1394 495; x_wconf 86' lang='lat' dir='ltr'><strong>est</strong></span> <span class='ocrx_word' id='word_1_10' title='bbox 1435 437 1490 493; x_wconf 91' lang='lat' dir='ltr'><strong>in</strong></span> <span class='ocrx_word' id='word_1_11' title='bbox 1523 438 1690 494; x_wconf 87' lang='lat' dir='ltr'><strong>vitam</strong></span> <span class='ocrx_word' id='word_1_12' title='bbox 1721 435 1928 508; x_wconf 77' lang='lat' dir='ltr'><strong>ingredi</strong></span> <span class='ocrx_word' id='word_1_13' title='bbox 1953 435 2076 490; x_wconf 89' lang='lat' dir='ltr'><strong>reli-</strong></span> 
     </span>
    </p>
   </div>
   <div class='ocr_carea' id='block_1_5' title="bbox 2177 404 3768 516">
    <p class='ocr_par' dir='ltr' id='par_1_5' title="bbox 2178 404 3768 504">
     <span class='ocr_line' id='line_1_5' title="bbox 2178 404 3768 504; baseline -0.002 -19"><span class='ocrx_word' id='word_1_14' title='bbox 2178 432 2286 504; x_wconf 80' lang='grc' dir='ltr'><strong>γὰρ</strong></span> <span class='ocrx_word' id='word_1_15' title='bbox 2341 429 2520 502; x_wconf 87' lang='grc' dir='ltr'>πολλῷ</span> <span class='ocrx_word' id='word_1_16' title='bbox 2565 430 2776 501; x_wconf 84' lang='grc' dir='ltr'>βέλτιον</span> <span class='ocrx_word' id='word_1_17' title='bbox 2815 428 2989 482; x_wconf 83' lang='grc' dir='ltr'>ὲλθεῖν</span> <span class='ocrx_word' id='word_1_18' title='bbox 3038 426 3118 492; x_wconf 75' lang='grc' dir='ltr'>εἰς</span> <span class='ocrx_word' id='word_1_19' title='bbox 3165 425 3263 499; x_wconf 74' lang='grc' dir='ltr'>τὴν</span> <span class='ocrx_word' id='word_1_20' title='bbox 3298 426 3440 498; x_wconf 77' lang='grc' dir='ltr'>ζωὴν</span> <span class='ocrx_word' id='word_1_21' title='bbox 3472 425 3533 480; x_wconf 79' lang='grc' dir='ltr'>τὸ</span> <span class='ocrx_word' id='word_1_22' title='bbox 3559 404 3768 482; x_wconf 66' lang='grc' dir='ltr'><strong>⁹λοιτδιὺν</strong></span> 
     </span>
    </p>
   </div>
   <div class='ocr_carea' id='block_1_6' title="bbox 498 527 2080 610">
    <p class='ocr_par' dir='ltr' id='par_1_6' title="bbox 498 527 2080 610">
     <span class='ocr_line' id='line_1_6' title="bbox 498 527 2080 610; baseline -0.009 -16"><span class='ocrx_word' id='word_1_23' title='bbox 498 553 673 610; x_wconf 91' lang='lat' dir='ltr'><strong>quum</strong></span> <span class='ocrx_word' id='word_1_24' title='bbox 703 550 921 605; x_wconf 81' lang='lat' dir='ltr'><strong>corpus,</strong></span> <span class='ocrx_word' id='word_1_25' title='bbox 953 533 1088 604; x_wconf 82' lang='lat' dir='ltr'><strong>pede</strong></span> <span class='ocrx_word' id='word_1_26' title='bbox 1117 531 1434 588; x_wconf 82' lang='lat' dir='ltr'><strong>scandalum</strong></span> <span class='ocrx_word' id='word_1_27' title='bbox 1468 529 1762 601; x_wconf 74' lang='lat' dir='ltr'><strong>praebente,</strong></span> <span class='ocrx_word' id='word_1_28' title='bbox 1795 527 1878 582; x_wconf 88' lang='lat' dir='ltr'><strong>vel</strong></span> <span class='ocrx_word' id='word_1_29' title='bbox 1913 541 2080 580; x_wconf 89' lang='lat' dir='ltr'><strong>manu</strong></span> 
     </span>
    </p>
   </div>
   <div class='ocr_carea' id='block_1_7' title="bbox 500 623 2081 694">
    <p class='ocr_par' dir='ltr' id='par_1_7' title="bbox 500 623 2081 694">
     <span class='ocr_line' id='line_1_7' title="bbox 500 623 2081 694; baseline -0.009 -9"><span class='ocrx_word' id='word_1_30' title='bbox 500 629 752 685; x_wconf 86' lang='lat' dir='ltr'><strong>mutilum</strong></span> <span class='ocrx_word' id='word_1_31' title='bbox 778 664 795 691; x_wconf 93' lang='lat'><strong>,</strong></span> <span class='ocrx_word' id='word_1_32' title='bbox 840 638 1002 694; x_wconf 86' lang='lat' dir='ltr'><strong>quam</strong></span> <span class='ocrx_word' id='word_1_33' title='bbox 1042 637 1138 692; x_wconf 91' lang='lat' dir='ltr'><strong>per</strong></span> <span class='ocrx_word' id='word_1_34' title='bbox 1166 623 1485 678; x_wconf 88' lang='lat' dir='ltr'><strong>universum</strong></span> <span class='ocrx_word' id='word_1_35' title='bbox 1535 633 1737 690; x_wconf 89' lang='lat' dir='ltr'><strong>corpus</strong></span> <span class='ocrx_word' id='word_1_36' title='bbox 1785 625 2081 688; x_wconf 87' lang='lat' dir='ltr'><strong>propagato</strong></span> 
     </span>
    </p>
   </div>
   <div class='ocr_carea' id='block_1_8' title="bbox 501 707 2080 781">
    <p class='ocr_par' dir='ltr' id='par_1_8' title="bbox 501 707 2080 781">
     <span class='ocr_line' id='line_1_8' title="bbox 501 707 2080 781; baseline -0.006 -10"><span class='ocrx_word' id='word_1_37' title='bbox 501 715 806 779; x_wconf 80' lang='lat' dir='ltr'><strong>scandala,</strong></span> <span class='ocrx_word' id='word_1_38' title='bbox 867 712 1012 767; x_wconf 92' lang='lat' dir='ltr'><strong>mitti</strong></span> <span class='ocrx_word' id='word_1_39' title='bbox 1061 711 1197 766; x_wconf 86' lang='lat' dir='ltr'><strong>illud</strong></span> <span class='ocrx_word' id='word_1_40' title='bbox 1251 711 1307 764; x_wconf 92' lang='lat' dir='ltr'><strong>in</strong></span> <span class='ocrx_word' id='word_1_41' title='bbox 1346 711 1647 781; x_wconf 77' lang='lat' dir='ltr'><strong>gehennam</strong></span> <span class='ocrx_word' id='word_1_42' title='bbox 1696 709 1834 780; x_wconf 82' lang='lat' dir='ltr'><strong>ignis</strong></span> <span class='ocrx_word' id='word_1_43' title='bbox 1866 707 2080 762; x_wconf 83' lang='lat' dir='ltr'><strong>duobus</strong></span> 
     </span>
    </p>
   </div>
   <div class='ocr_carea' id='block_1_9' title="bbox 498 796 2081 878">
    <p class='ocr_par' dir='ltr' id='par_1_9' title="bbox 498 796 2081 878">
     <span class='ocr_line' id='line_1_9' title="bbox 498 796 2081 878; baseline -0.008 -17"><span class='ocrx_word' id='word_1_44' title='bbox 498 807 758 878; x_wconf 80' lang='lat' dir='ltr'><strong>pedibus,</strong></span> <span class='ocrx_word' id='word_1_45' title='bbox 794 803 1076 860; x_wconf 85' lang='lat' dir='ltr'><strong>duabusve</strong></span> <span class='ocrx_word' id='word_1_46' title='bbox 1123 803 1378 857; x_wconf 89' lang='lat' dir='ltr'><strong>manibus</strong></span> <span class='ocrx_word' id='word_1_47' title='bbox 1420 802 1768 856; x_wconf 88' lang='lat' dir='ltr'><strong>instructum.</strong></span> <span class='ocrx_word' id='word_1_48' title='bbox 1819 796 2081 852; x_wconf 74' lang='lat' dir='ltr'><strong>Similiter</strong></span> 
     </span>
    </p>
   </div>
   <div class='ocr_carea' id='block_1_10' title="bbox 497 889 2076 964">
    <p class='ocr_par' dir='ltr' id='par_1_10' title="bbox 497 889 2076 964">
     <span class='ocr_line' id='line_1_10' title="bbox 497 889 2076 964; baseline -0.008 -12"><span class='ocrx_word' id='word_1_49' title='bbox 497 896 636 952; x_wconf 85' lang='lat' dir='ltr'><strong>bene</strong></span> <span class='ocrx_word' id='word_1_50' title='bbox 665 906 746 951; x_wconf 90' lang='lat' dir='ltr'><strong>est</strong></span> <span class='ocrx_word' id='word_1_51' title='bbox 803 894 850 950; x_wconf 88' lang='lat' dir='ltr'><strong>si</strong></span> <span class='ocrx_word' id='word_1_52' title='bbox 899 894 995 964; x_wconf 88' lang='lat' dir='ltr'><strong>qui</strong></span> <span class='ocrx_word' id='word_1_53' title='bbox 1043 893 1210 948; x_wconf 89' lang='lat' dir='ltr'><strong>totius</strong></span> <span class='ocrx_word' id='word_1_54' title='bbox 1240 893 1487 962; x_wconf 90' lang='lat' dir='ltr'><strong>corporis</strong></span> <span class='ocrx_word' id='word_1_55' title='bbox 1516 891 1708 946; x_wconf 85' lang='lat' dir='ltr'><strong>oculus</strong></span> <span class='ocrx_word' id='word_1_56' title='bbox 1735 904 1857 945; x_wconf 85' lang='lat' dir='ltr'><strong>esse</strong></span> <span class='ocrx_word' id='word_1_57' title='bbox 1885 889 2076 958; x_wconf 92' lang='lat' dir='ltr'><strong>potuit,</strong></span> 
     </span>
    </p>
   </div>
   <div class='ocr_carea' id='block_1_11' title="bbox 494 984 2080 1058">
    <p class='ocr_par' dir='ltr' id='par_1_11' title="bbox 494 984 2080 1058">
     <span class='ocr_line' id='line_1_11' title="bbox 494 984 2080 1058; baseline -0.006 -16"><span class='ocrx_word' id='word_1_58' title='bbox 494 986 718 1058; x_wconf 82' lang='lat' dir='ltr'><strong>dignum</strong></span> <span class='ocrx_word' id='word_1_59' title='bbox 751 1001 809 1041; x_wconf 88' lang='lat' dir='ltr'><strong>se</strong></span> <span class='ocrx_word' id='word_1_60' title='bbox 837 985 1040 1056; x_wconf 62' lang='lat' dir='ltr'><strong>prebet</strong></span> <span class='ocrx_word' id='word_1_61' title='bbox 1063 984 1306 1049; x_wconf 75' lang='lat' dir='ltr'><strong>Christo,</strong></span> <span class='ocrx_word' id='word_1_62' title='bbox 1339 991 1394 1038; x_wconf 87' lang='lat' dir='ltr'><strong>et</strong></span> <span class='ocrx_word' id='word_1_63' title='bbox 1427 991 1540 1038; x_wconf 89' lang='lat' dir='ltr'><strong>toto</strong></span> <span class='ocrx_word' id='word_1_64' title='bbox 1570 996 1826 1051; x_wconf 88' lang='lat' dir='ltr'><strong>corpore;</strong></span> <span class='ocrx_word' id='word_1_65' title='bbox 1861 994 2080 1034; x_wconf 84' lang='lat' dir='ltr'><strong>verum-</strong></span> 
     </span>
    </p>
   </div>
   <div class='ocr_carea' id='block_1_12' title="bbox 495 1069 2078 1140">
    <p class='ocr_par' dir='ltr' id='par_1_12' title="bbox 495 1069 2078 1140">
     <span class='ocr_line' id='line_1_12' title="bbox 495 1069 2078 1140; baseline -0.006 -8"><span class='ocrx_word' id='word_1_66' title='bbox 495 1086 679 1132; x_wconf 84' lang='lat' dir='ltr'><strong>tamen</strong></span> <span class='ocrx_word' id='word_1_67' title='bbox 715 1076 761 1132; x_wconf 88' lang='lat' dir='ltr'><strong>si</strong></span> <span class='ocrx_word' id='word_1_68' title='bbox 785 1076 1006 1132; x_wconf 90' lang='lat' dir='ltr'><strong>oculum</strong></span> <span class='ocrx_word' id='word_1_69' title='bbox 1037 1076 1182 1130; x_wconf 90' lang='lat' dir='ltr'><strong>hunc</strong></span> <span class='ocrx_word' id='word_1_70' title='bbox 1210 1075 1283 1128; x_wconf 86' lang='lat' dir='ltr'><strong>ita</strong></span> <span class='ocrx_word' id='word_1_71' title='bbox 1313 1072 1513 1128; x_wconf 90' lang='lat' dir='ltr'><strong>mutari</strong></span> <span class='ocrx_word' id='word_1_72' title='bbox 1538 1071 1834 1140; x_wconf 78' lang='lat' dir='ltr'><strong>aliquando</strong></span> <span class='ocrx_word' id='word_1_73' title='bbox 1867 1069 2078 1124; x_wconf 90' lang='lat' dir='ltr'><strong>contin-</strong></span> 
     </span>
    </p>
   </div>
   <div class='ocr_carea' id='block_1_13' title="bbox 495 1155 2079 1238">
    <p class='ocr_par' dir='ltr' id='par_1_13' title="bbox 495 1155 2079 1238">
     <span class='ocr_line' id='line_1_13' title="bbox 495 1155 2079 1238; baseline -0.008 -17"><span class='ocrx_word' id='word_1_74' title='bbox 495 1167 593 1238; x_wconf 84' lang='lat' dir='ltr'><strong>git,</strong></span> <span class='ocrx_word' id='word_1_75' title='bbox 641 1174 701 1222; x_wconf 90' lang='lat' dir='ltr'><strong>ut</strong></span> <span class='ocrx_word' id='word_1_76' title='bbox 748 1166 916 1220; x_wconf 88' lang='lat' dir='ltr'><strong>totius</strong></span> <span class='ocrx_word' id='word_1_77' title='bbox 950 1163 1196 1234; x_wconf 88' lang='lat' dir='ltr'><strong>corporis</strong></span> <span class='ocrx_word' id='word_1_78' title='bbox 1237 1161 1555 1232; x_wconf 83' lang='lat' dir='ltr'><strong>scandalum</strong></span> <span class='ocrx_word' id='word_1_79' title='bbox 1591 1159 1708 1223; x_wconf 84' lang='lat' dir='ltr'><strong>ﬁat,</strong></span> <span class='ocrx_word' id='word_1_80' title='bbox 1754 1156 1927 1212; x_wconf 88' lang='lat' dir='ltr'><strong>satius</strong></span> <span class='ocrx_word' id='word_1_81' title='bbox 1975 1155 2079 1210; x_wconf 84' lang='lat' dir='ltr'><strong>erit</strong></span> 
     </span>
    </p>
   </div>
   <div class='ocr_carea' id='block_1_14' title="bbox 493 1247 2077 1322">
    <p class='ocr_par' dir='ltr' id='par_1_14' title="bbox 493 1247 2077 1322">
     <span class='ocr_line' id='line_1_14' title="bbox 493 1247 2077 1322; baseline -0.008 -8"><span class='ocrx_word' id='word_1_82' title='bbox 493 1268 712 1314; x_wconf 88' lang='lat' dir='ltr'><strong>erutum</strong></span> <span class='ocrx_word' id='word_1_83' title='bbox 739 1272 864 1314; x_wconf 90' lang='lat' dir='ltr'><strong>eum</strong></span> <span class='ocrx_word' id='word_1_84' title='bbox 895 1266 1047 1312; x_wconf 78' lang='lat' dir='ltr'><strong>extra</strong></span> <span class='ocrx_word' id='word_1_85' title='bbox 1079 1264 1250 1310; x_wconf 90' lang='lat' dir='ltr'><strong>totum</strong></span> <span class='ocrx_word' id='word_1_86' title='bbox 1276 1268 1475 1322; x_wconf 90' lang='lat' dir='ltr'><strong>corpus</strong></span> <span class='ocrx_word' id='word_1_87' title='bbox 1508 1249 1796 1322; x_wconf 86' lang='lat' dir='ltr'><strong>projicere,</strong></span> <span class='ocrx_word' id='word_1_88' title='bbox 1826 1257 1882 1304; x_wconf 90' lang='lat' dir='ltr'><strong>et</strong></span> <span class='ocrx_word' id='word_1_89' title='bbox 1916 1247 2077 1302; x_wconf 91' lang='lat' dir='ltr'><strong>oculo</strong></span> 
     </span>
    </p>
   </div>
   <div class='ocr_carea' id='block_1_15' title="bbox 475 1340 2072 1419">
    <p class='ocr_par' dir='ltr' id='par_1_15' title="bbox 475 1340 2072 1419">
     <span class='ocr_line' id='line_1_15' title="bbox 475 1340 2072 1419; baseline -0.008 -12"><span class='ocrx_word' id='word_1_90' title='bbox 475 1351 602 1407; x_wconf 76' lang='lat' dir='ltr'><strong>hoc</strong></span> <span class='ocrx_word' id='word_1_91' title='bbox 649 1349 920 1419; x_wconf 87' lang='lat' dir='ltr'><strong>reliquum</strong></span> <span class='ocrx_word' id='word_1_92' title='bbox 975 1362 1174 1416; x_wconf 89' lang='lat' dir='ltr'><strong>corpus</strong></span> <span class='ocrx_word' id='word_1_93' title='bbox 1212 1345 1463 1401; x_wconf 85' lang='lat' dir='ltr'><strong>orbatum</strong></span> <span class='ocrx_word' id='word_1_94' title='bbox 1510 1344 1744 1399; x_wconf 87' lang='lat' dir='ltr'><strong>salutem</strong></span> <span class='ocrx_word' id='word_1_95' title='bbox 1791 1340 2072 1410; x_wconf 89' lang='lat' dir='ltr'><strong>consequi,</strong></span> 
     </span>
    </p>
   </div>
   <div class='ocr_carea' id='block_1_16' title="bbox 493 1428 2073 1513">
    <p class='ocr_par' dir='ltr' id='par_1_16' title="bbox 493 1428 2073 1513">
     <span class='ocr_line' id='line_1_16' title="bbox 493 1428 2073 1513; baseline -0.008 -17"><span class='ocrx_word' id='word_1_96' title='bbox 493 1456 659 1513; x_wconf 84' lang='lat' dir='ltr'><strong>quam</strong></span> <span class='ocrx_word' id='word_1_97' title='bbox 690 1455 812 1496; x_wconf 84' lang='lat' dir='ltr'><strong>cum</strong></span> <span class='ocrx_word' id='word_1_98' title='bbox 843 1439 961 1508; x_wconf 89' lang='lat' dir='ltr'><strong>ipso</strong></span> <span class='ocrx_word' id='word_1_99' title='bbox 986 1437 1166 1502; x_wconf 89' lang='lat' dir='ltr'><strong>oculo,</strong></span> <span class='ocrx_word' id='word_1_100' title='bbox 1195 1436 1452 1491; x_wconf 85' lang='lat' dir='ltr'><strong>universo</strong></span> <span class='ocrx_word' id='word_1_101' title='bbox 1479 1448 1706 1503; x_wconf 88' lang='lat' dir='ltr'><strong>corpore</strong></span> <span class='ocrx_word' id='word_1_102' title='bbox 1731 1428 2073 1496; x_wconf 83' lang='lat' dir='ltr'><strong>labefactato,</strong></span> 
     </span>
    </p>
   </div>
   <div class='ocr_carea' id='block_1_17' title="bbox 492 1518 2076 1602">
    <p class='ocr_par' dir='ltr' id='par_1_17' title="bbox 492 1518 2076 1602">
     <span class='ocr_line' id='line_1_17' title="bbox 492 1518 2076 1602; baseline -0.008 -14"><span class='ocrx_word' id='word_1_103' title='bbox 492 1531 551 1588; x_wconf 86' lang='lat' dir='ltr'><strong>in</strong></span> <span class='ocrx_word' id='word_1_104' title='bbox 583 1532 882 1602; x_wconf 72' lang='lat' dir='ltr'><strong>gehennam</strong></span> <span class='ocrx_word' id='word_1_105' title='bbox 919 1528 1062 1598; x_wconf 88' lang='lat' dir='ltr'><strong>ignis</strong></span> <span class='ocrx_word' id='word_1_106' title='bbox 1105 1535 1274 1582; x_wconf 86' lang='lat' dir='ltr'><strong>totum</strong></span> <span class='ocrx_word' id='word_1_107' title='bbox 1321 1539 1521 1594; x_wconf 92' lang='lat' dir='ltr'><strong>corpus</strong></span> <span class='ocrx_word' id='word_1_108' title='bbox 1567 1523 1810 1576; x_wconf 87' lang='lat' dir='ltr'><strong>immitti.</strong></span> <span class='ocrx_word' id='word_1_109' title='bbox 1865 1518 2076 1576; x_wconf 79' lang='lat' dir='ltr'><strong>Animze</strong></span> 
     </span>
    </p>
   </div>
   <div class='ocr_carea' id='block_1_18' title="bbox 491 1612 2071 1687">
    <p class='ocr_par' dir='ltr' id='par_1_18' title="bbox 491 1612 2071 1687">
     <span class='ocr_line' id='line_1_18' title="bbox 491 1612 2071 1687; baseline -0.008 -8"><span class='ocrx_word' id='word_1_110' title='bbox 491 1625 661 1687; x_wconf 88' lang='lat' dir='ltr'><strong>enim,</strong></span> <span class='ocrx_word' id='word_1_111' title='bbox 698 1631 760 1678; x_wconf 91' lang='lat' dir='ltr'><strong>ut</strong></span> <span class='ocrx_word' id='word_1_112' title='bbox 792 1622 864 1676; x_wconf 90' lang='lat' dir='ltr'><strong>ita</strong></span> <span class='ocrx_word' id='word_1_113' title='bbox 903 1620 1104 1685; x_wconf 88' lang='lat' dir='ltr'><strong>dicam,</strong></span> <span class='ocrx_word' id='word_1_114' title='bbox 1141 1615 1426 1673; x_wconf 82' lang='lat' dir='ltr'><strong>incedendi</strong></span> <span class='ocrx_word' id='word_1_115' title='bbox 1463 1613 1698 1670; x_wconf 77' lang='lat' dir='ltr'><strong>facultas</strong></span> <span class='ocrx_word' id='word_1_116' title='bbox 1726 1612 1927 1683; x_wconf 88' lang='lat' dir='ltr'><strong>peccati</strong></span> <span class='ocrx_word' id='word_1_117' title='bbox 1956 1627 2071 1678; x_wconf 89' lang='lat' dir='ltr'><strong>rea,</strong></span> 
     </span>
    </p>
   </div>
   <div class='ocr_carea' id='block_1_19' title="bbox 492 1705 2072 1783">
    <p class='ocr_par' dir='ltr' id='par_1_19' title="bbox 492 1705 2072 1783">
     <span class='ocr_line' id='line_1_19' title="bbox 492 1705 2072 1783; baseline -0.008 -15"><span class='ocrx_word' id='word_1_118' title='bbox 492 1713 698 1783; x_wconf 87' lang='lat' dir='ltr'><strong>peccati</strong></span> <span class='ocrx_word' id='word_1_119' title='bbox 731 1711 860 1766; x_wconf 89' lang='lat' dir='ltr'><strong>item</strong></span> <span class='ocrx_word' id='word_1_120' title='bbox 894 1724 984 1765; x_wconf 91' lang='lat' dir='ltr'><strong>rea</strong></span> <span class='ocrx_word' id='word_1_121' title='bbox 1017 1707 1233 1763; x_wconf 85' lang='lat' dir='ltr'><strong>videndi</strong></span> <span class='ocrx_word' id='word_1_122' title='bbox 1263 1705 1527 1771; x_wconf 82' lang='lat' dir='ltr'><strong>facultas,</strong></span> <span class='ocrx_word' id='word_1_123' title='bbox 1576 1719 1773 1759; x_wconf 90' lang='lat' dir='ltr'><strong>manus</strong></span> <span class='ocrx_word' id='word_1_124' title='bbox 1815 1717 1936 1758; x_wconf 80' lang='lat' dir='ltr'><strong>esse</strong></span> <span class='ocrx_word' id='word_1_125' title='bbox 1975 1717 2072 1772; x_wconf 84' lang='lat' dir='ltr'><strong>po-</strong></span> 
     </span>
    </p>
   </div>
   <div class='ocr_carea' id='block_1_20' title="bbox 492 1775 2146 1873">
    <p class='ocr_par' dir='ltr' id='par_1_20' title="bbox 492 1775 2146 1873">
     <span class='ocr_line' id='line_1_20' title="bbox 492 1775 2146 1873; baseline -0.007 -15"><span class='ocrx_word' id='word_1_126' title='bbox 492 1775 602 1860; x_wconf 70' lang='lat' dir='ltr'><strong>test</strong></span> <span class='ocrx_word' id='word_1_127' title='bbox 628 1847 643 1873; x_wconf 92' lang='lat'><strong>,</strong></span> <span class='ocrx_word' id='word_1_128' title='bbox 692 1811 748 1859; x_wconf 88' lang='lat' dir='ltr'><strong>et</strong></span> <span class='ocrx_word' id='word_1_129' title='bbox 777 1817 873 1872; x_wconf 92' lang='lat' dir='ltr'><strong>pes</strong></span> <span class='ocrx_word' id='word_1_130' title='bbox 916 1799 1268 1856; x_wconf 72' lang='lat' dir='ltr'><strong>offensionem</strong></span> <span class='ocrx_word' id='word_1_131' title='bbox 1305 1797 1572 1869; x_wconf 64' lang='lat' dir='ltr'><strong>praebens,</strong></span> <span class='ocrx_word' id='word_1_132' title='bbox 1602 1805 1656 1850; x_wconf 92' lang='lat' dir='ltr'><strong>et</strong></span> <span class='ocrx_word' id='word_1_133' title='bbox 1683 1794 1909 1860; x_wconf 83' lang='lat' dir='ltr'><strong>oculus;</strong></span> <span class='ocrx_word' id='word_1_134' title='bbox 1947 1808 2072 1864; x_wconf 65' lang='lat' dir='ltr'><strong>quae</strong></span> <span class='ocrx_word' id='word_1_135' title='bbox 2103 1775 2146 1832; x_wconf 77' lang='grc' dir='ltr'>Β</span> 
     </span>
    </p>
   </div>
   <div class='ocr_carea' id='block_1_21' title="bbox 489 1885 2070 1962">
    <p class='ocr_par' dir='ltr' id='par_1_21' title="bbox 489 1885 2070 1962">
     <span class='ocr_line' id='line_1_21' title="bbox 489 1885 2070 1962; baseline -0.008 -11"><span class='ocrx_word' id='word_1_136' title='bbox 489 1895 890 1952; x_wconf 88' lang='lat' dir='ltr'><strong>conducibilius</strong></span> <span class='ocrx_word' id='word_1_137' title='bbox 920 1901 1002 1948; x_wconf 89' lang='lat' dir='ltr'><strong>est</strong></span> <span class='ocrx_word' id='word_1_138' title='bbox 1029 1892 1321 1962; x_wconf 83' lang='lat' dir='ltr'><strong>deponere,</strong></span> <span class='ocrx_word' id='word_1_139' title='bbox 1347 1897 1402 1944; x_wconf 92' lang='lat' dir='ltr'><strong>et</strong></span> <span class='ocrx_word' id='word_1_140' title='bbox 1426 1887 1495 1944; x_wconf 90' lang='lat' dir='ltr'><strong>iis</strong></span> <span class='ocrx_word' id='word_1_141' title='bbox 1520 1895 1796 1942; x_wconf 87' lang='lat' dir='ltr'><strong>carentem</strong></span> <span class='ocrx_word' id='word_1_142' title='bbox 1825 1885 1880 1940; x_wconf 91' lang='lat' dir='ltr'><strong>in</strong></span> <span class='ocrx_word' id='word_1_143' title='bbox 1906 1885 2070 1939; x_wconf 85' lang='lat' dir='ltr'><strong>vitam</strong></span> 
     </span>
    </p>
   </div>
   <div class='ocr_carea' id='block_1_22' title="bbox 491 1978 2074 2061">
    <p class='ocr_par' dir='ltr' id='par_1_22' title="bbox 491 1978 2074 2061">
     <span class='ocr_line' id='line_1_22' title="bbox 491 1978 2074 2061; baseline -0.006 -16"><span class='ocrx_word' id='word_1_144' title='bbox 491 1989 736 2061; x_wconf 83' lang='lat' dir='ltr'><strong>ingredi,</strong></span> <span class='ocrx_word' id='word_1_145' title='bbox 779 1987 1029 2042; x_wconf 85' lang='lat' dir='ltr'><strong>claudum</strong></span> <span class='ocrx_word' id='word_1_146' title='bbox 1077 1983 1228 2039; x_wconf 80' lang='lat' dir='ltr'><strong>verbi</strong></span> <span class='ocrx_word' id='word_1_147' title='bbox 1284 1981 1496 2052; x_wconf 86' lang='lat' dir='ltr'><strong>gratia,</strong></span> <span class='ocrx_word' id='word_1_148' title='bbox 1549 1979 1632 2035; x_wconf 89' lang='lat' dir='ltr'><strong>vel</strong></span> <span class='ocrx_word' id='word_1_149' title='bbox 1667 1978 1951 2044; x_wconf 86' lang='lat' dir='ltr'><strong>mutilum,</strong></span> <span class='ocrx_word' id='word_1_150' title='bbox 1989 1982 2074 2035; x_wconf 91' lang='lat' dir='ltr'><strong>vel</strong></span> 
     </span>
    </p>
   </div>
   <div class='ocr_carea' id='block_1_23' title="bbox 487 2069 2092 2149">
    <p class='ocr_par' dir='ltr' id='par_1_23' title="bbox 487 2069 2092 2149">
     <span class='ocr_line' id='line_1_23' title="bbox 487 2069 2092 2149; baseline -0.008 -12"><span class='ocrx_word' id='word_1_151' title='bbox 487 2081 724 2147; x_wconf 83' lang='lat' dir='ltr'><strong>luscum,</strong></span> <span class='ocrx_word' id='word_1_152' title='bbox 763 2094 924 2149; x_wconf 88' lang='lat' dir='ltr'><strong>quam</strong></span> <span class='ocrx_word' id='word_1_153' title='bbox 955 2077 1021 2132; x_wconf 89' lang='lat' dir='ltr'><strong>iis</strong></span> <span class='ocrx_word' id='word_1_154' title='bbox 1052 2075 1336 2146; x_wconf 63' lang='lat' dir='ltr'><strong>praeditum</strong></span> <span class='ocrx_word' id='word_1_155' title='bbox 1373 2073 1543 2128; x_wconf 87' lang='lat' dir='ltr'><strong>totius</strong></span> <span class='ocrx_word' id='word_1_156' title='bbox 1573 2071 1770 2126; x_wconf 78' lang='lat' dir='ltr'><strong>animae</strong></span> <span class='ocrx_word' id='word_1_157' title='bbox 1803 2069 2092 2139; x_wconf 86' lang='lat' dir='ltr'><strong>jacturam-</strong></span> 
     </span>
    </p>
   </div>
   <div class='ocr_carea' id='block_1_24' title="bbox 487 2161 2074 2238">
    <p class='ocr_par' dir='ltr' id='par_1_24' title="bbox 487 2161 2074 2238">
     <span class='ocr_line' id='line_1_24' title="bbox 487 2161 2074 2238; baseline -0.007 -12"><span class='ocrx_word' id='word_1_158' title='bbox 487 2171 687 2226; x_wconf 73' lang='lat' dir='ltr'><strong>facere.</strong></span> <span class='ocrx_word' id='word_1_159' title='bbox 738 2170 870 2224; x_wconf 87' lang='lat' dir='ltr'><strong>Item</strong></span> <span class='ocrx_word' id='word_1_160' title='bbox 907 2166 1049 2238; x_wconf 86' lang='lat' dir='ltr'><strong>quod</strong></span> <span class='ocrx_word' id='word_1_161' title='bbox 1081 2167 1148 2221; x_wconf 85' lang='lat' dir='ltr'><strong>ad</strong></span> <span class='ocrx_word' id='word_1_162' title='bbox 1188 2165 1426 2220; x_wconf 91' lang='lat' dir='ltr'><strong>animam</strong></span> <span class='ocrx_word' id='word_1_163' title='bbox 1463 2170 1700 2232; x_wconf 84' lang='lat' dir='ltr'><strong>spectat,</strong></span> <span class='ocrx_word' id='word_1_164' title='bbox 1748 2161 1952 2215; x_wconf 91' lang='lat' dir='ltr'><strong>bonum</strong></span> <span class='ocrx_word' id='word_1_165' title='bbox 1987 2169 2074 2215; x_wconf 88' lang='lat' dir='ltr'><strong>est</strong></span> 
     </span>
    </p>
   </div>
   <div class='ocr_carea' id='block_1_25' title="bbox 485 2252 2068 2324">
    <p class='ocr_par' dir='ltr' id='par_1_25' title="bbox 485 2252 2068 2324">
     <span class='ocr_line' id='line_1_25' title="bbox 485 2252 2068 2324; baseline -0.008 -6"><span class='ocrx_word' id='word_1_166' title='bbox 485 2271 542 2318; x_wconf 93' lang='lat' dir='ltr'><strong>et</strong></span> <span class='ocrx_word' id='word_1_167' title='bbox 582 2262 800 2317; x_wconf 86' lang='lat' dir='ltr'><strong>beatum</strong></span> <span class='ocrx_word' id='word_1_168' title='bbox 857 2259 1113 2314; x_wconf 78' lang='lat' dir='ltr'><strong>facultate</strong></span> <span class='ocrx_word' id='word_1_169' title='bbox 1152 2257 1298 2312; x_wconf 88' lang='lat' dir='ltr'><strong>illius</strong></span> <span class='ocrx_word' id='word_1_170' title='bbox 1331 2255 1404 2310; x_wconf 89' lang='lat' dir='ltr'><strong>ad</strong></span> <span class='ocrx_word' id='word_1_171' title='bbox 1447 2255 1651 2324; x_wconf 88' lang='lat' dir='ltr'><strong>optima</strong></span> <span class='ocrx_word' id='word_1_172' title='bbox 1702 2266 1932 2323; x_wconf 70' lang='lat' dir='ltr'><strong>qumque</strong></span> <span class='ocrx_word' id='word_1_173' title='bbox 1970 2252 2068 2306; x_wconf 88' lang='lat' dir='ltr'><strong>uti.</strong></span> 
     </span>
    </p>
   </div>
   <div class='ocr_carea' id='block_1_26' title="bbox 483 2342 2068 2421">
    <p class='ocr_par' dir='ltr' id='par_1_26' title="bbox 483 2342 2068 2421">
     <span class='ocr_line' id='line_1_26' title="bbox 483 2342 2068 2421; baseline -0.007 -15"><span class='ocrx_word' id='word_1_174' title='bbox 483 2351 642 2418; x_wconf 84' lang='lat' dir='ltr'><strong>Quod</strong></span> <span class='ocrx_word' id='word_1_175' title='bbox 675 2350 719 2406; x_wconf 89' lang='lat' dir='ltr'><strong>si</strong></span> <span class='ocrx_word' id='word_1_176' title='bbox 755 2347 918 2421; x_wconf 67' lang='grc'><strong>604</strong></span> <span class='ocrx_word' id='word_1_177' title='bbox 945 2348 1108 2402; x_wconf 86' lang='lat' dir='ltr'><strong>unius</strong></span> <span class='ocrx_word' id='word_1_178' title='bbox 1151 2345 1308 2403; x_wconf 86' lang='lat' dir='ltr'><strong>nobis</strong></span> <span class='ocrx_word' id='word_1_179' title='bbox 1337 2353 1552 2414; x_wconf 88' lang='lat' dir='ltr'><strong>propter</strong></span> <span class='ocrx_word' id='word_1_180' title='bbox 1576 2342 1815 2412; x_wconf 84' lang='lat' dir='ltr'><strong>aliquam</strong></span> <span class='ocrx_word' id='word_1_181' title='bbox 1847 2355 2068 2396; x_wconf 83' lang='lat' dir='ltr'><strong>causam</strong></span> 
     </span>
    </p>
   </div>
   <div class='ocr_carea' id='block_1_27' title="bbox 479 2429 2073 2508">
    <p class='ocr_par' dir='ltr' id='par_1_27' title="bbox 479 2429 2073 2508">
     <span class='ocr_line' id='line_1_27' title="bbox 479 2429 2073 2508; baseline -0.005 -16"><span class='ocrx_word' id='word_1_182' title='bbox 479 2440 696 2508; x_wconf 85' lang='lat' dir='ltr'><strong>jactura</strong></span> <span class='ocrx_word' id='word_1_183' title='bbox 749 2437 994 2492; x_wconf 81' lang='lat' dir='ltr'><strong>iacienda</strong></span> <span class='ocrx_word' id='word_1_184' title='bbox 1025 2443 1128 2501; x_wconf 91' lang='lat' dir='ltr'><strong>est,</strong></span> <span class='ocrx_word' id='word_1_185' title='bbox 1163 2434 1458 2504; x_wconf 88' lang='lat' dir='ltr'><strong>optabilius</strong></span> <span class='ocrx_word' id='word_1_186' title='bbox 1499 2441 1586 2488; x_wconf 90' lang='lat' dir='ltr'><strong>est</strong></span> <span class='ocrx_word' id='word_1_187' title='bbox 1636 2446 1739 2486; x_wconf 92' lang='lat' dir='ltr'><strong>usu</strong></span> <span class='ocrx_word' id='word_1_188' title='bbox 1774 2430 1919 2486; x_wconf 89' lang='lat' dir='ltr'><strong>illius</strong></span> <span class='ocrx_word' id='word_1_189' title='bbox 1961 2429 2073 2501; x_wconf 71' lang='lat' dir='ltr'><strong>pri-</strong></span> 
     </span>
    </p>
   </div>
   <div class='ocr_carea' id='block_1_28' title="bbox 483 2524 2072 2595">
    <p class='ocr_par' dir='ltr' id='par_1_28' title="bbox 483 2524 2072 2595">
     <span class='ocr_line' id='line_1_28' title="bbox 483 2524 2072 2595; baseline -0.004 -11"><span class='ocrx_word' id='word_1_190' title='bbox 483 2531 624 2595; x_wconf 84' lang='lat' dir='ltr'><strong>vari,</strong></span> <span class='ocrx_word' id='word_1_191' title='bbox 675 2538 735 2585; x_wconf 92' lang='lat' dir='ltr'><strong>ut</strong></span> <span class='ocrx_word' id='word_1_192' title='bbox 778 2543 903 2585; x_wconf 90' lang='lat' dir='ltr'><strong>cum</strong></span> <span class='ocrx_word' id='word_1_193' title='bbox 937 2527 1058 2582; x_wconf 90' lang='lat' dir='ltr'><strong>aliis</strong></span> <span class='ocrx_word' id='word_1_194' title='bbox 1105 2525 1454 2580; x_wconf 78' lang='lat' dir='ltr'><strong>facultatibus</strong></span> <span class='ocrx_word' id='word_1_195' title='bbox 1493 2524 1723 2580; x_wconf 89' lang='lat' dir='ltr'><strong>salutem</strong></span> <span class='ocrx_word' id='word_1_196' title='bbox 1766 2537 2072 2594; x_wconf 83' lang='lat' dir='ltr'><strong>consequa-</strong></span> 
     </span>
    </p>
   </div>
   <div class='ocr_carea' id='block_1_29' title="bbox 486 2638 636 2679">
    <p class='ocr_par' dir='ltr' id='par_1_29' title="bbox 486 2638 636 2679">
     <span class='ocr_line' id='line_1_29' title="bbox 486 2638 636 2679; baseline 0.007 -1"><span class='ocrx_word' id='word_1_197' title='bbox 486 2638 636 2679; x_wconf 70' lang='lat' dir='ltr'><strong>IIIIII&#39;.</strong></span> 
     </span>
    </p>
   </div>
   <div class='ocr_carea' id='block_1_30' title="bbox 553 2703 2070 2779">
    <p class='ocr_par' dir='ltr' id='par_1_30' title="bbox 553 2703 2070 2779">
     <span class='ocr_line' id='line_1_30' title="bbox 553 2703 2070 2779; baseline -0.009 -8"><span class='ocrx_word' id='word_1_198' title='bbox 553 2712 645 2771; x_wconf 81' lang='lat'><strong>25.</strong></span> <span class='ocrx_word' id='word_1_199' title='bbox 688 2711 782 2768; x_wconf 85' lang='lat' dir='ltr'><strong>llis</strong></span> <span class='ocrx_word' id='word_1_200' title='bbox 827 2711 989 2767; x_wconf 90' lang='lat' dir='ltr'><strong>etiam</strong></span> <span class='ocrx_word' id='word_1_201' title='bbox 1039 2709 1220 2765; x_wconf 79' lang='lat' dir='ltr'><strong>verbis</strong></span> <span class='ocrx_word' id='word_1_202' title='bbox 1266 2707 1345 2764; x_wconf 91' lang='lat' dir='ltr'><strong>uti</strong></span> <span class='ocrx_word' id='word_1_203' title='bbox 1395 2723 1690 2779; x_wconf 85' lang='lat' dir='ltr'><strong>possumus</strong></span> <span class='ocrx_word' id='word_1_204' title='bbox 1739 2707 1794 2762; x_wconf 92' lang='lat' dir='ltr'><strong>in</strong></span> <span class='ocrx_word' id='word_1_205' title='bbox 1833 2722 1928 2764; x_wconf 88' lang='lat' dir='ltr'><strong>eos</strong></span> <span class='ocrx_word' id='word_1_206' title='bbox 1975 2703 2070 2778; x_wconf 92' lang='lat' dir='ltr'><strong>qui</strong></span> 
     </span>
    </p>
   </div>
   <div class='ocr_carea' id='block_1_31' title="bbox 485 2797 2069 2869">
    <p class='ocr_par' dir='ltr' id='par_1_31' title="bbox 485 2797 2069 2869">
     <span class='ocr_line' id='line_1_31' title="bbox 485 2797 2069 2869; baseline -0.004 -10"><span class='ocrx_word' id='word_1_207' title='bbox 485 2802 886 2859; x_wconf 87' lang='lat' dir='ltr'><strong>necessitudine</strong></span> <span class='ocrx_word' id='word_1_208' title='bbox 912 2800 1067 2855; x_wconf 89' lang='lat' dir='ltr'><strong>valde</strong></span> <span class='ocrx_word' id='word_1_209' title='bbox 1111 2798 1388 2869; x_wconf 90' lang='lat' dir='ltr'><strong>conjuncti</strong></span> <span class='ocrx_word' id='word_1_210' title='bbox 1419 2807 1567 2862; x_wconf 93' lang='lat' dir='ltr'><strong>sunt,</strong></span> <span class='ocrx_word' id='word_1_211' title='bbox 1613 2807 1667 2852; x_wconf 92' lang='lat' dir='ltr'><strong>et</strong></span> <span class='ocrx_word' id='word_1_212' title='bbox 1695 2797 1860 2853; x_wconf 83' lang='lat' dir='ltr'><strong>veluti</strong></span> <span class='ocrx_word' id='word_1_213' title='bbox 1895 2812 2069 2852; x_wconf 88' lang='lat' dir='ltr'><strong>mem-</strong></span> 
     </span>
    </p>
   </div>
   <div class='ocr_carea' id='block_1_32' title="bbox 484 2888 2070 2959">
    <p class='ocr_par' dir='ltr' id='par_1_32' title="bbox 484 2888 2070 2959">
     <span class='ocr_line' id='line_1_32' title="bbox 484 2888 2070 2959; baseline -0.004 -10"><span class='ocrx_word' id='word_1_214' title='bbox 484 2889 585 2949; x_wconf 72' lang='lat' dir='ltr'><strong>bra</strong></span> <span class='ocrx_word' id='word_1_215' title='bbox 618 2902 805 2949; x_wconf 84' lang='lat' dir='ltr'><strong>nostra</strong></span> <span class='ocrx_word' id='word_1_216' title='bbox 838 2899 1006 2957; x_wconf 86' lang='lat' dir='ltr'><strong>sunt;</strong></span> <span class='ocrx_word' id='word_1_217' title='bbox 1048 2904 1173 2945; x_wconf 91' lang='lat' dir='ltr'><strong>cum</strong></span> <span class='ocrx_word' id='word_1_218' title='bbox 1209 2900 1427 2959; x_wconf 87' lang='lat' dir='ltr'><strong>propter</strong></span> <span class='ocrx_word' id='word_1_219' title='bbox 1452 2903 1704 2958; x_wconf 89' lang='lat' dir='ltr'><strong>magnam</strong></span> <span class='ocrx_word' id='word_1_220' title='bbox 1729 2888 2070 2958; x_wconf 85' lang='lat' dir='ltr'><strong>conjunctio-</strong></span> 
     </span>
    </p>
   </div>
   <div class='ocr_carea' id='block_1_33' title="bbox 483 2977 2067 3054">
    <p class='ocr_par' dir='ltr' id='par_1_33' title="bbox 483 2977 2067 3054">
     <span class='ocr_line' id='line_1_33' title="bbox 483 2977 2067 3054; baseline -0.005 -14"><span class='ocrx_word' id='word_1_221' title='bbox 483 3001 608 3040; x_wconf 90' lang='lat' dir='ltr'><strong>nem</strong></span> <span class='ocrx_word' id='word_1_222' title='bbox 632 2984 745 3039; x_wconf 89' lang='lat' dir='ltr'><strong>sive</strong></span> <span class='ocrx_word' id='word_1_223' title='bbox 766 2980 998 3054; x_wconf 78' lang='lat' dir='ltr'><strong>generis,</strong></span> <span class='ocrx_word' id='word_1_224' title='bbox 1026 2979 1140 3033; x_wconf 88' lang='lat' dir='ltr'><strong>sive</strong></span> <span class='ocrx_word' id='word_1_225' title='bbox 1161 2994 1226 3033; x_wconf 79' lang='lat' dir='ltr'><strong>ex</strong></span> <span class='ocrx_word' id='word_1_226' title='bbox 1247 2980 1446 3049; x_wconf 83' lang='lat' dir='ltr'><strong>aliqua,</strong></span> <span class='ocrx_word' id='word_1_227' title='bbox 1470 2986 1528 3033; x_wconf 92' lang='lat' dir='ltr'><strong>ut</strong></span> <span class='ocrx_word' id='word_1_228' title='bbox 1554 2978 1626 3031; x_wconf 86' lang='lat' dir='ltr'><strong>ita</strong></span> <span class='ocrx_word' id='word_1_229' title='bbox 1649 2977 1848 3040; x_wconf 88' lang='lat' dir='ltr'><strong>dicam,</strong></span> <span class='ocrx_word' id='word_1_230' title='bbox 1874 2978 2067 3032; x_wconf 88' lang='lat' dir='ltr'><strong>amici-</strong></span> 
     </span>
    </p>
   </div>
   <div class='ocr_carea' id='block_1_34' title="bbox 485 3069 2068 3132">
    <p class='ocr_par' dir='ltr' id='par_1_34' title="bbox 485 3069 2068 3132">
     <span class='ocr_line' id='line_1_34' title="bbox 485 3069 2068 3132; baseline -0.004 -2"><span class='ocrx_word' id='word_1_231' title='bbox 485 3079 575 3132; x_wconf 85' lang='lat' dir='ltr'><strong>tiae</strong></span> <span class='ocrx_word' id='word_1_232' title='bbox 602 3073 992 3131; x_wconf 85' lang='lat' dir='ltr'><strong>consuetudine</strong></span> <span class='ocrx_word' id='word_1_233' title='bbox 1031 3081 1206 3126; x_wconf 89' lang='lat' dir='ltr'><strong>ortam</strong></span> <span class='ocrx_word' id='word_1_234' title='bbox 1241 3069 1486 3124; x_wconf 90' lang='lat' dir='ltr'><strong>membra</strong></span> <span class='ocrx_word' id='word_1_235' title='bbox 1521 3077 1706 3124; x_wconf 86' lang='lat' dir='ltr'><strong>nostra</strong></span> <span class='ocrx_word' id='word_1_236' title='bbox 1751 3069 2068 3124; x_wconf 77' lang='lat' dir='ltr'><strong>existimen-</strong></span> 
     </span>
    </p>
   </div>
   <div class='ocr_carea' id='block_1_35' title="bbox 489 3157 2061 3233">
    <p class='ocr_par' dir='ltr' id='par_1_35' title="bbox 489 3157 2061 3233">
     <span class='ocr_line' id='line_1_35' title="bbox 489 3157 2061 3233; baseline -0.004 -15"><span class='ocrx_word' id='word_1_237' title='bbox 489 3172 610 3230; x_wconf 91' lang='lat' dir='ltr'><strong>tur,</strong></span> <span class='ocrx_word' id='word_1_238' title='bbox 655 3164 856 3233; x_wconf 90' lang='lat' dir='ltr'><strong>quibus</strong></span> <span class='ocrx_word' id='word_1_239' title='bbox 892 3161 1114 3216; x_wconf 90' lang='lat' dir='ltr'><strong>minime</strong></span> <span class='ocrx_word' id='word_1_240' title='bbox 1146 3157 1476 3228; x_wconf 87' lang='lat' dir='ltr'><strong>parcendum</strong></span> <span class='ocrx_word' id='word_1_241' title='bbox 1502 3164 1604 3219; x_wconf 89' lang='lat' dir='ltr'><strong>est,</strong></span> <span class='ocrx_word' id='word_1_242' title='bbox 1657 3172 1781 3211; x_wconf 91' lang='lat' dir='ltr'><strong>cum</strong></span> <span class='ocrx_word' id='word_1_243' title='bbox 1825 3157 2061 3212; x_wconf 87' lang='lat' dir='ltr'><strong>animam</strong></span> 
     </span>
    </p>
   </div>
   <div class='ocr_carea' id='block_1_36' title="bbox 483 3248 2065 3319">
    <p class='ocr_par' dir='ltr' id='par_1_36' title="bbox 483 3248 2065 3319">
     <span class='ocr_line' id='line_1_36' title="bbox 483 3248 2065 3319; baseline -0.006 -7"><span class='ocrx_word' id='word_1_244' title='bbox 483 3264 729 3312; x_wconf 75' lang='lat' dir='ltr'><strong>nostram</strong></span> <span class='ocrx_word' id='word_1_245' title='bbox 755 3252 1052 3310; x_wconf 83' lang='lat' dir='ltr'><strong>oll&#39;endunt.</strong></span> <span class='ocrx_word' id='word_1_246' title='bbox 1081 3249 1447 3305; x_wconf 70' lang='lat' dir='ltr'><strong>Praecidamus</strong></span> <span class='ocrx_word' id='word_1_247' title='bbox 1477 3248 1621 3304; x_wconf 86' lang='lat' dir='ltr'><strong>enim</strong></span> <span class='ocrx_word' id='word_1_248' title='bbox 1652 3257 1910 3319; x_wconf 89' lang='lat' dir='ltr'><strong>tanquam</strong></span> <span class='ocrx_word' id='word_1_249' title='bbox 1949 3265 2065 3304; x_wconf 81' lang='lat' dir='ltr'><strong>ma-</strong></span> 
     </span>
    </p>
   </div>
   <div class='ocr_carea' id='block_1_37' title="bbox 2182 517 3765 594">
    <p class='ocr_par' dir='ltr' id='par_1_37' title="bbox 2182 517 3765 594">
     <span class='ocr_line' id='line_1_37' title="bbox 2182 517 3765 594; baseline -0.001 -18"><span class='ocrx_word' id='word_1_250' title='bbox 2182 523 2362 594; x_wconf 85' lang='grc' dir='ltr'>σῶμα,</span> <span class='ocrx_word' id='word_1_251' title='bbox 2387 523 2569 578; x_wconf 85' lang='grc' dir='ltr'>λεῖπον</span> <span class='ocrx_word' id='word_1_252' title='bbox 2588 521 2666 593; x_wconf 78' lang='grc' dir='ltr'>τῷ</span> <span class='ocrx_word' id='word_1_253' title='bbox 2695 519 3106 575; x_wconf 82' lang='grc' dir='ltr'>σκανδαλίσαντι</span> <span class='ocrx_word' id='word_1_254' title='bbox 3136 519 3276 584; x_wconf 71' lang='grc' dir='ltr'>ποδὶ,</span> <span class='ocrx_word' id='word_1_255' title='bbox 3317 518 3350 590; x_wconf 75' lang='grc' dir='ltr'>ἢ</span> <span class='ocrx_word' id='word_1_256' title='bbox 3379 521 3446 590; x_wconf 76' lang='grc' dir='ltr'>τῇ</span> <span class='ocrx_word' id='word_1_257' title='bbox 3478 517 3765 574; x_wconf 79' lang='grc' dir='ltr'>σκανδαλι-</span> 
     </span>
    </p>
   </div>
   <div class='ocr_carea' id='block_1_38' title="bbox 2183 607 3765 684">
    <p class='ocr_par' dir='ltr' id='par_1_38' title="bbox 2183 607 3765 684">
     <span class='ocr_line' id='line_1_38' title="bbox 2183 607 3765 684; baseline -0.001 -18"><span class='ocrx_word' id='word_1_258' title='bbox 2183 613 2324 684; x_wconf 82' lang='grc' dir='ltr'>σάσῃ</span> <span class='ocrx_word' id='word_1_259' title='bbox 2355 613 2520 684; x_wconf 75' lang='grc' dir='ltr'>χειρὶ,</span> <span class='ocrx_word' id='word_1_260' title='bbox 2549 612 2692 682; x_wconf 73' lang='grc' dir='ltr'>ἥπερ</span> <span class='ocrx_word' id='word_1_261' title='bbox 2713 608 3045 671; x_wconf 77' lang='grc' dir='ltr'><strong>διαδοθέντος</strong></span> <span class='ocrx_word' id='word_1_262' title='bbox 3069 607 3158 662; x_wconf 79' lang='grc' dir='ltr'>τοῦ</span> <span class='ocrx_word' id='word_1_263' title='bbox 3191 607 3490 661; x_wconf 78' lang='grc' dir='ltr'>σκανδάλου</span> <span class='ocrx_word' id='word_1_264' title='bbox 3520 609 3615 663; x_wconf 73' lang='grc' dir='ltr'><strong>ἐπὶ</strong></span> <span class='ocrx_word' id='word_1_265' title='bbox 3650 610 3765 664; x_wconf 79' lang='grc' dir='ltr'>ὅλον</span> 
     </span>
    </p>
   </div>
   <div class='ocr_carea' id='block_1_39' title="bbox 2179 699 3764 776">
    <p class='ocr_par' dir='ltr' id='par_1_39' title="bbox 2179 699 3764 776">
     <span class='ocr_line' id='line_1_39' title="bbox 2179 699 3764 776; baseline -0.001 -18"><span class='ocrx_word' id='word_1_266' title='bbox 2179 705 2240 758; x_wconf 77' lang='grc' dir='ltr'>τὸ</span> <span class='ocrx_word' id='word_1_267' title='bbox 2277 705 2436 775; x_wconf 81' lang='grc' dir='ltr'>σῶμα</span> <span class='ocrx_word' id='word_1_268' title='bbox 2481 699 2743 776; x_wconf 71' lang='grc' dir='ltr'>βληθῆναι</span> <span class='ocrx_word' id='word_1_269' title='bbox 2785 703 2864 764; x_wconf 73' lang='grc' dir='ltr'>εἰς</span> <span class='ocrx_word' id='word_1_270' title='bbox 2894 702 2994 772; x_wconf 83' lang='grc' dir='ltr'><strong>τὴν</strong></span> <span class='ocrx_word' id='word_1_271' title='bbox 3036 701 3260 770; x_wconf 80' lang='grc' dir='ltr'>γέενναν</span> <span class='ocrx_word' id='word_1_272' title='bbox 3287 700 3381 754; x_wconf 80' lang='grc' dir='ltr'>τοῦ</span> <span class='ocrx_word' id='word_1_273' title='bbox 3415 702 3590 772; x_wconf 84' lang='grc' dir='ltr'>πυρὸς</span> <span class='ocrx_word' id='word_1_274' title='bbox 3628 705 3764 774; x_wconf 76' lang='grc' dir='ltr'>μετὰ</span> 
     </span>
    </p>
   </div>
   <div class='ocr_carea' id='block_1_40' title="bbox 2179 789 3763 862">
    <p class='ocr_par' dir='ltr' id='par_1_40' title="bbox 2179 789 3763 862">
     <span class='ocr_line' id='line_1_40' title="bbox 2179 789 3763 862; baseline -0.001 -13"><span class='ocrx_word' id='word_1_275' title='bbox 2179 796 2286 849; x_wconf 85' lang='grc' dir='ltr'><strong>τῶν</strong></span> <span class='ocrx_word' id='word_1_276' title='bbox 2314 795 2408 849; x_wconf 77' lang='grc' dir='ltr'>δύο</span> <span class='ocrx_word' id='word_1_277' title='bbox 2441 793 2638 859; x_wconf 85' lang='grc' dir='ltr'>ποδῶν,</span> <span class='ocrx_word' id='word_1_278' title='bbox 2670 791 2837 862; x_wconf 84' lang='grc' dir='ltr'><strong>ἢτῶν</strong></span> <span class='ocrx_word' id='word_1_279' title='bbox 2886 791 2979 846; x_wconf 83' lang='grc' dir='ltr'>δύο</span> <span class='ocrx_word' id='word_1_280' title='bbox 3024 791 3242 862; x_wconf 86' lang='grc' dir='ltr'>χειρῶν.</span> <span class='ocrx_word' id='word_1_281' title='bbox 3293 789 3448 844; x_wconf 73' lang='grc' dir='ltr'>Οὕτω</span> <span class='ocrx_word' id='word_1_282' title='bbox 3497 791 3557 844; x_wconf 77' lang='grc' dir='ltr'>δὲ</span> <span class='ocrx_word' id='word_1_283' title='bbox 3602 794 3763 848; x_wconf 72' lang='grc' dir='ltr'>καλὸν</span> 
     </span>
    </p>
   </div>
   <div class='ocr_carea' id='block_1_41' title="bbox 2182 879 3763 957">
    <p class='ocr_par' dir='ltr' id='par_1_41' title="bbox 2182 879 3763 957">
     <span class='ocr_line' id='line_1_41' title="bbox 2182 879 3763 957; baseline -0.004 -17"><span class='ocrx_word' id='word_1_284' title='bbox 2182 886 2281 957; x_wconf 84' lang='grc' dir='ltr'>μὲν</span> <span class='ocrx_word' id='word_1_285' title='bbox 2301 886 2392 939; x_wconf 82' lang='grc' dir='ltr'>τὸν</span> <span class='ocrx_word' id='word_1_286' title='bbox 2421 882 2713 952; x_wconf 82' lang='grc' dir='ltr'>δυνηθέντα</span> <span class='ocrx_word' id='word_1_287' title='bbox 2741 881 2993 952; x_wconf 81' lang='grc' dir='ltr'>γενέσθαι</span> <span class='ocrx_word' id='word_1_288' title='bbox 3017 879 3292 951; x_wconf 75' lang='grc' dir='ltr'>ὀφθαλμὸν</span> <span class='ocrx_word' id='word_1_289' title='bbox 3311 879 3403 932; x_wconf 80' lang='grc' dir='ltr'>τοῦ</span> <span class='ocrx_word' id='word_1_290' title='bbox 3428 880 3553 933; x_wconf 86' lang='grc' dir='ltr'>ὂλου</span> <span class='ocrx_word' id='word_1_291' title='bbox 3579 880 3763 953; x_wconf 70' lang='grc' dir='ltr'>σῶμα-</span> 
     </span>
    </p>
   </div>
   <div class='ocr_carea' id='block_1_42' title="bbox 2176 970 3762 1045">
    <p class='ocr_par' dir='ltr' id='par_1_42' title="bbox 2176 970 3762 1045">
     <span class='ocr_line' id='line_1_42' title="bbox 2176 970 3762 1045; baseline -0.001 -17"><span class='ocrx_word' id='word_1_292' title='bbox 2176 993 2269 1039; x_wconf 89' lang='grc' dir='ltr'><strong>τος</strong></span> <span class='ocrx_word' id='word_1_293' title='bbox 2300 976 2447 1042; x_wconf 76' lang='grc' dir='ltr'>ἄξιον</span> <span class='ocrx_word' id='word_1_294' title='bbox 2487 971 2627 1027; x_wconf 76' lang='grc' dir='ltr'>εἶναι</span> <span class='ocrx_word' id='word_1_295' title='bbox 2677 972 2951 1045; x_wconf 76' lang='grc' dir='ltr'>Χριστοῦ,</span> <span class='ocrx_word' id='word_1_296' title='bbox 2996 971 3090 1027; x_wconf 75' lang='grc' dir='ltr'>καὶ</span> <span class='ocrx_word' id='word_1_297' title='bbox 3119 970 3214 1025; x_wconf 80' lang='grc' dir='ltr'><strong>τοῦ</strong></span> <span class='ocrx_word' id='word_1_298' title='bbox 3248 972 3368 1026; x_wconf 83' lang='grc' dir='ltr'>ὅλου</span> <span class='ocrx_word' id='word_1_299' title='bbox 3396 973 3680 1044; x_wconf 85' lang='grc' dir='ltr'>σώματος·</span> <span class='ocrx_word' id='word_1_300' title='bbox 3714 975 3762 1027; x_wconf 76' lang='grc' dir='ltr'><strong>εἰ</strong></span> 
     </span>
    </p>
   </div>
   <div class='ocr_carea' id='block_1_43' title="bbox 2182 1062 3762 1138">
    <p class='ocr_par' dir='ltr' id='par_1_43' title="bbox 2182 1062 3762 1138">
     <span class='ocr_line' id='line_1_43' title="bbox 2182 1062 3762 1138; baseline -0.001 -17"><span class='ocrx_word' id='word_1_301' title='bbox 2182 1067 2369 1138; x_wconf 83' lang='grc' dir='ltr'>μέντοι</span> <span class='ocrx_word' id='word_1_302' title='bbox 2410 1066 2702 1137; x_wconf 80' lang='grc' dir='ltr'>μεταδάλοι</span> <span class='ocrx_word' id='word_1_303' title='bbox 2745 1065 2875 1119; x_wconf 83' lang='grc' dir='ltr'>ποτὲ</span> <span class='ocrx_word' id='word_1_304' title='bbox 2928 1067 2957 1118; x_wconf 89' lang='grc' dir='ltr'><strong>ὀ</strong></span> <span class='ocrx_word' id='word_1_305' title='bbox 2992 1062 3232 1128; x_wconf 80' lang='grc' dir='ltr'>τοιοῦτος</span> <span class='ocrx_word' id='word_1_306' title='bbox 3272 1063 3550 1135; x_wconf 79' lang='grc' dir='ltr'>ὀφθαλμὸς</span> <span class='ocrx_word' id='word_1_307' title='bbox 3587 1068 3668 1129; x_wconf 84' lang='grc' dir='ltr'>εἱς</span> <span class='ocrx_word' id='word_1_308' title='bbox 3693 1066 3762 1120; x_wconf 80' lang='grc' dir='ltr'>’τὺ</span> 
     </span>
    </p>
   </div>
   <div class='ocr_carea' id='block_1_44' title="bbox 2176 1155 3757 1228">
    <p class='ocr_par' dir='ltr' id='par_1_44' title="bbox 2176 1155 3757 1228">
     <span class='ocr_line' id='line_1_44' title="bbox 2176 1155 3757 1228; baseline -0.001 -17"><span class='ocrx_word' id='word_1_309' title='bbox 2176 1157 2428 1228; x_wconf 87' lang='grc' dir='ltr'>γενέσθαι</span> <span class='ocrx_word' id='word_1_310' title='bbox 2466 1157 2628 1211; x_wconf 79' lang='grc' dir='ltr'>αὐτὸν</span> <span class='ocrx_word' id='word_1_311' title='bbox 2680 1156 2973 1210; x_wconf 83' lang='grc' dir='ltr'>σκάνδαλον</span> <span class='ocrx_word' id='word_1_312' title='bbox 2999 1155 3093 1210; x_wconf 74' lang='grc' dir='ltr'>τοῦ</span> <span class='ocrx_word' id='word_1_313' title='bbox 3122 1156 3245 1210; x_wconf 81' lang='grc' dir='ltr'>ὅλου</span> <span class='ocrx_word' id='word_1_314' title='bbox 3285 1155 3536 1226; x_wconf 85' lang='grc' dir='ltr'>σώματος</span> <span class='ocrx_word' id='word_1_315' title='bbox 3554 1198 3570 1220; x_wconf 96' lang='grc'><strong>,</strong></span> <span class='ocrx_word' id='word_1_316' title='bbox 3598 1156 3757 1210; x_wconf 77' lang='grc' dir='ltr'>καλὸν</span> 
     </span>
    </p>
   </div>
   <div class='ocr_carea' id='block_1_45' title="bbox 2177 1245 3755 1319">
    <p class='ocr_par' dir='ltr' id='par_1_45' title="bbox 2177 1245 3755 1319">
     <span class='ocr_line' id='line_1_45' title="bbox 2177 1245 3755 1319; baseline -0.002 -16"><span class='ocrx_word' id='word_1_317' title='bbox 2177 1249 2339 1304; x_wconf 76' lang='grc' dir='ltr'>αὑτὸν</span> <span class='ocrx_word' id='word_1_318' title='bbox 2364 1249 2612 1316; x_wconf 79' lang='grc' dir='ltr'><strong>ἐξελόντα</strong></span> <span class='ocrx_word' id='word_1_319' title='bbox 2641 1248 2746 1315; x_wconf 74' lang='grc' dir='ltr'><strong>ἔξω</strong></span> <span class='ocrx_word' id='word_1_320' title='bbox 2770 1248 2950 1319; x_wconf 85' lang='grc' dir='ltr'>βαλεῖν</span> <span class='ocrx_word' id='word_1_321' title='bbox 2966 1247 3058 1302; x_wconf 81' lang='grc' dir='ltr'>τοῦ</span> <span class='ocrx_word' id='word_1_322' title='bbox 3086 1245 3334 1318; x_wconf 86' lang='grc' dir='ltr'>σώματος</span> <span class='ocrx_word' id='word_1_323' title='bbox 3354 1245 3499 1311; x_wconf 86' lang='grc' dir='ltr'>ὅλου,</span> <span class='ocrx_word' id='word_1_324' title='bbox 3524 1248 3620 1300; x_wconf 72' lang='grc' dir='ltr'>καὶ</span> <span class='ocrx_word' id='word_1_325' title='bbox 3650 1265 3755 1318; x_wconf 82' lang='grc' dir='ltr'><strong>χω-</strong></span> 
     </span>
    </p>
   </div>
   <div class='ocr_carea' id='block_1_46' title="bbox 2179 1338 3754 1413">
    <p class='ocr_par' dir='ltr' id='par_1_46' title="bbox 2179 1338 3754 1413">
     <span class='ocr_line' id='line_1_46' title="bbox 2179 1338 3754 1413; baseline -0.002 -19"><span class='ocrx_word' id='word_1_326' title='bbox 2179 1342 2263 1413; x_wconf 73' lang='grc' dir='ltr'>ρὶς</span> <span class='ocrx_word' id='word_1_327' title='bbox 2287 1341 2497 1394; x_wconf 75' lang='grc' dir='ltr'>ἐκείνου</span> <span class='ocrx_word' id='word_1_328' title='bbox 2531 1340 2624 1394; x_wconf 81' lang='grc' dir='ltr'><strong>τοῦ</strong></span> <span class='ocrx_word' id='word_1_329' title='bbox 2662 1338 2941 1411; x_wconf 79' lang='grc' dir='ltr'>ὀφθαλμοῦ</span> <span class='ocrx_word' id='word_1_330' title='bbox 2980 1339 3215 1412; x_wconf 81' lang='grc' dir='ltr'>σωθῆναι</span> <span class='ocrx_word' id='word_1_331' title='bbox 3248 1339 3308 1393; x_wconf 78' lang='grc' dir='ltr'>τὸ</span> <span class='ocrx_word' id='word_1_332' title='bbox 3345 1338 3531 1392; x_wconf 76' lang='grc' dir='ltr'>λοιπὸν</span> <span class='ocrx_word' id='word_1_333' title='bbox 3581 1338 3754 1410; x_wconf 82' lang='grc' dir='ltr'>σῶμα,</span> 
     </span>
    </p>
   </div>
   <div class='ocr_carea' id='block_1_47' title="bbox 2175 1427 3750 1503">
    <p class='ocr_par' dir='ltr' id='par_1_47' title="bbox 2175 1427 3750 1503">
     <span class='ocr_line' id='line_1_47' title="bbox 2175 1427 3750 1503; baseline 0.001 -19"><span class='ocrx_word' id='word_1_334' title='bbox 2175 1431 2209 1502; x_wconf 77' lang='grc' dir='ltr'>ἢ</span> <span class='ocrx_word' id='word_1_335' title='bbox 2241 1434 2356 1503; x_wconf 78' lang='grc' dir='ltr'>μετ’</span> <span class='ocrx_word' id='word_1_336' title='bbox 2390 1432 2552 1486; x_wconf 75' lang='grc' dir='ltr'>αὑτοῦ</span> <span class='ocrx_word' id='word_1_337' title='bbox 2585 1431 2706 1486; x_wconf 83' lang='grc' dir='ltr'>ὅλου</span> <span class='ocrx_word' id='word_1_338' title='bbox 2733 1430 3108 1503; x_wconf 76' lang='grc' dir='ltr'>βεϐλαμμένον</span> <span class='ocrx_word' id='word_1_339' title='bbox 3131 1430 3224 1484; x_wconf 80' lang='grc' dir='ltr'><strong>τοῦ</strong></span> <span class='ocrx_word' id='word_1_340' title='bbox 3252 1427 3521 1500; x_wconf 74' lang='grc' dir='ltr'>σώματος,</span> <span class='ocrx_word' id='word_1_341' title='bbox 3553 1429 3750 1500; x_wconf 78' lang='grc' dir='ltr'>βληθῆ-</span> 
     </span>
    </p>
   </div>
   <div class='ocr_carea' id='block_1_48' title="bbox 2175 1519 3751 1601">
    <p class='ocr_par' dir='ltr' id='par_1_48' title="bbox 2175 1519 3751 1601">
     <span class='ocr_line' id='line_1_48' title="bbox 2175 1519 3751 1601; baseline -0.006 -16"><span class='ocrx_word' id='word_1_342' title='bbox 2175 1549 2262 1586; x_wconf 86' lang='grc' dir='ltr'><strong>ναι</strong></span> <span class='ocrx_word' id='word_1_343' title='bbox 2304 1530 2422 1586; x_wconf 85' lang='grc' dir='ltr'>ὅλον</span> <span class='ocrx_word' id='word_1_344' title='bbox 2465 1530 2526 1584; x_wconf 81' lang='grc' dir='ltr'>τὸ</span> <span class='ocrx_word' id='word_1_345' title='bbox 2570 1529 2729 1601; x_wconf 85' lang='grc' dir='ltr'>σῶμα</span> <span class='ocrx_word' id='word_1_346' title='bbox 2767 1529 2880 1600; x_wconf 84' lang='lat'><strong>(59)</strong></span> <span class='ocrx_word' id='word_1_347' title='bbox 2907 1531 2987 1593; x_wconf 72' lang='grc' dir='ltr'>εἰς</span> <span class='ocrx_word' id='word_1_348' title='bbox 3022 1529 3119 1600; x_wconf 73' lang='grc' dir='ltr'><strong>τὴν</strong></span> <span class='ocrx_word' id='word_1_349' title='bbox 3142 1527 3362 1596; x_wconf 75' lang='grc' dir='ltr'>γέενναν</span> <span class='ocrx_word' id='word_1_350' title='bbox 3407 1519 3504 1578; x_wconf 77' lang='grc' dir='ltr'>τοῦ</span> <span class='ocrx_word' id='word_1_351' title='bbox 3554 1525 3751 1595; x_wconf 72' lang='grc' dir='ltr'>πυρός’</span> 
     </span>
    </p>
   </div>
   <div class='ocr_carea' id='block_1_49' title="bbox 2173 1617 3755 1694">
    <p class='ocr_par' dir='ltr' id='par_1_49' title="bbox 2173 1617 3755 1694">
     <span class='ocr_line' id='line_1_49' title="bbox 2173 1617 3755 1694; baseline -0.004 -18"><span class='ocrx_word' id='word_1_352' title='bbox 2173 1623 2394 1677; x_wconf 87' lang='grc' dir='ltr'>δύναται</span> <span class='ocrx_word' id='word_1_353' title='bbox 2422 1621 2530 1693; x_wconf 85' lang='grc' dir='ltr'>γὰρ</span> <span class='ocrx_word' id='word_1_354' title='bbox 2557 1621 2738 1676; x_wconf 80' lang='grc' dir='ltr'>καὶτὸ</span> <span class='ocrx_word' id='word_1_355' title='bbox 2763 1621 3153 1694; x_wconf 81' lang='grc' dir='ltr'>άμαρτητικῶς</span> <span class='ocrx_word' id='word_1_356' title='bbox 3182 1619 3281 1691; x_wconf 84' lang='grc' dir='ltr'>μὲν</span> <span class='ocrx_word' id='word_1_357' title='bbox 3316 1617 3449 1689; x_wconf 86' lang='lat'><strong>(60),</strong></span> <span class='ocrx_word' id='word_1_358' title='bbox 3482 1617 3547 1671; x_wconf 77' lang='grc' dir='ltr'><strong>ἵν’</strong></span> <span class='ocrx_word' id='word_1_359' title='bbox 3588 1617 3755 1683; x_wconf 81' lang='grc' dir='ltr'>οὕτως</span> 
     </span>
    </p>
   </div>
   <div class='ocr_carea' id='block_1_50' title="bbox 2173 1707 3754 1786">
    <p class='ocr_par' dir='ltr' id='par_1_50' title="bbox 2173 1707 3754 1786">
     <span class='ocr_line' id='line_1_50' title="bbox 2173 1707 3754 1786; baseline -0.004 -18"><span class='ocrx_word' id='word_1_360' title='bbox 2173 1714 2458 1785; x_wconf 81' lang='grc' dir='ltr'><strong>ὀνομάσω,</strong></span> <span class='ocrx_word' id='word_1_361' title='bbox 2511 1712 2831 1786; x_wconf 84' lang='grc' dir='ltr'>πορευτικδν</span> <span class='ocrx_word' id='word_1_362' title='bbox 2874 1713 2974 1782; x_wconf 81' lang='grc' dir='ltr'>τῆς</span> <span class='ocrx_word' id='word_1_363' title='bbox 3020 1711 3234 1783; x_wconf 73' lang='grc' dir='ltr'>ψυχῆς,</span> <span class='ocrx_word' id='word_1_364' title='bbox 3276 1707 3668 1782; x_wconf 67' lang='grc' dir='ltr'>ἁμαρτητικιῖκ</span> <span class='ocrx_word' id='word_1_365' title='bbox 3702 1708 3754 1763; x_wconf 73' lang='grc' dir='ltr'>ὀὶ</span> 
     </span>
    </p>
   </div>
   <div class='ocr_carea' id='block_1_51' title="bbox 2174 1798 3752 1878">
    <p class='ocr_par' dir='ltr' id='par_1_51' title="bbox 2174 1798 3752 1878">
     <span class='ocr_line' id='line_1_51' title="bbox 2174 1798 3752 1878; baseline -0.004 -18"><span class='ocrx_word' id='word_1_366' title='bbox 2174 1805 2476 1878; x_wconf 76' lang='grc' dir='ltr'>διορατικδν</span> <span class='ocrx_word' id='word_1_367' title='bbox 2504 1805 2538 1875; x_wconf 77' lang='grc' dir='ltr'><strong>ἡ</strong></span> <span class='ocrx_word' id='word_1_368' title='bbox 2574 1803 3000 1868; x_wconf 70' lang='grc' dir='ltr'>σκανδαλίζονσα</span> <span class='ocrx_word' id='word_1_369' title='bbox 3033 1798 3172 1857; x_wconf 84' lang='grc' dir='ltr'>εἶναι</span> <span class='ocrx_word' id='word_1_370' title='bbox 3207 1803 3326 1876; x_wconf 72' lang='grc' dir='ltr'>χεὶρ</span> <span class='ocrx_word' id='word_1_371' title='bbox 3344 1841 3360 1868; x_wconf 89' lang='grc'><strong>,</strong></span> <span class='ocrx_word' id='word_1_372' title='bbox 3397 1800 3489 1854; x_wconf 68' lang='grc' dir='ltr'>καὶ</span> <span class='ocrx_word' id='word_1_373' title='bbox 3515 1802 3545 1853; x_wconf 88' lang='grc' dir='ltr'><strong>ὀ</strong></span> <span class='ocrx_word' id='word_1_374' title='bbox 3592 1817 3752 1854; x_wconf 84' lang='grc' dir='ltr'>σκαν-</span> 
     </span>
    </p>
   </div>
   <div class='ocr_carea' id='block_1_52' title="bbox 2173 1891 3753 1963">
    <p class='ocr_par' dir='ltr' id='par_1_52' title="bbox 2173 1891 3753 1963">
     <span class='ocr_line' id='line_1_52' title="bbox 2173 1891 3753 1963; baseline -0.002 -13"><span class='ocrx_word' id='word_1_375' title='bbox 2173 1896 2401 1962; x_wconf 77' lang='grc' dir='ltr'>δαλίζων</span> <span class='ocrx_word' id='word_1_376' title='bbox 2431 1894 2586 1960; x_wconf 80' lang='grc' dir='ltr'>ποῦς,</span> <span class='ocrx_word' id='word_1_377' title='bbox 2635 1897 2729 1949; x_wconf 72' lang='grc' dir='ltr'>καὶ</span> <span class='ocrx_word' id='word_1_378' title='bbox 2760 1897 2790 1949; x_wconf 90' lang='grc' dir='ltr'><strong>ὀ</strong></span> <span class='ocrx_word' id='word_1_379' title='bbox 2831 1893 3196 1958; x_wconf 77' lang='grc' dir='ltr'>σκανδαλίζων</span> <span class='ocrx_word' id='word_1_380' title='bbox 3240 1892 3516 1963; x_wconf 79' lang='grc' dir='ltr'>ὀφθαλμός</span> <span class='ocrx_word' id='word_1_381' title='bbox 3539 1909 3552 1922; x_wconf 92' lang='grc'><strong>·</strong></span> <span class='ocrx_word' id='word_1_382' title='bbox 3602 1891 3753 1947; x_wconf 78' lang='grc' dir='ltr'>ἅτινα</span> 
     </span>
    </p>
   </div>
   <div class='ocr_carea' id='block_1_53' title="bbox 2177 1981 3754 2060">
    <p class='ocr_par' dir='ltr' id='par_1_53' title="bbox 2177 1981 3754 2060">
     <span class='ocr_line' id='line_1_53' title="bbox 2177 1981 3754 2060; baseline -0.003 -20"><span class='ocrx_word' id='word_1_383' title='bbox 2177 1990 2425 2060; x_wconf 86' lang='grc' dir='ltr'>κρεῖττον</span> <span class='ocrx_word' id='word_1_384' title='bbox 2473 1986 2803 2051; x_wconf 80' lang='grc' dir='ltr'>ἀποϐαλεῖν,</span> <span class='ocrx_word' id='word_1_385' title='bbox 2858 1987 2952 2040; x_wconf 81' lang='grc' dir='ltr'>καὶ</span> <span class='ocrx_word' id='word_1_386' title='bbox 3001 1984 3337 2056; x_wconf 82' lang='grc' dir='ltr'>ἀποθέμενον</span> <span class='ocrx_word' id='word_1_387' title='bbox 3393 1982 3531 2037; x_wconf 81' lang='grc' dir='ltr'>αὐτὰ</span> <span class='ocrx_word' id='word_1_388' title='bbox 3591 1981 3754 2054; x_wconf 76' lang='grc' dir='ltr'>χωρὶς</span> 
     </span>
    </p>
   </div>
   <div class='ocr_carea' id='block_1_54' title="bbox 2172 2071 3750 2150">
    <p class='ocr_par' dir='ltr' id='par_1_54' title="bbox 2172 2071 3750 2150">
     <span class='ocr_line' id='line_1_54' title="bbox 2172 2071 3750 2150; baseline -0.005 -18"><span class='ocrx_word' id='word_1_389' title='bbox 2172 2078 2352 2132; x_wconf 76' lang='grc' dir='ltr'>αὐτῶν</span> <span class='ocrx_word' id='word_1_390' title='bbox 2383 2077 2640 2132; x_wconf 74' lang='grc' dir='ltr'>εἰσελθεῖν</span> <span class='ocrx_word' id='word_1_391' title='bbox 2670 2079 2751 2141; x_wconf 80' lang='grc' dir='ltr'>εἰς</span> <span class='ocrx_word' id='word_1_392' title='bbox 2765 2078 2863 2150; x_wconf 81' lang='grc' dir='ltr'>τὴν</span> <span class='ocrx_word' id='word_1_393' title='bbox 2891 2076 3056 2148; x_wconf 76' lang='grc' dir='ltr'>ζωὴν,</span> <span class='ocrx_word' id='word_1_394' title='bbox 3080 2075 3244 2130; x_wconf 69' lang='grc' dir='ltr'>οἱονεὶ</span> <span class='ocrx_word' id='word_1_395' title='bbox 3260 2075 3451 2146; x_wconf 83' lang='grc' dir='ltr'>χωλὸν,</span> <span class='ocrx_word' id='word_1_396' title='bbox 3478 2073 3511 2144; x_wconf 80' lang='grc' dir='ltr'>ἢ</span> <span class='ocrx_word' id='word_1_397' title='bbox 3542 2071 3750 2136; x_wconf 83' lang='grc' dir='ltr'>κυλλὸν,</span> 
     </span>
    </p>
   </div>
   <div class='ocr_carea' id='block_1_55' title="bbox 2172 2166 3753 2242">
    <p class='ocr_par' dir='ltr' id='par_1_55' title="bbox 2172 2166 3753 2242">
     <span class='ocr_line' id='line_1_55' title="bbox 2172 2166 3753 2242; baseline -0.017 0"><span class='ocrx_word' id='word_1_398' title='bbox 2172 2171 2205 2242; x_wconf 68' lang='grc' dir='ltr'>ἦ</span> <span class='ocrx_word' id='word_1_399' title='bbox 2240 2170 2606 2242; x_wconf 78' lang='grc' dir='ltr'>μονάμματον,</span> <span class='ocrx_word' id='word_1_400' title='bbox 2637 2172 2670 2242; x_wconf 83' lang='grc' dir='ltr'>ἢ</span> <span class='ocrx_word' id='word_1_401' title='bbox 2708 2172 2825 2241; x_wconf 82' lang='grc' dir='ltr'>μετ’</span> <span class='ocrx_word' id='word_1_402' title='bbox 2849 2170 3074 2225; x_wconf 77' lang='grc' dir='ltr'>ἐκείνων</span> <span class='ocrx_word' id='word_1_403' title='bbox 3103 2169 3200 2241; x_wconf 73' lang='grc' dir='ltr'>τὴν</span> <span class='ocrx_word' id='word_1_404' title='bbox 3225 2168 3351 2238; x_wconf 84' lang='grc' dir='ltr'>ὃλην</span> <span class='ocrx_word' id='word_1_405' title='bbox 3381 2167 3642 2222; x_wconf 80' lang='grc' dir='ltr'>ἀπολέσαι</span> <span class='ocrx_word' id='word_1_406' title='bbox 3657 2166 3753 2234; x_wconf 73' lang='grc' dir='ltr'>ψυ-</span> 
     </span>
    </p>
   </div>
   <div class='ocr_carea' id='block_1_56' title="bbox 2171 2258 3752 2334">
    <p class='ocr_par' dir='ltr' id='par_1_56' title="bbox 2171 2258 3752 2334">
     <span class='ocr_line' id='line_1_56' title="bbox 2171 2258 3752 2334; baseline -0.012 -5"><span class='ocrx_word' id='word_1_407' title='bbox 2171 2264 2293 2334; x_wconf 83' lang='grc' dir='ltr'><strong>χήν-</strong></span> <span class='ocrx_word' id='word_1_408' title='bbox 2332 2262 2563 2333; x_wconf 81' lang='grc' dir='ltr'>ὀμοίως</span> <span class='ocrx_word' id='word_1_409' title='bbox 2589 2264 2682 2316; x_wconf 73' lang='grc' dir='ltr'>καὶ</span> <span class='ocrx_word' id='word_1_410' title='bbox 2703 2263 2795 2316; x_wconf 73' lang='grc' dir='ltr'><strong>ἐπὶ</strong></span> <span class='ocrx_word' id='word_1_411' title='bbox 2827 2261 2927 2334; x_wconf 82' lang='grc' dir='ltr'>τῆς</span> <span class='ocrx_word' id='word_1_412' title='bbox 2946 2261 3127 2332; x_wconf 73' lang='grc' dir='ltr'>ψυχῆς</span> <span class='ocrx_word' id='word_1_413' title='bbox 3151 2259 3315 2315; x_wconf 81' lang='grc' dir='ltr'>καλὸν</span> <span class='ocrx_word' id='word_1_414' title='bbox 3345 2260 3442 2314; x_wconf 68' lang='grc' dir='ltr'>καὶ</span> <span class='ocrx_word' id='word_1_415' title='bbox 3489 2258 3752 2330; x_wconf 86' lang='grc' dir='ltr'>μακάριον</span> 
     </span>
    </p>
   </div>
   <div class='ocr_carea' id='block_1_57' title="bbox 2172 2346 3752 2425">
    <p class='ocr_par' dir='ltr' id='par_1_57' title="bbox 2172 2346 3752 2425">
     <span class='ocr_line' id='line_1_57' title="bbox 2172 2346 3752 2425; baseline -0.003 -19"><span class='ocrx_word' id='word_1_416' title='bbox 2172 2353 2263 2406; x_wconf 74' lang='grc' dir='ltr'><strong>ἐπὶ</strong></span> <span class='ocrx_word' id='word_1_417' title='bbox 2287 2355 2400 2416; x_wconf 89' lang='grc' dir='ltr'>τοῖς</span> <span class='ocrx_word' id='word_1_418' title='bbox 2424 2352 2720 2424; x_wconf 82' lang='grc' dir='ltr'>βελτίστοις</span> <span class='ocrx_word' id='word_1_419' title='bbox 2739 2353 2972 2425; x_wconf 85' lang='grc' dir='ltr'>χρῆσθαι</span> <span class='ocrx_word' id='word_1_420' title='bbox 3000 2354 3066 2423; x_wconf 83' lang='grc' dir='ltr'>τῇ</span> <span class='ocrx_word' id='word_1_421' title='bbox 3099 2351 3324 2422; x_wconf 82' lang='grc' dir='ltr'>δυνάμει</span> <span class='ocrx_word' id='word_1_422' title='bbox 3352 2349 3554 2420; x_wconf 78' lang='grc' dir='ltr'>αὐτῆς·</span> <span class='ocrx_word' id='word_1_423' title='bbox 3613 2351 3658 2402; x_wconf 77' lang='grc' dir='ltr'>εἰ</span> <span class='ocrx_word' id='word_1_424' title='bbox 3696 2346 3752 2402; x_wconf 84' lang='grc' dir='ltr'>δὲ</span> 
     </span>
    </p>
   </div>
   <div class='ocr_carea' id='block_1_58' title="bbox 2175 2436 3752 2515">
    <p class='ocr_par' dir='ltr' id='par_1_58' title="bbox 2175 2436 3752 2515">
     <span class='ocr_line' id='line_1_58' title="bbox 2175 2436 3752 2515; baseline -0.004 -18"><span class='ocrx_word' id='word_1_425' title='bbox 2175 2443 2442 2515; x_wconf 83' lang='grc' dir='ltr'>μέλλομεν</span> <span class='ocrx_word' id='word_1_426' title='bbox 2467 2444 2556 2498; x_wconf 82' lang='grc' dir='ltr'><strong>διά</strong></span> <span class='ocrx_word' id='word_1_427' title='bbox 2579 2460 2702 2498; x_wconf 84' lang='grc' dir='ltr'>τινα</span> <span class='ocrx_word' id='word_1_428' title='bbox 2732 2443 2858 2514; x_wconf 79' lang='grc' dir='ltr'>μίαν</span> <span class='ocrx_word' id='word_1_429' title='bbox 2881 2436 3200 2505; x_wconf 80' lang='grc' dir='ltr'>ἀπολέσθαι,</span> <span class='ocrx_word' id='word_1_430' title='bbox 3237 2437 3593 2512; x_wconf 82' lang='grc' dir='ltr'>αἱρετώτερον</span> <span class='ocrx_word' id='word_1_431' title='bbox 3615 2439 3752 2492; x_wconf 76' lang='grc' dir='ltr'>ἁπο-</span> 
     </span>
    </p>
   </div>
   <div class='ocr_carea' id='block_1_59' title="bbox 2170 2527 3752 2606">
    <p class='ocr_par' dir='ltr' id='par_1_59' title="bbox 2170 2527 3752 2606">
     <span class='ocr_line' id='line_1_59' title="bbox 2170 2527 3752 2606; baseline -0.003 -19"><span class='ocrx_word' id='word_1_432' title='bbox 2170 2533 2352 2589; x_wconf 81' lang='grc' dir='ltr'>6αλεῖν</span> <span class='ocrx_word' id='word_1_433' title='bbox 2381 2535 2480 2605; x_wconf 82' lang='grc' dir='ltr'><strong>τὴν</strong></span> <span class='ocrx_word' id='word_1_434' title='bbox 2498 2535 2691 2606; x_wconf 83' lang='grc' dir='ltr'>χρῆσιν</span> <span class='ocrx_word' id='word_1_435' title='bbox 2715 2533 2906 2604; x_wconf 69' lang='grc' dir='ltr'>αὒτῆς,</span> <span class='ocrx_word' id='word_1_436' title='bbox 2942 2534 3030 2587; x_wconf 78' lang='grc' dir='ltr'>ἵνα</span> <span class='ocrx_word' id='word_1_437' title='bbox 3060 2531 3201 2603; x_wconf 78' lang='grc' dir='ltr'>μετὰ</span> <span class='ocrx_word' id='word_1_438' title='bbox 3243 2530 3352 2584; x_wconf 82' lang='grc' dir='ltr'><strong>τῶν</strong></span> <span class='ocrx_word' id='word_1_439' title='bbox 3384 2529 3560 2585; x_wconf 81' lang='grc' dir='ltr'>ἄλλων</span> <span class='ocrx_word' id='word_1_440' title='bbox 3594 2527 3752 2582; x_wconf 83' lang='grc' dir='ltr'>δυνά-</span> 
     </span>
    </p>
   </div>
   <div class='ocr_carea' id='block_1_60' title="bbox 2171 2621 2625 2693">
    <p class='ocr_par' dir='ltr' id='par_1_60' title="bbox 2171 2621 2625 2693">
     <span class='ocr_line' id='line_1_60' title="bbox 2171 2621 2625 2693; baseline -0.002 -17"><span class='ocrx_word' id='word_1_441' title='bbox 2171 2639 2318 2693; x_wconf 89' lang='grc' dir='ltr'>μεων</span> <span class='ocrx_word' id='word_1_442' title='bbox 2343 2621 2625 2692; x_wconf 83' lang='grc' dir='ltr'>σωθῶμεν.</span> 
     </span>
    </p>
   </div>
   <div class='ocr_carea' id='block_1_61' title="bbox 2239 2708 3752 2786">
    <p class='ocr_par' dir='ltr' id='par_1_61' title="bbox 2239 2708 3752 2786">
     <span class='ocr_line' id='line_1_61' title="bbox 2239 2708 3752 2786; baseline -0.003 -19"><span class='ocrx_word' id='word_1_443' title='bbox 2239 2714 2475 2767; x_wconf 79' lang='grc' dir='ltr'>Δυνατδν</span> <span class='ocrx_word' id='word_1_444' title='bbox 2503 2713 2561 2767; x_wconf 81' lang='grc' dir='ltr'>δὲ</span> <span class='ocrx_word' id='word_1_445' title='bbox 2586 2715 2698 2777; x_wconf 84' lang='grc' dir='ltr'>τοῖς</span> <span class='ocrx_word' id='word_1_446' title='bbox 2731 2714 2912 2786; x_wconf 79' lang='grc' dir='ltr'>ῥητοῖς</span> <span class='ocrx_word' id='word_1_447' title='bbox 2938 2711 3146 2778; x_wconf 79' lang='grc' dir='ltr'>τούτοις</span> <span class='ocrx_word' id='word_1_448' title='bbox 3191 2711 3498 2784; x_wconf 82' lang='grc' dir='ltr'>χρήσασθαι</span> <span class='ocrx_word' id='word_1_449' title='bbox 3536 2709 3630 2764; x_wconf 74' lang='grc' dir='ltr'>καὶ</span> <span class='ocrx_word' id='word_1_450' title='bbox 3662 2708 3752 2762; x_wconf 71' lang='grc' dir='ltr'><strong>ἐπὶ</strong></span> 
     </span>
    </p>
   </div>
   <div class='ocr_carea' id='block_1_62' title="bbox 2170 2800 3750 2876">
    <p class='ocr_par' dir='ltr' id='par_1_62' title="bbox 2170 2800 3750 2876">
     <span class='ocr_line' id='line_1_62' title="bbox 2170 2800 3750 2876; baseline -0.003 -16"><span class='ocrx_word' id='word_1_451' title='bbox 2170 2805 2278 2860; x_wconf 83' lang='grc' dir='ltr'><strong>τῶν</strong></span> <span class='ocrx_word' id='word_1_452' title='bbox 2306 2805 2648 2860; x_wconf 77' lang='grc' dir='ltr'>οἰκειοτάτων</span> <span class='ocrx_word' id='word_1_453' title='bbox 2665 2843 2681 2870; x_wconf 85' lang='lat'><strong>,</strong></span> <span class='ocrx_word' id='word_1_454' title='bbox 2723 2805 2818 2858; x_wconf 71' lang='grc' dir='ltr'><strong>καὶ</strong></span> <span class='ocrx_word' id='word_1_455' title='bbox 2845 2803 3086 2876; x_wconf 72' lang='grc' dir='ltr'>ὡσπερεὶ</span> <span class='ocrx_word' id='word_1_456' title='bbox 3122 2803 3298 2875; x_wconf 82' lang='grc' dir='ltr'>μελῶν</span> <span class='ocrx_word' id='word_1_457' title='bbox 3326 2801 3504 2873; x_wconf 71' lang='grc' dir='ltr'>ἡμῶν,</span> <span class='ocrx_word' id='word_1_458' title='bbox 3530 2801 3617 2856; x_wconf 79' lang='grc' dir='ltr'><strong>διὰ</strong></span> <span class='ocrx_word' id='word_1_459' title='bbox 3653 2800 3750 2874; x_wconf 73' lang='grc' dir='ltr'>τὴν</span> 
     </span>
    </p>
   </div>
   <div class='ocr_carea' id='block_1_63' title="bbox 2169 2893 3749 2966">
    <p class='ocr_par' dir='ltr' id='par_1_63' title="bbox 2169 2893 3749 2966">
     <span class='ocr_line' id='line_1_63' title="bbox 2169 2893 3749 2966; baseline -0.001 -18"><span class='ocrx_word' id='word_1_460' title='bbox 2169 2893 2369 2966; x_wconf 80' lang='grc' dir='ltr'>πολλὴν</span> <span class='ocrx_word' id='word_1_461' title='bbox 2396 2894 2722 2965; x_wconf 77' lang='grc' dir='ltr'>οἰκειότητα,</span> <span class='ocrx_word' id='word_1_462' title='bbox 2755 2893 2864 2947; x_wconf 74' lang='grc' dir='ltr'>εἴτε</span> <span class='ocrx_word' id='word_1_463' title='bbox 2881 2893 3206 2965; x_wconf 77' lang='grc' dir='ltr'>συγγενικὴν</span> <span class='ocrx_word' id='word_1_464' title='bbox 3237 2893 3348 2947; x_wconf 72' lang='grc' dir='ltr'>εἴτε</span> <span class='ocrx_word' id='word_1_465' title='bbox 3370 2895 3433 2947; x_wconf 74' lang='grc' dir='ltr'>ἐκ</span> <span class='ocrx_word' id='word_1_466' title='bbox 3459 2910 3602 2958; x_wconf 84' lang='grc' dir='ltr'>τινος</span> <span class='ocrx_word' id='word_1_467' title='bbox 3624 2910 3749 2947; x_wconf 80' lang='grc' dir='ltr'>συν·</span> 
     </span>
    </p>
   </div>
   <div class='ocr_carea' id='block_1_64' title="bbox 2171 2983 3742 3058">
    <p class='ocr_par' dir='ltr' id='par_1_64' title="bbox 2171 2983 3742 3058">
     <span class='ocr_line' id='line_1_64' title="bbox 2171 2983 3742 3058; baseline -0.004 -17"><span class='ocrx_word' id='word_1_468' title='bbox 2171 2987 2380 3058; x_wconf 73' lang='grc' dir='ltr'>ηθειας,</span> <span class='ocrx_word' id='word_1_469' title='bbox 2442 2987 2507 3039; x_wconf 76' lang='grc' dir='ltr'><strong>ἵν’</strong></span> <span class='ocrx_word' id='word_1_470' title='bbox 2537 2985 2710 3048; x_wconf 77' lang='grc' dir='ltr'>οὕτως</span> <span class='ocrx_word' id='word_1_471' title='bbox 2754 2985 3033 3057; x_wconf 85' lang='grc' dir='ltr'>ὀνομάσω,</span> <span class='ocrx_word' id='word_1_472' title='bbox 3073 2985 3329 3056; x_wconf 80' lang='grc' dir='ltr'>φιλικῆς,</span> <span class='ocrx_word' id='word_1_473' title='bbox 3374 2985 3546 3057; x_wconf 86' lang='grc' dir='ltr'>μελῶν</span> <span class='ocrx_word' id='word_1_474' title='bbox 3589 2983 3742 3054; x_wconf 70' lang='grc' dir='ltr'>ἡμῶν</span> 
     </span>
    </p>
   </div>
   <div class='ocr_carea' id='block_1_65' title="bbox 2169 3067 3740 3147">
    <p class='ocr_par' dir='ltr' id='par_1_65' title="bbox 2169 3067 3740 3147">
     <span class='ocr_line' id='line_1_65' title="bbox 2169 3067 3740 3147; baseline -0.002 -18"><span class='ocrx_word' id='word_1_475' title='bbox 2169 3075 2590 3147; x_wconf 84' lang='grc' dir='ltr'>νενομισμένων,</span> <span class='ocrx_word' id='word_1_476' title='bbox 2625 3067 2698 3128; x_wconf 81' lang='grc' dir='ltr'>ὧν</span> <span class='ocrx_word' id='word_1_477' title='bbox 2725 3074 2784 3126; x_wconf 80' lang='grc' dir='ltr'>οὐ</span> <span class='ocrx_word' id='word_1_478' title='bbox 2818 3075 2922 3146; x_wconf 80' lang='grc' dir='ltr'><strong>χρὴ</strong></span> <span class='ocrx_word' id='word_1_479' title='bbox 2959 3074 3245 3143; x_wconf 78' lang='grc' dir='ltr'>φείσασθαι</span> <span class='ocrx_word' id='word_1_480' title='bbox 3269 3073 3359 3144; x_wconf 71' lang='grc' dir='ltr'>τὴν</span> <span class='ocrx_word' id='word_1_481' title='bbox 3385 3072 3558 3143; x_wconf 55' lang='grc' dir='ltr'>ψυχήν</span> <span class='ocrx_word' id='word_1_482' title='bbox 3580 3072 3740 3144; x_wconf 76' lang='grc' dir='ltr'>ἡμῶν</span> 
     </span>
    </p>
   </div>
   <div class='ocr_carea' id='block_1_66' title="bbox 2175 3163 3748 3236">
    <p class='ocr_par' dir='ltr' id='par_1_66' title="bbox 2175 3163 3748 3236">
     <span class='ocr_line' id='line_1_66' title="bbox 2175 3163 3748 3236; baseline -0.001 -18"><span class='ocrx_word' id='word_1_483' title='bbox 2175 3166 2539 3236; x_wconf 87' lang='grc' dir='ltr'>βλαπτόντων.</span> <span class='ocrx_word' id='word_1_484' title='bbox 2595 3165 2946 3235; x_wconf 64' lang='grc' dir='ltr'>Ἐκκόψωμεν</span> <span class='ocrx_word' id='word_1_485' title='bbox 2993 3164 3101 3236; x_wconf 77' lang='grc' dir='ltr'><strong>γὰρ</strong></span> <span class='ocrx_word' id='word_1_486' title='bbox 3130 3166 3222 3234; x_wconf 76' lang='grc' dir='ltr'><strong>ἀφ’</strong></span> <span class='ocrx_word' id='word_1_487' title='bbox 3250 3163 3448 3219; x_wconf 83' lang='grc' dir='ltr'>ὲαυτῶν</span> <span class='ocrx_word' id='word_1_488' title='bbox 3485 3164 3560 3227; x_wconf 81' lang='grc' dir='ltr'>ὼς</span> <span class='ocrx_word' id='word_1_489' title='bbox 3588 3166 3748 3234; x_wconf 77' lang='grc' dir='ltr'>χεῖρα</span> 
     </span>
    </p>
   </div>
   <div class='ocr_carea' id='block_1_67' title="bbox 2179 3251 3754 3325">
    <p class='ocr_par' dir='ltr' id='par_1_67' title="bbox 2179 3251 3754 3325">
     <span class='ocr_line' id='line_1_67' title="bbox 2179 3251 3754 3325; baseline -0.001 -18"><span class='ocrx_word' id='word_1_490' title='bbox 2179 3253 2312 3325; x_wconf 83' lang='lat' dir='ltr'><strong>(6i),</strong></span> <span class='ocrx_word' id='word_1_491' title='bbox 2340 3253 2374 3324; x_wconf 85' lang='grc' dir='ltr'>ἢ</span> <span class='ocrx_word' id='word_1_492' title='bbox 2400 3252 2556 3318; x_wconf 86' lang='grc' dir='ltr'>πόδα,</span> <span class='ocrx_word' id='word_1_493' title='bbox 2584 3252 2619 3323; x_wconf 75' lang='grc' dir='ltr'><strong>ἢ</strong></span> <span class='ocrx_word' id='word_1_494' title='bbox 2641 3253 2939 3323; x_wconf 80' lang='grc' dir='ltr'>ὀφθαλμὸν,</span> <span class='ocrx_word' id='word_1_495' title='bbox 2969 3254 3180 3325; x_wconf 81' lang='grc' dir='ltr'>πατέρα</span> <span class='ocrx_word' id='word_1_496' title='bbox 3204 3254 3238 3324; x_wconf 80' lang='grc' dir='ltr'><strong>ἢ</strong></span> <span class='ocrx_word' id='word_1_497' title='bbox 3271 3253 3478 3325; x_wconf 84' lang='grc' dir='ltr'>μητέρα</span> <span class='ocrx_word' id='word_1_498' title='bbox 3502 3251 3573 3305; x_wconf 75' lang='grc' dir='ltr'>τὰ</span> <span class='ocrx_word' id='word_1_499' title='bbox 3601 3254 3754 3307; x_wconf 84' lang='grc' dir='ltr'>ὲναν·</span> 
     </span>
    </p>
   </div>
   <div class='ocr_carea' id='block_1_68' title="bbox 1675 3365 2525 3425">
    <p class='ocr_par' dir='ltr' id='par_1_68' title="bbox 1675 3365 2525 3425">
     <span class='ocr_line' id='line_1_68' title="bbox 1675 3365 2525 3425; baseline -0.002 -3"><span class='ocrx_word' id='word_1_500' title='bbox 1675 3365 1906 3424; x_wconf 78' lang='lat' dir='ltr'><strong>VETUS</strong></span> <span class='ocrx_word' id='word_1_501' title='bbox 1943 3365 2525 3425; x_wconf 80' lang='lat' dir='ltr'><strong>INTERPRETATIO.</strong></span> 
     </span>
    </p>
   </div>
   <div class='ocr_carea' id='block_1_69' title="bbox 492 3462 3752 3535">
    <p class='ocr_par' dir='ltr' id='par_1_69' title="bbox 492 3462 3752 3535">
     <span class='ocr_line' id='line_1_69' title="bbox 492 3462 3752 3535; baseline -0 -15"><span class='ocrx_word' id='word_1_502' title='bbox 492 3466 741 3531; x_wconf 79' lang='lat' dir='ltr'><strong>veniunt,</strong></span> <span class='ocrx_word' id='word_1_503' title='bbox 780 3484 798 3516; x_wconf 71' lang='grc' dir='ltr'><strong>ι</strong></span> <span class='ocrx_word' id='word_1_504' title='bbox 827 3464 1409 3535; x_wconf 81' lang='lat' dir='ltr'><strong>videlicethomincm,</strong></span> <span class='ocrx_word' id='word_1_505' title='bbox 1445 3462 1628 3517; x_wconf 86' lang='lat' dir='ltr'><strong>statim</strong></span> <span class='ocrx_word' id='word_1_506' title='bbox 1666 3462 1946 3535; x_wconf 74' lang='lat' dir='ltr'><strong>subiungit</strong></span> <span class='ocrx_word' id='word_1_507' title='bbox 1979 3482 1993 3519; x_wconf 91' lang='lat'><strong>:</strong></span> <span class='ocrx_word' id='word_1_508' title='bbox 2026 3483 2046 3517; x_wconf 71' lang='grc' dir='ltr'><em>ς</em></span> <span class='ocrx_word' id='word_1_509' title='bbox 2096 3465 2155 3521; x_wconf 92' lang='lat' dir='ltr'><strong>Si</strong></span> <span class='ocrx_word' id='word_1_510' title='bbox 2183 3481 2381 3520; x_wconf 89' lang='lat' dir='ltr'><strong>manus</strong></span> <span class='ocrx_word' id='word_1_511' title='bbox 2410 3473 2525 3527; x_wconf 83' lang='lat' dir='ltr'><strong>tua,</strong></span> <span class='ocrx_word' id='word_1_512' title='bbox 2549 3463 2636 3518; x_wconf 88' lang='lat' dir='ltr'><strong>vel</strong></span> <span class='ocrx_word' id='word_1_513' title='bbox 2666 3479 2763 3534; x_wconf 90' lang='lat' dir='ltr'><strong>pes</strong></span> <span class='ocrx_word' id='word_1_514' title='bbox 2793 3473 2941 3529; x_wconf 90' lang='lat' dir='ltr'><strong>tuus,</strong></span> <span class='ocrx_word' id='word_1_515' title='bbox 2983 3465 3066 3520; x_wconf 86' lang='lat' dir='ltr'><strong>vel</strong></span> <span class='ocrx_word' id='word_1_516' title='bbox 3108 3466 3302 3522; x_wconf 86' lang='lat' dir='ltr'><strong>oculus</strong></span> <span class='ocrx_word' id='word_1_517' title='bbox 3328 3473 3458 3520; x_wconf 90' lang='lat' dir='ltr'><strong>tuus</strong></span> <span class='ocrx_word' id='word_1_518' title='bbox 3485 3464 3752 3522; x_wconf 82' lang='lat' dir='ltr'><strong>scandali-</strong></span> 
     </span>
    </p>
   </div>
   <div class='ocr_carea' id='block_1_70' title="bbox 487 3533 3750 3606">
    <p class='ocr_par' dir='ltr' id='par_1_70' title="bbox 487 3533 3750 3606">
     <span class='ocr_line' id='line_1_70' title="bbox 487 3533 3750 3606; baseline 0 -15"><span class='ocrx_word' id='word_1_519' title='bbox 487 3537 697 3591; x_wconf 84' lang='lat' dir='ltr'><strong>zavcrit</strong></span> <span class='ocrx_word' id='word_1_520' title='bbox 725 3545 776 3590; x_wconf 92' lang='lat' dir='ltr'><strong>te</strong></span> <span class='ocrx_word' id='word_1_521' title='bbox 805 3555 818 3589; x_wconf 92' lang='lat'><strong>:</strong></span> <span class='ocrx_word' id='word_1_522' title='bbox 862 3554 881 3586; x_wconf 72' lang='grc' dir='ltr'><strong>ο</strong></span> <span class='ocrx_word' id='word_1_523' title='bbox 912 3533 1208 3606; x_wconf 85' lang='lat' dir='ltr'><strong>ostendens</strong></span> <span class='ocrx_word' id='word_1_524' title='bbox 1240 3534 1496 3602; x_wconf 81' lang='lat' dir='ltr'><strong>quoniam</strong></span> <span class='ocrx_word' id='word_1_525' title='bbox 1533 3548 1641 3606; x_wconf 86' lang='lat' dir='ltr'><strong>non</strong></span> <span class='ocrx_word' id='word_1_526' title='bbox 1675 3533 1742 3587; x_wconf 88' lang='lat' dir='ltr'><strong>de</strong></span> <span class='ocrx_word' id='word_1_527' title='bbox 1781 3533 2048 3606; x_wconf 81' lang='lat' dir='ltr'><strong>membris</strong></span> <span class='ocrx_word' id='word_1_528' title='bbox 2069 3535 2570 3592; x_wconf 84' lang='lat' dir='ltr'><strong>scandalizantibus</strong></span> <span class='ocrx_word' id='word_1_529' title='bbox 2602 3533 2726 3606; x_wconf 60' lang='lat' dir='ltr'><strong>quae</strong></span> <span class='ocrx_word' id='word_1_530' title='bbox 2767 3545 2896 3589; x_wconf 89' lang='lat' dir='ltr'><strong>sunt</strong></span> <span class='ocrx_word' id='word_1_531' title='bbox 2943 3535 3083 3589; x_wconf 84' lang='lat' dir='ltr'><strong>intra</strong></span> <span class='ocrx_word' id='word_1_532' title='bbox 3117 3550 3218 3591; x_wconf 91' lang='lat' dir='ltr'><strong>nos</strong></span> <span class='ocrx_word' id='word_1_533' title='bbox 3249 3537 3516 3606; x_wconf 84' lang='lat' dir='ltr'><strong>loquitur,</strong></span> <span class='ocrx_word' id='word_1_534' title='bbox 3559 3536 3651 3591; x_wconf 78' lang='lat' dir='ltr'><strong>sed</strong></span> <span class='ocrx_word' id='word_1_535' title='bbox 3685 3536 3750 3606; x_wconf 83' lang='lat' dir='ltr'><strong>de</strong></span> 
     </span>
    </p>
   </div>
   <div class='ocr_carea' id='block_1_71' title="bbox 486 3603 3746 3674">
    <p class='ocr_par' dir='ltr' id='par_1_71' title="bbox 486 3603 3746 3674">
     <span class='ocr_line' id='line_1_71' title="bbox 486 3603 3746 3674; baseline -0 -14"><span class='ocrx_word' id='word_1_536' title='bbox 486 3606 803 3660; x_wconf 83' lang='lat' dir='ltr'><strong>hominibus</strong></span> <span class='ocrx_word' id='word_1_537' title='bbox 831 3605 923 3673; x_wconf 90' lang='lat' dir='ltr'><strong>qui</strong></span> <span class='ocrx_word' id='word_1_538' title='bbox 958 3612 1085 3658; x_wconf 92' lang='lat' dir='ltr'><strong>sunt</strong></span> <span class='ocrx_word' id='word_1_539' title='bbox 1110 3611 1268 3674; x_wconf 46' lang='lat' dir='ltr'><strong>citra</strong></span> <span class='ocrx_word' id='word_1_540' title='bbox 1307 3618 1406 3657; x_wconf 90' lang='lat' dir='ltr'><strong>nos</strong></span> <span class='ocrx_word' id='word_1_541' title='bbox 1433 3603 1762 3674; x_wconf 88' lang='lat' dir='ltr'><strong>pertinentes</strong></span> <span class='ocrx_word' id='word_1_542' title='bbox 1805 3603 1869 3657; x_wconf 86' lang='lat' dir='ltr'><strong>ad</strong></span> <span class='ocrx_word' id='word_1_543' title='bbox 1903 3620 2023 3672; x_wconf 89' lang='lat' dir='ltr'><strong>nos,</strong></span> <span class='ocrx_word' id='word_1_544' title='bbox 2057 3606 2130 3659; x_wconf 87' lang='lat' dir='ltr'><strong>ita</strong></span> <span class='ocrx_word' id='word_1_545' title='bbox 2161 3614 2222 3659; x_wconf 88' lang='lat' dir='ltr'><strong>ut</strong></span> <span class='ocrx_word' id='word_1_546' title='bbox 2261 3619 2477 3674; x_wconf 88' lang='lat' dir='ltr'><strong>manus,</strong></span> <span class='ocrx_word' id='word_1_547' title='bbox 2508 3611 2601 3657; x_wconf 90' lang='lat' dir='ltr'><strong>aut</strong></span> <span class='ocrx_word' id='word_1_548' title='bbox 2625 3605 2808 3671; x_wconf 89' lang='lat' dir='ltr'><strong>pedes,</strong></span> <span class='ocrx_word' id='word_1_549' title='bbox 2843 3613 2938 3658; x_wconf 90' lang='lat' dir='ltr'><strong>ant</strong></span> <span class='ocrx_word' id='word_1_550' title='bbox 2980 3605 3124 3660; x_wconf 90' lang='lat' dir='ltr'><strong>oculi</strong></span> <span class='ocrx_word' id='word_1_551' title='bbox 3153 3603 3543 3660; x_wconf 78' lang='lat' dir='ltr'><strong>existimentur</strong></span> <span class='ocrx_word' id='word_1_552' title='bbox 3577 3605 3746 3674; x_wconf 86' lang='lat' dir='ltr'><strong>gratia</strong></span> 
     </span>
    </p>
   </div>
   <div class='ocr_carea' id='block_1_72' title="bbox 481 3671 3748 3744">
    <p class='ocr_par' dir='ltr' id='par_1_72' title="bbox 481 3671 3748 3744">
     <span class='ocr_line' id='line_1_72' title="bbox 481 3671 3748 3744; baseline -0.001 -14"><span class='ocrx_word' id='word_1_553' title='bbox 481 3675 765 3730; x_wconf 90' lang='lat' dir='ltr'><strong>charitatis</strong></span> <span class='ocrx_word' id='word_1_554' title='bbox 795 3671 1090 3744; x_wconf 84' lang='lat' dir='ltr'><strong>conjuncti.</strong></span> <span class='ocrx_word' id='word_1_555' title='bbox 1146 3671 1210 3726; x_wconf 86' lang='lat' dir='ltr'><strong>Et</strong></span> <span class='ocrx_word' id='word_1_556' title='bbox 1260 3688 1386 3726; x_wconf 79' lang='lat' dir='ltr'><strong>vere</strong></span> <span class='ocrx_word' id='word_1_557' title='bbox 1415 3671 1663 3744; x_wconf 70' lang='lat' dir='ltr'><strong>quaedam</strong></span> <span class='ocrx_word' id='word_1_558' title='bbox 1696 3675 1958 3744; x_wconf 87' lang='lat' dir='ltr'><strong>scandala</strong></span> <span class='ocrx_word' id='word_1_559' title='bbox 2003 3690 2072 3728; x_wconf 75' lang='lat' dir='ltr'><strong>ex</strong></span> <span class='ocrx_word' id='word_1_560' title='bbox 2101 3675 2279 3744; x_wconf 10' lang='lat' dir='ltr'><strong>nobis,</strong></span> <span class='ocrx_word' id='word_1_561' title='bbox 2311 3673 2442 3744; x_wconf 84' lang='lat' dir='ltr'><strong>ipsis</strong></span> <span class='ocrx_word' id='word_1_562' title='bbox 2487 3682 2829 3744; x_wconf 81' lang='lat' dir='ltr'><strong>nascuntur:</strong></span> <span class='ocrx_word' id='word_1_563' title='bbox 2864 3675 3007 3728; x_wconf 87' lang='lat' dir='ltr'><strong>sicut</strong></span> <span class='ocrx_word' id='word_1_564' title='bbox 3041 3676 3116 3729; x_wconf 92' lang='lat' dir='ltr'><strong>ait</strong></span> <span class='ocrx_word' id='word_1_565' title='bbox 3151 3674 3389 3730; x_wconf 72' lang='lat' dir='ltr'><strong>Iacobus</strong></span> <span class='ocrx_word' id='word_1_566' title='bbox 3418 3676 3472 3728; x_wconf 93' lang='lat' dir='ltr'><strong>in</strong></span> <span class='ocrx_word' id='word_1_567' title='bbox 3514 3671 3748 3742; x_wconf 79' lang='lat' dir='ltr'><strong>Epistola</strong></span> 
     </span>
    </p>
   </div>
   <div class='ocr_carea' id='block_1_73' title="bbox 483 3741 3748 3812">
    <p class='ocr_par' dir='ltr' id='par_1_73' title="bbox 483 3741 3748 3812">
     <span class='ocr_line' id='line_1_73' title="bbox 483 3741 3748 3812; baseline -0 -13"><span class='ocrx_word' id='word_1_568' title='bbox 483 3759 586 3799; x_wconf 87' lang='lat' dir='ltr'><strong>sua</strong></span> <span class='ocrx_word' id='word_1_569' title='bbox 620 3763 634 3800; x_wconf 86' lang='lat'><strong>:</strong></span> <span class='ocrx_word' id='word_1_570' title='bbox 673 3761 692 3795; x_wconf 75' lang='grc' dir='ltr'><strong>ι</strong></span> <span class='ocrx_word' id='word_1_571' title='bbox 733 3743 874 3798; x_wconf 89' lang='lat' dir='ltr'><strong>Deus</strong></span> <span class='ocrx_word' id='word_1_572' title='bbox 901 3741 1174 3797; x_wconf 87' lang='lat' dir='ltr'><strong>neminem</strong></span> <span class='ocrx_word' id='word_1_573' title='bbox 1205 3751 1407 3806; x_wconf 87' lang='lat' dir='ltr'><strong>tentat,</strong></span> <span class='ocrx_word' id='word_1_574' title='bbox 1434 3741 1546 3797; x_wconf 77' lang='lat' dir='ltr'><strong>sed</strong></span> <span class='ocrx_word' id='word_1_575' title='bbox 1581 3743 1961 3812; x_wconf 82' lang='lat' dir='ltr'><strong>unusquisque</strong></span> <span class='ocrx_word' id='word_1_576' title='bbox 1988 3751 2226 3800; x_wconf 82' lang='lat' dir='ltr'><strong>tentatur</strong></span> <span class='ocrx_word' id='word_1_577' title='bbox 2271 3741 2347 3796; x_wconf 60' lang='lat' dir='ltr'><strong>in&#39;</strong></span> <span class='ocrx_word' id='word_1_578' title='bbox 2363 3741 2818 3812; x_wconf 88' lang='lat' dir='ltr'><strong>concupiscentiis</strong></span> <span class='ocrx_word' id='word_1_579' title='bbox 2851 3744 2986 3798; x_wconf 90' lang='lat' dir='ltr'><strong>suis.</strong></span> <span class='ocrx_word' id='word_1_580' title='bbox 3047 3763 3062 3792; x_wconf 78' lang='grc' dir='ltr'><strong>ι</strong></span> <span class='ocrx_word' id='word_1_581' title='bbox 3117 3744 3374 3811; x_wconf 65' lang='lat' dir='ltr'><strong>Quaedam</strong></span> <span class='ocrx_word' id='word_1_582' title='bbox 3415 3741 3748 3800; x_wconf 78' lang='lat' dir='ltr'><strong>extrinsecus</strong></span> 
     </span>
    </p>
   </div>
   <div class='ocr_carea' id='block_1_74' title="bbox 479 3811 3746 3884">
    <p class='ocr_par' dir='ltr' id='par_1_74' title="bbox 479 3811 3746 3884">
     <span class='ocr_line' id='line_1_74' title="bbox 479 3811 3746 3884; baseline -0 -17"><span class='ocrx_word' id='word_1_583' title='bbox 479 3815 741 3884; x_wconf 74' lang='lat' dir='ltr'><strong>veniunt,</strong></span> <span class='ocrx_word' id='word_1_584' title='bbox 782 3813 867 3867; x_wconf 88' lang='lat' dir='ltr'><strong>vel</strong></span> <span class='ocrx_word' id='word_1_585' title='bbox 896 3813 965 3866; x_wconf 88' lang='lat' dir='ltr'><strong>ab</strong></span> <span class='ocrx_word' id='word_1_586' title='bbox 993 3813 1288 3884; x_wconf 75' lang='lat' dir='ltr'><strong>extraneis,</strong></span> <span class='ocrx_word' id='word_1_587' title='bbox 1325 3813 1408 3866; x_wconf 87' lang='lat' dir='ltr'><strong>vel</strong></span> <span class='ocrx_word' id='word_1_588' title='bbox 1438 3826 1468 3865; x_wconf 89' lang='lat' dir='ltr'><strong>a</strong></span> <span class='ocrx_word' id='word_1_589' title='bbox 1502 3811 1789 3882; x_wconf 78' lang='lat' dir='ltr'><strong>proximis,</strong></span> <span class='ocrx_word' id='word_1_590' title='bbox 1825 3811 1893 3866; x_wconf 85' lang='lat' dir='ltr'><strong>de</strong></span> <span class='ocrx_word' id='word_1_591' title='bbox 1929 3814 2145 3884; x_wconf 11' lang='lat' dir='ltr'><strong>quibus,</strong></span> <span class='ocrx_word' id='word_1_592' title='bbox 2168 3827 2408 3884; x_wconf 67' lang='lat' dir='ltr'><strong>praesens</strong></span> <span class='ocrx_word' id='word_1_593' title='bbox 2436 3811 2682 3884; x_wconf 84' lang='lat' dir='ltr'><strong>loquitur</strong></span> <span class='ocrx_word' id='word_1_594' title='bbox 2717 3827 2949 3884; x_wconf 78' lang='lat' dir='ltr'><strong>sermo:</strong></span> <span class='ocrx_word' id='word_1_595' title='bbox 2983 3821 3036 3868; x_wconf 89' lang='lat' dir='ltr'><strong>ct</strong></span> <span class='ocrx_word' id='word_1_596' title='bbox 3063 3815 3260 3869; x_wconf 90' lang='lat' dir='ltr'><strong>bonum</strong></span> <span class='ocrx_word' id='word_1_597' title='bbox 3291 3813 3512 3884; x_wconf 87' lang='lat' dir='ltr'><strong>quidem</strong></span> <span class='ocrx_word' id='word_1_598' title='bbox 3543 3822 3660 3868; x_wconf 89' lang='lat' dir='ltr'><strong>erat</strong></span> <span class='ocrx_word' id='word_1_599' title='bbox 3690 3822 3746 3866; x_wconf 93' lang='lat' dir='ltr'><strong>ut</strong></span> 
     </span>
    </p>
   </div>
   <div class='ocr_carea' id='block_1_75' title="bbox 482 3881 3742 3953">
    <p class='ocr_par' dir='ltr' id='par_1_75' title="bbox 482 3881 3742 3953">
     <span class='ocr_line' id='line_1_75' title="bbox 482 3881 3742 3953; baseline -0.001 -16"><span class='ocrx_word' id='word_1_600' title='bbox 482 3883 773 3938; x_wconf 88' lang='lat' dir='ltr'><strong>laudabilis</strong></span> <span class='ocrx_word' id='word_1_601' title='bbox 802 3890 950 3936; x_wconf 88' lang='lat' dir='ltr'><strong>esset</strong></span> <span class='ocrx_word' id='word_1_602' title='bbox 981 3891 1040 3953; x_wconf 83' lang='lat' dir='ltr'><strong>et</strong></span> <span class='ocrx_word' id='word_1_603' title='bbox 1087 3881 1301 3953; x_wconf 90' lang='lat' dir='ltr'><strong>oculus,</strong></span> <span class='ocrx_word' id='word_1_604' title='bbox 1336 3890 1390 3936; x_wconf 91' lang='lat' dir='ltr'><strong>et</strong></span> <span class='ocrx_word' id='word_1_605' title='bbox 1416 3881 1679 3953; x_wconf 79' lang='lat' dir='ltr'><strong>_manus,</strong></span> <span class='ocrx_word' id='word_1_606' title='bbox 1725 3891 1788 3935; x_wconf 92' lang='lat' dir='ltr'><strong>ut</strong></span> <span class='ocrx_word' id='word_1_607' title='bbox 1818 3897 1888 3936; x_wconf 90' lang='lat' dir='ltr'><strong>ne</strong></span> <span class='ocrx_word' id='word_1_608' title='bbox 1925 3881 2101 3953; x_wconf 88' lang='lat' dir='ltr'><strong>possit</strong></span> <span class='ocrx_word' id='word_1_609' title='bbox 2131 3881 2276 3952; x_wconf 80' lang='lat' dir='ltr'><strong>juste</strong></span> <span class='ocrx_word' id='word_1_610' title='bbox 2303 3883 2484 3936; x_wconf 88' lang='lat' dir='ltr'><strong>dicere</strong></span> <span class='ocrx_word' id='word_1_611' title='bbox 2511 3882 2704 3935; x_wconf 91' lang='lat' dir='ltr'><strong>oculus</strong></span> <span class='ocrx_word' id='word_1_612' title='bbox 2741 3882 2925 3953; x_wconf 84' lang='lat' dir='ltr'><strong>manui</strong></span> <span class='ocrx_word' id='word_1_613' title='bbox 2975 3900 2990 3936; x_wconf 91' lang='lat'><strong>:</strong></span> <span class='ocrx_word' id='word_1_614' title='bbox 3034 3902 3054 3934; x_wconf 85' lang='grc'><strong><em>‹</em></strong></span> <span class='ocrx_word' id='word_1_615' title='bbox 3100 3881 3409 3939; x_wconf 78' lang='lat' dir='ltr'><strong>necessaria</strong></span> <span class='ocrx_word' id='word_1_616' title='bbox 3461 3884 3595 3938; x_wconf 88' lang='lat' dir='ltr'><strong>mihi</strong></span> <span class='ocrx_word' id='word_1_617' title='bbox 3639 3897 3742 3937; x_wconf 91' lang='lat' dir='ltr'><strong>non</strong></span> 
     </span>
    </p>
   </div>
   <div class='ocr_carea' id='block_1_76' title="bbox 479 3949 3745 4022">
    <p class='ocr_par' dir='ltr' id='par_1_76' title="bbox 479 3949 3745 4022">
     <span class='ocr_line' id='line_1_76' title="bbox 479 3949 3745 4022; baseline 0 -16"><span class='ocrx_word' id='word_1_618' title='bbox 479 3967 561 4022; x_wconf 85' lang='lat' dir='ltr'><strong>es.</strong></span> <span class='ocrx_word' id='word_1_619' title='bbox 593 3972 612 4004; x_wconf 75' lang='grc' dir='ltr'><strong>ι</strong></span> <span class='ocrx_word' id='word_1_620' title='bbox 642 3953 705 4022; x_wconf 79' lang='lat' dir='ltr'><strong>Si</strong></span> <span class='ocrx_word' id='word_1_621' title='bbox 732 3961 909 4006; x_wconf 87' lang='lat' dir='ltr'><strong>autem</strong></span> <span class='ocrx_word' id='word_1_622' title='bbox 944 3952 1142 4022; x_wconf 90' lang='lat' dir='ltr'><strong>aliquis</strong></span> <span class='ocrx_word' id='word_1_623' title='bbox 1171 3966 1237 4004; x_wconf 79' lang='lat' dir='ltr'><strong>ex</strong></span> <span class='ocrx_word' id='word_1_624' title='bbox 1274 3960 1386 4006; x_wconf 90' lang='lat' dir='ltr'><strong>toto</strong></span> <span class='ocrx_word' id='word_1_625' title='bbox 1416 3949 1674 4022; x_wconf 65' lang='lat' dir='ltr'><strong>Ecclesia:</strong></span> <span class='ocrx_word' id='word_1_626' title='bbox 1692 3949 1942 4022; x_wconf 74' lang='lat' dir='ltr'><strong>corpore</strong></span> <span class='ocrx_word' id='word_1_627' title='bbox 1965 3949 2223 4022; x_wconf 9' lang='lat' dir='ltr'><strong>videatur,</strong></span> <span class='ocrx_word' id='word_1_628' title='bbox 2244 3965 2440 4005; x_wconf 90' lang='lat' dir='ltr'><strong>manus</strong></span> <span class='ocrx_word' id='word_1_629' title='bbox 2473 3959 2692 4022; x_wconf 87' lang='lat' dir='ltr'><strong>propter</strong></span> <span class='ocrx_word' id='word_1_630' title='bbox 2718 3951 2956 4022; x_wconf 84' lang='lat' dir='ltr'><strong>aliquem</strong></span> <span class='ocrx_word' id='word_1_631' title='bbox 2991 3961 3197 4020; x_wconf 93' lang='lat' dir='ltr'><strong>actum,</strong></span> <span class='ocrx_word' id='word_1_632' title='bbox 3233 3968 3536 4009; x_wconf 85' lang='lat' dir='ltr'><strong>conversus</strong></span> <span class='ocrx_word' id='word_1_633' title='bbox 3571 3963 3745 4007; x_wconf 87' lang='lat' dir='ltr'><strong>autem</strong></span> 
     </span>
    </p>
   </div>
   <div class='ocr_carea' id='block_1_77' title="bbox 481 4019 3748 4095">
    <p class='ocr_par' dir='ltr' id='par_1_77' title="bbox 481 4019 3748 4095">
     <span class='ocr_line' id='line_1_77' title="bbox 481 4019 3748 4095; baseline -0.001 -19"><span class='ocrx_word' id='word_1_634' title='bbox 481 4019 658 4078; x_wconf 79' lang='lat' dir='ltr'><strong>factus</strong></span> <span class='ocrx_word' id='word_1_635' title='bbox 687 4019 1286 4095; x_wconf 77' lang='lat' dir='ltr'><strong>fuerit_scaudaliz_aus,_</strong></span> <span class='ocrx_word' id='word_1_636' title='bbox 1308 4021 1502 4076; x_wconf 90' lang='lat' dir='ltr'><strong>oculus</strong></span> <span class='ocrx_word' id='word_1_637' title='bbox 1523 4021 1667 4075; x_wconf 89' lang='lat' dir='ltr'><strong>dicat</strong></span> <span class='ocrx_word' id='word_1_638' title='bbox 1691 4019 2007 4095; x_wconf 86' lang='lat' dir='ltr'><strong>hujusmodi</strong></span> <span class='ocrx_word' id='word_1_639' title='bbox 2041 4021 2271 4095; x_wconf 83' lang='lat' dir='ltr'><strong>manui:</strong></span> <span class='ocrx_word' id='word_1_640' title='bbox 2309 4038 2328 4072; x_wconf 76' lang='grc' dir='ltr'><strong>ι</strong></span> <span class='ocrx_word' id='word_1_641' title='bbox 2362 4019 2673 4095; x_wconf 79' lang='lat' dir='ltr'><strong>necessaria</strong></span> <span class='ocrx_word' id='word_1_642' title='bbox 2708 4019 2842 4095; x_wconf 82' lang='lat' dir='ltr'><strong>mihi</strong></span> <span class='ocrx_word' id='word_1_643' title='bbox 2878 4036 2984 4095; x_wconf 82' lang='lat' dir='ltr'><strong>non</strong></span> <span class='ocrx_word' id='word_1_644' title='bbox 3009 4038 3097 4095; x_wconf 75' lang='lat' dir='ltr'><strong>es,</strong></span> <span class='ocrx_word' id='word_1_645' title='bbox 3126 4041 3160 4095; x_wconf 76' lang='lat' dir='ltr'><strong>_i</strong></span> <span class='ocrx_word' id='word_1_646' title='bbox 3201 4032 3256 4078; x_wconf 90' lang='lat' dir='ltr'><strong>et</strong></span> <span class='ocrx_word' id='word_1_647' title='bbox 3283 4024 3470 4078; x_wconf 89' lang='lat' dir='ltr'><strong>dicens</strong></span> <span class='ocrx_word' id='word_1_648' title='bbox 3500 4023 3748 4095; x_wconf 75' lang='lat' dir='ltr'><strong>praecidat</strong></span> 
     </span>
    </p>
   </div>
   <div class='ocr_carea' id='block_1_78' title="bbox 482 4089 3749 4162">
    <p class='ocr_par' dir='ltr' id='par_1_78' title="bbox 482 4089 3749 4162">
     <span class='ocr_line' id='line_1_78' title="bbox 482 4089 3749 4162; baseline 0 -18"><span class='ocrx_word' id='word_1_649' title='bbox 482 4105 626 4162; x_wconf 85' lang='lat' dir='ltr'><strong>eam,</strong></span> <span class='ocrx_word' id='word_1_650' title='bbox 672 4099 725 4162; x_wconf 83' lang='lat' dir='ltr'><strong>et</strong></span> <span class='ocrx_word' id='word_1_651' title='bbox 767 4090 928 4160; x_wconf 90' lang='lat' dir='ltr'><strong>pellat</strong></span> <span class='ocrx_word' id='word_1_652' title='bbox 960 4106 1104 4162; x_wconf 4' lang='lat' dir='ltr'><strong>eapse.</strong></span> <span class='ocrx_word' id='word_1_653' title='bbox 1141 4089 1232 4144; x_wconf 92' lang='lat' dir='ltr'><strong>Sic</strong></span> <span class='ocrx_word' id='word_1_654' title='bbox 1273 4091 1475 4144; x_wconf 91' lang='lat' dir='ltr'><strong>bonum</strong></span> <span class='ocrx_word' id='word_1_655' title='bbox 1505 4099 1590 4162; x_wconf 85' lang='lat' dir='ltr'><strong>est</strong></span> <span class='ocrx_word' id='word_1_656' title='bbox 1620 4099 1678 4162; x_wconf 90' lang='lat' dir='ltr'><strong>ut</strong></span> <span class='ocrx_word' id='word_1_657' title='bbox 1708 4089 1779 4162; x_wconf 87' lang='lat' dir='ltr'><strong>sit</strong></span> <span class='ocrx_word' id='word_1_658' title='bbox 1811 4099 1864 4145; x_wconf 93' lang='lat' dir='ltr'><strong>et</strong></span> <span class='ocrx_word' id='word_1_659' title='bbox 1901 4101 2063 4160; x_wconf 90' lang='lat' dir='ltr'><strong>caput</strong></span> <span class='ocrx_word' id='word_1_660' title='bbox 2105 4091 2345 4162; x_wconf 87' lang='lat' dir='ltr'><strong>beatum,</strong></span> <span class='ocrx_word' id='word_1_661' title='bbox 2377 4099 2430 4144; x_wconf 93' lang='lat' dir='ltr'><strong>et</strong></span> <span class='ocrx_word' id='word_1_662' title='bbox 2467 4089 2754 4162; x_wconf 21' lang='lat' dir='ltr'><strong>pedes‘tali</strong></span> <span class='ocrx_word' id='word_1_663' title='bbox 2785 4091 2959 4162; x_wconf 85' lang='lat' dir='ltr'><strong>capite</strong></span> <span class='ocrx_word' id='word_1_664' title='bbox 2992 4092 3161 4162; x_wconf 68' lang='lat' dir='ltr'><strong>digni,</strong></span> <span class='ocrx_word' id='word_1_665' title='bbox 3196 4101 3255 4146; x_wconf 89' lang='lat' dir='ltr'><strong>ut</strong></span> <span class='ocrx_word' id='word_1_666' title='bbox 3288 4107 3356 4147; x_wconf 88' lang='lat' dir='ltr'><strong>ne</strong></span> <span class='ocrx_word' id='word_1_667' title='bbox 3389 4089 3561 4162; x_wconf 77' lang='lat' dir='ltr'><strong>possit</strong></span> <span class='ocrx_word' id='word_1_668' title='bbox 3591 4097 3749 4160; x_wconf 87' lang='lat' dir='ltr'><strong>caput</strong></span> 
     </span>
    </p>
   </div>
   <div class='ocr_carea' id='block_1_79' title="bbox 480 4158 3745 4232">
    <p class='ocr_par' dir='ltr' id='par_1_79' title="bbox 480 4158 3745 4232">
     <span class='ocr_line' id='line_1_79' title="bbox 480 4158 3745 4232; baseline -0.001 -18"><span class='ocrx_word' id='word_1_669' title='bbox 480 4159 626 4232; x_wconf 85' lang='lat' dir='ltr'><strong>juste</strong></span> <span class='ocrx_word' id='word_1_670' title='bbox 660 4158 840 4215; x_wconf 71' lang='lat' dir='ltr'><strong>dicere</strong></span> <span class='ocrx_word' id='word_1_671' title='bbox 871 4160 1100 4232; x_wconf 85' lang='lat' dir='ltr'><strong>pedibus</strong></span> <span class='ocrx_word' id='word_1_672' title='bbox 1133 4177 1148 4214; x_wconf 88' lang='lat'><strong>:</strong></span> <span class='ocrx_word' id='word_1_673' title='bbox 1194 4177 1212 4211; x_wconf 74' lang='grc' dir='ltr'><strong>ι</strong></span> <span class='ocrx_word' id='word_1_674' title='bbox 1261 4161 1555 4232; x_wconf 83' lang='lat' dir='ltr'><strong>necessarii</strong></span> <span class='ocrx_word' id='word_1_675' title='bbox 1585 4161 1720 4232; x_wconf 84' lang='lat' dir='ltr'><strong>mihi</strong></span> <span class='ocrx_word' id='word_1_676' title='bbox 1760 4158 2069 4232; x_wconf 43' lang='lat' dir='ltr'><strong>nones—tis.</strong></span> <span class='ocrx_word' id='word_1_677' title='bbox 2113 4179 2131 4212; x_wconf 72' lang='grc' dir='ltr'><strong>ι</strong></span> <span class='ocrx_word' id='word_1_678' title='bbox 2165 4161 2223 4214; x_wconf 88' lang='lat' dir='ltr'><strong>Si</strong></span> <span class='ocrx_word' id='word_1_679' title='bbox 2266 4169 2444 4232; x_wconf 88' lang='lat' dir='ltr'><strong>autem</strong></span> <span class='ocrx_word' id='word_1_680' title='bbox 2485 4158 2682 4232; x_wconf 81' lang='lat' dir='ltr'><strong>aliquis</strong></span> <span class='ocrx_word' id='word_1_681' title='bbox 2724 4158 2886 4213; x_wconf 74' lang='lat' dir='ltr'><strong>fuerit</strong></span> <span class='ocrx_word' id='word_1_682' title='bbox 2918 4160 2972 4214; x_wconf 90' lang='lat' dir='ltr'><strong>in</strong></span> <span class='ocrx_word' id='word_1_683' title='bbox 3021 4158 3260 4217; x_wconf 76' lang='lat' dir='ltr'><strong>Ecclesia</strong></span> <span class='ocrx_word' id='word_1_684' title='bbox 3303 4158 3407 4232; x_wconf 60' lang='lat' dir='ltr'><strong>pes&#39;</strong></span> <span class='ocrx_word' id='word_1_685' title='bbox 3433 4158 3745 4217; x_wconf 82' lang='lat' dir='ltr'><strong>scandalum</strong></span> 
     </span>
    </p>
   </div>
   <div class='ocr_carea' id='block_1_80' title="bbox 488 4227 3747 4300">
    <p class='ocr_par' dir='ltr' id='par_1_80' title="bbox 488 4227 3747 4300">
     <span class='ocr_line' id='line_1_80' title="bbox 488 4227 3747 4300; baseline -0.001 -17"><span class='ocrx_word' id='word_1_686' title='bbox 488 4227 932 4300; x_wconf 71' lang='lat' dir='ltr'><strong>facienscorpori</strong></span> <span class='ocrx_word' id='word_1_687' title='bbox 957 4231 1233 4292; x_wconf 90' lang='lat' dir='ltr'><strong>universo,</strong></span> <span class='ocrx_word' id='word_1_688' title='bbox 1255 4230 1906 4300; x_wconf 85' lang='lat' dir='ltr'><strong>dicatcaputhujnsmodi</strong></span> <span class='ocrx_word' id='word_1_689' title='bbox 1926 4230 2048 4299; x_wconf 89' lang='lat' dir='ltr'><strong>pedi</strong></span> <span class='ocrx_word' id='word_1_690' title='bbox 2077 4249 2090 4285; x_wconf 90' lang='lat'><strong>:</strong></span> <span class='ocrx_word' id='word_1_691' title='bbox 2118 4249 2136 4281; x_wconf 87' lang='grc'><strong><em>‹</em></strong></span> <span class='ocrx_word' id='word_1_692' title='bbox 2162 4229 2503 4284; x_wconf 88' lang='lat' dir='ltr'><strong>necessarius</strong></span> <span class='ocrx_word' id='word_1_693' title='bbox 2528 4227 2660 4300; x_wconf 84' lang='lat' dir='ltr'><strong>mihi</strong></span> <span class='ocrx_word' id='word_1_694' title='bbox 2695 4245 2802 4283; x_wconf 88' lang='lat' dir='ltr'><strong>non</strong></span> <span class='ocrx_word' id='word_1_695' title='bbox 2836 4244 2915 4300; x_wconf 85' lang='lat' dir='ltr'><strong>es,</strong></span> <span class='ocrx_word' id='word_1_696' title='bbox 2943 4247 2962 4281; x_wconf 76' lang='grc' dir='ltr'><strong>ι</strong></span> <span class='ocrx_word' id='word_1_697' title='bbox 2985 4240 3038 4284; x_wconf 91' lang='lat' dir='ltr'><strong>et</strong></span> <span class='ocrx_word' id='word_1_698' title='bbox 3060 4227 3354 4300; x_wconf 61' lang='lat' dir='ltr'><strong>praecidens</strong></span> <span class='ocrx_word' id='word_1_699' title='bbox 3381 4232 3602 4300; x_wconf 88' lang='lat' dir='ltr'><strong>repellat</strong></span> <span class='ocrx_word' id='word_1_700' title='bbox 3623 4243 3747 4283; x_wconf 90' lang='lat' dir='ltr'><strong>eum</strong></span> 
     </span>
    </p>
   </div>
   <div class='ocr_carea' id='block_1_81' title="bbox 481 4297 3746 4369">
    <p class='ocr_par' dir='ltr' id='par_1_81' title="bbox 481 4297 3746 4369">
     <span class='ocr_line' id='line_1_81' title="bbox 481 4297 3746 4369; baseline -0.001 -16"><span class='ocrx_word' id='word_1_701' title='bbox 481 4315 521 4369; x_wconf 58' lang='grc' dir='ltr'><strong>ει</strong></span> <span class='ocrx_word' id='word_1_702' title='bbox 550 4313 628 4353; x_wconf 91' lang='lat' dir='ltr'><strong>se.</strong></span> <span class='ocrx_word' id='word_1_703' title='bbox 663 4297 851 4354; x_wconf 80' lang='lat' dir='ltr'><strong>Melius</strong></span> <span class='ocrx_word' id='word_1_704' title='bbox 877 4307 957 4354; x_wconf 89' lang='lat' dir='ltr'><strong>est</strong></span> <span class='ocrx_word' id='word_1_705' title='bbox 981 4303 1129 4354; x_wconf 88' lang='lat' dir='ltr'><strong>enim</strong></span> <span class='ocrx_word' id='word_1_706' title='bbox 1163 4309 1221 4352; x_wconf 93' lang='lat' dir='ltr'><strong>ut</strong></span> <span class='ocrx_word' id='word_1_707' title='bbox 1253 4297 1530 4369; x_wconf 82' lang='lat' dir='ltr'><strong>residuum</strong></span> <span class='ocrx_word' id='word_1_708' title='bbox 1560 4297 1760 4369; x_wconf 82' lang='lat' dir='ltr'><strong>corpus</strong></span> <span class='ocrx_word' id='word_1_709' title='bbox 1791 4297 1955 4353; x_wconf 81' lang='lat' dir='ltr'><strong>intret</strong></span> <span class='ocrx_word' id='word_1_710' title='bbox 1982 4301 2034 4353; x_wconf 93' lang='lat' dir='ltr'><strong>in</strong></span> <span class='ocrx_word' id='word_1_711' title='bbox 2069 4301 2238 4354; x_wconf 86' lang='lat' dir='ltr'><strong>vitam</strong></span> <span class='ocrx_word' id='word_1_712' title='bbox 2269 4299 2385 4354; x_wconf 91' lang='lat' dir='ltr'><strong>sine</strong></span> <span class='ocrx_word' id='word_1_713' title='bbox 2411 4299 2658 4369; x_wconf 86' lang='lat' dir='ltr'><strong>membro</strong></span> <span class='ocrx_word' id='word_1_714' title='bbox 2694 4297 3115 4369; x_wconf 79' lang='lat' dir='ltr'><strong>scandalizantc,</strong></span> <span class='ocrx_word' id='word_1_715' title='bbox 3149 4317 3309 4369; x_wconf 89' lang='lat' dir='ltr'><strong>quam</strong></span> <span class='ocrx_word' id='word_1_716' title='bbox 3341 4297 3746 4369; x_wconf 83' lang='lat' dir='ltr'><strong>totumcorpus</strong></span> 
     </span>
    </p>
   </div>
   <div class='ocr_carea' id='block_1_82' title="bbox 486 4366 3745 4439">
    <p class='ocr_par' dir='ltr' id='par_1_82' title="bbox 486 4366 3745 4439">
     <span class='ocr_line' id='line_1_82' title="bbox 486 4366 3745 4439; baseline -0.002 -15"><span class='ocrx_word' id='word_1_717' title='bbox 486 4368 760 4439; x_wconf 72' lang='lat' dir='ltr'><strong>Ecclesiae,</strong></span> <span class='ocrx_word' id='word_1_718' title='bbox 801 4369 994 4439; x_wconf 76' lang='lat' dir='ltr'><strong>morbo</strong></span> <span class='ocrx_word' id='word_1_719' title='bbox 1038 4368 1279 4424; x_wconf 87' lang='lat' dir='ltr'><strong>scandali</strong></span> <span class='ocrx_word' id='word_1_720' title='bbox 1316 4384 1412 4438; x_wconf 83' lang='lat' dir='ltr'><strong>per</strong></span> <span class='ocrx_word' id='word_1_721' title='bbox 1445 4384 1636 4423; x_wconf 89' lang='lat' dir='ltr'><strong>omnes</strong></span> <span class='ocrx_word' id='word_1_722' title='bbox 1659 4366 1939 4432; x_wconf 78' lang='lat' dir='ltr'><strong>currente,</strong></span> <span class='ocrx_word' id='word_1_723' title='bbox 1985 4369 2232 4424; x_wconf 86' lang='lat' dir='ltr'><strong>mittatur</strong></span> <span class='ocrx_word' id='word_1_724' title='bbox 2268 4369 2324 4439; x_wconf 88' lang='lat' dir='ltr'><strong>in</strong></span> <span class='ocrx_word' id='word_1_725' title='bbox 2352 4368 2675 4439; x_wconf 83' lang='lat' dir='ltr'><strong>gehennam.</strong></span> <span class='ocrx_word' id='word_1_726' title='bbox 2706 4368 2796 4423; x_wconf 89' lang='lat' dir='ltr'><strong>Sic</strong></span> <span class='ocrx_word' id='word_1_727' title='bbox 2825 4368 3026 4439; x_wconf 83' lang='lat' dir='ltr'><strong>bonum</strong></span> <span class='ocrx_word' id='word_1_728' title='bbox 3057 4366 3270 4439; x_wconf 88' lang='lat' dir='ltr'><strong>quidem</strong></span> <span class='ocrx_word' id='word_1_729' title='bbox 3300 4379 3414 4424; x_wconf 88' lang='lat' dir='ltr'><strong>erat</strong></span> <span class='ocrx_word' id='word_1_730' title='bbox 3443 4377 3502 4422; x_wconf 90' lang='lat' dir='ltr'><strong>ut</strong></span> <span class='ocrx_word' id='word_1_731' title='bbox 3528 4368 3617 4421; x_wconf 89' lang='lat' dir='ltr'><strong>ille</strong></span> <span class='ocrx_word' id='word_1_732' title='bbox 3643 4366 3745 4439; x_wconf 69' lang='lat' dir='ltr'><strong>qui</strong></span> 
     </span>
    </p>
   </div>
   <div class='ocr_carea' id='block_1_83' title="bbox 482 4435 3745 4508">
    <p class='ocr_par' dir='ltr' id='par_1_83' title="bbox 482 4435 3745 4508">
     <span class='ocr_line' id='line_1_83' title="bbox 482 4435 3745 4508; baseline -0.001 -15"><span class='ocrx_word' id='word_1_733' title='bbox 482 4438 661 4494; x_wconf 76' lang='lat' dir='ltr'><strong>factus</strong></span> <span class='ocrx_word' id='word_1_734' title='bbox 686 4447 770 4494; x_wconf 91' lang='lat' dir='ltr'><strong>est</strong></span> <span class='ocrx_word' id='word_1_735' title='bbox 811 4438 1025 4508; x_wconf 89' lang='lat' dir='ltr'><strong>oculus,</strong></span> <span class='ocrx_word' id='word_1_736' title='bbox 1057 4440 1252 4508; x_wconf 82' lang='lat' dir='ltr'><strong>dignus</strong></span> <span class='ocrx_word' id='word_1_737' title='bbox 1288 4435 1432 4493; x_wconf 71' lang='lat' dir='ltr'><strong>esset</strong></span> <span class='ocrx_word' id='word_1_738' title='bbox 1465 4441 1639 4507; x_wconf 85' lang='lat' dir='ltr'><strong>capite</strong></span> <span class='ocrx_word' id='word_1_739' title='bbox 1665 4439 1905 4504; x_wconf 84' lang='lat' dir='ltr'><strong>Christo,</strong></span> <span class='ocrx_word' id='word_1_740' title='bbox 1942 4449 1996 4492; x_wconf 92' lang='lat' dir='ltr'><strong>et</strong></span> <span class='ocrx_word' id='word_1_741' title='bbox 2043 4447 2158 4494; x_wconf 91' lang='lat' dir='ltr'><strong>toto</strong></span> <span class='ocrx_word' id='word_1_742' title='bbox 2204 4435 2578 4493; x_wconf 79' lang='lat' dir='ltr'><strong>ecclesiastico</strong></span> <span class='ocrx_word' id='word_1_743' title='bbox 2609 4452 2856 4508; x_wconf 88' lang='lat' dir='ltr'><strong>corpore.</strong></span> <span class='ocrx_word' id='word_1_744' title='bbox 2909 4437 2966 4493; x_wconf 92' lang='lat' dir='ltr'><strong>Si</strong></span> <span class='ocrx_word' id='word_1_745' title='bbox 3001 4435 3180 4494; x_wconf 82' lang='lat' dir='ltr'><strong>autem</strong></span> <span class='ocrx_word' id='word_1_746' title='bbox 3223 4454 3514 4494; x_wconf 89' lang='lat' dir='ltr'><strong>conversus</strong></span> <span class='ocrx_word' id='word_1_747' title='bbox 3550 4435 3745 4508; x_wconf 86' lang='lat' dir='ltr'><strong>oculus</strong></span> 
     </span>
    </p>
   </div>
   <div class='ocr_carea' id='block_1_84' title="bbox 484 4506 3743 4578">
    <p class='ocr_par' dir='ltr' id='par_1_84' title="bbox 484 4506 3743 4578">
     <span class='ocr_line' id='line_1_84' title="bbox 484 4506 3743 4578; baseline -0.001 -16"><span class='ocrx_word' id='word_1_748' title='bbox 484 4509 576 4563; x_wconf 91' lang='lat' dir='ltr'><strong>ille</strong></span> <span class='ocrx_word' id='word_1_749' title='bbox 605 4509 777 4564; x_wconf 82' lang='lat' dir='ltr'><strong>factus</strong></span> <span class='ocrx_word' id='word_1_750' title='bbox 810 4507 974 4562; x_wconf 81' lang='lat' dir='ltr'><strong>fuerit</strong></span> <span class='ocrx_word' id='word_1_751' title='bbox 999 4506 1558 4578; x_wconf 74' lang='lat' dir='ltr'><strong>scandalumcorpori</strong></span> <span class='ocrx_word' id='word_1_752' title='bbox 1602 4509 1878 4570; x_wconf 88' lang='lat' dir='ltr'><strong>universo,</strong></span> <span class='ocrx_word' id='word_1_753' title='bbox 1907 4508 2158 4577; x_wconf 87' lang='lat' dir='ltr'><strong>ejiciatur</strong></span> <span class='ocrx_word' id='word_1_754' title='bbox 2200 4506 2843 4578; x_wconf 78' lang='lat' dir='ltr'><strong>oculusscandalizans,</strong></span> <span class='ocrx_word' id='word_1_755' title='bbox 2863 4519 2917 4562; x_wconf 91' lang='lat' dir='ltr'><strong>et</strong></span> <span class='ocrx_word' id='word_1_756' title='bbox 2950 4517 3102 4562; x_wconf 82' lang='lat' dir='ltr'><strong>extra</strong></span> <span class='ocrx_word' id='word_1_757' title='bbox 3137 4524 3293 4563; x_wconf 90' lang='lat' dir='ltr'><strong>omne</strong></span> <span class='ocrx_word' id='word_1_758' title='bbox 3332 4523 3533 4578; x_wconf 88' lang='lat' dir='ltr'><strong>corpus</strong></span> <span class='ocrx_word' id='word_1_759' title='bbox 3558 4506 3743 4576; x_wconf 76' lang='lat' dir='ltr'><strong>expel-</strong></span> 
     </span>
    </p>
   </div>
   <div class='ocr_carea' id='block_1_85' title="bbox 483 4577 3744 4647">
    <p class='ocr_par' dir='ltr' id='par_1_85' title="bbox 483 4577 3744 4647">
     <span class='ocr_line' id='line_1_85' title="bbox 483 4577 3744 4647; baseline -0 -15"><span class='ocrx_word' id='word_1_760' title='bbox 483 4578 646 4643; x_wconf 86' lang='lat' dir='ltr'><strong>latur,</strong></span> <span class='ocrx_word' id='word_1_761' title='bbox 679 4591 734 4632; x_wconf 87' lang='lat' dir='ltr'><strong>nt</strong></span> <span class='ocrx_word' id='word_1_762' title='bbox 762 4579 879 4633; x_wconf 90' lang='lat' dir='ltr'><strong>sine</strong></span> <span class='ocrx_word' id='word_1_763' title='bbox 910 4577 1001 4632; x_wconf 91' lang='lat' dir='ltr'><strong>illo</strong></span> <span class='ocrx_word' id='word_1_764' title='bbox 1035 4577 1196 4631; x_wconf 92' lang='lat' dir='ltr'><strong>oculo</strong></span> <span class='ocrx_word' id='word_1_765' title='bbox 1229 4577 1508 4632; x_wconf 88' lang='lat' dir='ltr'><strong>residuum</strong></span> <span class='ocrx_word' id='word_1_766' title='bbox 1541 4592 1741 4646; x_wconf 88' lang='lat' dir='ltr'><strong>corpus</strong></span> <span class='ocrx_word' id='word_1_767' title='bbox 1768 4579 2027 4644; x_wconf 84' lang='lat' dir='ltr'><strong>salvetur,</strong></span> <span class='ocrx_word' id='word_1_768' title='bbox 2058 4593 2224 4647; x_wconf 78' lang='lat' dir='ltr'><strong>quam</strong></span> <span class='ocrx_word' id='word_1_769' title='bbox 2255 4577 2502 4647; x_wconf 83' lang='lat' dir='ltr'><strong>cumillo</strong></span> <span class='ocrx_word' id='word_1_770' title='bbox 2534 4577 2696 4630; x_wconf 93' lang='lat' dir='ltr'><strong>oculo</strong></span> <span class='ocrx_word' id='word_1_771' title='bbox 2725 4577 3006 4647; x_wconf 78' lang='lat' dir='ltr'><strong>debilitato</strong></span> <span class='ocrx_word' id='word_1_772' title='bbox 3038 4585 3207 4632; x_wconf 87' lang='lat' dir='ltr'><strong>totam</strong></span> <span class='ocrx_word' id='word_1_773' title='bbox 3243 4578 3536 4634; x_wconf 82' lang='lat' dir='ltr'><strong>Ecclesiam</strong></span> <span class='ocrx_word' id='word_1_774' title='bbox 3573 4580 3744 4631; x_wconf 83' lang='lat' dir='ltr'><strong>mittat</strong></span> 
     </span>
    </p>
   </div>
   <div class='ocr_carea' id='block_1_86' title="bbox 483 4645 3742 4717">
    <p class='ocr_par' dir='ltr' id='par_1_86' title="bbox 483 4645 3742 4717">
     <span class='ocr_line' id='line_1_86' title="bbox 483 4645 3742 4717; baseline 0 -16"><span class='ocrx_word' id='word_1_775' title='bbox 483 4648 540 4702; x_wconf 91' lang='lat' dir='ltr'><strong>in</strong></span> <span class='ocrx_word' id='word_1_776' title='bbox 571 4651 896 4716; x_wconf 84' lang='lat' dir='ltr'><strong>gehennam,</strong></span> <span class='ocrx_word' id='word_1_777' title='bbox 921 4647 1316 4717; x_wconf 78' lang='lat' dir='ltr'><strong>intenebratam</strong></span> <span class='ocrx_word' id='word_1_778' title='bbox 1343 4647 1590 4717; x_wconf 86' lang='lat' dir='ltr'><strong>videlicet</strong></span> <span class='ocrx_word' id='word_1_779' title='bbox 1623 4645 1718 4716; x_wconf 85' lang='lat' dir='ltr'><strong>per</strong></span> <span class='ocrx_word' id='word_1_780' title='bbox 1753 4648 1968 4701; x_wconf 89' lang='lat' dir='ltr'><strong>oculum</strong></span> <span class='ocrx_word' id='word_1_781' title='bbox 2007 4645 2232 4702; x_wconf 81' lang='lat' dir='ltr'><strong>malum.</strong></span> <span class='ocrx_word' id='word_1_782' title='bbox 2272 4646 2548 4702; x_wconf 85' lang='lat' dir='ltr'><strong>Christum</strong></span> <span class='ocrx_word' id='word_1_783' title='bbox 2595 4655 2774 4717; x_wconf 71' lang='lat' dir='ltr'><strong>auiem</strong></span> <span class='ocrx_word' id='word_1_784' title='bbox 2804 4645 3058 4702; x_wconf 70' lang='lat' dir='ltr'><strong>Ecclesiae</strong></span> <span class='ocrx_word' id='word_1_785' title='bbox 3082 4658 3247 4717; x_wconf 87' lang='lat' dir='ltr'><strong>caput</strong></span> <span class='ocrx_word' id='word_1_786' title='bbox 3287 4663 3428 4714; x_wconf 90' lang='lat' dir='ltr'><strong>esse,</strong></span> <span class='ocrx_word' id='word_1_787' title='bbox 3478 4663 3586 4702; x_wconf 92' lang='lat' dir='ltr'><strong>non</strong></span> <span class='ocrx_word' id='word_1_788' title='bbox 3626 4660 3742 4715; x_wconf 81' lang='lat' dir='ltr'><strong>ego.</strong></span> 
     </span>
    </p>
   </div>
   <div class='ocr_carea' id='block_1_87' title="bbox 481 4714 3742 4787">
    <p class='ocr_par' dir='ltr' id='par_1_87' title="bbox 481 4714 3742 4787">
     <span class='ocr_line' id='line_1_87' title="bbox 481 4714 3742 4787; baseline -0 -15"><span class='ocrx_word' id='word_1_789' title='bbox 481 4714 908 4787; x_wconf 51' lang='lat' dir='ltr'><strong>sed&#39;Apostolus</strong></span> <span class='ocrx_word' id='word_1_790' title='bbox 936 4718 1217 4772; x_wconf 75' lang='lat' dir='ltr'><strong>intellexit.</strong></span> <span class='ocrx_word' id='word_1_791' title='bbox 1252 4715 1574 4771; x_wconf 89' lang='lat' dir='ltr'><strong>Sacerdotes</strong></span> <span class='ocrx_word' id='word_1_792' title='bbox 1605 4714 1786 4770; x_wconf 77' lang='lat' dir='ltr'><strong>autem</strong></span> <span class='ocrx_word' id='word_1_793' title='bbox 1821 4718 2216 4771; x_wconf 90' lang='lat' dir='ltr'><strong>rationabiliter</strong></span> <span class='ocrx_word' id='word_1_794' title='bbox 2246 4725 2475 4786; x_wconf 90' lang='lat' dir='ltr'><strong>possunt</strong></span> <span class='ocrx_word' id='word_1_795' title='bbox 2497 4717 2603 4770; x_wconf 89' lang='lat' dir='ltr'><strong>dici</strong></span> <span class='ocrx_word' id='word_1_796' title='bbox 2647 4714 2906 4770; x_wconf 73' lang='lat' dir='ltr'><strong>Ecclesia:</strong></span> <span class='ocrx_word' id='word_1_797' title='bbox 2939 4714 3166 4782; x_wconf 57' lang='lat' dir='ltr'><strong>oculus;</strong></span> <span class='ocrx_word' id='word_1_798' title='bbox 3187 4719 3447 4786; x_wconf 91' lang='lat' dir='ltr'><strong>quoniam</strong></span> <span class='ocrx_word' id='word_1_799' title='bbox 3474 4727 3527 4772; x_wconf 93' lang='lat' dir='ltr'><strong>et</strong></span> <span class='ocrx_word' id='word_1_800' title='bbox 3552 4714 3742 4785; x_wconf 75' lang='lat' dir='ltr'><strong>specu-</strong></span> 
     </span>
    </p>
   </div>
   <div class='ocr_carea' id='block_1_88' title="bbox 484 4787 3740 4856">
    <p class='ocr_par' dir='ltr' id='par_1_88' title="bbox 484 4787 3740 4856">
     <span class='ocr_line' id='line_1_88' title="bbox 484 4787 3740 4856; baseline -0.001 -16"><span class='ocrx_word' id='word_1_801' title='bbox 484 4787 686 4841; x_wconf 85' lang='lat' dir='ltr'><strong>latores</strong></span> <span class='ocrx_word' id='word_1_802' title='bbox 727 4789 996 4843; x_wconf 86' lang='lat' dir='ltr'><strong>habentur</strong></span> <span class='ocrx_word' id='word_1_803' title='bbox 1029 4806 1042 4842; x_wconf 88' lang='lat'><strong>:</strong></span> <span class='ocrx_word' id='word_1_804' title='bbox 1075 4788 1289 4841; x_wconf 83' lang='lat' dir='ltr'><strong>diaconi</strong></span> <span class='ocrx_word' id='word_1_805' title='bbox 1323 4795 1504 4840; x_wconf 90' lang='lat' dir='ltr'><strong>autem</strong></span> <span class='ocrx_word' id='word_1_806' title='bbox 1543 4788 1833 4856; x_wconf 19' lang='lat' dir='ltr'><strong>caeteitjique</strong></span> <span class='ocrx_word' id='word_1_807' title='bbox 1860 4787 2095 4841; x_wconf 86' lang='lat' dir='ltr'><strong>ministri</strong></span> <span class='ocrx_word' id='word_1_808' title='bbox 2138 4787 2649 4856; x_wconf 17' lang='lat' dir='ltr'><strong>manus,iquoniam</strong></span> <span class='ocrx_word' id='word_1_809' title='bbox 2703 4800 2796 4852; x_wconf 83' lang='lat' dir='ltr'><strong>per</strong></span> <span class='ocrx_word' id='word_1_810' title='bbox 2845 4801 2940 4840; x_wconf 90' lang='lat' dir='ltr'><strong>eos</strong></span> <span class='ocrx_word' id='word_1_811' title='bbox 2984 4801 3146 4854; x_wconf 87' lang='lat' dir='ltr'><strong>opera</strong></span> <span class='ocrx_word' id='word_1_812' title='bbox 3191 4788 3457 4856; x_wconf 77' lang='lat' dir='ltr'><strong>Spiritalia</strong></span> <span class='ocrx_word' id='word_1_813' title='bbox 3492 4789 3740 4856; x_wconf 72' lang='lat' dir='ltr'><strong>universa</strong></span> 
     </span>
    </p>
   </div>
   <div class='ocr_carea' id='block_1_89' title="bbox 485 4853 3745 4978">
    <p class='ocr_par' dir='ltr' id='par_1_89' title="bbox 485 4853 3745 4978">
     <span class='ocr_line' id='line_1_89' title="bbox 485 4853 3745 4978; baseline -0 -70"><span class='ocrx_word' id='word_1_814' title='bbox 485 4865 746 4977; x_wconf 58' lang='lat' dir='ltr'><strong>gerufntur</strong></span> <span class='ocrx_word' id='word_1_815' title='bbox 773 4859 1080 4978; x_wconf 50' lang='lat' dir='ltr'><strong>:tpfopttlum</strong></span> <span class='ocrx_word' id='word_1_816' title='bbox 1115 4865 1297 4912; x_wconf 87' lang='lat' dir='ltr'><strong>autem</strong></span> <span class='ocrx_word' id='word_1_817' title='bbox 1321 4871 1443 4912; x_wconf 87' lang='lat' dir='ltr'><strong>esse</strong></span> <span class='ocrx_word' id='word_1_818' title='bbox 1471 4856 1635 4927; x_wconf 89' lang='lat' dir='ltr'><strong>pedes</strong></span> <span class='ocrx_word' id='word_1_819' title='bbox 1664 4853 1921 4911; x_wconf 73' lang='lat' dir='ltr'><strong>Ecclesiae</strong></span> <span class='ocrx_word' id='word_1_820' title='bbox 1957 4873 1971 4909; x_wconf 88' lang='lat'><strong>:</strong></span> <span class='ocrx_word' id='word_1_821' title='bbox 2001 4857 2200 4926; x_wconf 87' lang='lat' dir='ltr'><strong>quibus</strong></span> <span class='ocrx_word' id='word_1_822' title='bbox 2235 4854 2489 4912; x_wconf 89' lang='lat' dir='ltr'><strong>omnibus</strong></span> <span class='ocrx_word' id='word_1_823' title='bbox 2512 4868 2734 4923; x_wconf 88' lang='lat' dir='ltr'><strong>parcere</strong></span> <span class='ocrx_word' id='word_1_824' title='bbox 2753 4869 2862 4910; x_wconf 93' lang='lat' dir='ltr'><strong>non</strong></span> <span class='ocrx_word' id='word_1_825' title='bbox 2887 4853 3116 4924; x_wconf 84' lang='lat' dir='ltr'><strong>oportet,</strong></span> <span class='ocrx_word' id='word_1_826' title='bbox 3147 4857 3195 4912; x_wconf 93' lang='lat' dir='ltr'><strong>si</strong></span> <span class='ocrx_word' id='word_1_827' title='bbox 3223 4853 3542 4913; x_wconf 84' lang='lat' dir='ltr'><strong>scandalum</strong></span> <span class='ocrx_word' id='word_1_828' title='bbox 3568 4853 3745 4909; x_wconf 83' lang='lat' dir='ltr'><strong>Eccle-</strong></span> 
     </span>
     <span class='ocr_line' id='line_1_90' title="bbox 485 4937 993 4978; baseline 0 0"><span class='ocrx_word' id='word_1_829' title='bbox 485 4939 582 4978; x_wconf 60' lang='lat' dir='ltr'><strong>SIEB</strong></span> <span class='ocrx_word' id='word_1_830' title='bbox 637 4940 787 4978; x_wconf 83' lang='lat' dir='ltr'><strong>uertn</strong></span> <span class='ocrx_word' id='word_1_831' title='bbox 867 4937 993 4978; x_wconf 81' lang='lat' dir='ltr'><strong>acti.</strong></span> 
     </span>
    </p>
   </div>
   <div class='ocr_carea' id='block_1_90' title="bbox 484 4929 993 4981">
    <p class='ocr_par' dir='ltr' id='par_1_90' title="bbox 484 4929 993 4981">
     <span class='ocr_line' id='line_1_91' title="bbox 484 4929 993 4981; baseline 0 -1"><span class='ocrx_word' id='word_1_832' title='bbox 484 4929 582 4981; x_wconf 64' lang='lat' dir='ltr'><strong>sia:</strong></span> <span class='ocrx_word' id='word_1_833' title='bbox 614 4929 814 4978; x_wconf 78' lang='lat' dir='ltr'><strong>fuerint</strong></span> <span class='ocrx_word' id='word_1_834' title='bbox 845 4929 993 4980; x_wconf 79' lang='lat' dir='ltr'><strong>lacti.</strong></span> 
     </span>
    </p>
   </div>
   <div class='ocr_carea' id='block_1_91' title="bbox 555 4992 3744 5067">
    <p class='ocr_par' dir='ltr' id='par_1_91' title="bbox 555 4992 3744 5067">
     <span class='ocr_line' id='line_1_92' title="bbox 555 4992 3744 5067; baseline -0.001 -20"><span class='ocrx_word' id='word_1_835' title='bbox 555 4994 647 5067; x_wconf 67' lang='lat'><strong>25.</strong></span> <span class='ocrx_word' id='word_1_836' title='bbox 690 4992 988 5067; x_wconf 87' lang='lat' dir='ltr'><strong>Possumus</strong></span> <span class='ocrx_word' id='word_1_837' title='bbox 1016 5006 1196 5050; x_wconf 89' lang='lat' dir='ltr'><strong>autem</strong></span> <span class='ocrx_word' id='word_1_838' title='bbox 1243 4995 1349 5051; x_wconf 87' lang='lat' dir='ltr'><strong>hoc</strong></span> <span class='ocrx_word' id='word_1_839' title='bbox 1382 5003 1530 5050; x_wconf 77' lang='lat' dir='ltr'><strong>textu</strong></span> <span class='ocrx_word' id='word_1_840' title='bbox 1565 4995 1643 5067; x_wconf 89' lang='lat' dir='ltr'><strong>uti</strong></span> <span class='ocrx_word' id='word_1_841' title='bbox 1673 4997 1837 5051; x_wconf 89' lang='lat' dir='ltr'><strong>etiam</strong></span> <span class='ocrx_word' id='word_1_842' title='bbox 1876 4994 1942 5051; x_wconf 89' lang='lat' dir='ltr'><strong>de</strong></span> <span class='ocrx_word' id='word_1_843' title='bbox 1967 4993 2285 5067; x_wconf 82' lang='lat' dir='ltr'><strong>domesticis</strong></span> <span class='ocrx_word' id='word_1_844' title='bbox 2311 4993 2535 5067; x_wconf 77' lang='lat' dir='ltr'><strong>nostris,</strong></span> <span class='ocrx_word' id='word_1_845' title='bbox 2579 5003 2632 5067; x_wconf 83' lang='lat' dir='ltr'><strong>et</strong></span> <span class='ocrx_word' id='word_1_846' title='bbox 2675 4993 2843 5067; x_wconf 70' lang='lat' dir='ltr'><strong>quasi</strong></span> <span class='ocrx_word' id='word_1_847' title='bbox 2865 4995 3123 5050; x_wconf 88' lang='lat' dir='ltr'><strong>membris</strong></span> <span class='ocrx_word' id='word_1_848' title='bbox 3163 4996 3240 5052; x_wconf 87' lang='lat' dir='ltr'><strong>ita</strong></span> <span class='ocrx_word' id='word_1_849' title='bbox 3270 4997 3429 5052; x_wconf 91' lang='lat' dir='ltr'><strong>nobis</strong></span> <span class='ocrx_word' id='word_1_850' title='bbox 3459 4994 3744 5067; x_wconf 85' lang='lat' dir='ltr'><strong>dilectione</strong></span> 
     </span>
    </p>
   </div>
   <div class='ocr_carea' id='block_1_92' title="bbox 483 5064 3744 5137">
    <p class='ocr_par' dir='ltr' id='par_1_92' title="bbox 483 5064 3744 5137">
     <span class='ocr_line' id='line_1_93' title="bbox 483 5064 3744 5137; baseline -0.001 -17"><span class='ocrx_word' id='word_1_851' title='bbox 483 5064 814 5134; x_wconf 89' lang='lat' dir='ltr'><strong>conjunctis,</strong></span> <span class='ocrx_word' id='word_1_852' title='bbox 851 5066 963 5118; x_wconf 83' lang='lat' dir='ltr'><strong>sive</strong></span> <span class='ocrx_word' id='word_1_853' title='bbox 1002 5067 1333 5134; x_wconf 89' lang='lat' dir='ltr'><strong>parentibus,</strong></span> <span class='ocrx_word' id='word_1_854' title='bbox 1373 5067 1488 5121; x_wconf 79' lang='lat' dir='ltr'><strong>sive</strong></span> <span class='ocrx_word' id='word_1_855' title='bbox 1537 5066 1731 5121; x_wconf 90' lang='lat' dir='ltr'><strong>amicis</strong></span> <span class='ocrx_word' id='word_1_856' title='bbox 1756 5067 1989 5136; x_wconf 89' lang='lat' dir='ltr'><strong>quadam</strong></span> <span class='ocrx_word' id='word_1_857' title='bbox 2028 5065 2398 5120; x_wconf 82' lang='lat' dir='ltr'><strong>familiaritate</strong></span> <span class='ocrx_word' id='word_1_858' title='bbox 2425 5064 2659 5131; x_wconf 87' lang='lat' dir='ltr'><strong>dilectis,</strong></span> <span class='ocrx_word' id='word_1_859' title='bbox 2693 5064 2893 5134; x_wconf 86' lang='lat' dir='ltr'><strong>quibus</strong></span> <span class='ocrx_word' id='word_1_860' title='bbox 2919 5078 3140 5134; x_wconf 87' lang='lat' dir='ltr'><strong>parcere</strong></span> <span class='ocrx_word' id='word_1_861' title='bbox 3170 5081 3279 5121; x_wconf 91' lang='lat' dir='ltr'><strong>non</strong></span> <span class='ocrx_word' id='word_1_862' title='bbox 3314 5076 3527 5137; x_wconf 86' lang='lat' dir='ltr'><strong>oportet</strong></span> <span class='ocrx_word' id='word_1_863' title='bbox 3554 5065 3744 5119; x_wconf 65' lang='lat' dir='ltr'><strong>animm</strong></span> 
     </span>
    </p>
   </div>
   <div class='ocr_carea' id='block_1_93' title="bbox 560 5201 2076 5290">
    <p class='ocr_par' dir='ltr' id='par_1_93' title="bbox 560 5205 1992 5290">
     <span class='ocr_line' id='line_1_94' title="bbox 560 5205 1992 5290; baseline 0.001 -28"><span class='ocrx_word' id='word_1_864' title='bbox 707 5205 890 5290; x_wconf 61' lang='lat' dir='ltr'><strong>(Sedet</strong></span> <span class='ocrx_word' id='word_1_865' title='bbox 927 5206 1143 5290; x_wconf 79' lang='lat' dir='ltr'><strong>Regius,</strong></span> <span class='ocrx_word' id='word_1_866' title='bbox 1161 5211 1296 5290; x_wconf 53' lang='lat' dir='ltr'><strong>ﬁlo»)</strong></span> <span class='ocrx_word' id='word_1_867' title='bbox 1321 5209 1781 5290; x_wconf 45' lang='grc' dir='ltr'>βεϐλαμμένον-τὸ</span> <span class='ocrx_word' id='word_1_868' title='bbox 1813 5211 1992 5290; x_wconf 39' lang='grc' dir='ltr'>σῶμα,</span> 
     </span>
    </p>
   </div>
   <div class='ocr_carea' id='block_1_94' title="bbox 2177 5201 3744 5290">
    <p class='ocr_par' dir='ltr' id='par_1_94' title="bbox 2177 5201 3744 5290">
     <span class='ocr_line' id='line_1_95' title="bbox 2177 5201 3744 5290; baseline -0.01 -23"><span class='ocrx_word' id='word_1_869' title='bbox 2177 5211 2499 5290; x_wconf 69' lang='grc' dir='ltr'>[ρηματισας</span> <span class='ocrx_word' id='word_1_870' title='bbox 2526 5208 2615 5262; x_wconf 80' lang='grc' dir='ltr'><strong>διά</strong></span> <span class='ocrx_word' id='word_1_871' title='bbox 2635 5210 2697 5263; x_wconf 79' lang='grc' dir='ltr'>τὸ</span> <span class='ocrx_word' id='word_1_872' title='bbox 2725 5209 3050 5290; x_wconf 69' lang='grc' dir='ltr'>πρακτικόν.</span> <span class='ocrx_word' id='word_1_873' title='bbox 3075 5205 3586 5290; x_wconf 35' lang='grc' dir='ltr'>Ιιιειιυθιεὶοιιοςυιη</span> 
     </span>
    </p>
   </div>
   <div class='ocr_carea' id='block_1_95' title="bbox 555 5275 2076 5354">
    <p class='ocr_par' dir='ltr' id='par_1_95' title="bbox 555 5275 2052 5354">
     <span class='ocr_line' id='line_1_96' title="bbox 555 5275 2052 5354; baseline 0.003 -22"><span class='ocrx_word' id='word_1_874' title='bbox 555 5275 667 5354; x_wconf 62' lang='lat' dir='ltr'><strong>(till)</strong></span> <span class='ocrx_word' id='word_1_875' title='bbox 705 5275 1090 5354; x_wconf 46' lang='lat' dir='ltr'><strong>Adramg-‘dp</strong></span> <span class='ocrx_word' id='word_1_876' title='bbox 1113 5279 1180 5333; x_wconf 80' lang='grc' dir='ltr'><strong>τό</strong></span> <span class='ocrx_word' id='word_1_877' title='bbox 1219 5275 1624 5354; x_wconf 61' lang='grc' dir='ltr'>ἀμάρτηζὶθὶῷς</span> <span class='ocrx_word' id='word_1_878' title='bbox 1639 5282 1774 5354; x_wconf 65' lang='grc' dir='ltr'>μέν,</span> <span class='ocrx_word' id='word_1_879' title='bbox 1796 5275 1908 5336; x_wconf 52' lang='lat' dir='ltr'><strong>etc:</strong></span> <span class='ocrx_word' id='word_1_880' title='bbox 1949 5281 2052 5337; x_wconf 85' lang='lat' dir='ltr'><strong>Ve-</strong></span> 
     </span>
    </p>
   </div>
   <div class='ocr_carea' id='block_1_96' title="bbox 2177 5275 3742 5354">
    <p class='ocr_par' dir='ltr' id='par_1_96' title="bbox 2177 5275 3742 5354">
     <span class='ocr_line' id='line_1_97' title="bbox 2177 5275 3742 5354; baseline -0.008 -19"><span class='ocrx_word' id='word_1_881' title='bbox 2177 5275 2497 5354; x_wconf 56' lang='lat' dir='ltr'><strong>ioticinnare</strong></span> <span class='ocrx_word' id='word_1_882' title='bbox 2521 5294 2687 5354; x_wconf 79' lang='lat' dir='ltr'><strong>queas</strong></span> <span class='ocrx_word' id='word_1_883' title='bbox 2725 5300 2738 5335; x_wconf 88' lang='lat'><strong>:</strong></span> <span class='ocrx_word' id='word_1_884' title='bbox 2772 5275 3012 5354; x_wconf 71' lang='grc' dir='ltr'>ᾉύναται</span> <span class='ocrx_word' id='word_1_885' title='bbox 3044 5275 3291 5350; x_wconf 69' lang='grc' dir='ltr'>γὰρ“καὶ</span> <span class='ocrx_word' id='word_1_886' title='bbox 3317 5276 3394 5354; x_wconf 32' lang='grc' dir='ltr'><strong>’τὸ</strong></span> <span class='ocrx_word' id='word_1_887' title='bbox 3442 5275 3742 5354; x_wconf 49' lang='lat' dir='ltr'><strong>{tuapte}:-</strong></span> 
     </span>
    </p>
   </div>
   <div class='ocr_carea' id='block_1_97' title="bbox 481 5343 2076 5422">
    <p class='ocr_par' dir='ltr' id='par_1_97' title="bbox 481 5343 2057 5422">
     <span class='ocr_line' id='line_1_98' title="bbox 481 5343 2057 5422; baseline 0.001 -18"><span class='ocrx_word' id='word_1_888' title='bbox 481 5343 575 5422; x_wconf 68' lang='lat' dir='ltr'><strong>tus</strong></span> <span class='ocrx_word' id='word_1_889' title='bbox 607 5343 829 5420; x_wconf 83' lang='lat' dir='ltr'><strong>interpr.</strong></span> <span class='ocrx_word' id='word_1_890' title='bbox 859 5367 872 5403; x_wconf 89' lang='lat'><strong>:</strong></span> <span class='ocrx_word' id='word_1_891' title='bbox 901 5367 919 5401; x_wconf 69' lang='grc' dir='ltr'><strong>ι</strong></span> <span class='ocrx_word' id='word_1_892' title='bbox 948 5343 1134 5404; x_wconf 72' lang='lat' dir='ltr'><strong>Potest</strong></span> <span class='ocrx_word' id='word_1_893' title='bbox 1154 5343 1415 5422; x_wconf 33' lang='lat' dir='ltr'><strong>tanienfet</strong></span> <span class='ocrx_word' id='word_1_894' title='bbox 1433 5343 1523 5406; x_wconf 58' lang='lat' dir='ltr'><strong>&#39;sic</strong></span> <span class='ocrx_word' id='word_1_895' title='bbox 1548 5343 1794 5422; x_wconf 70' lang='lat' dir='ltr'><strong>intelligi,</strong></span> <span class='ocrx_word' id='word_1_896' title='bbox 1821 5360 1880 5406; x_wconf 94' lang='lat' dir='ltr'><strong>ut</strong></span> <span class='ocrx_word' id='word_1_897' title='bbox 1902 5362 2057 5407; x_wconf 83' lang='lat' dir='ltr'><strong>actus</strong></span> 
     </span>
    </p>
   </div>
   <div class='ocr_carea' id='block_1_98' title="bbox 2177 5343 3740 5422">
    <p class='ocr_par' dir='ltr' id='par_1_98' title="bbox 2177 5343 3740 5422">
     <span class='ocr_line' id='line_1_99' title="bbox 2177 5343 3740 5422; baseline 0.001 -21"><span class='ocrx_word' id='word_1_898' title='bbox 2177 5349 2268 5422; x_wconf 75' lang='grc' dir='ltr'>ιῷς</span> <span class='ocrx_word' id='word_1_899' title='bbox 2300 5350 2438 5422; x_wconf 58' lang='grc' dir='ltr'>μὲν,</span> <span class='ocrx_word' id='word_1_900' title='bbox 2475 5343 2548 5402; x_wconf 49' lang='grc' dir='ltr'><strong>ἴνί</strong></span> <span class='ocrx_word' id='word_1_901' title='bbox 2571 5343 3374 5422; x_wconf 29' lang='grc' dir='ltr'>οὖτωςῌόνομάσωζπρακτικὸν</span> <span class='ocrx_word' id='word_1_902' title='bbox 3403 5343 3527 5422; x_wconf 41' lang='grc' dir='ltr'>,τῆς</span> <span class='ocrx_word' id='word_1_903' title='bbox 3544 5343 3740 5422; x_wconf 67' lang='grc' dir='ltr'><strong>ψυχῆς.</strong></span> 
     </span>
    </p>
   </div>
   <div class='ocr_carea' id='block_1_99' title="bbox 485 5412 2076 5500">
    <p class='ocr_par' dir='ltr' id='par_1_99' title="bbox 485 5412 2068 5500">
     <span class='ocr_line' id='line_1_100' title="bbox 485 5412 2068 5500; baseline 0.001 -27"><span class='ocrx_word' id='word_1_904' title='bbox 485 5419 685 5474; x_wconf 74' lang='lat' dir='ltr'><strong>animae</strong></span> <span class='ocrx_word' id='word_1_905' title='bbox 705 5412 958 5490; x_wconf 76' lang='lat' dir='ltr'><strong>peccans,</strong></span> <span class='ocrx_word' id='word_1_906' title='bbox 985 5434 1183 5500; x_wconf 76' lang='lat' dir='ltr'><strong>manus</strong></span> <span class='ocrx_word' id='word_1_907' title='bbox 1201 5420 1561 5500; x_wconf 68' lang='lat' dir='ltr'><strong>intelligatur,</strong></span> <span class='ocrx_word' id='word_1_908' title='bbox 1584 5430 1639 5474; x_wconf 91' lang='lat' dir='ltr'><strong>et</strong></span> <span class='ocrx_word' id='word_1_909' title='bbox 1667 5412 1921 5500; x_wconf 68' lang='lat' dir='ltr'><strong>incessus</strong></span> <span class='ocrx_word' id='word_1_910' title='bbox 1939 5423 2068 5474; x_wconf 83' lang='lat' dir='ltr'><strong>ani-&#39;</strong></span> 
     </span>
    </p>
   </div>
   <div class='ocr_carea' id='block_1_100' title="bbox 2177 5412 3740 5500">
    <p class='ocr_par' dir='ltr' id='par_1_100' title="bbox 2177 5412 3740 5500">
     <span class='ocr_line' id='line_1_101' title="bbox 2177 5412 3740 5500; baseline -0.006 -29"><span class='ocrx_word' id='word_1_911' title='bbox 2177 5412 2260 5500; x_wconf 50' lang='lat' dir='ltr'><strong>Eat</strong></span> <span class='ocrx_word' id='word_1_912' title='bbox 2301 5412 2368 5473; x_wconf 64' lang='grc' dir='ltr'>τὸ</span> <span class='ocrx_word' id='word_1_913' title='bbox 2408 5412 2806 5490; x_wconf 72' lang='grc' dir='ltr'>άμαρτητικῶς</span> <span class='ocrx_word' id='word_1_914' title='bbox 2861 5412 3182 5491; x_wconf 66' lang='grc' dir='ltr'>πορευτικὸν</span> <span class='ocrx_word' id='word_1_915' title='bbox 3237 5417 3337 5487; x_wconf 82' lang='grc' dir='ltr'>τῆς</span> <span class='ocrx_word' id='word_1_916' title='bbox 3387 5412 3587 5482; x_wconf 78' lang='grc' dir='ltr'>ψυχῆς,</span> <span class='ocrx_word' id='word_1_917' title='bbox 3638 5419 3740 5463; x_wconf 86' lang='lat' dir='ltr'><strong>etc.</strong></span> 
     </span>
    </p>
   </div>
   <div class='ocr_carea' id='block_1_101' title="bbox 487 5488 2076 5680">
    <p class='ocr_par' dir='ltr' id='par_1_101' title="bbox 487 5488 2072 5680">
     <span class='ocr_line' id='line_1_102' title="bbox 487 5488 2070 5636; baseline 0 -26"><span class='ocrx_word' id='word_1_918' title='bbox 487 5495 1283 5636; x_wconf 43' lang='lat' dir='ltr'><strong>essetessent?</strong></span> <span class='ocrx_word' id='word_1_919' title='bbox 1304 5503 1506 5627; x_wconf 60' lang='lat' dir='ltr'><strong>iter.</strong></span> <span class='ocrx_word' id='word_1_920' title='bbox 1513 5488 2070 5628; x_wconf 53' lang='lat' dir='ltr'><strong>sesesese:</strong></span> 
     </span>
     <span class='ocr_line' id='line_1_103' title="bbox 489 5625 2072 5680; baseline 0.001 -2"><span class='ocrx_word' id='word_1_921' title='bbox 489 5643 624 5680; x_wconf 67' lang='grc' dir='ltr'>που(</span> <span class='ocrx_word' id='word_1_922' title='bbox 641 5667 654 5680; x_wconf 91' lang='grc'>.</span> <span class='ocrx_word' id='word_1_923' title='bbox 677 5628 755 5680; x_wconf 81' lang='grc' dir='ltr'><strong>τῶ</strong></span> <span class='ocrx_word' id='word_1_924' title='bbox 776 5626 1083 5680; x_wconf 81' lang='grc' dir='ltr'>ποοευτικῶ</span> <span class='ocrx_word' id='word_1_925' title='bbox 1106 5647 1116 5659; x_wconf 89' lang='grc'>·</span> <span class='ocrx_word' id='word_1_926' title='bbox 1154 5627 1275 5680; x_wconf 67' lang='lat' dir='ltr'><strong>vste</strong></span> <span class='ocrx_word' id='word_1_927' title='bbox 1311 5643 1442 5680; x_wconf 87' lang='lat' dir='ltr'><strong>vero</strong></span> <span class='ocrx_word' id='word_1_928' title='bbox 1466 5627 1602 5680; x_wconf 87' lang='lat' dir='ltr'><strong>nihil</strong></span> <span class='ocrx_word' id='word_1_929' title='bbox 1644 5628 1808 5680; x_wconf 84' lang='lat' dir='ltr'><strong>habet</strong></span> <span class='ocrx_word' id='word_1_930' title='bbox 1834 5627 1899 5680; x_wconf 89' lang='lat' dir='ltr'><strong>ad</strong></span> <span class='ocrx_word' id='word_1_931' title='bbox 1926 5625 2072 5680; x_wconf 78' lang='lat' dir='ltr'><strong>quod</strong></span> 
     </span>
    </p>
   </div>
   <div class='ocr_carea' id='block_1_102' title="bbox 2177 5488 3738 5680">
    <p class='ocr_par' dir='ltr' id='par_1_102' title="bbox 2177 5488 3738 5680">
     <span class='ocr_line' id='line_1_104' title="bbox 2177 5488 3738 5628; baseline -0.017 0"><span class='ocrx_word' id='word_1_932' title='bbox 2177 5488 2784 5628; x_wconf 39' lang='lat' dir='ltr'><strong>nugalius’hmdti‘wysr</strong></span> <span class='ocrx_word' id='word_1_933' title='bbox 2803 5557 2911 5628; x_wconf 71' lang='grc' dir='ltr'><strong>γὰρ</strong></span> <span class='ocrx_word' id='word_1_934' title='bbox 2931 5558 2990 5612; x_wconf 71' lang='grc' dir='ltr'>άο</span> <span class='ocrx_word' id='word_1_935' title='bbox 3017 5558 3029 5576; x_wconf 87' lang='grc'>’</span> <span class='ocrx_word' id='word_1_936' title='bbox 3049 5554 3278 5611; x_wconf 79' lang='grc' dir='ltr'>ἑαυτῶν</span> <span class='ocrx_word' id='word_1_937' title='bbox 3307 5553 3388 5619; x_wconf 83' lang='grc' dir='ltr'><strong>ὡς</strong></span> <span class='ocrx_word' id='word_1_938' title='bbox 3411 5551 3598 5621; x_wconf 81' lang='grc' dir='ltr'>χεῖρα,</span> <span class='ocrx_word' id='word_1_939' title='bbox 3637 5554 3738 5603; x_wconf 84' lang='lat' dir='ltr'><strong>etc.</strong></span> 
     </span>
     <span class='ocr_line' id='line_1_105' title="bbox 2177 5574 3738 5680; baseline -0.006 0"><span class='ocrx_word' id='word_1_940' title='bbox 2177 5625 2498 5680; x_wconf 78' lang='lat' dir='ltr'><strong>l‘heonhilus</strong></span> <span class='ocrx_word' id='word_1_941' title='bbox 2536 5628 2928 5680; x_wconf 82' lang='lat' dir='ltr'><strong>Antioclienus.</strong></span> <span class='ocrx_word' id='word_1_942' title='bbox 2966 5574 3203 5680; x_wconf 43' lang='lat' dir='ltr'><strong>alarius</strong></span> <span class='ocrx_word' id='word_1_943' title='bbox 3238 5626 3288 5678; x_wconf 78' lang='lat' dir='ltr'><strong>in</strong></span> <span class='ocrx_word' id='word_1_944' title='bbox 3329 5625 3518 5676; x_wconf 79' lang='lat' dir='ltr'><strong>Matth.</strong></span> <span class='ocrx_word' id='word_1_945' title='bbox 3558 5637 3610 5680; x_wconf 78' lang='grc' dir='ltr'><strong>ν,</strong></span> <span class='ocrx_word' id='word_1_946' title='bbox 3650 5618 3738 5680; x_wconf 74' lang='grc'>29,</span> 
     </span>
    </p>
   </div>
   <div class='ocr_carea' id='block_1_103' title="bbox 489 5618 3738 5767">
    <p class='ocr_par' dir='ltr' id='par_1_103' title="bbox 489 5618 3738 5767">
     <span class='ocr_line' id='line_1_106' title="bbox 489 5618 3738 5699; baseline -0.002 -22"><span class='ocrx_word' id='word_1_947' title='bbox 489 5625 654 5690; x_wconf 77' lang='grc' dir='ltr'>ποῦς,</span> <span class='ocrx_word' id='word_1_948' title='bbox 677 5628 755 5698; x_wconf 79' lang='grc' dir='ltr'>τῷ</span> <span class='ocrx_word' id='word_1_949' title='bbox 776 5618 1116 5698; x_wconf 73' lang='grc' dir='ltr'>πορευτωὶῷ·</span> <span class='ocrx_word' id='word_1_950' title='bbox 1152 5618 1275 5699; x_wconf 62' lang='lat' dir='ltr'><strong>&#39;1st</strong></span> <span class='ocrx_word' id='word_1_951' title='bbox 1311 5618 1442 5682; x_wconf 77' lang='lat' dir='ltr'><strong>vero</strong></span> <span class='ocrx_word' id='word_1_952' title='bbox 1466 5627 1602 5682; x_wconf 88' lang='lat' dir='ltr'><strong>nihil</strong></span> <span class='ocrx_word' id='word_1_953' title='bbox 1644 5618 1808 5682; x_wconf 73' lang='lat' dir='ltr'><strong>habet</strong></span> <span class='ocrx_word' id='word_1_954' title='bbox 1833 5618 1899 5681; x_wconf 80' lang='lat' dir='ltr'><strong>ad</strong></span> <span class='ocrx_word' id='word_1_955' title='bbox 1926 5618 2072 5696; x_wconf 83' lang='lat' dir='ltr'><strong>quod</strong></span> <span class='ocrx_word' id='word_1_956' title='bbox 2160 5618 2498 5696; x_wconf 79' lang='lat' dir='ltr'><strong>Theophilus</strong></span> <span class='ocrx_word' id='word_1_957' title='bbox 2536 5618 2928 5691; x_wconf 56' lang='lat' dir='ltr'><strong>Aiitioclienu&#39;s,</strong></span> <span class='ocrx_word' id='word_1_958' title='bbox 2966 5618 3203 5681; x_wconf 71' lang='lat' dir='ltr'><strong>[Marius</strong></span> <span class='ocrx_word' id='word_1_959' title='bbox 3238 5626 3288 5678; x_wconf 81' lang='lat' dir='ltr'><strong>in</strong></span> <span class='ocrx_word' id='word_1_960' title='bbox 3329 5618 3518 5676; x_wconf 58' lang='lat' dir='ltr'><strong>Metui.</strong></span> <span class='ocrx_word' id='word_1_961' title='bbox 3558 5637 3610 5683; x_wconf 78' lang='grc' dir='ltr'><strong>ν,</strong></span> <span class='ocrx_word' id='word_1_962' title='bbox 3650 5618 3738 5682; x_wconf 74' lang='lat'><strong>29,</strong></span> 
     </span>
     <span class='ocr_line' id='line_1_107' title="bbox 499 5691 3738 5767; baseline -0.005 -10"><span class='ocrx_word' id='word_1_963' title='bbox 499 5693 686 5749; x_wconf 54' lang='lat' dir='ltr'><strong>referri</strong></span> <span class='ocrx_word' id='word_1_964' title='bbox 712 5698 880 5756; x_wconf 83' lang='lat' dir='ltr'><strong>Dossit</strong></span> <span class='ocrx_word' id='word_1_965' title='bbox 907 5717 918 5751; x_wconf 89' lang='lat'>:</span> <span class='ocrx_word' id='word_1_966' title='bbox 945 5713 1106 5762; x_wconf 84' lang='lat' dir='ltr'><strong>supra</strong></span> <span class='ocrx_word' id='word_1_967' title='bbox 1133 5706 1318 5754; x_wconf 85' lang='lat' dir='ltr'><strong>tamen</strong></span> <span class='ocrx_word' id='word_1_968' title='bbox 1334 5697 1385 5753; x_wconf 88' lang='lat' dir='ltr'><strong>id</strong></span> <span class='ocrx_word' id='word_1_969' title='bbox 1411 5697 1606 5764; x_wconf 78' lang='lat' dir='ltr'><strong>legitur</strong></span> <span class='ocrx_word' id='word_1_970' title='bbox 1631 5714 1642 5750; x_wconf 92' lang='lat'>:</span> <span class='ocrx_word' id='word_1_971' title='bbox 1679 5698 1737 5750; x_wconf 80' lang='lat' dir='ltr'><strong>El</strong></span> <span class='ocrx_word' id='word_1_972' title='bbox 1763 5697 1817 5750; x_wconf 73' lang='grc' dir='ltr'><strong>δέ</strong></span> <span class='ocrx_word' id='word_1_973' title='bbox 1843 5714 1926 5759; x_wconf 81' lang='grc' dir='ltr'><strong>τις</strong></span> <span class='ocrx_word' id='word_1_974' title='bbox 1954 5699 2074 5766; x_wconf 69' lang='grc' dir='ltr'>χεὶρ</span> <span class='ocrx_word' id='word_1_975' title='bbox 2161 5694 2451 5761; x_wconf 85' lang='lat' dir='ltr'><strong>Pacianns,</strong></span> <span class='ocrx_word' id='word_1_976' title='bbox 2473 5699 2630 5767; x_wconf 81' lang='lat' dir='ltr'><strong>epist.</strong></span> <span class='ocrx_word' id='word_1_977' title='bbox 2662 5699 2714 5765; x_wconf 82' lang='lat'><strong>5,</strong></span> <span class='ocrx_word' id='word_1_978' title='bbox 2747 5698 2814 5751; x_wconf 87' lang='lat' dir='ltr'><strong>ad</strong></span> <span class='ocrx_word' id='word_1_979' title='bbox 2840 5697 3210 5767; x_wconf 76' lang='lat' dir='ltr'><strong>ngpronian.</strong></span> <span class='ocrx_word' id='word_1_980' title='bbox 3241 5705 3425 5747; x_wconf 85' lang='lat' dir='ltr'><strong>contra</strong></span> <span class='ocrx_word' id='word_1_981' title='bbox 3458 5691 3738 5746; x_wconf 71' lang='lat' dir='ltr'><strong>Novati/tn.</strong></span> 
     </span>
    </p>
   </div>
  </div>
