4028 6296
534 450 674 503 H63

2025 438 2353 496 ORIGENIS

3678 441 3804 500 1164

535 565 687 632 ipsis,
714 564 805 619 sed
832 579 862 618 a
887 564 1109 619 seminis
1145 562 1354 617 ratione
1388 563 1605 632 pendet,
1631 574 1691 617 ut
1725 560 1904 616 brevis
1929 560 2017 614 ille‘
2042 576 2104 615 ac

2214 556 2341 611 ἀλλὰ
2364 560 2514 630 παρὶι
2536 562 2660 622 τους
2688 558 3097 632 σπερματικοὺς
3131 558 3346 629 λόγους,
3383 562 3413 615 ὀ
3443 561 3549 633 μέν
3582 579 3670 626 τις
3698 563 3804 618 ἐστὶ

535 670 755 723 parvus,
790 668 1018 724 magnus
1054 653 1161 720 hic,
1197 654 1490 710 mediocris
1541 655 1644 710 iste
1677 654 1812 721 ﬁat;
1849 661 1904 708 at
1933 654 2112 723 quoad

533 748 766 811 animos,
802 757 915 800 tum
946 745 1090 815 quod
1120 747 1291 802 nostri
1334 755 1417 802 est
1447 746 1683 811 arbitrii,
1720 757 1833 801 tum
1883 756 1937 802 et
1984 747 2111 801 talia

498 878 504 883 .
535 837 798 902 facinora,
830 838 1074 907 talesque
1105 852 1289 893 mores
1317 854 1539 893 causam
1577 839 1710 894 dant
1739 855 1839 895 cur
1883 854 2113 910 magnus

529 930 751 1000 aliquis,
784 945 1059 999 parvusve
1091 931 1305 995 evadat,
1336 931 1421 985 vel
1448 932 1514 987 ad
1555 932 1787 988 mediam
1838 934 2113 1003 magnitu-

529 1020 711 1075 dinem
747 1020 1019 1091 pertingat
1050 1038 1066 1088 ;
1096 1029 1150 1074 et
1178 1021 1233 1075 in
1270 1029 1457 1076 nostra
1485 1022 1652 1077 situm
1698 1031 1783 1079 est
1821 1033 2110 1093 potestate,

528 1112 613 1166 vel
642 1104 1016 1182 promovendo
1036 1112 1090 1167 in
1123 1112 1522 1183 magnitudine,
1555 1122 1779 1169 statura:
1806 1114 2115 1170 incremen-

531 1216 647 1259 tum
695 1219 887 1273 capere
919 1221 935 1271 ;
969 1203 1051 1258 vel
1084 1219 1191 1258 non
1226 1205 1635 1274 promovendo,
1682 1222 1911 1276 parvum
1965 1221 2109 1262 esse.

532 1295 596 1349 Et
618 1296 697 1351 sic
726 1294 1053 1364 interpretor
1078 1295 1223 1365 quod
1242 1295 1308 1351 de
1334 1294 1623 1351 Scrvatore
1649 1297 1855 1355 dictum
1886 1308 1991 1366 est,
2018 1300 2112 1369 qui

532 1390 824 1442 humanam
858 1402 1078 1457 quoque
1105 1388 1346 1442 animam
1380 1390 1676 1460 assumpsit
1704 1409 1718 1445 :
1751 1410 1767 1440 ι
1798 1389 1957 1447 Jesus
1985 1407 2114 1462 pro-

511 1478 745 1533 .liciebat
771 1478 837 1533 “.
876 1497 895 1529 ι
937 1477 1408 1545 Quemadmodum
1442 1481 1586 1535 enim
1618 1498 1649 1536 e
1678 1482 1840 1538 rebus
1860 1485 1929 1539 ab
1962 1484 2106 1539 arbi-

520 1570 637 1625 trio
667 1570 840 1626 libero
870 1571 1255 1641 pendentibus,
1291 1588 1413 1641 quae
1443 1574 1641 1628 animae
1690 1574 1836 1631 illius
1877 1577 2112 1643 inerant,

530 1676 824 1730 processus
852 1662 909 1717 in
936 1662 1202 1732 sapientia
1228 1672 1346 1718 erat
1374 1674 1429 1719 et
1460 1665 1657 1735 gratia,
1704 1666 1778 1721 ita
1823 1677 1878 1722 et
1919 1668 1975 1722 in
2002 1678 2113 1724 sta-

530 1765 650 1809 tura
679 1771 694 1809 :
728 1763 783 1809 et
812 1755 1105 1825 Apostolus
1129 1757 1171 1788 ¹⁸
1198 1774 1211 1811 :
1254 1774 1273 1808 ι
1306 1757 1489 1812 Donec
1521 1774 1880 1817 occurramus
1918 1777 2112 1818 omnes

524 1847 584 1900 iu
619 1846 795 1901 virum
830 1844 1154 1917 perfectum,
1190 1848 1247 1903 iu
1289 1865 1607 1904 mensuram
1652 1852 1830 1909 aetatis
1872 1854 2112 1924 plenitu-

526 1939 675 1996 dinis
701 1938 904 1995 Christi
940 1957 955 2007 ;
992 1959 1012 1993 ι
1047 1941 1224 1995 virum
1247 1942 1392 1997 enim
1428 1944 1678 2010 evadere,
1716 1956 1953 2017 eumque
1987 1963 2109 2018 per-

2218 652 2425 724 βραχὺς
2443 653 2538 706 καὶ
2574 652 2791 724 μικρὸς,
2821 654 2849 705 ό
2877 651 2934 705 δὲ
2970 652 3164 722 μέγας,
3193 653 3221 704 ὁ
3249 652 3306 705 δὲ
3350 651 3559 723 μεταξύ
3587 670 3603 683 ·
3639 655 3729 709 ἐπὶ
3752 654 3804 710 δὲ

2213 743 2322 797 τῶν
2348 743 2558 814 ψυχῶν,
2591 744 2684 797 καὶ
2713 742 2775 797 τὸ
2806 744 2889 812 ἐφ’
2915 744 3070 814 ἡμῖν,
3106 745 3202 797 καὶ
3233 745 3290 798 αἱ
3322 744 3526 798 τοιαίδε
3565 745 3801 817 πράξεις,

2214 837 2308 889 καὶ
2339 836 2400 889 τὸ
2425 835 2664 889 τοιοῦτον
2696 832 2827 907 ἦθος
2850 838 2949 911 τὴν
2974 837 3155 891 αἰτίαν
3204 835 3318 907 ἔχει
3353 836 3447 891 τοῦ
3486 838 3667 907 μέγαν
3693 842 3802 895 τινὰ

2215 925 2353 983 εἶναι
2379 970 2392 993 ,
2437 928 2471 999 ἢ
2506 928 2781 1000 μικρὸν,ἢ
2816 930 2874 983 ὲν
2916 931 3029 994 τοῖς
3087 927 3292 1000 μεταξὺ
3333 930 3666 1000 τυγχάνειν·
3720 936 3803 989 καὶ

2214 1019 2360 1074 ἔστιν
2383 1022 2447 1073 ἐκ
2476 1020 2585 1074 τῶν
2605 1022 2689 1091 ἐφ’
2716 1022 2867 1092 ἡμῖν,
2886 1021 3005 1091 ἦτοι
3035 1021 3364 1093 προκόπτειν
3389 1024 3455 1093 τῇ
3488 1022 3680 1096 ἡλικίᾳ.
3704 1026 3802 1096 (64)

2215 1112 2519 1165 ἐπιδιδόντα
2543 1113 2622 1176 εἰς
2659 1110 2909 1183 μέγεθος,
2938 1111 3069 1185 ἢμὴ
3103 1112 3492 1184 προκόπτοντα
3516 1110 3662 1169 εἶναι
3686 1115 3803 1188 βρα-
3858 1174 3863 1177 _

2215 1205 2332 1274 χύν.
2368 1205 2479 1257 Καὶ
2522 1204 2666 1258 οὕτω
2696 1222 2761 1275 γε
2792 1203 2975 1258 ἀκούω
3025 1205 3155 1276 περὶ
3198 1204 3293 1259 τοῦ
3326 1206 3588 1279 Σωτῆρος
3618 1208 3802 1262 ἀναλα-

2215 1299 2400 1361 ϐόντος
2446 1297 2792 1370 ἀνθρωπίνην
2825 1297 3024 1369 ψυχὴν,
3056 1298 3147 1351 τό’
3196 1317 3213 1350 ι
3250 1299 3309 1351 '0
3353 1298 3570 1371 Ἰησοῦς
3596 1300 3804 1372 προέκο-

2216 1407 2368 1445 πτεν.
2407 1410 2425 1441 ι
2467 1392 2553 1454 Ὠς
2579 1390 2688 1463 γὰρ
2719 1392 2785 1444 ὲκ
2833 1390 2927 1443 τοῦ
2962 1391 3047 1460 ἐφ’
3074 1391 3206 1461 ἡμῖν
3236 1391 3336 1462 τῆς
3358 1390 3545 1462 ψυχῆς
3567 1392 3727 1447 αὐτοῦ
3743 1390 3801 1466 ἦν

2215 1484 2248 1553 ἡ
2284 1485 2339 1536 ὲν
2365 1483 2526 1554 σοφίᾳ
2555 1483 2806 1555 προκοπὴ
2836 1482 2931 1535 καὶ
2961 1482 3166 1553 χάριτι,
3193 1480 3339 1536 οὕτω
3382 1483 3483 1536 καὶ
3517 1484 3579 1537 ἐν
3613 1483 3796 1556 ἠλικίῳ

2214 1573 2309 1626 καὶ
2363 1574 2389 1625 ὁ
2446 1573 2797 1638 Ἀπόστολος⁸
2838 1593 2856 1625 ι
2910 1574 3094 1647 Μέχρι
3135 1574 3578 1644 καταντήσωμεν
3623 1574 3799 1639 πάντες

2214 1666 2294 1728 εἰς
2315 1664 2483 1737 ἄνδρα
2514 1665 2740 1731 τέλειον,
2771 1667 2851 1730 εἰς
2883 1666 3079 1739 μέτρον
3114 1667 3332 1738 ἡλικίας
3365 1666 3461 1719 τοῦ
3511 1664 3797 1738 πληρώμα-

2212 1773 2305 1819 τος
2334 1756 2430 1810 τοῦ
2463 1758 2722 1830 Χριστοῦ.
2762 1778 2780 1810 ι
2811 1759 3100 1830 Καταντᾷν
3124 1757 3234 1829 γὰρ
3260 1759 3340 1820 είς
3359 1757 3558 1828 ἄνδρα,
3577 1758 3670 1810 καὶ
3694 1758 3799 1811 τοῦ.

2214 1865 2304 1902 τον
2329 1848 2532 1903 τέλειον
2553 1889 2567 1914 ,
2614 1849 2758 1904 κατὰ
2805 1850 2897 1903 τὸν
2937 1850 3045 1903 ἔσω
3090 1848 3374 1921 ἄνθρωπον
3404 1849 3693 1920 νομιστέον
3722 1849 3799 1904 τὸν

2213 1938 2474 1993 διαϐάντα
2500 1939 2567 1993 τὰ
2585 1938 2678 1993 τοῦ
2701 1939 2919 2012 νηπίου,
2949 1939 3044 1993 καὶ
3072 1937 3354 2008 φθάσαντα
3383 1938 3480 1992 ἐπὶ
3504 1938 3599 1993 τὸν
3625 1938 3795 2011 ἄνδρα,

531 2030 753 2094 lectum,
786 2030 1087 2086 secundum
1127 2031 1443 2086 interiorem
1474 2034 1748 2090 hominem
1777 2038 2105 2093 credendum

2214 2032 2307 2087 καὶ
2332 2032 2762 2104 καταργήσαντα
2802 2032 2871 2086 τὰ
2908 2033 3003 2086 τοῦ
3051 2031 3281 2103 νηπίου,
3329 2030 3426 2084 καὶ
3478 2030 3798 2098 ἁπαξαπλῶς

525 2130 632 2187 cst,
659 2122 752 2192 qui
783 2138 904 2193 qua:
933 2124 1086 2193 pueri
1116 2134 1242 2190 sunt
1279 2124 1445 2180 fuerit
1476 2135 1918 2198 praetergressus,
1946 2141 2000 2186 et
2028 2134 2110 2185 vir

525 2216 780 2283 evaserit,
820 2225 874 2271 et
913 2216 1145 2287 puerilia
1198 2217 1520 2282 aboleverit,
1559 2228 1610 2273 et
1656 2219 1955 2290 perfectum
2007 2223 2109 2277 viri

526 2315 729 2362 statum
768 2308 926 2378 plane
966 2306 1133 2363 fuerit
1180 2317 1465 2364 assecutus
1492 2310 1555 2364 ¹⁶.
1589 2310 1712 2366 Pari
1747 2312 1959 2369 ratione
2004 2313 2108 2368 ali-

530 2415 693 2471 quam
750 2401 917 2456 etiam
978 2400 1282 2471 spiritualis
1340 2411 1564 2457 staturae
1619 2417 1933 2459 mensuram
1987 2420 2111 2461 esse

528 2490 826 2559 putandum
854 2499 959 2557 est,
983 2492 1051 2546 ad
1082 2507 1248 2561 quam
1274 2491 1675 2561 perfectissima
1706 2494 1887 2550 anima
1919 2494 2108 2550 Domi-

529 2598 660 2637 num
691 2582 1092 2654 magniﬁcando
1122 2584 1405 2654 pervenire
1434 2594 1488 2639 et
1515 2600 1711 2654 magna
1763 2585 1875 2641 licri
1909 2597 2107 2657 petest.

530 2672 609 2729 Eo
642 2674 806 2745 igitur
837 2682 994 2744 pacto
1025 2672 1206 2744 magni
1241 2688 1461 2743 quoque
1508 2673 1583 2727 illi
1629 2670 1757 2729 facti
1796 2683 1943 2740 sunt,
1972 2690 2114 2744 quos

530 2768 666 2823 tales
699 2766 940 2823 evasisse
971 2766 1191 2837 scriptis
1241 2766 1514 2836 proditum
1542 2775 1646 2830 est,
1676 2767 1848 2832 Isaac,
1877 2773 1933 2821 et
1962 2764 2112 2838 Moy-

527 2876 637 2924 ses,
663 2869 717 2914 et
737 2858 999 2920 Joannes,
1022 2869 1077 2913 et
1102 2859 1215 2927 ipse
1236 2873 1348 2928 prae
1368 2858 1625 2914 omnibus
1646 2858 1812 2929 606
1834 2856 2111 2914 Servator:

527 2952 595 3005 de
621 2950 712 3005 illo
740 2949 888 3004 enim
919 2949 1055 3001 dixit
1081 2946 1299 3002 Gabriel
1323 2948 1367 2979 ¹¹¹
1396 2966 1410 3002 :
1445 2965 1463 2998 ι
1496 2946 1612 3002 Erit
1643 2963 1874 3017 magnus
1898 2965 1912 3003 :
1941 2967 1960 3001 ι
1987 2964 2114 3018 par-

527 3041 640 3097 vuli
669 3051 873 3106 autem,
901 3058 920 3093 ι
952 3038 1116 3093 modo
1139 3038 1304 3108 geniti
1333 3038 1594 3106 infantes,
1617 3038 1965 3104 rationabile,
1995 3041 2115 3096 sine

530 3134 659 3190 dolo
698 3134 784 3188 lac
810 3130 1261 3199 concupiscentes
1285 3130 1349 3197 ⁸⁸,
1382 3148 1400 3181 ι
1433 3131 1636 3199 quibus
1666 3129 1905 3187 nutritiis
1930 3132 2036 3189 illis
2062 3142 2117 3188 et

533 3224 837 3281 nutricibus
863 3237 1003 3292 opus
1029 3229 1132 3287 est,
1158 3222 1251 3291 qui
1289 3221 1357 3275 ab
1403 3220 1541 3276 Isaia
1589 3231 1988 3290 memorantur,
2029 3225 2113 3281 di—
2139 3257 2181 3316 ο

529 3327 687 3374 rente
717 3317 788 3373 de
819 3315 1102 3370 vocatione
1129 3329 1159 3368 e
1189 3313 1443 3384 gentibus
1464 3313 1505 3345 ¹⁹
1532 3331 1545 3367 :
1584 3332 1604 3365 ι
1634 3315 1701 3369 Ει
1722 3314 1948 3372 aﬂ‘erent
1967 3316 2110 3374 ﬁlios

530 3414 584 3465 iu
642 3408 810 3474 uiuis,
855 3415 909 3462 et
959 3405 1101 3461 tilias
1149 3421 1313 3476 super
1367 3407 1628 3461 humeros
1686 3407 2005 3475 portabunt,
2057 3417 2111 3464 et

529 3510 689 3557 erunt
723 3514 877 3569 reges
910 3497 1122 3552 nutritii
1159 3498 1259 3562 tui,
1292 3505 1347 3552 et
1396 3498 1595 3567 reginae
1638 3513 1830 3554 eorum
1871 3501 2112 3557 nutrices

531 3605 656 3649 tuae.
688 3612 709 3647 ι
746 3592 1040 3661 Pr0pterea
1071 3606 1201 3661 ergo
1231 3590 1634 3646 animadvertes
1680 3590 1746 3645 ad
1774 3590 1826 3645 id
1853 3592 1897 3623 ²⁰
1924 3610 1940 3647 :
1982 3615 2002 3645 ι
2036 3592 2111 3650 Ne

529 3684 895 3741 coutemuatis
923 3698 1092 3737 unum
1121 3697 1152 3736 e
1187 3682 1424 3753 pusillis,
1454 3700 1471 3730 ι
1504 3697 1687 3736 annon
1716 3698 1905 3739 eorum
1932 3686 2108 3756 angeli

532 3779 568 3834 ii
590 3786 719 3833 sunt
743 3778 838 3848 qui
866 3776 967 3831 hos
997 3776 1050 3830 in
1089 3775 1213 3831 sinu
1248 3782 1465 3846 gerunt,
1492 3784 1784 3846 postquam
1834 3777 1930 3832 ﬁlii
1979 3777 2109 3834 facti

531 3882 679 3933 sunt,
712 3878 765 3924 et
796 3871 888 3940 qui
918 3869 1162 3925 humeris
1191 3882 1285 3922 eas
1331 3876 1551 3937 portant
1593 3884 1718 3938 quae
1756 3869 1881 3924 lilia:
1923 3872 2108 3941 appel-

533 3964 710 4016 lantur
736 3979 753 4029 ;
783 3969 837 4015 et
864 3960 1058 4015 exinde
1081 3957 1295 4013 nutritii
1319 3958 1539 4028 quidem
1572 3969 1701 4013 sunt
1725 3961 1819 4030 qui
1845 3961 2107 4017 dicuntur

530 4070 708 4127 reges,
731 4053 971 4109 nutrices
1003 4059 1185 4108 autem
1218 4066 1340 4123 quae
1370 4050 1571 4122 reginae
1603 4063 2012 4123 nuncupantur.
2042 4055 2111 4112 Et

2210 2128 2574 2184 τελειώσαντα
2605 2129 2677 2184 τὰ
2707 2128 2805 2183 τοῦ
2827 2129 3020 2202 ἀνδρός
3036 2146 3049 2159 ·
3079 2128 3221 2181 οὕτω
3242 2127 3287 2181 δ’
3313 2126 3659 2197 ὑποληπτέον
3678 2123 3797 2183 εἷναί

2210 2240 2264 2276 τι
2296 2223 2389 2277 καὶ
2419 2222 2617 2295 μέτρον
2668 2221 3047 2292 πνευματικῆς
3090 2221 3306 2291 ἡλικίας
3325 2260 3341 2284 ,
3369 2220 3455 2289 ἐφ’
3494 2219 3582 2290 δὴ
3614 2219 3793 2273 τελειο-
3848 2268 3853 2273 .

2212 2315 2346 2386 τάτη
2388 2314 2611 2368 δύναται
2654 2314 2858 2385 φθάσαι
2899 2312 3046 2386 ψυχὴ
3100 2314 3164 2367 ὲκ
3213 2311 3309 2367 τοῦ
3364 2312 3690 2383 μεγαλύνειν
3717 2311 3794 2365 τὸν

2212 2407 2437 2478 Κύριον,
2471 2406 2565 2459 καὶ
2590 2405 2799 2477 μεγάλη
2831 2405 3100 2475 γίνεσθαι.
3135 2404 3322 2467 Οῦτως
3344 2400 3437 2458 οὖν
3468 2405 3569 2457 καὶ
3588 2403 3789 2474 μεγάλοι

2216 2497 2336 2567 μὲν,
2373 2497 2502 2567 περὶ
2523 2490 2597 2550 ὧν
2618 2495 2765 2549 τοῦτ’
2781 2495 3222 2567 ἀναγέγραπται,
3250 2495 3562 2563 γεγόνασιν,
3601 2492 3792 2555 Ἰσαὰκ,

2212 2585 2308 2639 καὶ
2331 2584 2595 2655 Μωῦσῆς,
2625 2585 2720 2639 καὶ
2746 2583 3024 2656 Ἰωάννης,
3047 2585 3142 2638 καὶ
3157 2583 3321 2648 αὐτὸς
3343 2584 3437 2638 ἐπὶ
3463 2586 3626 2637 πᾶσιν
3646 2585 3673 2636 ὁ
3694 2584 3792 2635 Σω-

2213 2678 2349 2748 τήρ·
2402 2677 2498 2730 καὶ
2554 2676 2665 2746 γὰρ
2719 2675 2849 2747 περὶ
2892 2675 3059 2730 αὐτοῦ
3102 2677 3131 2730 ό
3173 2676 3367 2747 Σωτὴρ
3419 2671 3674 2747 εἷπε(65)
3703 2673 3787 2728 τό·

2219 2771 2446 2824 (Ἔσται
2481 2768 2654 2841 μέγας
2671 2786 2684 2799 ·
2715 2788 2734 2820 ι
2759 2769 2944 2840 μικροὶ
2962 2767 3042 2835 δὲ,
3081 2787 3099 2819 ι
3135 2768 3205 2822 τὰ
3230 2768 3592 2840 ἀρτιγέννητα
3610 2767 3789 2840 βρέφη,

2213 2861 2452 2931 λογικὸν,
2499 2860 2683 2916 ἄδολον
2715 2859 2856 2929 γάλα
2888 2859 3279 2926 ὲπιποθοῦντα,
3318 2878 3337 2911 ι
3364 2860 3559 2924 οἵτινες
3586 2859 3672 2911 καὶ
3688 2856 3790 2911 τῶν

2215 2957 2368 3029 παρὰ
2384 2950 2476 3027 ’τῷ
2521 2955 2719 3026 Ἡσαΐᾳ
2746 2954 3056 3026 λεγομένων
3075 2953 3310 3025 τιθηνῶν
3329 2953 3537 3008 δέονται
3566 2952 3651 3005 καὶ
3667 2967 3786 3023 τρο-

2217 3048 2355 3119 φῶν,
2390 3048 2600 3117 λέγοντι
2628 3064 2696 3101 πε
2706 3047 2758 3118 pi
2784 3047 2882 3117 τῆς
2903 3045 3010 3099 ἀπὸ
3025 3046 3133 3100 τῶν
3157 3045 3328 3100 ὲθνῶν
3351 3045 3584 3116 κλήσεως
3600 3063 3613 3076 ·
3637 3063 3655 3096 ι
3673 3042 3773 3099 Καὶ

2218 3137 2407 3206 ἄξουσι
2433 3138 2565 3202 τοὺς
2597 3138 2749 3200 υἱοὺς
2777 3137 2834 3190 ὲν
2864 3135 3083 3206 κόλπῳ,
3132 3134 3233 3198 τὰς
3276 3135 3333 3188 δὲ
3370 3133 3656 3206 θυγατέρας
3690 3133 3779 3187 επὶ

2216 3231 2324 3285 τῶν
2351 3230 2518 3303 ῶμων
2547 3228 2741 3301 ἀροῦσι
2759 3245 2772 3258 ⁸
2806 3228 2902 3281 καὶ
2944 3226 3158 3281 ἔσονται
3194 3226 3428 3296 βασιλεῖς
3451 3226 3647 3297 τιθηνοὶ
3671 3242 3782 3288 σου,

2215 3325 2274 3378 αἱ
2304 3323 2362 3377 δὲ
2383 3322 2651 3395 ἄρχουσαι
2686 3318 2869 3373 αὐτῶν
2891 3318 3081 3391 τροφοί
3117 3336 3232 3372 σου.
3268 3338 3288 3371 ι
3339 3319 3673 3390 Ἐπιστήσεις
3697 3313 3785 3373 οὖν

2214 3415 2303 3470 διὰ
2346 3413 2519 3468 ταῦτα
2565 3413 2657 3467 καὶ
2695 3410 2803 3482 τιῖισ
2849 3430 2867 3463 ι
2910 3411 3002 3482 Μὴ
3052 3411 3503 3482 καταφρονήσητε
3545 3409 3657 3474 ἑνὸς
3694 3408 3791 3463 τῶν

2219 3505 2455 3579 μικρῶν,
2488 3523 2507 3556 ι
2542 3505 2749 3576 μήποτε
2770 3504 2819 3557 οἱ
2838 3502 3060 3572 ἄγγελοι
3088 3502 3268 3557 αὐτῶν
3292 3504 3340 3555 οἱ
3368 3503 3592 3571 ἄγοντες
3612 3500 3792 3565 αύτούς

2214 3601 2352 3654 εἰσιν
2390 3599 2452 3651 ὲν
2498 3596 2709 3660 κόλπῳ,
2750 3595 2889 3650 ἐπὰν
2933 3589 3068 3649 ῶσιν
3110 3594 3250 3659 υἱοὶ,
3279 3593 3417 3648 ἀλλά
3458 3595 3553 3649 καὶ
3584 3594 3671 3647 ἐπὶ
3694 3591 3793 3647 τῶν

2215 3691 2384 3763 ῶμων
2431 3688 2681 3763 αἴροντες
2724 3687 2824 3750 τάς
2861 3686 3161 3758 λεγομένας
3193 3685 3523 3759 θυγατέρας,
3568 3686 3660 3740 καὶ
3696 3684 3796 3740 ἀπὸ

2215 3781 2422 3837 τούτων
2448 3780 2556 3835 εἰσὶ
2588 3778 2794 3851 τιθηνοὶ
2816 3778 2914 3850 μὲν
2933 3779 2983 3831 οἱ
3013 3777 3295 3850 λεγόμενοι
3327 3778 3589 3849 βασιλεῖς,
3621 3777 3795 3850 τροφοὶ

2215 3876 2272 3930 δὲ
2303 3877 2361 3931 αἱ
2393 3873 2792 3946 ὀνομαζόμεναι
2819 3872 3104 3945 ἄρχουσαι.
3134 3872 3245 3925 Καὶ
3279 3872 3405 3926 ἐπεὶ
3442 3875 3491 3925 oi
3530 3870 3797 3940 δεικνύμε-

2218 3985 2298 4021 νοι
2326 3966 2431 4021 ὑπὸ
2453 3964 2548 4018 τοῦ
2579 3964 2832 4034 Σωτῆρος
2863 3961 3023 4034 ἡμῶν
3049 3963 3235 4034 μικροὶ
3262 3963 3340 4026 ῶς
3365 3963 3471 4016 ὑπὸ
3489 3961 3698 4034 τροφῶν
3712 3958 3798 4013 καὶ

2216 4057 2453 4131 τιθηνῶν
2496 4053 2931 4125 οἰκονομοῦνται,
2961 4053 3050 4108 διὰ
3076 4052 3222 4107 τοῦτ’
3249 4049 3403 4125 οἶμαι
3440 4055 3533 4109 καὶ
3575 4052 3799 4108 Μωῦσέα

1737 4166 1970 4225 VETUS
2010 4171 2600 4231 INTERPRETATIO.

528 4295 659 4349 dum
685 4292 985 4361 spiritalem
1012 4305 1346 4363 mensuram.
1375 4289 1677 4363 secundum
1714 4305 1887 4363 quam
1912 4293 2060 4349 videt
2092 4296 2246 4352 solus
2278 4296 2425 4350 Deus
2480 4303 2534 4349 et
2582 4293 2816 4363 judicat.
2868 4290 2973 4346 Sed
3021 4292 3074 4345 in
3134 4292 3456 4361 corporibus
3489 4304 3605 4363 non
3627 4286 3800 4363 culpa

532 4356 790 4425 hominis,
821 4362 918 4416 sed
951 4371 1168 4430 prOpter
1197 4361 1442 4432 rationes
1469 4361 1684 4432 aliquas
1717 4356 1946 4417 seminis
1979 4375 2064 4419 est
2090 4369 2233 4423 alius
2264 4366 2472 4431 brevis,
2510 4356 2654 4419 alius
2709 4378 2964 4432 magnus,
3017 4363 3159 4417 alius
3207 4356 3336 4416 vero
3383 4359 3703 4432 mediocris._
3743 4356 3801 4408 In

529 4435 816 4491 animabus
840 4426 1021 4486 autem
1049 4426 1117 4506 ex
1145 4430 1303 4506 nobis
1328 4438 1412 4483 est
1436 4426 1821 4500 esse—aliquem
1851 4434 1937 4506 vel
1968 4450 2197 4506 parvum
2224 4479 2239 4503 ,
2288 4437 2376 4491 vel
2408 4426 2691 4506 magnum,
2717 4426 2828 4487 aut'
2832 4426 3137 4506 secundum
3168 4446 3351 4500 Opera,
3377 4439 3472 4506 aut
3502 4426 3800 4506 secundum

529 4508 712 4569 liJem,
741 4513 837 4556 aut
870 4501 1176 4575 secundum
1202 4500 1417 4567 aliquos
1454 4509 1638 4575 motus
1663 4498 1693 4554 ί
1710 4508 1766 4554 et
1795 4498 2357 4575 arbitriignostri'est,
2388 4507 2436 4561 si
2466 4498 2730 4575 prolicere
2758 4503 3099 4575 volumusgin
3134 4498 3276 4557 statu
3332 4502 3548 4575 animae,
3579 4507 3637 4552 et
3688 4498 3799 4575 ﬁeri

530 4576 732 4644 magni.
770 4582 866 4626 aut
898 4586 1008 4625 non
1046 4570 1308 4644 prolicere
1338 4578 1393 4622 et
1422 4571 1633 4637 parvuli
1669 4586 1973 4644 remanere.
2014 4573 2105 4631 Sic
2130 4577 2298 4632 audio
2346 4570 2403 4632 et
2448 4570 2668 4632 Christo
2706 4572 3034 4642 -SllSClpit‘llli
3088 4583 3365 4644 naturam
3397 4570 3714 4630 humanam,
3753 4573 3802 4617 et

529 4641 829 4700 secundum
858 4642 1125 4696 naturalia
1160 4643 1495 4711 incrementa
1533 4642 1802 4711 crescenti
1830 4644 1974 4711 quod
2005 4648 2265 4701 scribitur
2298 4665 2310 4701 :
2351 4667 2368 4699 ι
2399 4645 2562 4701 Jesus
2594 4653 2775 4699 autem
2806 4641 3087 4697 crescebat
3138 4641 3427 4711 sapientia,
3454 4650 3506 4695 et
3551 4646 3728 4711 aitate,
3751 4649 3802 4689 et

529 4716 723 4785 gratia,
754 4728 941 4768 coram
970 4711 1081 4766 Deo
1110 4720 1164 4765 et
1188 4709 1523 4764 hominibus.
1559 4728 1577 4760 ι
1620 4709 1772 4766 Unde
1797 4709 2107 4784 consequent

2229 4718 2528 4788 Apostolus
2552 4718 2628 4770 ait
2656 4733 2669 4768 :
2707 4732 2725 4764 ι
2757 4712 2935 4769 Donec
2953 4709 3314 4768 occurramus
3342 4726 3531 4765 omnes
3555 4710 3609 4763 in
3631 4709 3796 4761 virum

600 4830 646 4862 ⁸⁵
683 4829 816 4883 Luc.
842 4844 902 4891 ll,
934 4827 1024 4882 5‘2.
1101 4826 1146 4859 ¹⁸
1184 4823 1385 4897 Ephes.
1420 4826 1605 4891 tv,15.
1686 4825 1729 4856 ¹⁶
1769 4825 1944 4881 lCor.
1972 4843 2093 4896 xm,

2294 4833 2337 4863 ¹⁷
2375 4829 2511 4887 Luc.
2546 4846 2585 4897 ι,
2637 4828 2725 4896 15,
2757 4827 2845 4883 52.
2925 4825 2969 4857 ⁸⁸
3009 4824 3025 4877 I
3055 4823 3171 4878 Pet.
3206 4840 3265 4888 ιι,
3300 4823 3355 4876 2.
3436 4824 3480 4855 ¹⁹
3519 4821 3627 4879 lsa.
3659 4838 3794 4887 χιιι,

529 4900 621 4965 2‘2,
648 4900 742 4954 25.
815 4899 860 4930 ³ο
896 4897 1084 4952 Matth.
1119 4912 1275 4961 xvtit,
1312 4896 1394 4949 10.

602 5017 715 5088 (64)
752 5015 1116 5091 Ιιροκόπαςειγ
1162 5014 1236 5084 τῇ
1280 5016 1507 5091 Mysia,
1553 5015 1848 5091 etc__._Male_
1872 5017 2104 5091 reddidit

2214 5020 2557 5091 gniﬁcaretur
2584 5026 2717 5091 aetas
2770 5016 2836 5070 ad
2884 5015 3099 5070 senium
3134 5025 3398 5091 vergens,
3431 5025 3555 5091 cu_m
3588 5019 3797 5091 notetur

529 5078 814 5143 Erasmus'
840 5094 961 5154 post
1001 5078 1316 5156 Vulgatam,
1350 5078 1499 5139 Luc.
1521 5102 1586 5153 ιι,
1618 5087 1687 5141 5?.
1714 5105 1727 5141 :
1757 5105 1775 5138 ς
1809 5086 2104 5143 Crescebat
2142 5078 2145 5079 ν
2210 5078 2420 5146 statura
2454 5090 2650 5153 media,
2681 5096 2844 5149 stata,
2876 5096 2933 5141 et
2963 5097 3174 5156 certum
3207 5078 3411 5156 statum
3448 5080 3663 5156 adepta.
3696 5078 3792 5132 lle-

527 5168 685 5233 :ntate
698 5167 752 5212 et
772 5150 1090 5233 sapientia,_i
1111 5150 1274 5233 pro,_«
1298 5150 1798 5233 ct'escebatstatura
1815 5168 1869 5233 et
1885 5174 1941 5211 sa
1948 5159 2104 5233 pien-

2214 5162 2455 5233 sychius,
2486 5150 2808 5233 κεκριμένη,
2839 5152 3168 5225 τεταγμένη.
3206 5150 3422 5215 Pollux,
3458 5150 3670 5233 ﬁvsuov
3712 5164 3795 5233 xc:

530 5232 621 5294 tia,
654 5252 672 5281 ι
699 5230 958 5300 quamvis
984 5227 1205 5296 reliquae
1234 5227 1706 5300 interpretationes
1734 5228 1971 5300 antiqua;
1991 5229 2109 5300 ἡλι-

527 5302 652 5355 κίαν
674 5298 1046 5369 exposueriut,
1079 5316 1096 5347 ι
1123 5307 1453 5369 staturam.)
1486 5297 2107 5369 Similitercmendauda

533 5366 759 5443 Vulgata
808 5368 1025 5443 Ephes._
1052 5384 1134 5443 tv,
1168 5369 1265 5443 lli:
1289 5366 1579 5443 At‘Matth.
1623 5384 1699 5443 vi,
1728 5368 1830 5443 _27,
1869 5377 1926 5443 et
1970 5367 2106 5443 Luc.

531 5438 661 5506 κικξ
679 5443 731 5506 5,
782 5455 937 5495 suam
974 5439 1059 5511 illa
1093 5438 1543 5507 signiﬁcationem
1579 5438 1765 5511 tribuit
1809 5440 1951 5511 voci,
1993 5440 2111 5511 ἧλι-

528 5512 640 5576 κία,
675 5527 839 5581 quam
876 5510 1251 5579 superioribus
1280 5523 1498 5578 quoque
1522 5511 1675 5581 locis
1708 5509 2103 5581 obtinehatélu

527 5599 585 5663 ra
615 5580 932 5663 exponenda
976 5582 1115 5663 idem
1150 5594 1291 5663 saepe
1321 5580 1536 5663 peccari
1566 5580 1962 5649 deprehendas.
1996 5580 2104 5663 (Ξεί-

530 5654 623 5706 bes
642 5649 700 5704 in
725 5649 927 5703 Tabula
956 5650 1052 5720 τὴν
1069 5649 1315 5702 παιδείαν
1344 5651 1658 5720 describens
1690 5665 1808 5702 eam
1839 5666 1961 5703 esse
2009 5653 2108 5703 liti-

528 5723 624 5790 git,
654 5720 797 5790 μέσῃ
819 5720 908 5771 καὶ
936 5719 1231 5789 κεκριμένη
1260 5719 1359 5789 ήδη
1388 5719 1590 5790 ἡλικίᾳ.
1616 5720 1911 5790 Pcrperam
1942 5720 2109 5773 inter-

524 5807 654 5861 pres
685 5789 915 5861 reddidit
951 5808 969 5838 ι
994 5799 1170 5853 aetate,
1192 5808 1210 5837 ι
1248 5789 1775 5861 ιιιιυιιιιιιθειοιιιιιυε
1808 5800 1890 5861 est
1919 5806 2106 5861 κεκρι-

531 5858 670 5930 item
698 5860 866 5915 etiam
892 5872 1241 5927 corrumpere
1260 5860 1482 5912 tentavit
1512 5859 1566 5911 iu
1592 5858 1911 5929 κεκλιμένη,
1946 5869 2003 5912 ιιι
2028 5858 2108 5913 ει-

2214 5218 2476 5301 δῲιμένᾴν
2510 5218 2745 5298 appellat
2776 5218 3024 5281 Ventum'
3051 5218 3393 5301 constantem
3422 5230 3471 5274 et
3502 5218 3731 5301 certum.

2214 5290 2386 5374 κρίνω
2414 5290 2639 5364 factum,
2682 5318 2699 5349 ι
2735 5312 2903 5374 cerno
2930 5314 2944 5350 :
2974 5314 2993 5347 ι
3025 5304 3085 5374 ut
3113 5294 3183 5346 ah
3216 5292 3310 5345 illo
3343 5290 3796 5374 x€.xptttév0;.,'§ic

2218 5359 2286 5425 ah
2315 5372 2419 5424 hoc
2443 5388 2463 5422 ι
2488 5359 2688 5425 certus.
2706 5388 2723 5422 ι
2755 5366 2952 5440 Eadem
2980 5364 3269 5440 utriusque
3298 5359 3647 5440 ποιέοι-ἰαί»,
3667 5359 3794 5440 idem

2218 5441 2542 5495 intellectus.
2576 5440 2852 5512 Boethius
2884 5437 2937 5491 in
2987 5430 3360 5512 descriptione
3407 5430 3790 5512 Philosophia,

2216 5512 2336 5579 ejus
2367 5521 2631 5566 staturam
2662 5524 2785 5579 esse
2807 5508 2920 5579 ait_._
2938 5524 2959 5559 ι
2986 5502 3335 5560 discretionis
3363 5501 3655 5571 ambiguae,
3686 5518 3705 5552 ι
3738 5501 3792 5549 οὺ

2216 5576 2609 5653 διακεκριμένη
2628 5578 2849 5653 ,ἡλικίαι
2877 5576 3144 5653 “ueritis.

2291 5632 2559 5721 uis—griis;
2576 5632 2686 5720 ἀτιιρ
2706 5632 2841 5721 περι
2858 5648 3045 5701 αὐτοῦ
3062 5642 3325 5721 egerim
3349 5641 3507 5721 eius.
3538 5636 3620 5695 Ita
3648 5632 3793 5721 σεοάι,

2218 5708 2472 5774 Ηδριῖὶ.
2505 5708 2672 5775 Vetus
2704 5708 2973 5787 int'erpres
3005 5735 3019 5770 :
3053 5735 3071 5767 ι
3106 5714 3172 5767 Et
3205 5708 3321 5782 ipse
3352 5711 3622 5788 Dominus
3644 5708 3795 5788 ditatis

2218 5796 2286 5845 de
2314 5807 2425 5858 quo
2449 5774 2666 5844 Gabriel
2694 5774 3027 5859 protestatur
3046 5804 3069 5859 ;7
3087 5806 3105 5838 ι
3133 5794 3187 5839 et
3212 5774 3400 5838 revera
3423 5782 3475 5835 id
3495 5796 3529 5836 a
3557 5774 3791 5836 Gabriele

2220 5863 2428 5916 dictqu
2454 5870 2540 5916 est
2568 5858 2703 5915 Luc.
2737 5876 2774 5921 ι.
2812 5859 2901 5922 15,
2928 5859 3017 5912 51!.
3056 5858 3133 5910 lo.
