4028 6296
334 439 478 500 H69

1270 436 1627 495 COMMENT.
1671 436 1742 493 IN
1777 435 2203 494 MATTHEL‘M
2242 434 2487 493 TOML'S
2523 432 2663 489 Xlll.

3471 439 3613 494 H70

334 562 485 617 νέσει
509 558 692 633 ψυχήν
731 575 877 625 τινα,
911 556 1052 612 κατά
1078 555 1178 629 μὲν
1208 555 1309 621 τὰς
1335 556 1512 629 ἀρχὰς
1553 555 1756 626 φαῦλον
1789 551 1920 610 εἶναι

2030 554 2217 611 statim
2250 556 2320 611 ab
2341 562 2465 610 ortu
2494 553 2785 609 commissa
2815 560 2918 614 est.
2943 552 3121 611 malus
3148 553 3305 609 initio
3333 568 3456 611 esse
3487 570 3619 625 pos-,

333 654 621 720 δύνασθαι,
665 650 896 723 ὕστερον
926 650 985 705 δέ
1029 666 1160 704 ποτε
1203 649 1465 718 ἀνάλογον
1506 648 1585 720 τῷ
1622 649 1930 703 πιστεύοντι

335 743 635 808 πιστεύειν,
657 743 751 797 καὶ
780 741 875 794 ἔιπίΙ
909 739 1162 794 τοσοῦτον
1191 738 1547 810 προκόπτειν,
1576 739 1652 803 ὡς
1677 737 1929 807 γενέσθαι

328 837 497 890 αὐτὸν
521 834 751 903 ἄγγελον
779 833 877 886 ἕνα
900 831 1011 885 τῶν
1031 830 1120 885 διὰ
1139 830 1338 895 παντὸς
1361 829 1664 899 βλεπόντων
1685 829 1745 882 τὸ
1771 829 1930 900 πρόσ-

332 946 480 981 ωπον
509 926 608 981 τοῦ
642 927 700 981 ὲν
732 926 988 997 οὐρανοῖς
1019 924 1264 996 Πατρόςο
1310 908 1616 995 ἀρξάμενος
1647 921 1755 976 ἀπὸ
1776 920 1928 974 τοῦδε

332 1016 425 1069 τοῦ
456 1015 652 1088 χρόνου
686 1013 765 1085 τῷ
804 1012 1208 1085 προγνωσθέντι
1251 1012 1393 1067 κατά
1422 1012 1571 1066 τόνδε
1601 1011 1693 1065 τὸν
1740 1010 1929 1083 χρόνον

332 1108 634 1173 πιστεύειν,
662 1108 758 1161 καὶ
790 1105 1170 1180 προορισθέντι
1198 1105 1578 1174 συζεύγνυται,
1610 1103 1718 1157 τῶν
1747 1104 1927 1175 ἀρρή-

329 1216 442 1254 των
490 1197 778 1271 κριμάτων
819 1195 914 1251 τοῦ
960 1196 1119 1261 Θεοῦ,
1164 1197 1259 1250 καὶ
1309 1186 1768 1268 ἀνεξερευνήτων,
1833 1194 1928 1248 καὶ

330 1291 593 1355 ἀϐύσσοις
628 1290 884 1343 ἐοικότων
929 1288 1156 1352 εἰκότως
1198 1289 1381 1342 πᾶσαν
1424 1288 1523 1358 τὴν
1550 1286 1805 1358 τοιαύτην
1826 1286 1929 1357 ’ἀρ-

336 1381 528 1453 μονίαν
576 1379 1027 1448 συναγαγόντων,
1074 1377 1341 1447 ἀγγέλους
1392 1377 1531 1450 πρὸς
1583 1374 1923 1447 ἀνθρώπους.

337 1472 575 1525 Δυνατὺν
614 1471 670 1524 δὲ
699 1471 792 1525 καὶ
827 1470 1016 1542 ὥσπερ
1047 1470 1239 1542 ἀνδρὸς
1269 1469 1365 1522 καὶ
1395 1469 1654 1537 γυναικὸς
1685 1466 1926 1539 ἀμφοτέ-

338 1574 450 1629 ρων
489 1558 765 1622 ἀπίστων,’
790 1558 881 1611 ὁτὲ
916 1557 1014 1629 μὲν
1049 1558 1078 1610 ὁ
1124 1558 1265 1630 ἀνὴρ
1314 1557 1578 1629 πρότερον
1630 1557 1926 1619 πιστεύσας

332 1649 414 1720 τῷ
455 1649 635 1721 χρόνῳ
669 1648 831 1714 σώζει
862 1649 962 1721 τὴν
993 1651 1226 1718 γυναῖκα
1251 1666 1264 1680 ·
1300 1649 1390 1702 ὁτὲ
1419 1649 1477 1702 δὲ
1519 1651 1552 1720 ἡ
1588 1648 1727 1720 γυνὴ
1758 1648 1927 1720 ἀρξα-

338 1739 475 1813 μένη
522 1740 747 1812 ὕστερόν
783 1758 915 1795 ποτε
954 1740 1129 1795 πείθει
1162 1742 1251 1795 τὸν
1286 1741 1474 1814 ἄνδρα,
1508 1741 1651 1795 οὕτω
1679 1740 1924 1811 γίνεσθαι

337 1831 431 1887 καὶ
485 1834 578 1887 ἐπὶ
620 1833 726 1887 τῶν
778 1834 1024 1903 ἀγγέλων
1068 1835 1164 1888 καὶ
1206 1834 1314 1889 τῶν
1358 1833 1682 1907 ἀνθρώπων.
1724 1835 1787 1887 Εἰ
1825 1835 1924 1905 μὲν

2038 648 2138 713 sit;
2182 647 2376 702 deinde
2407 660 2538 700 vero
2559 660 2666 715 qua
2696 646 3047 714 proportione
3097 645 3144 700 is
3180 644 3356 700 credit
3384 646 3475 717 qui
3503 646 3608 702 sibi

2038 740 2275 796 traditus
2301 747 2405 806 est,
2451 738 2636 793 eadem
2673 744 2728 791 et
2770 737 2884 807 ipse
2915 738 3124 803 credat,
3155 746 3209 792 et
3236 747 3417 792 tantos
3446 738 3614 794 faciat

2036 848 2384 904 progressus,
2425 841 2484 887 ut
2506 846 2650 887 unus
2679 846 2747 886 ex
2773 832 2981 901 angelis
3009 829 3200 885 faciem
3227 829 3407 885 Patris
3437 832 3529 896 qui
3555 832 3617 885 in

2036 924 2189 979 ccelis
2214 932 2300 979 est
2324 938 2537 994 semper
2569 922 2945 992 spectantibus
2970 921 3233 977 efﬁciatur
3260 941 3273 976 :
3310 921 3466 976 initio
3489 921 3619 977 inde

2036 1010 2216 1077 facto,
2271 1011 2322 1067 ei
2364 1011 2715 1081 conjungitur
2740 1011 2868 1081 qui,
2905 1020 2965 1066 ut
2990 1011 3093 1066 hoc
3138 1021 3380 1081 tempore
3404 1012 3617 1077 credat,

2034 1105 2299 1174 praevisus
2346 1113 2400 1159 et
2445 1104 2863 1174 praedestinatus
2889 1111 3007 1168 est,
3058 1103 3424 1158 ineﬂ‘abilibus
3453 1113 3614 1173 atque

2036 1194 2502 1263 inscrutabilibus,
2540 1204 2594 1250 et
2622 1196 2945 1268 abyssorum
2979 1194 3250 1251 similibus
3274 1194 3366 1249 Dei
3392 1194 3621 1264 judiciis-

2034 1298 2251 1337 omnem
2302 1282 2445 1338 hanc
2476 1285 2899 1347 connexionem,
2943 1283 3166 1353 angelos
3214 1297 3339 1337 eum
3377 1280 3615 1335 homini-

2033 1374 2136 1427 bus
2191 1374 2605 1445 coniungendo,
2645 1376 2838 1429 merito
2888 1374 3227 1444 parantibus.
3286 1371 3431 1428 Fieri
3484 1371 3623 1426 item

2034 1473 2215 1534 potest
2256 1473 2317 1518 ut
2351 1465 2814 1534 quemadmodum
2850 1480 2973 1519 cum
3007 1465 3092 1517 vir
3140 1473 3193 1517 ct
3224 1463 3419 1518 mulier
3447 1477 3478 1516 a
3512 1461 3619 1517 fide

2032 1555 2196 1610 alieni
2233 1565 2393 1621 sunt,
2449 1555 2531 1610 vir
2581 1556 2676 1626 qui
2721 1556 2872 1626 prior
2919 1554 3187 1631 credidit,
3239 1569 3465 1609 uxorem
3514 1553 3625 1607 ali-7

2031 1648 2253 1719 quando
2306 1658 2523 1715 servat;
2575 1647 2870 1718 aliquando
2912 1656 3091 1701 autem
3146 1646 3360 1699 initium
3406 1643 3613 1701 faciens

2032 1756 2173 1796 uxor
2198 1744 2376 1796 virum
2416 1741 2633 1796 tandem
2670 1740 2920 1795 oratione
2965 1756 3062 1795 sua
3102 1739 3301 1801 ﬂectit,
3339 1738 3479 1793 idem
3511 1754 3613 1792 an-

2032 1833 2167 1903 gelis
2194 1833 2619 1902 hominibusque
2653 1833 2954 1902 contingat.
2996 1832 3079 1884 Au
3108 1840 3289 1885 autem
3321 1830 3463 1885 idem
3491 1829 3625 1884 aliis

334 1920 429 1978 οὖν
457 1925 541 1978 ἐπ’
590 1925 763 1979 ἄλλων
804 1925 914 1997 (72)
950 1927 1159 1995 γίνεται
1207 1927 1453 1995 ἀγγέλων
1495 1927 1555 1979 τὸ
1594 1924 1855 1990 τοιοῦτον,
1890 1925 1920 1997 ἢ

2030 1922 2239 1993 angelis
2280 1922 2535 1988 eveniat,
2567 1936 2739 1975 necne
2764 1961 2778 1987 ,
2808 1928 2863 1974 tu
2901 1921 3016 1990 ipse
3046 1918 3339 1989 disquires.
3398 1919 3468 1973 At
3492 1918 3614 1972 vide

337 2016 437 2088 μὴ,
484 2018 579 2071 καὶ
628 2017 792 2081 αὐτὸς
842 2017 1151 2082 ἐξετάσειςο
1198 2019 1407 2089 μήποτε
1450 2017 1508 2070 δὲ
1548 2017 1648 2088 οὐχ
1694 2014 1923 2087 ἁρμόζει

332 2109 464 2181 περί
495 2107 590 2163 τοῦ
633 2109 862 2163 ἑκάστου
897 2109 1129 2178 ἀγγέλου
1162 2108 1223 2161 τὸ
1254 2107 1461 2161 τοιοῦτο
1493 2107 1695 2176 λέγειν,
1739 2106 1928 2160 τοσοῦ-

331 2217 425 2254 τον
456 2200 822 2271 τετιμημένου
851 2201 993 2255 κατὰ
1015 2201 1106 2255 τὸν
1131 2199 1224 2253 τοῦ
1262 2199 1512 2270 Σωτῆρος
1543 2200 1576 2268 ή
1586 2197 1704 2269 μῶν
1743 2197 1923 2266 λόγον,

332 2290 473 2344 ὥστε
507 2290 598 2344 διὰ
640 2290 844 2354 παντὸς
878 2288 1039 2344 αὐτὸν
1072 2287 1290 2360 βλέπειν
1324 2286 1578 2356 λέγεσθαι
1610 2285 1672 2339 τὸ
1710 2285 1927 2357 πρόσω-

333 2401 435 2438 πον
473 2382 567 2438 τοῦ
613 2382 829 2454 Πατρδς
869 2381 962 2436 τοῦ
1006 2384 1064 2435 ὲν
1111 2381 1380 2453 οὐρανοῖς.
1424 2379 1578 2432 Ἐπεὶ
1621 2377 1679 2431 δὲ
1722 2380 1779 2431 ὲν
1811 2380 1926 2442 τοῖς

330 2477 592 2549 ἀνωτέρω
623 2476 881 2547 ἐλέγομεν
918 2474 1026 2529 τῶν
1063 2474 1160 2544 μὲν
1196 2472 1409 2545 μικρῶν
1453 2467 1592 2525 εἶναι
1632 2471 1921 2541 ἀγγέλους,

330 2566 701 2639 διεληλυθέναι
732 2566 789 2619 δὲ
829 2565 928 2636 τὴν
970 2563 1227 2636 τοιαύτην
1266 2562 1420 2629 τάξιν
1458 2563 1584 2625 τοὺς
1633 2563 1921 2633 μεγάλους,

334 2657 553 2729 ἀντερεῖ
582 2674 666 2721 τις
698 2658 831 2726 ἡμῖν
872 2656 938 2708 ὲκ
978 2653 1086 2707 τῶν
1132 2652 1392 2725 Πράξεων
1429 2651 1538 2705 τῶν
1586 2650 1921 2715 ἀποστόλων,

332 2746 465 2801 ενθα
496 2748 827 2817 γέγραπται,
869 2748 955 2800 ὅτι
993 2744 1148 2814 Ῥόδη
1180 2743 1443 2817 παιδίσκην
1473 2759 1554 2806 τις
1593 2741 1685 2795 τοῦ
1714 2742 1922 2813 Πέτρου

344 2816 669 2903 κρούσαντος
724 2832 824 2905 τὴν
872 2832 1042 2905 θύραν
1092 2832 1395 2904 προσῆλθεν
1438 2816 1772 2893 ύπακοῦσαι,
1830 2830 1925 2883 καὶ

336 2925 631 2996 ἐπιγνοῦσα
649 2927 748 2998 τὴν
770 2928 951 2999 φωνὴν
973 2926 1067 2980 τοῦ
1095 2928 1327 3000 Πέτρου,
1351 2925 1720 2998 εἰσδραμοῦσα
1746 2928 1925 3000 ἀπήγ-

334 3016 517 3084 γειλεν
548 3018 769 3072 ἑστάναι
818 3018 909 3072 τὸν
940 3020 1146 3090 Πέτρον
1190 3019 1299 3089 πρὸ
1330 3017 1425 3072 τοῦ
1466 3017 1709 3081 πυλῶνος
1734 3034 1748 3047 ο
1796 3017 1926 3071 θαυ-

341 3107 617 3179 μάσαντες
646 3108 702 3162 δὲ
732 3111 780 3163 οἱ
814 3110 872 3163 ὲν
912 3109 992 3179 τῷ
1015 3109 1150 3178 οἴκῳ
1184 3108 1651 3181 συνηθροισμένοι,
1691 3108 1787 3162 καὶ
1817 3108 1925 3161 ὠσ-

334 3200 490 3272 περεί
524 3199 784 3254 ἀδύνατον
811 3198 947 3255 εἶναι
974 3202 1296 3271 νομίσαντες
1328 3201 1420 3254 τὸν
1454 3200 1660 3273 Πέτρον
1704 3199 1922 3272 ἀληθῶς

334 3264 619 3364 έστηκέναι
641 3291 777 3362 (75),
804 3292 1007 3362 ἔλεγον,
1033 3264 1117 3346 δτι
1142 3296 1171 3348 ό
1196 3292 1426 3362 ἅγγελος
1452 3264 1616 3346 αὐτοῦ
1640 3292 1757 3345 ὲστι
1777 3264 1805 3324 θ’
1818 3292 1921 3363 φή-
1948 3264 1990 3320 c

336 3398 420 3435 σει
447 3380 575 3454 γὰρ,
608 3383 690 3436 ὅτι
720 3381 867 3449 ἅπαξ
899 3382 1160 3454 μαθόντες
1202 3384 1399 3436 ἐκεῖνοι
1428 3381 1662 3436 ἕκαστον
1689 3381 1802 3435 τῶν
1840 3400 1928 3436 πι-

338 3474 633 3527 στευόντων
660 3472 804 3543 ἔχειν
834 3474 1062 3543 ἄγγελον
1093 3473 1243 3528 τόνδε
1265 3475 1407 3541 τινά,
1439 3474 1659 3545 ᾔδεισαν
1683 3474 1777 3528 καὶ
1815 3474 1924 3527 Πέ-

333 3583 464 3638 τρου
502 3567 624 3619 τινὰ
654 3561 793 3621 εἶναι
826 3566 1053 3635 ἄγγελον
1090 3565 1224 3638 (74).
1253 3567 1312 3620 '0
1330 3565 1387 3619 δὲ
1410 3566 1814 3637 παριστάμενος
1840 3563 1923 3631 οἷς

332 3658 742 3729 προειρήκαμεν
755 3658 934 3728 φήσει,
954 3657 1035 3710 δτι
1056 3657 1157 3710 οὐκ
1171 3656 1467 3726 ἀναγκαῖον
1482 3654 1620 3712 εἶναι
1643 3658 1819 3729 δόγμα
1832 3656 1923 3711 τὸν

328 3749 429 3818 τῆς
470 3746 657 3819 Ῥόδης
688 3748 844 3818 λόγον
870 3748 1005 3819 (75),
1030 3749 1171 3818 τάχα
1200 3748 1257 3801 δὲ
1282 3748 1374 3802 καὶ
1400 3749 1501 3802 οὐκ
1525 3748 1915 3820 ὴκριϐωκότων

330 3840 464 3895 πότε
490 3842 588 3912 μὲν
614 3842 704 3894 ὑπ’
728 3840 976 3909 ἀγγέλων
994 3840 1074 3911 τῷ
1100 3840 1212 3911 (76)
1240 3841 1316 3905 ὡς
1348 3841 1541 3913 μικρός
1568 3859 1673 3905 τις,
1702 3842 1797 3895 καὶ
1829 3859 1925 3911 φο-

330 3929 429 3985 σού
438 3948 598 4002 μενος
624 3932 715 3985 τὸν
740 3931 872 3985 Θεὸν
898 3932 1286 4002 οἰκονομεῖται,
1318 3929 1449 3983 πότε
1477 3930 1534 3984 δὲ
1561 3930 1663 4002 ήδη
1695 3929 1786 3984 ὑπ’
1817 3930 1921 3984 αὐ-

2028 2032 2097 2071 ηε
2126 2016 2234 2070 tale
2271 2014 2402 2085 quid
2448 2016 2517 2069 de
2563 2025 2896 2082 unoquoque
2937 2010 3132 2080 angelo
3178 2010 3361 2067 dicere
3389 2008 3617 2063 minime

2025 2124 2127 2177 par
2157 2108 2250 2169 sit,
2273 2105 2367 2177 qui
2397 2105 2556 2175 juxta
2588 2103 2899 2158 Servatoris
2924 2102 3098 2156 nostri
3122 2117 3431 2157 sermonem
3461 2111 3629 2156 tanto

2027 2198 2260 2253 aﬂicitur
2309 2196 2541 2262 honore,
2578 2203 2638 2250 ut
2684 2194 2879 2249 faciem
2908 2193 3088 2249 Patris
3143 2194 3236 2264 qui
3267 2194 3321 2248 in
3354 2194 3507 2249 cmlis
3528 2202 3613 2249 cst

2027 2304 2243 2359 semper
2270 2289 2469 2344 intueri
2500 2288 2733 2343 dicatur.
2777 2285 3046 2353 Quoniam
3081 2301 3207 2340 vero
3236 2285 3459 2355 angelos
3488 2300 3612 2341 esse

2027 2396 2194 2450 supra
2228 2380 2469 2434 diximus
2515 2378 2714 2449 quibus
2764 2378 3117 2449 parvulorum
3147 2392 3279 2433 cura
3313 2376 3609 2432 commissa

2027 2474 2134 2539 sit,
2180 2472 2419 2543 majores
2462 2487 2594 2526 vero
2634 2471 2903 2542 ejusmodi
2949 2471 3197 2526 ordinem
3231 2486 3354 2525 esse
3386 2480 3610 2540 praeter-

2028 2580 2272 2637 gressus,
2300 2563 2665 2633 refragabitur
2694 2563 2852 2617 nobis
2893 2560 3165 2632 quispiam
3199 2577 3279 2617 ex.
3297 2562 3451 2617 Actis
3480 2570 3614 2632 apo-

2027 2656 2295 2712 stolorum
2317 2698 2333 2723 ,
2386 2658 2482 2713 ubi
2516 2658 2779 2727 scriptum
2824 2664 2908 2711 est
2935 2656 3184 2725 pulsante
3211 2654 3378 2710 Petro
3406 2655 3610 2710 ostium

2025 2748 2364 2817 processisse
2408 2747 2636 2804 Rhoden
2690 2748 2945 2804 ancillam
2974 2748 3268 2818 quamdam
3308 2757 3366 2802 ut
3403 2747 3610 2803 subau-

2026 2839 2315 2903 scultaret.
2363 2848 2419 2894 et
2466 2855 2591 2896 cum
2636 2855 2824 2896 vocem
2871 2839 3019 2895 Petri
3065 2840 3410 2910 agnovisset,
3466 2839 3613 2894 intro

2024 2939 2335 2986 currentem
2375 2931 2723 2986 renuntiasse
2751 2939 2898 2986 stare
2939 2928 3161 2985 Petrum
3205 2938 3332 2984 ante
3360 2929 3608 2985 vestibu-

2026 3019 2169 3086 lum;
2215 3020 2439 3075 miratos
2474 3030 2658 3077 autem
2686 3037 2780 3078 eos
2803 3023 2896 3092 qui
2941 3022 2997 3076 in
3032 3022 3197 3077 domo
3233 3021 3447 3077 fuerant
3477 3036 3609 3078 con-

2025 3109 2251 3180 gregati,
2286 3125 2387 3165 nec
2418 3110 2533 3166 fleri
2577 3127 2740 3181 posse
2771 3112 3054 3168 credentes
3090 3122 3150 3167 ut
3190 3112 3386 3169 Petrus
3418 3128 3609 3169 revera

2026 3208 2226 3265 staret,
2294 3200 2473 3270 ipsius
2520 3218 2644 3258 esse
2691 3203 2944 3273 angelum
2993 3205 3410 3273 pronuntiasse;
3465 3205 3610 3260 dicet

2023 3293 2171 3347 enim
2204 3286 2435 3349 scivisse
2480 3295 2603 3351 illos
2646 3296 2937 3365 quemdam
2986 3295 3147 3351 Petri.
3178 3312 3301 3353 esse
3331 3299 3619 3368 angelum,

2023 3399 2150 3439 cum
2197 3400 2648 3457 unumquemque
2692 3401 2723 3441 e
2748 3388 3098 3444 credentibus
3132 3388 3383 3458 aliquem-
3408 3390 3623 3445 habere-

2025 3476 2277 3548 angelum
2310 3477 2478 3532 semel
2503 3477 2844 3533 didicissent.
2884 3477 2988 3545 Qui
3017 3488 3197 3534 autem
3230 3480 3314 3536 his
3341 3481 3609 3537 assentie-

2023 3576 2132 3633 tur,
2162 3584 2285 3640 qua:
2307 3583 2473 3637 supra
2506 3569 2950 3643 diximus,609
2980 3572 3205 3627 minime
3233 3574 3603 3629 necessarium

2029 3677 2152 3717 esse
2178 3662 2324 3717 dicet
2350 3669 2409 3716 ut
2442 3676 2543 3731 pro
2570 3662 2823 3733 dogmate
2868 3665 3044 3719 oratio
3076 3664 3294 3721 Rhodes
3320 3667 3604 3734 habeatur,

2030 3751 2262 3807 fortasse
2285 3766 2416 3807 vero
2444 3767 2620 3822 neque
2671 3768 2858 3808 eorum
2898 3755 3096 3825 quibus
3129 3757 3466 3825 exploratum
3493 3772 3603 3812 non

2022 3842 2544 3914 erat_quandonam
2603 3844 2673 3899 ab
2726 3846 2973 3917 angelis,
3033 3857 3293 3919 tanquam
3344 3849 3605 3920 parvulus

2024 3933 2297 4006 quispiam
2355 3944 2410 3989 et
2465 3934 2638 3990 Deum
2706 3935 2906 3994 timens
2959 3937 3293 4010 gubernatur
3358 3939 3557 4012 aliquis
3582 3957 3610 4008 ς,

1541 4091 1771 4151 VETUS
1808 4091 2399 4149 INTERPRETATIO.

329 4220 495 4282 atque
536 4212 824 4277 rapacibus

329 4290 536 4337 custos.
583 4282 685 4338 Sed
736 4292 820 4338 εει

933 4227 1106 4269 :eesse
1148 4213 1398 4282 angelum
1447 4221 1721 4278 sanctum,
1760 4221 1822 4268 ut
1866 4213 2171 4267 maculetur
2215 4213 2280 4267 in
2318 4210 2635 4282 huiusmodi
2678 4211 2889 4268 actibus
2930 4212 3170 4270 hominis
3215 4213 3302 4269 cui
3328 4213 3489 4271 datus
3518 4225 3603 4272 est

904 4298 1029 4337 omo
1075 4283 1293 4350 quidem
1330 4285 1381 4337 in
1436 4292 1678 4352 tempore
1721 4282 2054 4337 infidelitatis
2095 4298 2229 4346 suae,
2261 4290 2315 4337 et
2366 4291 2713 4352 peccatorum
2755 4299 2978 4338 suorum
3029 4300 3094 4339 ex
3138 4285 3454 4339 infidelitate
3502 4301 3603 4340 na-

329 4354 597 4424 scentium
651 4354 787 4424 sub,
817 4354 1026 4422 angelis
1069 4352 1304 4418 Satanae,
1355 4363 1409 4408 et
1452 4351 1736 4422 spiritibus
1768 4352 2064 4424 malignis,
2110 4361 2165 4424 et
2208 4352 2505 4407 immundis
2549 4351 2857 4409 daemoniis.
2907 4353 3043 4408 Cum
3078 4363 3258 4408 autem
3297 4356 3600 4424 susceperit

329 4423 512 4494 ﬁdem,
562 4432 692 4477 tunc
731 4422 983 4494 Christus
1026 4424 1118 4491 qui
1166 4433 1251 4477 est
1296 4426 1603 4493 redemptor
1630 4464 1645 4485 .
1688 4422 1783 4493 qui
1831 4422 2008 4493 pretio
2058 4423 2145 4479 sui
2189 4424 2473 4491 sanguinis
2519 4438 2646 4477 eum
2696 4424 2927 4494 redemit
2960 4440 2993 4479 a
3034 4424 3288 4494 malignis
3333 4422 3594 4493 dominis,

327 4492 635 4548 credentem
673 4494 725 4546 in
759 4493 923 4547 Deum
960 4494 1122 4547 tradit
1146 4508 1269 4546 eutn
1303 4494 1495 4563 angelo
1523 4492 1735 4558 sancto,
1761 4504 1814 4547 et
1834 4492 2068 4563 propter
2096 4494 2418 4563 munditiam
2452 4508 2670 4562 semper
2695 4493 2898 4549 videnti
2932 4494 3123 4549 faciem
3150 4492 3350 4550 Patris.
3387 4492 3597 4549 Seeun-L

331 4564 463 4634 dum
500 4578 565 4616 ea
587 4578 720 4634 quae
752 4578 946 4618 sumus
991 4564 1325 4634 interpretati
1357 4565 1424 4617 de
1464 4564 1677 4633 pusillis
1708 4562 2005 4634 discipulis
2034 4562 2369 4618 conveniens
2403 4572 2487 4618 est
2513 4564 2723 4617 dicere:
2752 4570 3009 4634 quoniam
3040 4580 3149 4619 non
3184 4565 3372 4619 habuit
3410 4580 3597 4620 neces-

327 4632 536 4705 sarium
561 4632 814 4705 Christus
845 4633 1104 4705 mandare
1128 4633 1195 4687 de
1218 4634 1429 4705 magnis
1459 4632 1508 4687 et
1541 4632 1950 4703 perfectioribus
1980 4632 2229 4688 fidelibus
2253 4649 2361 4687 non
2388 4632 2821 4705 contemnendis,
2851 4635 2942 4690 sed
2967 4633 3035 4689 de
3059 4635 3291 4705 pusillis,
3312 4643 3596 4705 propterea

331 4718 438 4756 non
482 4702 802 4770 simpliciter
842 4702 1046 4757 dictum
1076 4713 1196 4759 est:
1232 4724 1250 4756 ι
1283 4702 1362 4759 Ne
1400 4702 1764 4760 couhémnatis
1796 4718 1966 4758 unum
1994 4705 2062 4759 de
2104 4705 2225 4759 istis
2256 4723 2274 4754 ι
2317 4702 2574 4759 omnibus
2602 4703 2889 4775 discipulis
2918 4702 3070 4774 quos
3088 4705 3283 4761 videtis
3314 4702 3338 4758 ξ
3373 4702 3468 4761 sed
3495 4705 3592 4769 ita,

325 4861 488 4941 et‘ad.
512 4861 738 4941 salutem
775 4878 947 4941 usque
978 4866 1352 4941 perdulterint,
1385 4869 1586 4941 habent
1610 4871 1772 4926 etiam
1802 4869 1907 4941 ipsi
1938 4873 1984 4928 D
2012 4877 2234 4939 propter
2283 4878 2525 4941 nostram
2579 4867 2926 4941 timiditatem
2945 4870 3172 4941 pudore
3216 4869 3431 4938 sull‘usi,
3485 4870 3601 4940 ipsi.

328 4932 581 4987 fiduciam
630 4932 873 4987 videndi'
901 4932 1094 4989 faciem
1144 4935 1340 4993 Patris.
1375 4938 1662 5006 Quomodo
1684 4932 1840 4995 enim'
1859 4941 1904 4996 si

216 5028 225 5033 ν
325 5017 423 5073 per
468 5018 655 5057 curam
706 5018 897 5073 eorum
938 5013 991 5056 et
1034 5006 1358 5062 industriam
1410 5010 1559 5066 salus
1594 5011 1907 5066 hominibus

326 5072 696 5147 comparatur,
727 5072 917 5147 faciem
952 5073 1130 5131 Patris
1163 5093 1377 5147 semper
1408 5082 1722 5134 attendant:
1754 5081 1834 5135 sic
1858 5081 1903 5133 si

329 5159 423 5211 per
471 5143 850 5211 negligentiam
884 5159 1076 5199 eorum
1109 5143 1591 5214 homo'corruerit,
1620 5151 1783 5205 etiam
1819 5149 1901 5205 sui

329 5214 552 5285 periculi
586 5230 696 5285 retu
736 5229 857 5268 esse
895 5232 1001 5269 non
1041 5216 1309 5273 nesciunt.
1344 5238 1362 5270 ι
1406 5218 1541 5285 Quis
1575 5222 1701 5275 huic
1730 5221 1906 5274 errori

327 5283 476 5337 color
504 5283 672 5337 oblini
698 5293 895 5353 potest,
926 5300 1033 5338 non
1065 5287 1256 5352 video;
1289 5283 1618 5357 pateremur,
1652 5292 1696 5346 si
1731 5290 1908 5345 homi-

331 5369 460 5425 num
514 5362 732 5421 peccata
783 5357 1005 5425 angelos
1050 5357 1258 5425 pudore
1305 5358 1618 5414 suffundere
1675 5361 1905 5414 dixisset

327 5423 620 5500 grigenes,
642 5423 1099 5500 quemadmodum
1132 5425 1574 5500 TheOphylactus
1607 5448 1620 5483 :
1651 5430 1904 5484 Φαίνεται

531 5492 741 5570 τούτου,
773 5495 873 5557 ὅτι,
906 5496 972 5570 ⁵εἰ
1010 5496 1104 5570 καὶ
1128 5491 1636 5570 πάντέςξάγγέλους
1681 5500 1901 5570 ἔχομεν,

462 5562 509 5641 οἰ
532 5562 646 5641 τῶν¹
675 5564 1013 5641 ἁμαρτωλῶν
1040 5566 1293 5641 ἄγγελοι,
1309 5561 1502 5641 ,ὥσπερ
1528 5561 1904 5641 αἰσχυνόμενοι

324 5631 413 5712 διὰ
442 5630 503 5712 τὸ
532 5631 686 5712 ἡμῶν
717 5630 1331 5712 ἀπαρρησίαστον,-ούδὲ
1354 5630 1520 5712 αύτὸἱέ
1544 5630 1727 5712 ἔχόῦσι
1754 5630 1905 5712 ’παῤ-

326 5699 522 5774 ρησᾼίαν
546 5699 676 5774 όρᾷν
688 5703 768 5774 ῌτὸ
800 5699 1088 5774 πρόσωπον
1120 5706 1212 5759 τοῦ
1246 5708 1400 5772 Θεοῦ,
1440 5710 1534 5763 καὶ
1555 5699 1770 5764 δέεσθαι
1806 5699 1903 5765 τά·

324 5770 397 5849 ᾗσι
423 5770 768 5849 ύπξρὴμῶν.
800 5792 818 5823 ι
845 5770 977 5828 lude
998 5770 1455 5849 autemapparet,
1490 5781 1635 5849 quod
1670 5783 1715 5836 si
1747 5797 1906 5849 ange-

324 5844 408 5896 los
438 5841 736 5897 habeamus
769 5858 979 5911 omnes,
1028 5847 1205 5917 angeli
1247 5841 1451 5904 tamen
1478 5841 1698 5906 reorum
1744 5841 1899 5921 quasi

2011 4938 2230 5011 quoque
2258 4954 2372 5011 non
2405 4938 2607 4992 audent
2642 4940 2823 5011 videre
2856 4938 3046 5011 faciem
3072 4938 3186 5001 Dei,
3218 4957 3318 4996 nec
3351 4956 3451 5011 pro
3488 4938 3591 5011 tio-

2015 5007 2098 5064 bis
2136 5010 2366 5080 forsitan
2410 5023 2588 5062 orare.
2624 5027 2643 5061 ι
2678 5007 2803 5064 llaec
2827 5024 2958 5064 vero
2990 5007 3428 5080 disputantur—in
3465 5010 3591 5067 0ri-'-

2008 5080 2267 5148 genianis.
2300 5078 2566 5133 Hunnus.

2077 5149 2188 5215 (72)
2228 5148 2411 5203 Codex
2442 5148 2663 5218 Regius,
2693 5149 2788 5202 καὶ
2814 5149 2902 5202 ἐπ’
2926 5148 3120 5205 ἄλλων.

2080 5219 2191 5291 (7'5)
2230 5219 2411 5274 Codex
2442 5217 2662 5289 Regius,
2689 5218 2794 5290 πρὸ
2815 5218 2907 5272 τοῦ
2934 5219 3176 5288 πυλῶνος
3193 5220 3408 5294 ἀληθῶς
3430 5221 3591 5293 έστη-

2009 5288 2200 5430 κέῗξῖ)
2245 5359 2525 5432 ’ῌδεισαν
2544 5427 2567 5432 A
2587 5358 2687 5432 καὶ
2733 5358 2968 5432 ,Πέτρου
3022 5359 3155 5432 τινὰ
3215 5357 3368 5415 εἶναι
3420 5360 3590 5432 ἅγγε-

2010 5427 2142 5491 λον,
2341 5429 2474 5485 Vide
2529 5427 2970 5499 Origeniauorum
3017 5430 3112 5484 lib.
3155 5445 3220 5495 tt,
3268 5427 3587 5500 quzest."5,

2012 5516 2162 5552 num.
2185 5506 2237 5553 ta
2263 5542 2274 5553 .

2085 5538 2489 5641 τῆς
2530 5568 2734 5641 Ῥόδης
2774 5572 2978 5641 λόγον.
3020 5569 3322 5637 Quamnam
3368 5569 3600 5630 Rhodes

2012 5639 2313 5693 orationem
2369 5639 2456 5693 hic
2502 5640 2788 5709 significet,
2825 5639 2932 5696 non
2958 5642 3157 5696 video:
3197 5657 3319 5696 nam
3352 5641 3473 5696 Act.
3510 5660 3619 5700 xu:

2014 5726 2121 5761 nou
2163 5710 2308 5762 aliud
2349 5710 2464 5779 ipsa
2490 5710 2646 5774 dixit,
2683 5727 2847 5780 quam
2887 5731 2906 5763 ι
2935 5722 3081 5766 stare
3111 5711 3330 5768 Petrqu
3353 5715 3592 5780 anteia-

2013 5794 2181 5855 man
2230 5781 2370 5855 illi
2388 5789 2576 5855 autem
2606 5780 2879 5855 dicebant,
2912 5782 3152 5855 Angelus
3172 5783 3290 5854 ejus
3320 5794 3422 5842 est.
3454 5803 3475 5840 ι
3504 5780 3597 5845 in.

2083 5849 2192 5921 (76)
2240 5850 2341 5917 Τῷ.
2388 5849 2613 5907 Videtur
2640 5852 2956 5923 παρέλκειν.
