4028 6296
474 341 617 395 4171

1942 338 2262 398 ()RICENIS
2312 296 2320 304 .

3602 352 3733 407 “7:!

481 456 702 528 quando
727 471 854 510 vero
881 456 948 510 ab
974 455 1090 524 ipso
1110 453 1223 522 jam
1252 452 1500 507 Domino.
1541 452 1744 509 Deinde
1776 460 1835 507 ut
1865 470 2044 523 parvu-

2163 455 2241 525 τῷ
2273 455 2349 526 τῷ
2389 457 2595 529 Κυρίῳ.
2642 458 2797 512 Μετά
2822 459 2994 514 ταῦτα
3035 461 3114 524 εἰς
3146 460 3488 533 κατασκευὴν
3526 463 3620 517 τοῦ
3661 467 3736 531 ὡς

483 550 573 603 lus
627 549 698 602 ita
746 547 1103 615 intelligatur,
1168 545 1623 614 quemadmodum
1675 546 2052 614 exposuimus,

484 654 827 709 nequaquam
860 637 1015 691 nobis
1046 637 1301 690 mandato
1326 651 1464 705 opus
1496 652 1618 691 esse
1649 636 1912 701 dicemus,
1944 652 2054 706 quo

481 730 947 786 acontemueudis
1006 731 1313 801 majoribus
1350 732 1770 802 prohibeamur,
1822 741 1877 787 at
1927 749 2055 804 erga

481 822 736 890 parvulos
758 836 824 875 eo
849 836 948 875 nos
973 821 1246 893 indigere;
1283 829 1567 893 propterea
1598 839 1704 877 non
1737 824 2056 893 simpliciter

478 911 681 965 dictum
713 926 832 966 esse
860 912 903 944 ⁸⁸
936 931 947 965 :
1003 930 1021 962 ι
1054 910 1130 966 Ne
1171 913 1536 969 contemnatis
1580 929 1750 968 unum
1792 928 1857 967 ex
1883 913 1989 977 his,
2029 932 2048 963 ι

479 1003 793 1059 monstratis
821 1004 1078 1058 omnibus
1105 1004 1388 1074 discipulis
1408 1047 1421 1065 ,
1455 1004 1549 1059 sed
1572 1045 1586 1068 ,
1631 1023 1650 1056 ς
1677 1020 1847 1058 unum
1877 1021 1944 1058 ex
1969 1004 2054 1060 his

475 1096 707 1166 pusillis,
742 1114 760 1147 ι
809 1095 1129 1150 monstratis
1170 1096 1238 1150 ab
1262 1110 1331 1150 eo
1360 1096 1455 1166 qui
1482 1095 1834 1164 exiguitatem
1860 1104 1913 1150 et
1938 1112 2054 1150 ma-

478 1186 817 1258 gnitudinem
853 1186 1022 1241 animi
1051 1187 1264 1258 aspicit.

544 1278 636 1333 29.
677 1277 834 1332 Alius
878 1294 1008 1333 vero
1054 1278 1253 1333 dixerit
1296 1279 1582 1349 parvulum
1634 1279 1774 1333 inter
1804 1279 1927 1334 illos
1957 1293 2054 1348 ap-

472 1370 695 1439 pellari,
744 1371 836 1440 qui
870 1371 1145 1440 perfectus
1171 1379 1289 1435 est,
1324 1386 1391 1425 eo
1420 1382 1579 1426 utens
1606 1372 1919 1426 testimonio
1951 1372 1996 1403 ³⁷
2035 1390 2049 1425 :

476 1477 497 1510 ι
530 1458 663 1514 Nam
711 1460 806 1529 qui
852 1460 1032 1513 minor
1075 1470 1161 1515 est
1208 1461 1351 1515 inter
1377 1477 1473 1516 vos
1502 1477 1727 1525 omnes,
1759 1463 1845 1517 hic
1877 1465 2054 1536 major

469 1557 555 1604 est
574 1588 589 1611 ,
628 1569 647 1601 ι
680 1558 734 1604 et
760 1549 855 1618 qui
879 1564 936 1603 se
966 1550 1225 1619 abjecerit
1244 1591 1260 1615 ,
1289 1558 1344 1603 et
1373 1550 1426 1603 in
1453 1551 1633 1605 medio
1658 1553 1902 1607 omnium
1935 1569 2054 1609 cre-

469 1641 716 1695 dentium
749 1641 973 1696 eﬂ'ectus
998 1641 1160 1696 fuerit
1185 1642 1324 1696 sicut
1360 1643 1620 1711 parvulus
1642 1685 1657 1710 ,
1694 1645 1807 1700 sive
1833 1653 2053 1715 aposto-

472 1733 561 1787 lus
593 1733 702 1799 sit,
735 1736 849 1789 sive
873 1733 1186 1803 episcopus,
1222 1734 1456 1804 talisque
1485 1736 1610 1799 liat,
1654 1755 1673 1788 ι
1714 1746 1972 1806 tanquam
2006 1737 2048 1791 si

472 1825 656 1880 nutrix
694 1825 871 1882 foveat
914 1827 1055 1881 lilios
1102 1842 1234 1882 suos
1260 1826 1341 1891 ⁸⁸,
1381 1846 1400 1878 ι
1453 1843 1577 1881 eum
1610 1845 1730 1883 esse
1760 1831 2046 1900 parvulum

469 1919 611 1973 dicet
636 1919 729 1990 qui
761 1934 789 1972 a
823 1917 950 1973 Jesu
997 1927 1333 1972 monstratus
1362 1927 1477 1984 est,
1515 1929 1568 1974 ct
1609 1921 1754 1976 illius
1796 1922 2046 1991 angelum

466 2009 666 2066 faciem
701 2011 790 2067 Dei
818 2012 1016 2065 intueri
1050 2020 1476 2067 consentaneum
1505 2028 1646 2067 esse.
1688 2012 1877 2068 Dicere
1902 2015 2045 2068 enim

467 2119 563 2173 per
593 2104 851 2174 parvulos
881 2103 969 2158 hic
996 2101 1267 2172 perfectos
1299 2104 1576 2174 designari
1596 2104 1753 2173 juxta
1788 2106 1922 2160 illud
1949 2106 1991 2138 ⁸⁸
2032 2126 2043 2160 :

470 2215 487 2246 ι
526 2194 659 2249 Nam
710 2197 803 2265 qui
840 2196 1018 2249 minor
1057 2205 1140 2250 est
1186 2197 1326 2251 inter
1369 2212 1466 2250 vus
1508 2210 1727 2263 omnes,
1763 2197 1849 2253 hic
1875 2198 2048 2268 major

463 2297 580 2350 est,
624 2308 641 2338 ι
695 2297 747 2342 et
793 2287 1249 2358 quemadmodum
1297 2286 1502 2342 Paulus
1543 2287 1681 2342 dixit
1712 2288 1756 2320 ⁸ο
1804 2306 1819 2343 :
1861 2309 1879 2341 ι
1916 2289 2046 2348 Mihi

463 2377 711 2432 omnium
740 2386 1059 2432 sanctorum
1094 2376 1322 2430 minimo
1372 2375 1498 2428 data
1527 2385 1609 2430 est
1635 2378 1806 2445 gratia
1836 2376 1977 2441 haec,
2022 2396 2040 2427 ι

460 2470 739 2525 videbitur
776 2471 860 2525 bis
898 2470 1078 2524 verbis
1116 2469 1427 2524 consentire
1454 2468 1498 2499 “
1528 2486 1542 2523 :
1590 2487 1608 2519 ι
1642 2468 1746 2534 Qui
1774 2469 2047 2524 scandali-

463 2563 668 2617 zaverit
701 2579 868 2617 unum
905 2564 972 2619 de
999 2563 1213 2633 pusillis
1240 2563 1378 2627 isi-is,
1419 2582 1436 2612 ι
1472 2572 1635 2633 atque
1660 2562 1787 2616 item
1823 2562 1930 2616 illis
1956 2562 2000 2593 "'
2028 2579 2041 2615 :

468 2674 488 2706 ι
525 2653 617 2709 Sic
662 2670 772 2710 non
815 2666 897 2710 est
937 2655 1191 2711 voluntas
1235 2662 1360 2708 ante
1406 2652 1617 2708 Patrem
1648 2669 1828 2708 meum
1862 2652 1955 2722 qui
1988 2653 2042 2707 in

461 2746 617 2802 caelis
647 2755 765 2812 est,
802 2756 862 2801 ut
893 2755 1081 2815 pereat
1124 2761 1269 2800 unus
1299 2747 1365 2800 de
1395 2745 1610 2816 pusillis
1650 2745 1801 2807 istis;
1840 2764 1858 2797 ι
1893 2760 2041 2807 nam,

462 2846 524 2892 ut
552 2853 581 2891 a
610 2837 763 2893 nobis
794 2838 1000 2893 dictum
1034 2846 1151 2903 est,
1181 2837 1274 2907 qui
1313 2852 1458 2891 nunc
1484 2836 1741 2905 parvulus
1777 2846 1893 2899 est,
1944 2850 2045 2888 nec

459 2929 814 2986 onensionem
846 2930 981 3000 pati,
1007 2946 1108 2985 nec
1135 2931 1310 3000 perire
1331 2936 1496 2998 queat
1524 2945 1538 2983 :
1580 2947 1598 2979 ι
1627 2926 1737 2980 Pax
1773 2926 2040 2995 siquidem

463 3021 633 3075 multa
665 3019 1017 3091 diligentibus
1047 3034 1244 3073 nomen
1270 3017 1383 3084 Dei,
1409 3031 1464 3071 et
1490 3032 1601 3071 non
1634 3024 1717 3070 est
1755 3015 1860 3069 illis
1885 3029 2044 3068 scan-

2156 540 2511 619 ἓξειλήφαμεν
2557 549 2791 603 νοεῖσθαι
2829 550 2921 602 τὸν
2968 552 3160 623 μικρὸν
3195 552 3548 625 λεχθήσεσθαι
3602 556 3732 623 (77),

2155 639 2237 692 ὅτι
2263 641 2323 692 οὐ
2352 639 2581 711 δεόμεθα
2620 641 2717 711 μὲν
2757 642 2976 711 ἐντολῆς
3018 644 3119 713 τῆς
3160 647 3286 717 περὶ
3331 645 3425 699 τοῦ
3459 646 3535 718 μὴ
3577 665 3733 702 κατα-

2156 734 2369 801 φρονεῖν
2409 733 2501 786 ὲπὶ
2542 732 2649 785 τῶν
2688 734 2962 803 μεγάλων,
2996 734 3270 807 χρῄζομεν
3313 737 3371 790 δὲ
3424 739 3594 810 αὐτῆς
3638 741 3729 793 ἐπὶ

2154 821 2262 874 τῶν
2306 823 2551 894 μικρῶν’
2599 823 2679 876 διὸ
2707 824 2805 893 οὐχ
2849 824 3035 887 ἁπλῶς
3081 825 3325 897 εἴρηται·
3378 847 3398 878 ι
3435 829 3527 900 Μὴ
3568 846 3728 883 κατα-

2155 916 2461 986 φρονήσητε
2497 915 2616 979 ἐνὸς
2655 917 2881 981 τούτων,
2922 937 2941 965 ι
2979 918 3342 988 δεικνυμένων
3373 922 3583 975 πάντωε.
3623 923 3727 977 τῶν

2157 1005 2437 1077 μαθητῶν,
2470 1006 2583 1059 ἀλλ’
2630 1025 2648 1057 ι
2688 1007 2806 1070 ἑνὸς
2838 1007 3041 1060 τούτων
3072 1008 3178 1061 τῶν
3210 1009 3443 1080 μικρῶν,
3474 1029 3493 1062 ι
3529 1012 3729 1066 δεικνυυ

2158 1097 2334 1167 μένων
2383 1097 2487 1150 ὑπὸ
2528 1096 2622 1150 τοῦ
2670 1097 2958 1169 βλέποντος
3006 1100 3308 1171 μικρότητα
3350 1103 3445 1154 καὶ
3500 1102 3725 1172 μεγαλό-

2153 1203 2292 1257 τητα
2323 1185 2432 1259 (78)
2462 1186 2659 1258 ψυχῆς.

2228 1278 2417 1342 ΙἈλλος
2441 1278 2484 1331 δ’
2516 1279 2582 1332 ἂν
2616 1278 2764 1347 λέγοι
2799 1281 2993 1352 μικρὸν
3027 1282 3085 1335 ὲν
3126 1280 3333 1344 τούτοις
3363 1279 3613 1349 λέγεσθαι
3639 1279 3725 1336 τὸν

2151 1365 2381 1429 τέλειον,
2420 1366 2804 1438 συγχρώμενος
2825 1368 2904 1439 τῷ
2929 1386 2943 1399 ⁸
2998 1389 3017 1419 ι
3068 1370 3125 1423 '0
3168 1370 3277 1442 γὰρ
3314 1370 3631 1444 μικρότερος
3670 1373 3724 1425 ἐν

2153 1462 2317 1511 πᾶσιν
2350 1459 2479 1530 ὑμῖν
2506 1458 2786 1530 ὑπάρχων,
2816 1456 2971 1524 οῦτός
2997 1465 3113 1515 ἐστι
3144 1462 3334 1531 μέγας,
3374 1481 3393 1513 ι
3425 1462 3521 1515 καὶ
3545 1464 3723 1533 φήσει,

2151 1552 2232 1604 ὅτι
2260 1553 2288 1604 ὁ
2316 1551 2587 1605 ταπεινῶν
2612 1552 2823 1616 ἑαυτὸν,
2851 1554 2944 1609 καὶ
2964 1554 3247 1624 γινόμενος
3276 1555 3467 1625 νήπιος
3493 1556 3551 1607 ὲν
3582 1555 3726 1625 μέσῳ

2153 1643 2369 1697 πάντων
2405 1643 2785 1707 πιστευόντων,
2815 1643 2917 1697 κᾶν
2953 1645 3268 1708 ἀπόστολος,
3304 1644 3405 1698 κᾶν
3434 1645 3729 1708 ἐπίσκοπος

2150 1731 2206 1808 ᾖ,
2239 1736 2333 1789 καὶ
2360 1735 2640 1806 γινόμενος
2673 1755 2691 1787 ‹
2724 1737 2967 1801 τοιοῦτος
3015 1738 3088 1801 ὡς
3126 1737 3190 1790 ἂν
3227 1738 3427 1809 τροφὸς
3457 1737 3638 1809 θάλπῃ
3661 1737 3729 1790 τὰ

2086 1799 2125 1852 Β
2154 1799 2567 1898 ἓαυτῆςντέκνα,
2608 1847 2626 1879 ι
2663 1822 2819 1891 οῦτός
2860 1799 3007 1881 ἐστιν
3122 1799 3469 1900 δεικνύμενος
3501 1799 3729 1884 ὑπὸ-’τώ

2154 1917 2338 1988 ’Ἰησοῦ
2374 1919 2588 1990 μικρὸς,
2621 1920 2714 1973 καὶ
2741 1919 2886 1983 ἄξιόν
2913 1937 2975 1989 γε
3006 1919 3099 1973 τοῦ
3130 1921 3370 1974 τοιούτου
3406 1921 3633 1991 ἄγγελον
3653 1916 3732 1975 εἵ-

2150 2025 2238 2062 ναι
2279 2007 2542 2078 βλέποντα
2577 2009 2638 2062 τὸ
2684 2010 2973 2081 πρόσωπον
3020 2010 3114 2063 τοῦ
3164 2011 3320 2064 Θεοῦ.
3369 2011 3442 2064 Τὸ
3483 2010 3593 2084 γὰρ
3639 2029 3727 2083 μι-

2151 2100 2316 2170 κροὺς
2343 2099 2522 2168 λέγειν
2570 2100 2805 2154 ἐνταῦθα
2849 2102 2975 2164 τοὺς
3020 2101 3259 2165 τελείους
3302 2101 3443 2155 κατὰ
3468 2103 3565 2155 τό’
3601 2121 3620 2153 ι
3670 2102 3728 2157 Ὁ

2149 2192 2257 2264 γὰρ
2289 2194 2608 2265 μικρότερος
2641 2196 2696 2246 ὲν
2728 2194 2892 2247 πᾶσιν
2923 2195 3052 2264 ὑμῖν
3092 2194 3373 2266 ὑπάρχων,
3417 2186 3572 2258 οῦτός
3614 2198 3729 2249 ἐστι

2153 2285 2345 2356 μέγας,
2382 2306 2399 2337 ι
2434 2286 2529 2339 καὶ
2556 2286 2631 2349 ὡς
2657 2288 2684 2338 ὁ
2715 2286 2926 2350 Παῦλος
2949 2283 3069 2340 εἶπε
3098 2288 3158 2341 τό
3178 2304 3193 2318 ⁸
3238 2307 3256 2338 ι
3306 2287 3461 2358 Ἐμοὶ
3487 2287 3566 2358 τῷ
3603 2288 3725 2343 ἐλα-

2148 2377 2445 2448 χιστοτέρῳ
2477 2377 2694 2430 πάντων
2725 2377 2892 2446 ἁγίων
2922 2378 3077 2449 ἐδόθη
3120 2381 3152 2446 ἠ
3193 2379 3353 2450 χάρις
3380 2378 3541 2451 αὕτη,
3584 2399 3604 2431 ι
3641 2381 3724 2435 δό-

2150 2467 2228 2532 ξει
2260 2468 2358 2538 μὲν
2405 2468 2650 2539 συνᾴδειν
2683 2467 2761 2539 τῷ
2784 2486 2796 2498 ·
2834 2487 2852 2519 ι
2900 2471 2995 2532 Ὃς
3024 2469 3088 2523 ἂν
3126 2470 3456 2544 σκανδαλίσῃ
3486 2470 3581 2524 ἕνα
3618 2472 3727 2525 τῶν

2150 2558 2360 2630 μικρῶν
2392 2557 2616 2622 τούτων,
2655 2579 2671 2610 ι
2703 2560 2798 2613 καὶ
2821 2558 2927 2630 τῷ·
2964 2581 2982 2610 ι
3021 2559 3206 2625 Οὕτως
3231 2563 3333 2615 οὐκ
3366 2561 3479 2615 ἔστι
3516 2562 3728 2633 θέλημα

2146 2650 2456 2722 ἔμπροσθεν
2484 2651 2581 2704 τοῦ
2614 2652 2827 2723 Πατρός
2861 2668 2962 2721 μου
2991 2651 3100 2722 (79)
3128 2653 3224 2705 τοῦ
3253 2653 3313 2704 ὲν
3342 2654 3610 2725 οὐρανοῖς,
3642 2654 3728 2707 ἵνα

2144 2742 2398 2796 ἀπόλοιτο
2430 2738 2510 2806 εἷς
2535 2742 2644 2797 τῶν
2674 2742 2884 2815 μικρῶν
2915 2742 3149 2796 τούτων’
3197 2762 3214 2794 ι
3250 2745 3279 2796 ό
3324 2744 3453 2816 γὰρ,
3482 2745 3560 2808 ὡς
3594 2745 3728 2797 ἀτω-

2142 2835 2369 2901 δέδοται,
2400 2834 2495 2889 νῦν
2529 2836 2723 2908 μικρὸς
2764 2837 2825 2889 οὐ
2859 2835 3297 2907 σκανδαλισθείη,
3339 2835 3445 2889 οὐδ’
3477 2835 3730 2890 ἀπόλοιτο

2145 2927 2210 2983 ἄν
2233 2945 2248 2959 ·
2289 2946 2308 2978 ι
2342 2929 2547 3000 Εἰρήνη
2578 2929 2686 3000 γὰρ
2712 2928 2882 3000 πολλὴ
2913 2932 3023 2992 τοῖς
3054 2929 3306 2997 ἀγαπῶσι
3334 2928 3393 2982 τὸ
3430 2929 3595 2999 ὄνομα
3622 2923 3721 2981 τοῦ

2144 3019 2281 3073 Θεοῦ
2320 3020 2453 3091 (80),
2502 3021 2596 3073 καὶ
2644 3023 2744 3074 οὐκ
2784 3021 2930 3073 ἔστιν
2967 3020 3153 3083 αὐτοῖς
3199 3020 3514 3074 σκάνδαλον·
3548 3038 3568 3070 ι
3617 3017 3715 3071 καί⁸

461 3106 644 3162 dalum
670 3107 717 3139 "'
745 3125 759 3162 :
805 3127 823 3158 ι
858 3122 959 3162 nec
991 3116 1137 3162 certe
1166 3116 1352 3176 pereat
1378 3106 1471 3175 qui
1500 3105 1639 3159 inter
1666 3119 1859 3159 omnes
1881 3103 2041 3156 Chri-

2146 3111 2247 3164 οὐκ
2279 3110 2345 3163 ἂν
2375 3110 2629 3163 ἀπόλοιτο
2663 3112 2690 3163 ὁ
2725 3111 2940 3164 πάντων
2980 3111 3297 3183 μικρότερος
3337 3112 3392 3163 ἐν
3436 3110 3568 3162 πᾶσι
3596 3111 3714 3169 τοῖς

459 3199 529 3253 sti
565 3197 863 3268 discipulos
914 3198 1160 3251 omnium
1208 3196 1469 3251 minimus
1516 3205 1634 3261 est,
1669 3204 1721 3249 et
1754 3204 2039 3265 propterea

461 3307 691 3360 magnus
722 3290 968 3355 exsistit;
1010 3297 1063 3343 et
1104 3304 1228 3344 cum
1262 3304 1369 3342 non
1397 3295 1610 3356 pereat,
1645 3287 1696 3339 id
1729 3286 1922 3339 merito
1954 3285 2038 3337 di.

458 3392 546 3438 cat
574 3381 621 3414 “
651 3402 663 3436 :
704 3402 721 3433 ι
758 3380 894 3448 Quis
922 3396 1025 3436 nos
1051 3381 1327 3450 separabit
1354 3380 1519 3449 610
1547 3395 1576 3432 a
1611 3378 1899 3443 cbaritate,
1933 3398 1950 3428 ι
1984 3388 2036 3430 et

457 3487 672 3533 cartera.
758 3476 860 3531 Sed
913 3476 1007 3546 qui
1059 3486 1387 3545 postremam
1441 3476 1580 3529 banc
1640 3474 2032 3544 expositionem

457 3570 597 3624 tueri
623 3570 798 3635 volet,
836 3570 1074 3624 animam
1111 3567 1247 3638 justi
1282 3567 1572 3622 mutationi
1609 3581 1831 3636 quoque
1859 3566 2034 3619 obno~

457 3663 602 3716 xiam
646 3676 766 3716 esse
788 3662 966 3728 dicet,
996 3658 1462 3729 quemadmodum
1507 3665 1737 3712 testatur
1786 3654 2036 3711 Ezechiel

454 3756 645 3811 dicens
675 3754 884 3824 justum
912 3769 942 3807 a
974 3751 1068 3807 Dei
1108 3751 1383 3807 mandatis
1407 3750 1687 3806 discedere
1714 3764 1875 3820 posse
1895 3791 1911 3816 ,
1964 3749 2037 3802 ita

2092 3189 2111 3208 ³
2149 3198 2420 3272 μαθηταῖς
2447 3198 2684 3270 Χριστοῦ
2717 3201 2997 3270 ὑπάρχων,
3030 3202 3122 3254 καὶ
3147 3201 3234 3255 διὰ
3263 3200 3412 3253 τοῦτο
3437 3201 3722 3270 γινόμενος

2147 3293 2339 3364 μέγας·
2366 3294 2459 3346 καὶ
2498 3294 2621 3345 ἐπεὶ
2646 3293 2745 3346 οὐκ
2772 3292 2837 3346 ἂν
2867 3293 3140 3357 ἀπόλοιτο,
3173 3292 3320 3361 λέγοι
3349 3292 3414 3347 ἂν
3441 3292 3502 3345 τό
3521 3310 3535 3323 ⁸
3582 3311 3600 3343 ι
3629 3288 3727 3355 Τίς

2142 3384 2288 3453 ἡμᾶς
2314 3383 2524 3454 χωρίσῃ
2551 3384 2658 3436 ἀπὸ
2690 3384 2789 3455 τῆς
2821 3384 3062 3455 ἀγάπης,
3103 3403 3120 3435 ι
3169 3385 3262 3437 καὶ
3288 3383 3359 3437 τὰ
3396 3384 3540 3454 ἑξῆς.
3588 3384 3724 3438 Ἀλλ’

2139 3478 2169 3529 ὁ
2199 3475 2520 3545 βουλόμενος
2547 3476 2646 3544 τὴν
2686 3474 2999 3528 τελευταίαν
3031 3473 3232 3545 ταύτην
3277 3479 3499 3545 κρατεῖν
3533 3475 3723 3545 διήγη-

2145 3584 2230 3620 σιν
2276 3569 2458 3639 φήσει,
2506 3568 2588 3620 ὅτι
2638 3568 2984 3638 μεταπτωτάς
3011 3569 3126 3619 ἐστι
3176 3566 3269 3620 καὶ
3310 3569 3343 3637 ἡ
3385 3567 3478 3619 τοῦ
3522 3564 3724 3619 δικαίου

2142 3659 2310 3732 ψυχὴ,
2343 3660 2419 3724 ὡς
2449 3662 2717 3732 μαρτυρεῖ
2745 3659 2838 3714 καὶ
2862 3661 2889 3713 ὁ
2923 3658 3182 3730 Ἰεζεκιὴλ
3205 3659 3381 3728 λέγων
3403 3659 3497 3713 τὸν
3523 3659 3725 3714 δίκαιον

2145 3750 2475 3819 ἀφίστασθαι
2518 3749 2776 3805 δύνασθαι
2801 3749 2910 3804 τῶν
2938 3748 3166 3802 ἐντολῶν
3205 3748 3300 3803 τοῦ
3345 3748 3505 3813 Θεοῦ,
3531 3749 3607 3814 ὡς
3647 3748 3719 3818 μὴ

1546 3854 1557 3865 ⁴
1655 3885 1889 3942 verus
1925 3884 2516 3941 lN'l‘ERPRETATIO.

461 4027 479 4058 ι
509 4023 681 4062 unum
713 4007 779 4062 de
804 4009 1018 4077 pusillis
1053 4007 1209 4079 istis,
1244 4027 1262 4058 ι
1311 4022 1473 4079 quos_
1497 4009 1863 4075 cognoscebat
1906 4008 2029 4079 ess'e
2072 4008 2303 4079 pusillos
2344 4009 2435 4077 qui
2471 4008 2656 4063 videre
2696 4017 2908 4077 poterat
2949 4008 3320 4063 modicitatem
3371 4016 3427 4062 et
3454 4007 3721 4079 magnitu-

455 4078 636 4201 diuﬁm
674 4078 1026 4200 illivisibilium
1061 4078 1391 4131 animarum.
1431 4076 1583 4132 Talia
1617 4088 1671 4132 et
1696 4079 1948 4148 superius
1976 4076 2215 4133 diximus
2252 4094 2265 4129 :
2300 4096 2318 4129 ι
2355 4076 2412 4132 Si
2439 4079 2564 4149 quis
2594 4076 3044 4133 scandalizaverit
3073 4094 3241 4132 unum
3271 4079 3339 4132 de
3365 4076 3579 4149 pusillis
3607 4078 3723 4133 istis

455 4164 546 4201 ere
586 4156 693 4201 entt
721 4165 803 4201 ius
835 4166 889 4201 ιιι
918 4165 1026 4201 me.
1064 4167 1081 4197 ι

455 4149 803 4202 credentibus
835 4150 889 4202 in
918 4165 1026 4201 me.
1064 4167 1081 4197 ι

526 4219 618 4273 29.
653 4219 806 4289 Alius
837 4229 1016 4273 autem
1050 4217 1278 4272 forsitan
1318 4218 1451 4271 dicit
1479 4218 1734 4285 pusillum
1761 4218 1848 4273 bic
1876 4220 1980 4274 dici
2012 4218 2334 4288 perfectum,
2368 4217 2667 4272 secundum
2720 4219 2853 4272 illud
2880 4218 3027 4289 quod
3054 4220 3185 4275 alibi
3221 4219 3333 4272 ait:
3360 4236 3379 4269 ι
3407 4217 3509 4289 Qui
3538 4225 3719 4289 autem

453 4289 634 4342 minor
676 4286 840 4342 fuerit
886 4289 937 4342 in
977 4289 1230 4343 omnibus
1264 4289 1453 4349 vobis,
1493 4290 1579 4342 hic
1612 4289 1717 4341 erit
1748 4289 1941 4358 major.
1977 4286 2146 4356 {Qui
2186 4292 2332 4345 enim
2370 4288 2739 4342 humiliaverit
2779 4305 2860 4352 se,
2889 4286 3130 4343 imitator
3152 4290 3417 4345 exsistens
3445 4287 3593 4358 illius
3624 4286 3721 4353 qui

456 4358 810 4427 semetipsum
853 4359 1162 4412 bumiliavit
1186 4375 1284 4425 pro
1312 4360 1485 4412 salute
1514 4359 1770 4428 humana
1790 4356 1848 4412 in
1876 4362 2056 4414 medio
2080 4360 2439 4421 credentium,
2475 4360 2589 4413 sive
2620 4359 2710 4412 ille
2743 4360 3027 4428 apostolus
3058 4358 3239 4419 fuerit,
3267 4359 3378 4428 sive
3405 4356 3721 4428 episcopus,

454 4431 570 4498 ipse
596 4425 680 4483 est
706 4430 941 4499 pusillus
974 4444 1137 4499 quem
1162 4429 1418 4483 Christus
1442 4429 1697 4499 ostendit.
1730 4426 1915 4484 Talem
1942 4446 2001 4484 se
2027 4431 2283 4497 pusillum
2309 4429 2472 4482 etiam
2503 4429 2704 4483 Paulus
2735 4425 2973 4482 ostendit
3006 4431 3193 4483 dicens
3228 4444 3241 4499 ξ
3279 4446 3297 4477 ι
3333 4425 3461 4478 Mihi
3490 4427 3721 4499 minimo

452 4496 723 4570 omnium'
746 4508 1065 4554 sanctorum
1112 4497 1237 4570 data
1275 4506 1360 4552 est
1392 4498 1574 4570 gratia
1618 4498 1751 4570 haec.
1795 4518 1813 4549 ι
1875 4501 1981 4553 Sed
2025 4496 2357 4570 bujusmodi,
2387 4499 2716 4568 expositioni
2766 4500 2897 4553 illud
2949 4502 3094 4569 quod
3143 4497 3339 4570 dicitur
3378 4512 3473 4570 :__(_
3505 4496 3563 4549 Si
3598 4497 3723 4570 quis

451 4569 908 4624 scandalizaverit
952 4582 1122 4637 unum
1169 4569 1236 4620 de
1280 4568 1496 4637 pusillis
1546 4568 1686 4631 istis,
1715 4588 1734 4617 ι
1777 4579 1830 4624 et
1875 4581 2065 4624 caetera
2089 4566 2110 4634 ,⁷
2137 4587 2244 4624 non
2274 4566 2489 4623 videtur
2532 4570 2845 4630 convenire,
2878 4566 2982 4623 vel
3010 4570 3144 4624 illud
3179 4568 3325 4637 quod
3371 4566 3574 4620 dicitur
3603 4567 3716 4620 sic:

458 4660 475 4689 ι
508 4639 625 4692 Νοιι
656 4651 739 4694 est
765 4642 1020 4695 voluntas
1048 4636 1227 4691 Patris
1261 4636 1364 4691 mei
1398 4638 1497 4710 qui
1532 4638 1584 4710 in
1621 4639 1776 4693 caelis
1810 4652 1913 4706 est,
1951 4649 2009 4694 ut
2049 4650 2235 4710 pereat
2275 4656 2417 4694 unus
2443 4639 2511 4694 de
2544 4640 2756 4710 pusillis
2796 4640 2950 4699 istis.
2987 4658 3004 4690 ι
3052 4636 3312 4709 quoniam
3342 4638 3464 4710 talis
3496 4637 3720 4706 pusillus

451 4710 545 4778 qui
588 4725 715 4762 vere
745 4710 1018 4779 peri-ctus
1046 4718 1148 4772 est,
1174 4722 1288 4779 non
1334 4708 1762 4779 scandalizatur,
1805 4726 1906 4765 nec
1941 4706 2118 4779 perit:
2152 4731 2169 4761 ι
2205 4710 2315 4764 Pax
2365 4710 2509 4764 enim
2544 4706 2730 4764 inulta
2776 4706 3125 4778 diligentibus
3169 4711 3340 4777 legem
3373 4706 3489 4770 Dei,
3538 4717 3590 4760 et
3618 4722 3721 4779 non

451 4777 688 4850 estillis
728 4777 1071 4835 scandalum.
1104 4799 1122 4830 ι
1172 4777 1242 4850 Et
1276 4778 1535 4850 quoniam
1565 4794 1694 4850 _non
1737 4781 1874 4847 perit
1908 4777 2142 4850 pusillus
2191 4780 2537 4849 bujusmodi,
2589 4781 2770 4833 dicere
2815 4777 3029 4849 potest:
3080 4799 3099 4829 ς
3127 4779 3260 4844 Quis
3306 4794 3408 4832 nos
3454 4777 3722 4850 separabit

453 4864 484 4902 a
518 4848 785 4919 cliaritate
810 4850 926 4908 Dei.
960 4867 1081 4918 quae
1113 4858 1197 4904 est
1230 4847 1285 4900 in
1311 4848 1532 4903 Clu-isto
1558 4846 1684 4903 Jesu
1707 4846 1775 4902 ἴ»
1820 4860 1873 4904 et
1904 4846 2120 4906 caatera.
2155 4846 2385 4919 Sed'qui
2423 4846 2563 4905 hanc
2603 4846 2998 4918 expositionem
3042 4850 3323 4904 existimat
3357 4863 3560 4912 veram,
3595 4849 3722 4901 dicit

452 4917 717 4991 quoniam
757 4928 811 4991 et
841 4917 1248 4991 justibmninis
1294 4921 1477 4973 anima
1506 4919 1770 4991 vertibilis
1800 4931 1903 4991 est,
1931 4934 1985 4974 et
2024 4917 2427 4976 scandalizatur
2469 4917 2783 4991 aliquando,
2816 4921 2917 4974 etsi
2961 4938 3066 4974 non
3111 4920 3290 4981 facile,
3308 4918 3467 4991 _sicut
3498 4927 3722 4991 testatur

500 4988 703 5042 zechiel
749 4989 936 5060 dicens
974 4990 1136 5060 etiam
1179 4989 1389 5057 justum
1435 5004 1465 5042 a
1504 4990 1786 5060 mandatis
1817 4989 1909 5044 Dei
1952 5007 2111 5060 posse
2154 4993 2442 5056 recedere,
2485 4988 2658 5044 ita—ut
2704 5007 2812 5044 non
2860 4992 3159 5059 imputetur
3206 4991 3265 5044 ei'
3305 4989 3514 5057 iustitia
3553 4989 3718 5060 prior.

450 5058 744 5129 PrOpterea
794 5058 967 5113 dicit:
1000 5080 1017 5109 ι
1046 5059 1103 5112 Si
1133 5060 1258 5129 quis
1295 5059 1748 5115 scandalizaverit
1789 5057 1965 5114 unum
2008 5063 2075 5116 de
2116 5063 2328 5132 pusillis
2368 5063 2525 5121 istis;
2559 5081 2577 5112 ι
2635 5069 2689 5116 et
2735 5062 2865 5131 quia
2911 5057 3069 5114 (non
3119 5068 3205 5114 est
3249 5060 3508 5115 voluntas
3550 5057 3721 5111 Patris

523 5203 569 5235 ³⁵
609 5201 801 5255 Matth.
842 5216 992 5262 xnn,
1024 5202 1106 5253 ill.
1184 5202 1226 5232 ³⁷
1268 5162 1396 5254 Luc.
1432 5214 1507 5258 ιχ,
1538 5200 1627 5252 48.
1728 5200 1770 5230 ³⁸
1810 5199 2044 5255 lTlu-ss.

2167 5201 2218 5256 7.
2306 5202 2351 5233 3’
2393 5199 2525 5256 Luc.
2559 5217 2635 5266 Ix,
2662 5201 2750 5255 48.
2838 5200 2882 5231 ¹⁸⁰
2950 5199 3147 5267 Ephes.
3184 5216 3264 5266 ιιι,
3300 5200 3353 5254 8.
3451 5198 3491 5231 "
3534 5197 3718 5252 Matth.

452 5290 581 5328 xvtu
606 5316 619 5339 ,
652 5275 704 5327 6.
785 5274 829 5303 "
871 5272 998 5326 ibid.
1040 5272 1121 5324 l4.
1200 5271 1244 5301 "
1282 5269 1427 5324 Psal.
1459 5286 1650 5333 cxvm,
1682 5271 1801 5325 165.
1880 5272 1925 5302 δ”
1966 5271 2124 5326 Rom.
2158 5289 2276 5338 vtu,
2310 5273 2400 5327 55.

2838 5200 2882 5231 ¹⁸⁰
2950 5199 3147 5270 Ephes.
3184 5216 3264 5266 ιιι,
3300 5200 3353 5254 8.

2142 5421 2399 5490 Origenes
2449 5437 2632 5490 supra.
2668 5419 2778 5474 Cur
2810 5428 2990 5474 autem
3044 5420 3096 5472 in
3150 5417 3448 5490 referendis
3488 5433 3520 5490 e
3573 5415 3721 5472 Scri-

2146 5488 2301 5561 ptura
2344 5492 2476 5544 locis
2511 5488 2616 5544 tam
2649 5507 2789 5558 saepe
2820 5492 2888 5544 ab
2917 5491 3210 5561 exemplari
3242 5489 3460 5561 recedat
3485 5488 3569 5561 hae
3595 5505 3720 5541 cau-

2249 5571 2410 5615 sunt:
2447 5563 2591 5628 quod
2620 5562 2943 5614 inconsultis
2983 5561 3136 5613 libris
3178 5559 3524 5614 festinatione
3556 5559 3719 5626 impe-

2148 5633 2319 5693 ditus,
2356 5642 2410 5684 et
2439 5633 2680 5685 conlisus
2717 5634 2993 5686 memoriae
3023 5646 3085 5684 ea
3121 5632 3406 5693 recitaret;
3444 5639 3555 5682 tum
3580 5630 3719 5697 quod

2149 5702 2263 5771 ipsa
2311 5703 2640 5770 exeinplaria
2680 5703 2848 5757 variis
2895 5700 3125 5756 subinde
3170 5699 3350 5755 modis
3404 5700 3717 5769 interpolata

2146 5783 2201 5826 et
2236 5784 2439 5826 mutata
2472 5776 2599 5826 sint.
2630 5771 2706 5827 in.

525 5413 659 5483 (77).
684 5416 1118 5487 Λεχθήσεσθαι.
1160 5417 1300 5486 Lege
1331 5416 1674 5487 λεχθήσεται.

525 5488 636 5568 (13)
677 5492 857 5568 Eodex
895 5488 1118 5568 Regius,
1152 5487 1563 5568 μεγαλειότητα.

521 5556 640 5631 (Ἴθι
656 5561 1054 5631 ’Ἔμπροσθεν
1077 5556 1181 5631 τοῦ
1206 5560 1437 5631 Πατρός
1456 5556 1599 5631 μου.
1644 5560 1819 5631 Vulgo
1843 5562 2037 5630 legitur

457 5628 958 5700 aptnluMntllltBum,
992 5630 1204 5700 Πατρὸς
1238 5628 1414 5700 ὑμῶν.
1455 5630 1717 5687 IIUETIUS.

526 5697 637 5766 (80)
681 5698 809 5762 Τοῖς
850 5697 1126 5766 ἀγαπῶσιῖ
1164 5700 1233 5751 τὸ
1276 5697 1463 5765 ὄνομα
1504 5700 1609 5753 τοῦ
1652 5702 1821 5756 Θεοῦ.
1869 5703 2038 5768 Vulgo

454 5764 651 5834 legitur
687 5783 700 5819 :
742 5770 852 5829 τοῖς
898 5764 1156 5836 ἀγαπῶσι
1204 5768 1294 5820 τὸν
1330 5764 1490 5835 νόμον
1535 5787 1659 5822 σου·
1707 5784 1761 5825 et
1809 5774 1881 5825 ita
1928 5765 2040 5841 ipise
