4028 6296
484 386 501 436 l
520 384 617 442 l75
1961 381 2293 439 ORIGENIS
3589 384 3613 438 1
3630 382 3736 439 176

480 503 577 570 cti,
623 499 777 558 verbi
803 501 998 573 gratia,
1030 512 1141 569 quo
1168 495 1443 561 maledici,
1478 495 1563 552 vel
1593 497 1687 568 qui
1717 497 1799 553 ira
1846 511 2050 552 excau-

2158 493 2331 566 ἀργῷ,
2365 494 2399 566 ἦ
2427 512 2533 549 τινι
2558 493 2665 548 τῶν
2698 496 2756 547 ἐν
2780 495 2895 558 τοῖς
2938 493 3172 558 πολλοῖς.
3200 495 3463 568 Ζητήσεις
3491 491 3587 551 οὖν
3628 498 3735 570 μή..

482 592 744 655 descuut,
790 589 1222 660 propinquorum
1254 588 1461 642 nomini
1492 589 1812 655 detrahunt;
1858 586 1945 641 vel
1971 588 2053 638 vi-

2158 601 2283 637 ποτε
2316 585 2564 639 λανθάνει
2605 603 2690 649 τις
2731 585 2872 639 κατά
2916 587 3007 640 τὸν
3036 587 3198 641 τόπον
3225 589 3454 659 τήρησις
3487 589 3581 643 καὶ
3610 591 3736 657 τοὺς

483 686 765 753 ιιοιεηιὶαξς
797 681 879 735 vel
908 680 1174 745 orationis
1220 680 1500 737 mendacis
1527 688 1581 735 et
1606 680 1830 744 otiosae,
1855 680 1939 733 vel
1968 679 2051 733 af-

2158 679 2426 750 φαντασίᾳ
2452 679 2549 749 τῆς
2578 678 2670 732 τοῦ
2701 678 2873 747 Λόγου
2912 680 3279 750 χρηστότητος
3307 680 3400 732 καὶ
3433 679 3571 751 πρὸς
3610 682 3734 746 τοὺς

482 773 982 843 teriuscujuspiam
1017 773 1189 842 culpa:
1222 789 1286 828 ex
1327 773 1396 829 iis
1421 789 1542 842 qua:
1565 773 1755 827 multis
1783 772 2053 826 inhaerere

2158 770 2233 823 τὰ
2262 771 2492 840 μέγιστα
2544 771 2933 841 ἡμαρτηκότας
2978 768 3040 823 τὸ
3078 758 3523 842 συγγνωμονικδν
3564 772 3733 826 διδόν-

479 863 675 919 solent.
734 861 955 928 Quazres
1004 862 1169 931 igitur
1199 877 1378 916 annon
1411 863 1591 932 aliqua
1620 862 1765 933 circa
1793 862 1938 916 hunc
1967 863 2049 914 lo-

2158 878 2271 924 τας,
2316 860 2411 913 καὶ
2444 861 2572 924 τοὺς
2612 861 2703 913 ἐπὶ
2731 863 2844 924 τοῖς
2879 859 3180 930 ἐλαχίστοις
3214 859 3564 923 διδάσκοντας
3592 861 3733 930 λογί-

477 969 602 1008 cum
645 967 741 1007 eos
780 961 1064 1022 praetereat
1106 953 1447 1017 observatio,
1483 953 1582 1024 qui
1608 954 1674 1008 ad
1704 952 1861 1008 Verbi
1896 952 2051 1006 beni-

476 1044 738 1116 gnitatem
785 1045 1124 1100 attendentes
1159 1044 1212 1098 in
1244 1045 1620 1099 condonandis
1664 1045 1918 1098 maximis
1957 1043 2053 1097 fla-

476 1137 804 1208 gitiosorum
848 1136 1172 1193 criminibus
1203 1136 1391 1192 faciles
1424 1152 1484 1192 se
1517 1136 1667 1201 dant,
1717 1146 1773 1190 et
1801 1150 1896 1190 eos
1922 1134 2049 1189 item

475 1230 572 1301 qui
600 1230 656 1285 in
682 1229 925 1285 minimis
952 1245 1050 1299 pro
1078 1228 1296 1285 ethuico
1328 1238 1381 1283 et
1420 1229 1709 1299 publicano
1740 1226 2049 1282 habendum

475 1336 599 1379 esse
621 1322 845 1397 docent,
891 1332 946 1378 et
976 1324 1044 1377 ab
1072 1322 1317 1379 Ecclesia
1357 1331 1642 1391 segregant
1668 1320 1832 1374 trium
1864 1319 1949 1375 vel
1971 1318 2050 1372 le-

476 1411 628 1466 vium
662 1398 928 1466 nox‘arum
963 1427 1118 1467 reum
1150 1429 1164 1465 :
1199 1400 1343 1480 quod
1378 1420 1559 1465 autem
1600 1419 1865 1479 utrosque
1893 1407 2050 1478 fugit,

478 1486 767 1560 tale‘mihi
814 1505 1028 1560 videtur
1073 1520 1221 1570 esse;
1270 1514 1559 1574 postquam
1605 1504 1765 1557 verba
1813 1503 1925 1556 haec
1952 1501 1998 1532 ‘°
2034 1517 2049 1554 :

482 1617 503 1650 ι
535 1595 805 1653 Lucratus
829 1596 938 1651 eris
961 1595 1180 1650 fratrem
1205 1604 1382 1658 unum,
1411 1614 1433 1646 ›
1456 1594 1527 1648 ad
1549 1610 1671 1648 eum
1701 1591 2051 1648 solummodo

2154 951 2340 1016 ζεσθαι
2387 951 2463 1014 ώς
2491 951 2701 1005 ὲθνικὸν
2734 952 2828 1005 καὶ
2872 950 3134 1022 τελώνην,
3183 951 3272 1006 τὸν
3325 953 3467 1023 μετά
3506 955 3628 1025 τρὶς
3664 957 3734 1010 τά

2154 1041 2459 1115 βραχύτερα
2484 1043 2841 1115 ἡμαρτηκότα
2866 1042 3144 1114 ἀλλότριον
3179 1043 3465 1109 ποιοῦντας
3487 1046 3586 1115 τῆς
3617 1046 3733 1100 Ἐκ-

2153 1136 2382 1206 κλησίας
2404 1153 2418 1167 ·
2453 1137 2516 1190 τὸ
2539 1137 2597 1190 δὲ
2618 1136 2877 1190 λανθάνον
2910 1137 3205 1206 ἑκατέρους
3230 1138 3471 1191 τοιοῦτόν
3496 1156 3587 1210 μοι
3609 1141 3732 1209 φαί-

2153 1245 2302 1281 νεται
2322 1245 2336 1258 θ
2364 1227 2427 1281 τό
2444 1244 2458 1258 ⁸
2492 1246 2510 1279 ι
2563 1227 2887 1300 Ἐκέρδησας
2931 1227 3024 1282 τδν
3056 1227 3284 1297 ἀδελφόν
3312 1247 3428 1295 σου,
3464 1249 3484 1281 ι
3520 1231 3613 1282 ἐπὶ
3642 1230 3737 1284 τοῦ

2156 1320 2317 1390 μόνου
2344 1318 2675 1383 ἀκούσαντος
2708 1319 2881 1386 τάξας
2903 1323 2931 1375 ὁ
2964 1322 3155 1391 Λόγος,
3188 1321 3369 1375 οὐκέτι
3390 1323 3523 1375 αὺτδ
3548 1322 3736 1392 ἔθηκεν

2153 1411 2245 1463 ὲπῖ
2275 1409 2369 1464 τοῦ
2399 1410 2649 1483 δεύτερον
2676 1412 2713 1484 ἤ
2741 1412 2922 1484 τρίτον
2953 1415 3301 1478 πταίσαντος,
3334 1414 3426 1467 καὶ
3458 1413 3734 1484 ἐλεγχθέν-

2152 1519 2263 1566 mg’
2303 1501 2416 1555 ἀλλ’
2454 1501 2696 1574 ὠσπερεὶ
2734 1503 3006 1576 μετέωρον
3045 1505 3198 1560 εἴασε
3236 1504 3298 1558 τδ
3324 1505 3589 1574 ἀνάλογον
3624 1505 3734 1576 τῷν

2159 1612 2179 1644 ι
2219 1593 2552 1664 Ἐκέρδησας
2580 1592 2670 1646 τὸν
2704 1593 2933 1663 ἀδελφόν
2978 1612 3093 1660 σου,
3126 1614 3144 1646 ι
3183 1594 3585 1666 λεχθησόμενον

478 1689 574 1759 qui
605 1687 1297 1758 obtemperavit-pertinere
1330 1685 1625 1741 declaravit
1654 1683 1916 1750 Verbum,
1942 1698 2049 1737 non

2158 1684 2247 1738 τοῦ
2284 1684 2533 1757 δεύτερον
2568 1684 2601 1757 ἢ
2642 1682 2825 1756 τρίτον
2858 1687 3222 1758 ἐλεγχθέντος.
3273 1688 3347 1740 Οὐ
3379 1689 3598 1753 πάντως
3644 1684 3736 1742 οὖν

482 1783 626 1856 idem
661 1797 760 1852 pro
792 1797 857 1836 eo
888 1781 1128 1851 amplius
1167 1780 1381 1849 repetiit
1430 1778 1523 1849 qui
1575 1778 1656 1833 bis
1687 1787 1833 1832 terve
1860 1791 2052 1848 pecca-

2158 1772 2493 1850 κερδαίνεται
2523 1777 2642 1830 οὐδὲ
2674 1774 2894 1841 πάντως
2918 1777 3219 1842 ἀπολεῖται,
3252 1779 3286 1850 ἣ
3335 1780 3552 1851 πληγὰς
3579 1781 3737 1852 λήψε-

480 1852 640 1937 vcrit,
674 1882 728 1928 et
761 1873 855 1943 qui
881 1872 1201 1943 objurgatus
1229 1870 1415 1936 fuerit,
1459 1866 1552 1947 sed
1581 1869 1726 1949 quod
1755 1868 1845 1924 his
1873 1860 2053 1922 verbis

2158 1887 2267 1925 ται.
2310 1872 2417 1925 Καὶ
2453 1872 2689 1943 πρόσχες
2717 1872 2990 1943 ἐπιμελῶς
3021 1872 3100 1944 τῷ
3132 1872 3333 1944 πρώτῳ
3366 1873 3461 1943 μὲν
3491 1873 3732 1943 λέγοντι·

480 1965 773 2034 respondet
803 1981 818 2018 :
855 1983 873 2014 ι
908 1961 1178 2018 Lucratus
1218 1961 1329 2016 eris
1359 1954 1773 2015 fratrem'tuum
1794 2001 1810 2026 ,
1841 1978 1866 2011 ›
1897 1959 2054 2031 quasi

480 2072 806 2126 suspensum
843 2055 1081 2126 reliquit,
1135 2054 1393 2124 quodque
1434 2053 1503 2108 de
1540 2068 1606 2107 eo
1648 2052 1742 2123 qui
1795 2052 1879 2107 bis
1910 2062 2056 2106 terve

481 2148 648 2203 fuerit
676 2147 1016 2217 objurgatus,
1042 2145 1331 2201 dicendum
1360 2153 1495 2199 erat.
1533 2142 1651 2198 Non
1677 2144 1900 2198 omnino
1925 2156 2055 2213 ergo

483 2236 714 2302 lucrilit,
764 2251 939 2306 neque
973 2234 1197 2289 omnino
1242 2233 1463 2305 peribit,
1502 2234 1740 2305 plagisvc
1770 2232 2048 2303 plectetur.

479 2329 787 2398 Quinetiam
816 2329 1051 2399 priorem
1082 2327 1259 2382 locum
1288 2326 1575 2398 diligenter
1604 2327 1915 2388 considera,
1959 2316 2051 2396 qui

478 2423 606 2478 talis
644 2430 789 2487 est:
840 2438 858 2471 ι
906 2418 962 2473 Si
1014 2427 1071 2491 te.
1112 2409 1381 2483 audierit,
1429 2406 1677 2473 lucratus
1726 2433 1786 2472 es
1830 2417 2053 2473 fratrem

481 2521 670 2578 tuum;
702 2530 723 2563 ι
772 2518 825 2565 et
874 2512 1103 2565 alterum
1142 2509 1434 2579 Scriptura}
1467 2509 1645 2565 locum
1679 2511 1774 2580 qui
1824 2512 1904 2566 sic
1954 2511 2054 2565 ha-

477 2603 570 2659 bet
601 2603 644 2634 ⁵¹
684 2619 699 2656 :
753 2618 771 2652 ι
817 2598 873 2654 Si
905 2608 1084 2652 autem
1119 2607 1170 2652 te
1201 2613 1309 2652 non
1344 2598 1600 2666 audierit,
1644 2599 1840 2654 adhibe
1874 2608 2051 2655 tecum

478 2693 661 2750 adhuc
691 2708 860 2746 unum
903 2692 985 2746 vel
1013 2691 1122 2746 duo
1144 2729 1160 2754 ,
1194 2698 1253 2744 ut
1296 2690 1348 2743 in
1381 2706 1476 2745 ore
1504 2690 1739 2745 duorum
1776 2691 1858 2745 vel
1888 2692 2052 2746 trium

479 2785 717 2847 testium,
740 2770 846 2839 stet
887 2799 1049 2838 omne
1075 2784 1334 2848 verbum;
1371 2801 1391 2834 ι
1430 2783 1560 2853 quid
1588 2797 1718 2853 ergo
1744 2783 1829 2838 bis
1866 2783 2055 2853 objur-

479 2886 604 2947 gato
649 2877 931 2941 continget
974 2885 1261 2946 postquam
1306 2876 1358 2929 in
1397 2890 1492 2929 ore
1520 2874 1753 2929 duorum
1780 2876 1861 2930 vel
1889 2877 2053 2930 trium

481 2968 701 3023 testium
745 2967 953 3023 steterit
999 2982 1163 3022 omne
1202 2968 1462 3033 verbum,
1512 2967 1673 3022 nobis
1702 2966 2051 3039 coqitandum

482 3059 774 3137 relinquit;
803 3126 811 3135 ι
838 3067 914 3133 ει,
938 3075 1159 3113 rursum
1187 3059 1233 3090 "
1268 3076 1282 3114 :
1324 3078 1343 3133 ι
1376 3059 1531 3124 Quod
1581 3060 1627 3114 si
1677 3074 1785 3113 non
1820 3060 2054 3115 audierit

480 3160 647 3207 testes
670 3166 788 3226 eos,
829 3171 848 3204 ι
882 3151 1127 3207 videlicet
1163 3161 1288 3207 ante
1320 3152 1595 3207 adhibitos
1616 3192 1632 3217 ,
1669 3170 1688 3203 ι
1719 3154 1825 3218 dic,
1854 3152 2049 3222 inquit,
2084 3187 2125 3244 ε

482 3241 780 3319 Εεοιοείαξε
816 3262 835 3295 ι
874 3259 975 3298 nec
1003 3243 1202 3314 adjecit
1227 3245 1359 3315 quid
1391 3245 1465 3300 illi
1514 3245 1638 3310 (iet,
1677 3246 1721 3299 si
1758 3246 2051 3300 Ecclesiam

481 3350 591 3391 non
642 3335 897 3405 audierit,
933 3336 1025 3391 sed
1077 3337 1264 3392 docuit
1312 3352 1413 3408 pro
1441 3338 1660 3392 etlmico
1702 3338 1849 3393 hunc
1897 3338 2053 3392 dein-

481 3445 612 3501 ceps
634 3436 688 3483 et
714 3429 1004 3500 publicano
1025 3429 1093 3484 ab
1113 3446 1178 3485 eo
1204 3430 1511 3507 habendum
1542 3445 1663 3485 esse
1682 3430 1774 3500 qui
1803 3438 1883 3485 ter
1903 3429 2054 3484 illum

482 3523 743 3592 arguerit,
774 3538 874 3577 nec
899 3522 1059 3576 fuerit
1074 3523 1314 3590 auditus,
1333 3522 1378 3576 si
1391 3521 1555 3594 612
1570 3520 1826 3577 Ecclesiae
1844 3537 2049 3577 morem

484 3629 592 3669 non
622 3615 850 3684 gesserit
879 3631 894 3668 :
937 3628 1045 3685 non
1088 3615 1311 3689 omnino
1333 3629 1463 3685 ergo
1479 3613 1708 3691 ‘lucrilit,
1729 3629 1905 3683 neque
1934 3612 2059 3667 fun-

482 3707 633 3761 ditus
652 3706 872 3778 peribit.
910 3705 979 3759 At
1010 3706 1143 3780 quid
1177 3706 1393 3779 tandem
1425 3721 1694 3776 passurus
1717 3705 1788 3761 sit
1817 3708 1909 3775 qui
1948 3705 2059 3774 pri-

488 3811 633 3852 mum
683 3797 992 3867 audientem
1044 3810 1103 3851 se
1149 3810 1256 3870 non
1309 3795 1558 3864 praebuit,
1589 3795 1787 3865 cuique
1829 3795 2056 3851 testibus

484 3901 624 3956 opus
676 3886 799 3950 fuit,
852 3887 934 3940 vel
976 3886 1070 3956 qui
1102 3878 1361 3956 neglectis
1392 3887 1458 3941 iis
1482 3887 1548 3941 ad
1575 3873 1871 3942 Ecclesiam
1903 3886 2055 3942 dela-

488 3987 577 4034 tus
603 3978 726 4042 fuit,
763 3979 907 4036 Deus
938 3980 1178 4045 noverit;
1214 3996 1314 4034 nos
1341 3988 1521 4035 autem
1550 3994 1659 4034 non
1688 3979 2054 4046 declaramus,

2162 1981 2181 2014 ι
2222 1964 2347 2017 Ἐάν
2395 1981 2488 2017 σου
2527 1963 2756 2035 ἀκούσῃ,
2794 1964 3093 2036 ἐκέρδησας
3134 1965 3225 2018 τὸν
3269 1965 3496 2034 ἀδελφόν
3540 1982 3665 2018 σου·
3712 1985 3732 2017 ι

2155 2054 2233 2125 τῷ
2260 2055 2316 2107 δὲ
2341 2054 2580 2126 δευτέρῳ
2601 2055 2742 2109 κατά
2764 2055 2862 2125 τὴν
2885 2055 3028 2120 λέξιν
3055 2057 3206 2127 τόπῳ
3239 2058 3502 2126 φάσκοντι
3526 2073 3541 2088 ’
3578 2076 3596 2108 ι
3618 2057 3739 2110 Ἑάν

2154 2149 2210 2202 δὲ
2249 2147 2326 2218 μὴ
2352 2145 2582 2220 ἀκούσῃ,
2611 2146 2896 2212 παράλαϐε
2924 2147 3062 2217 μετά
3095 2148 3321 2201 σεαυτοῦ
3347 2149 3443 2200 ἕνα
3467 2148 3501 2219 ἡ
3523 2148 3636 2210 δύο,
3655 2149 3742 2204 ἶνα

2150 2240 2252 2313 ἐπὶ
2279 2239 2545 2315 στόματος
2575 2237 2668 2290 δύο
2697 2238 2731 2309 ἢ
2762 2238 2928 2310 τριῶν
2959 2239 3261 2311 μαρτύρων
3282 2239 3610 2310 σταθήσεται
3635 2243 3742 2297 πᾶν

2157 2331 2312 2404 ῥῆμα
2340 2330 2473 2401 (84).
2519 2349 2538 2382 ι
2577 2330 2642 2383 Τί
2665 2326 2758 2383 οὖν
2786 2330 2926 2400 μετά
2958 2331 3020 2384 τὸ
3046 2331 3309 2400 σταθῆναι
3342 2334 3449 2385 πᾶν
3480 2334 3630 2405 ῥῆμα
3652 2335 3742 2388 ἐπὶ

2155 2421 2246 2474 δύο
2277 2421 2311 2491 ἢ
2353 2420 2520 2491 τριῶν
2568 2421 2862 2493 μαρτύρων
2892 2420 3042 2474 ἔσται
3075 2420 3153 2492 τῷ
3188 2421 3440 2492 δεύτερον
3489 2423 3743 2494 νουθετη-

2156 2511 2322 2577 θέντι,
2364 2515 2497 2583 ἡμῖν
2529 2513 2730 2566 ὲννοεῖν
2764 2512 3120 2567 καταλέλοιπε
3145 2530 3159 2544 ο
3195 2513 3288 2567 καὶ
3321 2514 3517 2567 πάλιν·
3557 2535 3576 2567 ι
3621 2516 3744 2569 Ἐὰν

2155 2600 2481 2675 παρακούσῃ
2517 2601 2718 2666 αὐτῶν,
2760 2622 2778 2652 ι
2816 2602 2975 2672 δῆλον
3009 2603 3055 2656 δ’
3093 2604 3176 2657 ὅτι
3214 2605 3323 2658 τῶν
3360 2606 3746 2678 παραληφθέν-

2154 2713 2262 2750 των
2304 2694 2628 2767 μαρτύρων,
2670 2715 2687 2746 ι
2730 2691 2901 2759 εἷπον,
2934 2696 3087 2767 φησὶ,
3129 2700 3196 2768 τῇ
3231 2697 3562 2771 Ἐκκλησία·
3599 2718 3618 2751 ι
3653 2700 3750 2754 καὶ

2153 2787 2255 2840 οὐκ
2298 2783 2420 2840 εἷπε
2471 2786 2525 2839 τί
2587 2786 2854 2850 πείσεται,
2913 2786 3008 2840 ἐὰν
3070 2787 3155 2858 μὴ,
3207 2789 3417 2863 ἀκούσῃ
3469 2789 3570 2861 τῆς
3622 2792 3749 2844 Ἑκο

2154 2880 2414 2951 κλησίας.,
2475 2877 2587 2933 ἀλλ’
2626 2877 2905 2942 ἐδίδαξεν,
2960 2880 3042 2933 ὅτι
3106 2879 3200 2934 sev
3255 2881 3355 2951 τῆς
3417 2882 3749 2953 Ἐκκλησίας

2155 2970 2500 3044 παρακούσῃ,
2546 2970 2628 3022 δεῖ
2659 2971 2826 3023 αὐτὸν
2868 2968 3007 3026 εἷναι
3049 2971 3127 3043 τῷ
3173 2973 3294 3044 τρὶς
3334 2975 3737 3042 νουθετήσαντι,

2155 3062 2252 3116 καί¹
2288 3062 2362 3133 μὴ
2388 3062 2706 3116 ἀκουσθέντι
2730 3064 2868 3135 πρὸς
2895 3065 2953 3118 τὸ
2977 3064 3163 3118 λοιπὸν
3185 3065 3262 3130 ὡς
3288 3066 3374 3118 τὸν
3398 3064 3603 3118 ὲθνικὸν
3635 3064 3728 3117 καὶ

2157 3152 2430 3224 τελώνην’
2465 3153 2525 3206 οὐ
2570 3154 2788 3217 πάντως
2829 3150 2920 3207 οὖν
2966 3155 3321 3227 κερδαίνεται,
3359 3155 3476 3208 οὐδὲ
3514 3156 3733 3216 πάντως

2160 3244 2437 3299 ἀπολεῖται
2459 3261 2474 3276 ο
2525 3245 2638 3298 ἀλλ’
2681 3246 2710 3298 ὅ
2749 3265 2806 3299 τι
2847 3247 2976 3299 ποτὲ
3028 3247 3275 3300 πείσεται
3316 3249 3342 3300 ὁ
3376 3247 3435 3299 τὸ
3477 3247 3740 3319 πρότερον

2164 3336 2264 3407 μὲν
2292 3336 2366 3407 μὴ
2400 3337 2660 3400 ἀκούσας,
2699 3336 2991 3410 μαρτύρων
3018 3338 3074 3391 δὲ
3099 3337 3332 3408 δεηθεὶς,
3363 3338 3397 3409 ἦ
3428 3337 3742 3391 καὶτούτων

2162 3428 2537 3500 παρακούσας,
2575 3431 2667 3482 ἐπὶ
2694 3430 2791 3500 τὴν
2834 3430 3158 3501 Ἐκκλησίαν
3191 3431 3248 3484 δὲ
3292 3431 3501 3501 ἀχθεὶς,
3534 3433 3563 3484 ὁ
3602 3430 3735 3495 Θεὸς

2162 3521 2228 3576 ἂν
2258 3522 2423 3591 είδείη
2452 3539 2465 3552 ·
2506 3524 2670 3593 ἡμεῖς
2714 3523 2824 3593 γὰρ
2866 3524 2968 3577 οὐκ
3015 3523 3431 3595 ἀποφαινόμεθα
3477 3523 3617 3577 κατά
3646 3524 3744 3576 τό·

2167 3633 2184 3664 ι
2233 3614 2323 3685 Μὴ
2366 3614 2601 3685 κρίνετε,
2630 3613 2717 3667 ἴνα
2761 3614 2834 3684 μὴ
2882 3615 3127 3686 κριθῆτε,
3161 3615 3265 3678 ἕως
3302 3615 3367 3668 ἂν
3409 3614 3538 3688 ἔλθῃ
3564 3614 3673 3684 (85)
3713 3615 3740 3667 ὁ

2161 3705 2387 3775 Κύριος,
2413 3704 2473 3768 ὃς
2513 3706 2608 3758 καὶ
2641 3705 2865 3773 φωτίσει
2907 3705 2974 3758 τὰ
3005 3703 3225 3777 κρυπτὰ
3249 3703 3353 3757 τοῦ
3377 3705 3620 3767 σκότους,
3652 3700 3744 3757 καὶ

2160 3795 2463 3868 φανερώσει
2503 3795 2601 3859 τὰς
2646 3795 2843 3866 βουλὰς
2880 3796 2988 3850 τῶν
3020 3797 3276 3868 καρδιῶν.
3331 3815 3350 3847 ι
3394 3797 3541 3870 Πρὸς
3584 3797 3642 3849 δὲ
3682 3796 3740 3848 τὸ

2159 3888 2349 3943 δοκοῦν
2383 3889 2616 3960 σκληρὸν
2647 3889 2782 3960 πρὸς
2811 3891 2937 3952 τοὺς
2964 3889 3031 3943 τά
3075 3890 3333 3943 ἐλάττονα
3360 3889 3744 3962 ἡμαρτηκότας

2164 3980 2308 4034 εἴποι
2340 3997 2423 4043 τις
2453 3981 2539 4046 ἀν,
2563 3981 2645 4034 ὅτι
2672 3981 2773 4034 οὐκ
2794 3979 2991 4047 ἔξεστι,
3024 3981 3106 4045 δὶς
3143 3981 3272 4052 ὲξῆς
3309 3981 3385 4053 μὴ
3414 3980 3742 4046 ἀκούσαντα,

1691 4114 1920 4173 VETUS
1959 4114 2026 4171 ΙΝ
2033 4115 2544 4173 TERPRETATIO.

481 4240 634 4296 solus
676 4237 742 4292 ad
769 4236 943 4293 solum
973 4253 988 4290 :
1022 4246 1077 4292 et
1115 4236 1381 4306 siquidem
1426 4235 1662 4307 audierit
1699 4234 1952 4307 quiqtal-Ia
1984 4236 2072 4291 illa
2105 4234 2372 4307 peccavit.
2402 4235 2586 4290 statim
2639 4250 2766 4291 eum
2813 4235 2994 4307 dicere
3039 4234 3383 4290 lucrifactum
3412 4254 3428 4307 ι
3460 4243 3514 4307 e_t
3556 4235 3601 4290 si
3633 4252 3738 4292 non

482 4308 735 4369 audierit.
773 4324 878 4362 non
917 4310 1070 4378 prius
1106 4304 1230 4362 eum
1275 4308 1469 4378 expelli
1512 4307 1578 4360 de
1608 4304 1870 4378 Ecclesia,
1904 4306 2009 4361 nisi
2051 4304 2371 4377 priusquam
2415 4316 2469 4361 et
2507 4306 2962 4378 coram‘testibus
2996 4313 3329 4378 argutus._et
3372 4304 3736 4378 ab_E_celesia,

486 4380 782 4450 perstiterit
816 4379 879 4450 in
912 4374 1037 4434 actu
1069 4378 1231 4450 priori
1254 4374 1437 4450 ?._’N_on
1472 4386 1654 4431 autem
1702 4374 2334 4450 ignoramus,'quoniam
2365 4392 2610 4450 sequens
2628 4375 2787 4450 _alius
2807 4379 2996 4450 verba.
3021 4374 3077 4430 et
3106 4375 3387 4450 aspiciens
3403 4375 3468 4428 ad
3503 4376 3739 4450 immen-

483 4443 601 4505 sam
626 4443 1081 4503 misericordiam
1106 4447 1304 4500 Christi
1349 4447 1528 4500 dicere
1569 4443 1762 4510 potest,
1797 4447 2058 4515 quoniam
2095 4443 2221 4502 cum
2265 4448 2427 4501 verba
2469 4443 2586 4514 ipSa
2618 4445 2821 4500 Christi
2872 4446 3072 4499 nullam
3130 4444 3482 4498 diﬂ'erentiam
3535 4443 3738 4500 faciant

484 4529 852 4588 peccatorum,
882 4518 1213 4588 superfluum
1256 4515 1484 4588 faciunt,
1523 4524 1578 4569 et
1616 4528 1802 4588 contra
1830 4516 2030 4588 Christi
2078 4518 2534 4588 misericordiam,
2572 4517 2665 4586 qui
2702 4517 2816 4570 haec
2855 4517 2923 4570 ad
2953 4515 3177 4588 minima
3218 4516 3739 4588 tantumprrtinere

484 4584 850 4660 distinguunt.
893 4584 998 4643 seu
1030 4602 1153 4642 eum
1182 4586 1273 4660 qui
1309 4587 1484 4640 taliter
1515 4586 1698 4660 sentii,
1736 4602 1842 4639 non
1869 4587 2108 4660 arbitror
2136 4587 2214 4660 ad
2233 4588 2518 4660 utilitatem
2547 4584 2915 4660 communem
2965 4585 3065 4640 ista
3095 4586 3312 4660 sentire.
3365 4584 3514 4660 Aiius
3560 4596 3737 4660 aniem

486 4661 604 4729 ipsa
643 4655 804 4714 v'erba
849 4668 1009 4714 caute
1052 4657 1447 4729 considerans,
1476 4664 1535 4729 e_t
1569 4656 1699 4710 nihil
1741 4656 2084 4712 extrinsecus
2133 4657 2447 4729 subaudire
2477 4657 2683 4729 volens,
2736 4672 2842 4729 non
2886 4656 2953 4709 de
2994 4655 3141 4729 muni
3178 4663 3405 4729 peccato
3444 4657 3557 4729 haec
3597 4656 3737 4729 dicta

482 4723 742 4795 defendit,
792 4730 1051 4798 quoniam
1094 4727 1188 4795 qui
1219 4725 1439 4798 grandia
1476 4725 1563 4798 illa
1616 4736 1800 4798 peccat
1825 4767 1839 4787 .
1888 4742 1987 4781 nec
2006 4736 2094 4798 est
2128 4727 2312 4798 frater,
2348 4727 2450 4798 nisi
2481 4725 2618 4779 forte
2657 4726 2970 4798 nominetur
3014 4723 3209 4798 frat_e_r._
3253 4723 3560 4798 [inferentia
3596 4725 3734 4798 enim

483 4808 571 4855 cst
609 4792 748 4854 inter
787 4792 1007 4855 fratrem
1047 4792 1255 4852 etcum
1283 4797 1375 4865 qui
1408 4792 1722 4849 nominatur
1764 4797 1951 4850 frater.
2002 4796 2066 4851 Et
2091 4796 2346 4866 quoniam
2379 4797 2584 4851 distant
2614 4810 2641 4848 a
2675 4794 3070 4866 _se,ip‘rnpterea
3101 4793 3238 4848 dicit
3272 4794 3602 4862 Apostolus:
3636 4813 3653 4843 ι
3682 4792 3735 4846 Si

486 4871 613 4939 quis
637 4869 803 4923 frater
831 4871 1139 4924 nominetur
1173 4869 1225 4921 in
1256 4864 1430 4928 vobis,
1463 4866 1533 4939 sit
1561 4864 2123 4939 autem_for|_iicarius,
2163 4877 2257 4920 aut.
2293 4881 2513 4927 avarus,
2549 4875 2643 4939 aut
2672 4864 2937 4939 idolorum
2971 4864 3200 4925 cultor,i
3228 4872 3280 4916 et
3315 4872 3538 4939 caetera;
3569 4882 3586 4913 ι
3616 4879 3732 4939 cunt

486 4931 686 4994 talibus
734 4955 832 4992 nec
875 4940 1055 4994 cibum
1112 4953 1347 4993 sumere.
1381 4955 1399 4988 ι
1462 4934 1634 4989 Nemo
1675 4935 1820 4989 enim
1872 4931 2138 4990 idolorum
2190 4941 2387 4997 cultor,
2445 4943 2540 4989 aut
2593 4934 2908 4996 fornicator,
2946 4944 3039 4988 aut
3077 4949 3276 4988 avarus
3327 4931 3493 4985 frater
3520 4943 3624 4987 est.
3676 4932 3737 4984 Et

484 5008 737 5079 quamvis
771 5024 967 5062 nomen
1012 5008 1214 5079 bajulet
1241 5006 1466 5079 Christi,
1496 5004 1909 5079 _tam_e_n_frater
1944 5006 2278 5079 nominetur,
2323 5021 2428 5058 non
2475 5014 2656 5079 autem
2697 5014 2750 5079 et
2794 5004 3010 5079 proprie
3056 5001 3240 5079 fra_ter_
3272 5011 3376 5056 est.
3431 5001 3587 5055 Sicut
3612 5017 3736 5067 ergo

483 5072 846 5136 aestimatione
872 5072 1163 5143 minuentis
1194 5075 1581 5132 misericordiae
1604 5075 1807 5129 Christi
1837 5076 2231 5145 negligentibus
2258 5074 2514 5144 peccandi
2542 5072 2883 5145 occasionem
2912 5072 3149 5145 dat,‘qui
3175 5072 3243 5126 ad
3273 5088 3436 5145 omne
3459 5082 3736 5141 peccatum

482 5150 813 5219 generaliter
854 5141 969 5203 haec
1012 5150 1282 5217 pertinere
1318 5146 1540 5219 exponit
1575 5141 1967 5219 :_sic‘ec_ontI-a
1986 5141 2105 5215 'qui
2142 5141 2301 5219 docet
2349 5145 2408 5219 in
2435 5144 2690 5219 _minimis
2723 5153 2778 5198 et
2822 5141 3085 5219 humanis
3118 5141 3354 5219 peccatis
3404 5151 3734 5219 peccantem.

484 5213 605 5290 post
646 5220 978 5289 agnitionem
1013 5213 1266 5282 testium,
1292 5218 1375 5290 vel
1394 5213 1680 5290 Ecclesiae,
1708 5214 1827 5290 fieri
1855 5213 2107 5290 optinere
2141 5218 2281 5290 sicut
2323 5215 2674 5290 publicanum
2689 5215 3090 5290 Aet_ethu_i_cum_
3126 5213 3177 5264 in
3216 5213 3450 5290 peccatis
3478 5225 3736 5290 quianon

484 5281 615 5345 sunt
661 5281 790 5345 (ad
820 5298 1081 5353 mortem,
1132 5307 1150 5340 ι
1197 5281 1292 5343 aut
1331 5289 1478 5343 sicut
1516 5286 1602 5340 lex
1655 5281 1906 5355 appellat'
1944 5286 1997 5340 in
2037 5281 2336 5351 Numer-is,
2369 5300 2477 5339 non
2518 5283 2836 5349 mortiferis,
2890 5282 3093 5352 aliquid
3142 5281 3482 5337 crudelitatis
3531 5281 3739 5335 videtur

561 5444 607 5473 ³⁰
651 5439 843 5494 Matth.
874 5437 1155 5503 “111,15.
1234 5436 1278 5468 ⁸¹
1322 5435 1456 5490 ibid.
1489 5435 1573 5489 l6.
1650 5435 1698 5466 ⁸¹
1737 5434 1978 5488 ibid.l7.

2174 5600 2300 5654 item
2331 5618 2344 5653 :
2375 5618 2393 5650 ι
2425 5582 2601 5654 Nolite
2648 5606 2773 5653 ante
2826 5606 3037 5665 tempus
3091 5593 3221 5664 quid
3270 5593 3533 5662 iudicare,
3569 5590 3741 5665 donec

2176 5671 2353 5723 veniat
2400 5669 2685 5723 Dominus.
2719 5688 2737 5720 ι
2777 5661 3086 5735 Legeiidum
3113 5661 3366 5718 fortasse
3393 5683 3407 5719 :
3438 5663 3596 5719 Κατά
3641 5661 3736 5735 τόξ

2175 5741 2264 5811 Μὴ
2292 5739 2642 5818 κρίνετεᾷνα
2674 5738 2747 5818 μὴ
2778 5731 3019 5818 κριθῇτε,
3050 5735 3155 5818 καὶ
3176 5734 3236 5818 τό
3260 5752 3272 5765 ·
3306 5734 3589 5818 Ὥστε-’μὴ
3637 5731 3741 5803 πρὸ

2165 5803 2354 5881 napo-3
2388 5826 2437 5862 τι
2460 5803 2692 5879 κρίνετε,
2716 5803 2906 5870 ἔερς’ᾶν
2922 5803 3049 5876 ἔλθῃ
3073 5810 3101 5859 ὁ
3120 5803 3337 5874 Κύριος,
3352 5816 3453 5862 etc.
3476 5803 3737 5860 liuentis.

559 5606 671 5676 (84)
706 5606 1074 5676 Σταθήσεται
1121 5602 1247 5659 πᾶν
1282 5603 1470 5673 ῥῆμα.
1512 5603 1689 5674 Σταθῇ
1738 5603 1845 5656 πᾶν
1894 5602 2063 5673 ῥῆμα.

491 5675 675 5730 Matth.
708 5692 867 5741 mu,
892 5675 988 5732 16.

494 5813 501 5814 ί
558 5744 669 5813 (85)
706 5747 828 5799 Ἵνα
864 5744 945 5812 μὴ
987 5744 1244 5814 κριθῆτε.
1289 5744 1398 5809 ἕως
1440 5744 1517 5797 ἂν
1557 5743 1863 5814 ἔλθῃηθιο.
1888 5740 2067 5814 Virtus

491 5813 795 5885 interpres:
832 5835 848 5864 ι
880 5812 1049 5869 Nolite
1085 5812 1351 5883 judicare,
1387 5822 1445 5868 ut
1494 5829 1599 5866 non
1639 5812 1993 5881 judieemini;
2031 5830 2047 5861 ι
