  <div class='ocr_page' id='page_1' title='image "/cluster/home/n/w/nwhite01/storage/ocr_20150623/13/mdp.39015007036059/592.png"; bbox 0 0 4028 6296; ppageno 0'>
   <div class='ocr_carea' id='block_1_1' title="bbox 302 435 536 500">
    <p class='ocr_par' dir='ltr' id='par_1_1' title="bbox 302 435 536 500">
     <span class='ocr_line' id='line_1_1' title="bbox 302 435 536 500; baseline -0.021 -8"><span class='ocrx_word' id='word_1_1' title='bbox 302 435 441 492; x_wconf 75' lang='grc' dir='ltr'>ΗΠ</span> <span class='ocrx_word' id='word_1_2' title='bbox 528 491 536 500; x_wconf 89' lang='lat'><em>_</em></span> 
     </span>
    </p>
   </div>
   <div class='ocr_carea' id='block_1_2' title="bbox 1221 433 2598 494">
    <p class='ocr_par' dir='ltr' id='par_1_2' title="bbox 1221 433 2598 494">
     <span class='ocr_line' id='line_1_2' title="bbox 1221 433 2598 494; baseline 0.001 -4"><span class='ocrx_word' id='word_1_3' title='bbox 1221 433 1580 490; x_wconf 79' lang='lat' dir='ltr'><strong>COMMENT.</strong></span> <span class='ocrx_word' id='word_1_4' title='bbox 1620 433 1687 488; x_wconf 80' lang='lat' dir='ltr'><strong>IN</strong></span> <span class='ocrx_word' id='word_1_5' title='bbox 1728 433 2151 494; x_wconf 72' lang='lat' dir='ltr'><strong>MATTILEUM</strong></span> <span class='ocrx_word' id='word_1_6' title='bbox 2183 434 2424 494; x_wconf 83' lang='lat' dir='ltr'><strong>TOMUS</strong></span> <span class='ocrx_word' id='word_1_7' title='bbox 2460 433 2598 492; x_wconf 71' lang='lat' dir='ltr'><strong>XIII.</strong></span> 
     </span>
    </p>
   </div>
   <div class='ocr_carea' id='block_1_3' title="bbox 3427 442 3566 498">
    <p class='ocr_par' dir='ltr' id='par_1_3' title="bbox 3427 442 3566 498">
     <span class='ocr_line' id='line_1_3' title="bbox 3427 442 3566 498; baseline 0.014 -2"><span class='ocrx_word' id='word_1_8' title='bbox 3427 442 3566 498; x_wconf 76' lang='lat' dir='ltr'><strong>H78</strong></span> 
     </span>
    </p>
   </div>
   <div class='ocr_carea' id='block_1_4' title="bbox 298 546 1891 626">
    <p class='ocr_par' dir='ltr' id='par_1_4' title="bbox 298 546 1889 625">
     <span class='ocr_line' id='line_1_4' title="bbox 298 546 1889 625; baseline 0.001 -20"><span class='ocrx_word' id='word_1_9' title='bbox 298 551 362 605; x_wconf 73' lang='grc' dir='ltr'><strong>τὸ</strong></span> <span class='ocrx_word' id='word_1_10' title='bbox 390 549 576 623; x_wconf 84' lang='grc' dir='ltr'><strong>τρίτον</strong></span> <span class='ocrx_word' id='word_1_11' title='bbox 597 547 851 613; x_wconf 74' lang='grc' dir='ltr'><strong>ἀκοῦσαι,</strong></span> <span class='ocrx_word' id='word_1_12' title='bbox 875 546 953 613; x_wconf 81' lang='grc' dir='ltr'><strong>ὡς</strong></span> <span class='ocrx_word' id='word_1_13' title='bbox 969 546 1060 604; x_wconf 81' lang='grc' dir='ltr'><strong>διὰ</strong></span> <span class='ocrx_word' id='word_1_14' title='bbox 1079 548 1238 604; x_wconf 80' lang='grc' dir='ltr'><strong>τοῦτο</strong></span> <span class='ocrx_word' id='word_1_15' title='bbox 1261 551 1457 625; x_wconf 81' lang='grc' dir='ltr'><strong>μηκέτι</strong></span> <span class='ocrx_word' id='word_1_16' title='bbox 1489 548 1628 607; x_wconf 79' lang='grc' dir='ltr'><strong>εἶναι</strong></span> <span class='ocrx_word' id='word_1_17' title='bbox 1651 552 1726 619; x_wconf 83' lang='grc' dir='ltr'><strong>ὡς</strong></span> <span class='ocrx_word' id='word_1_18' title='bbox 1752 552 1889 606; x_wconf 74' lang='grc' dir='ltr'><strong>ἐθνι-</strong></span> 
     </span>
    </p>
   </div>
   <div class='ocr_carea' id='block_1_5' title="bbox 1988 546 3565 626">
    <p class='ocr_par' dir='ltr' id='par_1_5' title="bbox 1988 552 3565 626">
     <span class='ocr_line' id='line_1_5' title="bbox 1988 552 3565 626; baseline 0.001 -15"><span class='ocrx_word' id='word_1_19' title='bbox 1988 554 2140 626; x_wconf 79' lang='lat' dir='ltr'><strong>juxta</strong></span> <span class='ocrx_word' id='word_1_20' title='bbox 2168 555 2222 610; x_wconf 89' lang='lat' dir='ltr'><strong>id</strong></span> <span class='ocrx_word' id='word_1_21' title='bbox 2256 574 2270 611; x_wconf 91' lang='lat'><strong>:</strong></span> <span class='ocrx_word' id='word_1_22' title='bbox 2307 575 2325 608; x_wconf 83' lang='grc' dir='ltr'><strong>ι</strong></span> <span class='ocrx_word' id='word_1_23' title='bbox 2349 553 2529 610; x_wconf 88' lang='lat' dir='ltr'><strong>Nolite</strong></span> <span class='ocrx_word' id='word_1_24' title='bbox 2553 552 2825 625; x_wconf 79' lang='lat' dir='ltr'><strong>judicare,</strong></span> <span class='ocrx_word' id='word_1_25' title='bbox 2855 563 2910 610; x_wconf 85' lang='lat' dir='ltr'><strong>et</strong></span> <span class='ocrx_word' id='word_1_26' title='bbox 2935 570 3042 610; x_wconf 91' lang='lat' dir='ltr'><strong>non</strong></span> <span class='ocrx_word' id='word_1_27' title='bbox 3082 554 3465 625; x_wconf 78' lang='lat' dir='ltr'><strong>judicabimini</strong></span> <span class='ocrx_word' id='word_1_28' title='bbox 3497 560 3565 625; x_wconf 78' lang='grc'><strong>⁵³,</strong></span> 
     </span>
    </p>
   </div>
   <div class='ocr_carea' id='block_1_6' title="bbox 300 640 1891 718">
    <p class='ocr_par' dir='ltr' id='par_1_6' title="bbox 300 640 1891 718">
     <span class='ocr_line' id='line_1_6' title="bbox 300 640 1891 718; baseline 0.001 -22"><span class='ocrx_word' id='word_1_29' title='bbox 300 643 398 696; x_wconf 72' lang='grc' dir='ltr'><strong>κὸν</strong></span> <span class='ocrx_word' id='word_1_30' title='bbox 425 642 520 697; x_wconf 78' lang='grc' dir='ltr'><strong>καὶ</strong></span> <span class='ocrx_word' id='word_1_31' title='bbox 551 640 865 713; x_wconf 83' lang='grc' dir='ltr'><strong>τελώνην,ἢ</strong></span> <span class='ocrx_word' id='word_1_32' title='bbox 912 641 1110 714; x_wconf 84' lang='grc' dir='ltr'><strong>μηκέτι</strong></span> <span class='ocrx_word' id='word_1_33' title='bbox 1139 642 1398 715; x_wconf 77' lang='grc' dir='ltr'><strong>δεηθῆναι</strong></span> <span class='ocrx_word' id='word_1_34' title='bbox 1434 643 1529 698; x_wconf 79' lang='grc' dir='ltr'><strong>τοῦ</strong></span> <span class='ocrx_word' id='word_1_35' title='bbox 1577 645 1670 698; x_wconf 65' lang='grc' dir='ltr'><strong>ἐπὶ</strong></span> <span class='ocrx_word' id='word_1_36' title='bbox 1710 647 1891 718; x_wconf 80' lang='grc' dir='ltr'><strong>πάσης</strong></span> 
     </span>
    </p>
   </div>
   <div class='ocr_carea' id='block_1_7' title="bbox 296 733 1888 808">
    <p class='ocr_par' dir='ltr' id='par_1_7' title="bbox 296 733 1888 808">
     <span class='ocr_line' id='line_1_7' title="bbox 296 733 1888 808; baseline 0.002 -20"><span class='ocrx_word' id='word_1_37' title='bbox 296 736 401 805; x_wconf 82' lang='grc' dir='ltr'><strong>τῆς</strong></span> <span class='ocrx_word' id='word_1_38' title='bbox 433 734 758 805; x_wconf 83' lang='grc' dir='ltr'><strong>Ἐκκλησίας</strong></span> <span class='ocrx_word' id='word_1_39' title='bbox 796 733 1062 804; x_wconf 70' lang='grc' dir='ltr'><strong>ἐλέγχου·</strong></span> <span class='ocrx_word' id='word_1_40' title='bbox 1098 734 1203 806; x_wconf 84' lang='grc' dir='ltr'><strong>χρὴ</strong></span> <span class='ocrx_word' id='word_1_41' title='bbox 1250 734 1360 807; x_wconf 84' lang='grc' dir='ltr'><strong>γὰρ</strong></span> <span class='ocrx_word' id='word_1_42' title='bbox 1403 735 1715 808; x_wconf 87' lang='grc' dir='ltr'><strong>μεμνῆσθαι</strong></span> <span class='ocrx_word' id='word_1_43' title='bbox 1759 737 1888 790; x_wconf 81' lang='grc' dir='ltr'><strong>τοῦ·</strong></span> 
     </span>
    </p>
   </div>
   <div class='ocr_carea' id='block_1_8' title="bbox 302 824 1890 900">
    <p class='ocr_par' dir='ltr' id='par_1_8' title="bbox 302 824 1890 900">
     <span class='ocr_line' id='line_1_8' title="bbox 302 824 1890 900; baseline 0.003 -22"><span class='ocrx_word' id='word_1_44' title='bbox 302 843 323 878; x_wconf 79' lang='grc' dir='ltr'><strong>ι</strong></span> <span class='ocrx_word' id='word_1_45' title='bbox 361 824 550 888; x_wconf 78' lang='grc' dir='ltr'><strong>Οὕτως</strong></span> <span class='ocrx_word' id='word_1_46' title='bbox 576 827 679 880; x_wconf 79' lang='grc' dir='ltr'><strong>οὐκ</strong></span> <span class='ocrx_word' id='word_1_47' title='bbox 703 826 818 879; x_wconf 76' lang='grc' dir='ltr'><strong>ἐστι</strong></span> <span class='ocrx_word' id='word_1_48' title='bbox 844 824 1057 896; x_wconf 82' lang='grc' dir='ltr'><strong>θέλημα</strong></span> <span class='ocrx_word' id='word_1_49' title='bbox 1082 825 1395 898; x_wconf 76' lang='grc' dir='ltr'><strong>ἔμπροσθεν</strong></span> <span class='ocrx_word' id='word_1_50' title='bbox 1422 827 1516 881; x_wconf 78' lang='grc' dir='ltr'><strong>τοῦ</strong></span> <span class='ocrx_word' id='word_1_51' title='bbox 1548 828 1762 900; x_wconf 79' lang='grc' dir='ltr'><strong>Πατρός</strong></span> <span class='ocrx_word' id='word_1_52' title='bbox 1789 845 1890 900; x_wconf 86' lang='grc' dir='ltr'><strong>μου</strong></span> 
     </span>
    </p>
   </div>
   <div class='ocr_carea' id='block_1_9' title="bbox 297 915 1892 994">
    <p class='ocr_par' dir='ltr' id='par_1_9' title="bbox 297 915 1892 994">
     <span class='ocr_line' id='line_1_9' title="bbox 297 915 1892 994; baseline 0.003 -24"><span class='ocrx_word' id='word_1_53' title='bbox 297 915 394 971; x_wconf 84' lang='grc' dir='ltr'><strong>τοῦ</strong></span> <span class='ocrx_word' id='word_1_54' title='bbox 426 919 486 971; x_wconf 82' lang='grc' dir='ltr'><strong>ὲν</strong></span> <span class='ocrx_word' id='word_1_55' title='bbox 516 920 631 981; x_wconf 88' lang='grc' dir='ltr'><strong>τοῖς</strong></span> <span class='ocrx_word' id='word_1_56' title='bbox 674 918 943 990; x_wconf 82' lang='grc' dir='ltr'><strong>οὐρανοῖς,</strong></span> <span class='ocrx_word' id='word_1_57' title='bbox 978 917 1065 972; x_wconf 82' lang='grc' dir='ltr'><strong>ἵνα</strong></span> <span class='ocrx_word' id='word_1_58' title='bbox 1109 919 1375 990; x_wconf 79' lang='grc' dir='ltr'><strong>ἀπόληται</strong></span> <span class='ocrx_word' id='word_1_59' title='bbox 1418 915 1498 985; x_wconf 76' lang='grc' dir='ltr'><strong>εἷς</strong></span> <span class='ocrx_word' id='word_1_60' title='bbox 1538 921 1645 974; x_wconf 87' lang='grc' dir='ltr'><strong>τῶν</strong></span> <span class='ocrx_word' id='word_1_61' title='bbox 1680 921 1892 994; x_wconf 84' lang='grc' dir='ltr'><strong>μικρῶν</strong></span> 
     </span>
    </p>
   </div>
   <div class='ocr_carea' id='block_1_10' title="bbox 297 1008 1892 1085">
    <p class='ocr_par' dir='ltr' id='par_1_10' title="bbox 297 1008 1892 1085">
     <span class='ocr_line' id='line_1_10' title="bbox 297 1008 1892 1085; baseline 0.003 -23"><span class='ocrx_word' id='word_1_62' title='bbox 297 1008 535 1065; x_wconf 81' lang='grc' dir='ltr'><strong>τούτων·</strong></span> <span class='ocrx_word' id='word_1_63' title='bbox 578 1031 597 1063; x_wconf 77' lang='grc' dir='ltr'><strong>ι</strong></span> <span class='ocrx_word' id='word_1_64' title='bbox 635 1011 730 1065; x_wconf 76' lang='grc' dir='ltr'><strong>καὶ</strong></span> <span class='ocrx_word' id='word_1_65' title='bbox 775 1009 885 1081; x_wconf 86' lang='grc' dir='ltr'><strong>γὰρ</strong></span> <span class='ocrx_word' id='word_1_66' title='bbox 924 1009 1084 1082; x_wconf 72' lang='grc' dir='ltr'><strong>εἴπερ</strong></span> <span class='ocrx_word' id='word_1_67' title='bbox 1136 1030 1156 1063; x_wconf 84' lang='grc' dir='ltr'><strong>ι</strong></span> <span class='ocrx_word' id='word_1_68' title='bbox 1195 1011 1276 1065; x_wconf 86' lang='grc' dir='ltr'><strong>δεῖ</strong></span> <span class='ocrx_word' id='word_1_69' title='bbox 1314 1013 1441 1075; x_wconf 82' lang='grc' dir='ltr'><strong>τοὺς</strong></span> <span class='ocrx_word' id='word_1_70' title='bbox 1488 1014 1696 1077; x_wconf 85' lang='grc' dir='ltr'><strong>πάντας</strong></span> <span class='ocrx_word' id='word_1_71' title='bbox 1741 1014 1892 1085; x_wconf 77' lang='grc' dir='ltr'><strong>ἡμᾶς</strong></span> 
     </span>
    </p>
   </div>
   <div class='ocr_carea' id='block_1_11' title="bbox 299 1100 1888 1179">
    <p class='ocr_par' dir='ltr' id='par_1_11' title="bbox 299 1100 1888 1179">
     <span class='ocr_line' id='line_1_11' title="bbox 299 1100 1888 1179; baseline 0.001 -22"><span class='ocrx_word' id='word_1_72' title='bbox 299 1103 647 1176; x_wconf 77' lang='grc' dir='ltr'><strong>παραστῆναι</strong></span> <span class='ocrx_word' id='word_1_73' title='bbox 695 1100 1004 1175; x_wconf 72' lang='grc' dir='ltr'><strong>ἔμπροσθεν</strong></span> <span class='ocrx_word' id='word_1_74' title='bbox 1043 1101 1140 1155; x_wconf 83' lang='grc' dir='ltr'><strong>τοῦ</strong></span> <span class='ocrx_word' id='word_1_75' title='bbox 1199 1104 1438 1174; x_wconf 84' lang='grc' dir='ltr'><strong>βήματος</strong></span> <span class='ocrx_word' id='word_1_76' title='bbox 1482 1103 1578 1158; x_wconf 72' lang='grc' dir='ltr'><strong>τοῦ</strong></span> <span class='ocrx_word' id='word_1_77' title='bbox 1629 1106 1888 1179; x_wconf 77' lang='grc' dir='ltr'><strong>Χριστοῦ,</strong></span> 
     </span>
    </p>
   </div>
   <div class='ocr_carea' id='block_1_12' title="bbox 297 1193 1892 1269">
    <p class='ocr_par' dir='ltr' id='par_1_12' title="bbox 297 1193 1892 1269">
     <span class='ocr_line' id='line_1_12' title="bbox 297 1193 1892 1269; baseline -0.001 -17"><span class='ocrx_word' id='word_1_78' title='bbox 297 1197 389 1252; x_wconf 70' lang='grc' dir='ltr'><strong>ἕνα</strong></span> <span class='ocrx_word' id='word_1_79' title='bbox 417 1194 711 1269; x_wconf 83' lang='grc' dir='ltr'><strong>κομίσηται</strong></span> <span class='ocrx_word' id='word_1_80' title='bbox 752 1196 983 1261; x_wconf 67' lang='grc' dir='ltr'><strong>ἕκαστος</strong></span> <span class='ocrx_word' id='word_1_81' title='bbox 1014 1193 1083 1248; x_wconf 91' lang='grc' dir='ltr'><strong>τά</strong></span> <span class='ocrx_word' id='word_1_82' title='bbox 1117 1195 1207 1250; x_wconf 82' lang='grc' dir='ltr'><strong>διὰ</strong></span> <span class='ocrx_word' id='word_1_83' title='bbox 1244 1193 1340 1248; x_wconf 80' lang='grc' dir='ltr'><strong>τοῦ</strong></span> <span class='ocrx_word' id='word_1_84' title='bbox 1383 1194 1638 1267; x_wconf 81' lang='grc' dir='ltr'><strong>σώματος</strong></span> <span class='ocrx_word' id='word_1_85' title='bbox 1677 1195 1816 1268; x_wconf 74' lang='grc' dir='ltr'><strong>πρὸς</strong></span> <span class='ocrx_word' id='word_1_86' title='bbox 1854 1195 1892 1250; x_wconf 75' lang='grc' dir='ltr'><strong>ἃ.</strong></span> 
     </span>
    </p>
   </div>
   <div class='ocr_carea' id='block_1_13' title="bbox 296 1286 1892 1362">
    <p class='ocr_par' dir='ltr' id='par_1_13' title="bbox 296 1286 1892 1362">
     <span class='ocr_line' id='line_1_13' title="bbox 296 1286 1892 1362; baseline -0.001 -20"><span class='ocrx_word' id='word_1_87' title='bbox 296 1288 555 1362; x_wconf 74' lang='grc' dir='ltr'><strong>επραξεν,</strong></span> <span class='ocrx_word' id='word_1_88' title='bbox 586 1287 697 1341; x_wconf 72' lang='grc' dir='ltr'><strong>εἴτε</strong></span> <span class='ocrx_word' id='word_1_89' title='bbox 736 1287 940 1355; x_wconf 74' lang='grc' dir='ltr'><strong>ἀγαθὸν</strong></span> <span class='ocrx_word' id='word_1_90' title='bbox 973 1287 1083 1340; x_wconf 73' lang='grc' dir='ltr'><strong>εἴτε</strong></span> <span class='ocrx_word' id='word_1_91' title='bbox 1130 1286 1352 1358; x_wconf 81' lang='grc' dir='ltr'><strong>φαῦλον,</strong></span> <span class='ocrx_word' id='word_1_92' title='bbox 1391 1308 1411 1338; x_wconf 69' lang='grc' dir='ltr'><strong>ι</strong></span> <span class='ocrx_word' id='word_1_93' title='bbox 1460 1286 1568 1360; x_wconf 75' lang='grc' dir='ltr'><strong>χρὴ</strong></span> <span class='ocrx_word' id='word_1_94' title='bbox 1596 1288 1696 1359; x_wconf 83' lang='grc' dir='ltr'><strong>ὅση</strong></span> <span class='ocrx_word' id='word_1_95' title='bbox 1729 1288 1892 1341; x_wconf 85' lang='grc' dir='ltr'><strong>δύνα-</strong></span> 
     </span>
    </p>
   </div>
   <div class='ocr_carea' id='block_1_14' title="bbox 301 1374 1890 1452">
    <p class='ocr_par' dir='ltr' id='par_1_14' title="bbox 301 1374 1890 1452">
     <span class='ocr_line' id='line_1_14' title="bbox 301 1374 1890 1452; baseline 0.001 -19"><span class='ocrx_word' id='word_1_96' title='bbox 301 1398 397 1451; x_wconf 71' lang='grc' dir='ltr'><strong>μις</strong></span> <span class='ocrx_word' id='word_1_97' title='bbox 424 1378 495 1434; x_wconf 81' lang='grc' dir='ltr'><strong>τὰ</strong></span> <span class='ocrx_word' id='word_1_98' title='bbox 523 1381 653 1451; x_wconf 86' lang='grc' dir='ltr'><strong>παρ’</strong></span> <span class='ocrx_word' id='word_1_99' title='bbox 685 1379 850 1433; x_wconf 77' lang='grc' dir='ltr'><strong>αὐτὸν</strong></span> <span class='ocrx_word' id='word_1_100' title='bbox 876 1381 1085 1442; x_wconf 64' lang='grc' dir='ltr'><strong>ποιεῖν,</strong></span> <span class='ocrx_word' id='word_1_101' title='bbox 1108 1379 1306 1452; x_wconf 64' lang='grc' dir='ltr'><strong>ῐναρμὴ</strong></span> <span class='ocrx_word' id='word_1_102' title='bbox 1344 1374 1473 1452; x_wconf 84' lang='grc' dir='ltr'><strong>περὶ</strong></span> <span class='ocrx_word' id='word_1_103' title='bbox 1502 1379 1762 1434; x_wconf 89' lang='grc' dir='ltr'><strong>πλειόνων</strong></span> <span class='ocrx_word' id='word_1_104' title='bbox 1794 1396 1890 1434; x_wconf 87' lang='grc' dir='ltr'><strong>κο·-</strong></span> 
     </span>
    </p>
   </div>
   <div class='ocr_carea' id='block_1_15' title="bbox 302 1469 1889 1544">
    <p class='ocr_par' dir='ltr' id='par_1_15' title="bbox 302 1469 1889 1544">
     <span class='ocr_line' id='line_1_15' title="bbox 302 1469 1889 1544; baseline -0.001 -19"><span class='ocrx_word' id='word_1_105' title='bbox 302 1471 529 1544; x_wconf 79' lang='grc' dir='ltr'><strong>μίσηται</strong></span> <span class='ocrx_word' id='word_1_106' title='bbox 558 1470 895 1542; x_wconf 81' lang='grc' dir='ltr'><strong>φαύλωνδιά</strong></span> <span class='ocrx_word' id='word_1_107' title='bbox 918 1470 1011 1525; x_wconf 82' lang='grc' dir='ltr'><strong>τοῦ</strong></span> <span class='ocrx_word' id='word_1_108' title='bbox 1040 1469 1294 1541; x_wconf 82' lang='grc' dir='ltr'><strong>σώματος</strong></span> <span class='ocrx_word' id='word_1_109' title='bbox 1326 1469 1753 1543; x_wconf 83' lang='grc' dir='ltr'><strong>πεπραγμένων,</strong></span> <span class='ocrx_word' id='word_1_110' title='bbox 1787 1469 1889 1524; x_wconf 80' lang='grc' dir='ltr'><strong>κᾶν</strong></span> 
     </span>
    </p>
   </div>
   <div class='ocr_carea' id='block_1_16' title="bbox 302 1555 1890 1637">
    <p class='ocr_par' dir='ltr' id='par_1_16' title="bbox 302 1555 1890 1637">
     <span class='ocr_line' id='line_1_16' title="bbox 302 1555 1890 1637; baseline -0.001 -19"><span class='ocrx_word' id='word_1_111' title='bbox 302 1562 470 1636; x_wconf 72' lang='grc' dir='ltr'><strong>μέλλῃ</strong></span> <span class='ocrx_word' id='word_1_112' title='bbox 503 1564 631 1637; x_wconf 72' lang='grc' dir='ltr'><strong>περὶ</strong></span> <span class='ocrx_word' id='word_1_113' title='bbox 655 1562 874 1617; x_wconf 82' lang='grc' dir='ltr'><strong>πάντων</strong></span> <span class='ocrx_word' id='word_1_114' title='bbox 905 1555 982 1616; x_wconf 83' lang='grc' dir='ltr'><strong>ὧν</strong></span> <span class='ocrx_word' id='word_1_115' title='bbox 1020 1562 1243 1634; x_wconf 73' lang='grc' dir='ltr'><strong>ἐποίησε</strong></span> <span class='ocrx_word' id='word_1_116' title='bbox 1273 1562 1531 1634; x_wconf 86' lang='grc' dir='ltr'><strong>χειρόνων</strong></span> <span class='ocrx_word' id='word_1_117' title='bbox 1563 1560 1890 1634; x_wconf 76' lang='grc' dir='ltr'><strong>ἀπολαμϐά-</strong></span> 
     </span>
    </p>
   </div>
   <div class='ocr_carea' id='block_1_17' title="bbox 299 1653 1890 1728">
    <p class='ocr_par' dir='ltr' id='par_1_17' title="bbox 299 1653 1890 1728">
     <span class='ocr_line' id='line_1_17' title="bbox 299 1653 1890 1728; baseline -0.001 -18"><span class='ocrx_word' id='word_1_118' title='bbox 299 1674 414 1710; x_wconf 88' lang='grc' dir='ltr'><strong>νειν</strong></span> <span class='ocrx_word' id='word_1_119' title='bbox 436 1673 451 1689; x_wconf 76' lang='grc' dir='ltr'><strong>ο</strong></span> <span class='ocrx_word' id='word_1_120' title='bbox 484 1654 862 1727; x_wconf 77' lang='grc' dir='ltr'><strong>φιλοτιμητέον</strong></span> <span class='ocrx_word' id='word_1_121' title='bbox 881 1654 938 1709; x_wconf 86' lang='grc' dir='ltr'><strong>δὲ</strong></span> <span class='ocrx_word' id='word_1_122' title='bbox 962 1655 1091 1728; x_wconf 76' lang='grc' dir='ltr'><strong>περὶ</strong></span> <span class='ocrx_word' id='word_1_123' title='bbox 1111 1654 1371 1709; x_wconf 87' lang='grc' dir='ltr'><strong>πλειόνων</strong></span> <span class='ocrx_word' id='word_1_124' title='bbox 1397 1653 1653 1708; x_wconf 85' lang='grc' dir='ltr'><strong>εὐποιιῶν</strong></span> <span class='ocrx_word' id='word_1_125' title='bbox 1695 1653 1890 1725; x_wconf 84' lang='grc' dir='ltr'><strong>μισθὸν</strong></span> 
     </span>
    </p>
   </div>
   <div class='ocr_carea' id='block_1_18' title="bbox 298 1739 1891 1823">
    <p class='ocr_par' dir='ltr' id='par_1_18' title="bbox 298 1739 1891 1823">
     <span class='ocr_line' id='line_1_18' title="bbox 298 1739 1891 1823; baseline -0.003 -18"><span class='ocrx_word' id='word_1_126' title='bbox 298 1749 655 1823; x_wconf 82' lang='grc' dir='ltr'><strong>κομίσασθαι,</strong></span> <span class='ocrx_word' id='word_1_127' title='bbox 684 1748 808 1803; x_wconf 72' lang='grc' dir='ltr'><strong>ἐπεὶ</strong></span> <span class='ocrx_word' id='word_1_128' title='bbox 855 1766 874 1800; x_wconf 82' lang='grc' dir='ltr'><strong>ι</strong></span> <span class='ocrx_word' id='word_1_129' title='bbox 908 1739 953 1815; x_wconf 82' lang='grc' dir='ltr'>ᾧ</span> <span class='ocrx_word' id='word_1_130' title='bbox 981 1747 1164 1820; x_wconf 81' lang='grc' dir='ltr'><strong>μέτρῳ</strong></span> <span class='ocrx_word' id='word_1_131' title='bbox 1201 1746 1527 1820; x_wconf 80' lang='grc' dir='ltr'><strong>μετροῦμεν,</strong></span> <span class='ocrx_word' id='word_1_132' title='bbox 1562 1748 1891 1819; x_wconf 85' lang='grc' dir='ltr'><strong>ἀντιμετρη-</strong></span> 
     </span>
    </p>
   </div>
   <div class='ocr_carea' id='block_1_19' title="bbox 300 1837 1888 1916">
    <p class='ocr_par' dir='ltr' id='par_1_19' title="bbox 300 1837 1888 1916">
     <span class='ocr_line' id='line_1_19' title="bbox 300 1837 1888 1916; baseline -0.001 -22"><span class='ocrx_word' id='word_1_133' title='bbox 300 1842 527 1916; x_wconf 81' lang='grc' dir='ltr'><strong>θήσεται</strong></span> <span class='ocrx_word' id='word_1_134' title='bbox 570 1843 720 1913; x_wconf 81' lang='grc' dir='ltr'><strong>ἡμῖν,</strong></span> <span class='ocrx_word' id='word_1_135' title='bbox 766 1858 786 1894; x_wconf 69' lang='grc' dir='ltr'><strong>ι</strong></span> <span class='ocrx_word' id='word_1_136' title='bbox 822 1839 948 1895; x_wconf 87' lang='grc' dir='ltr'><strong>καί·</strong></span> <span class='ocrx_word' id='word_1_137' title='bbox 989 1859 1009 1891; x_wconf 80' lang='grc' dir='ltr'><strong>ι</strong></span> <span class='ocrx_word' id='word_1_138' title='bbox 1054 1839 1213 1893; x_wconf 82' lang='grc' dir='ltr'><strong>Κατὰ</strong></span> <span class='ocrx_word' id='word_1_139' title='bbox 1262 1838 1331 1893; x_wconf 84' lang='grc' dir='ltr'><strong>τά</strong></span> <span class='ocrx_word' id='word_1_140' title='bbox 1371 1838 1507 1912; x_wconf 78' lang='grc' dir='ltr'><strong>ἔργα</strong></span> <span class='ocrx_word' id='word_1_141' title='bbox 1538 1838 1646 1893; x_wconf 87' lang='grc' dir='ltr'><strong>τῶν</strong></span> <span class='ocrx_word' id='word_1_142' title='bbox 1688 1837 1888 1911; x_wconf 88' lang='grc' dir='ltr'><strong>χειρῶν</strong></span> 
     </span>
    </p>
   </div>
   <div class='ocr_carea' id='block_1_20' title="bbox 299 1912 1959 2005">
    <p class='ocr_par' dir='ltr' id='par_1_20' title="bbox 299 1912 1959 2005">
     <span class='ocr_line' id='line_1_20' title="bbox 299 1912 1959 2005; baseline -0.009 -9"><span class='ocrx_word' id='word_1_143' title='bbox 299 1912 461 2005; x_wconf 52' lang='grc' dir='ltr'><strong>ἡμῶν</strong></span> <span class='ocrx_word' id='word_1_144' title='bbox 492 1912 831 2004; x_wconf 78' lang='grc' dir='ltr'><strong>συμϐήσεται</strong></span> <span class='ocrx_word' id='word_1_145' title='bbox 854 1933 1005 2004; x_wconf 84' lang='grc' dir='ltr'><strong>ἡμῖν,</strong></span> <span class='ocrx_word' id='word_1_146' title='bbox 1038 1951 1057 1984; x_wconf 75' lang='grc' dir='ltr'><strong>ι</strong></span> <span class='ocrx_word' id='word_1_147' title='bbox 1086 1932 1182 1985; x_wconf 77' lang='grc' dir='ltr'><strong>καὶ</strong></span> <span class='ocrx_word' id='word_1_148' title='bbox 1201 1932 1303 1985; x_wconf 84' lang='grc' dir='ltr'><strong>οὑκ</strong></span> <span class='ocrx_word' id='word_1_149' title='bbox 1334 1930 1732 2005; x_wconf 63' lang='grc' dir='ltr'><strong>ἀπειροπλὼτια</strong></span> <span class='ocrx_word' id='word_1_150' title='bbox 1754 1922 1880 2003; x_wconf 67' lang='grc' dir='ltr'><strong>μὲν,</strong></span> <span class='ocrx_word' id='word_1_151' title='bbox 1918 1912 1959 1966; x_wconf 75' lang='grc' dir='ltr'><strong>Β</strong></span> 
     </span>
    </p>
   </div>
   <div class='ocr_carea' id='block_1_21' title="bbox 299 2011 1883 2097">
    <p class='ocr_par' dir='ltr' id='par_1_21' title="bbox 299 2011 1883 2097">
     <span class='ocr_line' id='line_1_21' title="bbox 299 2011 1883 2097; baseline -0.002 -17"><span class='ocrx_word' id='word_1_152' title='bbox 299 2028 419 2097; x_wconf 70' lang='grc' dir='ltr'><strong>ἦτοι</strong></span> <span class='ocrx_word' id='word_1_153' title='bbox 449 2025 505 2080; x_wconf 81' lang='grc' dir='ltr'><strong>δὲ</strong></span> <span class='ocrx_word' id='word_1_154' title='bbox 536 2025 792 2081; x_wconf 80' lang='grc' dir='ltr'><strong>διπλάσια</strong></span> <span class='ocrx_word' id='word_1_155' title='bbox 818 2025 853 2096; x_wconf 85' lang='grc' dir='ltr'>ἢ</span> <span class='ocrx_word' id='word_1_156' title='bbox 872 2011 1237 2079; x_wconf 78' lang='grc' dir='ltr'><strong>,ἑπταπλάσια</strong></span> <span class='ocrx_word' id='word_1_157' title='bbox 1262 2023 1523 2097; x_wconf 76' lang='grc' dir='ltr'><strong>λήψονται</strong></span> <span class='ocrx_word' id='word_1_158' title='bbox 1552 2026 1601 2078; x_wconf 82' lang='lat' dir='ltr'><strong>oi</strong></span> <span class='ocrx_word' id='word_1_159' title='bbox 1628 2026 1883 2097; x_wconf 81' lang='grc' dir='ltr'><strong>ἡμαρτη-</strong></span> 
     </span>
    </p>
   </div>
   <div class='ocr_carea' id='block_1_22' title="bbox 300 2115 1885 2190">
    <p class='ocr_par' dir='ltr' id='par_1_22' title="bbox 300 2115 1885 2190">
     <span class='ocr_line' id='line_1_22' title="bbox 300 2115 1885 2190; baseline -0.001 -19"><span class='ocrx_word' id='word_1_160' title='bbox 300 2118 459 2182; x_wconf 85' lang='grc' dir='ltr'><strong>κότες</strong></span> <span class='ocrx_word' id='word_1_161' title='bbox 482 2120 547 2172; x_wconf 80' lang='grc' dir='ltr'><strong>ὲκ</strong></span> <span class='ocrx_word' id='word_1_162' title='bbox 569 2116 751 2190; x_wconf 79' lang='grc' dir='ltr'><strong>χειρὸς</strong></span> <span class='ocrx_word' id='word_1_163' title='bbox 777 2116 985 2189; x_wconf 78' lang='grc' dir='ltr'><strong>Κυρίου</strong></span> <span class='ocrx_word' id='word_1_164' title='bbox 1011 2116 1082 2170; x_wconf 79' lang='grc' dir='ltr'><strong>τὰ</strong></span> <span class='ocrx_word' id='word_1_165' title='bbox 1107 2117 1499 2189; x_wconf 82' lang='grc' dir='ltr'><strong>ἁμαρτήματα,</strong></span> <span class='ocrx_word' id='word_1_166' title='bbox 1525 2117 1654 2171; x_wconf 85' lang='grc' dir='ltr'><strong>ὅταν</strong></span> <span class='ocrx_word' id='word_1_167' title='bbox 1684 2116 1760 2187; x_wconf 86' lang='grc' dir='ltr'><strong>μὴ</strong></span> <span class='ocrx_word' id='word_1_168' title='bbox 1790 2115 1885 2170; x_wconf 72' lang='grc' dir='ltr'><strong>καὶ</strong></span> 
     </span>
    </p>
   </div>
   <div class='ocr_carea' id='block_1_23' title="bbox 299 2204 1886 2282">
    <p class='ocr_par' dir='ltr' id='par_1_23' title="bbox 299 2204 1886 2282">
     <span class='ocr_line' id='line_1_23' title="bbox 299 2204 1886 2282; baseline -0.003 -19"><span class='ocrx_word' id='word_1_169' title='bbox 299 2209 444 2264; x_wconf 80' lang='grc' dir='ltr'><strong>κατά</strong></span> <span class='ocrx_word' id='word_1_170' title='bbox 486 2209 573 2263; x_wconf 87' lang='grc' dir='ltr'><strong>τά.</strong></span> <span class='ocrx_word' id='word_1_171' title='bbox 614 2210 755 2282; x_wconf 80' lang='grc' dir='ltr'><strong>ἔργα</strong></span> <span class='ocrx_word' id='word_1_172' title='bbox 800 2208 910 2262; x_wconf 88' lang='grc' dir='ltr'><strong>τῶν</strong></span> <span class='ocrx_word' id='word_1_173' title='bbox 962 2207 1162 2281; x_wconf 90' lang='grc' dir='ltr'><strong>χειρῶν</strong></span> <span class='ocrx_word' id='word_1_174' title='bbox 1204 2222 1313 2264; x_wconf 87' lang='grc' dir='ltr'><strong>τινι</strong></span> <span class='ocrx_word' id='word_1_175' title='bbox 1364 2206 1703 2271; x_wconf 80' lang='grc' dir='ltr'><strong>ἀποδίδοται,</strong></span> <span class='ocrx_word' id='word_1_176' title='bbox 1748 2204 1886 2259; x_wconf 88' lang='grc' dir='ltr'><strong>ἀλλά</strong></span> 
     </span>
    </p>
   </div>
   <div class='ocr_carea' id='block_1_24' title="bbox 297 2293 1886 2372">
    <p class='ocr_par' dir='ltr' id='par_1_24' title="bbox 297 2293 1886 2372">
     <span class='ocr_line' id='line_1_24' title="bbox 297 2293 1886 2372; baseline -0.004 -18"><span class='ocrx_word' id='word_1_177' title='bbox 297 2300 523 2354; x_wconf 76' lang='grc' dir='ltr'><strong>πλείονα</strong></span> <span class='ocrx_word' id='word_1_178' title='bbox 553 2293 630 2354; x_wconf 82' lang='grc' dir='ltr'><strong>ὧν</strong></span> <span class='ocrx_word' id='word_1_179' title='bbox 672 2300 1008 2372; x_wconf 70' lang='grc' dir='ltr'><strong>πεποίηκεν*</strong></span> <span class='ocrx_word' id='word_1_180' title='bbox 1060 2317 1080 2350; x_wconf 83' lang='grc' dir='ltr'><strong>ι</strong></span> <span class='ocrx_word' id='word_1_181' title='bbox 1121 2296 1478 2369; x_wconf 83' lang='grc' dir='ltr'><strong>Ἰερουσαλὴμ</strong></span> <span class='ocrx_word' id='word_1_182' title='bbox 1524 2316 1544 2349; x_wconf 83' lang='grc'>›</span> <span class='ocrx_word' id='word_1_183' title='bbox 1590 2296 1720 2369; x_wconf 86' lang='grc' dir='ltr'><strong>γὰρ,</strong></span> <span class='ocrx_word' id='word_1_184' title='bbox 1750 2296 1826 2359; x_wconf 82' lang='grc' dir='ltr'><strong>ὡς</strong></span> <span class='ocrx_word' id='word_1_185' title='bbox 1856 2297 1886 2349; x_wconf 87' lang='grc' dir='ltr'>ὁ</span> 
     </span>
    </p>
   </div>
   <div class='ocr_carea' id='block_1_25' title="bbox 307 2387 1886 2460">
    <p class='ocr_par' dir='ltr' id='par_1_25' title="bbox 307 2387 1886 2460">
     <span class='ocr_line' id='line_1_25' title="bbox 307 2387 1886 2460; baseline -0.003 -15"><span class='ocrx_word' id='word_1_186' title='bbox 307 2387 542 2456; x_wconf 79' lang='grc' dir='ltr'><strong>Ἦσαῖας</strong></span> <span class='ocrx_word' id='word_1_187' title='bbox 567 2389 826 2455; x_wconf 76' lang='grc' dir='ltr'><strong>ἐδίδαξεν,</strong></span> <span class='ocrx_word' id='word_1_188' title='bbox 862 2407 882 2442; x_wconf 78' lang='grc' dir='ltr'><strong>ι</strong></span> <span class='ocrx_word' id='word_1_189' title='bbox 922 2387 1139 2454; x_wconf 77' lang='grc' dir='ltr'><strong>ἐδέξατο</strong></span> <span class='ocrx_word' id='word_1_190' title='bbox 1171 2390 1234 2442; x_wconf 83' lang='grc' dir='ltr'><strong>ὲκ</strong></span> <span class='ocrx_word' id='word_1_191' title='bbox 1265 2388 1449 2460; x_wconf 81' lang='grc' dir='ltr'><strong>χειρὸς</strong></span> <span class='ocrx_word' id='word_1_192' title='bbox 1481 2387 1687 2460; x_wconf 84' lang='grc' dir='ltr'><strong>Κυρίου</strong></span> <span class='ocrx_word' id='word_1_193' title='bbox 1720 2387 1886 2441; x_wconf 86' lang='grc' dir='ltr'><strong>διπλᾶ</strong></span> 
     </span>
    </p>
   </div>
   <div class='ocr_carea' id='block_1_26' title="bbox 294 2478 1883 2555">
    <p class='ocr_par' dir='ltr' id='par_1_26' title="bbox 294 2478 1883 2555">
     <span class='ocr_line' id='line_1_26' title="bbox 294 2478 1883 2555; baseline -0.004 -17"><span class='ocrx_word' id='word_1_194' title='bbox 294 2482 369 2538; x_wconf 67' lang='grc' dir='ltr'><strong>τὰ</strong></span> <span class='ocrx_word' id='word_1_195' title='bbox 400 2483 773 2555; x_wconf 80' lang='grc' dir='ltr'><strong>ἁμαρτήματα</strong></span> <span class='ocrx_word' id='word_1_196' title='bbox 800 2480 1005 2552; x_wconf 81' lang='grc' dir='ltr'><strong>αὐτῆς·</strong></span> <span class='ocrx_word' id='word_1_197' title='bbox 1038 2500 1056 2532; x_wconf 75' lang='grc' dir='ltr'><strong>ι</strong></span> <span class='ocrx_word' id='word_1_198' title='bbox 1082 2481 1129 2534; x_wconf 81' lang='lat' dir='ltr'><strong>oi</strong></span> <span class='ocrx_word' id='word_1_199' title='bbox 1166 2480 1224 2534; x_wconf 82' lang='grc' dir='ltr'><strong>δὲ</strong></span> <span class='ocrx_word' id='word_1_200' title='bbox 1253 2482 1492 2550; x_wconf 90' lang='grc' dir='ltr'><strong>γείτονες</strong></span> <span class='ocrx_word' id='word_1_201' title='bbox 1522 2479 1616 2535; x_wconf 81' lang='grc' dir='ltr'><strong>τοῦ</strong></span> <span class='ocrx_word' id='word_1_202' title='bbox 1647 2478 1883 2552; x_wconf 76' lang='grc' dir='ltr'><strong>Ἰσραὴλ,</strong></span> 
     </span>
    </p>
   </div>
   <div class='ocr_carea' id='block_1_27' title="bbox 297 2568 1887 2644">
    <p class='ocr_par' dir='ltr' id='par_1_27' title="bbox 297 2568 1887 2644">
     <span class='ocr_line' id='line_1_27' title="bbox 297 2568 1887 2644; baseline -0.003 -14"><span class='ocrx_word' id='word_1_203' title='bbox 297 2575 494 2640; x_wconf 83' lang='grc' dir='ltr'><strong>οἵτινές</strong></span> <span class='ocrx_word' id='word_1_204' title='bbox 553 2576 671 2628; x_wconf 86' lang='grc' dir='ltr'><strong>ποτ’</strong></span> <span class='ocrx_word' id='word_1_205' title='bbox 705 2574 772 2629; x_wconf 81' lang='grc' dir='ltr'><strong>ἂν</strong></span> <span class='ocrx_word' id='word_1_206' title='bbox 800 2568 953 2639; x_wconf 81' lang='grc' dir='ltr'><strong>ὦσιν,</strong></span> <span class='ocrx_word' id='word_1_207' title='bbox 984 2572 1329 2627; x_wconf 83' lang='grc' dir='ltr'><strong>έπταπλάσια</strong></span> <span class='ocrx_word' id='word_1_208' title='bbox 1357 2572 1618 2644; x_wconf 85' lang='grc' dir='ltr'><strong>λήψονται</strong></span> <span class='ocrx_word' id='word_1_209' title='bbox 1651 2572 1795 2628; x_wconf 86' lang='grc' dir='ltr'><strong>κατά</strong></span> <span class='ocrx_word' id='word_1_210' title='bbox 1825 2571 1887 2626; x_wconf 82' lang='grc' dir='ltr'><strong>τὸ</strong></span> 
     </span>
    </p>
   </div>
   <div class='ocr_carea' id='block_1_28' title="bbox 298 2664 1888 2737">
    <p class='ocr_par' dir='ltr' id='par_1_28' title="bbox 298 2664 1888 2737">
     <span class='ocr_line' id='line_1_28' title="bbox 298 2664 1888 2737; baseline -0.001 -16"><span class='ocrx_word' id='word_1_211' title='bbox 298 2668 361 2721; x_wconf 74' lang='grc' dir='ltr'><strong>ὲν</strong></span> <span class='ocrx_word' id='word_1_212' title='bbox 392 2666 646 2737; x_wconf 75' lang='grc' dir='ltr'><strong>Ψαλμοῖς</strong></span> <span class='ocrx_word' id='word_1_213' title='bbox 676 2664 850 2729; x_wconf 73' lang='grc' dir='ltr'><strong>οὕτως</strong></span> <span class='ocrx_word' id='word_1_214' title='bbox 880 2666 1205 2737; x_wconf 73' lang='grc' dir='ltr'><strong>εἰρημένον·</strong></span> <span class='ocrx_word' id='word_1_215' title='bbox 1257 2684 1276 2716; x_wconf 84' lang='grc' dir='ltr'><strong>ι</strong></span> <span class='ocrx_word' id='word_1_216' title='bbox 1313 2664 1535 2729; x_wconf 82' lang='grc' dir='ltr'><strong>Ἀπόδος</strong></span> <span class='ocrx_word' id='word_1_217' title='bbox 1569 2668 1681 2731; x_wconf 84' lang='grc' dir='ltr'><strong>τοῖς</strong></span> <span class='ocrx_word' id='word_1_218' title='bbox 1712 2664 1888 2734; x_wconf 84' lang='grc' dir='ltr'><strong>γείτο-</strong></span> 
     </span>
    </p>
   </div>
   <div class='ocr_carea' id='block_1_29' title="bbox 299 2741 1888 2829">
    <p class='ocr_par' dir='ltr' id='par_1_29' title="bbox 299 2741 1888 2829">
     <span class='ocr_line' id='line_1_29' title="bbox 299 2741 1888 2829; baseline 0.001 -17"><span class='ocrx_word' id='word_1_219' title='bbox 299 2775 387 2813; x_wconf 86' lang='grc' dir='ltr'><strong>σιν</strong></span> <span class='ocrx_word' id='word_1_220' title='bbox 422 2758 578 2829; x_wconf 84' lang='grc' dir='ltr'><strong>ήμῶν</strong></span> <span class='ocrx_word' id='word_1_221' title='bbox 618 2741 1026 2812; x_wconf 77' lang='grc' dir='ltr'><strong>ἑπταπλασίονα</strong></span> <span class='ocrx_word' id='word_1_222' title='bbox 1066 2758 1148 2822; x_wconf 85' lang='grc' dir='ltr'><strong>είς</strong></span> <span class='ocrx_word' id='word_1_223' title='bbox 1188 2757 1280 2811; x_wconf 78' lang='grc' dir='ltr'><strong>τὸν</strong></span> <span class='ocrx_word' id='word_1_224' title='bbox 1313 2759 1513 2813; x_wconf 87' lang='grc' dir='ltr'><strong>κόλπον</strong></span> <span class='ocrx_word' id='word_1_225' title='bbox 1552 2757 1754 2824; x_wconf 83' lang='grc' dir='ltr'><strong>αὐτῶν,</strong></span> <span class='ocrx_word' id='word_1_226' title='bbox 1793 2757 1888 2813; x_wconf 77' lang='grc' dir='ltr'><strong>τὸν</strong></span> 
     </span>
    </p>
   </div>
   <div class='ocr_carea' id='block_1_30' title="bbox 297 2848 1887 2922">
    <p class='ocr_par' dir='ltr' id='par_1_30' title="bbox 297 2848 1887 2922">
     <span class='ocr_line' id='line_1_30' title="bbox 297 2848 1887 2922; baseline 0.001 -19"><span class='ocrx_word' id='word_1_227' title='bbox 297 2849 599 2922; x_wconf 76' lang='grc' dir='ltr'><strong>ὀνειδισμὸν</strong></span> <span class='ocrx_word' id='word_1_228' title='bbox 625 2849 826 2915; x_wconf 83' lang='grc' dir='ltr'><strong>αὐτῶν,</strong></span> <span class='ocrx_word' id='word_1_229' title='bbox 855 2849 914 2903; x_wconf 81' lang='grc' dir='ltr'><strong>ὃν</strong></span> <span class='ocrx_word' id='word_1_230' title='bbox 940 2848 1224 2903; x_wconf 75' lang='grc' dir='ltr'><strong>ιῦνείδισάν</strong></span> <span class='ocrx_word' id='word_1_231' title='bbox 1261 2867 1342 2915; x_wconf 90' lang='grc' dir='ltr'><strong>σε,</strong></span> <span class='ocrx_word' id='word_1_232' title='bbox 1363 2848 1591 2922; x_wconf 71' lang='grc' dir='ltr'><strong>Κύριε.»</strong></span> <span class='ocrx_word' id='word_1_233' title='bbox 1614 2851 1723 2904; x_wconf 69' lang='grc' dir='ltr'><strong>Καὶ</strong></span> <span class='ocrx_word' id='word_1_234' title='bbox 1739 2849 1887 2905; x_wconf 79' lang='grc' dir='ltr'><strong>ἄλλοι</strong></span> 
     </span>
    </p>
   </div>
   <div class='ocr_carea' id='block_1_31' title="bbox 301 2939 1889 3013">
    <p class='ocr_par' dir='ltr' id='par_1_31' title="bbox 301 2939 1889 3013">
     <span class='ocr_line' id='line_1_31' title="bbox 301 2939 1889 3013; baseline -0.002 -16"><span class='ocrx_word' id='word_1_235' title='bbox 301 2942 369 2997; x_wconf 84' lang='grc' dir='ltr'><strong>ἂν</strong></span> <span class='ocrx_word' id='word_1_236' title='bbox 403 2942 672 3013; x_wconf 77' lang='grc' dir='ltr'><strong>εὑρεθεῖεν</strong></span> <span class='ocrx_word' id='word_1_237' title='bbox 696 2941 887 3012; x_wconf 85' lang='grc' dir='ltr'><strong>τρόποι</strong></span> <span class='ocrx_word' id='word_1_238' title='bbox 913 2941 1014 3012; x_wconf 86' lang='grc' dir='ltr'><strong>τῆς</strong></span> <span class='ocrx_word' id='word_1_239' title='bbox 1048 2941 1476 3008; x_wconf 84' lang='grc' dir='ltr'><strong>ἀνταποδόσεως,</strong></span> <span class='ocrx_word' id='word_1_240' title='bbox 1507 2939 1602 3005; x_wconf 80' lang='grc' dir='ltr'><strong>οὓς</strong></span> <span class='ocrx_word' id='word_1_241' title='bbox 1634 2940 1729 2994; x_wconf 81' lang='grc' dir='ltr'><strong>ὲάν</strong></span> <span class='ocrx_word' id='word_1_242' title='bbox 1759 2940 1889 2994; x_wconf 89' lang='grc' dir='ltr'><strong>νοῶ-</strong></span> 
     </span>
    </p>
   </div>
   <div class='ocr_carea' id='block_1_32' title="bbox 303 3030 1887 3105">
    <p class='ocr_par' dir='ltr' id='par_1_32' title="bbox 303 3030 1887 3105">
     <span class='ocr_line' id='line_1_32' title="bbox 303 3030 1887 3105; baseline -0.003 -18"><span class='ocrx_word' id='word_1_243' title='bbox 303 3051 424 3105; x_wconf 88' lang='grc' dir='ltr'><strong>μεν,</strong></span> <span class='ocrx_word' id='word_1_244' title='bbox 472 3032 732 3103; x_wconf 82' lang='grc' dir='ltr'><strong>εἰσόμεθα</strong></span> <span class='ocrx_word' id='word_1_245' title='bbox 752 3030 771 3095; x_wconf 69' lang='grc'><strong>,’</strong></span> <span class='ocrx_word' id='word_1_246' title='bbox 805 3033 887 3086; x_wconf 83' lang='grc' dir='ltr'><strong>ὅτι</strong></span> <span class='ocrx_word' id='word_1_247' title='bbox 920 3031 1187 3086; x_wconf 88' lang='grc' dir='ltr'><strong>λυσιτελεῖ</strong></span> <span class='ocrx_word' id='word_1_248' title='bbox 1222 3033 1341 3103; x_wconf 78' lang='grc' dir='ltr'><strong>μεθ’</strong></span> <span class='ocrx_word' id='word_1_249' title='bbox 1386 3031 1651 3086; x_wconf 83' lang='grc' dir='ltr'><strong>ὁποσαοῦν</strong></span> <span class='ocrx_word' id='word_1_250' title='bbox 1704 3032 1887 3103; x_wconf 84' lang='grc' dir='ltr'><strong>ἀμαρ-</strong></span> 
     </span>
    </p>
   </div>
   <div class='ocr_carea' id='block_1_33' title="bbox 296 3123 1886 3197">
    <p class='ocr_par' dir='ltr' id='par_1_33' title="bbox 296 3123 1886 3197">
     <span class='ocr_line' id='line_1_33' title="bbox 296 3123 1886 3197; baseline -0.001 -19"><span class='ocrx_word' id='word_1_251' title='bbox 296 3127 363 3197; x_wconf 88' lang='grc' dir='ltr'><strong>τή</strong></span> <span class='ocrx_word' id='word_1_252' title='bbox 374 3142 519 3197; x_wconf 88' lang='grc' dir='ltr'><strong>ματα</strong></span> <span class='ocrx_word' id='word_1_253' title='bbox 556 3128 856 3196; x_wconf 84' lang='grc' dir='ltr'><strong>μετανοεῖν,</strong></span> <span class='ocrx_word' id='word_1_254' title='bbox 899 3125 985 3178; x_wconf 82' lang='grc' dir='ltr'><strong>ἵνα</strong></span> <span class='ocrx_word' id='word_1_255' title='bbox 1031 3125 1171 3195; x_wconf 77' lang='grc' dir='ltr'><strong>πρὸς</strong></span> <span class='ocrx_word' id='word_1_256' title='bbox 1215 3123 1292 3195; x_wconf 82' lang='grc' dir='ltr'><strong>τῷ</strong></span> <span class='ocrx_word' id='word_1_257' title='bbox 1340 3123 1414 3195; x_wconf 83' lang='grc' dir='ltr'><strong>μὴ</strong></span> <span class='ocrx_word' id='word_1_258' title='bbox 1459 3125 1586 3195; x_wconf 76' lang='grc' dir='ltr'><strong>περὶ</strong></span> <span class='ocrx_word' id='word_1_259' title='bbox 1626 3123 1886 3177; x_wconf 87' lang='grc' dir='ltr'><strong>πλειόνων</strong></span> 
     </span>
    </p>
   </div>
   <div class='ocr_carea' id='block_1_34' title="bbox 296 3216 1954 3308">
    <p class='ocr_par' dir='ltr' id='par_1_34' title="bbox 296 3216 1954 3308">
     <span class='ocr_line' id='line_1_34' title="bbox 296 3216 1954 3308; baseline -0.002 -36"><span class='ocrx_word' id='word_1_260' title='bbox 296 3216 622 3282; x_wconf 80' lang='grc' dir='ltr'><strong>κολάζεσθαι</strong></span> <span class='ocrx_word' id='word_1_261' title='bbox 670 3219 818 3308; x_wconf 75' lang='grc' dir='ltr'><strong>ήμᾷς</strong></span> <span class='ocrx_word' id='word_1_262' title='bbox 863 3217 958 3272; x_wconf 75' lang='grc' dir='ltr'><strong>καὶ</strong></span> <span class='ocrx_word' id='word_1_263' title='bbox 1002 3218 1131 3290; x_wconf 75' lang='grc' dir='ltr'><strong>περὶ</strong></span> <span class='ocrx_word' id='word_1_264' title='bbox 1168 3217 1388 3286; x_wconf 85' lang='grc' dir='ltr'><strong>ἀγαθῶν</strong></span> <span class='ocrx_word' id='word_1_265' title='bbox 1435 3217 1590 3278; x_wconf 70' lang='grc' dir='ltr'><strong>ἐλπίς</strong></span> <span class='ocrx_word' id='word_1_266' title='bbox 1621 3234 1707 3281; x_wconf 90' lang='grc' dir='ltr'><strong>τις</strong></span> <span class='ocrx_word' id='word_1_267' title='bbox 1750 3217 1886 3288; x_wconf 79' lang='grc' dir='ltr'><strong>ἡμῖν</strong></span> <span class='ocrx_word' id='word_1_268' title='bbox 1910 3250 1954 3308; x_wconf 73' lang='lat' dir='ltr'><strong><em>C</em></strong></span> 
     </span>
    </p>
   </div>
   <div class='ocr_carea' id='block_1_35' title="bbox 297 3307 1882 3381">
    <p class='ocr_par' dir='ltr' id='par_1_35' title="bbox 297 3307 1882 3381">
     <span class='ocr_line' id='line_1_35' title="bbox 297 3307 1882 3381; baseline -0.001 -18"><span class='ocrx_word' id='word_1_269' title='bbox 297 3308 524 3380; x_wconf 77' lang='grc' dir='ltr'><strong>ὕστερόν</strong></span> <span class='ocrx_word' id='word_1_270' title='bbox 546 3325 677 3362; x_wconf 88' lang='grc' dir='ltr'><strong>ποτε</strong></span> <span class='ocrx_word' id='word_1_271' title='bbox 705 3307 815 3362; x_wconf 89' lang='grc' dir='ltr'><strong>τῶν</strong></span> <span class='ocrx_word' id='word_1_272' title='bbox 848 3311 1253 3381; x_wconf 84' lang='grc' dir='ltr'><strong>πεπραγμένων</strong></span> <span class='ocrx_word' id='word_1_273' title='bbox 1285 3309 1605 3379; x_wconf 84' lang='grc' dir='ltr'><strong>ἀπολειφθῇ,</strong></span> <span class='ocrx_word' id='word_1_274' title='bbox 1637 3308 1743 3362; x_wconf 76' lang='grc' dir='ltr'><strong>κᾶν</strong></span> <span class='ocrx_word' id='word_1_275' title='bbox 1775 3309 1882 3380; x_wconf 77' lang='grc' dir='ltr'><strong>πρὸ</strong></span> 
     </span>
    </p>
   </div>
   <div class='ocr_carea' id='block_1_36' title="bbox 296 3394 1880 3471">
    <p class='ocr_par' dir='ltr' id='par_1_36' title="bbox 296 3394 1880 3471">
     <span class='ocr_line' id='line_1_36' title="bbox 296 3394 1880 3471; baseline -0.001 -19"><span class='ocrx_word' id='word_1_276' title='bbox 296 3397 479 3452; x_wconf 85' lang='grc' dir='ltr'><strong>αὐτῶν</strong></span> <span class='ocrx_word' id='word_1_277' title='bbox 515 3398 684 3470; x_wconf 88' lang='grc' dir='ltr'><strong>μυρία</strong></span> <span class='ocrx_word' id='word_1_278' title='bbox 723 3397 824 3451; x_wconf 82' lang='grc' dir='ltr'><strong>ὅσα</strong></span> <span class='ocrx_word' id='word_1_279' title='bbox 856 3398 1193 3470; x_wconf 75' lang='grc' dir='ltr'><strong>ἐπταισμένα</strong></span> <span class='ocrx_word' id='word_1_280' title='bbox 1222 3399 1330 3452; x_wconf 69' lang='grc' dir='ltr'><strong>τινὶ</strong></span> <span class='ocrx_word' id='word_1_281' title='bbox 1445 3398 1645 3452; x_wconf 78' lang='grc' dir='ltr'><strong>ἄτοπον</strong></span> <span class='ocrx_word' id='word_1_282' title='bbox 1677 3397 1785 3470; x_wconf 83' lang='grc' dir='ltr'><strong>γὰρ</strong></span> <span class='ocrx_word' id='word_1_283' title='bbox 1810 3398 1880 3451; x_wconf 83' lang='grc' dir='ltr'><strong>τὰ</strong></span> 
     </span>
    </p>
   </div>
   <div class='ocr_carea' id='block_1_37' title="bbox 302 3489 1886 3563">
    <p class='ocr_par' dir='ltr' id='par_1_37' title="bbox 302 3489 1886 3563">
     <span class='ocr_line' id='line_1_37' title="bbox 302 3489 1886 3563; baseline 0 -19"><span class='ocrx_word' id='word_1_284' title='bbox 302 3491 401 3561; x_wconf 79' lang='grc' dir='ltr'><strong>μὲν</strong></span> <span class='ocrx_word' id='word_1_285' title='bbox 427 3490 646 3563; x_wconf 85' lang='grc' dir='ltr'><strong>χείρονα</strong></span> <span class='ocrx_word' id='word_1_286' title='bbox 683 3489 996 3562; x_wconf 85' lang='grc' dir='ltr'><strong>λογισθῆναί</strong></span> <span class='ocrx_word' id='word_1_287' title='bbox 1027 3507 1154 3553; x_wconf 87' lang='grc' dir='ltr'><strong>τινι,</strong></span> <span class='ocrx_word' id='word_1_288' title='bbox 1188 3489 1260 3544; x_wconf 86' lang='grc' dir='ltr'><strong>τά</strong></span> <span class='ocrx_word' id='word_1_289' title='bbox 1286 3491 1343 3544; x_wconf 88' lang='grc' dir='ltr'><strong>δὲ</strong></span> <span class='ocrx_word' id='word_1_290' title='bbox 1380 3489 1518 3561; x_wconf 86' lang='grc' dir='ltr'><strong>μετά</strong></span> <span class='ocrx_word' id='word_1_291' title='bbox 1556 3489 1886 3561; x_wconf 86' lang='grc' dir='ltr'><strong>τά.χείρονα</strong></span> 
     </span>
    </p>
   </div>
   <div class='ocr_carea' id='block_1_38' title="bbox 298 3581 1888 3655">
    <p class='ocr_par' dir='ltr' id='par_1_38' title="bbox 298 3581 1888 3655">
     <span class='ocr_line' id='line_1_38' title="bbox 298 3581 1888 3655; baseline -0.004 -17"><span class='ocrx_word' id='word_1_292' title='bbox 298 3583 587 3655; x_wconf 79' lang='grc' dir='ltr'><strong>κρείττονα</strong></span> <span class='ocrx_word' id='word_1_293' title='bbox 630 3583 795 3655; x_wconf 82' lang='grc' dir='ltr'><strong>μηδὲν</strong></span> <span class='ocrx_word' id='word_1_294' title='bbox 837 3581 1084 3652; x_wconf 82' lang='grc' dir='ltr'><strong>ὠφελεῖν,</strong></span> <span class='ocrx_word' id='word_1_295' title='bbox 1123 3582 1267 3654; x_wconf 74' lang='grc' dir='ltr'><strong>ἅπερ</strong></span> <span class='ocrx_word' id='word_1_296' title='bbox 1300 3583 1396 3635; x_wconf 70' lang='grc' dir='ltr'><strong>καὶ</strong></span> <span class='ocrx_word' id='word_1_297' title='bbox 1445 3581 1552 3636; x_wconf 83' lang='grc' dir='ltr'><strong>ἀπὸ</strong></span> <span class='ocrx_word' id='word_1_298' title='bbox 1592 3581 1687 3635; x_wconf 81' lang='grc' dir='ltr'><strong>τοῦ</strong></span> <span class='ocrx_word' id='word_1_299' title='bbox 1727 3581 1888 3645; x_wconf 69' lang='grc' dir='ltr'><strong>Ἰεζε-</strong></span> 
     </span>
    </p>
   </div>
   <div class='ocr_carea' id='block_1_39' title="bbox 295 3671 1887 3748">
    <p class='ocr_par' dir='ltr' id='par_1_39' title="bbox 295 3671 1887 3748">
     <span class='ocr_line' id='line_1_39' title="bbox 295 3671 1887 3748; baseline -0.003 -18"><span class='ocrx_word' id='word_1_300' title='bbox 295 3675 426 3748; x_wconf 84' lang='grc' dir='ltr'><strong>κιὴλ</strong></span> <span class='ocrx_word' id='word_1_301' title='bbox 463 3679 578 3740; x_wconf 89' lang='grc' dir='ltr'><strong>τοῖς</strong></span> <span class='ocrx_word' id='word_1_302' title='bbox 622 3674 896 3746; x_wconf 79' lang='grc' dir='ltr'><strong>ἐπιμελῶς</strong></span> <span class='ocrx_word' id='word_1_303' title='bbox 938 3672 1168 3745; x_wconf 80' lang='grc' dir='ltr'><strong>τηροῦσι</strong></span> <span class='ocrx_word' id='word_1_304' title='bbox 1199 3673 1270 3727; x_wconf 86' lang='grc' dir='ltr'><strong>τὰ</strong></span> <span class='ocrx_word' id='word_1_305' title='bbox 1301 3672 1430 3745; x_wconf 69' lang='grc' dir='ltr'><strong>περὶ</strong></span> <span class='ocrx_word' id='word_1_306' title='bbox 1477 3672 1587 3727; x_wconf 88' lang='grc' dir='ltr'><strong>τῶν</strong></span> <span class='ocrx_word' id='word_1_307' title='bbox 1630 3671 1887 3744; x_wconf 87' lang='grc' dir='ltr'><strong>τοιούτων</strong></span> 
     </span>
    </p>
   </div>
   <div class='ocr_carea' id='block_1_40' title="bbox 1992 645 3566 718">
    <p class='ocr_par' dir='ltr' id='par_1_40' title="bbox 1992 645 3566 718">
     <span class='ocr_line' id='line_1_40' title="bbox 1992 645 3566 718; baseline 0.004 -16"><span class='ocrx_word' id='word_1_308' title='bbox 1992 647 2350 718; x_wconf 80' lang='lat' dir='ltr'><strong>quoadusque</strong></span> <span class='ocrx_word' id='word_1_309' title='bbox 2371 648 2553 701; x_wconf 88' lang='lat' dir='ltr'><strong>veniat</strong></span> <span class='ocrx_word' id='word_1_310' title='bbox 2569 645 2851 711; x_wconf 83' lang='lat' dir='ltr'><strong>Dominus,</strong></span> <span class='ocrx_word' id='word_1_311' title='bbox 2879 647 2971 717; x_wconf 91' lang='lat' dir='ltr'><strong>qui</strong></span> <span class='ocrx_word' id='word_1_312' title='bbox 3001 656 3055 701; x_wconf 90' lang='lat' dir='ltr'><strong>et</strong></span> <span class='ocrx_word' id='word_1_313' title='bbox 3082 649 3410 706; x_wconf 81' lang='lat' dir='ltr'><strong>illuminabit</strong></span> <span class='ocrx_word' id='word_1_314' title='bbox 3436 652 3566 710; x_wconf 90' lang='lat' dir='ltr'><strong>abs-</strong></span> 
     </span>
    </p>
   </div>
   <div class='ocr_carea' id='block_1_41' title="bbox 1991 739 3569 806">
    <p class='ocr_par' dir='ltr' id='par_1_41' title="bbox 1991 739 3569 806">
     <span class='ocr_line' id='line_1_41' title="bbox 1991 739 3569 806; baseline 0.002 -10"><span class='ocrx_word' id='word_1_315' title='bbox 1991 742 2206 796; x_wconf 84' lang='lat' dir='ltr'><strong>condita</strong></span> <span class='ocrx_word' id='word_1_316' title='bbox 2257 741 2603 796; x_wconf 90' lang='lat' dir='ltr'><strong>tenebrarum</strong></span> <span class='ocrx_word' id='word_1_317' title='bbox 2625 781 2641 806; x_wconf 92' lang='lat'><strong>,</strong></span> <span class='ocrx_word' id='word_1_318' title='bbox 2687 749 2738 794; x_wconf 90' lang='lat' dir='ltr'><strong>et</strong></span> <span class='ocrx_word' id='word_1_319' title='bbox 2779 739 3154 796; x_wconf 86' lang='lat' dir='ltr'><strong>manifestabit</strong></span> <span class='ocrx_word' id='word_1_320' title='bbox 3187 744 3417 798; x_wconf 87' lang='lat' dir='ltr'><strong>consilia</strong></span> <span class='ocrx_word' id='word_1_321' title='bbox 3442 759 3569 800; x_wconf 82' lang='lat' dir='ltr'><strong>cor-</strong></span> 
     </span>
    </p>
   </div>
   <div class='ocr_carea' id='block_1_42' title="bbox 1990 835 3564 905">
    <p class='ocr_par' dir='ltr' id='par_1_42' title="bbox 1990 835 3564 905">
     <span class='ocr_line' id='line_1_42' title="bbox 1990 835 3564 905; baseline 0.001 -14"><span class='ocrx_word' id='word_1_322' title='bbox 1990 837 2139 891; x_wconf 91' lang='lat' dir='ltr'><strong>dium</strong></span> <span class='ocrx_word' id='word_1_323' title='bbox 2171 836 2238 891; x_wconf 73' lang='lat'><strong>“.</strong></span> <span class='ocrx_word' id='word_1_324' title='bbox 2274 855 2294 888; x_wconf 75' lang='grc' dir='ltr'><strong>ι</strong></span> <span class='ocrx_word' id='word_1_325' title='bbox 2347 835 2425 889; x_wconf 84' lang='lat' dir='ltr'><strong>Ad</strong></span> <span class='ocrx_word' id='word_1_326' title='bbox 2478 835 2530 890; x_wconf 93' lang='lat' dir='ltr'><strong>id</strong></span> <span class='ocrx_word' id='word_1_327' title='bbox 2583 845 2762 889; x_wconf 86' lang='lat' dir='ltr'><strong>autem</strong></span> <span class='ocrx_word' id='word_1_328' title='bbox 2810 835 2952 905; x_wconf 90' lang='lat' dir='ltr'><strong>quod</strong></span> <span class='ocrx_word' id='word_1_329' title='bbox 2997 836 3260 891; x_wconf 83' lang='lat' dir='ltr'><strong>adversus</strong></span> <span class='ocrx_word' id='word_1_330' title='bbox 3302 838 3564 893; x_wconf 83' lang='lat' dir='ltr'><strong>leviorum</strong></span> 
     </span>
    </p>
   </div>
   <div class='ocr_carea' id='block_1_43' title="bbox 1992 927 3566 996">
    <p class='ocr_par' dir='ltr' id='par_1_43' title="bbox 1992 927 3566 996">
     <span class='ocr_line' id='line_1_43' title="bbox 1992 927 3566 996; baseline 0.001 -13"><span class='ocrx_word' id='word_1_331' title='bbox 1992 944 2258 983; x_wconf 78' lang='lat' dir='ltr'><strong>noxarum</strong></span> <span class='ocrx_word' id='word_1_332' title='bbox 2292 943 2416 983; x_wconf 90' lang='lat' dir='ltr'><strong>reos</strong></span> <span class='ocrx_word' id='word_1_333' title='bbox 2463 927 2655 982; x_wconf 91' lang='lat' dir='ltr'><strong>durius</strong></span> <span class='ocrx_word' id='word_1_334' title='bbox 2700 927 3107 996; x_wconf 87' lang='lat' dir='ltr'><strong>pronuntiatum</strong></span> <span class='ocrx_word' id='word_1_335' title='bbox 3139 928 3390 995; x_wconf 69' lang='lat' dir='ltr'><strong>videtur,</strong></span> <span class='ocrx_word' id='word_1_336' title='bbox 3425 929 3566 985; x_wconf 89' lang='lat' dir='ltr'><strong>dicet</strong></span> 
     </span>
    </p>
   </div>
   <div class='ocr_carea' id='block_1_44' title="bbox 1990 1019 3566 1091">
    <p class='ocr_par' dir='ltr' id='par_1_44' title="bbox 1990 1019 3566 1091">
     <span class='ocr_line' id='line_1_44' title="bbox 1990 1019 3566 1091; baseline -0.001 -16"><span class='ocrx_word' id='word_1_337' title='bbox 1990 1020 2188 1089; x_wconf 82' lang='lat' dir='ltr'><strong>aliquis</strong></span> <span class='ocrx_word' id='word_1_338' title='bbox 2232 1036 2356 1077; x_wconf 89' lang='lat' dir='ltr'><strong>eum</strong></span> <span class='ocrx_word' id='word_1_339' title='bbox 2408 1020 2501 1088; x_wconf 90' lang='lat' dir='ltr'><strong>qui</strong></span> <span class='ocrx_word' id='word_1_340' title='bbox 2553 1019 2634 1073; x_wconf 88' lang='lat' dir='ltr'><strong>bis</strong></span> <span class='ocrx_word' id='word_1_341' title='bbox 2677 1020 2869 1073; x_wconf 89' lang='lat' dir='ltr'><strong>ordine</strong></span> <span class='ocrx_word' id='word_1_342' title='bbox 2911 1035 3116 1075; x_wconf 87' lang='lat' dir='ltr'><strong>morem</strong></span> <span class='ocrx_word' id='word_1_343' title='bbox 3162 1036 3269 1074; x_wconf 88' lang='lat' dir='ltr'><strong>non</strong></span> <span class='ocrx_word' id='word_1_344' title='bbox 3313 1022 3566 1091; x_wconf 73' lang='lat' dir='ltr'><strong>gesserit,</strong></span> 
     </span>
    </p>
   </div>
   <div class='ocr_carea' id='block_1_45' title="bbox 1992 1112 3567 1187">
    <p class='ocr_par' dir='ltr' id='par_1_45' title="bbox 1992 1112 3567 1187">
     <span class='ocr_line' id='line_1_45' title="bbox 1992 1112 3567 1187; baseline 0.002 -19"><span class='ocrx_word' id='word_1_345' title='bbox 1992 1113 2149 1168; x_wconf 82' lang='lat' dir='ltr'><strong>tertio</strong></span> <span class='ocrx_word' id='word_1_346' title='bbox 2199 1112 2272 1167; x_wconf 85' lang='lat' dir='ltr'><strong>ita</strong></span> <span class='ocrx_word' id='word_1_347' title='bbox 2329 1113 2706 1181; x_wconf 82' lang='lat' dir='ltr'><strong>obtemperare</strong></span> <span class='ocrx_word' id='word_1_348' title='bbox 2751 1127 2858 1166; x_wconf 93' lang='lat' dir='ltr'><strong>non</strong></span> <span class='ocrx_word' id='word_1_349' title='bbox 2918 1127 3115 1183; x_wconf 88' lang='lat' dir='ltr'><strong>posse,</strong></span> <span class='ocrx_word' id='word_1_350' title='bbox 3173 1122 3235 1167; x_wconf 90' lang='lat' dir='ltr'><strong>ut</strong></span> <span class='ocrx_word' id='word_1_351' title='bbox 3278 1123 3567 1187; x_wconf 81' lang='lat' dir='ltr'><strong>propterea</strong></span> 
     </span>
    </p>
   </div>
   <div class='ocr_carea' id='block_1_46' title="bbox 1989 1190 3567 1275">
    <p class='ocr_par' dir='ltr' id='par_1_46' title="bbox 1989 1190 3567 1275">
     <span class='ocr_line' id='line_1_46' title="bbox 1989 1190 3567 1275; baseline 0.001 -16"><span class='ocrx_word' id='word_1_352' title='bbox 1989 1204 2240 1259; x_wconf 73' lang='lat' dir='ltr'><strong>ethnicus</strong></span> <span class='ocrx_word' id='word_1_353' title='bbox 2275 1190 2511 1273; x_wconf 75' lang='lat' dir='ltr'><strong>amplius</strong></span> <span class='ocrx_word' id='word_1_354' title='bbox 2535 1245 2548 1266; x_wconf 92' lang='lat'><strong>,</strong></span> <span class='ocrx_word' id='word_1_355' title='bbox 2588 1203 2978 1272; x_wconf 84' lang='lat' dir='ltr'><strong>publicanusve</strong></span> <span class='ocrx_word' id='word_1_356' title='bbox 3008 1220 3113 1258; x_wconf 89' lang='lat' dir='ltr'><strong>non</strong></span> <span class='ocrx_word' id='word_1_357' title='bbox 3142 1205 3254 1271; x_wconf 90' lang='lat' dir='ltr'><strong>sit,</strong></span> <span class='ocrx_word' id='word_1_358' title='bbox 3298 1221 3400 1260; x_wconf 90' lang='lat' dir='ltr'><strong>nec</strong></span> <span class='ocrx_word' id='word_1_359' title='bbox 3430 1198 3567 1275; x_wconf 86' lang='lat' dir='ltr'><strong>opus</strong></span> 
     </span>
    </p>
   </div>
   <div class='ocr_carea' id='block_1_47' title="bbox 1989 1291 3564 1361">
    <p class='ocr_par' dir='ltr' id='par_1_47' title="bbox 1989 1291 3564 1361">
     <span class='ocr_line' id='line_1_47' title="bbox 1989 1291 3564 1361; baseline 0.002 -14"><span class='ocrx_word' id='word_1_360' title='bbox 1989 1292 2038 1347; x_wconf 83' lang='lat' dir='ltr'><strong>ei</strong></span> <span class='ocrx_word' id='word_1_361' title='bbox 2077 1293 2147 1348; x_wconf 87' lang='lat' dir='ltr'><strong>sit</strong></span> <span class='ocrx_word' id='word_1_362' title='bbox 2180 1303 2237 1347; x_wconf 91' lang='lat' dir='ltr'><strong>ut</strong></span> <span class='ocrx_word' id='word_1_363' title='bbox 2260 1309 2446 1348; x_wconf 89' lang='lat' dir='ltr'><strong>coram</strong></span> <span class='ocrx_word' id='word_1_364' title='bbox 2495 1301 2604 1347; x_wconf 92' lang='lat' dir='ltr'><strong>tota</strong></span> <span class='ocrx_word' id='word_1_365' title='bbox 2635 1291 2875 1347; x_wconf 86' lang='lat' dir='ltr'><strong>Ecclesia</strong></span> <span class='ocrx_word' id='word_1_366' title='bbox 2913 1305 3192 1361; x_wconf 71' lang='lat' dir='ltr'><strong>arguatur.</strong></span> <span class='ocrx_word' id='word_1_367' title='bbox 3259 1293 3393 1350; x_wconf 82' lang='lat' dir='ltr'><strong>Illud</strong></span> <span class='ocrx_word' id='word_1_368' title='bbox 3418 1291 3564 1351; x_wconf 83' lang='lat' dir='ltr'><strong>enim</strong></span> 
     </span>
    </p>
   </div>
   <div class='ocr_carea' id='block_1_48' title="bbox 1989 1385 3567 1463">
    <p class='ocr_par' dir='ltr' id='par_1_48' title="bbox 1989 1385 3567 1463">
     <span class='ocr_line' id='line_1_48' title="bbox 1989 1385 3567 1463; baseline 0.002 -23"><span class='ocrx_word' id='word_1_369' title='bbox 1989 1385 2044 1440; x_wconf 93' lang='lat' dir='ltr'><strong>in</strong></span> <span class='ocrx_word' id='word_1_370' title='bbox 2076 1388 2397 1442; x_wconf 89' lang='lat' dir='ltr'><strong>memoriam</strong></span> <span class='ocrx_word' id='word_1_371' title='bbox 2449 1387 2813 1441; x_wconf 88' lang='lat' dir='ltr'><strong>revocandum</strong></span> <span class='ocrx_word' id='word_1_372' title='bbox 2858 1395 2985 1463; x_wconf 82' lang='lat' dir='ltr'><strong>est:</strong></span> <span class='ocrx_word' id='word_1_373' title='bbox 3028 1406 3045 1437; x_wconf 84' lang='grc' dir='ltr'><strong>ι</strong></span> <span class='ocrx_word' id='word_1_374' title='bbox 3081 1385 3172 1441; x_wconf 91' lang='lat' dir='ltr'><strong>Sic</strong></span> <span class='ocrx_word' id='word_1_375' title='bbox 3205 1403 3310 1442; x_wconf 91' lang='lat' dir='ltr'><strong>non</strong></span> <span class='ocrx_word' id='word_1_376' title='bbox 3354 1399 3431 1443; x_wconf 91' lang='lat' dir='ltr'><strong>est</strong></span> <span class='ocrx_word' id='word_1_377' title='bbox 3471 1406 3567 1443; x_wconf 64' lang='lat' dir='ltr'><strong>vo»</strong></span> 
     </span>
    </p>
   </div>
   <div class='ocr_carea' id='block_1_49' title="bbox 1987 1472 3550 1549">
    <p class='ocr_par' dir='ltr' id='par_1_49' title="bbox 1987 1472 3550 1549">
     <span class='ocr_line' id='line_1_49' title="bbox 1987 1472 3550 1549; baseline -0.003 -18"><span class='ocrx_word' id='word_1_378' title='bbox 1987 1477 2169 1531; x_wconf 87' lang='lat' dir='ltr'><strong>luntas</strong></span> <span class='ocrx_word' id='word_1_379' title='bbox 2214 1486 2338 1532; x_wconf 87' lang='lat' dir='ltr'><strong>ante</strong></span> <span class='ocrx_word' id='word_1_380' title='bbox 2361 1477 2575 1532; x_wconf 83' lang='lat' dir='ltr'><strong>Patrem</strong></span> <span class='ocrx_word' id='word_1_381' title='bbox 2610 1493 2790 1532; x_wconf 89' lang='lat' dir='ltr'><strong>meum</strong></span> <span class='ocrx_word' id='word_1_382' title='bbox 2819 1477 2912 1545; x_wconf 90' lang='lat' dir='ltr'><strong>qui</strong></span> <span class='ocrx_word' id='word_1_383' title='bbox 2945 1478 2998 1531; x_wconf 92' lang='lat' dir='ltr'><strong>in</strong></span> <span class='ocrx_word' id='word_1_384' title='bbox 3026 1472 3183 1532; x_wconf 59' lang='lat' dir='ltr'><strong>caelis</strong></span> <span class='ocrx_word' id='word_1_385' title='bbox 3212 1489 3316 1543; x_wconf 89' lang='lat' dir='ltr'><strong>est,</strong></span> <span class='ocrx_word' id='word_1_386' title='bbox 3347 1489 3404 1533; x_wconf 94' lang='lat' dir='ltr'><strong>ut</strong></span> <span class='ocrx_word' id='word_1_387' title='bbox 3435 1491 3550 1549; x_wconf 85' lang='lat' dir='ltr'><strong>per.</strong></span> 
     </span>
    </p>
   </div>
   <div class='ocr_carea' id='block_1_50' title="bbox 1986 1568 3570 1640">
    <p class='ocr_par' dir='ltr' id='par_1_50' title="bbox 1986 1568 3570 1640">
     <span class='ocr_line' id='line_1_50' title="bbox 1986 1568 3570 1640; baseline 0.001 -18"><span class='ocrx_word' id='word_1_388' title='bbox 1986 1577 2076 1623; x_wconf 89' lang='lat' dir='ltr'><strong>eat</strong></span> <span class='ocrx_word' id='word_1_389' title='bbox 2139 1584 2282 1623; x_wconf 90' lang='lat' dir='ltr'><strong>unus</strong></span> <span class='ocrx_word' id='word_1_390' title='bbox 2330 1569 2397 1625; x_wconf 89' lang='lat' dir='ltr'><strong>de</strong></span> <span class='ocrx_word' id='word_1_391' title='bbox 2428 1570 2641 1640; x_wconf 89' lang='lat' dir='ltr'><strong>pusillis</strong></span> <span class='ocrx_word' id='word_1_392' title='bbox 2687 1570 2806 1623; x_wconf 81' lang='lat' dir='ltr'><strong>istis</strong></span> <span class='ocrx_word' id='word_1_393' title='bbox 2836 1568 3104 1634; x_wconf 73' lang='lat' dir='ltr'><strong>ll“‘;inam</strong></span> <span class='ocrx_word' id='word_1_394' title='bbox 3140 1569 3422 1624; x_wconf 73' lang='lat' dir='ltr'><strong>sicomnes</strong></span> <span class='ocrx_word' id='word_1_395' title='bbox 3467 1586 3570 1626; x_wconf 80' lang='lat' dir='ltr'><strong>nos</strong></span> 
     </span>
    </p>
   </div>
   <div class='ocr_carea' id='block_1_51' title="bbox 1988 1659 3566 1731">
    <p class='ocr_par' dir='ltr' id='par_1_51' title="bbox 1988 1659 3566 1731">
     <span class='ocr_line' id='line_1_51' title="bbox 1988 1659 3566 1731; baseline 0 -16"><span class='ocrx_word' id='word_1_396' title='bbox 1988 1669 2167 1716; x_wconf 87' lang='lat' dir='ltr'><strong>astare</strong></span> <span class='ocrx_word' id='word_1_397' title='bbox 2218 1670 2431 1731; x_wconf 79' lang='lat' dir='ltr'><strong>oportet</strong></span> <span class='ocrx_word' id='word_1_398' title='bbox 2477 1670 2603 1716; x_wconf 88' lang='lat' dir='ltr'><strong>ante</strong></span> <span class='ocrx_word' id='word_1_399' title='bbox 2661 1661 2899 1716; x_wconf 92' lang='lat' dir='ltr'><strong>tribunal</strong></span> <span class='ocrx_word' id='word_1_400' title='bbox 2938 1659 3192 1727; x_wconf 82' lang='lat' dir='ltr'><strong>Christi,</strong></span> <span class='ocrx_word' id='word_1_401' title='bbox 3252 1669 3313 1715; x_wconf 88' lang='lat' dir='ltr'><strong>ut</strong></span> <span class='ocrx_word' id='word_1_402' title='bbox 3363 1661 3566 1715; x_wconf 86' lang='lat' dir='ltr'><strong>referat</strong></span> 
     </span>
    </p>
   </div>
   <div class='ocr_carea' id='block_1_52' title="bbox 1988 1750 3568 1824">
    <p class='ocr_par' dir='ltr' id='par_1_52' title="bbox 1988 1750 3568 1824">
     <span class='ocr_line' id='line_1_52' title="bbox 1988 1750 3568 1824; baseline 0.001 -18"><span class='ocrx_word' id='word_1_403' title='bbox 1988 1753 2372 1824; x_wconf 88' lang='lat' dir='ltr'><strong>unusquisque</strong></span> <span class='ocrx_word' id='word_1_404' title='bbox 2418 1754 2637 1823; x_wconf 90' lang='lat' dir='ltr'><strong>propria</strong></span> <span class='ocrx_word' id='word_1_405' title='bbox 2683 1752 2964 1823; x_wconf 89' lang='lat' dir='ltr'><strong>corporis,</strong></span> <span class='ocrx_word' id='word_1_406' title='bbox 3005 1760 3171 1821; x_wconf 84' lang='lat' dir='ltr'><strong>prout</strong></span> <span class='ocrx_word' id='word_1_407' title='bbox 3208 1752 3415 1821; x_wconf 82' lang='lat' dir='ltr'><strong>gessit,</strong></span> <span class='ocrx_word' id='word_1_408' title='bbox 3452 1750 3568 1807; x_wconf 82' lang='lat' dir='ltr'><strong>sive</strong></span> 
     </span>
    </p>
   </div>
   <div class='ocr_carea' id='block_1_53' title="bbox 1988 1841 3569 1920">
    <p class='ocr_par' dir='ltr' id='par_1_53' title="bbox 1988 1841 3569 1920">
     <span class='ocr_line' id='line_1_53' title="bbox 1988 1841 3569 1920; baseline -0.001 -22"><span class='ocrx_word' id='word_1_409' title='bbox 1988 1843 2192 1898; x_wconf 86' lang='lat' dir='ltr'><strong>bonum</strong></span> <span class='ocrx_word' id='word_1_410' title='bbox 2215 1844 2247 1909; x_wconf 86' lang='lat'><strong>,&#39;</strong></span> <span class='ocrx_word' id='word_1_411' title='bbox 2279 1843 2394 1899; x_wconf 82' lang='lat' dir='ltr'><strong>sive</strong></span> <span class='ocrx_word' id='word_1_412' title='bbox 2419 1843 2622 1898; x_wconf 89' lang='lat' dir='ltr'><strong>malum</strong></span> <span class='ocrx_word' id='word_1_413' title='bbox 2649 1844 2697 1920; x_wconf 51' lang='lat' dir='ltr'><strong>F‘</strong></span> <span class='ocrx_word' id='word_1_414' title='bbox 2716 1883 2730 1907; x_wconf 93' lang='lat'><strong>,</strong></span> <span class='ocrx_word' id='word_1_415' title='bbox 2770 1863 2789 1895; x_wconf 75' lang='grc' dir='ltr'><strong>ι</strong></span> <span class='ocrx_word' id='word_1_416' title='bbox 2822 1841 3202 1911; x_wconf 88' lang='lat' dir='ltr'><strong>unusquisque</strong></span> <span class='ocrx_word' id='word_1_417' title='bbox 3229 1842 3361 1896; x_wconf 90' lang='lat' dir='ltr'><strong>eniti</strong></span> <span class='ocrx_word' id='word_1_418' title='bbox 3387 1841 3569 1910; x_wconf 86' lang='lat' dir='ltr'><strong>debet,</strong></span> 
     </span>
    </p>
   </div>
   <div class='ocr_carea' id='block_1_54' title="bbox 1987 1928 3570 2011">
    <p class='ocr_par' dir='ltr' id='par_1_54' title="bbox 1987 1928 3570 2011">
     <span class='ocr_line' id='line_1_54' title="bbox 1987 1928 3570 2011; baseline -0.003 -20"><span class='ocrx_word' id='word_1_419' title='bbox 1987 1951 2057 1991; x_wconf 90' lang='lat' dir='ltr'><strong>ne</strong></span> <span class='ocrx_word' id='word_1_420' title='bbox 2083 1935 2321 2006; x_wconf 90' lang='lat' dir='ltr'><strong>plurium</strong></span> <span class='ocrx_word' id='word_1_421' title='bbox 2350 1936 2510 1988; x_wconf 86' lang='lat' dir='ltr'><strong>male</strong></span> <span class='ocrx_word' id='word_1_422' title='bbox 2557 1928 2833 2006; x_wconf 78' lang='lat' dir='ltr'><strong>gestarum</strong></span> <span class='ocrx_word' id='word_1_423' title='bbox 2874 1934 2967 2003; x_wconf 86' lang='lat' dir='ltr'><strong>per</strong></span> <span class='ocrx_word' id='word_1_424' title='bbox 2992 1949 3194 2003; x_wconf 90' lang='lat' dir='ltr'><strong>corpus</strong></span> <span class='ocrx_word' id='word_1_425' title='bbox 3228 1949 3421 2011; x_wconf 6' lang='lat' dir='ltr'><strong>rerum,</strong></span> <span class='ocrx_word' id='word_1_426' title='bbox 3446 1948 3570 2003; x_wconf 67' lang='lat' dir='ltr'><strong>pa;-</strong></span> 
     </span>
    </p>
   </div>
   <div class='ocr_carea' id='block_1_55' title="bbox 1985 2024 3671 2097">
    <p class='ocr_par' dir='ltr' id='par_1_55' title="bbox 1985 2024 3671 2097">
     <span class='ocr_line' id='line_1_55' title="bbox 1985 2024 3671 2097; baseline -0.002 -14"><span class='ocrx_word' id='word_1_427' title='bbox 1985 2044 2113 2084; x_wconf 91' lang='lat' dir='ltr'><strong>nam</strong></span> <span class='ocrx_word' id='word_1_428' title='bbox 2144 2027 2362 2093; x_wconf 79' lang='lat' dir='ltr'><strong>referat,</strong></span> <span class='ocrx_word' id='word_1_429' title='bbox 2411 2028 2627 2083; x_wconf 88' lang='lat' dir='ltr'><strong>etiamsi</strong></span> <span class='ocrx_word' id='word_1_430' title='bbox 2662 2024 2759 2097; x_wconf 89' lang='lat' dir='ltr'><strong>pro</strong></span> <span class='ocrx_word' id='word_1_431' title='bbox 2793 2026 2952 2080; x_wconf 80' lang='lat' dir='ltr'><strong>noxis</strong></span> <span class='ocrx_word' id='word_1_432' title='bbox 2977 2027 3137 2095; x_wconf 87' lang='lat' dir='ltr'><strong>plane</strong></span> <span class='ocrx_word' id='word_1_433' title='bbox 3172 2025 3429 2080; x_wconf 90' lang='lat' dir='ltr'><strong>omnibus</strong></span> <span class='ocrx_word' id='word_1_434' title='bbox 3454 2040 3485 2079; x_wconf 93' lang='lat' dir='ltr'><strong>a</strong></span> <span class='ocrx_word' id='word_1_435' title='bbox 3508 2038 3572 2081; x_wconf 85' lang='lat' dir='ltr'><strong>se</strong></span> <span class='ocrx_word' id='word_1_436' title='bbox 3668 2076 3671 2079; x_wconf 89' lang='lat'><strong>.</strong></span> 
     </span>
    </p>
   </div>
   <div class='ocr_carea' id='block_1_56' title="bbox 1986 2115 3571 2190">
    <p class='ocr_par' dir='ltr' id='par_1_56' title="bbox 1986 2115 3571 2190">
     <span class='ocr_line' id='line_1_56' title="bbox 1986 2115 3571 2190; baseline -0.003 -15"><span class='ocrx_word' id='word_1_437' title='bbox 1986 2120 2242 2176; x_wconf 86' lang='lat' dir='ltr'><strong>admissis</strong></span> <span class='ocrx_word' id='word_1_438' title='bbox 2266 2120 2584 2190; x_wconf 89' lang='lat' dir='ltr'><strong>plectendus</strong></span> <span class='ocrx_word' id='word_1_439' title='bbox 2606 2119 2711 2185; x_wconf 89' lang='lat' dir='ltr'><strong>sit;</strong></span> <span class='ocrx_word' id='word_1_440' title='bbox 2740 2117 2832 2173; x_wconf 91' lang='lat' dir='ltr'><strong>sed</strong></span> <span class='ocrx_word' id='word_1_441' title='bbox 2864 2127 2924 2172; x_wconf 93' lang='lat' dir='ltr'><strong>ut</strong></span> <span class='ocrx_word' id='word_1_442' title='bbox 2954 2119 3190 2187; x_wconf 79' lang='lat' dir='ltr'><strong>plurium</strong></span> <span class='ocrx_word' id='word_1_443' title='bbox 3218 2127 3364 2171; x_wconf 89' lang='lat' dir='ltr'><strong>recte</strong></span> <span class='ocrx_word' id='word_1_444' title='bbox 3397 2115 3571 2171; x_wconf 59' lang='lat' dir='ltr'><strong>facto.</strong></span> 
     </span>
    </p>
   </div>
   <div class='ocr_carea' id='block_1_57' title="bbox 1987 2207 3569 2278">
    <p class='ocr_par' dir='ltr' id='par_1_57' title="bbox 1987 2207 3569 2278">
     <span class='ocr_line' id='line_1_57' title="bbox 1987 2207 3569 2278; baseline -0.004 -11"><span class='ocrx_word' id='word_1_445' title='bbox 1987 2228 2108 2268; x_wconf 91' lang='lat' dir='ltr'><strong>rum</strong></span> <span class='ocrx_word' id='word_1_446' title='bbox 2137 2213 2442 2268; x_wconf 89' lang='lat' dir='ltr'><strong>mercedem</strong></span> <span class='ocrx_word' id='word_1_447' title='bbox 2477 2211 2696 2275; x_wconf 80' lang='lat' dir='ltr'><strong>referat,</strong></span> <span class='ocrx_word' id='word_1_448' title='bbox 2721 2209 2868 2265; x_wconf 88' lang='lat' dir='ltr'><strong>omni</strong></span> <span class='ocrx_word' id='word_1_449' title='bbox 2899 2224 3000 2278; x_wconf 80' lang='lat' dir='ltr'><strong>ope</strong></span> <span class='ocrx_word' id='word_1_450' title='bbox 3032 2208 3106 2262; x_wconf 90' lang='lat' dir='ltr'><strong>illi</strong></span> <span class='ocrx_word' id='word_1_451' title='bbox 3131 2207 3569 2262; x_wconf 87' lang='lat' dir='ltr'><strong>contendendum</strong></span> 
     </span>
    </p>
   </div>
   <div class='ocr_carea' id='block_1_58' title="bbox 1986 2297 3569 2373">
    <p class='ocr_par' dir='ltr' id='par_1_58' title="bbox 1986 2297 3569 2373">
     <span class='ocr_line' id='line_1_58' title="bbox 1986 2297 3569 2373; baseline -0.006 -13"><span class='ocrx_word' id='word_1_452' title='bbox 1986 2312 2093 2372; x_wconf 90' lang='lat' dir='ltr'><strong>est,</strong></span> <span class='ocrx_word' id='word_1_453' title='bbox 2128 2305 2391 2373; x_wconf 83' lang='lat' dir='ltr'><strong>quoniam</strong></span> <span class='ocrx_word' id='word_1_454' title='bbox 2426 2322 2446 2355; x_wconf 76' lang='grc' dir='ltr'><strong>ι</strong></span> <span class='ocrx_word' id='word_1_455' title='bbox 2481 2319 2589 2373; x_wconf 91' lang='lat' dir='ltr'><strong>qua</strong></span> <span class='ocrx_word' id='word_1_456' title='bbox 2616 2318 2885 2358; x_wconf 84' lang='lat' dir='ltr'><strong>mensura</strong></span> <span class='ocrx_word' id='word_1_457' title='bbox 2910 2301 3186 2366; x_wconf 86' lang='lat' dir='ltr'><strong>metimur,</strong></span> <span class='ocrx_word' id='word_1_458' title='bbox 3240 2314 3304 2353; x_wconf 90' lang='lat' dir='ltr'><strong>ea</strong></span> <span class='ocrx_word' id='word_1_459' title='bbox 3335 2297 3569 2363; x_wconf 86' lang='lat' dir='ltr'><strong>metien-</strong></span> 
     </span>
    </p>
   </div>
   <div class='ocr_carea' id='block_1_59' title="bbox 1989 2393 3569 2458">
    <p class='ocr_par' dir='ltr' id='par_1_59' title="bbox 1989 2393 3569 2458">
     <span class='ocr_line' id='line_1_59' title="bbox 1989 2393 3569 2458; baseline -0.003 -9"><span class='ocrx_word' id='word_1_460' title='bbox 1989 2407 2078 2450; x_wconf 92' lang='lat' dir='ltr'><strong>tur</strong></span> <span class='ocrx_word' id='word_1_461' title='bbox 2105 2396 2264 2452; x_wconf 89' lang='lat' dir='ltr'><strong>nobis</strong></span> <span class='ocrx_word' id='word_1_462' title='bbox 2297 2396 2388 2450; x_wconf 91' lang='lat' dir='ltr'><strong>alii</strong></span> <span class='ocrx_word' id='word_1_463' title='bbox 2418 2396 2577 2458; x_wconf 64' lang='lat' dir='ltr'><strong>&quot;pet</strong></span> <span class='ocrx_word' id='word_1_464' title='bbox 2609 2412 2623 2450; x_wconf 90' lang='lat'><strong>:</strong></span> <span class='ocrx_word' id='word_1_465' title='bbox 2659 2413 2678 2447; x_wconf 86' lang='grc' dir='ltr'><strong>ι</strong></span> <span class='ocrx_word' id='word_1_466' title='bbox 2712 2393 3032 2450; x_wconf 85' lang='lat' dir='ltr'><strong>Distributio</strong></span> <span class='ocrx_word' id='word_1_467' title='bbox 3065 2408 3326 2447; x_wconf 88' lang='lat' dir='ltr'><strong>manuum</strong></span> <span class='ocrx_word' id='word_1_468' title='bbox 3356 2400 3569 2457; x_wconf 79' lang='lat' dir='ltr'><strong>nostra-</strong></span> 
     </span>
    </p>
   </div>
   <div class='ocr_carea' id='block_1_60' title="bbox 1986 2485 3566 2553">
    <p class='ocr_par' dir='ltr' id='par_1_60' title="bbox 1986 2485 3566 2553">
     <span class='ocr_line' id='line_1_60' title="bbox 1986 2485 3566 2553; baseline -0.003 -11"><span class='ocrx_word' id='word_1_469' title='bbox 1986 2504 2109 2543; x_wconf 88' lang='lat' dir='ltr'><strong>rum</strong></span> <span class='ocrx_word' id='word_1_470' title='bbox 2138 2489 2228 2543; x_wconf 85' lang='lat' dir='ltr'><strong>liet</strong></span> <span class='ocrx_word' id='word_1_471' title='bbox 2270 2489 2430 2544; x_wconf 89' lang='lat' dir='ltr'><strong>nobis</strong></span> <span class='ocrx_word' id='word_1_472' title='bbox 2461 2488 2530 2552; x_wconf 79' lang='lat'><strong>&quot;,</strong></span> <span class='ocrx_word' id='word_1_473' title='bbox 2565 2505 2584 2539; x_wconf 74' lang='grc' dir='ltr'><strong>ι</strong></span> <span class='ocrx_word' id='word_1_474' title='bbox 2620 2502 2719 2542; x_wconf 92' lang='lat' dir='ltr'><strong>nec</strong></span> <span class='ocrx_word' id='word_1_475' title='bbox 2762 2486 3038 2550; x_wconf 82' lang='lat' dir='ltr'><strong>infinitas,</strong></span> <span class='ocrx_word' id='word_1_476' title='bbox 3072 2486 3165 2541; x_wconf 88' lang='lat' dir='ltr'><strong>sed</strong></span> <span class='ocrx_word' id='word_1_477' title='bbox 3211 2485 3441 2553; x_wconf 88' lang='lat' dir='ltr'><strong>duplas,</strong></span> <span class='ocrx_word' id='word_1_478' title='bbox 3475 2497 3566 2538; x_wconf 84' lang='lat' dir='ltr'><strong>se-</strong></span> 
     </span>
    </p>
   </div>
   <div class='ocr_carea' id='block_1_61' title="bbox 1990 2577 3571 2650">
    <p class='ocr_par' dir='ltr' id='par_1_61' title="bbox 1990 2577 3571 2650">
     <span class='ocr_line' id='line_1_61' title="bbox 1990 2577 3571 2650; baseline -0.004 -16"><span class='ocrx_word' id='word_1_479' title='bbox 1990 2580 2275 2650; x_wconf 89' lang='lat' dir='ltr'><strong>ptuplasve</strong></span> <span class='ocrx_word' id='word_1_480' title='bbox 2326 2578 2562 2635; x_wconf 91' lang='lat' dir='ltr'><strong>Domino</strong></span> <span class='ocrx_word' id='word_1_481' title='bbox 2588 2594 2690 2650; x_wconf 90' lang='lat' dir='ltr'><strong>pro</strong></span> <span class='ocrx_word' id='word_1_482' title='bbox 2732 2578 2945 2634; x_wconf 87' lang='lat' dir='ltr'><strong>delictis</strong></span> <span class='ocrx_word' id='word_1_483' title='bbox 2986 2592 3177 2646; x_wconf 67' lang='lat' dir='ltr'><strong>poenas</strong></span> <span class='ocrx_word' id='word_1_484' title='bbox 3210 2577 3416 2631; x_wconf 90' lang='lat' dir='ltr'><strong>dabunt</strong></span> <span class='ocrx_word' id='word_1_485' title='bbox 3443 2589 3571 2644; x_wconf 88' lang='lat' dir='ltr'><strong>pec-</strong></span> 
     </span>
    </p>
   </div>
   <div class='ocr_carea' id='block_1_62' title="bbox 1989 2666 3565 2740">
    <p class='ocr_par' dir='ltr' id='par_1_62' title="bbox 1989 2666 3565 2740">
     <span class='ocr_line' id='line_1_62' title="bbox 1989 2666 3565 2740; baseline -0.003 -15"><span class='ocrx_word' id='word_1_486' title='bbox 1989 2678 2236 2735; x_wconf 89' lang='lat' dir='ltr'><strong>catores,</strong></span> <span class='ocrx_word' id='word_1_487' title='bbox 2266 2669 2712 2740; x_wconf 87' lang='lat' dir='ltr'><strong>quandoquidem</strong></span> <span class='ocrx_word' id='word_1_488' title='bbox 2742 2684 2851 2723; x_wconf 90' lang='lat' dir='ltr'><strong>non</strong></span> <span class='ocrx_word' id='word_1_489' title='bbox 2889 2668 3186 2737; x_wconf 86' lang='lat' dir='ltr'><strong>unicuique</strong></span> <span class='ocrx_word' id='word_1_490' title='bbox 3210 2666 3366 2737; x_wconf 83' lang='lat' dir='ltr'><strong>juxta</strong></span> <span class='ocrx_word' id='word_1_491' title='bbox 3402 2680 3565 2734; x_wconf 88' lang='lat' dir='ltr'><strong>opera</strong></span> 
     </span>
    </p>
   </div>
   <div class='ocr_carea' id='block_1_63' title="bbox 1989 2750 3556 2831">
    <p class='ocr_par' dir='ltr' id='par_1_63' title="bbox 1989 2750 3556 2831">
     <span class='ocr_line' id='line_1_63' title="bbox 1989 2750 3556 2831; baseline -0.004 -14"><span class='ocrx_word' id='word_1_492' title='bbox 1989 2777 2252 2817; x_wconf 90' lang='lat' dir='ltr'><strong>manuum</strong></span> <span class='ocrx_word' id='word_1_493' title='bbox 2304 2762 2425 2831; x_wconf 88' lang='lat' dir='ltr'><strong>ejus</strong></span> <span class='ocrx_word' id='word_1_494' title='bbox 2451 2762 2799 2825; x_wconf 73' lang='lat' dir='ltr'><strong>retribuitur,</strong></span> <span class='ocrx_word' id='word_1_495' title='bbox 2839 2760 2931 2817; x_wconf 80' lang='lat' dir='ltr'><strong>sed</strong></span> <span class='ocrx_word' id='word_1_496' title='bbox 2958 2761 3114 2830; x_wconf 83' lang='lat' dir='ltr'><strong>plura</strong></span> <span class='ocrx_word' id='word_1_497' title='bbox 3143 2750 3306 2829; x_wconf 89' lang='lat' dir='ltr'><strong>quam</strong></span> <span class='ocrx_word' id='word_1_498' title='bbox 3340 2772 3460 2826; x_wconf 70' lang='lat' dir='ltr'><strong>quae</strong></span> <span class='ocrx_word' id='word_1_499' title='bbox 3489 2754 3556 2810; x_wconf 83' lang='lat' dir='ltr'><strong>fe-</strong></span> 
     </span>
    </p>
   </div>
   <div class='ocr_carea' id='block_1_64' title="bbox 1989 2836 3565 2920">
    <p class='ocr_par' dir='ltr' id='par_1_64' title="bbox 1989 2836 3565 2920">
     <span class='ocr_line' id='line_1_64' title="bbox 1989 2836 3565 2920; baseline -0.003 -13"><span class='ocrx_word' id='word_1_500' title='bbox 1989 2853 2099 2920; x_wconf 91' lang='lat' dir='ltr'><strong>cit;</strong></span> <span class='ocrx_word' id='word_1_501' title='bbox 2137 2871 2156 2903; x_wconf 85' lang='grc' dir='ltr'><strong>ι</strong></span> <span class='ocrx_word' id='word_1_502' title='bbox 2182 2836 2487 2907; x_wconf 70' lang='lat' dir='ltr'><strong>Jerusalem</strong></span> <span class='ocrx_word' id='word_1_503' title='bbox 2522 2871 2541 2904; x_wconf 74' lang='grc' dir='ltr'><strong>ι</strong></span> <span class='ocrx_word' id='word_1_504' title='bbox 2576 2854 2745 2915; x_wconf 89' lang='lat' dir='ltr'><strong>enim,</strong></span> <span class='ocrx_word' id='word_1_505' title='bbox 2766 2852 2909 2907; x_wconf 90' lang='lat' dir='ltr'><strong>sicut</strong></span> <span class='ocrx_word' id='word_1_506' title='bbox 2942 2867 3007 2905; x_wconf 80' lang='lat' dir='ltr'><strong>ex</strong></span> <span class='ocrx_word' id='word_1_507' title='bbox 3040 2849 3179 2904; x_wconf 82' lang='lat' dir='ltr'><strong>lsaia‘</strong></span> <span class='ocrx_word' id='word_1_508' title='bbox 3204 2848 3468 2903; x_wconf 85' lang='lat' dir='ltr'><strong>discimus</strong></span> <span class='ocrx_word' id='word_1_509' title='bbox 3496 2847 3565 2915; x_wconf 70' lang='lat'><strong>&#39;9,</strong></span> 
     </span>
    </p>
   </div>
   <div class='ocr_carea' id='block_1_65' title="bbox 1995 2943 3566 3015">
    <p class='ocr_par' dir='ltr' id='par_1_65' title="bbox 1995 2943 3566 3015">
     <span class='ocr_line' id='line_1_65' title="bbox 1995 2943 3566 3015; baseline 0.001 -17"><span class='ocrx_word' id='word_1_510' title='bbox 1995 2963 2015 2998; x_wconf 82' lang='grc' dir='ltr'><strong>ι</strong></span> <span class='ocrx_word' id='word_1_511' title='bbox 2052 2945 2294 3015; x_wconf 84' lang='lat' dir='ltr'><strong>suscepit</strong></span> <span class='ocrx_word' id='word_1_512' title='bbox 2323 2945 2390 3000; x_wconf 88' lang='lat' dir='ltr'><strong>de</strong></span> <span class='ocrx_word' id='word_1_513' title='bbox 2421 2960 2584 2998; x_wconf 86' lang='lat' dir='ltr'><strong>manu</strong></span> <span class='ocrx_word' id='word_1_514' title='bbox 2616 2943 2833 2998; x_wconf 91' lang='lat' dir='ltr'><strong>Domini</strong></span> <span class='ocrx_word' id='word_1_515' title='bbox 2880 2943 3117 3012; x_wconf 88' lang='lat' dir='ltr'><strong>duplicia</strong></span> <span class='ocrx_word' id='word_1_516' title='bbox 3170 2958 3268 3012; x_wconf 91' lang='lat' dir='ltr'><strong>pro</strong></span> <span class='ocrx_word' id='word_1_517' title='bbox 3312 2943 3566 2999; x_wconf 86' lang='lat' dir='ltr'><strong>omnibus</strong></span> 
     </span>
    </p>
   </div>
   <div class='ocr_carea' id='block_1_66' title="bbox 1987 3033 3567 3107">
    <p class='ocr_par' dir='ltr' id='par_1_66' title="bbox 1987 3033 3567 3107">
     <span class='ocr_line' id='line_1_66' title="bbox 1987 3033 3567 3107; baseline -0.004 -15"><span class='ocrx_word' id='word_1_518' title='bbox 1987 3037 2229 3107; x_wconf 86' lang='lat' dir='ltr'><strong>peccatis</strong></span> <span class='ocrx_word' id='word_1_519' title='bbox 2274 3037 2418 3102; x_wconf 87' lang='lat' dir='ltr'><strong>suis;</strong></span> <span class='ocrx_word' id='word_1_520' title='bbox 2455 3055 2475 3089; x_wconf 75' lang='grc' dir='ltr'><strong>ι</strong></span> <span class='ocrx_word' id='word_1_521' title='bbox 2509 3042 2565 3091; x_wconf 92' lang='lat' dir='ltr'><strong>at</strong></span> <span class='ocrx_word' id='word_1_522' title='bbox 2591 3035 2684 3102; x_wconf 88' lang='lat' dir='ltr'><strong>qui</strong></span> <span class='ocrx_word' id='word_1_523' title='bbox 2717 3035 2878 3089; x_wconf 91' lang='lat' dir='ltr'><strong>vicini</strong></span> <span class='ocrx_word' id='word_1_524' title='bbox 2922 3044 3051 3089; x_wconf 91' lang='lat' dir='ltr'><strong>sunt</strong></span> <span class='ocrx_word' id='word_1_525' title='bbox 3080 3033 3280 3096; x_wconf 87' lang='lat' dir='ltr'><strong>Israel,</strong></span> <span class='ocrx_word' id='word_1_526' title='bbox 3333 3034 3567 3104; x_wconf 78' lang='lat' dir='ltr'><strong>quicun—</strong></span> 
     </span>
    </p>
   </div>
   <div class='ocr_carea' id='block_1_67' title="bbox 1988 3126 3565 3197">
    <p class='ocr_par' dir='ltr' id='par_1_67' title="bbox 1988 3126 3565 3197">
     <span class='ocr_line' id='line_1_67' title="bbox 1988 3126 3565 3197; baseline 0.001 -18"><span class='ocrx_word' id='word_1_527' title='bbox 1988 3143 2095 3197; x_wconf 88' lang='lat' dir='ltr'><strong>que</strong></span> <span class='ocrx_word' id='word_1_528' title='bbox 2143 3126 2361 3181; x_wconf 83' lang='lat' dir='ltr'><strong>tandem</strong></span> <span class='ocrx_word' id='word_1_529' title='bbox 2414 3127 2492 3180; x_wconf 92' lang='lat' dir='ltr'><strong>illi</strong></span> <span class='ocrx_word' id='word_1_530' title='bbox 2540 3126 2672 3189; x_wconf 89' lang='lat' dir='ltr'><strong>sint,</strong></span> <span class='ocrx_word' id='word_1_531' title='bbox 2724 3126 3028 3195; x_wconf 79' lang='lat' dir='ltr'><strong>sept&#39;uplum</strong></span> <span class='ocrx_word' id='word_1_532' title='bbox 3080 3126 3380 3196; x_wconf 82' lang='lat' dir='ltr'><strong>recipient,</strong></span> <span class='ocrx_word' id='word_1_533' title='bbox 3411 3126 3565 3196; x_wconf 80' lang='lat' dir='ltr'><strong>juxta</strong></span> 
     </span>
    </p>
   </div>
   <div class='ocr_carea' id='block_1_68' title="bbox 1993 3206 3566 3289">
    <p class='ocr_par' dir='ltr' id='par_1_68' title="bbox 1993 3206 3566 3289">
     <span class='ocr_line' id='line_1_68' title="bbox 1993 3206 3566 3289; baseline 0.003 -17"><span class='ocrx_word' id='word_1_534' title='bbox 1993 3218 2045 3272; x_wconf 89' lang='lat' dir='ltr'><strong>id</strong></span> <span class='ocrx_word' id='word_1_535' title='bbox 2079 3218 2226 3289; x_wconf 91' lang='lat' dir='ltr'><strong>quod</strong></span> <span class='ocrx_word' id='word_1_536' title='bbox 2259 3218 2311 3272; x_wconf 92' lang='lat' dir='ltr'><strong>in</strong></span> <span class='ocrx_word' id='word_1_537' title='bbox 2346 3217 2583 3273; x_wconf 88' lang='lat' dir='ltr'><strong>Psalmis</strong></span> <span class='ocrx_word' id='word_1_538' title='bbox 2626 3218 2699 3272; x_wconf 88' lang='lat' dir='ltr'><strong>ita</strong></span> <span class='ocrx_word' id='word_1_539' title='bbox 2729 3206 2936 3272; x_wconf 80' lang='lat' dir='ltr'><strong>dictum</strong></span> <span class='ocrx_word' id='word_1_540' title='bbox 2968 3227 3052 3273; x_wconf 91' lang='lat' dir='ltr'><strong>est</strong></span> <span class='ocrx_word' id='word_1_541' title='bbox 3080 3218 3126 3251; x_wconf 82' lang='lat'><strong>&#39;°</strong></span> <span class='ocrx_word' id='word_1_542' title='bbox 3179 3237 3193 3272; x_wconf 92' lang='lat'><strong>:</strong></span> <span class='ocrx_word' id='word_1_543' title='bbox 3251 3238 3270 3272; x_wconf 77' lang='grc' dir='ltr'><strong>ι</strong></span> <span class='ocrx_word' id='word_1_544' title='bbox 3308 3218 3373 3274; x_wconf 87' lang='lat' dir='ltr'><strong>Et</strong></span> <span class='ocrx_word' id='word_1_545' title='bbox 3404 3221 3566 3276; x_wconf 89' lang='lat' dir='ltr'><strong>redde</strong></span> 
     </span>
    </p>
   </div>
   <div class='ocr_carea' id='block_1_69' title="bbox 1986 3309 3568 3383">
    <p class='ocr_par' dir='ltr' id='par_1_69' title="bbox 1986 3309 3568 3383">
     <span class='ocr_line' id='line_1_69' title="bbox 1986 3309 3568 3383; baseline 0.004 -20"><span class='ocrx_word' id='word_1_546' title='bbox 1986 3309 2183 3365; x_wconf 79' lang='lat' dir='ltr'><strong>vicinis</strong></span> <span class='ocrx_word' id='word_1_547' title='bbox 2238 3310 2442 3366; x_wconf 87' lang='lat' dir='ltr'><strong>nostris</strong></span> <span class='ocrx_word' id='word_1_548' title='bbox 2493 3311 2800 3381; x_wconf 87' lang='lat' dir='ltr'><strong>septuplnm</strong></span> <span class='ocrx_word' id='word_1_549' title='bbox 2830 3312 2883 3364; x_wconf 90' lang='lat' dir='ltr'><strong>in</strong></span> <span class='ocrx_word' id='word_1_550' title='bbox 2925 3311 3049 3365; x_wconf 88' lang='lat' dir='ltr'><strong>sinu</strong></span> <span class='ocrx_word' id='word_1_551' title='bbox 3100 3327 3291 3366; x_wconf 90' lang='lat' dir='ltr'><strong>eorum</strong></span> <span class='ocrx_word' id='word_1_552' title='bbox 3317 3353 3330 3375; x_wconf 89' lang='lat'><strong>,</strong></span> <span class='ocrx_word' id='word_1_553' title='bbox 3363 3313 3568 3383; x_wconf 84' lang='lat' dir='ltr'><strong>impro-</strong></span> 
     </span>
    </p>
   </div>
   <div class='ocr_carea' id='block_1_70' title="bbox 1985 3402 3567 3472">
    <p class='ocr_par' dir='ltr' id='par_1_70' title="bbox 1985 3402 3567 3472">
     <span class='ocr_line' id='line_1_70' title="bbox 1985 3402 3567 3472; baseline 0.002 -17"><span class='ocrx_word' id='word_1_554' title='bbox 1985 3402 2197 3472; x_wconf 90' lang='lat' dir='ltr'><strong>perium</strong></span> <span class='ocrx_word' id='word_1_555' title='bbox 2246 3402 2531 3472; x_wconf 88' lang='lat' dir='ltr'><strong>ipsorum,</strong></span> <span class='ocrx_word' id='word_1_556' title='bbox 2570 3403 2716 3471; x_wconf 91' lang='lat' dir='ltr'><strong>quod</strong></span> <span class='ocrx_word' id='word_1_557' title='bbox 2766 3403 3236 3471; x_wconf 75' lang='lat' dir='ltr'><strong>exprobravcrunt</strong></span> <span class='ocrx_word' id='word_1_558' title='bbox 3281 3403 3409 3468; x_wconf 90' lang='lat' dir='ltr'><strong>tibi,</strong></span> <span class='ocrx_word' id='word_1_559' title='bbox 3460 3404 3567 3458; x_wconf 84' lang='lat' dir='ltr'><strong>Do-</strong></span> 
     </span>
    </p>
   </div>
   <div class='ocr_carea' id='block_1_71' title="bbox 1987 3491 3565 3561">
    <p class='ocr_par' dir='ltr' id='par_1_71' title="bbox 1987 3491 3565 3561">
     <span class='ocr_line' id='line_1_71' title="bbox 1987 3491 3565 3561; baseline 0.001 -15"><span class='ocrx_word' id='word_1_560' title='bbox 1987 3492 2154 3547; x_wconf 87' lang='lat' dir='ltr'><strong>mine.</strong></span> <span class='ocrx_word' id='word_1_561' title='bbox 2211 3509 2232 3544; x_wconf 76' lang='grc' dir='ltr'><strong>ι</strong></span> <span class='ocrx_word' id='word_1_562' title='bbox 2281 3491 2361 3546; x_wconf 82' lang='lat' dir='ltr'><strong>Ac</strong></span> <span class='ocrx_word' id='word_1_563' title='bbox 2417 3492 2537 3546; x_wconf 63' lang='lat' dir='ltr'><strong>aliae</strong></span> <span class='ocrx_word' id='word_1_564' title='bbox 2576 3492 2796 3561; x_wconf 82' lang='lat' dir='ltr'><strong>quidem</strong></span> <span class='ocrx_word' id='word_1_565' title='bbox 2863 3493 3204 3561; x_wconf 84' lang='lat' dir='ltr'><strong>pensationis</strong></span> <span class='ocrx_word' id='word_1_566' title='bbox 3249 3492 3438 3547; x_wconf 65' lang='lat' dir='ltr'><strong>formae</strong></span> <span class='ocrx_word' id='word_1_567' title='bbox 3480 3509 3565 3548; x_wconf 89' lang='lat' dir='ltr'><strong>re-</strong></span> 
     </span>
    </p>
   </div>
   <div class='ocr_carea' id='block_1_72' title="bbox 1987 3582 3563 3653">
    <p class='ocr_par' dir='ltr' id='par_1_72' title="bbox 1987 3582 3563 3653">
     <span class='ocr_line' id='line_1_72' title="bbox 1987 3582 3563 3653; baseline -0.001 -16"><span class='ocrx_word' id='word_1_568' title='bbox 1987 3583 2154 3653; x_wconf 88' lang='lat' dir='ltr'><strong>periri</strong></span> <span class='ocrx_word' id='word_1_569' title='bbox 2209 3591 2446 3653; x_wconf 83' lang='lat' dir='ltr'><strong>queant,</strong></span> <span class='ocrx_word' id='word_1_570' title='bbox 2499 3599 2638 3651; x_wconf 91' lang='lat' dir='ltr'><strong>quas</strong></span> <span class='ocrx_word' id='word_1_571' title='bbox 2683 3583 2729 3637; x_wconf 89' lang='lat' dir='ltr'><strong>si</strong></span> <span class='ocrx_word' id='word_1_572' title='bbox 2772 3582 2957 3636; x_wconf 90' lang='lat' dir='ltr'><strong>animo</strong></span> <span class='ocrx_word' id='word_1_573' title='bbox 3009 3592 3332 3649; x_wconf 88' lang='lat' dir='ltr'><strong>teneamus,</strong></span> <span class='ocrx_word' id='word_1_574' title='bbox 3377 3583 3563 3637; x_wconf 87' lang='lat' dir='ltr'><strong>utilem</strong></span> 
     </span>
    </p>
   </div>
   <div class='ocr_carea' id='block_1_73' title="bbox 1987 3675 3563 3745">
    <p class='ocr_par' dir='ltr' id='par_1_73' title="bbox 1987 3675 3563 3745">
     <span class='ocr_line' id='line_1_73' title="bbox 1987 3675 3563 3745; baseline -0.001 -16"><span class='ocrx_word' id='word_1_575' title='bbox 1987 3690 2110 3729; x_wconf 90' lang='lat' dir='ltr'><strong>esse</strong></span> <span class='ocrx_word' id='word_1_576' title='bbox 2137 3684 2259 3744; x_wconf 89' lang='lat' dir='ltr'><strong>post</strong></span> <span class='ocrx_word' id='word_1_577' title='bbox 2288 3684 2713 3744; x_wconf 90' lang='lat' dir='ltr'><strong>quantacunque</strong></span> <span class='ocrx_word' id='word_1_578' title='bbox 2743 3684 2964 3745; x_wconf 87' lang='lat' dir='ltr'><strong>peccata</strong></span> <span class='ocrx_word' id='word_1_579' title='bbox 3013 3675 3391 3743; x_wconf 66' lang='lat' dir='ltr'><strong>paenitentiam</strong></span> <span class='ocrx_word' id='word_1_580' title='bbox 3420 3675 3563 3728; x_wconf 86' lang='lat' dir='ltr'><strong>scie-</strong></span> 
     </span>
    </p>
   </div>
   <div class='ocr_carea' id='block_1_74' title="bbox 302 3761 1891 3841">
    <p class='ocr_par' dir='ltr' id='par_1_74' title="bbox 302 3766 826 3841">
     <span class='ocr_line' id='line_1_74' title="bbox 302 3766 826 3841; baseline -0.002 -19"><span class='ocrx_word' id='word_1_581' title='bbox 302 3767 447 3841; x_wconf 77' lang='grc' dir='ltr'><strong>ῥητά</strong></span> <span class='ocrx_word' id='word_1_582' title='bbox 476 3767 587 3820; x_wconf 79' lang='grc' dir='ltr'><strong>ἐστι</strong></span> <span class='ocrx_word' id='word_1_583' title='bbox 616 3766 826 3838; x_wconf 86' lang='grc' dir='ltr'><strong>μαθεῖν.</strong></span> 
     </span>
    </p>
   </div>
   <div class='ocr_carea' id='block_1_75' title="bbox 1988 3761 3565 3841">
    <p class='ocr_par' dir='ltr' id='par_1_75' title="bbox 1990 3761 3565 3839">
     <span class='ocr_line' id='line_1_75' title="bbox 1990 3761 3565 3839; baseline -0.002 -21"><span class='ocrx_word' id='word_1_584' title='bbox 1990 3780 2135 3831; x_wconf 88' lang='lat' dir='ltr'><strong>mus;</strong></span> <span class='ocrx_word' id='word_1_585' title='bbox 2161 3764 2324 3839; x_wconf 76' lang='lat'><strong>613</strong></span> <span class='ocrx_word' id='word_1_586' title='bbox 2357 3773 2419 3817; x_wconf 89' lang='lat' dir='ltr'><strong>ut</strong></span> <span class='ocrx_word' id='word_1_587' title='bbox 2445 3772 2804 3833; x_wconf 65' lang='lat' dir='ltr'><strong>praeterquam</strong></span> <span class='ocrx_word' id='word_1_588' title='bbox 2841 3763 3370 3833; x_wconf 81' lang='lat' dir='ltr'><strong>quodplurimorum</strong></span> <span class='ocrx_word' id='word_1_589' title='bbox 3424 3761 3565 3816; x_wconf 67' lang='lat' dir='ltr'><strong>faci—</strong></span> 
     </span>
    </p>
   </div>
   <div class='ocr_carea' id='block_1_76' title="bbox 300 3850 3566 3932">
    <p class='ocr_par' dir='ltr' id='par_1_76' title="bbox 300 3850 3566 3932">
     <span class='ocr_line' id='line_1_76' title="bbox 300 3850 3566 3932; baseline -0.002 -16"><span class='ocrx_word' id='word_1_590' title='bbox 300 3878 496 3916; x_wconf 91' lang='lat' dir='ltr'><strong>norum</strong></span> <span class='ocrx_word' id='word_1_591' title='bbox 533 3878 724 3932; x_wconf 64' lang='lat' dir='ltr'><strong>poenas</strong></span> <span class='ocrx_word' id='word_1_592' title='bbox 775 3877 883 3917; x_wconf 90' lang='lat' dir='ltr'><strong>non</strong></span> <span class='ocrx_word' id='word_1_593' title='bbox 915 3862 1152 3925; x_wconf 85' lang='lat' dir='ltr'><strong>luemus,</strong></span> <span class='ocrx_word' id='word_1_594' title='bbox 1208 3859 1390 3931; x_wconf 90' lang='lat' dir='ltr'><strong>aliqua</strong></span> <span class='ocrx_word' id='word_1_595' title='bbox 1418 3860 1581 3915; x_wconf 90' lang='lat' dir='ltr'><strong>etiam</strong></span> <span class='ocrx_word' id='word_1_596' title='bbox 1636 3859 1797 3916; x_wconf 75' lang='lat' dir='ltr'><strong>nubis</strong></span> <span class='ocrx_word' id='word_1_597' title='bbox 1842 3874 1967 3930; x_wconf 89' lang='lat' dir='ltr'><strong>spes</strong></span> <span class='ocrx_word' id='word_1_598' title='bbox 2005 3858 2105 3930; x_wconf 77' lang='lat' dir='ltr'><strong>p&#39;ro&#39;</strong></span> <span class='ocrx_word' id='word_1_599' title='bbox 2139 3852 2278 3914; x_wconf 79' lang='lat' dir='ltr'><strong>bene</strong></span> <span class='ocrx_word' id='word_1_600' title='bbox 2310 3850 2504 3914; x_wconf 83' lang='lat' dir='ltr'><strong>deinde</strong></span> <span class='ocrx_word' id='word_1_601' title='bbox 2548 3860 2715 3929; x_wconf 79' lang='lat' dir='ltr'><strong>gestis</strong></span> <span class='ocrx_word' id='word_1_602' title='bbox 2744 3859 3005 3928; x_wconf 87' lang='lat' dir='ltr'><strong>supersit,</strong></span> <span class='ocrx_word' id='word_1_603' title='bbox 3055 3858 3266 3913; x_wconf 90' lang='lat' dir='ltr'><strong>etiamsi</strong></span> <span class='ocrx_word' id='word_1_604' title='bbox 3311 3866 3566 3913; x_wconf 85' lang='lat' dir='ltr'><strong>sexcenta</strong></span> 
     </span>
    </p>
   </div>
   <div class='ocr_carea' id='block_1_77' title="bbox 299 3954 3568 4029">
    <p class='ocr_par' dir='ltr' id='par_1_77' title="bbox 299 3954 3568 4029">
     <span class='ocr_line' id='line_1_77' title="bbox 299 3954 3568 4029; baseline -0 -19"><span class='ocrx_word' id='word_1_605' title='bbox 299 3956 454 4027; x_wconf 90' lang='lat' dir='ltr'><strong>prius</strong></span> <span class='ocrx_word' id='word_1_606' title='bbox 475 3957 675 4029; x_wconf 78' lang='lat' dir='ltr'><strong>ﬂagitia</strong></span> <span class='ocrx_word' id='word_1_607' title='bbox 714 3958 953 4014; x_wconf 86' lang='lat' dir='ltr'><strong>admissa</strong></span> <span class='ocrx_word' id='word_1_608' title='bbox 983 3959 1111 4013; x_wconf 90' lang='lat' dir='ltr'><strong>sint.</strong></span> <span class='ocrx_word' id='word_1_609' title='bbox 1141 3957 1185 4010; x_wconf 84' lang='lat' dir='ltr'><strong>A</strong></span> <span class='ocrx_word' id='word_1_610' title='bbox 1208 3957 1418 4012; x_wconf 89' lang='lat' dir='ltr'><strong>ratione</strong></span> <span class='ocrx_word' id='word_1_611' title='bbox 1433 3956 1577 4011; x_wconf 88' lang='lat' dir='ltr'><strong>enim</strong></span> <span class='ocrx_word' id='word_1_612' title='bbox 1611 3956 1847 4011; x_wconf 87' lang='lat' dir='ltr'><strong>alienum</strong></span> <span class='ocrx_word' id='word_1_613' title='bbox 1876 3963 1961 4011; x_wconf 87' lang='lat' dir='ltr'><strong>est</strong></span> <span class='ocrx_word' id='word_1_614' title='bbox 1985 3955 2127 4009; x_wconf 90' lang='lat' dir='ltr'><strong>mala</strong></span> <span class='ocrx_word' id='word_1_615' title='bbox 2154 3955 2458 4010; x_wconf 91' lang='lat' dir='ltr'><strong>rationibus</strong></span> <span class='ocrx_word' id='word_1_616' title='bbox 2481 3954 2713 4026; x_wconf 89' lang='lat' dir='ltr'><strong>alicujus</strong></span> <span class='ocrx_word' id='word_1_617' title='bbox 2735 3954 2945 4020; x_wconf 86' lang='lat' dir='ltr'><strong>inferri,</strong></span> <span class='ocrx_word' id='word_1_618' title='bbox 2978 3971 3077 4009; x_wconf 89' lang='lat' dir='ltr'><strong>nec</strong></span> <span class='ocrx_word' id='word_1_619' title='bbox 3097 3954 3392 4025; x_wconf 81' lang='lat' dir='ltr'><strong>quidquam</strong></span> <span class='ocrx_word' id='word_1_620' title='bbox 3420 3961 3568 4009; x_wconf 86' lang='lat' dir='ltr'><strong>recte</strong></span> 
     </span>
    </p>
   </div>
   <div class='ocr_carea' id='block_1_78' title="bbox 1499 4071 2355 4163">
    <p class='ocr_par' dir='ltr' id='par_1_78' title="bbox 1499 4071 2355 4163">
     <span class='ocr_line' id='line_1_78' title="bbox 1499 4071 2355 4163; baseline 0 -34"><span class='ocrx_word' id='word_1_621' title='bbox 1499 4071 1729 4129; x_wconf 83' lang='lat' dir='ltr'><strong>VETUS</strong></span> <span class='ocrx_word' id='word_1_622' title='bbox 1767 4071 2355 4163; x_wconf 59' lang='lat' dir='ltr'><strong>INTERPBETATIO.</strong></span> 
     </span>
    </p>
   </div>
   <div class='ocr_carea' id='block_1_79' title="bbox 300 4194 3566 4266">
    <p class='ocr_par' dir='ltr' id='par_1_79' title="bbox 300 4194 3566 4266">
     <span class='ocr_line' id='line_1_79' title="bbox 300 4194 3566 4266; baseline -0.001 -14"><span class='ocrx_word' id='word_1_623' title='bbox 300 4196 580 4252; x_wconf 87' lang='lat' dir='ltr'><strong>inducere.</strong></span> <span class='ocrx_word' id='word_1_624' title='bbox 623 4194 736 4251; x_wconf 87' lang='lat' dir='ltr'><strong>Nec</strong></span> <span class='ocrx_word' id='word_1_625' title='bbox 768 4197 912 4252; x_wconf 90' lang='lat' dir='ltr'><strong>enim</strong></span> <span class='ocrx_word' id='word_1_626' title='bbox 946 4195 1203 4252; x_wconf 79' lang='lat' dir='ltr'><strong>existimo</strong></span> <span class='ocrx_word' id='word_1_627' title='bbox 1242 4196 1352 4251; x_wconf 89' lang='lat' dir='ltr'><strong>cito</strong></span> <span class='ocrx_word' id='word_1_628' title='bbox 1389 4196 1625 4266; x_wconf 90' lang='lat' dir='ltr'><strong>aliquem</strong></span> <span class='ocrx_word' id='word_1_629' title='bbox 1657 4196 1889 4251; x_wconf 83' lang='lat' dir='ltr'><strong>inveniri</strong></span> <span class='ocrx_word' id='word_1_630' title='bbox 1933 4196 1986 4250; x_wconf 94' lang='lat' dir='ltr'><strong>in</strong></span> <span class='ocrx_word' id='word_1_631' title='bbox 2015 4194 2278 4255; x_wconf 87' lang='lat' dir='ltr'><strong>Ecclesia,</strong></span> <span class='ocrx_word' id='word_1_632' title='bbox 2311 4194 2404 4265; x_wconf 90' lang='lat' dir='ltr'><strong>qui</strong></span> <span class='ocrx_word' id='word_1_633' title='bbox 2426 4208 2545 4266; x_wconf 81' lang='lat' dir='ltr'><strong>non</strong></span> <span class='ocrx_word' id='word_1_634' title='bbox 2568 4194 2681 4262; x_wconf 88' lang='lat' dir='ltr'><strong>jam</strong></span> <span class='ocrx_word' id='word_1_635' title='bbox 2715 4205 2797 4249; x_wconf 89' lang='lat' dir='ltr'><strong>ter</strong></span> <span class='ocrx_word' id='word_1_636' title='bbox 2823 4194 2875 4266; x_wconf 86' lang='lat' dir='ltr'><strong>in</strong></span> <span class='ocrx_word' id='word_1_637' title='bbox 2897 4195 3089 4266; x_wconf 84' lang='lat' dir='ltr'><strong>eadem</strong></span> <span class='ocrx_word' id='word_1_638' title='bbox 3139 4194 3297 4266; x_wconf 83' lang='lat' dir='ltr'><strong>culpa</strong></span> <span class='ocrx_word' id='word_1_639' title='bbox 3340 4202 3566 4266; x_wconf 79' lang='lat' dir='ltr'><strong>argutus</strong></span> 
     </span>
    </p>
   </div>
   <div class='ocr_carea' id='block_1_80' title="bbox 305 4264 3562 4349">
    <p class='ocr_par' dir='ltr' id='par_1_80' title="bbox 305 4264 3562 4349">
     <span class='ocr_line' id='line_1_80' title="bbox 305 4264 3562 4349; baseline -0.001 -30"><span class='ocrx_word' id='word_1_640' title='bbox 305 4269 398 4349; x_wconf 73' lang='lat' dir='ltr'><strong>sit,</strong></span> <span class='ocrx_word' id='word_1_641' title='bbox 430 4275 619 4349; x_wconf 85' lang='lat' dir='ltr'><strong>utputa</strong></span> <span class='ocrx_word' id='word_1_642' title='bbox 649 4266 717 4349; x_wconf 44' lang='lat' dir='ltr'><strong>.in</strong></span> <span class='ocrx_word' id='word_1_643' title='bbox 748 4267 1110 4349; x_wconf 69' lang='lat' dir='ltr'><strong>detractione,</strong></span> <span class='ocrx_word' id='word_1_644' title='bbox 1177 4282 1287 4349; x_wconf 68' lang='lat' dir='ltr'><strong>qua</strong></span> <span class='ocrx_word' id='word_1_645' title='bbox 1321 4264 1571 4349; x_wconf 58' lang='lat' dir='ltr'><strong>invicem</strong></span> <span class='ocrx_word' id='word_1_646' title='bbox 1608 4267 1858 4349; x_wconf 75' lang='lat' dir='ltr'><strong>homines</strong></span> <span class='ocrx_word' id='word_1_647' title='bbox 1883 4267 2179 4349; x_wconf 63' lang='lat' dir='ltr'><strong>detrahunt</strong></span> <span class='ocrx_word' id='word_1_648' title='bbox 2205 4264 2640 4349; x_wconf 52' lang='lat' dir='ltr'><strong>prorimissuis,</strong></span> <span class='ocrx_word' id='word_1_649' title='bbox 2683 4274 2777 4349; x_wconf 71' lang='lat' dir='ltr'><strong>aut</strong></span> <span class='ocrx_word' id='word_1_650' title='bbox 2828 4264 3124 4349; x_wconf 58' lang='lat' dir='ltr'><strong>inflatione,</strong></span> <span class='ocrx_word' id='word_1_651' title='bbox 3163 4274 3266 4347; x_wconf 38' lang='lat' dir='ltr'><strong>aut.</strong></span> <span class='ocrx_word' id='word_1_652' title='bbox 3288 4264 3562 4349; x_wconf 43' lang='lat' dir='ltr'><strong>in.epiila-</strong></span> 
     </span>
    </p>
   </div>
   <div class='ocr_carea' id='block_1_81' title="bbox 302 4335 3566 4407">
    <p class='ocr_par' dir='ltr' id='par_1_81' title="bbox 302 4335 3566 4407">
     <span class='ocr_line' id='line_1_81' title="bbox 302 4335 3566 4407; baseline -0.002 -15"><span class='ocrx_word' id='word_1_653' title='bbox 302 4337 473 4400; x_wconf 87' lang='lat' dir='ltr'><strong>tione,</strong></span> <span class='ocrx_word' id='word_1_654' title='bbox 494 4335 609 4393; x_wconf 58' lang='lat' dir='ltr'><strong>&#39;aut</strong></span> <span class='ocrx_word' id='word_1_655' title='bbox 648 4336 901 4407; x_wconf 83' lang='lat' dir='ltr'><strong>in_verbo</strong></span> <span class='ocrx_word' id='word_1_656' title='bbox 945 4335 1214 4407; x_wconf 84' lang='lat' dir='ltr'><strong>mendacii</strong></span> <span class='ocrx_word' id='word_1_657' title='bbox 1254 4336 1340 4391; x_wconf 89' lang='lat' dir='ltr'><strong>vel</strong></span> <span class='ocrx_word' id='word_1_658' title='bbox 1373 4336 1572 4407; x_wconf 88' lang='lat' dir='ltr'><strong>otioso,</strong></span> <span class='ocrx_word' id='word_1_659' title='bbox 1605 4346 1701 4390; x_wconf 91' lang='lat' dir='ltr'><strong>aut</strong></span> <span class='ocrx_word' id='word_1_660' title='bbox 1743 4338 1807 4407; x_wconf 13' lang='lat' dir='ltr'><strong>in,</strong></span> <span class='ocrx_word' id='word_1_661' title='bbox 1835 4337 1927 4391; x_wconf 90' lang='lat' dir='ltr'><strong>tali</strong></span> <span class='ocrx_word' id='word_1_662' title='bbox 1963 4337 2144 4407; x_wconf 85' lang='lat' dir='ltr'><strong>aliqua</strong></span> <span class='ocrx_word' id='word_1_663' title='bbox 2182 4336 2339 4404; x_wconf 87' lang='lat' dir='ltr'><strong>culpa</strong></span> <span class='ocrx_word' id='word_1_664' title='bbox 2385 4335 2510 4407; x_wconf 75' lang='lat' dir='ltr'><strong>levi,</strong></span> <span class='ocrx_word' id='word_1_665' title='bbox 2542 4350 2676 4407; x_wconf 54' lang='lat' dir='ltr'><strong>quas</strong></span> <span class='ocrx_word' id='word_1_666' title='bbox 2709 4335 2870 4407; x_wconf 78' lang='lat' dir='ltr'><strong>etiam</strong></span> <span class='ocrx_word' id='word_1_667' title='bbox 2921 4336 2975 4389; x_wconf 94' lang='lat' dir='ltr'><strong>in</strong></span> <span class='ocrx_word' id='word_1_668' title='bbox 3005 4335 3566 4407; x_wconf 75' lang='lat' dir='ltr'><strong>illis&#39;qui_videntur</strong></span> 
     </span>
    </p>
   </div>
   <div class='ocr_carea' id='block_1_82' title="bbox 303 4404 3566 4477">
    <p class='ocr_par' dir='ltr' id='par_1_82' title="bbox 303 4404 3566 4477">
     <span class='ocr_line' id='line_1_82' title="bbox 303 4404 3566 4477; baseline -0.001 -17"><span class='ocrx_word' id='word_1_669' title='bbox 303 4408 568 4475; x_wconf 88' lang='lat' dir='ltr'><strong>prolicere</strong></span> <span class='ocrx_word' id='word_1_670' title='bbox 616 4408 670 4461; x_wconf 91' lang='lat' dir='ltr'><strong>in</strong></span> <span class='ocrx_word' id='word_1_671' title='bbox 700 4405 974 4470; x_wconf 85' lang='lat' dir='ltr'><strong>Ecclesia,</strong></span> <span class='ocrx_word' id='word_1_672' title='bbox 1009 4406 1322 4476; x_wconf 90' lang='lat' dir='ltr'><strong>frequenter</strong></span> <span class='ocrx_word' id='word_1_673' title='bbox 1371 4406 1742 4477; x_wconf 84' lang='lat' dir='ltr'><strong>inveniuntur.</strong></span> <span class='ocrx_word' id='word_1_674' title='bbox 1778 4404 2076 4462; x_wconf 83' lang='lat' dir='ltr'><strong>Considera</strong></span> <span class='ocrx_word' id='word_1_675' title='bbox 2097 4404 2255 4477; x_wconf 2' lang='lat' dir='ltr'><strong>pergo</strong></span> <span class='ocrx_word' id='word_1_676' title='bbox 2284 4422 2350 4460; x_wconf 88' lang='lat' dir='ltr'><strong>ne</strong></span> <span class='ocrx_word' id='word_1_677' title='bbox 2379 4404 2517 4460; x_wconf 90' lang='lat' dir='ltr'><strong>forte</strong></span> <span class='ocrx_word' id='word_1_678' title='bbox 2544 4404 2599 4460; x_wconf 71' lang='lat' dir='ltr'><strong>et</strong></span> <span class='ocrx_word' id='word_1_679' title='bbox 2626 4405 2746 4460; x_wconf 80' lang='lat' dir='ltr'><strong>illos</strong></span> <span class='ocrx_word' id='word_1_680' title='bbox 2778 4405 3261 4477; x_wconf 67' lang='lat' dir='ltr'><strong>qui&#39;azstimatione</strong></span> <span class='ocrx_word' id='word_1_681' title='bbox 3286 4405 3566 4477; x_wconf 78' lang='lat' dir='ltr'><strong>immensae</strong></span> 
     </span>
    </p>
   </div>
   <div class='ocr_carea' id='block_1_83' title="bbox 305 4474 3560 4547">
    <p class='ocr_par' dir='ltr' id='par_1_83' title="bbox 305 4474 3560 4547">
     <span class='ocr_line' id='line_1_83' title="bbox 305 4474 3560 4547; baseline -0.002 -16"><span class='ocrx_word' id='word_1_682' title='bbox 305 4474 697 4533; x_wconf 84' lang='lat' dir='ltr'><strong>misericordiae</strong></span> <span class='ocrx_word' id='word_1_683' title='bbox 721 4476 950 4543; x_wconf 76' lang='lat' dir='ltr'><strong>Christi,</strong></span> <span class='ocrx_word' id='word_1_684' title='bbox 983 4474 1147 4547; x_wconf 83' lang='lat' dir='ltr'><strong>etiam</strong></span> <span class='ocrx_word' id='word_1_685' title='bbox 1199 4478 1262 4532; x_wconf 87' lang='lat' dir='ltr'><strong>ad</strong></span> <span class='ocrx_word' id='word_1_686' title='bbox 1302 4485 1524 4547; x_wconf 87' lang='lat' dir='ltr'><strong>peccata</strong></span> <span class='ocrx_word' id='word_1_687' title='bbox 1570 4476 1781 4547; x_wconf 88' lang='lat' dir='ltr'><strong>majora</strong></span> <span class='ocrx_word' id='word_1_688' title='bbox 1812 4477 1926 4532; x_wconf 69' lang='lat' dir='ltr'><strong>haec</strong></span> <span class='ocrx_word' id='word_1_689' title='bbox 1971 4474 2242 4545; x_wconf 73' lang='lat' dir='ltr'><strong>pertinere</strong></span> <span class='ocrx_word' id='word_1_690' title='bbox 2277 4477 2719 4544; x_wconf 87' lang='lat' dir='ltr'><strong>interpretantur,</strong></span> <span class='ocrx_word' id='word_1_691' title='bbox 2772 4474 3008 4545; x_wconf 64' lang='lat' dir='ltr'><strong>praeterit</strong></span> <span class='ocrx_word' id='word_1_692' title='bbox 3072 4475 3377 4529; x_wconf 87' lang='lat' dir='ltr'><strong>intellectus</strong></span> <span class='ocrx_word' id='word_1_693' title='bbox 3423 4474 3560 4528; x_wconf 89' lang='lat' dir='ltr'><strong>loci.</strong></span> 
     </span>
    </p>
   </div>
   <div class='ocr_carea' id='block_1_84' title="bbox 302 4546 3562 4626">
    <p class='ocr_par' dir='ltr' id='par_1_84' title="bbox 302 4546 3562 4626">
     <span class='ocr_line' id='line_1_84' title="bbox 302 4546 3562 4626; baseline -0.002 -25"><span class='ocrx_word' id='word_1_694' title='bbox 302 4557 364 4626; x_wconf 66' lang='lat' dir='ltr'><strong>et</strong></span> <span class='ocrx_word' id='word_1_695' title='bbox 389 4547 524 4626; x_wconf 77' lang='lat' dir='ltr'><strong>istos</strong></span> <span class='ocrx_word' id='word_1_696' title='bbox 552 4547 791 4626; x_wconf 45' lang='grc' dir='ltr'><strong>συί-ιιιεο</strong></span> <span class='ocrx_word' id='word_1_697' title='bbox 820 4549 886 4602; x_wconf 91' lang='lat' dir='ltr'><strong>ad</strong></span> <span class='ocrx_word' id='word_1_698' title='bbox 920 4546 1147 4601; x_wconf 89' lang='lat' dir='ltr'><strong>minima</strong></span> <span class='ocrx_word' id='word_1_699' title='bbox 1188 4546 1408 4626; x_wconf 72' lang='lat' dir='ltr'><strong>peccata</strong></span> <span class='ocrx_word' id='word_1_700' title='bbox 1445 4546 1709 4626; x_wconf 70' lang='lat' dir='ltr'><strong>asserunt</strong></span> <span class='ocrx_word' id='word_1_701' title='bbox 1738 4547 2031 4626; x_wconf 77' lang='lat' dir='ltr'><strong>pertinere,</strong></span> <span class='ocrx_word' id='word_1_702' title='bbox 2066 4554 2121 4626; x_wconf 75' lang='lat' dir='ltr'><strong>et</strong></span> <span class='ocrx_word' id='word_1_703' title='bbox 2148 4557 2431 4626; x_wconf 74' lang='lat' dir='ltr'><strong>propterea</strong></span> <span class='ocrx_word' id='word_1_704' title='bbox 2467 4548 2806 4626; x_wconf 74' lang='lat' dir='ltr'><strong>peccatorem</strong></span> <span class='ocrx_word' id='word_1_705' title='bbox 2833 4547 3184 4626; x_wconf 66' lang='lat' dir='ltr'><strong>minimarum</strong></span> <span class='ocrx_word' id='word_1_706' title='bbox 3217 4548 3562 4626; x_wconf 57' lang='lat' dir='ltr'><strong>peccatorum</strong></span> 
     </span>
    </p>
   </div>
   <div class='ocr_carea' id='block_1_85' title="bbox 308 4612 3560 4686">
    <p class='ocr_par' dir='ltr' id='par_1_85' title="bbox 308 4612 3560 4686">
     <span class='ocr_line' id='line_1_85' title="bbox 308 4612 3560 4686; baseline -0.001 -15"><span class='ocrx_word' id='word_1_707' title='bbox 308 4616 417 4671; x_wconf 89' lang='lat' dir='ltr'><strong>nisi</strong></span> <span class='ocrx_word' id='word_1_708' title='bbox 462 4617 545 4671; x_wconf 92' lang='lat' dir='ltr'><strong>bis</strong></span> <span class='ocrx_word' id='word_1_709' title='bbox 571 4612 795 4686; x_wconf 12' lang='lat' dir='ltr'><strong>&#39;veliter</strong></span> <span class='ocrx_word' id='word_1_710' title='bbox 840 4628 1064 4686; x_wconf 81' lang='lat' dir='ltr'><strong>argutus</strong></span> <span class='ocrx_word' id='word_1_711' title='bbox 1114 4612 1485 4672; x_wconf 78' lang='lat' dir='ltr'><strong>emendaverit</strong></span> <span class='ocrx_word' id='word_1_712' title='bbox 1519 4632 1598 4683; x_wconf 91' lang='lat' dir='ltr'><strong>se,</strong></span> <span class='ocrx_word' id='word_1_713' title='bbox 1634 4612 1815 4672; x_wconf 83' lang='lat' dir='ltr'><strong>statim</strong></span> <span class='ocrx_word' id='word_1_714' title='bbox 1858 4616 2000 4672; x_wconf 90' lang='lat' dir='ltr'><strong>sicut</strong></span> <span class='ocrx_word' id='word_1_715' title='bbox 2050 4612 2329 4672; x_wconf 79' lang='lat' dir='ltr'><strong>ethnicum</strong></span> <span class='ocrx_word' id='word_1_716' title='bbox 2383 4625 2436 4670; x_wconf 90' lang='lat' dir='ltr'><strong>et</strong></span> <span class='ocrx_word' id='word_1_717' title='bbox 2470 4617 2817 4685; x_wconf 88' lang='lat' dir='ltr'><strong>publicanum</strong></span> <span class='ocrx_word' id='word_1_718' title='bbox 2861 4616 2975 4670; x_wconf 86' lang='lat' dir='ltr'><strong>ﬁeri</strong></span> <span class='ocrx_word' id='word_1_719' title='bbox 3008 4612 3364 4670; x_wconf 83' lang='lat' dir='ltr'><strong>arbitrantur.</strong></span> <span class='ocrx_word' id='word_1_720' title='bbox 3415 4612 3560 4681; x_wconf 85' lang='lat' dir='ltr'><strong>Quid</strong></span> 
     </span>
    </p>
   </div>
   <div class='ocr_carea' id='block_1_86' title="bbox 301 4685 3565 4757">
    <p class='ocr_par' dir='ltr' id='par_1_86' title="bbox 301 4685 3565 4757">
     <span class='ocr_line' id='line_1_86' title="bbox 301 4685 3565 4757; baseline -0.002 -16"><span class='ocrx_word' id='word_1_721' title='bbox 301 4687 478 4757; x_wconf 74' lang='lat' dir='ltr'><strong>ergo?</strong></span> <span class='ocrx_word' id='word_1_722' title='bbox 521 4688 576 4741; x_wconf 88' lang='lat' dir='ltr'><strong>Is</strong></span> <span class='ocrx_word' id='word_1_723' title='bbox 604 4685 697 4757; x_wconf 89' lang='lat' dir='ltr'><strong>qui</strong></span> <span class='ocrx_word' id='word_1_724' title='bbox 745 4685 1085 4757; x_wconf 12' lang='lat' dir='ltr'><strong>teriar’gutus</strong></span> <span class='ocrx_word' id='word_1_725' title='bbox 1122 4687 1280 4756; x_wconf 91' lang='lat' dir='ltr'><strong>quasi</strong></span> <span class='ocrx_word' id='word_1_726' title='bbox 1323 4687 1573 4743; x_wconf 88' lang='lat' dir='ltr'><strong>ethnicus</strong></span> <span class='ocrx_word' id='word_1_727' title='bbox 1616 4696 1668 4742; x_wconf 94' lang='lat' dir='ltr'><strong>et</strong></span> <span class='ocrx_word' id='word_1_728' title='bbox 1691 4686 2016 4756; x_wconf 85' lang='lat' dir='ltr'><strong>publicanus</strong></span> <span class='ocrx_word' id='word_1_729' title='bbox 2051 4686 2225 4742; x_wconf 88' lang='lat' dir='ltr'><strong>factus</strong></span> <span class='ocrx_word' id='word_1_730' title='bbox 2260 4686 2423 4741; x_wconf 89' lang='lat' dir='ltr'><strong>fuerit</strong></span> <span class='ocrx_word' id='word_1_731' title='bbox 2463 4687 2731 4757; x_wconf 77' lang='lat' dir='ltr'><strong>arguenti,</strong></span> <span class='ocrx_word' id='word_1_732' title='bbox 2761 4694 2944 4740; x_wconf 89' lang='lat' dir='ltr'><strong>utrum</strong></span> <span class='ocrx_word' id='word_1_733' title='bbox 2976 4686 3202 4755; x_wconf 81' lang='lat' dir='ltr'><strong>omnino</strong></span> <span class='ocrx_word' id='word_1_734' title='bbox 3233 4692 3432 4757; x_wconf 60' lang='lat' dir='ltr'><strong>pereat,</strong></span> <span class='ocrx_word' id='word_1_735' title='bbox 3468 4690 3565 4757; x_wconf 69' lang='lat' dir='ltr'><strong>aut</strong></span> 
     </span>
    </p>
   </div>
   <div class='ocr_carea' id='block_1_87' title="bbox 303 4752 3562 4828">
    <p class='ocr_par' dir='ltr' id='par_1_87' title="bbox 303 4752 3562 4828">
     <span class='ocr_line' id='line_1_87' title="bbox 303 4752 3562 4828; baseline -0.001 -19"><span class='ocrx_word' id='word_1_736' title='bbox 303 4752 509 4828; x_wconf 77' lang='lat' dir='ltr'><strong>aliquid</strong></span> <span class='ocrx_word' id='word_1_737' title='bbox 545 4752 803 4828; x_wconf 81' lang='lat' dir='ltr'><strong>patiatur,</strong></span> <span class='ocrx_word' id='word_1_738' title='bbox 829 4752 972 4828; x_wconf 82' lang='lat' dir='ltr'><strong>Deus</strong></span> <span class='ocrx_word' id='word_1_739' title='bbox 1004 4752 1473 4828; x_wconf 43' lang='lat' dir='ltr'><strong>sci_t,_‘nos_autem</strong></span> <span class='ocrx_word' id='word_1_740' title='bbox 1506 4752 1860 4828; x_wconf 80' lang='lat' dir='ltr'><strong>pronuntiare</strong></span> <span class='ocrx_word' id='word_1_741' title='bbox 1892 4772 2000 4810; x_wconf 92' lang='lat' dir='ltr'><strong>non</strong></span> <span class='ocrx_word' id='word_1_742' title='bbox 2027 4768 2344 4828; x_wconf 21' lang='lat' dir='ltr'><strong>possumus;</strong></span> <span class='ocrx_word' id='word_1_743' title='bbox 2368 4752 2665 4828; x_wconf 69' lang='lat' dir='ltr'><strong>secundum</strong></span> <span class='ocrx_word' id='word_1_744' title='bbox 2698 4757 2844 4825; x_wconf 91' lang='lat' dir='ltr'><strong>quod</strong></span> <span class='ocrx_word' id='word_1_745' title='bbox 2888 4752 3303 4828; x_wconf 66' lang='lat' dir='ltr'><strong>scriptumcSt:</strong></span> <span class='ocrx_word' id='word_1_746' title='bbox 3337 4773 3356 4806; x_wconf 82' lang='grc' dir='ltr'><strong>ι</strong></span> <span class='ocrx_word' id='word_1_747' title='bbox 3387 4752 3562 4828; x_wconf 72' lang='lat' dir='ltr'><strong>Nolite</strong></span> 
     </span>
    </p>
   </div>
   <div class='ocr_carea' id='block_1_88' title="bbox 299 4824 3561 4897">
    <p class='ocr_par' dir='ltr' id='par_1_88' title="bbox 299 4824 3561 4897">
     <span class='ocr_line' id='line_1_88' title="bbox 299 4824 3561 4897; baseline 0 -20"><span class='ocrx_word' id='word_1_748' title='bbox 299 4824 569 4897; x_wconf 82' lang='lat' dir='ltr'><strong>judicare,</strong></span> <span class='ocrx_word' id='word_1_749' title='bbox 598 4833 659 4879; x_wconf 89' lang='lat' dir='ltr'><strong>ut</strong></span> <span class='ocrx_word' id='word_1_750' title='bbox 678 4824 800 4897; x_wconf 63' lang='lat' dir='ltr'><strong>&#39;non&#39;</strong></span> <span class='ocrx_word' id='word_1_751' title='bbox 831 4826 1173 4896; x_wconf 87' lang='lat' dir='ltr'><strong>judicemini.</strong></span> <span class='ocrx_word' id='word_1_752' title='bbox 1206 4847 1224 4879; x_wconf 79' lang='grc' dir='ltr'><strong>ι</strong></span> <span class='ocrx_word' id='word_1_753' title='bbox 1272 4826 1401 4883; x_wconf 90' lang='lat' dir='ltr'><strong>Item</strong></span> <span class='ocrx_word' id='word_1_754' title='bbox 1431 4844 1444 4879; x_wconf 89' lang='lat'><strong>:</strong></span> <span class='ocrx_word' id='word_1_755' title='bbox 1474 4824 1698 4882; x_wconf 61' lang='lat' dir='ltr'><strong>(Nolite</strong></span> <span class='ocrx_word' id='word_1_756' title='bbox 1743 4835 1868 4883; x_wconf 90' lang='lat' dir='ltr'><strong>ante</strong></span> <span class='ocrx_word' id='word_1_757' title='bbox 1923 4824 2135 4896; x_wconf 87' lang='lat' dir='ltr'><strong>tempus</strong></span> <span class='ocrx_word' id='word_1_758' title='bbox 2164 4827 2292 4897; x_wconf 92' lang='lat' dir='ltr'><strong>quid</strong></span> <span class='ocrx_word' id='word_1_759' title='bbox 2318 4827 2582 4895; x_wconf 77' lang='lat' dir='ltr'><strong>judicare,</strong></span> <span class='ocrx_word' id='word_1_760' title='bbox 2614 4824 2787 4881; x_wconf 87' lang='lat' dir='ltr'><strong>donec</strong></span> <span class='ocrx_word' id='word_1_761' title='bbox 2819 4826 3000 4897; x_wconf 86' lang='lat' dir='ltr'><strong>veniat</strong></span> <span class='ocrx_word' id='word_1_762' title='bbox 3023 4824 3285 4897; x_wconf 84' lang='lat' dir='ltr'><strong>Dominus</strong></span> <span class='ocrx_word' id='word_1_763' title='bbox 3314 4826 3405 4897; x_wconf 87' lang='lat' dir='ltr'><strong>qui</strong></span> <span class='ocrx_word' id='word_1_764' title='bbox 3431 4824 3561 4897; x_wconf 81' lang='lat' dir='ltr'><strong>illu-</strong></span> 
     </span>
    </p>
   </div>
   <div class='ocr_carea' id='block_1_89' title="bbox 305 4895 3562 4966">
    <p class='ocr_par' dir='ltr' id='par_1_89' title="bbox 305 4895 3562 4966">
     <span class='ocr_line' id='line_1_89' title="bbox 305 4895 3562 4966; baseline -0.001 -16"><span class='ocrx_word' id='word_1_765' title='bbox 305 4895 536 4950; x_wconf 83' lang='lat' dir='ltr'><strong>ininabit</strong></span> <span class='ocrx_word' id='word_1_766' title='bbox 564 4895 775 4950; x_wconf 88' lang='lat' dir='ltr'><strong>occulta</strong></span> <span class='ocrx_word' id='word_1_767' title='bbox 804 4896 1175 4962; x_wconf 89' lang='lat' dir='ltr'><strong>tenebrarum,</strong></span> <span class='ocrx_word' id='word_1_768' title='bbox 1202 4905 1257 4952; x_wconf 91' lang='lat' dir='ltr'><strong>et</strong></span> <span class='ocrx_word' id='word_1_769' title='bbox 1287 4897 1657 4953; x_wconf 87' lang='lat' dir='ltr'><strong>manifestabit</strong></span> <span class='ocrx_word' id='word_1_770' title='bbox 1681 4897 1907 4953; x_wconf 90' lang='lat' dir='ltr'><strong>consilia</strong></span> <span class='ocrx_word' id='word_1_771' title='bbox 1941 4895 2212 4959; x_wconf 74' lang='lat' dir='ltr'><strong>cordiuni,</strong></span> <span class='ocrx_word' id='word_1_772' title='bbox 2235 4916 2253 4948; x_wconf 77' lang='grc' dir='ltr'><strong>ι</strong></span> <span class='ocrx_word' id='word_1_773' title='bbox 2292 4897 2524 4966; x_wconf 91' lang='lat' dir='ltr'><strong>primum</strong></span> <span class='ocrx_word' id='word_1_774' title='bbox 2556 4897 2797 4966; x_wconf 89' lang='lat' dir='ltr'><strong>quidem,</strong></span> <span class='ocrx_word' id='word_1_775' title='bbox 2833 4896 3089 4966; x_wconf 82' lang='lat' dir='ltr'><strong>quoniam</strong></span> <span class='ocrx_word' id='word_1_776' title='bbox 3122 4895 3249 4951; x_wconf 85' lang='lat' dir='ltr'><strong>licet</strong></span> <span class='ocrx_word' id='word_1_777' title='bbox 3277 4895 3562 4966; x_wconf 15' lang='lat' dir='ltr'><strong>eirqui~ter</strong></span> 
     </span>
    </p>
   </div>
   <div class='ocr_carea' id='block_1_90' title="bbox 303 4964 3562 5036">
    <p class='ocr_par' dir='ltr' id='par_1_90' title="bbox 303 4964 3562 5036">
     <span class='ocr_line' id='line_1_90' title="bbox 303 4964 3562 5036; baseline -0.001 -17"><span class='ocrx_word' id='word_1_778' title='bbox 303 4974 533 5035; x_wconf 75' lang='lat' dir='ltr'><strong>argutus</strong></span> <span class='ocrx_word' id='word_1_779' title='bbox 565 4982 674 5036; x_wconf 91' lang='lat' dir='ltr'><strong>non</strong></span> <span class='ocrx_word' id='word_1_780' title='bbox 703 4966 1001 5031; x_wconf 86' lang='lat' dir='ltr'><strong>obaudivit,</strong></span> <span class='ocrx_word' id='word_1_781' title='bbox 1034 4966 1089 5020; x_wconf 92' lang='lat' dir='ltr'><strong>in</strong></span> <span class='ocrx_word' id='word_1_782' title='bbox 1117 4976 1313 5035; x_wconf 91' lang='lat' dir='ltr'><strong>quarto</strong></span> <span class='ocrx_word' id='word_1_783' title='bbox 1336 4967 1545 5031; x_wconf 88' lang='lat' dir='ltr'><strong>audire,</strong></span> <span class='ocrx_word' id='word_1_784' title='bbox 1580 4976 1640 5021; x_wconf 93' lang='lat' dir='ltr'><strong>ut</strong></span> <span class='ocrx_word' id='word_1_785' title='bbox 1664 4969 1778 5036; x_wconf 92' lang='lat' dir='ltr'><strong>jam</strong></span> <span class='ocrx_word' id='word_1_786' title='bbox 1812 4982 1919 5021; x_wconf 93' lang='lat' dir='ltr'><strong>non</strong></span> <span class='ocrx_word' id='word_1_787' title='bbox 1952 4967 2021 5021; x_wconf 89' lang='lat' dir='ltr'><strong>sit</strong></span> <span class='ocrx_word' id='word_1_788' title='bbox 2044 4967 2193 5036; x_wconf 85' lang='lat' dir='ltr'><strong>sicut</strong></span> <span class='ocrx_word' id='word_1_789' title='bbox 2219 4964 2469 5021; x_wconf 78' lang='lat' dir='ltr'><strong>ethnicus</strong></span> <span class='ocrx_word' id='word_1_790' title='bbox 2496 4977 2550 5020; x_wconf 88' lang='lat' dir='ltr'><strong>et</strong></span> <span class='ocrx_word' id='word_1_791' title='bbox 2575 4964 2920 5035; x_wconf 82' lang='lat' dir='ltr'><strong>publicanus.</strong></span> <span class='ocrx_word' id='word_1_792' title='bbox 2956 4964 3223 5036; x_wconf 80' lang='lat' dir='ltr'><strong>Memores</strong></span> <span class='ocrx_word' id='word_1_793' title='bbox 3252 4964 3406 5021; x_wconf 84' lang='lat' dir='ltr'><strong>enim</strong></span> <span class='ocrx_word' id='word_1_794' title='bbox 3437 4978 3562 5036; x_wconf 85' lang='lat' dir='ltr'><strong>esse</strong></span> 
     </span>
    </p>
   </div>
   <div class='ocr_carea' id='block_1_91' title="bbox 303 5033 3561 5105">
    <p class='ocr_par' dir='ltr' id='par_1_91' title="bbox 303 5033 3561 5105">
     <span class='ocr_line' id='line_1_91' title="bbox 303 5033 3561 5105; baseline -0.001 -15"><span class='ocrx_word' id='word_1_795' title='bbox 303 5033 569 5090; x_wconf 84' lang='lat' dir='ltr'><strong>debemus</strong></span> <span class='ocrx_word' id='word_1_796' title='bbox 600 5035 720 5103; x_wconf 88' lang='lat' dir='ltr'><strong>ejus</strong></span> <span class='ocrx_word' id='word_1_797' title='bbox 749 5036 893 5105; x_wconf 87' lang='lat' dir='ltr'><strong>quod</strong></span> <span class='ocrx_word' id='word_1_798' title='bbox 921 5033 1239 5091; x_wconf 44' lang='lat' dir='ltr'><strong>dictum—est</strong></span> <span class='ocrx_word' id='word_1_799' title='bbox 1265 5054 1278 5089; x_wconf 90' lang='lat'><strong>:</strong></span> <span class='ocrx_word' id='word_1_800' title='bbox 1325 5055 1345 5088; x_wconf 85' lang='grc' dir='ltr'><strong>ι</strong></span> <span class='ocrx_word' id='word_1_801' title='bbox 1374 5036 1466 5092; x_wconf 90' lang='lat' dir='ltr'><strong>Sic</strong></span> <span class='ocrx_word' id='word_1_802' title='bbox 1495 5053 1600 5092; x_wconf 91' lang='lat' dir='ltr'><strong>non</strong></span> <span class='ocrx_word' id='word_1_803' title='bbox 1634 5033 1717 5091; x_wconf 83' lang='lat' dir='ltr'><strong>est</strong></span> <span class='ocrx_word' id='word_1_804' title='bbox 1754 5037 2009 5091; x_wconf 85' lang='lat' dir='ltr'><strong>voluntas</strong></span> <span class='ocrx_word' id='word_1_805' title='bbox 2040 5035 2215 5090; x_wconf 88' lang='lat' dir='ltr'><strong>Patris</strong></span> <span class='ocrx_word' id='word_1_806' title='bbox 2253 5036 2378 5101; x_wconf 87' lang='lat' dir='ltr'><strong>mei,</strong></span> <span class='ocrx_word' id='word_1_807' title='bbox 2407 5045 2466 5090; x_wconf 92' lang='lat' dir='ltr'><strong>ut</strong></span> <span class='ocrx_word' id='word_1_808' title='bbox 2493 5033 2635 5091; x_wconf 81' lang='lat' dir='ltr'><strong>unus</strong></span> <span class='ocrx_word' id='word_1_809' title='bbox 2664 5051 2727 5089; x_wconf 73' lang='lat' dir='ltr'><strong>ex</strong></span> <span class='ocrx_word' id='word_1_810' title='bbox 2774 5035 3014 5090; x_wconf 86' lang='lat' dir='ltr'><strong>minimis</strong></span> <span class='ocrx_word' id='word_1_811' title='bbox 3065 5036 3182 5099; x_wconf 82' lang='lat' dir='ltr'><strong>istis</strong></span> <span class='ocrx_word' id='word_1_812' title='bbox 3211 5045 3430 5103; x_wconf 77' lang='lat' dir='ltr'><strong>pereat;</strong></span> <span class='ocrx_word' id='word_1_813' title='bbox 3480 5033 3561 5087; x_wconf 89' lang='lat' dir='ltr'><strong>sic</strong></span> 
     </span>
    </p>
   </div>
   <div class='ocr_carea' id='block_1_92' title="bbox 304 5105 3562 5177">
    <p class='ocr_par' dir='ltr' id='par_1_92' title="bbox 304 5105 3562 5177">
     <span class='ocr_line' id='line_1_92' title="bbox 304 5105 3562 5177; baseline -0.001 -20"><span class='ocrx_word' id='word_1_814' title='bbox 304 5107 450 5177; x_wconf 69' lang='lat' dir='ltr'><strong>enim</strong></span> <span class='ocrx_word' id='word_1_815' title='bbox 489 5114 707 5177; x_wconf 79' lang='lat' dir='ltr'><strong>oportet</strong></span> <span class='ocrx_word' id='word_1_816' title='bbox 734 5121 836 5161; x_wconf 89' lang='lat' dir='ltr'><strong>nos</strong></span> <span class='ocrx_word' id='word_1_817' title='bbox 861 5121 1052 5177; x_wconf 87' lang='lat' dir='ltr'><strong>omnes</strong></span> <span class='ocrx_word' id='word_1_818' title='bbox 1085 5107 1402 5177; x_wconf 65' lang='lat' dir='ltr'><strong>praesentari</strong></span> <span class='ocrx_word' id='word_1_819' title='bbox 1432 5116 1559 5177; x_wconf 80' lang='lat' dir='ltr'><strong>ante</strong></span> <span class='ocrx_word' id='word_1_820' title='bbox 1595 5107 1833 5162; x_wconf 88' lang='lat' dir='ltr'><strong>tribunal</strong></span> <span class='ocrx_word' id='word_1_821' title='bbox 1853 5106 2081 5177; x_wconf 87' lang='lat' dir='ltr'><strong>Christi,</strong></span> <span class='ocrx_word' id='word_1_822' title='bbox 2113 5118 2173 5160; x_wconf 92' lang='lat' dir='ltr'><strong>ut</strong></span> <span class='ocrx_word' id='word_1_823' title='bbox 2198 5115 2437 5175; x_wconf 73' lang='lat' dir='ltr'><strong>reportet</strong></span> <span class='ocrx_word' id='word_1_824' title='bbox 2464 5105 2839 5175; x_wconf 86' lang='lat' dir='ltr'><strong>unusquisque</strong></span> <span class='ocrx_word' id='word_1_825' title='bbox 2870 5107 3085 5173; x_wconf 88' lang='lat' dir='ltr'><strong>propria</strong></span> <span class='ocrx_word' id='word_1_826' title='bbox 3115 5105 3359 5175; x_wconf 84' lang='lat' dir='ltr'><strong>corporis</strong></span> <span class='ocrx_word' id='word_1_827' title='bbox 3398 5113 3562 5171; x_wconf 83' lang='lat' dir='ltr'><strong>prout</strong></span> 
     </span>
    </p>
   </div>
   <div class='ocr_carea' id='block_1_93' title="bbox 242 5175 3557 5246">
    <p class='ocr_par' dir='ltr' id='par_1_93' title="bbox 242 5175 3557 5246">
     <span class='ocr_line' id='line_1_93' title="bbox 242 5175 3557 5246; baseline -0.001 -17"><span class='ocrx_word' id='word_1_828' title='bbox 242 5204 249 5211; x_wconf 89' lang='lat'><strong>-</strong></span> <span class='ocrx_word' id='word_1_829' title='bbox 305 5175 494 5245; x_wconf 76' lang='lat' dir='ltr'><strong>gessit,</strong></span> <span class='ocrx_word' id='word_1_830' title='bbox 528 5175 653 5233; x_wconf 64' lang='lat' dir='ltr'><strong>sive</strong></span> <span class='ocrx_word' id='word_1_831' title='bbox 696 5176 924 5243; x_wconf 89' lang='lat' dir='ltr'><strong>bonum,</strong></span> <span class='ocrx_word' id='word_1_832' title='bbox 968 5176 1351 5230; x_wconf 84' lang='lat' dir='ltr'><strong>sive-malum.</strong></span> <span class='ocrx_word' id='word_1_833' title='bbox 1384 5194 1403 5227; x_wconf 76' lang='grc' dir='ltr'><strong>ι</strong></span> <span class='ocrx_word' id='word_1_834' title='bbox 1450 5175 1652 5231; x_wconf 90' lang='lat' dir='ltr'><strong>Deinde</strong></span> <span class='ocrx_word' id='word_1_835' title='bbox 1687 5177 1815 5246; x_wconf 91' lang='lat' dir='ltr'><strong>quia</strong></span> <span class='ocrx_word' id='word_1_836' title='bbox 1856 5176 2119 5244; x_wconf 89' lang='lat' dir='ltr'><strong>scriptum</strong></span> <span class='ocrx_word' id='word_1_837' title='bbox 2170 5188 2286 5231; x_wconf 89' lang='lat' dir='ltr'><strong>est:</strong></span> <span class='ocrx_word' id='word_1_838' title='bbox 2317 5195 2335 5227; x_wconf 86' lang='grc' dir='ltr'><strong>ι</strong></span> <span class='ocrx_word' id='word_1_839' title='bbox 2371 5177 2678 5231; x_wconf 86' lang='lat' dir='ltr'><strong>Secundum</strong></span> <span class='ocrx_word' id='word_1_840' title='bbox 2727 5190 2892 5246; x_wconf 77' lang='lat' dir='ltr'><strong>opera</strong></span> <span class='ocrx_word' id='word_1_841' title='bbox 2939 5191 3198 5229; x_wconf 87' lang='lat' dir='ltr'><strong>manuum</strong></span> <span class='ocrx_word' id='word_1_842' title='bbox 3254 5183 3557 5246; x_wconf 77' lang='lat' dir='ltr'><strong>vestrarum</strong></span> 
     </span>
    </p>
   </div>
   <div class='ocr_carea' id='block_1_94' title="bbox 305 5242 3561 5317">
    <p class='ocr_par' dir='ltr' id='par_1_94' title="bbox 305 5242 3561 5317">
     <span class='ocr_line' id='line_1_94' title="bbox 305 5242 3561 5317; baseline -0.002 -16"><span class='ocrx_word' id='word_1_843' title='bbox 305 5242 582 5314; x_wconf 74' lang='lat' dir='ltr'><strong>continget</strong></span> <span class='ocrx_word' id='word_1_844' title='bbox 623 5247 806 5305; x_wconf 85' lang='lat' dir='ltr'><strong>vobis:</strong></span> <span class='ocrx_word' id='word_1_845' title='bbox 860 5265 878 5297; x_wconf 76' lang='grc' dir='ltr'><strong>ι</strong></span> <span class='ocrx_word' id='word_1_846' title='bbox 946 5255 1000 5300; x_wconf 80' lang='lat' dir='ltr'><strong>et</strong></span> <span class='ocrx_word' id='word_1_847' title='bbox 1049 5260 1153 5300; x_wconf 91' lang='lat' dir='ltr'><strong>non</strong></span> <span class='ocrx_word' id='word_1_848' title='bbox 1202 5246 1594 5315; x_wconf 88' lang='lat' dir='ltr'><strong>multipliciter,</strong></span> <span class='ocrx_word' id='word_1_849' title='bbox 1648 5242 1741 5317; x_wconf 70' lang='lat' dir='ltr'><strong>aut</strong></span> <span class='ocrx_word' id='word_1_850' title='bbox 1787 5242 2105 5316; x_wconf 85' lang='lat' dir='ltr'><strong>dupliciter,</strong></span> <span class='ocrx_word' id='word_1_851' title='bbox 2152 5256 2247 5300; x_wconf 88' lang='lat' dir='ltr'><strong>aut</strong></span> <span class='ocrx_word' id='word_1_852' title='bbox 2291 5247 2662 5317; x_wconf 86' lang='lat' dir='ltr'><strong>septupliciter</strong></span> <span class='ocrx_word' id='word_1_853' title='bbox 2714 5242 2974 5317; x_wconf 82' lang='lat' dir='ltr'><strong>recipient</strong></span> <span class='ocrx_word' id='word_1_854' title='bbox 3019 5246 3087 5317; x_wconf 84' lang='lat' dir='ltr'><strong>de</strong></span> <span class='ocrx_word' id='word_1_855' title='bbox 3142 5260 3307 5317; x_wconf 86' lang='lat' dir='ltr'><strong>manu</strong></span> <span class='ocrx_word' id='word_1_856' title='bbox 3345 5242 3561 5317; x_wconf 76' lang='lat' dir='ltr'><strong>Domini</strong></span> 
     </span>
    </p>
   </div>
   <div class='ocr_carea' id='block_1_95' title="bbox 310 5312 3562 5386">
    <p class='ocr_par' dir='ltr' id='par_1_95' title="bbox 310 5312 3562 5386">
     <span class='ocr_line' id='line_1_95' title="bbox 310 5312 3562 5386; baseline -0.001 -19"><span class='ocrx_word' id='word_1_857' title='bbox 310 5312 644 5385; x_wconf 83' lang='lat' dir='ltr'><strong>peccatores.</strong></span> <span class='ocrx_word' id='word_1_858' title='bbox 723 5317 1041 5386; x_wconf 68' lang='lat' dir='ltr'><strong>Aliquando</strong></span> <span class='ocrx_word' id='word_1_859' title='bbox 1098 5325 1276 5386; x_wconf 87' lang='lat' dir='ltr'><strong>autem</strong></span> <span class='ocrx_word' id='word_1_860' title='bbox 1335 5312 1440 5373; x_wconf 79' lang='lat' dir='ltr'><strong>non</strong></span> <span class='ocrx_word' id='word_1_861' title='bbox 1494 5312 1792 5371; x_wconf 74' lang='lat' dir='ltr'><strong>scaundum</strong></span> <span class='ocrx_word' id='word_1_862' title='bbox 1844 5312 2024 5386; x_wconf 62' lang='lat' dir='ltr'><strong>‘opera</strong></span> <span class='ocrx_word' id='word_1_863' title='bbox 2094 5312 2368 5386; x_wconf 60' lang='lat' dir='ltr'><strong>mauuum&#39;</strong></span> <span class='ocrx_word' id='word_1_864' title='bbox 2418 5312 2660 5386; x_wconf 77' lang='lat' dir='ltr'><strong>hominis</strong></span> <span class='ocrx_word' id='word_1_865' title='bbox 2715 5312 2961 5386; x_wconf 83' lang='lat' dir='ltr'><strong>redditur</strong></span> <span class='ocrx_word' id='word_1_866' title='bbox 3014 5316 3107 5381; x_wconf 91' lang='lat' dir='ltr'><strong>ei,</strong></span> <span class='ocrx_word' id='word_1_867' title='bbox 3175 5315 3269 5369; x_wconf 87' lang='lat' dir='ltr'><strong>sed</strong></span> <span class='ocrx_word' id='word_1_868' title='bbox 3327 5312 3562 5386; x_wconf 53' lang='lat' dir='ltr'><strong>gnidius</strong></span> 
     </span>
    </p>
   </div>
   <div class='ocr_carea' id='block_1_96' title="bbox 307 5378 3561 5461">
    <p class='ocr_par' dir='ltr' id='par_1_96' title="bbox 307 5378 3561 5461">
     <span class='ocr_line' id='line_1_96' title="bbox 307 5378 3561 5461; baseline -0.001 -27"><span class='ocrx_word' id='word_1_869' title='bbox 307 5378 470 5461; x_wconf 75' lang='lat' dir='ltr'><strong>quam</strong></span> <span class='ocrx_word' id='word_1_870' title='bbox 540 5387 788 5456; x_wconf 85' lang='lat' dir='ltr'><strong>peccavit</strong></span> <span class='ocrx_word' id='word_1_871' title='bbox 830 5378 859 5439; x_wconf 74' lang='grc' dir='ltr'><strong>ἐ</strong></span> <span class='ocrx_word' id='word_1_872' title='bbox 898 5402 960 5461; x_wconf 74' lang='lat'><strong>_¢_</strong></span> <span class='ocrx_word' id='word_1_873' title='bbox 1004 5383 1312 5461; x_wconf 80' lang='lat' dir='ltr'><strong>_Jerusalem</strong></span> <span class='ocrx_word' id='word_1_874' title='bbox 1338 5387 1521 5461; x_wconf 47' lang='lat' dir='ltr'><strong>{enim</strong></span> <span class='ocrx_word' id='word_1_875' title='bbox 1547 5425 1563 5450; x_wconf 88' lang='lat'><strong>,</strong></span> <span class='ocrx_word' id='word_1_876' title='bbox 1641 5386 1781 5461; x_wconf 70' lang='lat' dir='ltr'><strong>sicut</strong></span> <span class='ocrx_word' id='word_1_877' title='bbox 1844 5378 2030 5441; x_wconf 73' lang='lat' dir='ltr'><strong>docuit</strong></span> <span class='ocrx_word' id='word_1_878' title='bbox 2095 5385 2305 5461; x_wconf 85' lang='lat' dir='ltr'><strong>_l__saias,</strong></span> <span class='ocrx_word' id='word_1_879' title='bbox 2341 5402 2359 5433; x_wconf 77' lang='grc' dir='ltr'><strong>ι</strong></span> <span class='ocrx_word' id='word_1_880' title='bbox 2390 5385 2628 5461; x_wconf 79' lang='lat' dir='ltr'><strong>duplicia</strong></span> <span class='ocrx_word' id='word_1_881' title='bbox 2667 5385 2895 5461; x_wconf 82' lang='lat' dir='ltr'><strong>_recepit</strong></span> <span class='ocrx_word' id='word_1_882' title='bbox 2973 5386 3039 5439; x_wconf 91' lang='lat' dir='ltr'><strong>de</strong></span> <span class='ocrx_word' id='word_1_883' title='bbox 3085 5378 3276 5461; x_wconf 22' lang='lat' dir='ltr'><strong>imanu</strong></span> <span class='ocrx_word' id='word_1_884' title='bbox 3341 5378 3561 5461; x_wconf 76' lang='lat' dir='ltr'><strong>Domini</strong></span> 
     </span>
    </p>
   </div>
   <div class='ocr_carea' id='block_1_97' title="bbox 305 5451 3561 5530">
    <p class='ocr_par' dir='ltr' id='par_1_97' title="bbox 305 5451 3561 5530">
     <span class='ocr_line' id='line_1_97' title="bbox 305 5451 3561 5530; baseline 0.001 -23"><span class='ocrx_word' id='word_1_885' title='bbox 305 5451 382 5530; x_wconf 76' lang='lat' dir='ltr'><strong>ob</strong></span> <span class='ocrx_word' id='word_1_886' title='bbox 414 5470 515 5530; x_wconf 82' lang='lat' dir='ltr'><strong>sua</strong></span> <span class='ocrx_word' id='word_1_887' title='bbox 540 5451 839 5530; x_wconf 66' lang='lat' dir='ltr'><strong>peccata.»</strong></span> <span class='ocrx_word' id='word_1_888' title='bbox 898 5453 1075 5530; x_wconf 51' lang='lat' dir='ltr'><strong>Vicini</strong></span> <span class='ocrx_word' id='word_1_889' title='bbox 1119 5464 1299 5530; x_wconf 83' lang='lat' dir='ltr'><strong>autem</strong></span> <span class='ocrx_word' id='word_1_890' title='bbox 1338 5457 1537 5519; x_wconf 79' lang='lat' dir='ltr'><strong>Israel,</strong></span> <span class='ocrx_word' id='word_1_891' title='bbox 1564 5459 2054 5530; x_wconf 82' lang='lat' dir='ltr'><strong>quicu_nque__sunt</strong></span> <span class='ocrx_word' id='word_1_892' title='bbox 2094 5456 2192 5520; x_wconf 91' lang='lat' dir='ltr'><strong>illi,</strong></span> <span class='ocrx_word' id='word_1_893' title='bbox 2229 5451 2859 5530; x_wconf 64' lang='lat' dir='ltr'><strong>septuplumrecipiunt,</strong></span> <span class='ocrx_word' id='word_1_894' title='bbox 2898 5451 3366 5530; x_wconf 59' lang='lat' dir='ltr'><strong>secundumquth</strong></span> <span class='ocrx_word' id='word_1_895' title='bbox 3395 5451 3471 5505; x_wconf 68' lang='lat' dir='ltr'><strong>ait</strong></span> <span class='ocrx_word' id='word_1_896' title='bbox 3498 5451 3561 5530; x_wconf 56' lang='lat' dir='ltr'><strong>ill</strong></span> 
     </span>
    </p>
   </div>
   <div class='ocr_carea' id='block_1_98' title="bbox 314 5519 3641 5600">
    <p class='ocr_par' dir='ltr' id='par_1_98' title="bbox 314 5519 3641 5600">
     <span class='ocr_line' id='line_1_98' title="bbox 314 5519 3641 5600; baseline -0.002 -22"><span class='ocrx_word' id='word_1_897' title='bbox 314 5519 564 5600; x_wconf 53' lang='lat' dir='ltr'><strong>malum;</strong></span> <span class='ocrx_word' id='word_1_898' title='bbox 610 5546 627 5577; x_wconf 84' lang='grc' dir='ltr'><strong>ι</strong></span> <span class='ocrx_word' id='word_1_899' title='bbox 656 5525 839 5600; x_wconf 62' lang='lat' dir='ltr'><strong>Redde</strong></span> <span class='ocrx_word' id='word_1_900' title='bbox 875 5526 1069 5600; x_wconf 79' lang='lat' dir='ltr'><strong>vicinis</strong></span> <span class='ocrx_word' id='word_1_901' title='bbox 1127 5525 1330 5580; x_wconf 86' lang='lat' dir='ltr'><strong>nostris</strong></span> <span class='ocrx_word' id='word_1_902' title='bbox 1372 5519 2043 5600; x_wconf 63' lang='lat' dir='ltr'><strong>septuplum__in&#39;finibus_</strong></span> <span class='ocrx_word' id='word_1_903' title='bbox 2073 5519 2337 5600; x_wconf 54' lang='lat' dir='ltr'><strong>eorumfi</strong></span> <span class='ocrx_word' id='word_1_904' title='bbox 2491 5526 2582 5600; x_wconf 88' lang='lat' dir='ltr'><strong>a_l_ii</strong></span> <span class='ocrx_word' id='word_1_905' title='bbox 2630 5519 2984 5600; x_wconf 60' lang='lat' dir='ltr'><strong>inveniuntur</strong></span> <span class='ocrx_word' id='word_1_906' title='bbox 3028 5519 3347 5600; x_wconf 77' lang='lat' dir='ltr'><strong>redditionis</strong></span> <span class='ocrx_word' id='word_1_907' title='bbox 3390 5519 3560 5600; x_wconf 71' lang='lat' dir='ltr'><strong>modi,</strong></span> <span class='ocrx_word' id='word_1_908' title='bbox 3635 5580 3641 5585; x_wconf 90' lang='lat'><strong><em>_</em></strong></span> 
     </span>
    </p>
   </div>
   <div class='ocr_carea' id='block_1_99' title="bbox 308 5593 3564 5667">
    <p class='ocr_par' dir='ltr' id='par_1_99' title="bbox 308 5593 3564 5667">
     <span class='ocr_line' id='line_1_99' title="bbox 308 5593 3564 5667; baseline -0.002 -18"><span class='ocrx_word' id='word_1_909' title='bbox 308 5609 449 5667; x_wconf 81' lang='lat' dir='ltr'><strong>quos</strong></span> <span class='ocrx_word' id='word_1_910' title='bbox 471 5595 518 5650; x_wconf 80' lang='lat' dir='ltr'><strong>si</strong></span> <span class='ocrx_word' id='word_1_911' title='bbox 544 5595 932 5667; x_wconf 77' lang='lat' dir='ltr'><strong>intelligamus.</strong></span> <span class='ocrx_word' id='word_1_912' title='bbox 966 5596 1211 5667; x_wconf 84' lang='lat' dir='ltr'><strong>sciemus</strong></span> <span class='ocrx_word' id='word_1_913' title='bbox 1234 5593 1492 5665; x_wconf 79' lang='lat' dir='ltr'><strong>quoniam</strong></span> <span class='ocrx_word' id='word_1_914' title='bbox 1521 5593 1737 5666; x_wconf 72' lang='lat' dir='ltr'><strong>expedit</strong></span> <span class='ocrx_word' id='word_1_915' title='bbox 1763 5597 2085 5667; x_wconf 80' lang='lat' dir='ltr'><strong>reciperein</strong></span> <span class='ocrx_word' id='word_1_916' title='bbox 2116 5598 2218 5651; x_wconf 92' lang='lat' dir='ltr'><strong>hoc</strong></span> <span class='ocrx_word' id='word_1_917' title='bbox 2252 5596 2475 5649; x_wconf 90' lang='lat' dir='ltr'><strong>mundo.</strong></span> <span class='ocrx_word' id='word_1_918' title='bbox 2512 5594 2819 5667; x_wconf 5' lang='lat' dir='ltr'><strong>Novisqsime</strong></span> <span class='ocrx_word' id='word_1_919' title='bbox 2852 5607 3031 5649; x_wconf 81' lang='lat' dir='ltr'><strong>autem</strong></span> <span class='ocrx_word' id='word_1_920' title='bbox 3062 5593 3191 5663; x_wconf 89' lang='lat' dir='ltr'><strong>quia</strong></span> <span class='ocrx_word' id='word_1_921' title='bbox 3223 5606 3332 5646; x_wconf 91' lang='lat' dir='ltr'><strong>non</strong></span> <span class='ocrx_word' id='word_1_922' title='bbox 3361 5593 3564 5667; x_wconf 80' lang='lat' dir='ltr'><strong>pariter</strong></span> 
     </span>
    </p>
   </div>
   <div class='ocr_carea' id='block_1_100' title="bbox 309 5662 3561 5737">
    <p class='ocr_par' dir='ltr' id='par_1_100' title="bbox 309 5662 3561 5737">
     <span class='ocr_line' id='line_1_100' title="bbox 309 5662 3561 5737; baseline -0.002 -17"><span class='ocrx_word' id='word_1_923' title='bbox 309 5662 472 5731; x_wconf 79' lang='lat' dir='ltr'><strong>dixit,</strong></span> <span class='ocrx_word' id='word_1_924' title='bbox 510 5665 654 5720; x_wconf 88' lang='lat' dir='ltr'><strong>sicut</strong></span> <span class='ocrx_word' id='word_1_925' title='bbox 696 5662 949 5722; x_wconf 62' lang='lat' dir='ltr'><strong>ethnicus</strong></span> <span class='ocrx_word' id='word_1_926' title='bbox 987 5676 1041 5719; x_wconf 90' lang='lat' dir='ltr'><strong>et</strong></span> <span class='ocrx_word' id='word_1_927' title='bbox 1071 5662 1416 5734; x_wconf 70' lang='lat' dir='ltr'><strong>publicanus,</strong></span> <span class='ocrx_word' id='word_1_928' title='bbox 1461 5667 1557 5721; x_wconf 90' lang='lat' dir='ltr'><strong>sed</strong></span> <span class='ocrx_word' id='word_1_929' title='bbox 1593 5662 1669 5721; x_wconf 82' lang='lat' dir='ltr'><strong>ita</strong></span> <span class='ocrx_word' id='word_1_930' title='bbox 1715 5668 1785 5722; x_wconf 89' lang='lat' dir='ltr'><strong>sit</strong></span> <span class='ocrx_word' id='word_1_931' title='bbox 1830 5662 1946 5722; x_wconf 83' lang='lat' dir='ltr'><strong>tibi.</strong></span> <span class='ocrx_word' id='word_1_932' title='bbox 1997 5665 2100 5733; x_wconf 85' lang='lat' dir='ltr'><strong>Qui</strong></span> <span class='ocrx_word' id='word_1_933' title='bbox 2137 5681 2287 5737; x_wconf 86' lang='lat' dir='ltr'><strong>ergo</strong></span> <span class='ocrx_word' id='word_1_934' title='bbox 2314 5667 2368 5719; x_wconf 92' lang='lat' dir='ltr'><strong>in</strong></span> <span class='ocrx_word' id='word_1_935' title='bbox 2406 5673 2625 5735; x_wconf 90' lang='lat' dir='ltr'><strong>peccato</strong></span> <span class='ocrx_word' id='word_1_936' title='bbox 2673 5665 2778 5720; x_wconf 87' lang='lat' dir='ltr'><strong>levi</strong></span> <span class='ocrx_word' id='word_1_937' title='bbox 2810 5662 3094 5734; x_wconf 86' lang='lat' dir='ltr'><strong>correptus</strong></span> <span class='ocrx_word' id='word_1_938' title='bbox 3125 5673 3227 5730; x_wconf 88' lang='lat' dir='ltr'><strong>ter,</strong></span> <span class='ocrx_word' id='word_1_939' title='bbox 3259 5662 3561 5717; x_wconf 78' lang='lat' dir='ltr'><strong>secundum</strong></span> 
     </span>
    </p>
   </div>
   <div class='ocr_carea' id='block_1_101' title="bbox 381 5774 1891 5850">
    <p class='ocr_par' dir='ltr' id='par_1_101' title="bbox 381 5775 1888 5850">
     <span class='ocr_line' id='line_1_101' title="bbox 381 5775 1888 5850; baseline 0.006 -22"><span class='ocrx_word' id='word_1_940' title='bbox 381 5775 428 5809; x_wconf 83' lang='grc'><strong>⁸³</strong></span> <span class='ocrx_word' id='word_1_941' title='bbox 468 5775 657 5850; x_wconf 56' lang='lat' dir='ltr'><strong>biatlh.</strong></span> <span class='ocrx_word' id='word_1_942' title='bbox 686 5793 779 5838; x_wconf 84' lang='lat' dir='ltr'><strong>vn,</strong></span> <span class='ocrx_word' id='word_1_943' title='bbox 809 5778 857 5831; x_wconf 14' lang='lat' dir='ltr'><strong>vl.</strong></span> <span class='ocrx_word' id='word_1_944' title='bbox 933 5779 979 5810; x_wconf 59' lang='grc'><strong>⁸³</strong></span> <span class='ocrx_word' id='word_1_945' title='bbox 1020 5777 1187 5850; x_wconf 87' lang='lat' dir='ltr'><strong>I_Cor.</strong></span> <span class='ocrx_word' id='word_1_946' title='bbox 1220 5794 1292 5846; x_wconf 80' lang='lat' dir='ltr'><strong>tv,</strong></span> <span class='ocrx_word' id='word_1_947' title='bbox 1325 5780 1378 5835; x_wconf 68' lang='grc' dir='ltr'><strong>Β.</strong></span> <span class='ocrx_word' id='word_1_948' title='bbox 1455 5779 1501 5811; x_wconf 80' lang='grc'><strong>⁵³</strong></span> <span class='ocrx_word' id='word_1_949' title='bbox 1540 5780 1725 5836; x_wconf 78' lang='lat' dir='ltr'><strong>Matth.</strong></span> <span class='ocrx_word' id='word_1_950' title='bbox 1756 5798 1888 5838; x_wconf 79' lang='lat' dir='ltr'><strong>xvm</strong></span> 
     </span>
    </p>
   </div>
   <div class='ocr_carea' id='block_1_102' title="bbox 1988 5774 3556 5850">
    <p class='ocr_par' dir='ltr' id='par_1_102' title="bbox 1988 5774 3556 5848">
     <span class='ocr_line' id='line_1_102' title="bbox 1988 5774 3556 5848; baseline -0.006 -10"><span class='ocrx_word' id='word_1_951' title='bbox 1988 5783 2033 5838; x_wconf 77' lang='grc' dir='ltr'><strong>ι.</strong></span> <span class='ocrx_word' id='word_1_952' title='bbox 2110 5782 2156 5814; x_wconf 82' lang='grc'><strong>⁸⁸</strong></span> <span class='ocrx_word' id='word_1_953' title='bbox 2195 5780 2235 5835; x_wconf 92' lang='lat' dir='ltr'><strong>Il</strong></span> <span class='ocrx_word' id='word_1_954' title='bbox 2264 5782 2393 5837; x_wconf 85' lang='lat' dir='ltr'><strong>Cur.</strong></span> <span class='ocrx_word' id='word_1_955' title='bbox 2427 5797 2478 5846; x_wconf 84' lang='grc' dir='ltr'><strong>ν,</strong></span> <span class='ocrx_word' id='word_1_956' title='bbox 2520 5780 2603 5835; x_wconf 85' lang='grc'><strong>10.</strong></span> <span class='ocrx_word' id='word_1_957' title='bbox 2678 5780 2724 5812; x_wconf 86' lang='grc'><strong>⁸⁷</strong></span> <span class='ocrx_word' id='word_1_958' title='bbox 2764 5778 2954 5836; x_wconf 80' lang='lat' dir='ltr'><strong>Matth.</strong></span> <span class='ocrx_word' id='word_1_959' title='bbox 2985 5794 3082 5845; x_wconf 78' lang='lat' dir='ltr'><strong>vti,</strong></span> <span class='ocrx_word' id='word_1_960' title='bbox 3112 5778 3166 5833; x_wconf 71' lang='lat'><strong>2.</strong></span> <span class='ocrx_word' id='word_1_961' title='bbox 3245 5777 3290 5810; x_wconf 84' lang='grc'><strong><em>⁸⁸</em></strong></span> <span class='ocrx_word' id='word_1_962' title='bbox 3330 5774 3432 5830; x_wconf 86' lang='lat' dir='ltr'><strong>lsa.</strong></span> <span class='ocrx_word' id='word_1_963' title='bbox 3472 5788 3556 5848; x_wconf 79' lang='grc' dir='ltr'><strong>ιιι,</strong></span> 
     </span>
    </p>
   </div>
   <div class='ocr_carea' id='block_1_103' title="bbox 315 5845 1560 5915">
    <p class='ocr_par' dir='ltr' id='par_1_103' title="bbox 315 5845 1560 5915">
     <span class='ocr_line' id='line_1_103' title="bbox 315 5845 1560 5915; baseline 0.002 -14"><span class='ocrx_word' id='word_1_964' title='bbox 315 5848 400 5901; x_wconf 78' lang='grc' dir='ltr'><strong>Η.</strong></span> <span class='ocrx_word' id='word_1_965' title='bbox 479 5846 525 5879; x_wconf 71' lang='grc'><strong>⁵⁵</strong></span> <span class='ocrx_word' id='word_1_966' title='bbox 568 5845 672 5901; x_wconf 84' lang='lat' dir='ltr'><strong>lsa.</strong></span> <span class='ocrx_word' id='word_1_967' title='bbox 706 5850 867 5913; x_wconf 76' lang='lat' dir='ltr'><strong>xL,‘:’..</strong></span> <span class='ocrx_word' id='word_1_968' title='bbox 947 5850 990 5880; x_wconf 78' lang='grc'><strong>⁸⁸</strong></span> <span class='ocrx_word' id='word_1_969' title='bbox 1030 5847 1173 5903; x_wconf 80' lang='lat' dir='ltr'><strong>Psal.</strong></span> <span class='ocrx_word' id='word_1_970' title='bbox 1208 5867 1436 5915; x_wconf 79' lang='lat' dir='ltr'><strong>Lxxvnt,</strong></span> <span class='ocrx_word' id='word_1_971' title='bbox 1474 5851 1560 5904; x_wconf 67' lang='grc'><strong>12.</strong></span> 
     </span>
    </p>
   </div>
  </div>
