  <div class='ocr_page' id='page_1' title='image "/cluster/home/n/w/nwhite01/storage/ocr_20150623/13/mdp.39015007036059/593.png"; bbox 0 0 4028 6296; ppageno 0'>
   <div class='ocr_carea' id='block_1_1' title="bbox 515 390 647 445">
    <p class='ocr_par' dir='ltr' id='par_1_1' title="bbox 515 390 647 445">
     <span class='ocr_line' id='line_1_1' title="bbox 515 390 647 445; baseline 0.008 -1"><span class='ocrx_word' id='word_1_1' title='bbox 515 390 647 445; x_wconf 51' lang='grc'><strong>11⁷9</strong></span> 
     </span>
    </p>
   </div>
   <div class='ocr_carea' id='block_1_2' title="bbox 1994 381 2305 443">
    <p class='ocr_par' dir='ltr' id='par_1_2' title="bbox 1994 381 2305 443">
     <span class='ocr_line' id='line_1_2' title="bbox 1994 381 2305 443; baseline 0.019 -6"><span class='ocrx_word' id='word_1_2' title='bbox 1994 381 2305 443; x_wconf 79' lang='lat' dir='ltr'><strong>OIUCENIS</strong></span> 
     </span>
    </p>
   </div>
   <div class='ocr_carea' id='block_1_3' title="bbox 3630 398 3761 451">
    <p class='ocr_par' dir='ltr' id='par_1_3' title="bbox 3630 398 3761 451">
     <span class='ocr_line' id='line_1_3' title="bbox 3630 398 3761 451; baseline 0.023 -3"><span class='ocrx_word' id='word_1_3' title='bbox 3630 398 3761 451; x_wconf 75' lang='grc'><strong>11811</strong></span> 
     </span>
    </p>
   </div>
   <div class='ocr_carea' id='block_1_4' title="bbox 507 502 3765 579">
    <p class='ocr_par' dir='ltr' id='par_1_4' title="bbox 507 502 3765 579">
     <span class='ocr_line' id='line_1_4' title="bbox 507 502 3765 579; baseline 0.002 -20"><span class='ocrx_word' id='word_1_4' title='bbox 507 510 651 561; x_wconf 83' lang='lat' dir='ltr'><strong>tacta</strong></span> <span class='ocrx_word' id='word_1_5' title='bbox 705 515 827 577; x_wconf 92' lang='lat' dir='ltr'><strong>post</strong></span> <span class='ocrx_word' id='word_1_6' title='bbox 883 504 1022 560; x_wconf 88' lang='lat' dir='ltr'><strong>mala</strong></span> <span class='ocrx_word' id='word_1_7' title='bbox 1077 504 1356 575; x_wconf 83' lang='lat' dir='ltr'><strong>prodesse,</strong></span> <span class='ocrx_word' id='word_1_8' title='bbox 1419 504 1566 575; x_wconf 91' lang='lat' dir='ltr'><strong>quod</strong></span> <span class='ocrx_word' id='word_1_9' title='bbox 1623 506 1693 561; x_wconf 88' lang='lat' dir='ltr'><strong>ab</strong></span> <span class='ocrx_word' id='word_1_10' title='bbox 1731 504 2014 561; x_wconf 83' lang='lat' dir='ltr'><strong>Ezechiele</strong></span> <span class='ocrx_word' id='word_1_11' title='bbox 2051 507 2305 560; x_wconf 79' lang='lat' dir='ltr'><strong>traditum</strong></span> <span class='ocrx_word' id='word_1_12' title='bbox 2347 502 2506 561; x_wconf 89' lang='lat' dir='ltr'><strong>facile</strong></span> <span class='ocrx_word' id='word_1_13' title='bbox 2549 504 2759 562; x_wconf 86' lang='lat' dir='ltr'><strong>discere</strong></span> <span class='ocrx_word' id='word_1_14' title='bbox 2796 516 3049 576; x_wconf 91' lang='lat' dir='ltr'><strong>possunt,</strong></span> <span class='ocrx_word' id='word_1_15' title='bbox 3079 506 3174 575; x_wconf 88' lang='lat' dir='ltr'><strong>qui</strong></span> <span class='ocrx_word' id='word_1_16' title='bbox 3211 506 3354 562; x_wconf 86' lang='lat' dir='ltr'><strong>dicta</strong></span> <span class='ocrx_word' id='word_1_17' title='bbox 3406 523 3569 579; x_wconf 88' lang='lat' dir='ltr'><strong>super</strong></span> <span class='ocrx_word' id='word_1_18' title='bbox 3621 508 3765 565; x_wconf 84' lang='lat' dir='ltr'><strong>hisce</strong></span> 
     </span>
    </p>
   </div>
   <div class='ocr_carea' id='block_1_5' title="bbox 510 606 1246 655">
    <p class='ocr_par' dir='ltr' id='par_1_5' title="bbox 510 606 1246 655">
     <span class='ocr_line' id='line_1_5' title="bbox 510 606 1246 655; baseline -0.005 -1"><span class='ocrx_word' id='word_1_19' title='bbox 510 607 676 655; x_wconf 89' lang='lat' dir='ltr'><strong>rebus</strong></span> <span class='ocrx_word' id='word_1_20' title='bbox 701 606 1013 654; x_wconf 88' lang='lat' dir='ltr'><strong>constanter</strong></span> <span class='ocrx_word' id='word_1_21' title='bbox 1043 606 1246 652; x_wconf 87' lang='lat' dir='ltr'><strong>tenent.</strong></span> 
     </span>
    </p>
   </div>
   <div class='ocr_carea' id='block_1_6' title="bbox 578 688 2079 766">
    <p class='ocr_par' dir='ltr' id='par_1_6' title="bbox 578 694 2078 766">
     <span class='ocr_line' id='line_1_6' title="bbox 578 694 2078 766; baseline 0 -16"><span class='ocrx_word' id='word_1_22' title='bbox 578 698 665 751; x_wconf 77' lang='lat'><strong>3|.</strong></span> <span class='ocrx_word' id='word_1_23' title='bbox 699 695 779 749; x_wconf 81' lang='lat' dir='ltr'><strong>Ad</strong></span> <span class='ocrx_word' id='word_1_24' title='bbox 806 695 858 748; x_wconf 87' lang='lat' dir='ltr'><strong>id</strong></span> <span class='ocrx_word' id='word_1_25' title='bbox 885 703 1064 748; x_wconf 93' lang='lat' dir='ltr'><strong>autem</strong></span> <span class='ocrx_word' id='word_1_26' title='bbox 1096 694 1243 763; x_wconf 89' lang='lat' dir='ltr'><strong>quod</strong></span> <span class='ocrx_word' id='word_1_27' title='bbox 1290 710 1390 765; x_wconf 90' lang='lat' dir='ltr'><strong>pro</strong></span> <span class='ocrx_word' id='word_1_28' title='bbox 1428 696 1649 751; x_wconf 87' lang='lat' dir='ltr'><strong>ethnico</strong></span> <span class='ocrx_word' id='word_1_29' title='bbox 1691 705 1746 749; x_wconf 91' lang='lat' dir='ltr'><strong>et</strong></span> <span class='ocrx_word' id='word_1_30' title='bbox 1787 696 2078 766; x_wconf 85' lang='lat' dir='ltr'><strong>publicano</strong></span> 
     </span>
    </p>
   </div>
   <div class='ocr_carea' id='block_1_7' title="bbox 2181 688 3764 766">
    <p class='ocr_par' dir='ltr' id='par_1_7' title="bbox 2248 688 3764 761">
     <span class='ocr_line' id='line_1_7' title="bbox 2248 688 3764 761; baseline 0 -16"><span class='ocrx_word' id='word_1_31' title='bbox 2248 691 2445 754; x_wconf 81' lang='grc' dir='ltr'>Καλῶς</span> <span class='ocrx_word' id='word_1_32' title='bbox 2469 690 2527 743; x_wconf 82' lang='grc' dir='ltr'><strong>δέ</strong></span> <span class='ocrx_word' id='word_1_33' title='bbox 2553 708 2643 759; x_wconf 88' lang='grc' dir='ltr'><strong>μοι</strong></span> <span class='ocrx_word' id='word_1_34' title='bbox 2673 690 2823 743; x_wconf 89' lang='grc' dir='ltr'>δοκεῖ</span> <span class='ocrx_word' id='word_1_35' title='bbox 2855 688 3124 758; x_wconf 79' lang='grc' dir='ltr'>συνῆφθαι</span> <span class='ocrx_word' id='word_1_36' title='bbox 3160 690 3238 761; x_wconf 85' lang='grc' dir='ltr'>τῷ</span> <span class='ocrx_word' id='word_1_37' title='bbox 3273 691 3412 761; x_wconf 81' lang='grc' dir='ltr'>μετᾶ</span> <span class='ocrx_word' id='word_1_38' title='bbox 3444 690 3507 743; x_wconf 83' lang='grc' dir='ltr'>τὸ</span> <span class='ocrx_word' id='word_1_39' title='bbox 3537 693 3656 760; x_wconf 77' lang='grc' dir='ltr'>τρὶς</span> <span class='ocrx_word' id='word_1_40' title='bbox 3681 709 3764 745; x_wconf 86' lang='grc' dir='ltr'>νε-</span> 
     </span>
    </p>
   </div>
   <div class='ocr_carea' id='block_1_8' title="bbox 508 785 2083 854">
    <p class='ocr_par' dir='ltr' id='par_1_8' title="bbox 508 785 2083 854">
     <span class='ocr_line' id='line_1_8' title="bbox 508 785 2083 854; baseline -0.001 -12"><span class='ocrx_word' id='word_1_41' title='bbox 508 787 787 842; x_wconf 83' lang='lat' dir='ltr'><strong>habendus</strong></span> <span class='ocrx_word' id='word_1_42' title='bbox 820 785 911 848; x_wconf 87' lang='lat' dir='ltr'><strong>sit,</strong></span> <span class='ocrx_word' id='word_1_43' title='bbox 942 785 1033 854; x_wconf 90' lang='lat' dir='ltr'><strong>qui</strong></span> <span class='ocrx_word' id='word_1_44' title='bbox 1072 796 1192 853; x_wconf 84' lang='lat' dir='ltr'><strong>post</strong></span> <span class='ocrx_word' id='word_1_45' title='bbox 1222 793 1331 839; x_wconf 90' lang='lat' dir='ltr'><strong>tres</strong></span> <span class='ocrx_word' id='word_1_46' title='bbox 1362 785 1765 841; x_wconf 77' lang='lat' dir='ltr'><strong>admonitiones</strong></span> <span class='ocrx_word' id='word_1_47' title='bbox 1795 788 2083 841; x_wconf 88' lang='lat' dir='ltr'><strong>damnatus</strong></span> 
     </span>
    </p>
   </div>
   <div class='ocr_carea' id='block_1_9' title="bbox 505 874 2082 944">
    <p class='ocr_par' dir='ltr' id='par_1_9' title="bbox 505 874 2082 944">
     <span class='ocr_line' id='line_1_9' title="bbox 505 874 2082 944; baseline -0.001 -12"><span class='ocrx_word' id='word_1_48' title='bbox 505 885 610 939; x_wconf 85' lang='lat' dir='ltr'><strong>est,</strong></span> <span class='ocrx_word' id='word_1_49' title='bbox 646 874 901 944; x_wconf 68' lang='lat' dir='ltr'><strong>praeclare</strong></span> <span class='ocrx_word' id='word_1_50' title='bbox 931 876 1236 928; x_wconf 85' lang='lat' dir='ltr'><strong>subnexum</strong></span> <span class='ocrx_word' id='word_1_51' title='bbox 1280 876 1412 930; x_wconf 87' lang='lat' dir='ltr'><strong>illud</strong></span> <span class='ocrx_word' id='word_1_52' title='bbox 1442 876 1655 929; x_wconf 87' lang='lat' dir='ltr'><strong>videtur</strong></span> <span class='ocrx_word' id='word_1_53' title='bbox 1689 876 1730 907; x_wconf 82' lang='lat'>“</span> <span class='ocrx_word' id='word_1_54' title='bbox 1778 894 1790 929; x_wconf 94' lang='lat'><strong>:</strong></span> <span class='ocrx_word' id='word_1_55' title='bbox 1838 894 1858 928; x_wconf 75' lang='grc' dir='ltr'><strong>ι</strong></span> <span class='ocrx_word' id='word_1_56' title='bbox 1910 876 2082 930; x_wconf 85' lang='lat' dir='ltr'><strong>Amen</strong></span> 
     </span>
    </p>
   </div>
   <div class='ocr_carea' id='block_1_10' title="bbox 502 966 2085 1038">
    <p class='ocr_par' dir='ltr' id='par_1_10' title="bbox 502 966 2085 1038">
     <span class='ocr_line' id='line_1_10' title="bbox 502 966 2085 1038; baseline -0.001 -13"><span class='ocrx_word' id='word_1_57' title='bbox 502 968 627 1024; x_wconf 83' lang='lat' dir='ltr'><strong>dico</strong></span> <span class='ocrx_word' id='word_1_58' title='bbox 658 967 831 1033; x_wconf 87' lang='lat' dir='ltr'><strong>vobis,</strong></span> <span class='ocrx_word' id='word_1_59' title='bbox 865 985 884 1018; x_wconf 74' lang='grc' dir='ltr'><strong>ι</strong></span> <span class='ocrx_word' id='word_1_60' title='bbox 914 966 981 1022; x_wconf 87' lang='lat' dir='ltr'><strong>iis</strong></span> <span class='ocrx_word' id='word_1_61' title='bbox 1009 982 1201 1036; x_wconf 86' lang='lat' dir='ltr'><strong>nempe</strong></span> <span class='ocrx_word' id='word_1_62' title='bbox 1230 968 1321 1037; x_wconf 90' lang='lat' dir='ltr'><strong>qui</strong></span> <span class='ocrx_word' id='word_1_63' title='bbox 1356 984 1453 1037; x_wconf 86' lang='lat' dir='ltr'><strong>pro</strong></span> <span class='ocrx_word' id='word_1_64' title='bbox 1475 969 1693 1023; x_wconf 88' lang='lat' dir='ltr'><strong>etbnico</strong></span> <span class='ocrx_word' id='word_1_65' title='bbox 1717 979 1768 1023; x_wconf 91' lang='lat' dir='ltr'><strong>et</strong></span> <span class='ocrx_word' id='word_1_66' title='bbox 1797 969 2085 1038; x_wconf 81' lang='lat' dir='ltr'><strong>publicano</strong></span> 
     </span>
    </p>
   </div>
   <div class='ocr_carea' id='block_1_11' title="bbox 507 1057 2085 1130">
    <p class='ocr_par' dir='ltr' id='par_1_11' title="bbox 507 1057 2085 1130">
     <span class='ocr_line' id='line_1_11' title="bbox 507 1057 2085 1130; baseline 0.002 -18"><span class='ocrx_word' id='word_1_67' title='bbox 507 1057 815 1113; x_wconf 89' lang='lat' dir='ltr'><strong>habendum</strong></span> <span class='ocrx_word' id='word_1_68' title='bbox 846 1057 1082 1128; x_wconf 89' lang='lat' dir='ltr'><strong>aliquem</strong></span> <span class='ocrx_word' id='word_1_69' title='bbox 1113 1058 1431 1127; x_wconf 81' lang='lat' dir='ltr'><strong>judicarint,</strong></span> <span class='ocrx_word' id='word_1_70' title='bbox 1469 1078 1487 1111; x_wconf 78' lang='grc' dir='ltr'><strong>ι</strong></span> <span class='ocrx_word' id='word_1_71' title='bbox 1522 1075 1857 1130; x_wconf 69' lang='lat' dir='ltr'><strong>quaecunque</strong></span> <span class='ocrx_word' id='word_1_72' title='bbox 1894 1060 2085 1129; x_wconf 81' lang='lat' dir='ltr'><strong>alliga-</strong></span> 
     </span>
    </p>
   </div>
   <div class='ocr_carea' id='block_1_12' title="bbox 502 1146 2082 1223">
    <p class='ocr_par' dir='ltr' id='par_1_12' title="bbox 502 1146 2082 1223">
     <span class='ocr_line' id='line_1_12' title="bbox 502 1146 2082 1223; baseline 0.002 -20"><span class='ocrx_word' id='word_1_73' title='bbox 502 1146 691 1203; x_wconf 87' lang='lat' dir='ltr'><strong>veritis</strong></span> <span class='ocrx_word' id='word_1_74' title='bbox 714 1162 878 1216; x_wconf 86' lang='lat' dir='ltr'><strong>super</strong></span> <span class='ocrx_word' id='word_1_75' title='bbox 900 1156 1124 1212; x_wconf 86' lang='lat' dir='ltr'><strong>terram,</strong></span> <span class='ocrx_word' id='word_1_76' title='bbox 1156 1167 1174 1200; x_wconf 72' lang='grc' dir='ltr'><strong>ι</strong></span> <span class='ocrx_word' id='word_1_77' title='bbox 1203 1156 1257 1202; x_wconf 84' lang='grc' dir='ltr'>ει</span> <span class='ocrx_word' id='word_1_78' title='bbox 1277 1158 1491 1215; x_wconf 64' lang='lat' dir='ltr'><strong>caetera;</strong></span> <span class='ocrx_word' id='word_1_79' title='bbox 1516 1166 1640 1204; x_wconf 91' lang='lat' dir='ltr'><strong>nam</strong></span> <span class='ocrx_word' id='word_1_80' title='bbox 1660 1151 1752 1220; x_wconf 91' lang='lat' dir='ltr'><strong>qui</strong></span> <span class='ocrx_word' id='word_1_81' title='bbox 1777 1160 1858 1206; x_wconf 91' lang='lat' dir='ltr'><strong>ter</strong></span> <span class='ocrx_word' id='word_1_82' title='bbox 1882 1153 2082 1223; x_wconf 91' lang='lat' dir='ltr'><strong>arguit,</strong></span> 
     </span>
    </p>
   </div>
   <div class='ocr_carea' id='block_1_13' title="bbox 508 1238 2080 1313">
    <p class='ocr_par' dir='ltr' id='par_1_13' title="bbox 508 1238 2080 1313">
     <span class='ocr_line' id='line_1_13' title="bbox 508 1238 2080 1313; baseline 0.004 -21"><span class='ocrx_word' id='word_1_83' title='bbox 508 1254 685 1309; x_wconf 88' lang='lat' dir='ltr'><strong>neque</strong></span> <span class='ocrx_word' id='word_1_84' title='bbox 718 1238 939 1293; x_wconf 90' lang='lat' dir='ltr'><strong>auditus</strong></span> <span class='ocrx_word' id='word_1_85' title='bbox 968 1249 1082 1304; x_wconf 91' lang='lat' dir='ltr'><strong>est,</strong></span> <span class='ocrx_word' id='word_1_86' title='bbox 1114 1241 1239 1309; x_wconf 86' lang='lat' dir='ltr'><strong>jure</strong></span> <span class='ocrx_word' id='word_1_87' title='bbox 1286 1240 1481 1294; x_wconf 89' lang='lat' dir='ltr'><strong>merito</strong></span> <span class='ocrx_word' id='word_1_88' title='bbox 1526 1256 1654 1295; x_wconf 91' lang='lat' dir='ltr'><strong>eum</strong></span> <span class='ocrx_word' id='word_1_89' title='bbox 1696 1242 1935 1313; x_wconf 88' lang='lat' dir='ltr'><strong>alligavit</strong></span> <span class='ocrx_word' id='word_1_90' title='bbox 1987 1245 2080 1313; x_wconf 91' lang='lat' dir='ltr'><strong>qui</strong></span> 
     </span>
    </p>
   </div>
   <div class='ocr_carea' id='block_1_14' title="bbox 506 1328 2079 1403">
    <p class='ocr_par' dir='ltr' id='par_1_14' title="bbox 506 1328 2079 1403">
     <span class='ocr_line' id='line_1_14' title="bbox 506 1328 2079 1403; baseline 0.004 -21"><span class='ocrx_word' id='word_1_91' title='bbox 506 1328 789 1384; x_wconf 87' lang='lat' dir='ltr'><strong>habendus</strong></span> <span class='ocrx_word' id='word_1_92' title='bbox 817 1344 917 1399; x_wconf 90' lang='lat' dir='ltr'><strong>pro</strong></span> <span class='ocrx_word' id='word_1_93' title='bbox 965 1330 1183 1385; x_wconf 90' lang='lat' dir='ltr'><strong>ethnico</strong></span> <span class='ocrx_word' id='word_1_94' title='bbox 1228 1340 1282 1384; x_wconf 90' lang='lat' dir='ltr'><strong>et</strong></span> <span class='ocrx_word' id='word_1_95' title='bbox 1328 1332 1616 1400; x_wconf 83' lang='lat' dir='ltr'><strong>publicano</strong></span> <span class='ocrx_word' id='word_1_96' title='bbox 1639 1333 1915 1403; x_wconf 87' lang='lat' dir='ltr'><strong>judicatus</strong></span> <span class='ocrx_word' id='word_1_97' title='bbox 1948 1344 2032 1390; x_wconf 89' lang='lat' dir='ltr'><strong>est</strong></span> <span class='ocrx_word' id='word_1_98' title='bbox 2065 1353 2079 1389; x_wconf 95' lang='lat'>:</span> 
     </span>
    </p>
   </div>
   <div class='ocr_carea' id='block_1_15' title="bbox 507 1420 2083 1496">
    <p class='ocr_par' dir='ltr' id='par_1_15' title="bbox 507 1420 2083 1496">
     <span class='ocr_line' id='line_1_15' title="bbox 507 1420 2083 1496; baseline 0.004 -24"><span class='ocrx_word' id='word_1_99' title='bbox 507 1420 868 1496; x_wconf 78' lang='lat' dir='ltr'><strong>idcircocum</strong></span> <span class='ocrx_word' id='word_1_100' title='bbox 920 1420 1044 1474; x_wconf 86' lang='lat' dir='ltr'><strong>talis</strong></span> <span class='ocrx_word' id='word_1_101' title='bbox 1079 1420 1348 1489; x_wconf 88' lang='lat' dir='ltr'><strong>quispiam</strong></span> <span class='ocrx_word' id='word_1_102' title='bbox 1380 1436 1411 1475; x_wconf 93' lang='lat' dir='ltr'><strong>a</strong></span> <span class='ocrx_word' id='word_1_103' title='bbox 1457 1422 1653 1490; x_wconf 85' lang='lat' dir='ltr'><strong>quovis</strong></span> <span class='ocrx_word' id='word_1_104' title='bbox 1702 1425 1794 1478; x_wconf 90' lang='lat' dir='ltr'><strong>tali</strong></span> <span class='ocrx_word' id='word_1_105' title='bbox 1831 1425 2083 1495; x_wconf 86' lang='lat' dir='ltr'><strong>alligatus</strong></span> 
     </span>
    </p>
   </div>
   <div class='ocr_carea' id='block_1_16' title="bbox 506 1509 2079 1581">
    <p class='ocr_par' dir='ltr' id='par_1_16' title="bbox 506 1509 2079 1581">
     <span class='ocr_line' id='line_1_16' title="bbox 506 1509 2079 1581; baseline 0.004 -18"><span class='ocrx_word' id='word_1_106' title='bbox 506 1511 670 1563; x_wconf 86' lang='lat' dir='ltr'><strong>fuerit</strong></span> <span class='ocrx_word' id='word_1_107' title='bbox 700 1520 753 1565; x_wconf 90' lang='lat' dir='ltr'><strong>et</strong></span> <span class='ocrx_word' id='word_1_108' title='bbox 780 1509 1194 1576; x_wconf 77' lang='lat' dir='ltr'><strong>Condemuatus,</strong></span> <span class='ocrx_word' id='word_1_109' title='bbox 1227 1511 1425 1581; x_wconf 83' lang='lat' dir='ltr'><strong>ligatus</strong></span> <span class='ocrx_word' id='word_1_110' title='bbox 1468 1522 1687 1581; x_wconf 87' lang='lat' dir='ltr'><strong>manet;</strong></span> <span class='ocrx_word' id='word_1_111' title='bbox 1732 1530 1854 1569; x_wconf 91' lang='lat' dir='ltr'><strong>cum</strong></span> <span class='ocrx_word' id='word_1_112' title='bbox 1889 1529 2079 1569; x_wconf 84' lang='lat' dir='ltr'><strong>eorum</strong></span> 
     </span>
    </p>
   </div>
   <div class='ocr_carea' id='block_1_17' title="bbox 480 1600 2081 1673">
    <p class='ocr_par' dir='ltr' id='par_1_17' title="bbox 480 1600 2081 1673">
     <span class='ocr_line' id='line_1_17' title="bbox 480 1600 2081 1673; baseline 0.004 -20"><span class='ocrx_word' id='word_1_113' title='bbox 480 1601 692 1655; x_wconf 86' lang='lat' dir='ltr'><strong>&#39;nullus</strong></span> <span class='ocrx_word' id='word_1_114' title='bbox 714 1600 808 1668; x_wconf 90' lang='lat' dir='ltr'><strong>qui</strong></span> <span class='ocrx_word' id='word_1_115' title='bbox 838 1601 892 1653; x_wconf 88' lang='lat' dir='ltr'><strong>in</strong></span> <span class='ocrx_word' id='word_1_116' title='bbox 928 1601 1066 1655; x_wconf 62' lang='lat' dir='ltr'><strong>caelo</strong></span> <span class='ocrx_word' id='word_1_117' title='bbox 1096 1610 1253 1663; x_wconf 90' lang='lat' dir='ltr'><strong>sunt,</strong></span> <span class='ocrx_word' id='word_1_118' title='bbox 1283 1602 1548 1670; x_wconf 75' lang='lat' dir='ltr'><strong>judicium</strong></span> <span class='ocrx_word' id='word_1_119' title='bbox 1582 1603 1702 1673; x_wconf 83' lang='lat' dir='ltr'><strong>ejus</strong></span> <span class='ocrx_word' id='word_1_120' title='bbox 1745 1605 2020 1659; x_wconf 85' lang='lat' dir='ltr'><strong>rescindat</strong></span> <span class='ocrx_word' id='word_1_121' title='bbox 2051 1620 2081 1658; x_wconf 89' lang='lat' dir='ltr'><strong>a</strong></span> 
     </span>
    </p>
   </div>
   <div class='ocr_carea' id='block_1_18' title="bbox 506 1689 2080 1766">
    <p class='ocr_par' dir='ltr' id='par_1_18' title="bbox 506 1689 2080 1766">
     <span class='ocr_line' id='line_1_18' title="bbox 506 1689 2080 1766; baseline 0.007 -24"><span class='ocrx_word' id='word_1_122' title='bbox 506 1704 619 1759; x_wconf 89' lang='lat' dir='ltr'><strong>quo</strong></span> <span class='ocrx_word' id='word_1_123' title='bbox 644 1689 895 1759; x_wconf 87' lang='lat' dir='ltr'><strong>alligatus</strong></span> <span class='ocrx_word' id='word_1_124' title='bbox 925 1698 1028 1744; x_wconf 91' lang='lat' dir='ltr'><strong>est.</strong></span> <span class='ocrx_word' id='word_1_125' title='bbox 1060 1689 1324 1745; x_wconf 91' lang='lat' dir='ltr'><strong>Similiter</strong></span> <span class='ocrx_word' id='word_1_126' title='bbox 1350 1701 1403 1746; x_wconf 92' lang='lat' dir='ltr'><strong>et</strong></span> <span class='ocrx_word' id='word_1_127' title='bbox 1436 1694 1529 1763; x_wconf 91' lang='lat' dir='ltr'><strong>qui</strong></span> <span class='ocrx_word' id='word_1_128' title='bbox 1574 1696 1741 1750; x_wconf 84' lang='lat' dir='ltr'><strong>semel</strong></span> <span class='ocrx_word' id='word_1_129' title='bbox 1776 1705 2080 1766; x_wconf 90' lang='lat' dir='ltr'><strong>correptus,</strong></span> 
     </span>
    </p>
   </div>
   <div class='ocr_carea' id='block_1_19' title="bbox 509 1780 2085 1858">
    <p class='ocr_par' dir='ltr' id='par_1_19' title="bbox 509 1780 2085 1858">
     <span class='ocr_line' id='line_1_19' title="bbox 509 1780 2085 1858; baseline 0.006 -25"><span class='ocrx_word' id='word_1_130' title='bbox 509 1780 722 1835; x_wconf 83' lang='lat' dir='ltr'><strong>actibus</strong></span> <span class='ocrx_word' id='word_1_131' title='bbox 753 1780 867 1835; x_wconf 87' lang='lat' dir='ltr'><strong>suis</strong></span> <span class='ocrx_word' id='word_1_132' title='bbox 893 1780 1146 1836; x_wconf 77' lang='lat' dir='ltr'><strong>lucritieri</strong></span> <span class='ocrx_word' id='word_1_133' title='bbox 1181 1784 1404 1839; x_wconf 90' lang='lat' dir='ltr'><strong>meritus</strong></span> <span class='ocrx_word' id='word_1_134' title='bbox 1429 1793 1532 1847; x_wconf 91' lang='lat' dir='ltr'><strong>est,</strong></span> <span class='ocrx_word' id='word_1_135' title='bbox 1563 1786 1778 1843; x_wconf 91' lang='lat' dir='ltr'><strong>solutus</strong></span> <span class='ocrx_word' id='word_1_136' title='bbox 1813 1803 1910 1858; x_wconf 91' lang='lat' dir='ltr'><strong>per</strong></span> <span class='ocrx_word' id='word_1_137' title='bbox 1944 1788 2085 1845; x_wconf 89' lang='lat' dir='ltr'><strong>hanc</strong></span> 
     </span>
    </p>
   </div>
   <div class='ocr_carea' id='block_1_20' title="bbox 511 1871 2085 1950">
    <p class='ocr_par' dir='ltr' id='par_1_20' title="bbox 511 1871 2085 1950">
     <span class='ocr_line' id='line_1_20' title="bbox 511 1871 2085 1950; baseline 0.007 -26"><span class='ocrx_word' id='word_1_138' title='bbox 511 1871 658 1926; x_wconf 87' lang='lat' dir='ltr'><strong>illius</strong></span> <span class='ocrx_word' id='word_1_139' title='bbox 705 1872 1134 1942; x_wconf 84' lang='lat' dir='ltr'><strong>ohjurgationem</strong></span> <span class='ocrx_word' id='word_1_140' title='bbox 1169 1890 1198 1928; x_wconf 92' lang='lat' dir='ltr'><strong>a</strong></span> <span class='ocrx_word' id='word_1_141' title='bbox 1243 1889 1353 1943; x_wconf 89' lang='lat' dir='ltr'><strong>quo</strong></span> <span class='ocrx_word' id='word_1_142' title='bbox 1400 1876 1719 1934; x_wconf 74' lang='lat' dir='ltr'><strong>lucrifactus</strong></span> <span class='ocrx_word' id='word_1_143' title='bbox 1752 1888 1870 1946; x_wconf 85' lang='lat' dir='ltr'><strong>cst,</strong></span> <span class='ocrx_word' id='word_1_144' title='bbox 1910 1896 2085 1950; x_wconf 90' lang='lat' dir='ltr'><strong>neque</strong></span> 
     </span>
    </p>
   </div>
   <div class='ocr_carea' id='block_1_21' title="bbox 2185 779 3761 856">
    <p class='ocr_par' dir='ltr' id='par_1_21' title="bbox 2185 779 3761 856">
     <span class='ocr_line' id='line_1_21' title="bbox 2185 779 3761 856; baseline -0.002 -17"><span class='ocrx_word' id='word_1_145' title='bbox 2185 782 2538 853; x_wconf 81' lang='grc' dir='ltr'>νουθετῆσθαι</span> <span class='ocrx_word' id='word_1_146' title='bbox 2555 781 2797 854; x_wconf 82' lang='grc' dir='ltr'><strong>κριθέντι</strong></span> <span class='ocrx_word' id='word_1_147' title='bbox 2823 779 2963 836; x_wconf 79' lang='grc' dir='ltr'>εἶναι</span> <span class='ocrx_word' id='word_1_148' title='bbox 2979 783 3054 846; x_wconf 86' lang='grc' dir='ltr'><strong>ὡς</strong></span> <span class='ocrx_word' id='word_1_149' title='bbox 3074 784 3103 834; x_wconf 99' lang='lat'><strong>6</strong></span> <span class='ocrx_word' id='word_1_150' title='bbox 3127 781 3336 843; x_wconf 75' lang='grc' dir='ltr'>ἐθνικὸς</span> <span class='ocrx_word' id='word_1_151' title='bbox 3356 781 3449 833; x_wconf 73' lang='grc' dir='ltr'>καὶ</span> <span class='ocrx_word' id='word_1_152' title='bbox 3473 783 3503 833; x_wconf 91' lang='lat'><strong>6</strong></span> <span class='ocrx_word' id='word_1_153' title='bbox 3528 782 3761 856; x_wconf 77' lang='grc' dir='ltr'><strong>τελώνης</strong></span> 
     </span>
    </p>
   </div>
   <div class='ocr_carea' id='block_1_22' title="bbox 2182 872 3758 945">
    <p class='ocr_par' dir='ltr' id='par_1_22' title="bbox 2182 872 3758 945">
     <span class='ocr_line' id='line_1_22' title="bbox 2182 872 3758 945; baseline -0.001 -17"><span class='ocrx_word' id='word_1_154' title='bbox 2182 875 2259 928; x_wconf 84' lang='grc' dir='ltr'><strong>τό·</strong></span> <span class='ocrx_word' id='word_1_155' title='bbox 2301 894 2319 925; x_wconf 81' lang='grc' dir='ltr'><strong>ι</strong></span> <span class='ocrx_word' id='word_1_156' title='bbox 2373 872 2542 944; x_wconf 85' lang='grc' dir='ltr'>Ἀμὴν</span> <span class='ocrx_word' id='word_1_157' title='bbox 2574 873 2718 941; x_wconf 85' lang='grc' dir='ltr'>λέγω</span> <span class='ocrx_word' id='word_1_158' title='bbox 2745 873 2895 943; x_wconf 81' lang='grc' dir='ltr'>ὑμῖν,</span> <span class='ocrx_word' id='word_1_159' title='bbox 2935 892 2954 926; x_wconf 75' lang='grc' dir='ltr'><strong>ι</strong></span> <span class='ocrx_word' id='word_1_160' title='bbox 3001 873 3245 945; x_wconf 84' lang='grc' dir='ltr'>δηλονότι</span> <span class='ocrx_word' id='word_1_161' title='bbox 3270 876 3380 935; x_wconf 88' lang='grc' dir='ltr'>τοῖς</span> <span class='ocrx_word' id='word_1_162' title='bbox 3411 873 3658 943; x_wconf 80' lang='grc' dir='ltr'>κρίνασιν</span> <span class='ocrx_word' id='word_1_163' title='bbox 3690 875 3758 927; x_wconf 76' lang='grc' dir='ltr'><strong>εἷο</strong></span> 
     </span>
    </p>
   </div>
   <div class='ocr_carea' id='block_1_23' title="bbox 2181 963 3758 1036">
    <p class='ocr_par' dir='ltr' id='par_1_23' title="bbox 2181 963 3758 1036">
     <span class='ocr_line' id='line_1_23' title="bbox 2181 963 3758 1036; baseline -0.002 -16"><span class='ocrx_word' id='word_1_164' title='bbox 2181 965 2271 1020; x_wconf 87' lang='grc' dir='ltr'><strong>ναί</strong></span> <span class='ocrx_word' id='word_1_165' title='bbox 2294 982 2414 1019; x_wconf 88' lang='grc' dir='ltr'>τινα</span> <span class='ocrx_word' id='word_1_166' title='bbox 2444 965 2520 1028; x_wconf 85' lang='grc' dir='ltr'><strong>ὡς</strong></span> <span class='ocrx_word' id='word_1_167' title='bbox 2549 966 2577 1017; x_wconf 93' lang='lat'><strong>6</strong></span> <span class='ocrx_word' id='word_1_168' title='bbox 2604 963 2816 1027; x_wconf 77' lang='grc' dir='ltr'>ἐθνικὸς</span> <span class='ocrx_word' id='word_1_169' title='bbox 2848 965 2943 1018; x_wconf 67' lang='grc' dir='ltr'>καὶ</span> <span class='ocrx_word' id='word_1_170' title='bbox 2972 965 3002 1016; x_wconf 92' lang='lat'><strong>6</strong></span> <span class='ocrx_word' id='word_1_171' title='bbox 3024 963 3281 1034; x_wconf 85' lang='grc' dir='ltr'><strong>τελώνης,</strong></span> <span class='ocrx_word' id='word_1_172' title='bbox 3310 963 3407 1017; x_wconf 71' lang='grc' dir='ltr'><strong>καὶ</strong></span> <span class='ocrx_word' id='word_1_173' title='bbox 3442 982 3460 1015; x_wconf 83' lang='grc' dir='ltr'><strong>ι</strong></span> <span class='ocrx_word' id='word_1_174' title='bbox 3494 964 3524 1016; x_wconf 84' lang='grc' dir='ltr'><strong>δ</strong></span> <span class='ocrx_word' id='word_1_175' title='bbox 3550 965 3645 1017; x_wconf 77' lang='grc' dir='ltr'>ἐὰν</span> <span class='ocrx_word' id='word_1_176' title='bbox 3667 966 3758 1036; x_wconf 87' lang='grc' dir='ltr'>δή-</span> 
     </span>
    </p>
   </div>
   <div class='ocr_carea' id='block_1_24' title="bbox 2185 1053 3758 1129">
    <p class='ocr_par' dir='ltr' id='par_1_24' title="bbox 2185 1053 3758 1129">
     <span class='ocr_line' id='line_1_24' title="bbox 2185 1053 3758 1129; baseline -0.001 -18"><span class='ocrx_word' id='word_1_177' title='bbox 2185 1075 2312 1129; x_wconf 86' lang='grc' dir='ltr'>σητε</span> <span class='ocrx_word' id='word_1_178' title='bbox 2339 1057 2433 1110; x_wconf 74' lang='grc' dir='ltr'><strong>ἐπὶ</strong></span> <span class='ocrx_word' id='word_1_179' title='bbox 2455 1057 2555 1127; x_wconf 84' lang='grc' dir='ltr'><strong>τῆς</strong></span> <span class='ocrx_word' id='word_1_180' title='bbox 2585 1056 2709 1127; x_wconf 84' lang='grc' dir='ltr'>γῆς,</span> <span class='ocrx_word' id='word_1_181' title='bbox 2745 1075 2764 1106; x_wconf 75' lang='grc' dir='ltr'><strong>ι</strong></span> <span class='ocrx_word' id='word_1_182' title='bbox 2796 1055 2891 1109; x_wconf 73' lang='grc' dir='ltr'>καὶ</span> <span class='ocrx_word' id='word_1_183' title='bbox 2918 1055 2989 1108; x_wconf 82' lang='grc' dir='ltr'>τὰ</span> <span class='ocrx_word' id='word_1_184' title='bbox 3017 1054 3162 1124; x_wconf 79' lang='grc' dir='ltr'>ἑξῆς·</span> <span class='ocrx_word' id='word_1_185' title='bbox 3194 1053 3416 1116; x_wconf 80' lang='grc' dir='ltr'>δικαίως</span> <span class='ocrx_word' id='word_1_186' title='bbox 3439 1055 3549 1126; x_wconf 80' lang='grc' dir='ltr'>γὰρ</span> <span class='ocrx_word' id='word_1_187' title='bbox 3578 1055 3758 1127; x_wconf 77' lang='grc' dir='ltr'>ἔδησεν</span> 
     </span>
    </p>
   </div>
   <div class='ocr_carea' id='block_1_25' title="bbox 2180 1144 3755 1220">
    <p class='ocr_par' dir='ltr' id='par_1_25' title="bbox 2180 1144 3755 1220">
     <span class='ocr_line' id='line_1_25' title="bbox 2180 1144 3755 1220; baseline -0.002 -18"><span class='ocrx_word' id='word_1_188' title='bbox 2180 1149 2210 1202; x_wconf 91' lang='lat'><strong>6</strong></span> <span class='ocrx_word' id='word_1_189' title='bbox 2234 1149 2354 1220; x_wconf 78' lang='grc' dir='ltr'>τρὶς</span> <span class='ocrx_word' id='word_1_190' title='bbox 2382 1147 2710 1216; x_wconf 80' lang='grc' dir='ltr'>νουθετήσας</span> <span class='ocrx_word' id='word_1_191' title='bbox 2759 1145 2870 1216; x_wconf 86' lang='grc'>(86)</span> <span class='ocrx_word' id='word_1_192' title='bbox 2916 1146 3009 1198; x_wconf 78' lang='grc' dir='ltr'><strong>καὶ</strong></span> <span class='ocrx_word' id='word_1_193' title='bbox 3058 1144 3132 1216; x_wconf 87' lang='grc' dir='ltr'>μὴ</span> <span class='ocrx_word' id='word_1_194' title='bbox 3176 1144 3463 1209; x_wconf 79' lang='grc' dir='ltr'>ἀκουσθεὶς</span> <span class='ocrx_word' id='word_1_195' title='bbox 3512 1146 3603 1199; x_wconf 82' lang='grc' dir='ltr'><strong>τὸν</strong></span> <span class='ocrx_word' id='word_1_196' title='bbox 3641 1164 3755 1218; x_wconf 85' lang='grc' dir='ltr'>κρι-</span> 
     </span>
    </p>
   </div>
   <div class='ocr_carea' id='block_1_26' title="bbox 2183 1233 3756 1311">
    <p class='ocr_par' dir='ltr' id='par_1_26' title="bbox 2183 1233 3756 1311">
     <span class='ocr_line' id='line_1_26' title="bbox 2183 1233 3756 1311; baseline -0.001 -20"><span class='ocrx_word' id='word_1_197' title='bbox 2183 1238 2344 1293; x_wconf 86' lang='grc' dir='ltr'>θέντα</span> <span class='ocrx_word' id='word_1_198' title='bbox 2372 1235 2509 1291; x_wconf 82' lang='grc' dir='ltr'>εἶναι</span> <span class='ocrx_word' id='word_1_199' title='bbox 2541 1237 2615 1300; x_wconf 84' lang='grc' dir='ltr'><strong>ὡς</strong></span> <span class='ocrx_word' id='word_1_200' title='bbox 2646 1236 2859 1290; x_wconf 85' lang='grc' dir='ltr'>ἐθνικὸν</span> <span class='ocrx_word' id='word_1_201' title='bbox 2891 1236 2987 1289; x_wconf 80' lang='grc' dir='ltr'>καὶ</span> <span class='ocrx_word' id='word_1_202' title='bbox 3011 1233 3501 1311; x_wconf 42' lang='grc' dir='ltr'>τελώνηνηΔιόπερ</span> <span class='ocrx_word' id='word_1_203' title='bbox 3522 1237 3552 1287; x_wconf 92' lang='lat'><strong>6</strong></span> <span class='ocrx_word' id='word_1_204' title='bbox 3588 1236 3756 1289; x_wconf 76' lang='grc' dir='ltr'>τοιοῦ-</span> 
     </span>
    </p>
   </div>
   <div class='ocr_carea' id='block_1_27' title="bbox 2179 1329 3756 1402">
    <p class='ocr_par' dir='ltr' id='par_1_27' title="bbox 2179 1329 3756 1402">
     <span class='ocr_line' id='line_1_27' title="bbox 2179 1329 3756 1402; baseline -0.003 -16"><span class='ocrx_word' id='word_1_205' title='bbox 2179 1350 2290 1399; x_wconf 86' lang='grc' dir='ltr'>τος,</span> <span class='ocrx_word' id='word_1_206' title='bbox 2318 1331 2597 1402; x_wconf 81' lang='grc' dir='ltr'><strong>δεδεμένος</strong></span> <span class='ocrx_word' id='word_1_207' title='bbox 2624 1333 2719 1385; x_wconf 83' lang='grc' dir='ltr'><strong>καὶ</strong></span> <span class='ocrx_word' id='word_1_208' title='bbox 2752 1330 3138 1401; x_wconf 86' lang='grc' dir='ltr'>δεδικασμένος</span> <span class='ocrx_word' id='word_1_209' title='bbox 3168 1330 3276 1383; x_wconf 77' lang='grc' dir='ltr'><strong>ὑπὸ</strong></span> <span class='ocrx_word' id='word_1_210' title='bbox 3301 1329 3394 1383; x_wconf 80' lang='grc' dir='ltr'><strong>τοῦ</strong></span> <span class='ocrx_word' id='word_1_211' title='bbox 3423 1330 3623 1383; x_wconf 80' lang='grc' dir='ltr'>τοιουδὶ</span> <span class='ocrx_word' id='word_1_212' title='bbox 3667 1331 3756 1401; x_wconf 66' lang='grc' dir='ltr'>μέ-</span> 
     </span>
    </p>
   </div>
   <div class='ocr_carea' id='block_1_28' title="bbox 2182 1418 3756 1491">
    <p class='ocr_par' dir='ltr' id='par_1_28' title="bbox 2182 1418 3756 1491">
     <span class='ocr_line' id='line_1_28' title="bbox 2182 1418 3756 1491; baseline -0.003 -15"><span class='ocrx_word' id='word_1_213' title='bbox 2182 1438 2263 1476; x_wconf 90' lang='grc' dir='ltr'>νει</span> <span class='ocrx_word' id='word_1_214' title='bbox 2314 1420 2616 1490; x_wconf 80' lang='grc' dir='ltr'>δεδεμένος,</span> <span class='ocrx_word' id='word_1_215' title='bbox 2659 1418 2877 1483; x_wconf 79' lang='grc' dir='ltr'>οὐδενὸς</span> <span class='ocrx_word' id='word_1_216' title='bbox 2932 1419 3041 1472; x_wconf 82' lang='grc' dir='ltr'><strong>τῶν</strong></span> <span class='ocrx_word' id='word_1_217' title='bbox 3087 1421 3145 1472; x_wconf 79' lang='grc' dir='ltr'>ὲν</span> <span class='ocrx_word' id='word_1_218' title='bbox 3187 1419 3402 1491; x_wconf 81' lang='grc' dir='ltr'>οὐρανῷ</span> <span class='ocrx_word' id='word_1_219' title='bbox 3444 1418 3756 1482; x_wconf 80' lang='grc' dir='ltr'>ἁναλύοντος</span> 
     </span>
    </p>
   </div>
   <div class='ocr_carea' id='block_1_29' title="bbox 2180 1508 3759 1582">
    <p class='ocr_par' dir='ltr' id='par_1_29' title="bbox 2180 1508 3759 1582">
     <span class='ocr_line' id='line_1_29' title="bbox 2180 1508 3759 1582; baseline -0.003 -15"><span class='ocrx_word' id='word_1_220' title='bbox 2180 1511 2276 1567; x_wconf 78' lang='grc' dir='ltr'>τοῦ</span> <span class='ocrx_word' id='word_1_221' title='bbox 2315 1512 2599 1582; x_wconf 87' lang='grc' dir='ltr'>δεδηκότος</span> <span class='ocrx_word' id='word_1_222' title='bbox 2641 1510 2753 1582; x_wconf 88' lang='grc'><strong>(87)</strong></span> <span class='ocrx_word' id='word_1_223' title='bbox 2805 1510 2966 1564; x_wconf 84' lang='grc' dir='ltr'>αὑτὸν</span> <span class='ocrx_word' id='word_1_224' title='bbox 3002 1510 3102 1582; x_wconf 86' lang='grc' dir='ltr'>τὴν</span> <span class='ocrx_word' id='word_1_225' title='bbox 3147 1510 3345 1581; x_wconf 74' lang='grc' dir='ltr'>ψῆφον.</span> <span class='ocrx_word' id='word_1_226' title='bbox 3392 1508 3552 1564; x_wconf 76' lang='grc' dir='ltr'>Οὕτω</span> <span class='ocrx_word' id='word_1_227' title='bbox 3587 1509 3646 1562; x_wconf 81' lang='grc' dir='ltr'>δὲ</span> <span class='ocrx_word' id='word_1_228' title='bbox 3675 1510 3759 1563; x_wconf 77' lang='grc' dir='ltr'>καὶ</span> 
     </span>
    </p>
   </div>
   <div class='ocr_carea' id='block_1_30' title="bbox 2180 1600 3757 1674">
    <p class='ocr_par' dir='ltr' id='par_1_30' title="bbox 2180 1600 3757 1674">
     <span class='ocr_line' id='line_1_30' title="bbox 2180 1600 3757 1674; baseline -0.003 -16"><span class='ocrx_word' id='word_1_229' title='bbox 2180 1607 2208 1658; x_wconf 89' lang='lat'><strong>6</strong></span> <span class='ocrx_word' id='word_1_230' title='bbox 2254 1602 2403 1668; x_wconf 75' lang='grc' dir='ltr'>ἅπαξ</span> <span class='ocrx_word' id='word_1_231' title='bbox 2455 1603 2799 1674; x_wconf 76' lang='grc' dir='ltr'>νουθετηθεὶς</span> <span class='ocrx_word' id='word_1_232' title='bbox 2853 1602 2978 1666; x_wconf 82' lang='grc' dir='ltr'>ἄξια</span> <span class='ocrx_word' id='word_1_233' title='bbox 3017 1603 3247 1673; x_wconf 85' lang='grc' dir='ltr'>ποιήσας</span> <span class='ocrx_word' id='word_1_234' title='bbox 3276 1600 3371 1653; x_wconf 81' lang='grc' dir='ltr'>τοῦ</span> <span class='ocrx_word' id='word_1_235' title='bbox 3396 1601 3757 1674; x_wconf 53' lang='grc' dir='ltr'>,κερδηθῖψαμ</span> 
     </span>
    </p>
   </div>
   <div class='ocr_carea' id='block_1_31' title="bbox 2181 1692 3760 1765">
    <p class='ocr_par' dir='ltr' id='par_1_31' title="bbox 2181 1692 3760 1765">
     <span class='ocr_line' id='line_1_31' title="bbox 2181 1692 3760 1765; baseline -0.004 -16"><span class='ocrx_word' id='word_1_236' title='bbox 2181 1695 2360 1759; x_wconf 78' lang='grc' dir='ltr'>λυθεὶς</span> <span class='ocrx_word' id='word_1_237' title='bbox 2383 1695 2471 1749; x_wconf 78' lang='grc' dir='ltr'>διὰ</span> <span class='ocrx_word' id='word_1_238' title='bbox 2498 1695 2599 1765; x_wconf 83' lang='grc' dir='ltr'><strong>τῆς</strong></span> <span class='ocrx_word' id='word_1_239' title='bbox 2625 1694 2906 1758; x_wconf 81' lang='grc' dir='ltr'>νουθεσίας</span> <span class='ocrx_word' id='word_1_240' title='bbox 2932 1694 3294 1765; x_wconf 84' lang='grc' dir='ltr'>κερδήσαντος</span> <span class='ocrx_word' id='word_1_241' title='bbox 3325 1692 3505 1757; x_wconf 77' lang='grc' dir='ltr'>αὐτὸν,</span> <span class='ocrx_word' id='word_1_242' title='bbox 3535 1692 3632 1745; x_wconf 78' lang='grc' dir='ltr'>καὶ</span> <span class='ocrx_word' id='word_1_243' title='bbox 3660 1710 3760 1763; x_wconf 81' lang='grc' dir='ltr'>μη-</span> 
     </span>
    </p>
   </div>
   <div class='ocr_carea' id='block_1_32' title="bbox 2183 1777 3761 1859">
    <p class='ocr_par' dir='ltr' id='par_1_32' title="bbox 2183 1777 3761 1859">
     <span class='ocr_line' id='line_1_32' title="bbox 2183 1777 3761 1859; baseline -0.003 -18"><span class='ocrx_word' id='word_1_244' title='bbox 2183 1788 2298 1841; x_wconf 88' lang='grc' dir='ltr'>κέτι</span> <span class='ocrx_word' id='word_1_245' title='bbox 2339 1790 2548 1859; x_wconf 86' lang='grc' dir='ltr'>σειραῖς</span> <span class='ocrx_word' id='word_1_246' title='bbox 2582 1786 2690 1841; x_wconf 84' lang='grc' dir='ltr'>τῶν</span> <span class='ocrx_word' id='word_1_247' title='bbox 2724 1785 3006 1858; x_wconf 82' lang='grc' dir='ltr'>ἁμαρτιῶν</span> <span class='ocrx_word' id='word_1_248' title='bbox 3054 1783 3247 1839; x_wconf 79' lang='grc' dir='ltr'>ἑαυτοῦ</span> <span class='ocrx_word' id='word_1_249' title='bbox 3281 1784 3410 1856; x_wconf 77' lang='grc' dir='ltr'>περὶ</span> <span class='ocrx_word' id='word_1_250' title='bbox 3439 1777 3515 1838; x_wconf 82' lang='grc' dir='ltr'>ὧν</span> <span class='ocrx_word' id='word_1_251' title='bbox 3556 1784 3761 1838; x_wconf 79' lang='grc' dir='ltr'>ἐνουθε-</span> 
     </span>
    </p>
   </div>
   <div class='ocr_carea' id='block_1_33' title="bbox 2182 1877 3763 1952">
    <p class='ocr_par' dir='ltr' id='par_1_33' title="bbox 2182 1877 3763 1952">
     <span class='ocr_line' id='line_1_33' title="bbox 2182 1877 3763 1952; baseline -0.002 -18"><span class='ocrx_word' id='word_1_252' title='bbox 2182 1880 2320 1952; x_wconf 83' lang='grc' dir='ltr'><strong>τήθη</strong></span> <span class='ocrx_word' id='word_1_253' title='bbox 2359 1880 2663 1951; x_wconf 82' lang='grc' dir='ltr'>δεδεμένος,</span> <span class='ocrx_word' id='word_1_254' title='bbox 2708 1878 2997 1949; x_wconf 81' lang='grc' dir='ltr'>λελυμένος</span> <span class='ocrx_word' id='word_1_255' title='bbox 3038 1877 3357 1949; x_wconf 85' lang='grc' dir='ltr'>κριθήσεται</span> <span class='ocrx_word' id='word_1_256' title='bbox 3404 1877 3509 1930; x_wconf 78' lang='grc' dir='ltr'><strong>ὑπὺ</strong></span> <span class='ocrx_word' id='word_1_257' title='bbox 3553 1877 3663 1931; x_wconf 84' lang='grc' dir='ltr'><strong>τῶν</strong></span> <span class='ocrx_word' id='word_1_258' title='bbox 3707 1879 3763 1931; x_wconf 82' lang='grc' dir='ltr'>ὲν</span> 
     </span>
    </p>
   </div>
   <div class='ocr_carea' id='block_1_34' title="bbox 511 1964 2079 2043">
    <p class='ocr_par' dir='ltr' id='par_1_34' title="bbox 511 1964 2079 2043">
     <span class='ocr_line' id='line_1_34' title="bbox 511 1964 2079 2043; baseline 0.008 -26"><span class='ocrx_word' id='word_1_259' title='bbox 511 1964 748 2033; x_wconf 80' lang='lat' dir='ltr'><strong>amplius</strong></span> <span class='ocrx_word' id='word_1_260' title='bbox 798 1965 1126 2019; x_wconf 88' lang='lat' dir='ltr'><strong>constrictus</strong></span> <span class='ocrx_word' id='word_1_261' title='bbox 1176 1968 1409 2023; x_wconf 83' lang='lat' dir='ltr'><strong>vinculis</strong></span> <span class='ocrx_word' id='word_1_262' title='bbox 1457 1980 1806 2039; x_wconf 89' lang='lat' dir='ltr'><strong>peccatorum</strong></span> <span class='ocrx_word' id='word_1_263' title='bbox 1855 1990 2079 2043; x_wconf 84' lang='lat' dir='ltr'><strong>suorum</strong></span> 
     </span>
    </p>
   </div>
   <div class='ocr_carea' id='block_1_35' title="bbox 2181 1964 3763 2043">
    <p class='ocr_par' dir='ltr' id='par_1_35' title="bbox 2183 1967 3763 2043">
     <span class='ocr_line' id='line_1_35' title="bbox 2183 1967 3763 2043; baseline -0.003 -19"><span class='ocrx_word' id='word_1_264' title='bbox 2183 1971 2453 2043; x_wconf 76' lang='grc' dir='ltr'>οὐρανοῖς·</span> <span class='ocrx_word' id='word_1_265' title='bbox 2497 1970 2634 2041; x_wconf 84' lang='grc' dir='ltr'>πλὴν</span> <span class='ocrx_word' id='word_1_266' title='bbox 2672 1970 2740 2023; x_wconf 85' lang='grc' dir='ltr'>τὰ</span> <span class='ocrx_word' id='word_1_267' title='bbox 2774 1971 2831 2023; x_wconf 78' lang='grc' dir='ltr'><strong>έν</strong></span> <span class='ocrx_word' id='word_1_268' title='bbox 2860 1971 2972 2032; x_wconf 87' lang='grc' dir='ltr'>τοῖς</span> <span class='ocrx_word' id='word_1_269' title='bbox 3008 1968 3265 2040; x_wconf 85' lang='grc' dir='ltr'>ἀνωτέρω</span> <span class='ocrx_word' id='word_1_270' title='bbox 3302 1968 3446 2039; x_wconf 85' lang='grc' dir='ltr'>μόνῳ</span> <span class='ocrx_word' id='word_1_271' title='bbox 3469 1967 3548 2038; x_wconf 82' lang='grc' dir='ltr'>τῷ</span> <span class='ocrx_word' id='word_1_272' title='bbox 3575 1968 3763 2038; x_wconf 79' lang='grc' dir='ltr'>Πέτρῳ</span> 
     </span>
    </p>
   </div>
   <div class='ocr_carea' id='block_1_36' title="bbox 509 2034 2079 2134">
    <p class='ocr_par' dir='ltr' id='par_1_36' title="bbox 509 2034 2079 2134">
     <span class='ocr_line' id='line_1_36' title="bbox 509 2034 2079 2134; baseline 0.011 -30"><span class='ocrx_word' id='word_1_273' title='bbox 509 2061 737 2122; x_wconf 81' lang='lat' dir='ltr'><strong>propter</strong></span> <span class='ocrx_word' id='word_1_274' title='bbox 771 2068 893 2122; x_wconf 70' lang='lat' dir='ltr'><strong>qua:</strong></span> <span class='ocrx_word' id='word_1_275' title='bbox 923 2053 1265 2111; x_wconf 80' lang='lat' dir='ltr'><strong>insimulatus</strong></span> <span class='ocrx_word' id='word_1_276' title='bbox 1285 2057 1405 2121; x_wconf 87' lang='lat' dir='ltr'><strong>fuit,</strong></span> <span class='ocrx_word' id='word_1_277' title='bbox 1424 2034 1476 2114; x_wconf 74' lang='lat' dir='ltr'><strong>is</strong></span> <span class='ocrx_word' id='word_1_278' title='bbox 1495 2069 1550 2114; x_wconf 92' lang='lat' dir='ltr'><strong>et</strong></span> <span class='ocrx_word' id='word_1_279' title='bbox 1573 2062 1641 2116; x_wconf 89' lang='lat' dir='ltr'><strong>ab</strong></span> <span class='ocrx_word' id='word_1_280' title='bbox 1670 2062 1738 2117; x_wconf 93' lang='lat' dir='ltr'><strong>iis</strong></span> <span class='ocrx_word' id='word_1_281' title='bbox 1763 2064 1857 2134; x_wconf 92' lang='lat' dir='ltr'><strong>qui</strong></span> <span class='ocrx_word' id='word_1_282' title='bbox 1885 2034 1949 2118; x_wconf 50' lang='lat' dir='ltr'><strong>in‘</strong></span> <span class='ocrx_word' id='word_1_283' title='bbox 1971 2081 2079 2121; x_wconf 74' lang='lat' dir='ltr'><strong>cce-</strong></span> 
     </span>
    </p>
   </div>
   <div class='ocr_carea' id='block_1_37' title="bbox 2181 2034 3760 2134">
    <p class='ocr_par' dir='ltr' id='par_1_37' title="bbox 2182 2034 3760 2134">
     <span class='ocr_line' id='line_1_37' title="bbox 2182 2034 3760 2134; baseline -0.003 -18"><span class='ocrx_word' id='word_1_284' title='bbox 2182 2034 2439 2133; x_wconf 79' lang='grc' dir='ltr'>δεδομένα</span> <span class='ocrx_word' id='word_1_285' title='bbox 2496 2034 2637 2116; x_wconf 75' lang='grc' dir='ltr'>ἔοικε</span> <span class='ocrx_word' id='word_1_286' title='bbox 2684 2062 2976 2134; x_wconf 74' lang='grc' dir='ltr'>δηλοῦσθαι</span> <span class='ocrx_word' id='word_1_287' title='bbox 3013 2034 3314 2115; x_wconf 33' lang='grc' dir='ltr'>δεδωκέναι.</span> <span class='ocrx_word' id='word_1_288' title='bbox 3352 2034 3488 2113; x_wconf 59' lang='grc' dir='ltr'>πάσι</span> <span class='ocrx_word' id='word_1_289' title='bbox 3518 2034 3639 2124; x_wconf 37' lang='grc' dir='ltr'>’τοῖς</span> <span class='ocrx_word' id='word_1_290' title='bbox 3670 2034 3760 2124; x_wconf 73' lang='grc' dir='ltr'><strong>τὰς</strong></span> 
     </span>
    </p>
   </div>
   <div class='ocr_carea' id='block_1_38' title="bbox 508 2143 2079 2227">
    <p class='ocr_par' dir='ltr' id='par_1_38' title="bbox 508 2143 2079 2224">
     <span class='ocr_line' id='line_1_38' title="bbox 508 2143 2079 2224; baseline 0.01 -28"><span class='ocrx_word' id='word_1_291' title='bbox 508 2143 576 2196; x_wconf 90' lang='lat' dir='ltr'><strong>lis</strong></span> <span class='ocrx_word' id='word_1_292' title='bbox 601 2152 749 2210; x_wconf 88' lang='lat' dir='ltr'><strong>sunt,</strong></span> <span class='ocrx_word' id='word_1_293' title='bbox 796 2145 1008 2201; x_wconf 86' lang='lat' dir='ltr'><strong>solutus</strong></span> <span class='ocrx_word' id='word_1_294' title='bbox 1031 2147 1384 2215; x_wconf 78' lang='lat' dir='ltr'><strong>judic&#39;abitur.</strong></span> <span class='ocrx_word' id='word_1_295' title='bbox 1414 2149 1613 2207; x_wconf 85' lang='lat' dir='ltr'><strong>Verum</strong></span> <span class='ocrx_word' id='word_1_296' title='bbox 1645 2169 1766 2224; x_wconf 63' lang='lat' dir='ltr'><strong>qua).</strong></span> <span class='ocrx_word' id='word_1_297' title='bbox 1796 2156 1888 2210; x_wconf 89' lang='lat' dir='ltr'><strong>uni</strong></span> <span class='ocrx_word' id='word_1_298' title='bbox 1921 2156 2079 2212; x_wconf 87' lang='lat' dir='ltr'><strong>Petro</strong></span> 
     </span>
    </p>
   </div>
   <div class='ocr_carea' id='block_1_39' title="bbox 2181 2143 3761 2227">
    <p class='ocr_par' dir='ltr' id='par_1_39' title="bbox 2182 2153 3761 2227">
     <span class='ocr_line' id='line_1_39' title="bbox 2182 2153 3761 2227; baseline -0.002 -19"><span class='ocrx_word' id='word_1_299' title='bbox 2182 2159 2327 2227; x_wconf 85' lang='grc' dir='ltr'>τρεῖς</span> <span class='ocrx_word' id='word_1_300' title='bbox 2353 2155 2630 2218; x_wconf 81' lang='grc' dir='ltr'>νουθεσίας</span> <span class='ocrx_word' id='word_1_301' title='bbox 2652 2153 3061 2226; x_wconf 83' lang='grc' dir='ltr'>προσαγαγοῦσι</span> <span class='ocrx_word' id='word_1_302' title='bbox 3082 2156 3215 2207; x_wconf 78' lang='grc' dir='ltr'>πᾶσι</span> <span class='ocrx_word' id='word_1_303' title='bbox 3232 2156 3341 2217; x_wconf 89' lang='grc' dir='ltr'>τοῖς</span> <span class='ocrx_word' id='word_1_304' title='bbox 3368 2153 3761 2224; x_wconf 77' lang='grc' dir='ltr'>ἡμαρτηκόσιν,</span> 
     </span>
    </p>
   </div>
   <div class='ocr_carea' id='block_1_40' title="bbox 506 2236 2081 2314">
    <p class='ocr_par' dir='ltr' id='par_1_40' title="bbox 506 2236 2081 2314">
     <span class='ocr_line' id='line_1_40' title="bbox 506 2236 2081 2314; baseline 0.009 -29"><span class='ocrx_word' id='word_1_305' title='bbox 506 2245 670 2300; x_wconf 87' lang='lat' dir='ltr'><strong>supra</strong></span> <span class='ocrx_word' id='word_1_306' title='bbox 695 2248 955 2289; x_wconf 75' lang='lat' dir='ltr'><strong>concessa</strong></span> <span class='ocrx_word' id='word_1_307' title='bbox 985 2245 1133 2302; x_wconf 84' lang='lat' dir='ltr'><strong>sunt,</strong></span> <span class='ocrx_word' id='word_1_308' title='bbox 1176 2236 1266 2292; x_wconf 92' lang='lat' dir='ltr'><strong>hic</strong></span> <span class='ocrx_word' id='word_1_309' title='bbox 1299 2241 1558 2296; x_wconf 91' lang='lat' dir='ltr'><strong>omnibus</strong></span> <span class='ocrx_word' id='word_1_310' title='bbox 1607 2258 1825 2314; x_wconf 91' lang='lat' dir='ltr'><strong>quoque</strong></span> <span class='ocrx_word' id='word_1_311' title='bbox 1868 2245 2081 2301; x_wconf 90' lang='lat' dir='ltr'><strong>videtur</strong></span> 
     </span>
    </p>
   </div>
   <div class='ocr_carea' id='block_1_41' title="bbox 504 2323 2079 2409">
    <p class='ocr_par' dir='ltr' id='par_1_41' title="bbox 504 2323 2079 2409">
     <span class='ocr_line' id='line_1_41' title="bbox 504 2323 2079 2409; baseline 0.012 -33"><span class='ocrx_word' id='word_1_312' title='bbox 504 2323 781 2391; x_wconf 86' lang='lat' dir='ltr'><strong>tribuisse,</strong></span> <span class='ocrx_word' id='word_1_313' title='bbox 810 2328 904 2397; x_wconf 91' lang='lat' dir='ltr'><strong>qui</strong></span> <span class='ocrx_word' id='word_1_314' title='bbox 931 2338 1239 2397; x_wconf 92' lang='lat' dir='ltr'><strong>peccatores</strong></span> <span class='ocrx_word' id='word_1_315' title='bbox 1266 2336 1541 2403; x_wconf 87' lang='lat' dir='ltr'><strong>quoslibet</strong></span> <span class='ocrx_word' id='word_1_316' title='bbox 1578 2345 1659 2392; x_wconf 81' lang='lat' dir='ltr'><strong>ter</strong></span> <span class='ocrx_word' id='word_1_317' title='bbox 1684 2342 2079 2409; x_wconf 90' lang='lat' dir='ltr'><strong>corripuerint,</strong></span> 
     </span>
    </p>
   </div>
   <div class='ocr_carea' id='block_1_42' title="bbox 505 2419 2078 2501">
    <p class='ocr_par' dir='ltr' id='par_1_42' title="bbox 505 2419 2078 2501">
     <span class='ocr_line' id='line_1_42' title="bbox 505 2419 2078 2501; baseline 0.013 -29"><span class='ocrx_word' id='word_1_318' title='bbox 505 2427 564 2473; x_wconf 91' lang='lat' dir='ltr'><strong>ut</strong></span> <span class='ocrx_word' id='word_1_319' title='bbox 592 2419 635 2473; x_wconf 93' lang='lat' dir='ltr'><strong>si</strong></span> <span class='ocrx_word' id='word_1_320' title='bbox 662 2436 781 2476; x_wconf 91' lang='lat' dir='ltr'><strong>mos</strong></span> <span class='ocrx_word' id='word_1_321' title='bbox 810 2422 879 2477; x_wconf 86' lang='lat' dir='ltr'><strong>iis</strong></span> <span class='ocrx_word' id='word_1_322' title='bbox 903 2434 1089 2494; x_wconf 87' lang='lat' dir='ltr'><strong>gestus</strong></span> <span class='ocrx_word' id='word_1_323' title='bbox 1122 2442 1232 2481; x_wconf 89' lang='lat' dir='ltr'><strong>non</strong></span> <span class='ocrx_word' id='word_1_324' title='bbox 1266 2427 1447 2497; x_wconf 88' lang='lat' dir='ltr'><strong>fuerit,</strong></span> <span class='ocrx_word' id='word_1_325' title='bbox 1493 2447 1658 2501; x_wconf 91' lang='lat' dir='ltr'><strong>supra</strong></span> <span class='ocrx_word' id='word_1_326' title='bbox 1711 2443 1910 2490; x_wconf 88' lang='lat' dir='ltr'><strong>terram</strong></span> <span class='ocrx_word' id='word_1_327' title='bbox 1955 2452 2078 2491; x_wconf 91' lang='lat' dir='ltr'><strong>eum</strong></span> 
     </span>
    </p>
   </div>
   <div class='ocr_carea' id='block_1_43' title="bbox 438 2509 2081 2597">
    <p class='ocr_par' dir='ltr' id='par_1_43' title="bbox 438 2509 2081 2597">
     <span class='ocr_line' id='line_1_43' title="bbox 438 2509 2081 2597; baseline 0.013 -35"><span class='ocrx_word' id='word_1_328' title='bbox 438 2540 447 2543; x_wconf 91' lang='lat'><strong><em>-</em></strong></span> <span class='ocrx_word' id='word_1_329' title='bbox 503 2509 744 2582; x_wconf 80' lang='lat' dir='ltr'><strong>alligent,</strong></span> <span class='ocrx_word' id='word_1_330' title='bbox 772 2515 865 2583; x_wconf 91' lang='lat' dir='ltr'><strong>qui</strong></span> <span class='ocrx_word' id='word_1_331' title='bbox 902 2525 960 2570; x_wconf 93' lang='lat' dir='ltr'><strong>ut</strong></span> <span class='ocrx_word' id='word_1_332' title='bbox 993 2532 1092 2586; x_wconf 93' lang='lat' dir='ltr'><strong>pro</strong></span> <span class='ocrx_word' id='word_1_333' title='bbox 1115 2520 1332 2574; x_wconf 79' lang='lat' dir='ltr'><strong>ethnico</strong></span> <span class='ocrx_word' id='word_1_334' title='bbox 1354 2529 1409 2576; x_wconf 91' lang='lat' dir='ltr'><strong>et</strong></span> <span class='ocrx_word' id='word_1_335' title='bbox 1435 2523 1729 2591; x_wconf 89' lang='lat' dir='ltr'><strong>publicano</strong></span> <span class='ocrx_word' id='word_1_336' title='bbox 1754 2526 1951 2597; x_wconf 90' lang='lat' dir='ltr'><strong>dignus</strong></span> <span class='ocrx_word' id='word_1_337' title='bbox 1982 2527 2081 2582; x_wconf 85' lang='lat' dir='ltr'><strong>ha-</strong></span> 
     </span>
    </p>
   </div>
   <div class='ocr_carea' id='block_1_44' title="bbox 504 2602 2081 2689">
    <p class='ocr_par' dir='ltr' id='par_1_44' title="bbox 504 2602 2081 2689">
     <span class='ocr_line' id='line_1_44' title="bbox 504 2602 2081 2689; baseline 0.013 -34"><span class='ocrx_word' id='word_1_338' title='bbox 504 2602 724 2657; x_wconf 89' lang='lat' dir='ltr'><strong>beretur</strong></span> <span class='ocrx_word' id='word_1_339' title='bbox 748 2604 1027 2673; x_wconf 85' lang='lat' dir='ltr'><strong>judicatus</strong></span> <span class='ocrx_word' id='word_1_340' title='bbox 1055 2619 1157 2674; x_wconf 89' lang='lat' dir='ltr'><strong>est,</strong></span> <span class='ocrx_word' id='word_1_341' title='bbox 1194 2622 1402 2667; x_wconf 81' lang='lat' dir='ltr'><strong>cum&#39;ct</strong></span> <span class='ocrx_word' id='word_1_342' title='bbox 1436 2614 1488 2667; x_wconf 93' lang='lat' dir='ltr'><strong>in</strong></span> <span class='ocrx_word' id='word_1_343' title='bbox 1521 2616 1660 2671; x_wconf 86' lang='lat' dir='ltr'><strong>coelo</strong></span> <span class='ocrx_word' id='word_1_344' title='bbox 1694 2618 1947 2689; x_wconf 88' lang='lat' dir='ltr'><strong>alligatus</strong></span> <span class='ocrx_word' id='word_1_345' title='bbox 1993 2620 2081 2675; x_wconf 90' lang='lat' dir='ltr'><strong>ille</strong></span> 
     </span>
    </p>
   </div>
   <div class='ocr_carea' id='block_1_45' title="bbox 502 2691 2082 2778">
    <p class='ocr_par' dir='ltr' id='par_1_45' title="bbox 502 2691 2082 2778">
     <span class='ocr_line' id='line_1_45' title="bbox 502 2691 2082 2778; baseline 0.014 -33"><span class='ocrx_word' id='word_1_346' title='bbox 502 2691 592 2746; x_wconf 86' lang='lat' dir='ltr'><strong>sit.</strong></span> <span class='ocrx_word' id='word_1_347' title='bbox 632 2692 701 2747; x_wconf 87' lang='lat' dir='ltr'><strong>At</strong></span> <span class='ocrx_word' id='word_1_348' title='bbox 724 2698 983 2764; x_wconf 89' lang='lat' dir='ltr'><strong>quoniam</strong></span> <span class='ocrx_word' id='word_1_349' title='bbox 1012 2715 1120 2768; x_wconf 71' lang='lat' dir='ltr'><strong>prae</strong></span> <span class='ocrx_word' id='word_1_350' title='bbox 1151 2701 1216 2756; x_wconf 77' lang='lat' dir='ltr'><strong>iis</strong></span> <span class='ocrx_word' id='word_1_351' title='bbox 1244 2703 1336 2770; x_wconf 91' lang='lat' dir='ltr'><strong>qui</strong></span> <span class='ocrx_word' id='word_1_352' title='bbox 1360 2711 1439 2758; x_wconf 89' lang='lat' dir='ltr'><strong>ter</strong></span> <span class='ocrx_word' id='word_1_353' title='bbox 1466 2718 1783 2777; x_wconf 81' lang='lat' dir='ltr'><strong>arguerunt,</strong></span> <span class='ocrx_word' id='word_1_354' title='bbox 1812 2711 2082 2778; x_wconf 84' lang='lat' dir='ltr'><strong>peculiare</strong></span> 
     </span>
    </p>
   </div>
   <div class='ocr_carea' id='block_1_46' title="bbox 502 2781 2083 2867">
    <p class='ocr_par' dir='ltr' id='par_1_46' title="bbox 502 2781 2083 2867">
     <span class='ocr_line' id='line_1_46' title="bbox 502 2781 2083 2867; baseline 0.013 -31"><span class='ocrx_word' id='word_1_355' title='bbox 502 2781 704 2853; x_wconf 86' lang='lat' dir='ltr'><strong>aliquid</strong></span> <span class='ocrx_word' id='word_1_356' title='bbox 737 2784 897 2842; x_wconf 84' lang='lat' dir='ltr'><strong>Petro</strong></span> <span class='ocrx_word' id='word_1_357' title='bbox 928 2789 1089 2844; x_wconf 86' lang='lat' dir='ltr'><strong>tribui</strong></span> <span class='ocrx_word' id='word_1_358' title='bbox 1120 2793 1425 2861; x_wconf 87' lang='lat' dir='ltr'><strong>oportebat,</strong></span> <span class='ocrx_word' id='word_1_359' title='bbox 1452 2796 1667 2852; x_wconf 90' lang='lat' dir='ltr'><strong>etiamsi</strong></span> <span class='ocrx_word' id='word_1_360' title='bbox 1697 2799 1763 2853; x_wconf 91' lang='lat' dir='ltr'><strong>de</strong></span> <span class='ocrx_word' id='word_1_361' title='bbox 1793 2798 1987 2867; x_wconf 87' lang='lat' dir='ltr'><strong>Petro,</strong></span> <span class='ocrx_word' id='word_1_362' title='bbox 2027 2810 2083 2856; x_wconf 92' lang='lat' dir='ltr'><strong>et</strong></span> 
     </span>
    </p>
   </div>
   <div class='ocr_carea' id='block_1_47' title="bbox 501 2873 2075 2959">
    <p class='ocr_par' dir='ltr' id='par_1_47' title="bbox 501 2873 2075 2959">
     <span class='ocr_line' id='line_1_47' title="bbox 501 2873 2075 2959; baseline 0.013 -34"><span class='ocrx_word' id='word_1_363' title='bbox 501 2873 596 2943; x_wconf 90' lang='lat' dir='ltr'><strong>qui</strong></span> <span class='ocrx_word' id='word_1_364' title='bbox 629 2884 707 2928; x_wconf 91' lang='lat' dir='ltr'><strong>ter</strong></span> <span class='ocrx_word' id='word_1_365' title='bbox 738 2874 933 2934; x_wconf 85' lang='lat' dir='ltr'><strong>fratres</strong></span> <span class='ocrx_word' id='word_1_366' title='bbox 967 2892 1265 2949; x_wconf 80' lang='lat' dir='ltr'><strong>arguerunt</strong></span> <span class='ocrx_word' id='word_1_367' title='bbox 1294 2899 1584 2942; x_wconf 87' lang='lat' dir='ltr'><strong>commune</strong></span> <span class='ocrx_word' id='word_1_368' title='bbox 1611 2889 1816 2959; x_wconf 92' lang='lat' dir='ltr'><strong>aliquid</strong></span> <span class='ocrx_word' id='word_1_369' title='bbox 1870 2891 2075 2946; x_wconf 91' lang='lat' dir='ltr'><strong>dictum</strong></span> 
     </span>
    </p>
   </div>
   <div class='ocr_carea' id='block_1_48' title="bbox 503 2964 2079 3040">
    <p class='ocr_par' dir='ltr' id='par_1_48' title="bbox 503 2964 2079 3040">
     <span class='ocr_line' id='line_1_48' title="bbox 503 2964 2079 3040; baseline 0.014 -22"><span class='ocrx_word' id='word_1_370' title='bbox 503 2964 596 3031; x_wconf 89' lang='lat' dir='ltr'><strong>sit,</strong></span> <span class='ocrx_word' id='word_1_371' title='bbox 623 2970 873 3036; x_wconf 89' lang='lat' dir='ltr'><strong>privatim</strong></span> <span class='ocrx_word' id='word_1_372' title='bbox 905 2970 1034 3027; x_wconf 89' lang='lat' dir='ltr'><strong>illud</strong></span> <span class='ocrx_word' id='word_1_373' title='bbox 1058 2972 1218 3029; x_wconf 85' lang='lat' dir='ltr'><strong>Petro</strong></span> <span class='ocrx_word' id='word_1_374' title='bbox 1244 2977 1562 3032; x_wconf 89' lang='lat' dir='ltr'><strong>attributum</strong></span> <span class='ocrx_word' id='word_1_375' title='bbox 1588 2990 1672 3035; x_wconf 89' lang='lat' dir='ltr'><strong>est</strong></span> <span class='ocrx_word' id='word_1_376' title='bbox 1706 2999 1719 3035; x_wconf 95' lang='lat'><strong>:</strong></span> <span class='ocrx_word' id='word_1_377' title='bbox 1755 3000 1774 3033; x_wconf 81' lang='grc' dir='ltr'><strong>ι</strong></span> <span class='ocrx_word' id='word_1_378' title='bbox 1814 2981 1961 3039; x_wconf 84' lang='lat' dir='ltr'><strong>Daho</strong></span> <span class='ocrx_word' id='word_1_379' title='bbox 1982 2985 2079 3040; x_wconf 91' lang='lat' dir='ltr'><strong>tibi</strong></span> 
     </span>
    </p>
   </div>
   <div class='ocr_carea' id='block_1_49' title="bbox 503 3057 2079 3140">
    <p class='ocr_par' dir='ltr' id='par_1_49' title="bbox 503 3057 2079 3140">
     <span class='ocr_line' id='line_1_49' title="bbox 503 3057 2079 3140; baseline 0.013 -30"><span class='ocrx_word' id='word_1_380' title='bbox 503 3057 684 3114; x_wconf 86' lang='lat' dir='ltr'><strong>claves</strong></span> <span class='ocrx_word' id='word_1_381' title='bbox 712 3061 863 3131; x_wconf 87' lang='lat' dir='ltr'><strong>regni</strong></span> <span class='ocrx_word' id='word_1_382' title='bbox 897 3063 1181 3132; x_wconf 72' lang='lat' dir='ltr'><strong>cmlorum,</strong></span> <span class='ocrx_word' id='word_1_383' title='bbox 1221 3085 1240 3118; x_wconf 73' lang='grc' dir='ltr'><strong>ι</strong></span> <span class='ocrx_word' id='word_1_384' title='bbox 1276 3068 1594 3138; x_wconf 91' lang='lat' dir='ltr'><strong>priusquam</strong></span> <span class='ocrx_word' id='word_1_385' title='bbox 1628 3072 1758 3127; x_wconf 90' lang='lat' dir='ltr'><strong>illud</strong></span> <span class='ocrx_word' id='word_1_386' title='bbox 1792 3092 1804 3127; x_wconf 90' lang='lat'>:</span> <span class='ocrx_word' id='word_1_387' title='bbox 1841 3092 1859 3123; x_wconf 82' lang='grc' dir='ltr'><strong>ι</strong></span> <span class='ocrx_word' id='word_1_388' title='bbox 1914 3075 2079 3140; x_wconf 67' lang='lat' dir='ltr'><strong>Qua:-</strong></span> 
     </span>
    </p>
   </div>
   <div class='ocr_carea' id='block_1_50' title="bbox 506 3151 2084 3226">
    <p class='ocr_par' dir='ltr' id='par_1_50' title="bbox 506 3151 2084 3226">
     <span class='ocr_line' id='line_1_50' title="bbox 506 3151 2084 3226; baseline 0.013 -25"><span class='ocrx_word' id='word_1_389' title='bbox 506 3163 721 3219; x_wconf 90' lang='lat' dir='ltr'><strong>cunque</strong></span> <span class='ocrx_word' id='word_1_390' title='bbox 743 3151 1093 3221; x_wconf 86' lang='lat' dir='ltr'><strong>alligaveritis</strong></span> <span class='ocrx_word' id='word_1_391' title='bbox 1115 3169 1278 3226; x_wconf 88' lang='lat' dir='ltr'><strong>super</strong></span> <span class='ocrx_word' id='word_1_392' title='bbox 1309 3161 1593 3226; x_wconf 77' lang='lat' dir='ltr'><strong>terram“,</strong></span> <span class='ocrx_word' id='word_1_393' title='bbox 1633 3180 1652 3212; x_wconf 75' lang='grc' dir='ltr'><strong>ι</strong></span> <span class='ocrx_word' id='word_1_394' title='bbox 1686 3172 1739 3216; x_wconf 92' lang='lat' dir='ltr'><strong>et</strong></span> <span class='ocrx_word' id='word_1_395' title='bbox 1765 3172 1980 3219; x_wconf 73' lang='lat' dir='ltr'><strong>caetera.</strong></span> <span class='ocrx_word' id='word_1_396' title='bbox 2005 3167 2084 3222; x_wconf 83' lang='lat' dir='ltr'><strong>Ac</strong></span> 
     </span>
    </p>
   </div>
   <div class='ocr_carea' id='block_1_51' title="bbox 506 3240 2084 3326">
    <p class='ocr_par' dir='ltr' id='par_1_51' title="bbox 506 3240 2084 3326">
     <span class='ocr_line' id='line_1_51' title="bbox 506 3240 2084 3326; baseline 0.01 -31"><span class='ocrx_word' id='word_1_397' title='bbox 506 3254 638 3295; x_wconf 86' lang='lat' dir='ltr'><strong>sane</strong></span> <span class='ocrx_word' id='word_1_398' title='bbox 668 3240 714 3296; x_wconf 91' lang='lat' dir='ltr'><strong>si</strong></span> <span class='ocrx_word' id='word_1_399' title='bbox 745 3242 809 3295; x_wconf 91' lang='lat' dir='ltr'><strong>ad</strong></span> <span class='ocrx_word' id='word_1_400' title='bbox 838 3244 1147 3313; x_wconf 86' lang='lat' dir='ltr'><strong>evangelica</strong></span> <span class='ocrx_word' id='word_1_401' title='bbox 1178 3247 1378 3317; x_wconf 91' lang='lat' dir='ltr'><strong>scripta</strong></span> <span class='ocrx_word' id='word_1_402' title='bbox 1404 3249 1646 3305; x_wconf 90' lang='lat' dir='ltr'><strong>animum</strong></span> <span class='ocrx_word' id='word_1_403' title='bbox 1676 3253 1960 3321; x_wconf 83' lang='lat' dir='ltr'><strong>diligenter</strong></span> <span class='ocrx_word' id='word_1_404' title='bbox 1988 3272 2084 3326; x_wconf 85' lang='lat' dir='ltr'><strong>ap-</strong></span> 
     </span>
    </p>
   </div>
   <div class='ocr_carea' id='block_1_52' title="bbox 504 3332 2082 3408">
    <p class='ocr_par' dir='ltr' id='par_1_52' title="bbox 504 3332 2082 3408">
     <span class='ocr_line' id='line_1_52' title="bbox 504 3332 2082 3408; baseline 0.01 -24"><span class='ocrx_word' id='word_1_405' title='bbox 504 3332 790 3400; x_wconf 89' lang='lat' dir='ltr'><strong>pellamus,</strong></span> <span class='ocrx_word' id='word_1_406' title='bbox 819 3333 893 3387; x_wconf 91' lang='lat' dir='ltr'><strong>ibi</strong></span> <span class='ocrx_word' id='word_1_407' title='bbox 921 3349 1176 3404; x_wconf 89' lang='lat' dir='ltr'><strong>magnum</strong></span> <span class='ocrx_word' id='word_1_408' title='bbox 1208 3335 1547 3395; x_wconf 89' lang='lat' dir='ltr'><strong>inveniemus</strong></span> <span class='ocrx_word' id='word_1_409' title='bbox 1571 3341 1885 3408; x_wconf 88' lang='lat' dir='ltr'><strong>discrimen,</strong></span> <span class='ocrx_word' id='word_1_410' title='bbox 1908 3353 1961 3399; x_wconf 89' lang='lat' dir='ltr'><strong>et</strong></span> <span class='ocrx_word' id='word_1_411' title='bbox 1988 3362 2082 3400; x_wconf 81' lang='lat' dir='ltr'><strong>ex-</strong></span> 
     </span>
    </p>
   </div>
   <div class='ocr_carea' id='block_1_53' title="bbox 500 3420 2084 3506">
    <p class='ocr_par' dir='ltr' id='par_1_53' title="bbox 500 3420 2084 3506">
     <span class='ocr_line' id='line_1_53' title="bbox 500 3420 2084 3506; baseline 0.009 -31"><span class='ocrx_word' id='word_1_412' title='bbox 500 3420 805 3475; x_wconf 87' lang='lat' dir='ltr'><strong>cellentiam</strong></span> <span class='ocrx_word' id='word_1_413' title='bbox 835 3437 1023 3477; x_wconf 85' lang='lat' dir='ltr'><strong>eorum</strong></span> <span class='ocrx_word' id='word_1_414' title='bbox 1041 3439 1161 3493; x_wconf 69' lang='lat' dir='ltr'><strong>quae</strong></span> <span class='ocrx_word' id='word_1_415' title='bbox 1187 3422 1367 3492; x_wconf 89' lang='lat' dir='ltr'><strong>Petro,</strong></span> <span class='ocrx_word' id='word_1_416' title='bbox 1390 3442 1502 3497; x_wconf 61' lang='lat' dir='ltr'><strong>prae</strong></span> <span class='ocrx_word' id='word_1_417' title='bbox 1523 3429 1589 3485; x_wconf 88' lang='lat' dir='ltr'><strong>iis</strong></span> <span class='ocrx_word' id='word_1_418' title='bbox 1617 3447 1737 3500; x_wconf 84' lang='lat' dir='ltr'><strong>quae</strong></span> <span class='ocrx_word' id='word_1_419' title='bbox 1770 3433 1892 3488; x_wconf 91' lang='lat' dir='ltr'><strong>aliis</strong></span> <span class='ocrx_word' id='word_1_420' title='bbox 1919 3434 2084 3506; x_wconf 67' lang='grc'><strong>614</strong></span> 
     </span>
    </p>
   </div>
   <div class='ocr_carea' id='block_1_54' title="bbox 2183 2245 3763 2319">
    <p class='ocr_par' dir='ltr' id='par_1_54' title="bbox 2183 2245 3763 2319">
     <span class='ocr_line' id='line_1_54' title="bbox 2183 2245 3763 2319; baseline -0.001 -18"><span class='ocrx_word' id='word_1_421' title='bbox 2183 2250 2269 2313; x_wconf 83' lang='grc' dir='ltr'>ἵν’,</span> <span class='ocrx_word' id='word_1_422' title='bbox 2301 2249 2396 2302; x_wconf 75' lang='grc' dir='ltr'><strong>ἐὰν</strong></span> <span class='ocrx_word' id='word_1_423' title='bbox 2421 2248 2494 2319; x_wconf 85' lang='grc' dir='ltr'><strong>μὴ</strong></span> <span class='ocrx_word' id='word_1_424' title='bbox 2516 2247 2844 2312; x_wconf 82' lang='grc' dir='ltr'>ἀκουσθῶσι,</span> <span class='ocrx_word' id='word_1_425' title='bbox 2875 2248 3110 2319; x_wconf 90' lang='grc' dir='ltr'>δήσωσιν</span> <span class='ocrx_word' id='word_1_426' title='bbox 3147 2246 3238 2299; x_wconf 76' lang='grc' dir='ltr'><strong>ἐπὶ</strong></span> <span class='ocrx_word' id='word_1_427' title='bbox 3262 2246 3369 2317; x_wconf 81' lang='grc' dir='ltr'><strong>γῆς</strong></span> <span class='ocrx_word' id='word_1_428' title='bbox 3386 2246 3478 2299; x_wconf 79' lang='grc' dir='ltr'><strong>τὸν</strong></span> <span class='ocrx_word' id='word_1_429' title='bbox 3514 2245 3763 2318; x_wconf 84' lang='grc' dir='ltr'>κριθέντα</span> 
     </span>
    </p>
   </div>
   <div class='ocr_carea' id='block_1_55' title="bbox 2180 2336 3761 2408">
    <p class='ocr_par' dir='ltr' id='par_1_55' title="bbox 2180 2336 3761 2408">
     <span class='ocr_line' id='line_1_55' title="bbox 2180 2336 3761 2408; baseline -0.002 -15"><span class='ocrx_word' id='word_1_430' title='bbox 2180 2336 2320 2395; x_wconf 78' lang='grc' dir='ltr'>εἶναι</span> <span class='ocrx_word' id='word_1_431' title='bbox 2376 2338 2453 2404; x_wconf 84' lang='grc' dir='ltr'><strong>ὡς</strong></span> <span class='ocrx_word' id='word_1_432' title='bbox 2511 2339 2721 2392; x_wconf 77' lang='grc' dir='ltr'>ὲθνικδν</span> <span class='ocrx_word' id='word_1_433' title='bbox 2778 2339 2869 2392; x_wconf 78' lang='grc' dir='ltr'><strong>καὶ</strong></span> <span class='ocrx_word' id='word_1_434' title='bbox 2929 2336 3165 2408; x_wconf 82' lang='grc' dir='ltr'>τελώνην</span> <span class='ocrx_word' id='word_1_435' title='bbox 3219 2338 3296 2401; x_wconf 82' lang='grc' dir='ltr'><strong>ὡς</strong></span> <span class='ocrx_word' id='word_1_436' title='bbox 3345 2337 3628 2408; x_wconf 85' lang='grc' dir='ltr'>δεδεμένου</span> <span class='ocrx_word' id='word_1_437' title='bbox 3670 2338 3761 2391; x_wconf 73' lang='grc' dir='ltr'>τοῦ</span> 
     </span>
    </p>
   </div>
   <div class='ocr_carea' id='block_1_56' title="bbox 2179 2427 3765 2500">
    <p class='ocr_par' dir='ltr' id='par_1_56' title="bbox 2179 2427 3765 2500">
     <span class='ocr_line' id='line_1_56' title="bbox 2179 2427 3765 2500; baseline -0.001 -17"><span class='ocrx_word' id='word_1_438' title='bbox 2179 2427 2421 2483; x_wconf 81' lang='grc' dir='ltr'>τοιούτου</span> <span class='ocrx_word' id='word_1_439' title='bbox 2477 2430 2534 2481; x_wconf 82' lang='grc' dir='ltr'>ὲν</span> <span class='ocrx_word' id='word_1_440' title='bbox 2571 2428 2647 2499; x_wconf 83' lang='grc' dir='ltr'><strong>τῷ</strong></span> <span class='ocrx_word' id='word_1_441' title='bbox 2693 2428 2926 2500; x_wconf 85' lang='grc' dir='ltr'>οὐρανῷ.</span> <span class='ocrx_word' id='word_1_442' title='bbox 2991 2428 3127 2481; x_wconf 83' lang='grc' dir='ltr'>Ἀλλ’</span> <span class='ocrx_word' id='word_1_443' title='bbox 3164 2428 3286 2481; x_wconf 74' lang='grc' dir='ltr'>ἐπεὶ</span> <span class='ocrx_word' id='word_1_444' title='bbox 3335 2428 3525 2499; x_wconf 74' lang='grc' dir='ltr'>ἐχρῆν,</span> <span class='ocrx_word' id='word_1_445' title='bbox 3577 2430 3628 2481; x_wconf 90' lang='grc' dir='ltr'><strong>εί</strong></span> <span class='ocrx_word' id='word_1_446' title='bbox 3674 2430 3765 2483; x_wconf 76' lang='grc' dir='ltr'><strong>καὶ</strong></span> 
     </span>
    </p>
   </div>
   <div class='ocr_carea' id='block_1_57' title="bbox 2182 2519 3764 2592">
    <p class='ocr_par' dir='ltr' id='par_1_57' title="bbox 2182 2519 3764 2592">
     <span class='ocr_line' id='line_1_57' title="bbox 2182 2519 3764 2592; baseline 0 -19"><span class='ocrx_word' id='word_1_447' title='bbox 2182 2519 2355 2573; x_wconf 87' lang='grc' dir='ltr'>κοινόν</span> <span class='ocrx_word' id='word_1_448' title='bbox 2374 2536 2426 2573; x_wconf 90' lang='grc' dir='ltr'><strong>τι</strong></span> <span class='ocrx_word' id='word_1_449' title='bbox 2449 2520 2540 2573; x_wconf 73' lang='grc' dir='ltr'>ἐπὶ</span> <span class='ocrx_word' id='word_1_450' title='bbox 2559 2519 2651 2573; x_wconf 80' lang='grc' dir='ltr'>τοῦ</span> <span class='ocrx_word' id='word_1_451' title='bbox 2680 2520 2887 2592; x_wconf 87' lang='grc' dir='ltr'>Πέτρου</span> <span class='ocrx_word' id='word_1_452' title='bbox 2909 2519 3005 2574; x_wconf 75' lang='grc' dir='ltr'><strong>καὶ</strong></span> <span class='ocrx_word' id='word_1_453' title='bbox 3036 2520 3143 2573; x_wconf 83' lang='grc' dir='ltr'><strong>τῶν</strong></span> <span class='ocrx_word' id='word_1_454' title='bbox 3173 2519 3614 2591; x_wconf 83' lang='grc' dir='ltr'>νουθετησάντων</span> <span class='ocrx_word' id='word_1_455' title='bbox 3645 2522 3764 2591; x_wconf 77' lang='grc' dir='ltr'>τρὶς</span> 
     </span>
    </p>
   </div>
   <div class='ocr_carea' id='block_1_58' title="bbox 2180 2608 3763 2685">
    <p class='ocr_par' dir='ltr' id='par_1_58' title="bbox 2180 2608 3763 2685">
     <span class='ocr_line' id='line_1_58' title="bbox 2180 2608 3763 2685; baseline -0.001 -22"><span class='ocrx_word' id='word_1_456' title='bbox 2180 2610 2307 2679; x_wconf 84' lang='grc' dir='ltr'>τοὺς</span> <span class='ocrx_word' id='word_1_457' title='bbox 2334 2608 2594 2678; x_wconf 71' lang='grc' dir='ltr'>ἀδελφοὺς</span> <span class='ocrx_word' id='word_1_458' title='bbox 2639 2608 2908 2685; x_wconf 76' lang='grc' dir='ltr'>λέλεκται,</span> <span class='ocrx_word' id='word_1_459' title='bbox 2959 2608 3230 2680; x_wconf 81' lang='grc' dir='ltr'>ἐξαίρετον</span> <span class='ocrx_word' id='word_1_460' title='bbox 3259 2609 3403 2679; x_wconf 73' lang='grc' dir='ltr'>ἔχειν</span> <span class='ocrx_word' id='word_1_461' title='bbox 3438 2610 3528 2664; x_wconf 84' lang='grc' dir='ltr'><strong>τὸν</strong></span> <span class='ocrx_word' id='word_1_462' title='bbox 3562 2611 3763 2681; x_wconf 85' lang='grc' dir='ltr'>Πέτρον</span> 
     </span>
    </p>
   </div>
   <div class='ocr_carea' id='block_1_59' title="bbox 2182 2698 3761 2773">
    <p class='ocr_par' dir='ltr' id='par_1_59' title="bbox 2182 2698 3761 2773">
     <span class='ocr_line' id='line_1_59' title="bbox 2182 2698 3761 2773; baseline 0 -19"><span class='ocrx_word' id='word_1_463' title='bbox 2182 2700 2332 2773; x_wconf 77' lang='grc' dir='ltr'>παρὰ</span> <span class='ocrx_word' id='word_1_464' title='bbox 2354 2700 2479 2763; x_wconf 84' lang='grc' dir='ltr'>τοὺς</span> <span class='ocrx_word' id='word_1_465' title='bbox 2509 2699 2629 2771; x_wconf 72' lang='grc' dir='ltr'>τρὶς</span> <span class='ocrx_word' id='word_1_466' title='bbox 2657 2699 3122 2772; x_wconf 82' lang='grc' dir='ltr'>νουθετήσαντας,</span> <span class='ocrx_word' id='word_1_467' title='bbox 3164 2699 3271 2768; x_wconf 69' lang='grc' dir='ltr'>ἰδίᾳ</span> <span class='ocrx_word' id='word_1_468' title='bbox 3309 2698 3467 2753; x_wconf 75' lang='grc' dir='ltr'>τοῦτο</span> <span class='ocrx_word' id='word_1_469' title='bbox 3509 2701 3761 2772; x_wconf 76' lang='grc' dir='ltr'>προτέταο</span> 
     </span>
    </p>
   </div>
   <div class='ocr_carea' id='block_1_60' title="bbox 2181 2788 3763 2861">
    <p class='ocr_par' dir='ltr' id='par_1_60' title="bbox 2181 2788 3763 2861">
     <span class='ocr_line' id='line_1_60' title="bbox 2181 2788 3763 2861; baseline 0.001 -17"><span class='ocrx_word' id='word_1_470' title='bbox 2181 2808 2308 2844; x_wconf 85' lang='grc' dir='ltr'>κται</span> <span class='ocrx_word' id='word_1_471' title='bbox 2346 2791 2438 2843; x_wconf 78' lang='grc' dir='ltr'><strong>ἐπὶ</strong></span> <span class='ocrx_word' id='word_1_472' title='bbox 2469 2789 2561 2843; x_wconf 80' lang='grc' dir='ltr'>τοῦ</span> <span class='ocrx_word' id='word_1_473' title='bbox 2589 2789 2819 2861; x_wconf 85' lang='grc' dir='ltr'>Πέτρου,</span> <span class='ocrx_word' id='word_1_474' title='bbox 2862 2790 2943 2843; x_wconf 73' lang='lat'><strong>1:6&#39;</strong></span> <span class='ocrx_word' id='word_1_475' title='bbox 2984 2809 3005 2842; x_wconf 72' lang='grc' dir='ltr'><strong>ι</strong></span> <span class='ocrx_word' id='word_1_476' title='bbox 3040 2788 3210 2843; x_wconf 82' lang='grc' dir='ltr'>Δώσω</span> <span class='ocrx_word' id='word_1_477' title='bbox 3249 2807 3330 2843; x_wconf 89' lang='grc' dir='ltr'><strong>σοι</strong></span> <span class='ocrx_word' id='word_1_478' title='bbox 3370 2790 3467 2854; x_wconf 77' lang='grc' dir='ltr'>τὰς</span> <span class='ocrx_word' id='word_1_479' title='bbox 3494 2790 3639 2855; x_wconf 84' lang='grc' dir='ltr'>κλεῖς</span> <span class='ocrx_word' id='word_1_480' title='bbox 3668 2791 3733 2860; x_wconf 84' lang='grc' dir='ltr'>τῆ</span> <span class='ocrx_word' id='word_1_481' title='bbox 3742 2808 3763 2851; x_wconf 84' lang='lat'><strong><em>;</em></strong></span> 
     </span>
    </p>
   </div>
   <div class='ocr_carea' id='block_1_61' title="bbox 2182 2880 3757 2953">
    <p class='ocr_par' dir='ltr' id='par_1_61' title="bbox 2182 2880 3757 2953">
     <span class='ocr_line' id='line_1_61' title="bbox 2182 2880 3757 2953; baseline 0 -17"><span class='ocrx_word' id='word_1_482' title='bbox 2182 2881 2460 2952; x_wconf 84' lang='grc' dir='ltr'>βασιλείας</span> <span class='ocrx_word' id='word_1_483' title='bbox 2497 2881 2603 2934; x_wconf 86' lang='grc' dir='ltr'><strong>τῶν</strong></span> <span class='ocrx_word' id='word_1_484' title='bbox 2624 2880 2888 2953; x_wconf 81' lang='grc' dir='ltr'>οὐρανῶν,</span> <span class='ocrx_word' id='word_1_485' title='bbox 2928 2902 2946 2933; x_wconf 75' lang='grc' dir='ltr'><strong>ι</strong></span> <span class='ocrx_word' id='word_1_486' title='bbox 2977 2881 3089 2935; x_wconf 77' lang='grc' dir='ltr'><strong>τοῦο</strong></span> <span class='ocrx_word' id='word_1_487' title='bbox 3128 2899 3146 2932; x_wconf 81' lang='grc' dir='ltr'><strong>ι</strong></span> <span class='ocrx_word' id='word_1_488' title='bbox 3185 2882 3295 2935; x_wconf 80' lang='grc' dir='ltr'><strong>Καὶ</strong></span> <span class='ocrx_word' id='word_1_489' title='bbox 3324 2883 3424 2936; x_wconf 79' lang='grc' dir='ltr'>ὅσα</span> <span class='ocrx_word' id='word_1_490' title='bbox 3443 2881 3539 2935; x_wconf 81' lang='grc' dir='ltr'>ἐὰν</span> <span class='ocrx_word' id='word_1_491' title='bbox 3567 2883 3757 2953; x_wconf 76' lang='grc' dir='ltr'>δήσητε</span> 
     </span>
    </p>
   </div>
   <div class='ocr_carea' id='block_1_62' title="bbox 2182 2970 3750 3044">
    <p class='ocr_par' dir='ltr' id='par_1_62' title="bbox 2182 2970 3750 3044">
     <span class='ocr_line' id='line_1_62' title="bbox 2182 2970 3750 3044; baseline -0.001 -19"><span class='ocrx_word' id='word_1_492' title='bbox 2182 2973 2274 3026; x_wconf 77' lang='grc' dir='ltr'>ἐπὶ</span> <span class='ocrx_word' id='word_1_493' title='bbox 2305 2973 2401 3043; x_wconf 82' lang='grc' dir='ltr'>τῆς</span> <span class='ocrx_word' id='word_1_494' title='bbox 2433 2973 2558 3043; x_wconf 84' lang='grc' dir='ltr'>γῆς,</span> <span class='ocrx_word' id='word_1_495' title='bbox 2594 2991 2611 3023; x_wconf 73' lang='grc' dir='ltr'><strong>ι</strong></span> <span class='ocrx_word' id='word_1_496' title='bbox 2655 2972 2750 3025; x_wconf 74' lang='grc' dir='ltr'>καὶ</span> <span class='ocrx_word' id='word_1_497' title='bbox 2786 2971 2855 3025; x_wconf 84' lang='grc' dir='ltr'>τὰ</span> <span class='ocrx_word' id='word_1_498' title='bbox 2896 2971 3041 3044; x_wconf 79' lang='grc' dir='ltr'>ἑξῆς.</span> <span class='ocrx_word' id='word_1_499' title='bbox 3096 2970 3355 3042; x_wconf 82' lang='grc' dir='ltr'>Καίτοιγε</span> <span class='ocrx_word' id='word_1_500' title='bbox 3398 2974 3444 3026; x_wconf 86' lang='grc' dir='ltr'><strong>εί</strong></span> <span class='ocrx_word' id='word_1_501' title='bbox 3484 2971 3750 3042; x_wconf 83' lang='grc' dir='ltr'>ἐπιμελῶς</span> 
     </span>
    </p>
   </div>
   <div class='ocr_carea' id='block_1_63' title="bbox 2186 3062 3745 3135">
    <p class='ocr_par' dir='ltr' id='par_1_63' title="bbox 2186 3062 3745 3135">
     <span class='ocr_line' id='line_1_63' title="bbox 2186 3062 3745 3135; baseline 0 -20"><span class='ocrx_word' id='word_1_502' title='bbox 2186 3064 2527 3135; x_wconf 75' lang='grc' dir='ltr'>προσέχομεν</span> <span class='ocrx_word' id='word_1_503' title='bbox 2550 3066 2664 3127; x_wconf 87' lang='grc' dir='ltr'>τοῖς</span> <span class='ocrx_word' id='word_1_504' title='bbox 2691 3063 3066 3133; x_wconf 81' lang='grc' dir='ltr'>εὐαγγελικοῖς</span> <span class='ocrx_word' id='word_1_505' title='bbox 3091 3063 3394 3135; x_wconf 82' lang='grc' dir='ltr'>γράμμασι,</span> <span class='ocrx_word' id='word_1_506' title='bbox 3424 3063 3513 3116; x_wconf 84' lang='grc' dir='ltr'><strong>καὶ</strong></span> <span class='ocrx_word' id='word_1_507' title='bbox 3540 3063 3600 3117; x_wconf 86' lang='grc' dir='ltr'>ἐν</span> <span class='ocrx_word' id='word_1_508' title='bbox 3621 3062 3745 3115; x_wconf 61' lang='grc' dir='ltr'>τού.</span> 
     </span>
    </p>
   </div>
   <div class='ocr_carea' id='block_1_64' title="bbox 2182 3151 3757 3229">
    <p class='ocr_par' dir='ltr' id='par_1_64' title="bbox 2182 3151 3757 3229">
     <span class='ocr_line' id='line_1_64' title="bbox 2182 3151 3757 3229; baseline -0.002 -18"><span class='ocrx_word' id='word_1_509' title='bbox 2182 3176 2294 3222; x_wconf 85' lang='grc' dir='ltr'>τοις</span> <span class='ocrx_word' id='word_1_510' title='bbox 2316 3157 2568 3229; x_wconf 79' lang='grc' dir='ltr'>εὕροιμεν</span> <span class='ocrx_word' id='word_1_511' title='bbox 2600 3157 2666 3211; x_wconf 80' lang='grc' dir='ltr'>ἂν</span> <span class='ocrx_word' id='word_1_512' title='bbox 2706 3157 2799 3211; x_wconf 68' lang='grc' dir='ltr'><strong>κα)⁵</strong></span> <span class='ocrx_word' id='word_1_513' title='bbox 2835 3156 2976 3210; x_wconf 69' lang='grc' dir='ltr'>κατὰ</span> <span class='ocrx_word' id='word_1_514' title='bbox 3014 3155 3189 3212; x_wconf 78' lang='grc' dir='ltr'>ταῦτα</span> <span class='ocrx_word' id='word_1_515' title='bbox 3218 3156 3283 3210; x_wconf 68' lang='grc' dir='ltr'>τὰ</span> <span class='ocrx_word' id='word_1_516' title='bbox 3310 3154 3562 3209; x_wconf 74' lang='grc' dir='ltr'>δοκοῦντα.</span> <span class='ocrx_word' id='word_1_517' title='bbox 3608 3151 3757 3209; x_wconf 47' lang='grc' dir='ltr'>εἶναι»</span> 
     </span>
    </p>
   </div>
   <div class='ocr_carea' id='block_1_65' title="bbox 2184 3246 3759 3321">
    <p class='ocr_par' dir='ltr' id='par_1_65' title="bbox 2184 3246 3759 3321">
     <span class='ocr_line' id='line_1_65' title="bbox 2184 3246 3759 3321; baseline -0.001 -18"><span class='ocrx_word' id='word_1_518' title='bbox 2184 3249 2338 3303; x_wconf 74' lang='grc' dir='ltr'>κοινὰ</span> <span class='ocrx_word' id='word_1_519' title='bbox 2358 3249 2495 3321; x_wconf 80' lang='grc' dir='ltr'>πρὸς</span> <span class='ocrx_word' id='word_1_520' title='bbox 2524 3249 2614 3302; x_wconf 84' lang='grc' dir='ltr'><strong>τὸν</strong></span> <span class='ocrx_word' id='word_1_521' title='bbox 2650 3249 2877 3321; x_wconf 88' lang='grc' dir='ltr'>Πέτρον,</span> <span class='ocrx_word' id='word_1_522' title='bbox 2920 3248 3014 3303; x_wconf 77' lang='grc' dir='ltr'>καὶ</span> <span class='ocrx_word' id='word_1_523' title='bbox 3043 3248 3171 3311; x_wconf 78' lang='grc' dir='ltr'>τοὺς</span> <span class='ocrx_word' id='word_1_524' title='bbox 3189 3248 3309 3319; x_wconf 80' lang='grc' dir='ltr'>τρὶς</span> <span class='ocrx_word' id='word_1_525' title='bbox 3340 3246 3759 3319; x_wconf 82' lang='grc' dir='ltr'>νουθετήσαντας</span> 
     </span>
    </p>
   </div>
   <div class='ocr_carea' id='block_1_66' title="bbox 2184 3340 3765 3413">
    <p class='ocr_par' dir='ltr' id='par_1_66' title="bbox 2184 3340 3765 3413">
     <span class='ocr_line' id='line_1_66' title="bbox 2184 3340 3765 3413; baseline 0 -20"><span class='ocrx_word' id='word_1_526' title='bbox 2184 3342 2311 3405; x_wconf 77' lang='grc' dir='ltr'>τοὺς</span> <span class='ocrx_word' id='word_1_527' title='bbox 2341 3341 2621 3409; x_wconf 75' lang='grc' dir='ltr'>ἀδελφοὺς,</span> <span class='ocrx_word' id='word_1_528' title='bbox 2645 3340 2843 3412; x_wconf 85' lang='grc' dir='ltr'>πολλὴν</span> <span class='ocrx_word' id='word_1_529' title='bbox 2869 3340 3130 3413; x_wconf 81' lang='grc' dir='ltr'>διαφορὰν</span> <span class='ocrx_word' id='word_1_530' title='bbox 3161 3340 3258 3394; x_wconf 79' lang='grc' dir='ltr'><strong>καὶ</strong></span> <span class='ocrx_word' id='word_1_531' title='bbox 3278 3340 3548 3412; x_wconf 80' lang='grc' dir='ltr'>ὑπεροχὴν</span> <span class='ocrx_word' id='word_1_532' title='bbox 3573 3341 3639 3394; x_wconf 81' lang='grc' dir='ltr'>ὲκ</span> <span class='ocrx_word' id='word_1_533' title='bbox 3655 3340 3765 3394; x_wconf 69' lang='grc' dir='ltr'><strong>τῶν</strong></span> 
     </span>
    </p>
   </div>
   <div class='ocr_carea' id='block_1_67' title="bbox 2191 3431 3755 3504">
    <p class='ocr_par' dir='ltr' id='par_1_67' title="bbox 2191 3431 3755 3504">
     <span class='ocr_line' id='line_1_67' title="bbox 2191 3431 3755 3504; baseline 0 -19"><span class='ocrx_word' id='word_1_534' title='bbox 2191 3432 2329 3503; x_wconf 80' lang='grc' dir='ltr'>πρὸς</span> <span class='ocrx_word' id='word_1_535' title='bbox 2372 3432 2463 3485; x_wconf 78' lang='grc' dir='ltr'><strong>τὸν</strong></span> <span class='ocrx_word' id='word_1_536' title='bbox 2493 3432 2697 3504; x_wconf 89' lang='grc' dir='ltr'>Πέτρον</span> <span class='ocrx_word' id='word_1_537' title='bbox 2741 3432 3045 3503; x_wconf 78' lang='grc' dir='ltr'>εἰρημένων</span> <span class='ocrx_word' id='word_1_538' title='bbox 3091 3431 3244 3503; x_wconf 80' lang='grc' dir='ltr'>παρὰ</span> <span class='ocrx_word' id='word_1_539' title='bbox 3292 3433 3417 3496; x_wconf 82' lang='grc' dir='ltr'>τοὺς</span> <span class='ocrx_word' id='word_1_540' title='bbox 3461 3431 3755 3503; x_wconf 84' lang='grc' dir='ltr'>δευτέρους·</span> 
     </span>
    </p>
   </div>
   <div class='ocr_carea' id='block_1_68' title="bbox 504 3512 2079 3597">
    <p class='ocr_par' dir='ltr' id='par_1_68' title="bbox 504 3512 2079 3589">
     <span class='ocr_line' id='line_1_68' title="bbox 504 3512 2079 3589; baseline 0.007 -21"><span class='ocrx_word' id='word_1_541' title='bbox 504 3512 648 3568; x_wconf 90' lang='lat' dir='ltr'><strong>dicta</strong></span> <span class='ocrx_word' id='word_1_542' title='bbox 698 3521 861 3580; x_wconf 89' lang='lat' dir='ltr'><strong>sunt,</strong></span> <span class='ocrx_word' id='word_1_543' title='bbox 915 3512 1076 3568; x_wconf 92' lang='lat' dir='ltr'><strong>etiam</strong></span> <span class='ocrx_word' id='word_1_544' title='bbox 1115 3514 1167 3568; x_wconf 92' lang='lat' dir='ltr'><strong>in</strong></span> <span class='ocrx_word' id='word_1_545' title='bbox 1203 3516 1271 3572; x_wconf 91' lang='lat' dir='ltr'><strong>iis</strong></span> <span class='ocrx_word' id='word_1_546' title='bbox 1316 3518 1480 3575; x_wconf 89' lang='lat' dir='ltr'><strong>rebus</strong></span> <span class='ocrx_word' id='word_1_547' title='bbox 1512 3535 1633 3589; x_wconf 67' lang='lat' dir='ltr'><strong>quae</strong></span> <span class='ocrx_word' id='word_1_548' title='bbox 1676 3518 1898 3578; x_wconf 90' lang='lat' dir='ltr'><strong>Petrum</strong></span> <span class='ocrx_word' id='word_1_549' title='bbox 1943 3524 2079 3580; x_wconf 91' lang='lat' dir='ltr'><strong>inter</strong></span> 
     </span>
    </p>
   </div>
   <div class='ocr_carea' id='block_1_69' title="bbox 2181 3512 3763 3597">
    <p class='ocr_par' dir='ltr' id='par_1_69' title="bbox 2188 3523 3763 3597">
     <span class='ocr_line' id='line_1_69' title="bbox 2188 3523 3763 3597; baseline 0.001 -21"><span class='ocrx_word' id='word_1_550' title='bbox 2188 3523 2249 3575; x_wconf 81' lang='grc' dir='ltr'><strong>οὐ</strong></span> <span class='ocrx_word' id='word_1_551' title='bbox 2273 3523 2382 3595; x_wconf 80' lang='grc' dir='ltr'><strong>γὰρ</strong></span> <span class='ocrx_word' id='word_1_552' title='bbox 2410 3523 2565 3595; x_wconf 84' lang='grc' dir='ltr'>ὀλίγη</span> <span class='ocrx_word' id='word_1_553' title='bbox 2588 3524 2820 3597; x_wconf 80' lang='grc' dir='ltr'>διαφορὰ</span> <span class='ocrx_word' id='word_1_554' title='bbox 2840 3524 2930 3578; x_wconf 81' lang='grc' dir='ltr'><strong>τὸν</strong></span> <span class='ocrx_word' id='word_1_555' title='bbox 2962 3524 3166 3596; x_wconf 89' lang='grc' dir='ltr'>Πέτρον</span> <span class='ocrx_word' id='word_1_556' title='bbox 3204 3524 3317 3597; x_wconf 89' lang='grc'><strong>(88)</strong></span> <span class='ocrx_word' id='word_1_557' title='bbox 3356 3524 3633 3597; x_wconf 79' lang='grc' dir='ltr'>εἰληφέναι</span> <span class='ocrx_word' id='word_1_558' title='bbox 3664 3523 3763 3589; x_wconf 70' lang='grc' dir='ltr'>τὰς</span> 
     </span>
    </p>
   </div>
   <div class='ocr_carea' id='block_1_70' title="bbox 1703 3657 2557 3718">
    <p class='ocr_par' dir='ltr' id='par_1_70' title="bbox 1703 3657 2557 3718">
     <span class='ocr_line' id='line_1_70' title="bbox 1703 3657 2557 3718; baseline 0.007 -7"><span class='ocrx_word' id='word_1_559' title='bbox 1703 3657 1929 3715; x_wconf 86' lang='lat' dir='ltr'><strong>VETUS</strong></span> <span class='ocrx_word' id='word_1_560' title='bbox 1968 3658 2557 3718; x_wconf 82' lang='lat' dir='ltr'><strong>INTERPRETATIO.</strong></span> 
     </span>
    </p>
   </div>
   <div class='ocr_carea' id='block_1_71' title="bbox 506 3791 3756 3871">
    <p class='ocr_par' dir='ltr' id='par_1_71' title="bbox 506 3791 3756 3871">
     <span class='ocr_line' id='line_1_71' title="bbox 506 3791 3756 3871; baseline 0.002 -26"><span class='ocrx_word' id='word_1_561' title='bbox 506 3792 646 3871; x_wconf 81' lang='lat' dir='ltr'><strong>quod</strong></span> <span class='ocrx_word' id='word_1_562' title='bbox 684 3791 953 3871; x_wconf 78' lang='lat' dir='ltr'><strong>diximus,</strong></span> <span class='ocrx_word' id='word_1_563' title='bbox 996 3810 1103 3849; x_wconf 91' lang='lat' dir='ltr'><strong>non</strong></span> <span class='ocrx_word' id='word_1_564' title='bbox 1148 3811 1206 3851; x_wconf 89' lang='lat' dir='ltr'><strong>se</strong></span> <span class='ocrx_word' id='word_1_565' title='bbox 1245 3798 1518 3871; x_wconf 79' lang='lat' dir='ltr'><strong>emendat,</strong></span> <span class='ocrx_word' id='word_1_566' title='bbox 1565 3815 1665 3855; x_wconf 91' lang='lat' dir='ltr'><strong>nos</strong></span> <span class='ocrx_word' id='word_1_567' title='bbox 1706 3801 1926 3871; x_wconf 90' lang='lat' dir='ltr'><strong>quidem</strong></span> <span class='ocrx_word' id='word_1_568' title='bbox 1962 3804 2041 3860; x_wconf 90' lang='lat' dir='ltr'><strong>sic</strong></span> <span class='ocrx_word' id='word_1_569' title='bbox 2079 3821 2202 3861; x_wconf 91' lang='lat' dir='ltr'><strong>eum</strong></span> <span class='ocrx_word' id='word_1_570' title='bbox 2246 3806 2509 3861; x_wconf 90' lang='lat' dir='ltr'><strong>debemus</strong></span> <span class='ocrx_word' id='word_1_571' title='bbox 2540 3802 2737 3856; x_wconf 84' lang='lat' dir='ltr'><strong>habere</strong></span> <span class='ocrx_word' id='word_1_572' title='bbox 2770 3798 2926 3870; x_wconf 86' lang='lat' dir='ltr'><strong>quasi</strong></span> <span class='ocrx_word' id='word_1_573' title='bbox 2972 3798 3321 3871; x_wconf 80' lang='lat' dir='ltr'><strong>publicanum</strong></span> <span class='ocrx_word' id='word_1_574' title='bbox 3373 3807 3427 3852; x_wconf 86' lang='lat' dir='ltr'><strong>et</strong></span> <span class='ocrx_word' id='word_1_575' title='bbox 3457 3796 3756 3864; x_wconf 82' lang='lat' dir='ltr'><strong>ethnicum.</strong></span> 
     </span>
    </p>
   </div>
   <div class='ocr_carea' id='block_1_72' title="bbox 508 3864 3752 3946">
    <p class='ocr_par' dir='ltr' id='par_1_72' title="bbox 508 3864 3752 3946">
     <span class='ocr_line' id='line_1_72' title="bbox 508 3864 3752 3946; baseline 0.002 -30"><span class='ocrx_word' id='word_1_576' title='bbox 508 3864 838 3946; x_wconf 75' lang='lat' dir='ltr'><strong>abstinentes</strong></span> <span class='ocrx_word' id='word_1_577' title='bbox 879 3864 945 3918; x_wconf 88' lang='lat' dir='ltr'><strong>ab</strong></span> <span class='ocrx_word' id='word_1_578' title='bbox 975 3880 1041 3946; x_wconf 83' lang='lat' dir='ltr'><strong>eo</strong></span> <span class='ocrx_word' id='word_1_579' title='bbox 1077 3875 1133 3920; x_wconf 93' lang='lat' dir='ltr'><strong>ut</strong></span> <span class='ocrx_word' id='word_1_580' title='bbox 1162 3867 1548 3946; x_wconf 72' lang='lat' dir='ltr'><strong>confundatur.</strong></span> <span class='ocrx_word' id='word_1_581' title='bbox 1589 3872 1674 3946; x_wconf 50' lang='lat' dir='ltr'><strong>nn</strong></span> <span class='ocrx_word' id='word_1_582' title='bbox 1702 3864 1882 3946; x_wconf 75' lang='lat' dir='ltr'><strong>antem</strong></span> <span class='ocrx_word' id='word_1_583' title='bbox 1913 3876 2075 3930; x_wconf 92' lang='lat' dir='ltr'><strong>etiam</strong></span> <span class='ocrx_word' id='word_1_584' title='bbox 2104 3893 2134 3930; x_wconf 93' lang='lat' dir='ltr'><strong>a</strong></span> <span class='ocrx_word' id='word_1_585' title='bbox 2162 3876 2271 3931; x_wconf 85' lang='lat' dir='ltr'><strong>Deo</strong></span> <span class='ocrx_word' id='word_1_586' title='bbox 2298 3875 2457 3946; x_wconf 89' lang='lat' dir='ltr'><strong>quasi</strong></span> <span class='ocrx_word' id='word_1_587' title='bbox 2493 3864 2817 3943; x_wconf 80' lang='lat' dir='ltr'><strong>publicanus</strong></span> <span class='ocrx_word' id='word_1_588' title='bbox 2852 3864 3189 3940; x_wconf 77' lang='lat' dir='ltr'><strong>etethnicus</strong></span> <span class='ocrx_word' id='word_1_589' title='bbox 3221 3867 3517 3938; x_wconf 80' lang='lat' dir='ltr'><strong>iudicetur,</strong></span> <span class='ocrx_word' id='word_1_590' title='bbox 3544 3883 3656 3922; x_wconf 91' lang='lat' dir='ltr'><strong>non</strong></span> <span class='ocrx_word' id='word_1_591' title='bbox 3677 3878 3752 3924; x_wconf 87' lang='lat' dir='ltr'><strong>est</strong></span> 
     </span>
    </p>
   </div>
   <div class='ocr_carea' id='block_1_73' title="bbox 506 3937 1858 4006">
    <p class='ocr_par' dir='ltr' id='par_1_73' title="bbox 506 3937 1858 4006">
     <span class='ocr_line' id='line_1_73' title="bbox 506 3937 1858 4006; baseline 0.007 -21"><span class='ocrx_word' id='word_1_592' title='bbox 506 3943 751 4006; x_wconf 67' lang='lat' dir='ltr'><strong>nostrum</strong></span> <span class='ocrx_word' id='word_1_593' title='bbox 783 3937 1156 4006; x_wconf 80' lang='lat' dir='ltr'><strong>pronuntiare,</strong></span> <span class='ocrx_word' id='word_1_594' title='bbox 1186 3939 1279 3992; x_wconf 90' lang='lat' dir='ltr'><strong>sed</strong></span> <span class='ocrx_word' id='word_1_595' title='bbox 1306 3946 1391 3994; x_wconf 90' lang='lat' dir='ltr'><strong>est</strong></span> <span class='ocrx_word' id='word_1_596' title='bbox 1428 3939 1481 3993; x_wconf 91' lang='lat' dir='ltr'><strong>in</strong></span> <span class='ocrx_word' id='word_1_597' title='bbox 1508 3940 1713 4006; x_wconf 82' lang='lat' dir='ltr'><strong>judicio</strong></span> <span class='ocrx_word' id='word_1_598' title='bbox 1742 3941 1858 3995; x_wconf 85' lang='lat' dir='ltr'><strong>Dei.</strong></span> 
     </span>
    </p>
   </div>
   <div class='ocr_carea' id='block_1_74' title="bbox 580 4001 3749 4083">
    <p class='ocr_par' dir='ltr' id='par_1_74' title="bbox 580 4001 3749 4083">
     <span class='ocr_line' id='line_1_74' title="bbox 580 4001 3749 4083; baseline 0.003 -30"><span class='ocrx_word' id='word_1_599' title='bbox 580 4001 669 4054; x_wconf 80' lang='lat' dir='ltr'><strong>5L</strong></span> <span class='ocrx_word' id='word_1_600' title='bbox 699 4001 1099 4083; x_wconf 72' lang='lat' dir='ltr'><strong>convenienter</strong></span> <span class='ocrx_word' id='word_1_601' title='bbox 1129 4017 1307 4061; x_wconf 89' lang='lat' dir='ltr'><strong>autem</strong></span> <span class='ocrx_word' id='word_1_602' title='bbox 1340 4001 1588 4078; x_wconf 57' lang='lat' dir='ltr'><strong>adjunkit</strong></span> <span class='ocrx_word' id='word_1_603' title='bbox 1630 4020 1754 4083; x_wconf 90' lang='lat' dir='ltr'><strong>post</strong></span> <span class='ocrx_word' id='word_1_604' title='bbox 1797 4020 1907 4067; x_wconf 92' lang='lat' dir='ltr'><strong>tres</strong></span> <span class='ocrx_word' id='word_1_605' title='bbox 1947 4013 2263 4083; x_wconf 88' lang='lat' dir='ltr'><strong>argutiones</strong></span> <span class='ocrx_word' id='word_1_606' title='bbox 2294 4013 2438 4068; x_wconf 81' lang='lat' dir='ltr'><strong>facto</strong></span> <span class='ocrx_word' id='word_1_607' title='bbox 2463 4013 2647 4080; x_wconf 90' lang='lat' dir='ltr'><strong>aliquo</strong></span> <span class='ocrx_word' id='word_1_608' title='bbox 2679 4008 3143 4083; x_wconf 77' lang='lat' dir='ltr'><strong>sicutpublicano</strong></span> <span class='ocrx_word' id='word_1_609' title='bbox 3170 4018 3223 4061; x_wconf 83' lang='lat' dir='ltr'><strong>et</strong></span> <span class='ocrx_word' id='word_1_610' title='bbox 3255 4007 3514 4061; x_wconf 88' lang='lat' dir='ltr'><strong>ethnico:</strong></span> <span class='ocrx_word' id='word_1_611' title='bbox 3552 4026 3571 4059; x_wconf 76' lang='grc' dir='ltr'><strong>ι</strong></span> <span class='ocrx_word' id='word_1_612' title='bbox 3598 4006 3749 4083; x_wconf 63' lang='lat' dir='ltr'><strong>Quae-</strong></span> 
     </span>
    </p>
   </div>
   <div class='ocr_carea' id='block_1_75' title="bbox 508 4072 3757 4153">
    <p class='ocr_par' dir='ltr' id='par_1_75' title="bbox 508 4072 3757 4153">
     <span class='ocr_line' id='line_1_75' title="bbox 508 4072 3757 4153; baseline 0.002 -29"><span class='ocrx_word' id='word_1_613' title='bbox 508 4086 726 4153; x_wconf 83' lang='lat' dir='ltr'><strong>cunque</strong></span> <span class='ocrx_word' id='word_1_614' title='bbox 761 4072 1053 4153; x_wconf 63' lang='lat' dir='ltr'><strong>iigaveritis</strong></span> <span class='ocrx_word' id='word_1_615' title='bbox 1082 4091 1245 4153; x_wconf 80' lang='lat' dir='ltr'><strong>super</strong></span> <span class='ocrx_word' id='word_1_616' title='bbox 1274 4072 1497 4153; x_wconf 78' lang='lat' dir='ltr'><strong>terram,</strong></span> <span class='ocrx_word' id='word_1_617' title='bbox 1530 4072 1690 4153; x_wconf 78' lang='lat' dir='ltr'><strong>erunt</strong></span> <span class='ocrx_word' id='word_1_618' title='bbox 1714 4082 1879 4153; x_wconf 86' lang='lat' dir='ltr'><strong>ligata</strong></span> <span class='ocrx_word' id='word_1_619' title='bbox 1906 4083 1958 4136; x_wconf 92' lang='lat' dir='ltr'><strong>in</strong></span> <span class='ocrx_word' id='word_1_620' title='bbox 1990 4072 2149 4145; x_wconf 72' lang='grc' dir='ltr'>οἷιιιο,</span> <span class='ocrx_word' id='word_1_621' title='bbox 2188 4093 2241 4138; x_wconf 83' lang='grc' dir='ltr'><strong>ει</strong></span> <span class='ocrx_word' id='word_1_622' title='bbox 2271 4072 2612 4153; x_wconf 62' lang='lat' dir='ltr'><strong>quaecunque</strong></span> <span class='ocrx_word' id='word_1_623' title='bbox 2644 4072 2913 4153; x_wconf 63' lang='lat' dir='ltr'><strong>solveritis</strong></span> <span class='ocrx_word' id='word_1_624' title='bbox 2941 4093 3104 4147; x_wconf 90' lang='lat' dir='ltr'><strong>super</strong></span> <span class='ocrx_word' id='word_1_625' title='bbox 3131 4086 3356 4153; x_wconf 77' lang='lat' dir='ltr'><strong>terram,</strong></span> <span class='ocrx_word' id='word_1_626' title='bbox 3388 4087 3550 4153; x_wconf 62' lang='lat' dir='ltr'><strong>ennut</strong></span> <span class='ocrx_word' id='word_1_627' title='bbox 3582 4072 3757 4132; x_wconf 75' lang='lat' dir='ltr'><strong>saluta</strong></span> 
     </span>
    </p>
   </div>
   <div class='ocr_carea' id='block_1_76' title="bbox 505 4141 3751 4221">
    <p class='ocr_par' dir='ltr' id='par_1_76' title="bbox 505 4141 3751 4221">
     <span class='ocr_line' id='line_1_76' title="bbox 505 4141 3751 4221; baseline 0.002 -27"><span class='ocrx_word' id='word_1_628' title='bbox 505 4141 650 4221; x_wconf 79' lang='lat' dir='ltr'><strong>et_in</strong></span> <span class='ocrx_word' id='word_1_629' title='bbox 676 4141 842 4221; x_wconf 50' lang='lat' dir='ltr'><strong>cado;1</strong></span> <span class='ocrx_word' id='word_1_630' title='bbox 870 4161 888 4192; x_wconf 83' lang='grc'>›</span> <span class='ocrx_word' id='word_1_631' title='bbox 920 4142 1072 4200; x_wconf 88' lang='lat' dir='ltr'><strong>Juste</strong></span> <span class='ocrx_word' id='word_1_632' title='bbox 1099 4141 1243 4221; x_wconf 80' lang='lat' dir='ltr'><strong>enim</strong></span> <span class='ocrx_word' id='word_1_633' title='bbox 1277 4149 1463 4221; x_wconf 78' lang='lat' dir='ltr'><strong>ligavit</strong></span> <span class='ocrx_word' id='word_1_634' title='bbox 1491 4151 1584 4218; x_wconf 94' lang='lat' dir='ltr'><strong>qui</strong></span> <span class='ocrx_word' id='word_1_635' title='bbox 1623 4162 1704 4205; x_wconf 78' lang='lat' dir='ltr'><strong>ter</strong></span> <span class='ocrx_word' id='word_1_636' title='bbox 1731 4141 1930 4221; x_wconf 56' lang='lat' dir='ltr'><strong>arguit,</strong></span> <span class='ocrx_word' id='word_1_637' title='bbox 1971 4162 2025 4206; x_wconf 86' lang='lat' dir='ltr'><strong>et</strong></span> <span class='ocrx_word' id='word_1_638' title='bbox 2062 4141 2167 4206; x_wconf 80' lang='lat' dir='ltr'><strong>non</strong></span> <span class='ocrx_word' id='word_1_639' title='bbox 2208 4141 2559 4217; x_wconf 60' lang='lat' dir='ltr'><strong>est&#39;auditus&#39;,</strong></span> <span class='ocrx_word' id='word_1_640' title='bbox 2591 4167 2714 4205; x_wconf 77' lang='lat' dir='ltr'><strong>eum</strong></span> <span class='ocrx_word' id='word_1_641' title='bbox 2756 4149 2847 4219; x_wconf 91' lang='lat' dir='ltr'><strong>qui</strong></span> <span class='ocrx_word' id='word_1_642' title='bbox 2873 4141 3169 4221; x_wconf 71' lang='lat' dir='ltr'><strong>factusest</strong></span> <span class='ocrx_word' id='word_1_643' title='bbox 3192 4141 3683 4221; x_wconf 81' lang='lat' dir='ltr'><strong>sicutpublicanus</strong></span> <span class='ocrx_word' id='word_1_644' title='bbox 3707 4156 3751 4201; x_wconf 91' lang='lat' dir='ltr'><strong>et</strong></span> 
     </span>
    </p>
   </div>
   <div class='ocr_carea' id='block_1_77' title="bbox 503 4210 3755 4292">
    <p class='ocr_par' dir='ltr' id='par_1_77' title="bbox 503 4210 3755 4292">
     <span class='ocr_line' id='line_1_77' title="bbox 503 4210 3755 4292; baseline 0.002 -29"><span class='ocrx_word' id='word_1_645' title='bbox 503 4211 777 4292; x_wconf 81' lang='lat' dir='ltr'><strong>ethnicus.</strong></span> <span class='ocrx_word' id='word_1_646' title='bbox 806 4210 1096 4292; x_wconf 64' lang='lat' dir='ltr'><strong>Propterea</strong></span> <span class='ocrx_word' id='word_1_647' title='bbox 1121 4218 1208 4269; x_wconf 82' lang='lat' dir='ltr'><strong>ille</strong></span> <span class='ocrx_word' id='word_1_648' title='bbox 1239 4210 1362 4292; x_wconf 79' lang='lat' dir='ltr'><strong>talis</strong></span> <span class='ocrx_word' id='word_1_649' title='bbox 1384 4210 1645 4292; x_wconf 71' lang='lat' dir='ltr'><strong>alligatus</strong></span> <span class='ocrx_word' id='word_1_650' title='bbox 1672 4231 1775 4284; x_wconf 90' lang='lat' dir='ltr'><strong>est,</strong></span> <span class='ocrx_word' id='word_1_651' title='bbox 1796 4210 1861 4275; x_wconf 59' lang='lat' dir='ltr'><strong>ct</strong></span> <span class='ocrx_word' id='word_1_652' title='bbox 1886 4210 2279 4279; x_wconf 89' lang='lat' dir='ltr'><strong>condemnatus</strong></span> <span class='ocrx_word' id='word_1_653' title='bbox 2300 4234 2383 4279; x_wconf 91' lang='lat' dir='ltr'><strong>est</strong></span> <span class='ocrx_word' id='word_1_654' title='bbox 2409 4210 2555 4292; x_wconf 84' lang='lat' dir='ltr'><strong>apud</strong></span> <span class='ocrx_word' id='word_1_655' title='bbox 2577 4210 2887 4292; x_wconf 37' lang='lat' dir='ltr'><strong>omnestqui</strong></span> <span class='ocrx_word' id='word_1_656' title='bbox 2913 4226 3041 4292; x_wconf 87' lang='lat' dir='ltr'><strong>sunt</strong></span> <span class='ocrx_word' id='word_1_657' title='bbox 3071 4216 3126 4270; x_wconf 90' lang='lat' dir='ltr'><strong>in</strong></span> <span class='ocrx_word' id='word_1_658' title='bbox 3160 4217 3320 4272; x_wconf 66' lang='lat' dir='ltr'><strong>caelo.</strong></span> <span class='ocrx_word' id='word_1_659' title='bbox 3338 4210 3425 4292; x_wconf 60' lang='lat' dir='ltr'><strong>ita</strong></span> <span class='ocrx_word' id='word_1_660' title='bbox 3446 4218 3567 4292; x_wconf 88' lang='lat' dir='ltr'><strong>et_si</strong></span> <span class='ocrx_word' id='word_1_661' title='bbox 3592 4232 3755 4292; x_wconf 50' lang='lat' dir='ltr'><strong>arguf</strong></span> 
     </span>
    </p>
   </div>
   <div class='ocr_carea' id='block_1_78' title="bbox 510 4283 3754 4360">
    <p class='ocr_par' dir='ltr' id='par_1_78' title="bbox 510 4283 3754 4360">
     <span class='ocr_line' id='line_1_78' title="bbox 510 4283 3754 4360; baseline 0.002 -26"><span class='ocrx_word' id='word_1_662' title='bbox 510 4289 599 4335; x_wconf 89' lang='lat' dir='ltr'><strong>tus</strong></span> <span class='ocrx_word' id='word_1_663' title='bbox 629 4283 1001 4360; x_wconf 78' lang='lat' dir='ltr'><strong>emendavth</strong></span> <span class='ocrx_word' id='word_1_664' title='bbox 1043 4301 1120 4347; x_wconf 86' lang='lat' dir='ltr'><strong>se,</strong></span> <span class='ocrx_word' id='word_1_665' title='bbox 1155 4296 1213 4340; x_wconf 91' lang='lat' dir='ltr'><strong>ut</strong></span> <span class='ocrx_word' id='word_1_666' title='bbox 1234 4289 1345 4360; x_wconf 80' lang='lat' dir='ltr'><strong>jam</strong></span> <span class='ocrx_word' id='word_1_667' title='bbox 1378 4283 1634 4344; x_wconf 74' lang='lat' dir='ltr'><strong>funiculis</strong></span> <span class='ocrx_word' id='word_1_668' title='bbox 1665 4283 2010 4360; x_wconf 84' lang='lat' dir='ltr'><strong>peceatorum</strong></span> <span class='ocrx_word' id='word_1_669' title='bbox 2039 4308 2261 4347; x_wconf 88' lang='lat' dir='ltr'><strong>suorum</strong></span> <span class='ocrx_word' id='word_1_670' title='bbox 2299 4310 2407 4348; x_wconf 87' lang='lat' dir='ltr'><strong>non</strong></span> <span class='ocrx_word' id='word_1_671' title='bbox 2436 4283 2507 4347; x_wconf 77' lang='lat' dir='ltr'><strong>sit</strong></span> <span class='ocrx_word' id='word_1_672' title='bbox 2528 4292 2749 4360; x_wconf 83' lang='lat' dir='ltr'><strong>ligatus,</strong></span> <span class='ocrx_word' id='word_1_673' title='bbox 2771 4283 2916 4358; x_wconf 82' lang='lat' dir='ltr'><strong>juste</strong></span> <span class='ocrx_word' id='word_1_674' title='bbox 2938 4288 3149 4360; x_wconf 78' lang='lat' dir='ltr'><strong>solutus</strong></span> <span class='ocrx_word' id='word_1_675' title='bbox 3175 4296 3260 4360; x_wconf 77' lang='lat' dir='ltr'><strong>est</strong></span> <span class='ocrx_word' id='word_1_676' title='bbox 3281 4286 3438 4360; x_wconf 79' lang='lat' dir='ltr'><strong>etiam</strong></span> <span class='ocrx_word' id='word_1_677' title='bbox 3465 4286 3534 4340; x_wconf 89' lang='lat' dir='ltr'><strong>ab</strong></span> <span class='ocrx_word' id='word_1_678' title='bbox 3555 4287 3640 4360; x_wconf 83' lang='lat' dir='ltr'><strong>eis</strong></span> <span class='ocrx_word' id='word_1_679' title='bbox 3659 4283 3754 4354; x_wconf 73' lang='lat' dir='ltr'><strong>qui</strong></span> 
     </span>
    </p>
   </div>
   <div class='ocr_carea' id='block_1_79' title="bbox 506 4351 3753 4436">
    <p class='ocr_par' dir='ltr' id='par_1_79' title="bbox 506 4351 3753 4436">
     <span class='ocr_line' id='line_1_79' title="bbox 506 4351 3753 4436; baseline 0.002 -32"><span class='ocrx_word' id='word_1_680' title='bbox 506 4359 631 4404; x_wconf 88' lang='lat' dir='ltr'><strong>sunt</strong></span> <span class='ocrx_word' id='word_1_681' title='bbox 664 4351 715 4403; x_wconf 93' lang='lat' dir='ltr'><strong>in</strong></span> <span class='ocrx_word' id='word_1_682' title='bbox 745 4353 903 4407; x_wconf 69' lang='lat' dir='ltr'><strong>cmlo.</strong></span> <span class='ocrx_word' id='word_1_683' title='bbox 938 4352 1139 4434; x_wconf 82' lang='lat' dir='ltr'><strong>Tamen</strong></span> <span class='ocrx_word' id='word_1_684' title='bbox 1173 4351 1493 4436; x_wconf 38' lang='lat' dir='ltr'><strong>et‘illaquae</strong></span> <span class='ocrx_word' id='word_1_685' title='bbox 1517 4351 1769 4436; x_wconf 76' lang='lat' dir='ltr'><strong>superius</strong></span> <span class='ocrx_word' id='word_1_686' title='bbox 1794 4362 1895 4414; x_wconf 94' lang='lat' dir='ltr'><strong>soli</strong></span> <span class='ocrx_word' id='word_1_687' title='bbox 1920 4361 2081 4436; x_wconf 60' lang='lat' dir='ltr'><strong>Retro</strong></span> <span class='ocrx_word' id='word_1_688' title='bbox 2111 4371 2239 4436; x_wconf 86' lang='lat' dir='ltr'><strong>sunt</strong></span> <span class='ocrx_word' id='word_1_689' title='bbox 2265 4364 2430 4425; x_wconf 87' lang='lat' dir='ltr'><strong>dicta,</strong></span> <span class='ocrx_word' id='word_1_690' title='bbox 2461 4351 2897 4436; x_wconf 73' lang='lat' dir='ltr'><strong>videnturetiam</strong></span> <span class='ocrx_word' id='word_1_691' title='bbox 2946 4357 3065 4411; x_wconf 82' lang='lat' dir='ltr'><strong>istis</strong></span> <span class='ocrx_word' id='word_1_692' title='bbox 3087 4356 3337 4411; x_wconf 79' lang='lat' dir='ltr'><strong>omnibus</strong></span> <span class='ocrx_word' id='word_1_693' title='bbox 3357 4351 3753 4436; x_wconf 18' lang='lat' dir='ltr'><strong>dic_ta,Aqui‘i_e_r</strong></span> 
     </span>
    </p>
   </div>
   <div class='ocr_carea' id='block_1_80' title="bbox 512 4425 3752 4502">
    <p class='ocr_par' dir='ltr' id='par_1_80' title="bbox 512 4425 3752 4502">
     <span class='ocr_line' id='line_1_80' title="bbox 512 4425 3752 4502; baseline 0.002 -30"><span class='ocrx_word' id='word_1_694' title='bbox 512 4433 801 4502; x_wconf 78' lang='lat' dir='ltr'><strong>peccantes</strong></span> <span class='ocrx_word' id='word_1_695' title='bbox 825 4425 1125 4502; x_wconf 72' lang='lat' dir='ltr'><strong>arguerint,</strong></span> <span class='ocrx_word' id='word_1_696' title='bbox 1155 4428 1198 4502; x_wconf 82' lang='lat' dir='ltr'><strong>si</strong></span> <span class='ocrx_word' id='word_1_697' title='bbox 1235 4425 1404 4502; x_wconf 83' lang='lat' dir='ltr'><strong>auditi</strong></span> <span class='ocrx_word' id='word_1_698' title='bbox 1430 4444 1536 4502; x_wconf 82' lang='lat' dir='ltr'><strong>non</strong></span> <span class='ocrx_word' id='word_1_699' title='bbox 1567 4425 1790 4494; x_wconf 82' lang='lat' dir='ltr'><strong>fuerint,</strong></span> <span class='ocrx_word' id='word_1_700' title='bbox 1824 4442 1877 4485; x_wconf 93' lang='lat' dir='ltr'><strong>et</strong></span> <span class='ocrx_word' id='word_1_701' title='bbox 1904 4432 2249 4501; x_wconf 88' lang='lat' dir='ltr'><strong>alligaverint</strong></span> <span class='ocrx_word' id='word_1_702' title='bbox 2278 4449 2441 4502; x_wconf 89' lang='lat' dir='ltr'><strong>super</strong></span> <span class='ocrx_word' id='word_1_703' title='bbox 2472 4440 2671 4502; x_wconf 82' lang='lat' dir='ltr'><strong>terram</strong></span> <span class='ocrx_word' id='word_1_704' title='bbox 2702 4430 3011 4502; x_wconf 72' lang='lat' dir='ltr'><strong>judicantes</strong></span> <span class='ocrx_word' id='word_1_705' title='bbox 3037 4436 3370 4502; x_wconf 82' lang='lat' dir='ltr'><strong>peccatorem</strong></span> <span class='ocrx_word' id='word_1_706' title='bbox 3408 4425 3552 4478; x_wconf 90' lang='lat' dir='ltr'><strong>sicut</strong></span> <span class='ocrx_word' id='word_1_707' title='bbox 3576 4426 3752 4502; x_wconf 78' lang='lat' dir='ltr'><strong>publi-</strong></span> 
     </span>
    </p>
   </div>
   <div class='ocr_carea' id='block_1_81' title="bbox 505 4493 3751 4572">
    <p class='ocr_par' dir='ltr' id='par_1_81' title="bbox 505 4493 3751 4572">
     <span class='ocr_line' id='line_1_81' title="bbox 505 4493 3751 4572; baseline 0.003 -30"><span class='ocrx_word' id='word_1_708' title='bbox 505 4504 701 4572; x_wconf 60' lang='lat' dir='ltr'><strong>canum</strong></span> <span class='ocrx_word' id='word_1_709' title='bbox 725 4500 783 4572; x_wconf 81' lang='lat' dir='ltr'><strong>et</strong></span> <span class='ocrx_word' id='word_1_710' title='bbox 811 4493 1111 4572; x_wconf 68' lang='lat' dir='ltr'><strong>ethnicuni.</strong></span> <span class='ocrx_word' id='word_1_711' title='bbox 1142 4497 1246 4549; x_wconf 70' lang='lat' dir='ltr'><strong>Sed</strong></span> <span class='ocrx_word' id='word_1_712' title='bbox 1271 4498 1536 4572; x_wconf 66' lang='lat' dir='ltr'><strong>quoniam</strong></span> <span class='ocrx_word' id='word_1_713' title='bbox 1568 4502 1856 4572; x_wconf 85' lang='lat' dir='ltr'><strong>oportebat</strong></span> <span class='ocrx_word' id='word_1_714' title='bbox 1881 4493 2083 4570; x_wconf 70' lang='lat' dir='ltr'><strong>aliquid</strong></span> <span class='ocrx_word' id='word_1_715' title='bbox 2112 4503 2291 4572; x_wconf 86' lang='lat' dir='ltr'><strong>majus</strong></span> <span class='ocrx_word' id='word_1_716' title='bbox 2320 4493 2519 4557; x_wconf 68' lang='lat' dir='ltr'><strong>habere</strong></span> <span class='ocrx_word' id='word_1_717' title='bbox 2543 4493 2762 4554; x_wconf 55' lang='lat' dir='ltr'><strong>Petru&#39;m</strong></span> <span class='ocrx_word' id='word_1_718' title='bbox 2787 4513 2896 4568; x_wconf 63' lang='lat' dir='ltr'><strong>prae</strong></span> <span class='ocrx_word' id='word_1_719' title='bbox 2926 4493 3160 4572; x_wconf 31' lang='lat' dir='ltr'><strong>illisiqui</strong></span> <span class='ocrx_word' id='word_1_720' title='bbox 3184 4506 3262 4551; x_wconf 87' lang='lat' dir='ltr'><strong>ter</strong></span> <span class='ocrx_word' id='word_1_721' title='bbox 3286 4493 3603 4564; x_wconf 66' lang='lat' dir='ltr'><strong>arguerant,</strong></span> <span class='ocrx_word' id='word_1_722' title='bbox 3637 4496 3751 4551; x_wconf 88' lang='lat' dir='ltr'><strong>ideo</strong></span> 
     </span>
    </p>
   </div>
   <div class='ocr_carea' id='block_1_82' title="bbox 504 4558 3752 4650">
    <p class='ocr_par' dir='ltr' id='par_1_82' title="bbox 504 4558 3752 4650">
     <span class='ocr_line' id='line_1_82' title="bbox 504 4558 3752 4650; baseline 0.002 -39"><span class='ocrx_word' id='word_1_723' title='bbox 504 4558 584 4650; x_wconf 87' lang='lat' dir='ltr'><strong>illi</strong></span> <span class='ocrx_word' id='word_1_724' title='bbox 609 4562 825 4650; x_wconf 78' lang='lat' dir='ltr'><strong>quidem</strong></span> <span class='ocrx_word' id='word_1_725' title='bbox 868 4563 1123 4650; x_wconf 43' lang='lat' dir='ltr'><strong>sic-&quot;dixit</strong></span> <span class='ocrx_word' id='word_1_726' title='bbox 1160 4582 1172 4618; x_wconf 93' lang='lat'><strong>:</strong></span> <span class='ocrx_word' id='word_1_727' title='bbox 1213 4584 1230 4617; x_wconf 76' lang='grc' dir='ltr'><strong>ι</strong></span> <span class='ocrx_word' id='word_1_728' title='bbox 1269 4558 1334 4619; x_wconf 83' lang='grc' dir='ltr'>Ει</span> <span class='ocrx_word' id='word_1_729' title='bbox 1374 4567 1470 4620; x_wconf 89' lang='lat' dir='ltr'><strong>tibi</strong></span> <span class='ocrx_word' id='word_1_730' title='bbox 1501 4558 1641 4650; x_wconf 75' lang='lat' dir='ltr'><strong>dabo</strong></span> <span class='ocrx_word' id='word_1_731' title='bbox 1665 4571 1844 4650; x_wconf 78' lang='lat' dir='ltr'><strong>claves</strong></span> <span class='ocrx_word' id='word_1_732' title='bbox 1888 4558 2039 4639; x_wconf 70' lang='lat' dir='ltr'><strong>regni</strong></span> <span class='ocrx_word' id='word_1_733' title='bbox 2073 4558 2362 4635; x_wconf 62' lang='lat' dir='ltr'><strong>caalo&#39;rum,</strong></span> <span class='ocrx_word' id='word_1_734' title='bbox 2403 4558 2836 4650; x_wconf 72' lang='lat' dir='ltr'><strong>et__quaecunque</strong></span> <span class='ocrx_word' id='word_1_735' title='bbox 2867 4558 3301 4650; x_wconf 51' lang='lat' dir='ltr'><strong>solveris‘super</strong></span> <span class='ocrx_word' id='word_1_736' title='bbox 3335 4558 3560 4650; x_wconf 67' lang='lat' dir='ltr'><strong>tiarrarn,</strong></span> <span class='ocrx_word' id='word_1_737' title='bbox 3590 4558 3752 4650; x_wconf 66' lang='lat' dir='ltr'><strong>erunt</strong></span> 
     </span>
    </p>
   </div>
   <div class='ocr_carea' id='block_1_83' title="bbox 507 4631 3751 4711">
    <p class='ocr_par' dir='ltr' id='par_1_83' title="bbox 507 4631 3751 4711">
     <span class='ocr_line' id='line_1_83' title="bbox 507 4631 3751 4711; baseline 0.002 -31"><span class='ocrx_word' id='word_1_738' title='bbox 507 4631 761 4711; x_wconf 32' lang='lat' dir='ltr'><strong>solutanet</strong></span> <span class='ocrx_word' id='word_1_739' title='bbox 795 4632 846 4685; x_wconf 94' lang='lat' dir='ltr'><strong>in</strong></span> <span class='ocrx_word' id='word_1_740' title='bbox 876 4633 1031 4711; x_wconf 70' lang='lat' dir='ltr'><strong>malis</strong></span> <span class='ocrx_word' id='word_1_741' title='bbox 1048 4648 1080 4711; x_wconf 45' lang='grc' dir='ltr'><em>ὲ</em></span> <span class='ocrx_word' id='word_1_742' title='bbox 1095 4643 1147 4687; x_wconf 88' lang='lat' dir='ltr'><strong>et</strong></span> <span class='ocrx_word' id='word_1_743' title='bbox 1174 4652 1513 4711; x_wconf 62' lang='lat' dir='ltr'><strong>qumcunque</strong></span> <span class='ocrx_word' id='word_1_744' title='bbox 1544 4640 1798 4709; x_wconf 86' lang='lat' dir='ltr'><strong>ligaveris</strong></span> <span class='ocrx_word' id='word_1_745' title='bbox 1830 4631 1993 4710; x_wconf 51' lang='lat' dir='ltr'><strong>supevr</strong></span> <span class='ocrx_word' id='word_1_746' title='bbox 2016 4650 2238 4708; x_wconf 89' lang='lat' dir='ltr'><strong>terram,</strong></span> <span class='ocrx_word' id='word_1_747' title='bbox 2270 4631 2432 4697; x_wconf 86' lang='lat' dir='ltr'><strong>erunt</strong></span> <span class='ocrx_word' id='word_1_748' title='bbox 2461 4631 2622 4711; x_wconf 68' lang='lat' dir='ltr'><strong>ligata</strong></span> <span class='ocrx_word' id='word_1_749' title='bbox 2659 4650 2712 4694; x_wconf 91' lang='lat' dir='ltr'><strong>et</strong></span> <span class='ocrx_word' id='word_1_750' title='bbox 2746 4631 2803 4711; x_wconf 80' lang='lat' dir='ltr'><strong>in</strong></span> <span class='ocrx_word' id='word_1_751' title='bbox 2842 4637 3015 4693; x_wconf 80' lang='lat' dir='ltr'><strong>caelis.</strong></span> <span class='ocrx_word' id='word_1_752' title='bbox 3048 4631 3224 4711; x_wconf 46' lang='lat' dir='ltr'><strong>{Non</strong></span> <span class='ocrx_word' id='word_1_753' title='bbox 3254 4651 3383 4705; x_wconf 85' lang='lat' dir='ltr'><strong>ergo</strong></span> <span class='ocrx_word' id='word_1_754' title='bbox 3407 4635 3622 4690; x_wconf 88' lang='lat' dir='ltr'><strong>modica</strong></span> <span class='ocrx_word' id='word_1_755' title='bbox 3652 4635 3751 4689; x_wconf 87' lang='lat' dir='ltr'><strong>dif-</strong></span> 
     </span>
    </p>
   </div>
   <div class='ocr_carea' id='block_1_84' title="bbox 509 4698 3753 4786">
    <p class='ocr_par' dir='ltr' id='par_1_84' title="bbox 509 4698 3753 4786">
     <span class='ocr_line' id='line_1_84' title="bbox 509 4698 3753 4786; baseline 0.002 -34"><span class='ocrx_word' id='word_1_756' title='bbox 509 4698 843 4786; x_wconf 58' lang='lat' dir='ltr'><strong>ferentiaest</strong></span> <span class='ocrx_word' id='word_1_757' title='bbox 866 4704 1011 4786; x_wconf 80' lang='lat' dir='ltr'><strong>quod</strong></span> <span class='ocrx_word' id='word_1_758' title='bbox 1043 4698 1205 4758; x_wconf 82' lang='lat' dir='ltr'><strong>Petro</strong></span> <span class='ocrx_word' id='word_1_759' title='bbox 1234 4698 1452 4786; x_wconf 69' lang='lat' dir='ltr'><strong>quidem</strong></span> <span class='ocrx_word' id='word_1_760' title='bbox 1481 4698 1620 4764; x_wconf 63' lang='lat' dir='ltr'><strong>datae</strong></span> <span class='ocrx_word' id='word_1_761' title='bbox 1651 4718 1779 4764; x_wconf 89' lang='lat' dir='ltr'><strong>sunt</strong></span> <span class='ocrx_word' id='word_1_762' title='bbox 1805 4698 1986 4786; x_wconf 72' lang='lat' dir='ltr'><strong>claves</strong></span> <span class='ocrx_word' id='word_1_763' title='bbox 2022 4727 2130 4766; x_wconf 92' lang='lat' dir='ltr'><strong>non</strong></span> <span class='ocrx_word' id='word_1_764' title='bbox 2158 4698 2321 4786; x_wconf 35' lang='lat' dir='ltr'><strong>uniius</strong></span> <span class='ocrx_word' id='word_1_765' title='bbox 2347 4698 2626 4786; x_wconf 38' lang='lat' dir='ltr'><strong>cmlifsed</strong></span> <span class='ocrx_word' id='word_1_766' title='bbox 2657 4709 2951 4786; x_wconf 72' lang='lat' dir='ltr'><strong>multorum</strong></span> <span class='ocrx_word' id='word_1_767' title='bbox 2988 4707 3277 4771; x_wconf 57' lang='lat' dir='ltr'><strong>calorum,</strong></span> <span class='ocrx_word' id='word_1_768' title='bbox 3318 4698 3401 4786; x_wconf 61' lang='lat' dir='ltr'><strong>ut</strong></span> <span class='ocrx_word' id='word_1_769' title='bbox 3423 4720 3753 4786; x_wconf 68' lang='lat' dir='ltr'><strong>quaecunque</strong></span> 
     </span>
    </p>
   </div>
   <div class='ocr_carea' id='block_1_85' title="bbox 506 4766 3746 4850">
    <p class='ocr_par' dir='ltr' id='par_1_85' title="bbox 506 4766 3746 4850">
     <span class='ocr_line' id='line_1_85' title="bbox 506 4766 3746 4850; baseline 0.005 -31"><span class='ocrx_word' id='word_1_770' title='bbox 506 4766 753 4837; x_wconf 77' lang='lat' dir='ltr'><strong>liguverit</strong></span> <span class='ocrx_word' id='word_1_771' title='bbox 779 4766 937 4842; x_wconf 79' lang='lat' dir='ltr'><strong>super</strong></span> <span class='ocrx_word' id='word_1_772' title='bbox 971 4783 1193 4841; x_wconf 84' lang='lat' dir='ltr'><strong>terram,</strong></span> <span class='ocrx_word' id='word_1_773' title='bbox 1228 4766 1338 4830; x_wconf 83' lang='lat' dir='ltr'><strong>sint</strong></span> <span class='ocrx_word' id='word_1_774' title='bbox 1361 4777 1522 4846; x_wconf 83' lang='lat' dir='ltr'><strong>ligata</strong></span> <span class='ocrx_word' id='word_1_775' title='bbox 1548 4795 1653 4834; x_wconf 89' lang='lat' dir='ltr'><strong>non</strong></span> <span class='ocrx_word' id='word_1_776' title='bbox 1687 4789 1895 4834; x_wconf 89' lang='lat' dir='ltr'><strong>tantum</strong></span> <span class='ocrx_word' id='word_1_777' title='bbox 1922 4782 1976 4835; x_wconf 91' lang='lat' dir='ltr'><strong>in</strong></span> <span class='ocrx_word' id='word_1_778' title='bbox 2001 4798 2110 4837; x_wconf 90' lang='lat' dir='ltr'><strong>uno</strong></span> <span class='ocrx_word' id='word_1_779' title='bbox 2140 4783 2299 4844; x_wconf 85' lang='lat' dir='ltr'><strong>coelo,</strong></span> <span class='ocrx_word' id='word_1_780' title='bbox 2332 4785 2424 4837; x_wconf 91' lang='lat' dir='ltr'><strong>scd</strong></span> <span class='ocrx_word' id='word_1_781' title='bbox 2460 4766 2514 4834; x_wconf 75' lang='lat' dir='ltr'><strong>in</strong></span> <span class='ocrx_word' id='word_1_782' title='bbox 2548 4780 2802 4834; x_wconf 87' lang='lat' dir='ltr'><strong>omnibus</strong></span> <span class='ocrx_word' id='word_1_783' title='bbox 2831 4777 2986 4833; x_wconf 72' lang='lat' dir='ltr'><strong>cmlis</strong></span> <span class='ocrx_word' id='word_1_784' title='bbox 3007 4817 3029 4843; x_wconf 63' lang='grc' dir='ltr'>ι</span> <span class='ocrx_word' id='word_1_785' title='bbox 3068 4788 3122 4835; x_wconf 90' lang='lat' dir='ltr'><strong>et</strong></span> <span class='ocrx_word' id='word_1_786' title='bbox 3161 4766 3283 4850; x_wconf 59' lang='lat' dir='ltr'><strong>quae</strong></span> <span class='ocrx_word' id='word_1_787' title='bbox 3322 4766 3548 4840; x_wconf 77' lang='lat' dir='ltr'><strong>solverit</strong></span> <span class='ocrx_word' id='word_1_788' title='bbox 3583 4766 3746 4849; x_wconf 81' lang='lat' dir='ltr'><strong>super</strong></span> 
     </span>
    </p>
   </div>
   <div class='ocr_carea' id='block_1_86' title="bbox 579 4883 1785 4963">
    <p class='ocr_par' dir='ltr' id='par_1_86' title="bbox 579 4883 1785 4963">
     <span class='ocr_line' id='line_1_86' title="bbox 579 4883 1785 4963; baseline 0.014 -28"><span class='ocrx_word' id='word_1_789' title='bbox 579 4883 621 4913; x_wconf 83' lang='grc'><strong>⁶¹</strong></span> <span class='ocrx_word' id='word_1_790' title='bbox 664 4883 853 4941; x_wconf 79' lang='lat' dir='ltr'><strong>Matth.</strong></span> <span class='ocrx_word' id='word_1_791' title='bbox 886 4905 1041 4953; x_wconf 81' lang='lat' dir='ltr'><strong>xvnr,</strong></span> <span class='ocrx_word' id='word_1_792' title='bbox 1076 4891 1142 4945; x_wconf 83' lang='lat' dir='ltr'><strong>l8</strong></span> <span class='ocrx_word' id='word_1_793' title='bbox 1241 4894 1284 4925; x_wconf 71' lang='grc' dir='ltr'>θ’</span> <span class='ocrx_word' id='word_1_794' title='bbox 1323 4892 1512 4948; x_wconf 86' lang='lat' dir='ltr'><strong>Matth.</strong></span> <span class='ocrx_word' id='word_1_795' title='bbox 1554 4913 1664 4963; x_wconf 80' lang='lat' dir='ltr'><strong>xvr,</strong></span> <span class='ocrx_word' id='word_1_796' title='bbox 1698 4898 1785 4952; x_wconf 81' lang='lat' dir='ltr'><strong>l9.</strong></span> 
     </span>
    </p>
   </div>
   <div class='ocr_carea' id='block_1_87' title="bbox 580 5001 2067 5085">
    <p class='ocr_par' dir='ltr' id='par_1_87' title="bbox 580 5001 2067 5085">
     <span class='ocr_line' id='line_1_87' title="bbox 580 5001 2067 5085; baseline 0.009 -30"><span class='ocrx_word' id='word_1_797' title='bbox 580 5001 691 5073; x_wconf 88' lang='lat'><strong>(86)</strong></span> <span class='ocrx_word' id='word_1_798' title='bbox 704 5083 710 5085; x_wconf 19' lang='grc' dir='ltr'><em>Α</em></span> <span class='ocrx_word' id='word_1_799' title='bbox 724 5007 965 5085; x_wconf 48' lang='lat' dir='ltr'><strong>amata-ig</strong></span> <span class='ocrx_word' id='word_1_800' title='bbox 985 5008 1092 5085; x_wconf 59' lang='grc' dir='ltr'>τᾴρ</span> <span class='ocrx_word' id='word_1_801' title='bbox 1105 5010 1338 5085; x_wconf 28' lang='grc' dir='ltr'>’ἔδησεν</span> <span class='ocrx_word' id='word_1_802' title='bbox 1355 5016 1395 5085; x_wconf 15' lang='grc' dir='ltr'><strong>όν</strong></span> <span class='ocrx_word' id='word_1_803' title='bbox 1410 5012 1534 5080; x_wconf 80' lang='grc' dir='ltr'>τρὶς</span> <span class='ocrx_word' id='word_1_804' title='bbox 1554 5016 1946 5082; x_wconf 76' lang='grc' dir='ltr'>νουθετήσας,</span> <span class='ocrx_word' id='word_1_805' title='bbox 1964 5027 2067 5072; x_wconf 87' lang='lat' dir='ltr'><strong>etc.</strong></span> 
     </span>
    </p>
   </div>
   <div class='ocr_carea' id='block_1_88' title="bbox 505 5075 2073 5145">
    <p class='ocr_par' dir='ltr' id='par_1_88' title="bbox 505 5075 2073 5145">
     <span class='ocr_line' id='line_1_88' title="bbox 505 5075 2073 5145; baseline 0.011 -20"><span class='ocrx_word' id='word_1_806' title='bbox 505 5075 865 5145; x_wconf 57' lang='lat' dir='ltr'><strong>Augustinus,</strong></span> <span class='ocrx_word' id='word_1_807' title='bbox 894 5075 969 5129; x_wconf 86' lang='lat' dir='ltr'><strong>De</strong></span> <span class='ocrx_word' id='word_1_808' title='bbox 1000 5077 1160 5131; x_wconf 82' lang='lat' dir='ltr'><strong>Verbo</strong></span> <span class='ocrx_word' id='word_1_809' title='bbox 1186 5075 1603 5145; x_wconf 37' lang='lat' dir='ltr'><strong>Dominifhom.</strong></span> <span class='ocrx_word' id='word_1_810' title='bbox 1640 5086 1725 5138; x_wconf 77' lang='grc'><strong>15.</strong></span> <span class='ocrx_word' id='word_1_811' title='bbox 1750 5075 2073 5142; x_wconf 72' lang='lat' dir='ltr'><strong>Anastasius</strong></span> 
     </span>
    </p>
   </div>
   <div class='ocr_carea' id='block_1_89' title="bbox 502 5144 2074 5226">
    <p class='ocr_par' dir='ltr' id='par_1_89' title="bbox 502 5144 2074 5226">
     <span class='ocr_line' id='line_1_89' title="bbox 502 5144 2074 5226; baseline 0.007 -28"><span class='ocrx_word' id='word_1_812' title='bbox 502 5144 981 5226; x_wconf 42' lang='lat' dir='ltr'><strong>liiicaenusguazst.</strong></span> <span class='ocrx_word' id='word_1_813' title='bbox 1015 5148 1104 5212; x_wconf 86' lang='grc'><strong>61,</strong></span> <span class='ocrx_word' id='word_1_814' title='bbox 1130 5159 1183 5203; x_wconf 88' lang='lat' dir='ltr'><strong>et</strong></span> <span class='ocrx_word' id='word_1_815' title='bbox 1212 5152 1324 5216; x_wconf 75' lang='lat' dir='ltr'><strong>alii,</strong></span> <span class='ocrx_word' id='word_1_816' title='bbox 1354 5152 1650 5226; x_wconf 68' lang='lat' dir='ltr'><strong>Qrigenem</strong></span> <span class='ocrx_word' id='word_1_817' title='bbox 1680 5156 1873 5218; x_wconf 89' lang='lat' dir='ltr'><strong>secuti,</strong></span> <span class='ocrx_word' id='word_1_818' title='bbox 1908 5157 2074 5226; x_wconf 79' lang='lat' dir='ltr'><strong>ligan-</strong></span> 
     </span>
    </p>
   </div>
   <div class='ocr_carea' id='block_1_90' title="bbox 502 5214 2071 5293">
    <p class='ocr_par' dir='ltr' id='par_1_90' title="bbox 502 5214 2071 5293">
     <span class='ocr_line' id='line_1_90' title="bbox 502 5214 2071 5293; baseline 0.007 -25"><span class='ocrx_word' id='word_1_819' title='bbox 502 5216 555 5270; x_wconf 89' lang='lat' dir='ltr'><strong>di</strong></span> <span class='ocrx_word' id='word_1_820' title='bbox 606 5223 660 5269; x_wconf 87' lang='lat' dir='ltr'><strong>ct</strong></span> <span class='ocrx_word' id='word_1_821' title='bbox 694 5214 948 5293; x_wconf 83' lang='lat' dir='ltr'><strong>_solvendi</strong></span> <span class='ocrx_word' id='word_1_822' title='bbox 985 5214 1319 5293; x_wconf 76' lang='lat' dir='ltr'><strong>potestatem</strong></span> <span class='ocrx_word' id='word_1_823' title='bbox 1345 5214 1547 5277; x_wconf 61' lang='lat' dir='ltr'><strong>Christi</strong></span> <span class='ocrx_word' id='word_1_824' title='bbox 1582 5214 1870 5293; x_wconf 79' lang='lat' dir='ltr'><strong>discipulis</strong></span> <span class='ocrx_word' id='word_1_825' title='bbox 1897 5214 2071 5280; x_wconf 70' lang='lat' dir='ltr'><strong>tribu~</strong></span> 
     </span>
    </p>
   </div>
   <div class='ocr_carea' id='block_1_91' title="bbox 504 5286 2071 5364">
    <p class='ocr_par' dir='ltr' id='par_1_91' title="bbox 504 5286 2071 5364">
     <span class='ocr_line' id='line_1_91' title="bbox 504 5286 2071 5364; baseline 0.006 -24"><span class='ocrx_word' id='word_1_826' title='bbox 504 5297 612 5340; x_wconf 90' lang='lat' dir='ltr'><strong>tam</strong></span> <span class='ocrx_word' id='word_1_827' title='bbox 640 5286 705 5339; x_wconf 89' lang='lat' dir='ltr'><strong>ad</strong></span> <span class='ocrx_word' id='word_1_828' title='bbox 737 5301 832 5339; x_wconf 86' lang='lat' dir='ltr'><strong>eos</strong></span> <span class='ocrx_word' id='word_1_829' title='bbox 865 5302 1057 5341; x_wconf 85' lang='lat' dir='ltr'><strong>omnes</strong></span> <span class='ocrx_word' id='word_1_830' title='bbox 1086 5291 1356 5364; x_wconf 81' lang='lat' dir='ltr'><strong>pertinere</strong></span> <span class='ocrx_word' id='word_1_831' title='bbox 1382 5294 1590 5359; x_wconf 85' lang='lat' dir='ltr'><strong>volunt,</strong></span> <span class='ocrx_word' id='word_1_832' title='bbox 1617 5286 1927 5364; x_wconf 79' lang='lat' dir='ltr'><strong>quicunque</strong></span> <span class='ocrx_word' id='word_1_833' title='bbox 1960 5297 2071 5350; x_wconf 86' lang='lat' dir='ltr'><strong>fra-</strong></span> 
     </span>
    </p>
   </div>
   <div class='ocr_carea' id='block_1_92' title="bbox 503 5359 2073 5435">
    <p class='ocr_par' dir='ltr' id='par_1_92' title="bbox 503 5359 2073 5435">
     <span class='ocr_line' id='line_1_92' title="bbox 503 5359 2073 5435; baseline 0.008 -26"><span class='ocrx_word' id='word_1_834' title='bbox 503 5367 657 5435; x_wconf 75' lang='lat' dir='ltr'><strong>terna</strong></span> <span class='ocrx_word' id='word_1_835' title='bbox 686 5359 1332 5435; x_wconf 54' lang='lat' dir='ltr'><strong>peccatarcprehendunt</strong></span> <span class='ocrx_word' id='word_1_836' title='bbox 1354 5381 1382 5435; x_wconf 13' lang='lat'><strong>7:</strong></span> <span class='ocrx_word' id='word_1_837' title='bbox 1418 5359 1876 5435; x_wconf 71' lang='lat' dir='ltr'><strong>quemadmodum</strong></span> <span class='ocrx_word' id='word_1_838' title='bbox 1909 5383 2073 5435; x_wconf 85' lang='lat' dir='ltr'><strong>supra</strong></span> 
     </span>
    </p>
   </div>
   <div class='ocr_carea' id='block_1_93' title="bbox 503 5427 2077 5492">
    <p class='ocr_par' dir='ltr' id='par_1_93' title="bbox 503 5427 2077 5492">
     <span class='ocr_line' id='line_1_93' title="bbox 503 5427 2077 5492; baseline 0.008 -15"><span class='ocrx_word' id='word_1_839' title='bbox 503 5427 695 5481; x_wconf 89' lang='lat' dir='ltr'><strong>horum</strong></span> <span class='ocrx_word' id='word_1_840' title='bbox 728 5427 926 5482; x_wconf 89' lang='lat' dir='ltr'><strong>Christi</strong></span> <span class='ocrx_word' id='word_1_841' title='bbox 959 5428 1250 5483; x_wconf 88' lang='lat' dir='ltr'><strong>verborum</strong></span> <span class='ocrx_word' id='word_1_842' title='bbox 1301 5434 1365 5485; x_wconf 88' lang='lat' dir='ltr'><strong>ad</strong></span> <span class='ocrx_word' id='word_1_843' title='bbox 1417 5427 1632 5487; x_wconf 74' lang='lat' dir='ltr'><strong>Petrum</strong></span> <span class='ocrx_word' id='word_1_844' title='bbox 1666 5455 1678 5489; x_wconf 85' lang='lat'><strong>:</strong></span> <span class='ocrx_word' id='word_1_845' title='bbox 1712 5456 1729 5487; x_wconf 80' lang='grc' dir='ltr'><strong>ι</strong></span> <span class='ocrx_word' id='word_1_846' title='bbox 1760 5436 1840 5491; x_wconf 90' lang='lat' dir='ltr'><strong>Tu</strong></span> <span class='ocrx_word' id='word_1_847' title='bbox 1883 5454 1942 5492; x_wconf 86' lang='lat' dir='ltr'><strong>es</strong></span> <span class='ocrx_word' id='word_1_848' title='bbox 1980 5427 2077 5489; x_wconf 71' lang='grc' dir='ltr'><strong>Ῥυ-</strong></span> 
     </span>
    </p>
   </div>
   <div class='ocr_carea' id='block_1_94' title="bbox 505 5499 2078 5577">
    <p class='ocr_par' dir='ltr' id='par_1_94' title="bbox 505 5499 2078 5577">
     <span class='ocr_line' id='line_1_94' title="bbox 505 5499 2078 5577; baseline 0.006 -28"><span class='ocrx_word' id='word_1_849' title='bbox 505 5505 693 5577; x_wconf 56' lang='lat' dir='ltr'><strong>t.rus,_i</strong></span> <span class='ocrx_word' id='word_1_850' title='bbox 731 5506 863 5577; x_wconf 80' lang='lat' dir='ltr'><strong>etc.,</strong></span> <span class='ocrx_word' id='word_1_851' title='bbox 888 5513 1079 5552; x_wconf 87' lang='lat' dir='ltr'><strong>omnes</strong></span> <span class='ocrx_word' id='word_1_852' title='bbox 1111 5499 1313 5555; x_wconf 80' lang='lat' dir='ltr'><strong>Christi</strong></span> <span class='ocrx_word' id='word_1_853' title='bbox 1346 5504 1645 5574; x_wconf 88' lang='lat' dir='ltr'><strong>discipulos</strong></span> <span class='ocrx_word' id='word_1_854' title='bbox 1696 5506 1824 5562; x_wconf 90' lang='lat' dir='ltr'><strong>facit</strong></span> <span class='ocrx_word' id='word_1_855' title='bbox 1858 5506 2078 5577; x_wconf 83' lang='lat' dir='ltr'><strong>partici-</strong></span> 
     </span>
    </p>
   </div>
   <div class='ocr_carea' id='block_1_95' title="bbox 506 5566 2076 5647">
    <p class='ocr_par' dir='ltr' id='par_1_95' title="bbox 506 5566 2076 5647">
     <span class='ocr_line' id='line_1_95' title="bbox 506 5566 2076 5647; baseline 0.009 -32"><span class='ocrx_word' id='word_1_856' title='bbox 506 5566 728 5647; x_wconf 66' lang='lat' dir='ltr'><strong>pes._l_)e</strong></span> <span class='ocrx_word' id='word_1_857' title='bbox 765 5569 850 5623; x_wconf 91' lang='lat' dir='ltr'><strong>his</strong></span> <span class='ocrx_word' id='word_1_858' title='bbox 882 5579 1064 5623; x_wconf 90' lang='lat' dir='ltr'><strong>autem</strong></span> <span class='ocrx_word' id='word_1_859' title='bbox 1108 5581 1285 5626; x_wconf 90' lang='lat' dir='ltr'><strong>actum</strong></span> <span class='ocrx_word' id='word_1_860' title='bbox 1316 5582 1398 5628; x_wconf 85' lang='lat' dir='ltr'><strong>est</strong></span> <span class='ocrx_word' id='word_1_861' title='bbox 1435 5590 1464 5627; x_wconf 91' lang='lat' dir='ltr'><strong>a</strong></span> <span class='ocrx_word' id='word_1_862' title='bbox 1490 5566 1653 5631; x_wconf 46' lang='lat' dir='ltr'><strong>&quot;nobis</strong></span> <span class='ocrx_word' id='word_1_863' title='bbox 1699 5578 1750 5631; x_wconf 89' lang='lat' dir='ltr'><strong>in</strong></span> <span class='ocrx_word' id='word_1_864' title='bbox 1802 5566 2076 5647; x_wconf 63' lang='lat' dir='ltr'><strong>Origenia-</strong></span> 
     </span>
    </p>
   </div>
   <div class='ocr_carea' id='block_1_96' title="bbox 505 5635 892 5693">
    <p class='ocr_par' dir='ltr' id='par_1_96' title="bbox 505 5635 892 5693">
     <span class='ocr_line' id='line_1_96' title="bbox 505 5635 892 5693; baseline 0.016 -8"><span class='ocrx_word' id='word_1_865' title='bbox 505 5637 603 5687; x_wconf 81' lang='lat' dir='ltr'><strong>m&#39;s.</strong></span> <span class='ocrx_word' id='word_1_866' title='bbox 635 5635 892 5693; x_wconf 71' lang='lat' dir='ltr'><strong>Hunnus.</strong></span> 
     </span>
    </p>
   </div>
   <div class='ocr_carea' id='block_1_97' title="bbox 580 5705 2074 5782">
    <p class='ocr_par' dir='ltr' id='par_1_97' title="bbox 580 5705 2074 5782">
     <span class='ocr_line' id='line_1_97' title="bbox 580 5705 2074 5782; baseline 0.01 -26"><span class='ocrx_word' id='word_1_867' title='bbox 580 5705 687 5770; x_wconf 84' lang='lat'><strong>(87)</strong></span> <span class='ocrx_word' id='word_1_868' title='bbox 728 5708 1073 5775; x_wconf 75' lang='grc' dir='ltr'>Δεδηκότος.</span> <span class='ocrx_word' id='word_1_869' title='bbox 1133 5712 1315 5766; x_wconf 80' lang='lat' dir='ltr'><strong>Codex</strong></span> <span class='ocrx_word' id='word_1_870' title='bbox 1359 5715 1691 5782; x_wconf 82' lang='lat' dir='ltr'><strong>Anglicanus</strong></span> <span class='ocrx_word' id='word_1_871' title='bbox 1744 5717 2074 5779; x_wconf 76' lang='grc' dir='ltr'>δεδωκότοςς</span> 
     </span>
    </p>
   </div>
   <div class='ocr_carea' id='block_1_98' title="bbox 506 5782 2077 5851">
    <p class='ocr_par' dir='ltr' id='par_1_98' title="bbox 506 5782 2077 5851">
     <span class='ocr_line' id='line_1_98' title="bbox 506 5782 2077 5851; baseline 0.006 -23"><span class='ocrx_word' id='word_1_872' title='bbox 506 5782 564 5828; x_wconf 85' lang='lat' dir='ltr'><strong>at</strong></span> <span class='ocrx_word' id='word_1_873' title='bbox 615 5791 773 5845; x_wconf 75' lang='lat' dir='ltr'><strong>supra</strong></span> <span class='ocrx_word' id='word_1_874' title='bbox 830 5782 1120 5843; x_wconf 82' lang='lat' dir='ltr'><strong>ascriptum</strong></span> <span class='ocrx_word' id='word_1_875' title='bbox 1175 5783 1333 5836; x_wconf 78' lang='lat' dir='ltr'><strong>habet</strong></span> <span class='ocrx_word' id='word_1_876' title='bbox 1374 5783 1654 5851; x_wconf 75' lang='grc' dir='ltr'>δεδηκὸτος</span> <span class='ocrx_word' id='word_1_877' title='bbox 1695 5794 1855 5839; x_wconf 55' lang='lat' dir='ltr'><strong>recte.</strong></span> <span class='ocrx_word' id='word_1_878' title='bbox 1897 5788 2077 5839; x_wconf 59' lang='lat' dir='ltr'><strong>Codex</strong></span> 
     </span>
    </p>
   </div>
   <div class='ocr_carea' id='block_1_99' title="bbox 2179 5005 3751 5084">
    <p class='ocr_par' dir='ltr' id='par_1_99' title="bbox 2179 5005 3751 5084">
     <span class='ocr_line' id='line_1_99' title="bbox 2179 5005 3751 5084; baseline -0.003 -17"><span class='ocrx_word' id='word_1_879' title='bbox 2179 5016 2398 5084; x_wconf 75' lang='lat' dir='ltr'><strong>Regius.</strong></span> <span class='ocrx_word' id='word_1_880' title='bbox 2428 5012 2724 5077; x_wconf 83' lang='grc' dir='ltr'>δεδοκότος,</span> <span class='ocrx_word' id='word_1_881' title='bbox 2752 5012 2911 5084; x_wconf 56' lang='lat' dir='ltr'><strong>male.</strong></span> <span class='ocrx_word' id='word_1_882' title='bbox 2946 5012 3114 5066; x_wconf 86' lang='lat' dir='ltr'><strong>Paulo</strong></span> <span class='ocrx_word' id='word_1_883' title='bbox 3143 5018 3268 5079; x_wconf 90' lang='lat' dir='ltr'><strong>post</strong></span> <span class='ocrx_word' id='word_1_884' title='bbox 3290 5009 3431 5063; x_wconf 80' lang='lat' dir='ltr'><strong>idem</strong></span> <span class='ocrx_word' id='word_1_885' title='bbox 3451 5009 3619 5063; x_wconf 75' lang='lat' dir='ltr'><strong>codex</strong></span> <span class='ocrx_word' id='word_1_886' title='bbox 3646 5005 3751 5063; x_wconf 83' lang='lat' dir='ltr'><strong>Re-</strong></span> 
     </span>
    </p>
   </div>
   <div class='ocr_carea' id='block_1_100' title="bbox 2177 5080 2870 5157">
    <p class='ocr_par' dir='ltr' id='par_1_100' title="bbox 2177 5080 2870 5157">
     <span class='ocr_line' id='line_1_100' title="bbox 2177 5080 2870 5157; baseline -0.009 -18"><span class='ocrx_word' id='word_1_887' title='bbox 2177 5080 2320 5157; x_wconf 58' lang='lat' dir='ltr'><strong>gius,</strong></span> <span class='ocrx_word' id='word_1_888' title='bbox 2354 5084 2478 5149; x_wconf 79' lang='grc' dir='ltr'>ἄξια</span> <span class='ocrx_word' id='word_1_889' title='bbox 2509 5080 2870 5157; x_wconf 37' lang='grc' dir='ltr'>ποιήσει-τοῦ.</span> 
     </span>
    </p>
   </div>
   <div class='ocr_carea' id='block_1_101' title="bbox 2250 5148 3751 5225">
    <p class='ocr_par' dir='ltr' id='par_1_101' title="bbox 2250 5148 3751 5225">
     <span class='ocr_line' id='line_1_101' title="bbox 2250 5148 3751 5225; baseline -0.004 -17"><span class='ocrx_word' id='word_1_890' title='bbox 2250 5148 2359 5225; x_wconf 77' lang='grc'>(88)</span> <span class='ocrx_word' id='word_1_891' title='bbox 2403 5148 2482 5207; x_wconf 86' lang='grc' dir='ltr'><strong>Οὐ</strong></span> <span class='ocrx_word' id='word_1_892' title='bbox 2530 5148 2640 5225; x_wconf 58' lang='lat' dir='ltr'><strong>mp</strong></span> <span class='ocrx_word' id='word_1_893' title='bbox 2679 5151 2851 5225; x_wconf 66' lang='grc' dir='ltr'>ὀλίγη</span> <span class='ocrx_word' id='word_1_894' title='bbox 2883 5150 3153 5225; x_wconf 64' lang='grc' dir='ltr'>διαφορὰ</span> <span class='ocrx_word' id='word_1_895' title='bbox 3205 5150 3313 5225; x_wconf 73' lang='grc' dir='ltr'><strong>τ’ρν</strong></span> <span class='ocrx_word' id='word_1_896' title='bbox 3361 5148 3608 5225; x_wconf 49' lang='grc' dir='ltr'><strong>Πειίτρονν,ζ</strong></span> <span class='ocrx_word' id='word_1_897' title='bbox 3649 5155 3751 5225; x_wconf 78' lang='lat' dir='ltr'><strong>etc.</strong></span> 
     </span>
    </p>
   </div>
   <div class='ocr_carea' id='block_1_102' title="bbox 2180 5216 3751 5294">
    <p class='ocr_par' dir='ltr' id='par_1_102' title="bbox 2180 5216 3751 5294">
     <span class='ocr_line' id='line_1_102' title="bbox 2180 5216 3751 5294; baseline -0.005 -16"><span class='ocrx_word' id='word_1_898' title='bbox 2180 5216 2570 5294; x_wconf 60' lang='lat' dir='ltr'><strong>Ludit&#39;quoque</strong></span> <span class='ocrx_word' id='word_1_899' title='bbox 2588 5216 2640 5276; x_wconf 75' lang='lat' dir='ltr'><strong>in</strong></span> <span class='ocrx_word' id='word_1_900' title='bbox 2658 5216 3236 5294; x_wconf 49' lang='lat' dir='ltr'><strong>eade&#39;nrdistinctiong</strong></span> <span class='ocrx_word' id='word_1_901' title='bbox 3263 5221 3409 5294; x_wconf 77' lang='lat' dir='ltr'><strong>hom.</strong></span> <span class='ocrx_word' id='word_1_902' title='bbox 3434 5219 3459 5271; x_wconf 77' lang='grc'><strong>1</strong></span> <span class='ocrx_word' id='word_1_903' title='bbox 3481 5220 3537 5271; x_wconf 89' lang='lat' dir='ltr'><strong>in</strong></span> <span class='ocrx_word' id='word_1_904' title='bbox 3562 5216 3751 5294; x_wconf 66' lang='lat' dir='ltr'><strong>Ezech.</strong></span> 
     </span>
    </p>
   </div>
   <div class='ocr_carea' id='block_1_103' title="bbox 2182 5287 3753 5363">
    <p class='ocr_par' dir='ltr' id='par_1_103' title="bbox 2182 5287 3753 5363">
     <span class='ocr_line' id='line_1_103' title="bbox 2182 5287 3753 5363; baseline -0.005 -13"><span class='ocrx_word' id='word_1_905' title='bbox 2182 5314 2219 5360; x_wconf 87' lang='lat' dir='ltr'><strong>I,</strong></span> <span class='ocrx_word' id='word_1_906' title='bbox 2253 5296 2301 5347; x_wconf 87' lang='grc'><strong>1.</strong></span> <span class='ocrx_word' id='word_1_907' title='bbox 2341 5287 2571 5363; x_wconf 62' lang='lat' dir='ltr'><strong>(Aper-ti</strong></span> <span class='ocrx_word' id='word_1_908' title='bbox 2617 5301 2738 5344; x_wconf 82' lang='lat' dir='ltr'><strong>sunt</strong></span> <span class='ocrx_word' id='word_1_909' title='bbox 2769 5291 2885 5363; x_wconf 77' lang='lat' dir='ltr'><strong>caeli</strong></span> <span class='ocrx_word' id='word_1_910' title='bbox 2912 5305 2942 5363; x_wconf 52' lang='grc' dir='ltr'><strong>;Δ</strong></span> <span class='ocrx_word' id='word_1_911' title='bbox 2970 5289 3090 5363; x_wconf 86' lang='lat' dir='ltr'><strong>Non</strong></span> <span class='ocrx_word' id='word_1_912' title='bbox 3120 5288 3319 5363; x_wconf 77' lang='lat' dir='ltr'><strong>suilicit</strong></span> <span class='ocrx_word' id='word_1_913' title='bbox 3355 5303 3524 5363; x_wconf 84' lang='lat' dir='ltr'><strong>unum</strong></span> <span class='ocrx_word' id='word_1_914' title='bbox 3554 5287 3753 5363; x_wconf 66' lang='lat' dir='ltr'><strong>caelum</strong></span> 
     </span>
    </p>
   </div>
   <div class='ocr_carea' id='block_1_104' title="bbox 2182 5356 3754 5434">
    <p class='ocr_par' dir='ltr' id='par_1_104' title="bbox 2182 5356 3754 5434">
     <span class='ocr_line' id='line_1_104' title="bbox 2182 5356 3754 5434; baseline -0.007 -14"><span class='ocrx_word' id='word_1_915' title='bbox 2182 5356 2411 5434; x_wconf 81' lang='lat' dir='ltr'><strong>aperiri;</strong></span> <span class='ocrx_word' id='word_1_916' title='bbox 2438 5356 2762 5434; x_wconf 80' lang='lat' dir='ltr'><strong>aperiuntur</strong></span> <span class='ocrx_word' id='word_1_917' title='bbox 2807 5360 3047 5434; x_wconf 73' lang='lat' dir='ltr'><strong>plurimi,</strong></span> <span class='ocrx_word' id='word_1_918' title='bbox 3079 5368 3155 5434; x_wconf 55' lang='lat' dir='ltr'><strong>ut</strong></span> <span class='ocrx_word' id='word_1_919' title='bbox 3181 5357 3515 5434; x_wconf 80' lang='lat' dir='ltr'><strong>descendant</strong></span> <span class='ocrx_word' id='word_1_920' title='bbox 3548 5372 3657 5434; x_wconf 81' lang='lat' dir='ltr'><strong>non</strong></span> <span class='ocrx_word' id='word_1_921' title='bbox 3688 5356 3754 5434; x_wconf 66' lang='lat' dir='ltr'><strong>ab</strong></span> 
     </span>
    </p>
   </div>
   <div class='ocr_carea' id='block_1_105' title="bbox 2185 5425 3753 5503">
    <p class='ocr_par' dir='ltr' id='par_1_105' title="bbox 2185 5425 3753 5503">
     <span class='ocr_line' id='line_1_105' title="bbox 2185 5425 3753 5503; baseline -0.007 -15"><span class='ocrx_word' id='word_1_922' title='bbox 2185 5425 2313 5496; x_wconf 73' lang='lat' dir='ltr'><strong>uno,</strong></span> <span class='ocrx_word' id='word_1_923' title='bbox 2345 5425 2433 5487; x_wconf 76' lang='lat' dir='ltr'><strong>sed</strong></span> <span class='ocrx_word' id='word_1_924' title='bbox 2471 5425 2499 5486; x_wconf 68' lang='grc' dir='ltr'><strong>ὁ</strong></span> <span class='ocrx_word' id='word_1_925' title='bbox 2524 5432 2776 5503; x_wconf 90' lang='lat' dir='ltr'><strong>plurimis</strong></span> <span class='ocrx_word' id='word_1_926' title='bbox 2805 5425 2959 5503; x_wconf 61' lang='lat' dir='ltr'><strong>caelis</strong></span> <span class='ocrx_word' id='word_1_927' title='bbox 2982 5429 3157 5503; x_wconf 82' lang='lat' dir='ltr'><strong>angeli</strong></span> <span class='ocrx_word' id='word_1_928' title='bbox 3185 5429 3376 5503; x_wconf 89' lang='lat' dir='ltr'><strong>ad_eos</strong></span> <span class='ocrx_word' id='word_1_929' title='bbox 3399 5428 3489 5496; x_wconf 91' lang='lat' dir='ltr'><strong>qui</strong></span> <span class='ocrx_word' id='word_1_930' title='bbox 3515 5425 3753 5503; x_wconf 67' lang='lat' dir='ltr'><strong>salvandi</strong></span> 
     </span>
    </p>
   </div>
   <div class='ocr_carea' id='block_1_106' title="bbox 2185 5495 3753 5575">
    <p class='ocr_par' dir='ltr' id='par_1_106' title="bbox 2185 5495 3753 5575">
     <span class='ocr_line' id='line_1_106' title="bbox 2185 5495 3753 5575; baseline -0.004 -19"><span class='ocrx_word' id='word_1_931' title='bbox 2185 5513 2332 5558; x_wconf 85' lang='lat' dir='ltr'><strong>sunt.</strong></span> <span class='ocrx_word' id='word_1_932' title='bbox 2362 5524 2389 5575; x_wconf 15' lang='grc' dir='ltr'><strong>ιν</strong></span> <span class='ocrx_word' id='word_1_933' title='bbox 2417 5495 2637 5556; x_wconf 80' lang='lat' dir='ltr'><strong>Minime</strong></span> <span class='ocrx_word' id='word_1_934' title='bbox 2671 5516 2798 5575; x_wconf 77' lang='lat' dir='ltr'><strong>ve_r_o</strong></span> <span class='ocrx_word' id='word_1_935' title='bbox 2822 5495 3221 5575; x_wconf 72' lang='lat' dir='ltr'><strong>distinctionem</strong></span> <span class='ocrx_word' id='word_1_936' title='bbox 3253 5498 3394 5575; x_wconf 75' lang='lat' dir='ltr'><strong>hanc</strong></span> <span class='ocrx_word' id='word_1_937' title='bbox 3420 5495 3630 5566; x_wconf 86' lang='lat' dir='ltr'><strong>patitur</strong></span> <span class='ocrx_word' id='word_1_938' title='bbox 3658 5495 3753 5575; x_wconf 51' lang='lat' dir='ltr'><strong>SJ-</strong></span> 
     </span>
    </p>
   </div>
   <div class='ocr_carea' id='block_1_107' title="bbox 2170 5566 3747 5643">
    <p class='ocr_par' dir='ltr' id='par_1_107' title="bbox 2170 5566 3747 5643">
     <span class='ocr_line' id='line_1_107' title="bbox 2170 5566 3747 5643; baseline -0.008 -14"><span class='ocrx_word' id='word_1_939' title='bbox 2170 5576 2330 5629; x_wconf 17' lang='lat' dir='ltr'><strong>‘riaca</strong></span> <span class='ocrx_word' id='word_1_940' title='bbox 2362 5574 2566 5643; x_wconf 85' lang='lat' dir='ltr'><strong>lingua,</strong></span> <span class='ocrx_word' id='word_1_941' title='bbox 2588 5587 2693 5640; x_wconf 84' lang='lat' dir='ltr'><strong>qua</strong></span> <span class='ocrx_word' id='word_1_942' title='bbox 2716 5570 2968 5624; x_wconf 86' lang='lat' dir='ltr'><strong>Christus</strong></span> <span class='ocrx_word' id='word_1_943' title='bbox 3000 5570 3273 5643; x_wconf 63' lang='lat' dir='ltr'><strong>utebatur.</strong></span> <span class='ocrx_word' id='word_1_944' title='bbox 3304 5566 3430 5622; x_wconf 91' lang='lat' dir='ltr'><strong>Inde</strong></span> <span class='ocrx_word' id='word_1_945' title='bbox 3460 5577 3641 5643; x_wconf 87' lang='lat' dir='ltr'><strong>tamen</strong></span> <span class='ocrx_word' id='word_1_946' title='bbox 3665 5566 3747 5619; x_wconf 87' lang='lat' dir='ltr'><strong>di-</strong></span> 
     </span>
    </p>
   </div>
   <div class='ocr_carea' id='block_1_108' title="bbox 2182 5636 3751 5709">
    <p class='ocr_par' dir='ltr' id='par_1_108' title="bbox 2182 5636 3751 5709">
     <span class='ocr_line' id='line_1_108' title="bbox 2182 5636 3751 5709; baseline -0.005 -12"><span class='ocrx_word' id='word_1_947' title='bbox 2182 5661 2303 5697; x_wconf 86' lang='lat' dir='ltr'><strong>cere</strong></span> <span class='ocrx_word' id='word_1_948' title='bbox 2337 5636 2480 5708; x_wconf 65' lang='lat' dir='ltr'><strong>licef,</strong></span> <span class='ocrx_word' id='word_1_949' title='bbox 2514 5636 2746 5696; x_wconf 75' lang='lat' dir='ltr'><strong>rnairima</strong></span> <span class='ocrx_word' id='word_1_950' title='bbox 2793 5655 2905 5709; x_wconf 84' lang='lat' dir='ltr'><strong>prae</strong></span> <span class='ocrx_word' id='word_1_951' title='bbox 2930 5641 3158 5709; x_wconf 67' lang='lat' dir='ltr'><strong>caeteris</strong></span> <span class='ocrx_word' id='word_1_952' title='bbox 3178 5636 3398 5691; x_wconf 88' lang='lat' dir='ltr'><strong>Petrum</strong></span> <span class='ocrx_word' id='word_1_953' title='bbox 3431 5637 3751 5693; x_wconf 81' lang='lat' dir='ltr'><strong>auctoritate</strong></span> 
     </span>
    </p>
   </div>
   <div class='ocr_carea' id='block_1_109' title="bbox 2186 5707 3378 5783">
    <p class='ocr_par' dir='ltr' id='par_1_109' title="bbox 2186 5707 3378 5783">
     <span class='ocr_line' id='line_1_109' title="bbox 2186 5707 3378 5783; baseline -0.003 -16"><span class='ocrx_word' id='word_1_954' title='bbox 2186 5716 2354 5770; x_wconf 85' lang='lat' dir='ltr'><strong>fuisse</strong></span> <span class='ocrx_word' id='word_1_955' title='bbox 2388 5707 2672 5783; x_wconf 71' lang='lat' dir='ltr'><strong>praeditum</strong></span> <span class='ocrx_word' id='word_1_956' title='bbox 2695 5718 2772 5765; x_wconf 81' lang='lat' dir='ltr'><strong>&#39;ac</strong></span> <span class='ocrx_word' id='word_1_957' title='bbox 2797 5707 3083 5781; x_wconf 77' lang='lat' dir='ltr'><strong>dignitate.</strong></span> <span class='ocrx_word' id='word_1_958' title='bbox 3116 5707 3378 5775; x_wconf 67' lang='lat' dir='ltr'><strong>Hunnus.</strong></span> 
     </span>
    </p>
   </div>
  </div>
