4028 6296
280 389 412 447 1181
1205 388 1562 445 COMMENT.
1607 391 1675 445 ΙΝ
1715 392 1847 447 ΜΑἸ

1950 395 2130 451 ΙΑΞΗΜ
2178 397 2415 457 TOMUS
2458 400 2597 457 ΚΝ.
3411 408 3547 463 1182

273 509 486 573 κλεῖδας
514 509 613 579 οὐχ
660 508 776 572 ἑνὸς
814 506 1070 577 ούρανοῦ,
1113 508 1253 563 ἀλλὰ
1298 510 1580 576 πλειόνων,
1624 514 1717 567 καὶ
1749 514 1847 579 ἵνα,

1961 533 2166 589 eosque
2184 522 2278 591 qui
2301 532 2383 577 ter
2410 522 2605 579 fratres
2620 523 3064 594 objurgaverunt,
3090 539 3411 583 communes
3425 544 3549 584 esse

270 599 372 652 ὅσα
392 599 489 653 ἐὰν
515 599 652 671 δήσῃ
679 599 772 651 ἐπὶ
807 598 907 668 τῆς
935 597 1063 668 γῆς,
1166 599 1422 671 δεδεμένα
1449 602 1550 657 οὐκ
1578 604 1636 657 ὲν
1662 605 1743 659 ἑνὶ
1769 606 1847 659 οὐ·

1966 612 2236 668 videntur.
2269 612 2380 670 Nec
2412 616 2557 671 enim
2583 616 2776 684 exigua
2797 616 3099 672 differentia
3124 623 3207 673 est
3233 618 3413 674 claves
3435 635 3544 677 non

273 690 441 761 ρανῷ,
474 690 589 744 ἀλλ’
622 693 679 744 ἐν
710 692 876 744 πᾶσιν
896 690 1105 756 αὐτοῖς,
1135 692 1272 764 πρὸς
1301 695 1429 756 τοὺς
1460 694 1688 761 πολλοὺς
1711 697 1847 752 δέον-

1970 707 2134 760 unius
2164 707 2288 761 coeli
2319 707 2562 771 Petrum,
2597 710 2690 764 sed
2738 710 3097 779 plurimorum
3136 711 3441 780 accepisse;
3492 720 3547 769 et

266 798 371 847 τας
400 782 493 835 ἐπὶ
518 781 620 853 τῆς
648 782 770 853 γῆς,
805 784 901 836 καὶ
924 782 1152 847 λύοντας
1172 783 1267 837 ἐπὶ
1293 786 1392 854 τῆς
1414 787 1535 857 γῆς,
1566 786 1705 841 ὥστε
1730 788 1847 841 ταῦ-

1968 812 2309 868 quaecuuque
2359 816 2523 869 super
2574 809 2772 854 terram
2809 801 3146 870 alligaverit,
3183 816 3293 855 non
3332 801 3386 855 in
3433 818 3545 857 uno

264 889 335 925 τα
357 872 623 933 δεδέσθαι..
655 874 750 927 καὶ
779 873 1037 928 λελύσθαι
1079 875 1182 927 οὐκ
1226 875 1286 929 ἐν
1324 876 1593 947 οὐρανοῖς,
1637 878 1713 941 ὡς
1769 879 1847 932 ὲππ

1968 888 2129 955 coelo,
2157 891 2250 945 sed
2280 891 2335 945 in
2363 892 2619 947 omnibus
2652 893 2812 962 ligata
2837 907 2976 956 esse,
3003 906 3114 961 pra:
3149 892 3397 962 pluribus
3423 895 3544 949 aliis

271 964 499 1036 Πέτρου,
542 964 657 1019 ἀλλ’
699 967 754 1021 ὲν
798 965 1010 1039 οὐρανῷ
1053 966 1153 1019 ἑνί·
1202 967 1264 1020 οὐ
1300 968 1411 1040 γὰρ
1437 968 1767 1024 διαϐαίνουσι
1792 974 1847 1042 τῇ

1962 982 2056 1054 qui
2088 998 2251 1054 super
2280 992 2480 1039 terram
2508 994 2560 1039 et
2590 986 2813 1056 alligant
2843 994 2898 1041 et
2932 986 3181 1049 solvunt,
3216 985 3290 1040 ita
3330 994 3390 1040 ut
3426 986 3544 1042 haec

274 1051 524 1127 δυνάμει,
547 1056 624 1121 ὡς
649 1056 876 1130 Πέτρος,
905 1058 993 1112 ἶνα
1013 1058 1249 1127 δήσωσιν
1273 1058 1306 1129 ἢ
1337 1059 1571 1114 λύσωσιν
1602 1063 1660 1115 ὲν
1692 1065 1847 1117 πᾶσιι

1959 1051 2178 1146 alligata
2206 1083 2260 1129 et
2290 1075 2470 1131 soluta
2500 1077 2609 1132 sint
2636 1051 2741 1132 non
2772 1078 2826 1131 in
2854 1078 3027 1139 caelis,
3054 1077 3195 1133 sicut
3222 1075 3383 1132 Petro
3407 1092 3541 1132 con-

266 1148 538 1219 ούρανοίς.
593 1150 743 1221 Ὅσῳ
784 1146 878 1205 οὖν
919 1148 1144 1221 βελτίων
1183 1150 1213 1202 ὁ
1256 1150 1553 1223 δεσμεύων,
1602 1154 1847 1209 τοσοῦτον

1959 1184 2176 1224 cessum
2205 1176 2309 1235 est;
2340 1169 2433 1224 sed
2460 1168 2515 1223 in
2556 1184 2669 1223 uno
2706 1169 2848 1224 coelo
2892 1187 2905 1223 :
2947 1184 3047 1224 nec
3079 1168 3223 1222 enim
3266 1181 3332 1222 eo
3378 1183 3545 1237 pene—

270 1239 686 1311 μακαριώτερος
728 1243 758 1294 ὁ
792 1240 1109 1308 λελυμένος,
1160 1242 1236 1306 ὼς
1282 1243 1378 1297 καὶ
1427 1246 1705 1317 πανταχοῦ
1746 1247 1847 1301 τῶν

1962 1261 2141 1316 trandi
2174 1260 2433 1317 facultate
2459 1262 2684 1331 pollent,
2717 1260 3177 1330 quemadmodum
3220 1260 3441 1324 Petrus,
3477 1263 3544 1314 ut.

265 1330 517 1403 οὐρανῶν
539 1326 680 1388 εἶναι
710 1332 876 1389 αὑτοῦ
900 1334 962 1387 τὸ
990 1333 1267 1388 λελύσθαι.

1961 1353 2182 1422 alligent
2211 1353 2292 1406 vel
2324 1353 2539 1407 solvant
2568 1353 2622 1405 in
2650 1353 2906 1406 omnibus
2936 1351 3111 1421 caelis.
3138 1349 3258 1417 Quo
3277 1358 3535 1419 praestan-

1959 1443 2066 1497 tior
2094 1458 2225 1512 ergo
2257 1442 2422 1497 fuerit
2450 1443 2543 1513 qui
2575 1443 2778 1512 alligat,
2814 1457 2879 1496 eo
2902 1440 3110 1495 felicior
3138 1440 3231 1509 qui
3263 1439 3425 1493 fuerit
3446 1454 3541 1492 so-

1960 1534 2130 1599 lutus,
2167 1549 2290 1588 curn
2329 1534 2382 1587 in
2413 1533 2669 1588 omnibus
2705 1533 2865 1602 plane
2895 1532 3048 1587 caelis
3082 1532 3293 1587 solutus
3315 1532 3408 1586 sit.

1465 1642 1698 1698 VETUS
1737 1642 2326 1700 INTERPRETATIO.

272 1735 500 1799 terram,
538 1723 648 1781 sint
672 1724 847 1799 soluta
877 1739 986 1799 non
1013 1723 1191 1799 solum
1225 1723 1280 1778 in
1311 1738 1423 1799 uno
1452 1724 1616 1787 coelo,
1656 1724 1750 1799 sed
1781 1724 1836 1778 in
1867 1725 2119 1799 omnibus
2159 1727 2330 1799 caelis.
2360 1726 2443 1799 _Ad
2479 1741 2573 1799 e_os
2604 1734 2784 1782 autem
2818 1729 2912 1799 _qui
2943 1728 3097 1783 multi
3130 1735 3257 1783 sunt
3284 1729 3538 1799 ligatores

274 1806 332 1851 et
360 1796 629 1868 solutores
669 1794 724 1848 in
769 1804 914 1868 terra
940 1794 1018 1849 sic
1049 1794 1199 1868 dicit,
1222 1802 1293 1868 _ut
1318 1794 1529 1849 solvant
1553 1794 1879 1868 etalligent,
1905 1810 2015 1868 non
2050 1796 2105 1849 in
2142 1796 2293 1868 caelis
2329 1796 2469 1868 sicut
2496 1797 2707 1860 Petrus,
2740 1794 2915 1868 sed'in
2948 1816 3060 1853 uno
3086 1800 3243 1862 caelo,
3276 1794 3399 1868 quia
3425 1815 3539 1853 non

273 1875 411 1939 sunt
420 1866 488 1939 _in
518 1875 665 1920 tanta
693 1865 1025 1939 perfectione
1055 1865 1197 1920 sicut
1222 1865 1434 1939 Petrus,
1462 1875 1523 1919 ut
1550 1865 1772 1939 alligent
1800 1866 1883 1919 vel
1910 1866 2143 1939 solvant.
2167 1866 2219 1920 in
2261 1865 2513 1921 omnibus
2551 1866 2965 1939 cmlis._Quanto
2997 1885 3123 1939 ergo
3151 1865 3342 1925 melior
3373 1869 3538 1923 fuerit

271 1936 366 2008 qui
397 1936 542 2008 ligat,
579 1944 741 2008 tanto
756 1935 855 2008 qui
874 1934 1121 2008 alligatur
1149 1935 1383 2008 amplius
1411 1934 1663 2008 quamuin’
1680 1951 1790 2008 uno
1824 1935 1962 1990 ccelo
1987 1936 2233 2008 alligatur
2260 1954 2273 1989 :
2310 1945 2365 1990 et
2386 1945 2590 2006 quanto
2617 1937 2807 1991 melior
2849 1939 3011 1993 fuerit
3054 1934 3143 2008 qui
3176 1939 3353 2004 solvit,
3389 1947 3539 1995 tanto

271 2005 485 2060 beatior
517 2005 621 2060 erit
653 2006 745 2075 qui
780 2005 1026 2071 solvitur,
1058 2005 1314 2075 quoniam
1346 2005 1401 2059 in
1433 2006 1689 2060 omnibus
1712 2006 1923 2060 solutus
1951 2015 2035 2060 est
2064 2005 2236 2061 caelis.

1608 2314 1990 2400 ΤΟΜΟΣ
2038 2306 2202 2401 ΙΔ’.

1067 2664 1472 2758 TOMUS
1544 2667 2093 2775 QUARTUS
2167 2666 2730 2760 DECIMUS.
2836 2631 2841 2635 ’

351 3028 371 3060 ι
411 3010 578 3064 Πάλιν
602 3010 745 3080 λέγω
784 3014 934 3083 ὑμῖν,
967 3013 1069 3077 ὅτι,
1105 3012 1200 3065 ἐὰν
1244 3012 1337 3065 δύο
1369 3013 1523 3083 ὑμῶν
1564 3015 1847 3085 συμφωνή-

2033 3013 2087 3066 Ι.
2121 3029 2140 3061 ι
2176 3009 2374 3064 lterum
2407 3007 2531 3061 dico
2560 3007 2716 3061 vobis
2742 3007 2869 3076 quia
2901 3004 2944 3060 si
2986 3006 3096 3060 duo
3125 3021 3188 3060 ex
3220 3005 3378 3061 vobis
3402 3020 3537 3061 con—

273 3117 442 3154 σωσιν
464 3100 558 3154 ἐπὶ
598 3102 697 3173 τῆς
725 3101 849 3173 γῆς.
898 3102 1023 3172 περὶ
1060 3103 1260 3167 παντὸς
1293 3106 1617 3175 πράγματος
1657 3097 1718 3157 οὗ
1762 3102 1857 3157 ἐὰν

1961 3102 2234 3157 senserint
2255 3115 2419 3168 super
2438 3108 2662 3164 terram,
2686 3099 2752 3152 de
2777 3098 2923 3153 omni
2956 3113 3015 3152 re
3037 3112 3421 3167 quamcunque
3442 3112 3535 3168 pe-

270 3193 621 3265 αίτήσωνται,
664 3193 1020 3265 γενηθήσεται
1062 3193 1264 3258 αὐτοῖς.
1323 3213 1342 3247 ι
1398 3194 1619 3266 Κυρίως
1652 3194 1715 3248 τὸ
1756 3195 1847 3265 τῆς

1959 3194 2164 3256 tierint,
2190 3191 2281 3247 fiet
2302 3190 2408 3246 illis
2436 3191 2502 3245 “.
2541 3208 2561 3244 ι
2594 3188 2940 3260 Symphoniae
2966 3189 3290 3244 vocabulum
3312 3189 3538 3246 musicis

272 3284 592 3355 συμφωνίας
614 3284 784 3355 ὄνομα
828 3285 1085 3338 τάσσεται
1122 3285 1215 3338 ἐπὶ
1255 3283 1364 3338 τῶν
1406 3286 1545 3338 κατὰ
1592 3287 1855 3357 μουσικὴν

271 3377 332 3431 ἐν
363 3378 565 3444 φωναῖς
594 3374 886 3447 ἁρμονιῶν.
922 3376 1033 3429 Καί
1068 3375 1174 3428 εἰσί
1214 3392 1278 3443 γε
1315 3376 1467 3447 παρὰ
1517 3379 1628 3440 τοῖς
1670 3394 1855 3448 μουσι-

268 3469 387 3530 κοῖς
416 3466 643 3536 φθόγγοι
667 3466 925 3535 φθόγγοις
947 3464 1254 3536 σύμφωνοι,
1279 3467 1372 3519 καὶ
1401 3465 1550 3519 ἄλλοι
1568 3467 1847 3536 διάφωνον

267 3554 380 3612 οἶδε
409 3559 465 3612 δὲ
495 3560 586 3613 καὶ
625 3561 656 3630 ἡ
694 3558 1021 3631 εὐαγγελικὴ
1055 3558 1245 3630 Γραφὴ
1289 3558 1397 3629 (89)
1440 3558 1500 3610 τὸ
1545 3557 1716 3627 ὄνομα
1758 3561 1851 3612 ἐπὶ

266 3649 379 3705 τῶν
421 3652 563 3705 κατὰ
621 3653 883 3723 μουσικὴν
929 3653 1259 3722 τεταγμένον
1301 3652 1360 3704 ὲν
1405 3650 1501 3721 τῷ·
1543 3670 1562 3702 ι
1612 3654 1851 3706 Ἤκουσε

268 3743 588 3813 συμφωνίας
615 3744 711 3796 καὶ
757 3743 953 3815 χορῶν·
981 3762 1001 3796 ι
1038 3743 1244 3813 ἔπρεπε
1287 3743 1396 3812 γὰρ
1437 3742 1528 3795 ἐπὶ
1554 3745 1620 3813 τῇ
1650 3745 1715 3796 ὲκ
1753 3761 1850 3814 με-

263 3836 483 3900 τανοίας
506 3835 792 3907 συμφωνία
820 3835 957 3905 πρὸς
982 3835 1071 3888 τὸν
1088 3834 1300 3905 πατέρα
1321 3833 1415 3886 τοῦ
1441 3835 1549 3887 ἀπὸ
1576 3835 1851 3899 ἀπωλείας

265 3927 595 3999 εὑρεθέντος
625 3926 741 3981 υῑοῦ
782 3926 1114 3998 ἀκουσθῆναι
1159 3924 1479 3996 συμφωνίαν
1517 3926 1610 3979 ἐπὶ
1653 3928 1718 3997 τῇ
1762 3927 1849 3979 εὑ-

264 4019 511 4092 φροσύνῃ
552 4019 653 4091 τῆς
689 4017 886 4082 οίκίας.
930 4019 1004 4072 Τὸ
1046 4018 1103 4071 δὲ
1142 4017 1243 4086 τῆς
1278 4016 1595 4087 συμφωνίας
1621 4017 1791 4088 ὄνομα
1821 4021 1849 4071 ὁ

266 4111 470 4182 φαῦλος
500 4113 600 4167 οὐκ
629 4108 738 4165 οἶδε
782 4111 989 4173 Λάϐαν,
1033 4113 1090 4164 ὲν
1143 4103 1224 4172 οἷς
1268 4127 1399 4180 φησι
1443 4109 1580 4179 πρὸς
1610 4110 1699 4163 τὸν
1742 4111 1846 4164 Ἰα-

264 4199 403 4257 κώὁ·
431 4223 449 4255 ι
481 4204 592 4258 Καὶ
616 4204 664 4256 εἰ
685 4202 1013 4275 ἀνήγγειλάς
1044 4218 1157 4271 μοι,
1176 4199 1533 4264 ὲξαπέστειλα
1559 4200 1624 4255 ἄν
1643 4218 1703 4254 σε
1728 4204 1846 4272 μετ’

263 4290 623 4366 εὐφροσύνης,
653 4294 746 4347 καὶ
768 4293 905 4365 μετὰ
938 4292 1231 4364 μουσικῶν,
1280 4293 1373 4346 καὶ
1399 4292 1721 4363 τυμπάνων,
1751 4294 1847 4345 καὶ

1956 3286 2228 3355 ρτξεοίβιιο
2260 3298 2453 3337 vocum
2483 3282 2839 3338 concentibus
2864 3281 3140 3336 tribuitur.
3168 3279 3235 3334 Et
3263 3289 3390 3336 sunt
3408 3280 3536 3351 qui-

1954 3379 2078 3433 dem
2110 3378 2164 3430 in
2202 3374 2426 3431 musicis
2458 3375 2575 3429 soni
2604 3374 2754 3428 sonis
2776 3373 2868 3427 alii
2897 3371 3149 3434 consoni,
3182 3370 3274 3425 alii
3301 3371 3531 3437 dissoni;

1957 3484 2153 3523 nomen
2181 3476 2362 3521 autem
2397 3465 2524 3519 illud
2558 3465 2719 3519 rebus
2752 3463 2978 3517 musicis
3017 3463 3338 3517 attributum
3373 3462 3534 3518 callet

1954 3561 2262 3628 evangeliea
2297 3558 2576 3626 Scriptura
2605 3559 2710 3611 hoc
2727 3558 2847 3612 loco
2863 3556 2911 3589 “
2935 3574 2948 3610 :
2973 3575 2990 3606 ι
3029 3555 3251 3610 Audivit
3277 3555 3539 3627 sympho-

1954 3651 2124 3715 niam,
2159 3662 2211 3703 et
2258 3651 2521 3713 chorum;
2554 3669 2573 3700 ι
2612 3665 2736 3703 nam
2785 3657 3004 3717 propter
3032 3655 3207 3702 ortam
3263 3662 3331 3701 ex
3354 3648 3534 3717 paeni-

1951 3742 2119 3794 tentia
2136 3742 2514 3811 symphoniam
2540 3742 2629 3794 lilii
2655 3757 2778 3796 cum
2803 3749 2978 3810 patre,
3001 3740 3092 3808 qui
3112 3746 3399 3809 postquam
3415 3755 3532 3809 per-

1952 3834 2088 3888 ierat
2131 3834 2382 3887 inventus
2398 3842 2477 3886 est
2512 3832 2579 3899 ⁸⁸,
2621 3833 2687 3887 ad
2723 3833 3101 3888 oblectandam
3141 3833 3361 3887 domum
3384 3848 3538 3903 sym-

1950 3925 2209 3994 pbouiam
2246 3924 2422 3978 audiri
2453 3924 2693 3978 decebat.
2728 3923 2935 3978 Nomen
2970 3934 3154 3979 autem
3196 3924 3535 3996 symphonia:
3578 3998 3579 4001 η

1951 4017 2121 4087 impio
2144 4016 2329 4070 Laban
2362 4016 2661 4086 ignorabile
2686 4016 2810 4083 fuit,
2841 4017 2933 4072 ubi
2964 4018 3079 4087 ipse
3108 4017 3396 4086 alloquens
3435 4016 3530 4072 Ja-

1948 4110 2051 4164 cob
2068 4109 2142 4163 ait
2162 4108 2207 4140 ⁶⁶
2240 4127 2253 4162 :
2283 4127 2303 4159 ι
2343 4107 2400 4162 Si
2431 4108 2741 4163 nuntiasses
2770 4107 2927 4174 mihi,
2954 4118 3278 4178 prosecutus
3301 4108 3528 4165 fuissem

1947 4201 2109 4271 615
2140 4211 2190 4255 te
2225 4216 2347 4254 cum
2377 4198 2594 4270 gaudio,
2639 4208 2693 4253 et
2727 4201 2986 4266 canticis,
3026 4210 3080 4257 et
3125 4202 3424 4274 tympanis,
3476 4209 3526 4255 et

1949 4291 2195 4346 citharis.
2239 4308 2253 4340 ι
2287 4289 2564 4359 Ejusmodi
2593 4298 2774 4345 autem
2818 4293 3153 4363 symphonia:
3204 4291 3382 4348 simile
3421 4300 3525 4357 est,

264 4351 854 4458 xte'tipag.i.-"A65k<;obv
884 4351 949 4438 δὲ.
991 4385 1090 4456 τῆς
1139 4351 1392 4455 τοιαύτης
1442 4351 1759 4454 συμφωνίας
1783 4384 1846 4437 τὸ

1950 4382 2091 4452 quod
2109 4351 2349 4435 secundo
2379 4378 2587 4448 Regum
2606 4390 2805 4442 exstat,
2835 4351 3054 4451 quando
3079 4382 3329 4438 videlicet
3351 4402 3367 4429 ‹
3413 4351 3527 4436 fra;

262 4475 324 4527 ὲν
368 4477 435 4546 τῇ
484 4474 528 4545 β’
553 4474 661 4529 τῶν
713 4472 1048 4529 Buculeth
1094 4473 1495 4545 γεγραμμένον,
1536 4473 1696 4542 ἡνίκα
1729 4492 1748 4523 ι
1794 4474 1845 4525 oi

262 4566 481 4635 ἀδελφοὶ
517 4587 535 4620 ι
569 4566 662 4622 τοῦ
708 4566 1006 4639 Ἀμιναδὰό
1037 4566 1146 4638 (90)
1198 4587 1215 4619 ι
1242 4608 1248 4614 .
1285 4566 1609 4638 ἐπορεύοντο
1638 4565 1845 4637 ἐμπροο

1947 4484 2056 4528 tres
2078 4491 2094 4523 ι
2134 4472 2440 4527 Aminadab
2459 4489 2477 4521 ί
2504 4472 2655 4527 ibant
2678 4481 2813 4529 ante’
2829 4490 3011 4529 aream
3034 4492 3048 4540 ;
3084 4474 3248 4529 David
3272 4484 3452 4528 autem
3473 4480 3525 4529 et

1945 4567 2117 4634 ipsius
2167 4565 2319 4635 pueri
2374 4565 2669 4619 laudabant
2711 4582 2897 4622 coram
2941 4566 3171 4621 Domino
3210 4567 3263 4620 in
3309 4564 3526 4634 organis

1462 4674 1693 4730 VETUS
1731 4675 2322 4731 INTERPRETA'IIO.

335 4770 389 4843 l_.
436 4788 457 4843 ς
488 4770 874 4843 lterum__amen
893 4771 1025 4843 dico
1052 4772 1226 4837 vobis,
1251 4772 1379 4841 quia
1416 4770 1459 4825 si
1492 4770 1601 4843 duo
1630 4780 1866 4843 vestrum
1895 4772 2277 4843 consenserint
2306 4787 2477 4843 super
2503 4782 2726 4834 terram,
2754 4775 2823 4827 de
2851 4774 2999 4843 omni
3030 4786 3107 4843 re,
3141 4786 3525 4843 quamcunque

334 4839 538 4911 tierint,
569 4841 659 4893 ﬁet
689 4840 795 4894 illis
838 4857 867 4894 a
893 4839 1053 4895 Patre
1081 4858 1202 4895 meo
1223 4839 1316 4911 qui
1353 4843 1406 4895 in
1438 4841 1593 4896 caelis
1618 4850 1719 4894 est.
1759 4839 1863 4895 Ubi
1890 4842 2035 4895 enim
2066 4842 2174 4896 duo
2196 4843 2280 4895 vel
2316 4839 2426 4896 tres
2459 4842 2662 4895 fuerint
2691 4840 2999 4911 congregati
3041 4841 3095 4894 in
3128 4842 3349 4895 nomine
3378 4839 3522 4909 meo,

258 4909 333 4970 ibi
370 4925 490 4965 sum
527 4909 580 4963 in
610 4910 790 4964 medio
823 4925 1084 4982 eorum.)
1128 4913 1186 4965 In
1223 4909 1418 4982 primis
1451 4912 1734 4982 videamus
1776 4911 2069 4979 sapienter,
2105 4912 2150 4966 si
2184 4920 2361 4980 potest
2409 4913 2511 4966 iste
2540 4909 2843 4966 consensus
2866 4926 2986 4965 esse
3016 4911 3069 4982 in
3107 4911 3311 4982 multis.
3351 4913 3430 4965 vel
3468 4915 3520 4966 in

260 4989 376 5036 toto
408 4988 698 5044 conventu,
738 4989 796 5032 ut
829 4980 881 5033 in
929 4981 1107 5033 medio
1138 4980 1328 5036 eorum
1363 4981 1433 5035 sit
1461 4980 1756 5035 Christus:
1782 4982 1911 5049 quia
1957 4999 1975 5032 ι
2008 4991 2234 5048 angusta
2279 4992 2333 5036 et
2376 4982 2631 5035 tribulata
2662 4981 2747 5033 via
2781 4988 2865 5034 est
2892 4996 3011 5049 quae
3041 4981 3189 5033 ducit
3229 4982 3293 5034 ad
3330 4983 3521 5046 vitam,

259 5061 314 5105 et
344 5051 501 5121 pauci
547 5060 675 5121 sunt
716 5050 808 5121 qui
855 5051 1135 5105 inveniunt
1177 5067 1317 5105 eam.
1353 5071 1371 5102 ι
1429 5050 1679 5105 Forsitan
1697 5060 1896 5121 _autem
1954 5053 2193 5121 hoc_tali
2242 5067 2511 5106 consensu
2560 5067 2659 5105 nec
2692 5051 2849 5119 pauci
2882 5050 3231 5121 consentiunt
3277 5051 3377 5104 sibi
3428 5068 3521 5121 per

259 5119 463 5190 omnia,
492 5120 586 5174 sed
616 5119 725 5173 duo
752 5118 898 5190 _f_orte
929 5121 1169 5190 velitres,
1201 5122 1343 5175 sicut
1368 5121 1580 5184 Petrus,
1607 5129 1662 5175 et
1689 5118 1946 5183 Jacobus,
1978 5132 2032 5174 et
2055 5119 2313 5183 Joannes,
2346 5123 2546 5190 quibus
2575 5118 2732 5189 quasi
2780 5120 3248 5175 consentientibus
3278 5122 3380 5175 sibi
3428 5118 3522 5189 per

260 5188 447 5244 omnia
484 5190 719 5244 ostendit
752 5188 986 5243 Verbum
1022 5189 1117 5260 Dei
1146 5190 1373 5259 gloriam
1415 5206 1593 5251 suam.
1624 5206 1690 5243 ex
1729 5207 1794 5244 eo
1822 5192 1967 5259 quod
2009 5207 2115 5243 non
2151 5188 2380 5244 habebat
2421 5188 2674 5260 speciem
2703 5206 2879 5260 neque
2909 5190 3183 5252 decorem,
3212 5188 3439 5245 vertens
3459 5206 3519 5244 se

258 5261 326 5329 ad
356 5260 589 5329 gloriam,
617 5275 793 5321 suam.
828 5269 887 5312 ut
915 5259 1237 5314 ve3timenta
1279 5276 1377 5313 sua
1416 5261 1726 5314 ostenderet
1751 5261 1832 5314 eis
1859 5261 2199 5329 splendentia
2232 5262 2375 5315 sicut
2404 5263 2607 5329 lumen.
2643 5259 3051 5315 Consenserunt
3097 5268 3278 5313 autem
3306 5271 3360 5313 et
3385 5261 3515 5321 duo,

258 5328 465 5386 Paulus
488 5339 543 5385 et
570 5328 872 5384 Sosthenes
886 5329 1186 5385 scribentes
1203 5329 1502 5385 Corinthiis
1521 5329 1810 5400 Epistolam
1832 5328 2085 5401 primam.
2110 5330 2240 5386 ltem
2255 5331 2457 5386 Paulus
2478 5339 2531 5384 et
2554 5328 2873 5384 Timotheus
2903 5330 3177 5384 mittentes
3199 5330 3515 5384 secundam.

337 5469 384 5501 “
421 5466 610 5525 Matth.
644 5485 796 5535 xvul,
832 5470 917 5524 l9.
987 5462 1035 5502 “
1072 5469 1205 5523 Luc.
1237 5484 1327 5533 xv,
1361 5469 1453 5523 23.

330 5583 444 5716 $33)
483 5583 716 5674 ξραςρή.
754 5587 939 5676 Codex
973 5585 1194 5670 Regius,
1227 5587 1400 5657 φωνή.

358 5692 369 5707 .
430 5654 445 5713 )
504 5652 759 5716 Αδειῑεβοὶ
812 5656 1129 5716 Αμιναδαθ,
1178 5667 1281 5711 etc.
1325 5656 1397 5709 Ed

355 5652 759 5724 90)}46515501
803 5652 1129 5724 Ἀμιναδᾶθ,
1178 5652 1281 5711 etc.
1325 5652 1501 5709 Ellitio
1534 5655 1828 5724 Complut.,

269 5722 576 5788 ’Ᾱὸιναδά6,
608 5722 671 5795 et
696 5727 766 5779 ita
800 5722 1141 5782 seribendum
1174 5737 1311 5787 erat,
1359 5728 1451 5781 sed
1479 5726 1622 5795 quod
1659 5722 1688 5795 β
1715 5725 1830 5779 alli-

259 5810 385 5850 nem
412 5794 541 5849 olim
574 5793 652 5865 τῷ
685 5813 724 5866 μ
755 5796 980 5867 ﬁguram
1016 5797 1306 5863 obtineret,
1362 5793 1667 5867 propterea
1691 5812 1833 5865 saepe

1529 5470 1575 5501 ⁸⁸
1615 5469 1743 5523 ibid.
1784 5469 1875 5525 32.
1953 5471 1999 5502 “
2037 5472 2170 5526 Gen.
2205 5486 2355 5531 nsi,
2389 5470 2479 5524 27.

1938 5604 2169 5643 Inwcem
2220 5595 2614 5656 permutantur.
2657 5584 2834 5640 Editio
2868 5585 3080 5656 Compl.
3112 5581 3153 5636 ll
3181 5579 3317 5656 Εἴθε,
3349 5596 3425 5647 Vl,
3455 5582 3510 5656 τί.

1939 5651 2300 5727 praetermittit
2336 5658 2415 5720 τὸ,
2439 5657 2498 5710 ἐν
2528 5656 2692 5727 ίσχύξί.
2734 5656 2880 5727 quod
2928 5651 3146 5727 esi—libet
3176 5651 3424 5727 Sixtina;
3460 5654 3511 5705 in

1940 5723 2099 5797 quem
2136 5728 2312 5781 locum
2344 5723 2614 5782 videndus
2641 5723 2921 5797 Nobilius.
2942 5723 3219 5797 Universae
3245 5724 3508 5779 editiones

1940 5794 2139 5853 habent
2179 5798 2521 5869 ἐπορεύοντο,
2552 5812 2660 5853 non
2686 5795 3071 5867 ἐμπορεύοντο.
3109 5794 3372 5851 Hunnus.
