4028 6296
520 374 659 427 HR?)

2010 372 2335 431 ORIGENIS

3664 372 3805 428 "8!»

516 505 634 550 arte
662 492 866 564 paratis
898 492 1195 563 inrvlrtute
1244 499 1302 567 et
1327 490 1393 547 ⁸⁷,
1433 491 1489 547 ἱιι
1545 493 1805 560 canticis;
1842 510 1865 547 ι
1906 508 2107 564 organa

2215 490 2340 545 σθεν
2373 490 2472 560 τῆς
2528 487 2785 554 κιϐωτοῦ,
2821 490 2917 543 καὶ
2945 488 3109 542 Δαυῖδ
3145 487 3240 543 καὶ⁸
3287 489 3339 543 οῖ
3365 491 3473 544 υἱοὶ
3513 489 3807 556 παίζοντες

516 587 660 639 enim
694 592 879 653 parata
914 583 1198 638 in‘virtute
1227 591 1283 638 et
1305 583 1536 639 canticis
1558 585 1938 655 symphoniam
1975 584 2028 638 in
2054 601 2113 639 se

2216 581 2446 635 ἐνώπιον
2469 579 2676 653 Κυρίου
2726 582 2799 634 ἐν’
2834 580 3087 653 ὀργάνοις
3148 580 3521 652 ήρμοσμένοις
3553 583 3611 635 ὲν
3660 583 3806 652 ίσχύῑ

518 678 787 729 musicam
838 675 1224 741 continebant;
1275 691 1398 745 qua:
1438 676 1533 730 tali
1573 676 1773 731 virtute
1813 676 2014 745 pollet,
2055 685 2107 730 ut

2214 675 2308 728 καὶ
2335 674 2552 745 ᾠδαῖς»
2586 673 2654 726 τὰ
2686 672 2800 744 γὰρ
2831 671 3151 743 ἡρμοσμένα
3196 672 3401 744 ὄργανα
3435 674 3493 726 ἐν
3529 672 3681 744 ῑσχύῑ
3711 677 3807 730 καὶ

516 765 729 819 duobus
758 766 1106 822 solummodo
1148 782 1260 820 rem
1289 768 1590 835 quamlibet
1634 785 1663 822 a
1710 767 1871 823 Patro
1910 770 2003 839 qui
2056 770 2108 823 in

516 855 670 910 caelis
704 865 810 921 est,
845 872 971 911 cum
1000 858 1324 929 symphonia
1355 868 1408 914 et
1447 869 1718 916 concentu
1757 861 1823 915 ad
1870 861 2107 915 divinam

2212 764 2378 836 ᾠδαῖς
2415 760 2560 834 εἶχεν
2590 765 2646 816 ὲν
2677 764 2859 827 αὑτοῖς
2888 763 2986 834 τὴν
3012 764 3278 834 μουσικὴν
3312 764 3661 835 συμφωνίαν,
3682 766 3805 836 ἣτις

2211 855 2464 909 τοσοῦτον
2496 855 2738 917 δύναται,
2766 854 2841 918 ὡς
2869 853 2963 908 δύο
3010 853 3186 925 μόνων
3218 853 3354 924 μετά
3382 856 3481 926 τῆς
3530 855 3675 928 πίὺς
3706 856 3802 929 τὴν

515 956 571 1001 et
599 948 939 1016 spiritualem
968 951 1236 1005 musicam
1274 953 1545 1019 precando
1574 952 1966 1022 ﬂagitantibus,
2012 967 2107 1022 p0-

2212 944 2363 1001 θείαν
2399 945 2663 1018 μουσικὴν
2691 947 2789 999 καὶ
2835 944 3210 1015 πνευματικὴν
3240 946 3560 1015 συμφωνίας
3584 947 3799 1018 αἴτησιν

517 1043 719 1095 stulata
759 1041 841 1096 his
888 1039 1051 1096 Pater
1084 1052 1311 1098 annuat
1355 1045 1449 1113 qui
1499 1045 1894 1099 consentiendo
1944 1060 2108 1115 supra

516 1147 720 1186 terram
752 1148 815 1187 ea
855 1135 1268 1203 postulaverint,
1301 1151 1423 1204 qua:
1449 1146 1733 1206 rogassent
1773 1137 1809 1191 ii
1853 1137 1946 1207 qui
1984 1147 2110 1201 ante

514 1222 714 1277 dictam
745 1225 1127 1295 symphoniam
1156 1226 1322 1281 simul
1347 1226 1669 1293 edidissent;
1701 1228 1849 1297 quod
1901 1245 2104 1284 novum

514 1314 664 1369 dictu
698 1324 784 1369 est
813 1322 868 1370 et
912 1316 1181 1371 mirabile.
1233 1317 1325 1372 Sic
1364 1334 1464 1389 ego
1518 1335 1736 1389 quoque
1780 1321 1939 1375 verba
1995 1322 2109 1376 huic

513 1409 760 1477 Apostoli
806 1409 1135 1478 interpretor
1162 1428 1197 1471 Δε
1251 1430 1269 1463 ι
1317 1409 1495 1487 Nolite
1542 1413 1819 1489 fraudare.
1850 1414 2104 1479 invicem,

516 1501 620 1555 nisi
649 1499 786 1556 forte
818 1517 882 1555 ex
920 1517 1190 1557 consensu
1228 1501 1292 1555 ad
1331 1512 1565 1574 tempus,
1620 1515 1680 1560 ut
1727 1507 1934 1561 vacetis
1983 1520 2109 1563 ora-

514 1594 654 1647 tioni
693 1594 758 1646 θ’.
799 1612 818 1645 ι
851 1593 1122 1659 Quoniam
1154 1595 1299 1648 enim
1332 1596 1632 1652 harmoniae
1667 1599 1994 1653 vocabulum
2041 1600 2106 1656 iis

516 1685 611 1754 qui
636 1686 935 1741 secundum
967 1685 1136 1741 Deum
1167 1690 1441 1745 connubio
1456 1691 1761 1761 junguntur
1794 1693 1845 1745 in
1870 1694 2105 1763 quodam

517 1772 938 1831 Proverbiorum
969 1777 1090 1831 loco
1127 1778 1408 1845 tribuitur,
1439 1780 1533 1850 qui
1566 1781 1646 1857 sic
1674 1782 1836 1837 habet
1875 1801 1888 1837 :
1922 1803 1941 1835 ι
1997 1783 2104 1838 Do-

2215 1037 2602 1108 προσαγόντων
2659 1036 2738 1107 τῷ
2790 1037 2849 1088 ἐν
2878 1039 2992 1099 τοῖς
3023 1036 3268 1108 οὐρανοῖς
3310 1037 3486 1106 lla.th
3538 1038 3675 1108 περὶ»
3710 1039 3790 1091 ού-

2208 1129 2471 1194 τινοσοῦν,
2484 1129 2574 1183 τὸν
2587 1129 2810 1200 Πατέρα
2826 1128 3021 1182 διδόναι
3036 1127 3106 1182 τὰ
3124 1129 3397 1200 αἰτήματα
3409 1131 3523 1192 τοῖς
3547 1129 3688 1199 μετὰ
3704 1129 3798 1183 τοῦ
3856 1155 3863 1158 ο

2211 1224 2519 1293 συμφωνεῖν
2548 1223 2640 1276 ἐπὶ
2660 1223 2791 1294 γῆς,
2809 1223 2944 1293 ὅπερ
2969 1221 3086 1274 ἐστὶ
3100 1220 3797 1294 παραδοξότατον,αῖτήσα-

2211 1330 2317 1377 σιν,
2358 1312 2500 1385 ἅπερ
2527 1314 2810 1383 αἰτήσαιεν
2837 1312 2903 1367 ἂν
2928 1314 2976 1368 οἰ
3017 1313 3113 1384 τὴν
3138 1312 3432 1385 εἰρημένην
3478 1317 3796 1385 συμφωνῖαν

2210 1423 2273 1459 συ
2280 1405 2882 1477 μφωνήσαντες.οῦτως
2898 1404 3008 1475 ἐγὼ
3024 1404 3206 1460 ἀκούω
3222 1405 3423 1459 καὶτοῦ
3440 1407 3794 1462 ἀποστολικοῦ

2214 1499 2406 1571 ῥητοῦ·
2451 1519 2468 1550 t
2504 1500 2596 1571 Μὴ
2631 1500 2981 1571 ἀποστερεῖτε
3015 1500 3294 1572 ἀλλήλους,
3335 1501 3384 1553 εί
3442 1501 3517 1571 μή
3545 1518 3600 1554 τι
3625 1500 3693 1555 ἂν
3735 1503 3793 1556 ὲν

2211 1591 2503 1664 συμφώνου
2534 1593 2671 1664 πρὸς
2689 1593 2900 1663 καιρὸν,
2921 1592 3007 1645 ἵνα
3040 1592 3337 1663 σχολάσητε
3361 1595 3426 1662 τῇ
3457 1596 3787 1665 προσευχῇ..

2219 1685 2372 1737 Ἐπεὶ
2412 1684 2519 1756 γὰρ
2578 1683 2638 1736 τὸ
2687 1684 2788 1755 τῆς
2822 1684 3088 1755 ἁρμονίας
3134 1683 3303 1754 ὄνομα
3340 1684 3451 1759 ,ἐπὶ
3491 1683 3604 1736 τῶν
3662 1685 3796 1740 κατὰ

2206 1777 2337 1831 Θεὸν
2383 1777 2703 1848 γαμούντων
2751 1778 3007 1831 τέτακται
3048 1778 3113 1833 ἂν
3146 1778 3223 1848 τῷ
3257 1778 3428 1843 οὕτως
3470 1780 3535 1832 ἐκ
3593 1784 3791 1849 Παροι-

518 1882 666 1921 mum
698 1880 751 1923 et
779 1862 1409 1926 substantiam‘divident
1437 1868 1617 1941 patres
1644 1874 1791 1940 liliis,
1825 1891 1854 1928 a
1875 1861 2103 1931 Domino

2210 1866 2360 1938 μιῶν
2411 1868 2733 1939 τεταγμένῳ
2788 1869 2956 1949 ρῃτῷσ
3023 1888 3039 1920 ι
3089 1866 3249 1923 Οἷκον
3303 1872 3398 1924 καὶ
3431 1870 3670 1943 ὓπαρξιν
3708 1892 3797 1944 με·

518 1971 705 2014 autem
739 1961 857 2016 viro
890 1976 1029 2016 uxor
1056 1962 1408 2033 conjungitur
1452 1965 1518 2032 ",
1576 1984 1594 2016 ι
1635 1980 1981 2037 consequens
2023 1976 2106 2024 est

521 2053 827 2109 harmoniae
857 2070 980 2123 quae
1011 2070 1041 2108 a
1073 2054 1183 2109 Deo
1212 2066 1298 2129 est
1329 2065 1382 2111 et
1411 2057 1635 2113 nomine
1661 2059 2004 2129 symphoniae
2043 2076 2108 2116 ac

516 2160 842 2209 consensus,
876 2154 930 2199 et
960 2145 1077 2214 ipsa
1104 2161 1161 2200 re
1190 2128 1257 2201 ad
1298 2147 1604 2202 orationem
1648 2146 1788 2216 frui;
1831 2151 1975 2220 quod
2025 2152 2107 2205 vel

517 2236 642 2290 inde
669 2236 839 2306 liquet
869 2255 884 2292 :
918 2256 937 2290 ι
978 2236 1092 2293 Nisi
1126 2238 1266 2293 forte
1300 2254 1368 2294 ex
1401 2254 1675 2296 consensu
1714 2241 1783 2296 "°.
1836 2260 1854 2293 ι
1906 2241 2107 2298 Deinde

516 2326 767 2394 pluribus
789 2327 1076 2382 declarans
1098 2326 1338 2382 Verbum
1370 2328 1509 2382 idem
1534 2343 1658 2383 esse
1690 2346 1710 2379 ι
1740 2327 1852 2383 duo
1879 2343 2108 2383 consen-

517 2418 618 2472 tire
652 2433 815 2487 super
843 2427 1066 2483 terram,
1108 2438 1127 2469 ι
1162 2434 1226 2474 ac
1250 2419 1470 2474 Christo
1494 2420 1827 2485 consentire,
1879 2420 2109 2489 subjun-

516 2511 592 2580 git
626 2528 640 2565 :
680 2529 699 2562 ι
736 2507 841 2566 Ubi
875 2512 1021 2566 enim
1056 2512 1308 2568 suntduo
1334 2511 1419 2566 vel
1445 2520 1553 2570 tres
1579 2516 1894 2582 congregati
1925 2513 1978 2568 in
2008 2529 2108 2567 no-

519 2605 666 2659 mine
704 2620 826 2659 meo
856 2605 922 2659 ".
961 2624 979 2656 i
1020 2603 1139 2660 Duo
1163 2604 1328 2676 igitur
1356 2605 1441 2660 vel
1474 2615 1584 2662 tres
1613 2607 1668 2660 in
1705 2606 1928 2681 nomine
1954 2605 2111 2662 Chri-

517 2694 586 2749 sti
619 2696 958 2764 congregati,
984 2696 1021 2749 ii
1053 2697 1297 2767 suntqui
1321 2712 1487 2768 super
1515 2707 1718 2753 terram
1751 2715 1857 2754 non
1889 2699 2001 2754 duo
2019 2714 2110 2753 so-

516 2787 654 2854 lum,
687 2789 780 2842 sed
807 2796 863 2841 et
890 2796 999 2844 tres
1028 2806 1423 2859 nonnunquam
1451 2792 1821 2847 consentiunt.
1847 2792 2113 2846 Animad-

517 2886 691 2933 vertet
717 2889 898 2933 autem
935 2880 1027 2950 qui
1064 2880 1285 2950 poterit,
1321 2897 1389 2935 an
1414 2882 1739 2953 symphonia
1762 2883 1878 2938 huic
1906 2893 1959 2938 et
1978 2898 2112 2939 con-

516 2987 736 3037 sensus,
766 2988 830 3027 ac
862 2973 987 3027 talis
1016 2973 1391 3043 congregatio,
1425 2974 1585 3043 cujus
1618 2974 1674 3029 in
1698 2976 1880 3029 medio
1922 2992 2109 3030 versa-

520 3074 608 3116 tur
632 3062 906 3129 Christus,
947 3064 1000 3116 in
1056 3064 1304 3132 pluribus
1345 3067 1572 3133 reperiri
1621 3068 1817 3136 possit,
1855 3066 2105 3137 quando-

519 3155 737 3224 quidem
777 3174 795 3206 ι
829 3164 1057 3226 angusta
1089 3166 1243 3225 porta
1278 3165 1332 3209 et
1364 3165 1512 3212 arcta
1538 3159 1639 3223 svia
1672 3169 1757 3214 est
1788 3174 1911 3229 quas
1956 3158 2109 3214 ducit

2216 1960 2458 2032 ριοῦνται
2489 1960 2723 2031 πατέρες
2785 1961 2965 2025 παισὶ,
3008 1960 3159 2033 παρὰ
3200 1961 3257 2015 δὲ
3314 1961 3449 2016 Θεοῦ
3500 1964 3798 2034 ἁρμόζεται

2211 2047 2349 2116 γυνὴ
2382 2047 2591 2118 ἀνδρὶ,›
2628 2047 2918 2101 ἀκόλουθόν
2943 2050 3059 2102 ἐστι
3082 2053 3147 2121 τῇ
3178 2049 3286 2104 ἀπὸ
3315 2051 3451 2105 Θεοῦ
3477 2055 3719 2127 ἁρμονίᾳ
3740 2056 3803 2108 τὸ

2208 2138 2379 2209 ὄνομα
2412 2139 2506 2192 καὶ
2533 2139 2593 2192 τὸ
2618 2138 2778 2212 ἔργον
2803 2140 3223 2214 ἀπολαύειντῆς
3257 2146 3577 2214 συμφωνίας
3606 2149 3686 2210 εἰς
3715 2148 3799 2200 εὐ-

2209 2231 2337 2302 χὴν,
2366 2232 2504 2303 ὅπερ
2534 2230 2789 2303 δηλοῦται
2819 2233 2877 2286 ὲν
2904 2232 3003 2304 τῷ·
3067 2254 3085 2285 ς
3120 2235 3183 2287 Εἰ
3219 2236 3350 2306 μήτι
3387 2234 3452 2288 ἂν
3482 2238 3545 2289 ὲκ
3577 2237 3799 2308 συμφώ-

2210 2340 2328 2376 νου.
2345 2342 2362 2374 ›
2396 2320 2509 2377 Εἶτ’
2537 2323 2818 2395 ὲπιδιηγού
2827 2341 2986 2395 μενος
3012 2326 3040 2378 6
3059 2324 3230 2394 Λόγος
3244 2326 3305 2379 τὸ
3329 2346 3347 2379 ι
3382 2334 3696 2400 συμφωνεῖν
3710 2332 3800 2385 ἐπὶ

2209 2418 2309 2488 τῆς
2342 2417 2446 2488 γῆς
2475 2417 2623 2481 δύο,›
2658 2419 2741 2471 ὅτι
2764 2418 2961 2474 ταύτόν
3009 2419 3125 2472 ἐστι
3154 2418 3312 2473 τοῦτο
3366 2422 3441 2494 τῷ
3492 2428 3801 2494 συμφωνεῖν

2209 2506 2288 2578 τῷ
2311 2506 2555 2579 Χριστῷ,
2591 2508 2842 2579 ἐπιφέρει
2890 2509 2972 2563 τό·
3037 2527 3055 2559 ι
3082 2503 3157 2564 υἷι
3185 2510 3293 2582 γάρ
3325 2513 3432 2566 εἱσι
3462 2512 3557 2567 δύο
3585 2513 3619 2585 ἢ
3650 2518 3809 2587 τρεῖς

2211 2598 2543 2671 συνηγμένοι
2576 2601 2656 2664 είς
2673 2600 2734 2653 τὸ
2757 2600 2889 2671 ἐμὸν
2917 2600 3143 2675 ὄνομα.)
3187 2601 3397 2655 Οὐκοῦν
3445 2607 3495 2657 οἱ
3529 2607 3803 2677 συνηγμέ-

2209 2710 2290 2746 νοι
2318 2695 2399 2757 είς
2429 2693 2490 2746 τὸ
2516 2690 2609 2746 τοῦ
2643 2690 2881 2763 Χριστοῦ
2918 2691 3089 2764 ὄνομα
3111 2691 3205 2746 δύο
3228 2693 3262 2763 ἢ
3295 2696 3464 2765 τρεῖς,
3493 2697 3544 2749 οἱ
3568 2714 3798 2768 συμφω-

2209 2785 2430 2849 νοῦντές
2453 2787 2590 2839 εἰσιν
2616 2784 2710 2837 ἐπὶ
2767 2784 2871 2854 γῆς
2922 2785 2982 2837 οὐ
3021 2783 3180 2855 μόνον
3213 2784 3277 2854 β’,
3304 2784 3419 2839 ἀλλ’
3448 2785 3559 2839 ἔσθ’
3593 2788 3682 2841 ὅτε
3704 2790 3799 2843 καὶ

2209 2880 2380 2948 τρεῖς.
2426 2877 2745 2946 Ἐπιστήσει
2802 2876 2860 2929 δὲ
2910 2877 2939 2929 6
2983 2875 3280 2946 δυνάμενος
3337 2877 3384 2929 εξ
3433 2880 3464 2948 ἡ
3508 2883 3796 2949 συμφωνία

2207 2968 2368 3042 αῦτη,
2398 2971 2493 3045 καὶ
2518 2972 2551 3039 ἡ
2574 2968 2797 3040 τοιαύτη
2828 2968 3140 3039 συναγωγὴ,
3162 2963 3230 3039 ἦς
3257 2970 3284 3021 6
3308 2970 3532 3039 Χριστὸς
3549 2972 3609 3021 ἐν
3630 2971 3780 3041 μέσῳ

2210 3062 2348 3128 ἐστὶ,
2378 3060 2604 3138 δύναται
2633 3061 2921 3134 εὑρεθῆναι
2976 3063 3033 3115 ὲν
3084 3060 3342 3125 πλείοσιν,
3395 3062 3514 3115 ἐπεὶ
3543 3079 3562 3112 ι
3612 3064 3779 3136 στενὴ

2213 3158 2309 3212 καὶ
2336 3158 2671 3230 τεθλιμμένη
2704 3159 2929 3230 ήόδὸςή
2956 3160 3247 3230 ἀπάγουσα
3275 3163 3348 3224 εἰς
3377 3159 3472 3230 τὴν
3490 3158 3669 3231 ζωὴν,
3686 3162 3788 3214 διαὲ

519 3248 586 3301 ad
620 3247 811 3313 vitam,
841 3256 895 3301 et
932 3248 1092 3316 pauci
1141 3257 1270 3302 sunt
1323 3248 1418 3318 qui
1462 3250 1749 3307 inveniunt
1794 3267 1912 3305 eam
1965 3252 2034 3306 ".
2082 3270 2101 3304 ι

2211 3249 2379 3319 ὀλίγοι
2409 3228 2547 3306 είσῖν
2572 3254 2620 3305 οἱ
2662 3228 3017 3325 εὑρίσκον-τες
3045 3228 3271 3324 αύτήν.»
3305 3228 3457 3323 Τάχα
3482 3252 3541 3305 δὲ
3568 3228 3666 3305 καὶ
3687 3252 3799 3323 τὴν

521 3340 792 3396 Fortasse:
804 3356 932 3395 vero
966 3357 1033 3396 ne
1057 3342 1216 3411 pauci
1240 3343 1483 3412 quidem,
1510 3342 1604 3398 sed
1621 3344 1730 3399 duo
1750 3344 1832 3398 vel
1848 3351 1960 3399 tres
1980 3359 2106 3399 con-

520 3432 785 3498 sentiunt,
812 3434 1267 3503 quemadmodum
1331 3433 1561 3500 Petrus,
1622 3444 1677 3490 et
1719 3434 1956 3491 Jacobus
1983 3476 1998 3501 ,
2050 3445 2105 3491 et

518 3521 775 3585 Joannes,
808 3525 1008 3593 quibus
1047 3527 1513 3583 consentientibus
1542 3527 1770 3597 gloriam
1807 3542 1964 3582 suam
2001 3542 2103 3598 pa-

517 3615 968 3672 tefecitVerbum
1006 3618 1124 3674 Dei.
1157 3619 1567 3676 Consenserunt
1588 3629 1769 3676 autem
1797 3621 1926 3685 duo,
1957 3620 2102 3675 Pau-

517 3708 605 3764 lus
632 3718 688 3764 et
721 3709 1041 3775 Sosthenes,
1076 3726 1200 3765 cum
1237 3711 1473 3780 priorem
1526 3711 1595 3766 ad
1636 3710 1947 3768 Corinthios
1967 3711 2100 3782 Epi-

516 3802 713 3858 stolam
750 3804 1198 3873 conscripserunt
1219 3803 1289 3870 7';
1322 3803 1663 3875 tumvdeinde
1696 3804 1899 3861 Paulus
1927 3814 1983 3860 et
2014 3804 2107 3859 Ti-

521 3894 815 3960 motheus,
865 3909 986 3949 cum
1035 3895 1260 3949 alteram
1313 3896 1383 3951 ad
1434 3896 1669 3957 eosdem,
1714 3897 1987 3951 miserunt
2024 3896 2106 3964 ’f‘;

518 3985 816 4055 quinetiam
878 3996 1278 4044 consenserunt
1322 3997 1468 4058 tres,
1507 3990 1727 4061 quando
1765 3988 2001 4055 Paulus,
2058 4000 2113 4046 et

2211 3343 2530 3414 συμφωνίαν
2563 3344 2685 3397 οὐδὲ
2708 3344 2900 3412 ὀλίγοι,
2937 3343 3074 3397 ἀλλὰ
3101 3343 3195 3398 δύο
3221 3345 3254 3416 ἢ
3296 3348 3444 3415 τρεῖς
3481 3343 3788 3415 συμφωνοῦ-

2210 3451 2317 3499 σιν,
2348 3435 2424 3498 ὼς
2443 3435 2669 3507 Πέτρος,
2702 3435 2796 3489 καὶ
2845 3435 3097 3498 Ἰάκωϐος
3118 3437 3212 3490 καὶ
3252 3436 3525 3507 Ἰωάννης,
3555 3430 3639 3500 οἷς
3664 3452 3788 3505 συμ-

2211 3526 2482 3598 φωνοῦσιν
2509 3526 2707 3594 ἔδειξεν
2729 3525 2892 3580 αὑτοῦ
2915 3527 3039 3599 τὴν.
3062 3527 3219 3593 δόξαν
3246 3528 3275 3581 ὀ
3303 3528 3476 3597 Λόγος
3502 3528 3593 3581 τοῦ
3632 3527 3779 3582 Θεοῦ.

2211 3618 2602 3691 Συνεφὼνησαν
2629 3619 2687 3673 δὲ
2712 3617 2805 3671 δύο
2836 3618 2955 3690 μὲν,
2984 3619 3193 3683 Παῦλος
3220 3619 3315 3673 καὶ
3335 3620 3639 3691 Σωσθένης,
3657 3619 3785 3691 γρά-

2202 3727 2403 3780 φοντες
2460 3710 2561 3781 τὴν
2618 3710 2891 3782 προτέραν
2939 3710 3246 3783 Κορινθίοις
3287 3714 3622 3785 Ἐπιστολὴν
3653 3713 3784 3785 μετά

2211 3803 2371 3857 τοῦτο
2397 3804 2453 3857 δὲ
2482 3802 2694 3873 Παῦλος
2757 3803 2852 3856 καὶ
2905 3804 3200 3875 Τιμόθεος,
3243 3806 3650 3870 ἐπιστέλλοντες
3693 3805 3783 3876 τὴν

2214 3895 2473 3967 δευτέραν
2500 3897 2615 3958 τοῖς
2642 3894 2844 3959 αὐτοῖς·
2883 3896 2979 3949 καὶ
3011 3899 3160 3967 τρεῖς
3188 3896 3245 3950 δὲ
3272 3896 3677 3968 συνεφώνησαν,
3697 3898 3781 3950 ὅτε

2218 3988 2450 4053 Παῦλος,
2483 3989 2578 4042 καὶ
2606 3987 2913 4065 Σιλουανὸς,
2948 3989 3044 4043 καὶ
3075 3988 3338 4062 Τιμόθεος
3387 3991 3670 4045 ἐπαίδευον
3717 3988 3785 4043 δι’

1726 4128 1961 4187 VETUS
2004 4127 2585 4211 INTERPRETATIO.
2636 4120 2641 4125 δ

611 4259 1164 4325 tres_cot_isenserunt,
1198 4262 1256 4308 ut
1288 4265 1432 4310 esset
1457 4254 1711 4325 Christus
1757 4254 1809 4308 in
1852 4254 2035 4310 medio
2072 4268 2287 4316 eorum,
2316 4252 2552 4325 Paulus,
2587 4262 2638 4308 et
2664 4252 2971 4325 Sylvanus,
3027 4264 3081 4309 et
3122 4253 3439 4309 Timotheus
3482 4253 3789 4325 scribentes

519 4317 1117 4392 Thessalonicensihus.
1148 4326 1274 4379 ltem
1296 4325 1347 4378 in
1380 4325 1559 4380 Veteri
1580 4324 1924 4380 Testamento
1948 4325 2256 4379 invenimus
2273 4317 2673 4379 consentientes
2692 4317 2803 4378 tres
2833 4317 2996 4392 super
3015 4337 3232 4389 terram,
3267 4333 3324 4377 ut
3348 4332 3493 4377 esset
3518 4324 3569 4375 in
3596 4325 3779 4378 medio

519 4405 706 4443 eorum
735 4389 973 4464 Verbum
998 4392 1117 4464 Dei,
1154 4396 1297 4449 sicut
1339 4396 1577 4450 ostendit
1608 4395 2003 4464 suprascriptio
2039 4395 2230 4464 psalmi
2260 4394 2660 4464 quadragesimi
2697 4395 2856 4461 primi
2904 4389 3197 4464 continens
3232 4394 3348 4464 ita;
3383 4412 3403 4464 ς
3432 4394 3488 4445 ln
3524 4392 3689 4464 linem
3727 4395 3775 4448 in

518 4474 788 4513 consensu
837 4463 963 4535 liliis
985 4463 1143 4535 Core.
1177 4483 1193 4514 I
1252 4466 1397 4535 Cum,
1418 4474 1603 4520 essent
1649 4462 1759 4520 tres
1804 4464 1897 4518 lilii
1927 4462 2069 4519 Core
2098 4462 2330 4535 quorum
2366 4465 2588 4516 nomina
2639 4464 2949 4535 invenimus
3000 4466 3052 4517 in
3088 4463 3290 4524 Exodo,
3316 4462 3460 4535 Asir,
3486 4463 3579 4529 qui
3617 4462 3782 4517 inter-

521 4539 764 4599 pretatur
806 4533 1058 4604 eruditio,
1105 4535 1327 4587 secundi
1362 4534 1616 4599 Ilelcana,
1676 4537 1820 4603 quod
1863 4532 2184 4604 intelligitur
2218 4535 2311 4588 Dei
2355 4544 2624 4598 creatura,
2665 4534 2811 4604 tertii
2855 4532 3153 4603 Abiasapli,
3206 4533 3346 4604 quod
3393 4533 3785 4604 interpretatur

519 4602 854 4669 congregatio
896 4602 1107 4669 patris:
1149 4604 1444 4676 prophetiae
1476 4621 1605 4676 ergo
1637 4602 1744 4658 non
1775 4614 1903 4658 sunt
1928 4602 2136 4671 divisa),
2173 4606 2264 4660 sed
2297 4604 2455 4674 quasi
2489 4619 2565 4676 ex»
2597 4618 2708 4656 uno
2734 4603 2951 4676 spiritu,
2980 4602 3143 4676 quasi
3178 4602 3240 4658 ei
3283 4617 3386 4655 una
3424 4603 3605 4676 anima
3637 4611 3690 4657 et
3715 4619 3783 4676 ex

521 4685 629 4723 una
674 4672 1427 4743 vocetconsensu'videlicet
1462 4672 1721 4743 operante
1765 4676 1818 4728 in
1864 4677 1966 4739 eis,
1998 4684 2128 4729 sunt
2161 4672 2341 4729 dict-(e7
2364 4683 2419 4728 et
2462 4674 2698 4741 scriptai,
2732 4682 2785 4726 et
2824 4673 2991 4727 locuti
3040 4684 3169 4728 sunt
3206 4684 3318 4728 tres
3341 4673 3499 4741 quasi
3524 4688 3671 4743 imus
3700 4672 3779 4726 di-

519 4749 745 4794 centes:
780 4761 797 4793 i
830 4741 985 4805 Sicut
1030 4759 1225 4797 cervus
1280 4741 1556 4798 desiderat
1604 4745 1675 4798 ad
1731 4744 1908 4800 fontes
1939 4761 2228 4812 aquarum,
2272 4746 2342 4799 ita
2382 4742 2655 4798 desiderat
2704 4742 2886 4796 anima
2919 4758 3037 4797 mea
3070 4744 3135 4797 ad
3183 4755 3232 4798 te
3259 4743 3421 4796 Dens.
3449 4760 3467 4793 ι
3524 4741 3778 4804 Dixerunt

521 4820 785 4883 autemet
820 4813 1098 4883 pluraliter
1146 4814 1197 4866 in
1232 4814 1649 4883 quadragesimo
1684 4814 1880 4869 tertio:
1912 4834 1930 4866 ι
1962 4815 2128 4875 Deus,
2162 4815 2388 4868 auribus
2422 4813 2625 4867 nostris
2650 4812 2981 4883 audivimus.
3012 4833 3031 4865 ι
3084 4813 3208 4868 Ideo
3240 4823 3296 4866 et
3321 4813 3777 4883 Apostolusfprae-

523 4879 652 4952 cipit
678 4879 901 4952 dicens:
933 4902 951 4933 ι
984 4882 1054 4937 Ut
1076 4885 1197 4938 sitis
1230 4879 1469 4952 perfecti
1515 4885 1568 4938 in
1600 4886 1788 4940 eodem
1835 4900 2021 4950 sensu,
2058 4894 2113 4940 et
2146 4886 2199 4938 in
2226 4885 2414 4939 eadem
2452 4882 2744 4937 sententia.
2776 4903 2796 4934 ι
2845 4881 2909 4936 Et
2964 4883 3017 4936 in
3045 4883 3273 4938 Actibus
3300 4879 3776 4936 decon'senti'enti-

526 4948 628 5001 bus
657 4949 822 5021 dicit:
855 4970 874 5001 ι
904 4952 1032 5006 Erat
1063 4948 1244 5008 autem
1281 4955 1615 5008 credentium
1654 4972 1748 5009 cor
1790 4971 1983 5018 unum,
2009 4948 2068 5010 et
2103 4957 2284 5009 anima
2329 4970 2472 5016 una;
2513 4972 2531 5004 ι
2576 4952 2836 5021 quoniam
2882 4952 3010 5007 facti
3045 4953 3259 5008 fuerant
3293 4968 3482 5015 unum,
3521 4952 3567 5006 si
3604 4961 3775 5006 tamen

524 5018 786 5095 possibile
815 5033 916 5095 es}.
952 5023 1091 5077 sicut
1133 5025 1392 5090 diximus,
1432 5027 1482 5078 in
1520 5026 1706 5081 multis
1739 5026 1967 5079 inveniri
2000 5042 2096 5095 per
2125 5026 2307 5080 omnia
2341 5039 2510 5095 unum
2558 5018 2974 5095 sentientes,_ut
3010 5040 3115 5095 nec
3156 5024 3368 5077 modica
3408 5024 3480 5095 sit
3514 5022 3777 5095 dissensio

525 5092 666 5142 inter
683 5104 810 5172 lens.
842 5087 960 5144 Non
995 5087 1635 5172 autem“consentiebant
1666 5087 2221 5172 Corinthiiudicentes
2247 5112 2260 5148 :
2293 5114 2311 5147 ‹
2342 5094 2455 5163 Ego
2488 5092 2704 5172 quidem
2733 5108 2853 5147 sum
2890 5092 3064 5172 Pauli,
3102 5109 3202 5162 ego
3233 5102 3414 5172 autem
3441 5092 3775 5172 .Apo'l‘loncgo

526 5175 652 5234 vero
679 5158 908 5234 Cepi-ae,
931 5171 985 5215 et
1013 5179 1115 5234 ego
1148 5165 1385 5231 Christi;
1419 5185 1438 5217 ι
1488 5166 1580 5220 sed
1610 5168 1770 5221 etiam
1807 5166 1858 5219 in
1896 5166 2002 5220 illis
2043 5167 2304 5229 schisma,
2331 5158 2441 5234 quo
2467 5158 2646 5218 soluto
2674 5158 3293 5234 congregabanturcum
3321 5163 3521 5230 spiritu
3549 5161 3699 5216 Pauli
3719 5158 3774 5234 et

524 5232 731 5303 virtute
760 5233 972 5303 Do_mini
1005 5231 1155 5297 Jesn,
1188 5245 1247 5288 nt
1284 5237 1394 5303 jam
1444 5251 1550 5289 non
1586 5245 1770 5291 essent
1815 5236 1956 5290 alius
1995 5237 2162 5290 alium
2208 5252 2266 5289 se
2295 5231 2600 5289 mordentes
2632 5242 2685 5286 et
2708 5231 3072 5303 comedentes,
3106 5241 3163 5287 ut
3192 5241 3648 5287 consumerentur
3684 5232 3773 5285 ab.

524 5302 775 5375 invicem.
818 5300 1105 5375 Consumit
1146 5300 1299 5359 enim
1338 5308 1640 5370 disSensus,
1686 5307 1828 5360 sicut
1854 5315 2149 5375 congregat
2180 5320 2503 5375 consensus,
2537 5311 2591 5357 et
2632 5312 2846 5375 separat
2871 5301 3057 5358 Jesnm
3103 5305 3195 5374 qui
3236 5304 3289 5356 in
3328 5304 3505 5355 medio
3555 5316 3775 5375 consen-

525 5373 771 5451 tientium
806 5372 908 5451 sibi
950 5373 1293 5451 solummodo
1338 5377 1628 5430 invenitur.
1679 5377 1744 5430 Et
1774 5371 1994 5451 proprie
2039 5371 2256 5445 quidem
2296 5376 2354 5451 i_n_
2383 5374 2596 5428 duobus
2648 5373 2767 5451 istis
2794 5376 3084 5451 generibus
3112 5371 3526 5451 l'itconsensus;
3570 5373 3623 5424 in
3658 5371 3772 5451 lide.

493 5501 496 5504 ,
522 5445 663 5498 sicut
692 5445 769 5497 ait
790 5443 1081 5512 Apostolus
1111 5462 1123 5497 :
1154 5463 1171 5495 ι
1208 5444 1274 5499 Ut
1296 5448 1417 5500 sitis
1449 5449 1666 5514 perl'ecti
1697 5449 1750 5500 in
1777 5441 1970 5501 eodem
2008 5441 2171 5501 sensu
2196 5484 2211 5507 ,
2244 5464 2261 5497 ι
2307 5446 2355 5498 id
2387 5453 2471 5498 est
2494 5443 2794 5497 secundum
2827 5444 3015 5496 eadem
3046 5445 3297 5514 dogmata
3318 5483 3333 5506 ,
3386 5460 3406 5494 ι
3432 5442 3564 5495 etin
3594 5441 3773 5514 eadem

523 5515 785 5567 sententia
808 5509 876 5576 ,3
926 5516 975 5567 id
1003 5524 1088 5568 est
1118 5525 1173 5567 ut
1205 5509 1462 5570 similiter
1488 5526 1896 5572 conversentur.
1948 5517 2074 5570 ldeo
2105 5516 2239 5571 dicit
2270 5532 2282 5566 :
2313 5533 2331 5565 ι
2363 5514 2420 5567 Si
2452 5514 2560 5566 duo
2596 5521 2840 5567 vestrum
2887 5509 3243 5568 convene'rint
3277 5527 3441 5580 super
3479 5521 3681 5564 terrain
3714 5509 3775 5563 de

521 5584 669 5637 omni
701 5600 777 5649 re,
812 5586 1075 5655 quidquid
1114 5587 1363 5654 petierint
1403 5588 1491 5640 liet
1523 5588 1623 5642 eis.
1657 5607 1676 5640 ι
1721 5586 2067 5641 Manifestum
2110 5595 2195 5641 est
2223 5594 2402 5640 autem
2435 5583 2694 5654 quoniam
2727 5583 2819 5635 ubi
2851 5598 2958 5637 non
2989 5584 3060 5638 sit
3090 5585 3157 5638 de
3188 5583 3339 5637 omni
3376 5597 3435 5635 re
3481 5594 3774 5635 consensus

579 5719 620 5750 ⁵⁷
663 5722 702 5793 l_l
731 5724 862 5791 lteg.
885 5741 958 5782 Vl,
990 5725 1044 5788 4,
1076 5725 1130 5780 ὅ.
1198 5725 1241 5757 ⁸⁸
1283 5726 1298 5777 l
1329 5724 1457 5781 Cor.
1492 5743 1587 5789 vn,
1623 5727 1676 5781 5.
1753 5727 1795 5759 ⁶⁹
1814 5726 1973 5783 Prov.
2008 5744 2099 5782 xix

2210 5760 2238 5778 ν.
2313 5725 2358 5756 ⁷⁸
2399 5724 2414 5778 l
2444 5724 2571 5779 Cor.
2611 5738 2705 5785 vn,
2738 5722 2791 5776 5.
2868 5724 2910 5755 τ’
2938 5722 3125 5781 Matth.
3157 5684 3331 5789 xvnt,
3354 5722 3444 5777 20.
3522 5724 3568 5755 ⁷³
3593 5722 3777 5777 Matth.

532 5789 623 5838 "ll.
673 5790 754 5857 Η,
812 5789 857 5825 δ’
883 5793 901 5845 l
927 5796 1052 5849 Cor.
1090 5812 1127 5859 ι,
1164 5795 1186 5849 ι
1288 5795 1333 5827 ’δ
1372 5795 1412 5850 ll
1444 5796 1617 5862 Com,
1646 5798 1694 5849 l.
2110 5789 2118 5793 ’
2275 5835 2282 5842 -
