4028 6296
505 388 643 443 “87

1961 369 2282 426 ORIGENiS

3639 358 3767 414 H88

503 504 747 576 psallerii
784 500 1112 557 chordarum
1147 494 1294 549 nulla
1327 493 1557 546 invicem
1591 491 1957 561 discrepantia
1980 499 2081 544 est.

2194 483 2375 555 λήλας.
2427 482 2500 535 Ού
2551 479 2891 549 συνεφώνουν
2945 477 3004 532 δὲ
3030 476 3123 531 ἐπὶ
3147 477 3249 548 τῆς
3279 476 3381 548 γῆς
3412 475 3463 529 οἱ
3508 475 3765 545 λέγοντες-

504 599 575 649 At
606 609 711 646 non
743 588 1153 646 consentiebant
1199 600 1358 654 super
1410 597 1611 639 terram
1655 585 1747 654 qui
1796 583 2087 638 dicebant:

510 701 530 735 ι
563 683 673 752 Ego
722 682 941 751 quidem
983 696 1104 734 sum
1138 678 1314 736 Pauli.
1353 694 1453 746 ego
1505 685 1686 731 autem
1736 676 1950 744 Apollo,
1990 690 2091 744 ego

503 788 633 826 vero
663 772 879 841 Cephze,
914 785 1015 840 ego
1051 779 1231 824 autem
1258 768 1460 822 Christi
1487 767 1554 833 ⁸⁸,
1594 785 1611 817 ι
1641 764 1734 819 sed
1764 765 1907 818 inter
1943 764 2091 832 ipsos

497 858 664 928 617
696 869 850 911 erant
892 857 1208 918 schismata,
1246 857 1445 924 quibus
1479 854 1781 922 dissipatis,
1824 868 1930 907 una
1965 868 2090 907 cum

501 947 656 1002 I‘anli
694 950 885 1018 spiritu
914 950 982 1011 ⁸⁸,
1011 950 1211 1003 virtute
1245 948 1460 1001 Domini
1488 945 1617 1001 Jesu
1642 946 1869 1009 Christi,
1891 962 2091 1002 conso-

505 1043 813 1102 ciabautur,
841 1058 906 1095 ne
928 1057 987 1096 se
1022 1041 1255 1109 amplius
1295 1042 1609 1095 morderent
1631 1049 1685 1093 ct
1721 1040 2089 1105 comederent,

509 1135 583 1189 ita
619 1144 677 1189 ut
703 1134 946 1188 vicissim
981 1134 1122 1187 alius
1163 1132 1231 1187 ab
1276 1133 1385 1186 alio
1436 1140 1927 1197 consumerentur;
1961 1146 2093 1186 con-

503 1226 677 1282 sumit
728 1225 872 1279 enim
934 1233 988 1277 et
1039 1224 1222 1277 atterit
1268 1224 1580 1286 discordia,
1632 1222 2090 1290 quemadmodum

503 1317 743 1371 curradit
773 1324 828 1369 et
860 1316 1172 1368 accumulat
1203 1314 1517 1378 concordia,
1549 1323 1604 1367 et
1635 1313 1756 1368 Filii
1792 1313 1884 1367 Dei
1917 1330 2090 1383 capax

502 1415 607 1473 est,
635 1405 726 1475 qui
770 1406 824 1458 in
866 1405 1044 1459 medio
1086 1405 1542 1459 consentientium
1579 1404 1843 1459 duntaxat
1886 1406 2090 1475 reperi-

505 1507 614 1552 tur.
645 1498 722 1553 Ac
754 1507 883 1552 sunt
911 1498 1020 1551 duo
1070 1496 1343 1566 generalia
1381 1496 1434 1549 in
1477 1496 1677 1565 quibus
1716 1498 1932 1566 proprie
1963 1513 2095 1552 con-

507 1587 693 1641 cordia
731 1586 948 1641 exsistit
980 1604 993 1639 :
1021 1601 1348 1651 consensus,
1400 1602 1524 1641 cum
1573 1588 1774 1641 caedem
1826 1589 2093 1643 habentur

508 1676 695 1729 animo
720 1676 1039 1741 sententiae;
1077 1684 1128 1730 et
1159 1677 1403 1745 ejusdem
1437 1677 1736 1732 voluntatis
1777 1680 2088 1744 consensio,

506 1781 632 1820 eum
668 1781 763 1835 par
791 1777 876 1821 est
905 1767 1197 1836 utrobique
1238 1776 1294 1822 et
1341 1768 1532 1823 similis
1564 1769 1686 1823 vita:
1724 1779 1897 1823 tenor.
1931 1769 2088 1835 Quod

509 1861 556 1914 si
588 1878 608 1910 ι
649 1859 863 1913 duobus
887 1848 955 1912 ex
982 1859 1139 1913 nobis
1172 1860 1645 1914 consentientibus
1667 1875 1832 1928 super
1865 1869 2086 1922 teriam,

508 1950 575 2003 de
604 1950 753 2004 omni
790 1965 866 2013 re,
895 1964 1223 2019 quacunque
1262 1949 1539 2019 petierint,
1585 1951 1673 2004 lict
1721 1951 1828 2005 illis
1864 1967 1894 2005 a
1931 1952 2090 2007 Patre

508 2040 635 2095 Jesu
683 2041 776 2110 qui
813 2042 866 2094 in
902 2041 1058 2095 caelis
1092 2050 1176 2095 est
1212 2040 1290 2105 3‘;
1338 2059 1357 2091 ι
1402 2042 1837 2110 quotiescunque
1872 2058 1899 2095 a
1929 2041 2090 2098 Patre

508 2133 686 2201 quiin
715 2134 869 2188 cmlis
907 2142 991 2186 est
1037 2133 1307 2201 postulata
1340 2134 1592 2203 quaelibet
1638 2149 1747 2188 non
1788 2134 2086 2204 impetran-

509 2233 617 2289 tur,
644 2225 781 2279 duos
814 2226 922 2279 illic
955 2240 1119 2293 super
1144 2233 1341 2278 terram
1371 2241 1478 2278 non
1507 2226 1853 2281 consensisse
1878 2227 2088 2296 perspi-

508 2330 671 2368 cuum
706 2325 807 2378 est,
839 2324 893 2368 et
925 2330 1024 2368 cur
1063 2314 1208 2368 votis
1256 2329 1321 2369 ac
1359 2316 1613 2384 precibus
1657 2331 1766 2369 non
1812 2317 2085 2385 potiamur

510 2405 641 2460 illud
671 2407 726 2459 in
766 2421 933 2459 causa
977 2420 1117 2469 esse,
1152 2406 1297 2474 quod
1346 2423 1522 2476 neque
1561 2407 1944 2476 opinionibus,
1994 2425 2090 2462 ne-

509 2514 616 2568 que
663 2497 784 2552 vitae
830 2497 1081 2551 instituto
1134 2497 1298 2551 simul
1348 2499 1773 2553 consentiamus.
1821 2498 2088 2555 Praeterea

509 2603 637 2644 vero
694 2589 737 2642 si
794 2603 994 2657 corpus
1041 2603 1235 2641 sumus
1289 2587 1513 2650 Christi,
1564 2597 1620 2641 et
1662 2605 1681 2638 ι
1711 2588 1893 2656 posuit
1945 2586 2091 2641 Deus

512 2681 752 2734 membra
788 2679 1220 2749 unumquodque
1249 2692 1438 2732 eorum
1472 2678 1526 2732 in
1551 2694 1802 2749 corpore,
1828 2698 1847 2730 ι
1871 2686 1931 2734 ιιι
1951 2698 1970 2732 ι
1993 2694 2093 2749 pro

511 2770 741 2824 invicem
772 2770 1005 2825 sollicita
1048 2770 1157 2824 sint
1187 2769 1431 2823 membra
1458 2768 1527 2833 ⁸⁵,
1562 2788 1579 2821 ι
1621 2779 1674 2823 et
1719 2769 1823 2823 sibi
1858 2769 2089 2825 invicem

510 2862 876 2925 censet-tiam,
913 2879 931 2911 ι
963 2873 1015 2914 et
1046 2860 1092 2915 si
1135 2859 1265 2928 quid
1298 2860 1501 2928 patitur
1546 2875 1715 2913 unum
1761 2861 2089 2928 membrum,

513 2952 913 3022 eompatiantur
942 2950 1125 3004 omnia
1158 2950 1438 3013 membra;
1477 2950 1592 3004 sive
1621 2949 1884 3020 gloriatur
1919 2967 2089 3006 unum

516 3045 841 3109 membrum,
872 3042 1251 3112 eongaudeant
1287 3042 1356 3108 ⁸⁸,
1391 3060 1409 3092 ι
1454 3042 1755 3096 exercenda
1805 3044 1963 3099 nobis
2010 3053 2096 3099 est

2198 597 2215 627 ι
2266 574 2405 643 Ἐγὼ
2431 574 2528 646 μέν
2556 576 2670 644 είμι
2705 572 2945 637 Παύλου,
2973 569 3084 639 ἐγὼ
3139 570 3197 622 δὲ
3239 567 3504 631 Ἀπολλὼ,
3552 567 3665 637 ἐγὼ
3714 569 3768 622 δὲ

2191 670 2377 740 Κηφᾶ,
2406 666 2514 737 ἐγὼ
2537 666 2593 719 δὲ
2622 664 2880 737 Χριστοῦ,
2896 684 2915 715 ι
2937 664 3074 717 ἀλλὰ
3093 659 3162 733 ἦν
3190 664 3248 716 ὲν
3269 663 3451 724 αὐτοῖς
3480 661 3767 731 σχίσματα,

2191 755 2265 815 ὧν
2290 759 2705 830 καταλυομένων
2729 759 3022 828 συνήγοντο
3042 756 3179 826 μετὰ
3200 754 3291 808 τοῦ
3319 756 3376 806 ὲν
3399 753 3601 824 Παύλῳ
3624 753 3770 806 πνεύ-

2194 870 2362 924 ματος
2390 852 2487 905 σὺν
2515 854 2581 921 τῇ
2615 850 2841 920 δυνάμει
2889 848 2984 901 τοῦ
3028 848 3233 917 Κυρίου
3294 844 3469 915 Ἰησοῦ
3514 844 3765 916 Χριστοῦ,

2191 944 2280 996 ἵνα
2305 949 2500 1014 μηκέτι
2530 941 2796 1012 ἀλλήλους
2846 939 3083 993 δάκνωσι
3126 938 3221 991 καὶ
3266 935 3652 1002 κατεσθίωσιν,
3698 937 3765 1000 ὡς

2192 1033 2297 1086 ὑπὸ
2325 1032 2569 1104 ἀλλήλων
2594 1032 2793 1096 αὐτοὺς
2833 1028 3243 1085 ἀναλίσκεσθαυ
3281 1027 3567 1081 ἀναλίσκει
3597 1027 3706 1099 γὰρ
3734 1030 3764 1098 ἡ

2190 1126 2473 1196 διαφωνία,
2503 1124 2694 1195 ὥσπερ
2744 1125 2967 1192 συνάγει
3033 1124 3066 1192 ἠ
3122 1120 3430 1192 συμφωνία,
3482 1119 3576 1172 καὶ
3609 1124 3765 1191 χωρεῖ

2190 1220 2280 1272 τὸν
2314 1219 2554 1290 ἐνμέσῳ
2585 1218 2695 1271 τῶν
2720 1215 3151 1287 συμφωνούντων
3184 1214 3466 1284 γινόμενον
3499 1212 3631 1266 Υίδν
3677 1213 3761 1265 τοῦ

2192 1310 2351 1364 Θεοῦ.
2377 1311 2487 1366 Καὶ
2515 1310 2721 1383 κυρίως
2743 1325 2807 1375 γε
2836 1311 2893 1361 ὲν
2918 1308 3011 1360 δύο
3041 1309 3279 1374 γενικοῖς
3310 1305 3521 1372 γίνεται
3562 1306 3596 1375 ὴ
3646 1319 3764 1373 συμ-

2193 1403 2391 1470 φωνία,
2421 1400 2519 1472 τῷ,
2553 1400 2629 1464 ὡς
2655 1399 2941 1469 ὠνόμασεν
2963 1400 2991 1451 ό
3045 1396 3381 1459 ’Λπόστολος,
3414 1396 3761 1467 καταρτισμῷ

2191 1492 2286 1545 τοῦ
2316 1491 2482 1545 αὑτοῦ
2505 1493 2643 1556 νοὸς,
2668 1490 2809 1547 κατὰ
2852 1489 2911 1543 τὸ
2962 1488 3104 1544 αὐτὰ
3126 1489 3371 1560 δόγματα
3423 1488 3571 1558 ἔχειν
3596 1504 3764 1557 νενοη-

2196 1585 2352 1656 μένα,
2381 1586 2472 1638 καὶ
2502 1584 2562 1637 τὸ
2604 1584 2703 1655 τῆς
2756 1583 2924 1653 αὐτῆς
2974 1580 3218 1652 γνώμης,
3269 1580 3412 1635 κατά
3464 1580 3529 1632 τὸ
3573 1580 3766 1649 ὁμοίως

2195 1676 2365 1747 βιοῦν.
2390 1677 2455 1728 Et
2484 1675 2563 1737 δὲ,
2596 1694 2613 1725 ι
2643 1674 2737 1727 ἐὰν
2769 1672 2864 1726 δύο
2889 1674 3049 1744 ἡμῶν
3075 1676 3515 1744 συμφωνήσωσιν
3550 1671 3644 1725 ἐπὶ
3675 1671 3765 1742 τῆς

2194 1766 2297 1835 γῆς
2325 1765 2453 1836 περὶ
2476 1764 2677 1828 παντὸς
2701 1764 3026 1835 πράγματος
3065 1756 3127 1816 οῦ
3168 1764 3265 1817 ἐὰν
3312 1764 3669 1834 αἰτήσωνται,
3695 1765 3764 1831 γί-

2193 1874 2341 1912 νεται
2398 1858 2580 1920 αὐτοῖς
2617 1858 2768 1927 παρά
2804 1856 2898 1909 τοῦ
2930 1857 2988 1909 ὲν
3032 1857 3280 1928 οὐρανοῖς
3327 1856 3599 1927 naming,»
3654 1857 3770 1924 περὶ

2194 1950 2394 2014 παντὸς
2443 1950 2767 2020 πράγματος
2805 1942 2865 2001 οὗ
2923 1948 3019 2001 ἐὰν
3071 1948 3421 2018 αἰτήσωνται,
3487 1947 3608 1998 ἐκεῖ
3658 1945 3769 1998 οὐδὲ

2190 2040 2282 2093 δύο
2316 2039 2699 2109 συνεφώνησαν
2728 2038 2821 2093 ἐπὶ
2849 2039 2948 2110 τῆς
2976 2039 3100 2109 γῆς’
3143 2039 3237 2093 καὶ
3266 2037 3423 2091 τοῦτο
3446 2038 3619 2091 αἴτιον
3644 2039 3770 2107 ἡμῖν

2190 2134 2306 2186 ἐστι
2338 2132 2433 2186 τοῦ
2466 2132 2541 2203 μὴ
2569 2130 2934 2183 ὲπακούεσθαι
2999 2130 3347 2200 εὐχομένους,
3399 2130 3462 2182 τὸ
3524 2129 3600 2200 μὴ
3636 2146 3769 2199 συμ-

2191 2227 2385 2294 φωνεῖν
2420 2223 2568 2294 ἡμᾶς
2607 2222 2857 2293 ἀλλήλοις
2906 2225 2997 2276 ἐπὶ
3049 2224 3148 2293 τῆς
3200 2223 3304 2291 γῆς
3358 2224 3497 2292 μήτε
3545 2222 3772 2293 δόγμασι

2197 2318 2334 2387 μήτε
2376 2315 2476 2385 βίῳ
2499 2331 2512 2344 ’
2546 2315 2710 2367 ἔτιδὲ.
2763 2316 2857 2369 καὶ
2885 2315 3044 2386 εἴπερ
3072 2313 3232 2384 σῶμά
3288 2315 3454 2383 ἐσμεν
3515 2313 3772 2385 Χριστοῦ,

2191 2408 2286 2461 καὶ
2319 2426 2337 2457 ι
2370 2406 2521 2459 ἔθετο
2554 2408 2582 2460 ὁ
2619 2407 2750 2470 Θεὸς
2802 2406 2870 2458 τὰ
2922 2405 3059 2477 μέλη
3104 2406 3334 2457 ἕκαστον
3382 2405 3562 2459 αὐτῶν
3608 2409 3670 2462 ὲν
3700 2407 3774 2476 τῷ

2195 2497 2464 2567 cubitant,»
2486 2498 2572 2550 ἵνα
2607 2516 2623 2547 ι
2643 2497 2703 2550 τὺ
2728 2498 2858 2550 αὐτὸ
2890 2496 3226 2569 μεριμνῶσιν
3266 2497 3407 2568 ὑπὲρ
3438 2495 3681 2569 ἀλλήλων
3707 2498 3774 2552 τὰ

2198 2588 2389 2659 μέλη,»
2426 2588 2522 2642 καὶ
2554 2589 2916 2659 συμφωνῶσιν
2949 2588 3220 2659 ἀλλήλοις,
3282 2608 3301 2639 ‹
3339 2590 3433 2642 καὶ
3480 2590 3776 2660 πάσχοντος

2194 2680 2310 2743 ἑνὸς
2347 2680 2447 2750 μὲν
2481 2679 2673 2751 μέλους
2709 2681 3007 2753 συμπάσχῃ
3067 2681 3268 2743 πάντα,
3329 2680 3687 2752 δοξαζομένου
3716 2681 3772 2735 δὲ

2199 2772 2523 2844 συγχαίρῃ,›
2557 2771 2843 2842 ὀφείλομεν
2863 2774 3051 2826 ἀσκεῖν
3077 2772 3178 2843 τὴν
3215 2772 3324 2825 ἀπὸ
3354 2773 3453 2843 τῆς
3478 2773 3630 2838 θείας
3648 2792 3774 2844 μου-

2197 2864 2356 2935 σικῆς
2410 2864 2750 2934 συμφωνίαν,
2796 2863 2902 2929 ἵνα,
2960 2864 3341 2935 συναγομένων
3386 2864 3542 2935 ἡμῶν
3583 2866 3663 2927 είς
3704 2864 3767 2917 τὸ

2197 2958 2371 3027 ὄνομα
2417 2955 2512 3009 τοῦ
2540 2954 2799 3027 Χριστοῦ,
2829 2955 3065 3027 Χριστὸς
3173 2958 3232 3009 ὲν
3260 2956 3401 3028 μέσῳ
3425 2955 3575 3025 ἡμῶν
3607 2956 3636 3006 ό
3662 2954 3756 3007 τοῦ

2198 3046 2333 3100 Θεοῦ
2367 3047 2556 3117 Λόγος,
2593 3048 2686 3101 καὶ
2730 3050 2764 3120 ἡ
2800 3047 2896 3102 τοῦ
2937 3046 3073 3101 Θεοῦ
3120 3047 3291 3119 σοφία,
3327 3047 3416 3101 καὶ
3454 3049 3487 3117 ή
3526 3045 3758 3117 δύναμις

514 3135 835 3205 symphonia
863 3150 983 3203 qua:
1027 3150 1057 3186 a
1092 3134 1270 3187 divina
1301 3134 1510 3188 musica
1543 3134 1736 3200 oritur,
1768 3145 1827 3190 ut
1861 3151 1985 3191 cum
2033 3136 2089 3191 in
2117 3132 2160 3189 C
2193 3134 2378 3194 αὐτοῦ.

514 3229 733 3282 nomine
788 3227 991 3281 Christi
1048 3226 1312 3281 fuerimus
1362 3229 1693 3299 congregati,
1736 3230 1791 3285 in
1838 3232 2021 3287 medio
2059 3242 2307 3289 nostrum
2349 3233 2421 3290 sit
2450 3233 2725 3301 Christus,
2756 3234 2850 3305 qui
2907 3234 3003 3290 Dei
3039 3232 3273 3291 Verbum
3328 3243 3430 3298 est,
3468 3245 3524 3289 et
3555 3232 3649 3289 Dei
3683 3250 3772 3290 sa-

513 3321 736 3393 pientia,
773 3322 1053 3391 ipsiusque
1081 3322 1277 3377 virtus.

584 3413 637 3466 Ξ.
679 3412 855 3482 Atque
898 3413 1012 3467 ha-c
1074 3411 1295 3481 quidem
1343 3412 1411 3467 de
1458 3413 1545 3469 his
1593 3413 1807 3472 duobus
1850 3418 2093 3475 tribusve

513 3503 772 3567 diximus,
802 3518 941 3571 quos
970 3502 1038 3557 ad
1071 3502 1520 3559 consentiendum
1558 3506 1787 3562 invicem
1840 3509 2094 3564 hortatur

518 3594 776 3659 Verbum,
809 3603 969 3664 prout
997 3594 1051 3647 in
1080 3610 1302 3650 sensum
1334 3597 1479 3650 trahi
1536 3608 1768 3667 possunt
1803 3600 1990 3655 tritum
2028 3616 2094 3657 ac

511 3688 887 3759 pervulgatum
921 3687 1095 3757 magis
1122 3706 1136 3742 :
1166 3702 1313 3742 nunc
1354 3697 1534 3744 autem
1582 3690 1743 3743 aliam
1775 3691 2095 3761 explicatio-

514 3795 638 3834 nem
670 3780 1072 3850 aggrediamur,
1105 3795 1267 3849 quam
1298 3790 1423 3835 ante
1449 3797 1550 3835 nos
1589 3781 1861 3851 quispiam
1909 3791 2096 3851 protu—

514 3873 597 3929 lit.
645 3873 713 3927 ad
759 3872 1059 3927 castitatem
1108 3882 1163 3927 et
1209 3873 1532 3926 munditiem
1573 3874 1847 3927 connubio
1873 3874 2097 3943 junetos

514 3966 849 4031 adhortans;
903 3964 1043 4020 duos
1089 3964 1234 4019 enim
1301 3963 1439 4028 hos,
1492 3980 1632 4033 quos
1682 3980 1846 4034 super
1896 3974 2096 4019 terram

516 4058 826 4111 consentire
857 4057 971 4110 vult
1006 4054 1267 4121 Verbum,
1308 4057 1485 4109 virum
1512 4063 1566 4109 et
1606 4056 1889 4110 mulierem
1942 4056 2099 4110 intel-

516 4149 608 4218 ligi
635 4134 831 4203 debere
855 4150 1036 4213 docet,
1067 4165 1134 4202 ex
1173 4164 1447 4204 consensu
1493 4164 1612 4203 sese
1653 4162 1917 4218 corporeo
1960 4163 2095 4204 con-

516 4256 707 4312 gressu
743 4240 1075 4305 fraudautes,
1108 4250 1169 4297 ut
1204 4252 1396 4299 vacent
1435 4241 1694 4305 orationi,
1738 4241 1959 4311 quando
1988 4241 2095 4296 sci-

516 4332 643 4389 licet
673 4348 892 4388 orantes
923 4352 941 4384 t
974 4334 1041 4389 de
1065 4335 1215 4388 onmi
1250 4350 1307 4389 re
1332 4349 1720 4403 quamcunque
1761 4333 2035 4402 petierint,
2068 4352 2087 4385 ι

518 4426 919 4495 impetrabunt;
948 4441 1072 4480 cum
1105 4435 1242 4480 nutu
1273 4425 1452 4479 Patris
1486 4424 1616 4481 Jesu
1655 4424 1862 4479 Christi
1899 4425 1993 4493 qui
2039 4425 2092 4478 in

515 4520 669 4575 cmlis
698 4527 803 4584 est,
833 4527 1049 4587 propter
1079 4519 1247 4590 618
1292 4519 1451 4571 talem
1480 4532 1809 4572 consensum
1842 4527 2091 4572 votorum

2270 3414 2458 3470 Ταῦτα
2490 3415 2589 3487 μὲν
2621 3410 2735 3479 οῦν,
2771 3416 2847 3480 ὡς
2877 3416 2985 3470 τῶν
3031 3416 3125 3470 δύο
3154 3418 3248 3471 καὶ
3275 3417 3461 3489 τριῶν,
3506 3415 3599 3480 οὓς
3648 3433 3774 3488 προ-

2199 3507 2447 3561 καλεῖται
2479 3511 2789 3579 συμφωνεῖν
2822 3510 2850 3563 ό
2871 3510 3064 3578 Λόγος,
3115 3508 3422 3580 κοινότερον
3452 3508 3767 3578 νοουμένων

2200 3600 2302 3671 ήδη
2331 3601 2389 3654 δὲ
2408 3601 2502 3655 καὶ
2527 3600 2692 3671 ἄλλης
2716 3602 3022 3672 διηγήσεως
3068 3600 3359 3672 ἁψώμεθα,
3393 3602 3461 3671 ἣν
3515 3599 3667 3667 ἔλεγέ
3694 3616 3771 3661 τις

2200 3690 2310 3746 τῶν
2334 3692 2440 3764 πρὸ
2461 3691 2640 3763 ἡμῶν,
2676 3693 2997 3765 προτρέπων
3029 3693 3123 3746 ἐπὶ
3155 3692 3375 3760 ἁγνείαν
3407 3694 3502 3747 καὶ
3539 3691 3769 3762 καθαρό-

2200 3801 2339 3855 τητα
2362 3784 2489 3848 τοὺς
2522 3785 2928 3856 γεγαμηκότας·
2962 3784 3055 3839 δύο
3079 3785 3187 3858 γὰρ
3214 3785 3308 3849 οὒς
3336 3784 3583 3856 βούλεται
3602 3824 3617 3847 ,
3674 3800 3768 3854 φη-

2203 3877 2285 3929 σὶν
2316 3880 2344 3930 ό
2366 3877 2558 3945 Λόγος,
2595 3880 2900 3948 συμφωνεῖν
2925 3878 3017 3929 ἐπὶ
3063 3878 3159 3948 τῆς
3197 3879 3324 3947 γῆς,
3354 3877 3521 3949 ἄνδρα
3556 3877 3651 3930 καὶ
3675 3892 3767 3943 γυ-

2202 3971 2364 4021 ναῖκα
2388 3967 2626 4039 νοητέον,
2651 3969 2716 4021 ὲκ
2760 3968 3077 4037 συμφωνίας
3137 3966 3574 4039 ἀποστεροῦντας
3617 3966 3765 4038 ἀλλή-

2203 4059 2327 4122 λους
2352 4058 2667 4129 σωματικῆς
2693 4057 2929 4129 ὁμιλίας,
2950 4060 3034 4112 ἵνα
3059 4057 3361 4129 σχολάσωσι
3386 4061 3453 4130 τῇ
3478 4061 3767 4130 προσευχῇ,

2199 4151 2308 4215 ὅτε,
2359 4150 2783 4221 προσευχόμενοι
2856 4170 2875 4202 ι
2920 4152 3049 4222 περὶ
3095 4150 3298 4215 παντὸς
3346 4151 3671 4223 πράγματος
3712 4143 3769 4204 οῦ

2200 4244 2294 4297 ἐὰν
2328 4243 2706 4314 αίτήσωνται,›
2756 4243 3039 4314 λήψονται,
3091 4246 3407 4314 γιγνομένου
3452 4243 3637 4304 αὐτοῖς
3680 4241 3770 4296 τοῦ

2200 4334 2309 4387 ἀπὸ
2339 4334 2594 4404 τοιαύτης
2620 4334 2938 4405 συμφωνίας
2969 4335 3265 4406 αίτήματος
3308 4332 3455 4404 παρὰ
3480 4331 3575 4385 τοῦ
3600 4335 3660 4386 ὲν
3686 4335 3761 4387 οὐ·

2204 4427 2384 4495 ρανοῖς
2414 4425 2627 4498 Πατρὸς
2666 4423 2845 4495 Ἰησοῦ
2891 4424 3152 4495 Χριστοῦ.
3187 4424 3294 4477 Καὶ
3349 4422 3525 4476 ἔοικεν
3581 4424 3771 4493 ήμῖνή

2128 4481 2170 4535 D
2199 4481 2448 4586 διήγησις
2466 4481 2694 4587 αῦτη-ού
2731 4481 2996 4568 ¹διάλυσιν
3052 4519 3225 4569 ποιεῖν
3281 4516 3480 4587 γάμου,
3539 4481 3654 4569 ἀλλ’
3682 4481 3772 4570 ἐπί

518 4618 797 4680 compotes
823 4609 973 4664 tient.
1012 4608 1231 4663 Videtur
1261 4615 1441 4662 autem
1488 4607 1646 4660 nobis
1679 4607 1795 4661 haec
1825 4606 2096 4675 expositio

522 4715 628 4754 non
659 4701 899 4771 conjugii
943 4699 1387 4762 dissolutionem,
1430 4699 1525 4754 sed
1563 4699 1630 4752 ad
1675 4705 1925 4751 mutuum
1962 4711 2096 4750 eon-

523 4806 740 4847 sensum
770 4792 1206 4847 exhortationem
1238 4791 1552 4857 continere;
1589 4789 1729 4845 adeo
1763 4798 1821 4844 ut
1866 4787 1913 4841 si
1959 4786 2097 4841 alter

2202 4607 2519 4677 συμφωνίαν
2546 4609 2880 4679 προτροπήνο
2915 4606 2989 4670 ὡς
3021 4611 3070 4660 εί
3099 4610 3127 4661 ὁ
3177 4608 3363 4681 ἕτερος
3395 4610 3490 4679 μὲν
3538 4608 3771 4678 βούλοιτο

2201 4699 2546 4771 καθαρεύειν,
2602 4700 2631 4752 ὁ
2687 4700 2981 4772 δὲ-ἓτερος
3033 4700 3108 4773 μὴ
3146 4699 3312 4762 θέλοι,
3354 4701 3448 4753 καὶ
3502 4700 3590 4754 διὰ
3621 4701 3772 4754 τοῦτο

2202 4790 2627 4859 συγκαταϐαίνοι
2650 4790 2727 4863 τῷ
2751 4790 2784 4863 ἢ
2822 4790 2897 4863 μὴ
2924 4791 3129 4846 θέλοντι
3154 4792 3188 4864 ἢ
3217 4793 3292 4863 μὴ
3317 4792 3597 4865 δυναμένῳ
3625 4796 3653 4846 ό
3681 4794 3774 4846 καὶ

1725 4970 1958 5028 VETUS
1995 4969 2578 5032 lNTERPRETATlO.

518 5139 738 5204 omnia,
782 5140 1039 5195 debemus
1086 5143 1143 5196 in
1184 5143 1342 5198 nobis
1384 5143 1654 5198 musicum
1706 5143 1871 5197 istum
1924 5157 2143 5197 servare
2207 5150 2553 5197 concentum.
2599 5142 2754 5198 Sicut
2793 5145 2938 5198 enim
2976 5145 3028 5197 in
3056 5143 3287 5198 musicis
3311 5143 3419 5198 nisi
3456 5143 3618 5197 fuerit
3645 5158 3775 5199 conc

519 5212 790 5267 venientia
823 5224 1038 5272 vocum.
1069 5228 1178 5266 non
1206 5214 1436 5268 delectat
1454 5214 1796 5277 audientem;
1837 5213 1916 5268 sic
1947 5223 2001 5266 et
2023 5211 2267 5267 Ecclesia
2296 5213 2400 5266 nisi
2432 5227 2760 5268 consensum
2794 5214 3064 5276 habuerit,
3092 5229 3198 5266 nun
3230 5213 3528 5269 delectatur
3549 5214 3689 5269 Deus
3721 5213 3769 5266 in

518 5299 603 5345 ea,
639 5299 740 5338 nec
772 5282 926 5352 audit
950 5298 1109 5337 voces
1145 5298 1356 5338 eorum.
1384 5284 1803 5338 Consentiamus
1841 5297 1990 5351 ergo,
2021 5292 2080 5335 ut
2112 5282 2453 5352 congregatis
2501 5284 2658 5339 nobis
2693 5284 2747 5338 in
2780 5286 3000 5338 nomine
3030 5282 3183 5349 Jesu,
3222 5284 3295 5337 sit
3321 5281 3484 5339 Jesus
3516 5285 3570 5338 in
3599 5283 3773 5338 medio

521 5365 792 5418 nostrum,
824 5351 1060 5407 Verbum
1096 5353 1305 5407 scilicet
1330 5352 1424 5407 Dei
1450 5363 1503 5407 et
1538 5354 1801 5421 sapientia
1835 5361 1887 5406 ct
1910 5354 2082 5405 virtus
2117 5351 2309 5421 ipsius.

588 5423 642 5477 2.
686 5424 781 5479 Est
808 5430 869 5493 et,
898 5423 1001 5477 alia
1030 5424 1299 5493 expositio
1326 5424 1615 5477 verborum
1667 5423 1921 5483 istorum,
1956 5436 2121 5490 quam
2164 5422 2421 5493 exposuit
2469 5422 2669 5491 aliquis
2708 5432 2834 5477 ante
2886 5439 2984 5477 nos
3029 5423 3330 5477 exhortans
3360 5423 3429 5477 ad
3470 5422 3771 5477 castitatem

523 5493 800 5564 conjuges.
838 5491 895 5548 Si
930 5493 1061 5557 duo,
1088 5491 1287 5562 inquit,
1322 5502 1562 5564 vestrum
1598 5494 1974 5552 convenerint,
2005 5492 2056 5543 id
2092 5500 2197 5564 est,
2222 5492 2314 5564 Avir
2362 5503 2418 5546 et
2467 5508 2605 5564 uxor
2654 5509 2719 5547 ex
2770 5509 3045 5564 consensu
3099 5494 3425 5562 semetipsos
3474 5493 3771 5547 abinvicem

524 5561 836 5632 separantes
870 5579 898 5616 a
931 5564 1197 5632 corporali
1231 5563 1635 5631 conjunctione,
1674 5572 1739 5632 ut'
1764 5573 1958 5617 vacent
2001 5561 2269 5632 orationi;
2323 5571 2451 5617 tunc
2500 5562 2644 5615 enim
2696 5573 2916 5617 orantes
2944 5563 3011 5617 de
3060 5564 3211 5616 enini
3259 5561 3338 5629 re,
3394 5577 3774 5632 quamcunque

526 5631 794 5697 petierint,
826 5631 1252 5702 consequentur,
1289 5643 1580 5702 praestante
1608 5634 1688 5687 eis
1717 5631 1829 5687 Deo
1859 5647 1956 5701 per
1984 5631 2144 5685 talem
2176 5632 2444 5687 castitatis
2473 5647 2819 5687 consensum.
2854 5632 2920 5686 Et
2951 5634 3055 5688 iste
3087 5647 3389 5689 consensus
3417 5631 3533 5687 non
3567 5631 3774 5687 videtur

606 5778 649 5807 ⁸¹
685 5791 702 5842 l
735 5791 861 5846 Cor.
900 5810 934 5853 ι,
971 5797 1055 5848 12.
1135 5793 1179 5823 ⁸³
1207 5794 1325 5847 Gal.
1351 5811 1402 5857 v,
1443 5797 1526 5849 l5.
1604 5795 1650 5827 “
1671 5794 1861 5849 Matth.
1891 5810 2046 5863 xvtn,
2081 5797 2091 5849 l

2244 5795 2331 5852 ⁸⁸1
2355 5796 2479 5851 Cor.
2514 5797 2726 5862 xn,18.
2803 5798 2849 5829 ⁸⁸
2885 5796 3016 5852 ibid.
3048 5795 3245 5864 25,96.
