4028 6296
280 458 410 512 1189

1205 448 1561 503 ΟυΜΜΕΝΤ.
1604 447 1671 500 IN
1710 443 2131 501 MATTHJEUM
2168 445 2406 509 TOLLUS
2442 445 2579 503 XIV.

3405 451 3539 504 1190

273 573 595 644 βουλόμενος
627 570 721 624 καὶ
743 567 1037 639 δυνάμενος
1072 567 1133 620 τὸ
1163 570 1429 639 κρεῖττον,
1453 567 1552 619 οὐκ
1582 566 1646 620 ἂν
1675 564 1847 636 ἔχοιεν

1961 560 2169 631 quidem
2197 572 2346 617 caste
2374 577 2532 632 agere
2556 564 2703 625 velit,
2726 562 2861 617 nolit
2882 577 3009 617 vero
3037 562 3193 630 alter,
3217 571 3268 616 et
3292 574 3537 632 prepter-

270 664 577 735 ἀμφότεροι
603 662 663 714 τὸ
697 661 825 731 περὶ
877 660 1077 722 παντὸς
1108 659 1452 730 πράγματος,
1482 653 1542 712 οῦ
1570 658 1666 710 ὲάν
1697 658 1822 729 αἰτή
1841 687 1855 699 ι

273 769 497 817 σωνται,
526 751 772 821 γίνεσθαι
801 752 985 814 αὐτοῖς
1039 750 1192 822 παρὰ
1243 749 1338 803 τοῦ
1387 752 1443 803 ὲν
1469 751 1580 813 τοῖς
1607 750 1855 820 οὐρανοῖς

271 837 487 909 Πατρὸς
530 836 703 910 Ἰησοῦ
727 837 988 909 Χριστοῦ.

344 1075 474 1137 οῖδα
499 1083 556 1136 δὲ
589 1081 686 1137 καὶ
719 1080 885 1153 ἄλλην
912 1081 1164 1151 διήγησιν
1207 1079 1315 1154 (95)
1373 1080 1510 1152 μετά
1539 1082 1665 1144 τοὺς
1691 1097 1857 1149 γεγα-

277 1174 522 1245 μηκότας
553 1174 681 1245 περὶ
709 1174 809 1244 τῆς
854 1171 963 1225 τῶν
1008 1171 1101 1225 δύο
1133 1172 1454 1243 συμφωνίας
1485 1174 1761 1241 τοιαύτην·
1798 1174 1855 1225 ὲν

275 1265 380 1338 μὲν
398 1268 511 1329 τοῖς
545 1263 770 1335 φαύλοις
829 1262 1104 1334 βασιλεύει
1156 1263 1462 1337 ἡάμαρτία
1513 1264 1612 1334 τῆς
1657 1263 1853 1335 ψυχῆς,

275 1355 542 1428 ἱδρυμένη
574 1356 650 1419 ὡς
669 1357 726 1408 ὲν
752 1355 936 1426 οἰκείῳ
972 1354 1145 1425 θρόνῳ
1188 1354 1266 1426 τῷ
1302 1354 1481 1426 θνητῷ
1527 1354 1700 1426 τούτῳ
1754 1355 1857 1408 σώ-

278 1461 435 1516 ματι,
489 1445 569 1508 είς
612 1445 674 1497 τὸ
724 1444 1016 1498 ὑπακούειν
1038 1445 1139 1516 τὴν
1163 1444 1340 1516 ψυχὴν
1367 1449 1485 1509 ταῖς
1540 1446 1856 1517 ἐπιθυμίαις

273 1536 464 1590 αὐτοῦ·
500 1538 556 1589 ὲν
584 1537 642 1589 δὲ
667 1539 779 1599 τοῖς
825 1536 1101 1609 ἐγείρασιν
1135 1537 1210 1600 ὼς
1246 1538 1354 1590 ἀπὸ
1401 1537 1590 1609 θρόνου
1630 1537 1721 1591 τοῦ
1754 1536 1857 1589 σώ-

279 1644 451 1697 ματος
471 1627 570 1697 τὴν
599 1625 1105 1698 προὸασιλεύσασαν
1128 1627 1427 1698 ἁμαρτίαν,
1469 1627 1562 1680 καὶ
1594 1627 1856 1696 ἀγωνιζο-

280 1717 467 1787 μένοις
496 1716 632 1787 πρὸς
658 1716 850 1788 αὐτὴν,
883 1735 900 1767 ι
930 1718 962 1788 ἡ
998 1717 1093 1787 μὲν
1119 1714 1256 1788 σὰρξ
1298 1716 1557 1787 ἐπιθυμεῖ
1582 1716 1723 1770 κατά
1760 1716 1852 1769 τοῦ

276 1806 610 1878 πνεύματος,
644 1805 705 1859 τὸ
732 1805 788 1858 δὲ
819 1801 1038 1877 πνεῦμα
1068 1806 1210 1859 κατὰ
1243 1805 1341 1875 τῆς
1397 1805 1649 1876 σαρκόςοι
1687 1807 1744 1859 ὲν
1795 1804 1853 1857 δὲ

275 1903 392 1964 τοῖς
420 1901 521 1972 ἤδη
545 1897 877 1952 τελειωθεῖσι
931 1898 1241 1969 κεκράτηκε
1280 1896 1342 1949 τὸ
1373 1895 1608 1967 πνεῦμα,
1633 1897 1725 1949 καὶ

275 1992 507 2064 πράξεις
540 1991 846 2046 ἐθανάτωσε
872 1989 966 2043 τοῦ
996 1988 1265 2060 σώματος,
1290 1990 1383 2042 καὶ
1414 1987 1732 2059 μεταδίδωσι
1758 1988 1855 2057 τῆς

277 2082 476 2136 ἑαυτοῦ
507 2080 654 2153 ζωῆς
688 2082 766 2152 τῷ
817 2079 1049 2150 σώματι,
1109 2080 1184 2143 ὼς
1217 2079 1318 2149 ἤδη
1367 2078 1612 2148 γίνεσθαι
1656 2080 1751 2132 καλ⁴
1774 2079 1852 2131 τό·

284 2193 307 2227 ι
343 2177 678 2247 Ζωοποιήσει
723 2174 820 2227 καὶ
853 2173 922 2225 τά
973 2171 1143 2242 θνητά
1198 2170 1354 2241 ήμῶν
1415 2169 1639 2241 σώματα
1688 2168 1776 2222 διά
1798 2170 1858 2222 τὸ

278 2265 524 2320 ἐνοικοῦν
552 2264 715 2319 αὐτοῦ
753 2264 965 2333 πνεῦμα
997 2265 1053 2316 ὲν
1098 2264 1253 2333 ἡμῖν,
1291 2280 1308 2312 ι
1343 2262 1438 2314 καὶ
1482 2262 1693 2328 γίνεται
1723 2278 1859 2331 συμ-

280 2358 458 2427 φωνία
486 2356 591 2410 τῶν
613 2356 725 2419 δύο,
751 2353 1000 2424 σώματος
1030 2352 1124 2405 καὶ
1156 2351 1461 2422 πνεύματος
1487 2351 1579 2404 επὶ
1610 2351 1709 2419 τῆς
1730 2351 1855 2420 γῆς,

278 2443 497 2522 ἧστινος
524 2444 985 2520 κατορθωθείσης,
1023 2443 1312 2514 σύμφωνος
1340 2443 1433 2495 καὶ
1474 2443 1506 2512 ή
1556 2442 1688 2513 εὐχὴ
1730 2445 1860 2496 ἀνα-

281 2541 556 2613 πέμπεται
593 2557 611 2591 (
646 2537 739 2591 τοῦ
774 2535 973 2608 καρδίᾳ
1021 2535 1121 2606 μὲν
1163 2533 1508 2597 πιστεύοντος
1546 2537 1625 2597 είς
1657 2535 1860 2587 δικαιο-

287 2631 475 2703 σύνην,
501 2631 727 2701 στόματι
758 2627 815 2681 δὲ
839 2624 1228 2697 ὁμολογοῦντος
1258 2628 1338 2689 εἰς
1365 2626 1688 2697 σωτηρίαν,ι
1720 2624 1858 2677 ὥστε

290 2723 487 2795 μηκέτι
516 2722 614 2793 τὴν
646 2719 873 2791 καρδίαν
908 2718 1097 2790 πὸρῤω
1122 2714 1258 2772 εἶναι
1288 2717 1383 2771 τοῦ
1416 2718 1575 2783 Θεοῦ,
1601 2720 1695 2773 καὶ
1722 2718 1859 2790 μετὰ

283 2814 489 2884 ταύτης
522 2812 758 2882 ἐγγίζειν
790 2810 952 2864 αὑτοῦ
987 2810 1082 2864 καὶ
1104 2813 1217 2873 τοῖς
1235 2809 1457 2880 χείλεσι,
1492 2812 1586 2864 καλ⁵
1630 2809 1708 2882 τῷ
1741 2810 1863 2863 στό-

291 2920 419 2973 ματι
445 2901 539 2955 τὸν
564 2901 771 2955 δίκαιον
798 2900 878 2971 τῷ
909 2899 1047 2970 Θεῷ,
1073 2900 1194 2953 Ἔτι
1217 2899 1273 2953 δὲ
1306 2898 1713 2972 μακαριώτερον
1742 2902 1789 2954 εί
1810 2901 1860 2955 οἱ

285 2992 434 3061 τρεῖς
469 2991 781 3060 συναχθεῖεν
812 2991 904 3043 ἐπὶ
927 2990 990 3043 τὸ
1018 2990 1150 3042 αὐτὸ
1201 2991 1282 3053 είς
1317 2989 1378 3043 τὸ
1409 2991 1582 3061 ὄνομα
1624 2990 1718 3044 τοῦ
1759 2992 1863 3064 Ἰη-

287 3081 404 3149 σοῦ,
435 3082 521 3135 ἵνα
550 3082 808 3154 πληρωθῇ
842 3083 920 3136 τό·
954 3103 971 3130 ι
1023 3083 1080 3134 '0
1102 3082 1232 3145 Θεὸς
1263 3082 1484 3150 ἁγιάσαι
1516 3083 1660 3153 ὑμᾶς
1679 3082 1860 3136 ὁλοτε-

284 3178 416 3239 λεῖς,
432 3174 527 3228 καὶ
552 3173 743 3245 ὁλόκλη
751 3191 844 3245 ρον
873 3173 1026 3245 ὑμῶν
1054 3173 1115 3227 τὸ
1145 3172 1381 3244 πνεῦμα,
1406 3175 1501 3229 καὶ
1522 3177 1555 3246 ἠ
1576 3174 1742 3246 ψυχὴ,
1765 3175 1859 3228 καὶ

282 3271 342 3320 τὸ
381 3267 542 3338 σῶμα
594 3266 900 3337 ἀμέμπτως
944 3266 1002 3319 ὲν
1047 3267 1113 3337 τῇ
1168 3266 1438 3337 παρουσίᾳ
1492 3265 1585 3319 τοῦ
1652 3267 1857 3339 Κυρίου

284 3359 440 3432 ἡμῶν
486 3357 662 3428 Ἰησοῦ
689 3356 928 3429 Χριστοῦ
950 3355 1239 3430 τηρηθείη.
1257 3375 1274 3407 ι
1313 3357 1543 3429 Ζητήσει
1571 3356 1627 3410 δέ
1654 3375 1737 3422 τις
1761 3357 1859 3429 τὴν

287 3450 581 3522 εἰρημένην
624 3448 945 3520 συμφωνίαν
1004 3447 1313 3518 πνεύματος
1356 3449 1450 3501 καὶ
1502 3447 1752 3520 σώματος
1809 3451 1859 3504 εί

278 3538 503 3593 δυνατὸν
525 3536 696 3590 ταῦτα
728 3536 825 3607 μὲν
866 3537 1196 3606 συμφωνεῖν,
1249 3534 1323 3606 μὴ
1355 3535 1450 3589 καὶ
1480 3536 1541 3589 τὸ
1570 3538 1749 3609 τρίτον
1777 3539 1854 3607 δὲ,

282 3628 427 3698 λέγω
462 3629 517 3681 δὲ
537 3628 634 3699 τὴν
658 3627 853 3699 ψυχὴν,
882 3628 1094 3698 μήποτε
1133 3626 1232 3680 οὐκ
1264 3626 1528 3698 ἀκολουθῇ
1559 3632 1626 3699 τῇ
1656 3629 1862 3683 τούτων

258 3718 578 3793 ’συμφωνίᾳ
599 3720 690 3772 ἐπὶ
724 3719 826 3788 τῆς
849 3719 974 3788 γῆς,
1011 3717 1148 3788 μετά
1174 3717 1236 3769 τὸ
1279 3718 1407 3780 τοὺς
1465 3718 1557 3770 δύο
1600 3719 1863 3790 συνῆχθαι

282 3812 369 3875 είς
389 3812 450 3864 τὸ
479 3811 648 3882 ὄνομα
677 3809 772 3863 τοῦ
796 3808 1055 3883 Χριστοῦ,
1082 3808 1142 3861 τὸ
1164 3808 1406 3887 καὶτοὺς
1433 3812 1582 3880 τρεῖς
1613 3811 1713 3881 ήδη
1744 3829 1864 3866 συν-

281 3902 517 3970 άγεσθαι
543 3906 621 3967 εἰς
645 3903 706 3956 τὸ
738 3902 908 3972 ὄνομα
946 3898 1135 3966 αὑτοῦ,
1187 3893 1263 3953 ὧν
1311 3902 1370 3953 ὲν
1403 3901 1553 3972 μέσῳ
1585 3902 1801 3974 ἔρχεται
1835 3908 1863 3958 ὁ

283 3994 417 4058 Υἱὸς
440 3992 536 4047 τοῦ
575 3992 732 4058 Θεοῦ,
762 3993 837 4057 ὡς
858 3993 1073 4046 πάντων
1100 3989 1247 4061 αὐτῷ
1278 3991 1669 4062 ἀνακειμένων,
1720 3993 1864 4063 λέγω

280 4086 347 4139 δὲ
366 4084 472 4140 τῶν
520 4085 684 4157 τριῶν
718 4085 813 4137 καὶ⁹
854 4082 1081 4155 μηδενὸς
1111 4081 1262 4145 ὄντος
1314 4067 1463 4152 αὐτῷ
1516 4084 1779 4149 ἐναντίου,
1802 4088 1862 4140 οὑ

286 4175 453 4248 μόνον
483 4175 578 4229 τοῦ
617 4174 929 4245 πνεύματος
984 4173 1085 4226 οὐκ
1134 4173 1565 4243 ἐναντιουμένου,
1603 4175 1719 4228 ἀλλ’
1745 4176 1864 4230 οὐδὲ

281 4266 393 4338 τῆς
423 4266 622 4337 ψυχῆς,
648 4265 724 4318 ἔτι
745 4265 864 4318 οὐδὲ
889 4264 983 4317 τοῦ
1012 4263 1280 4335 σώματος.

362 4358 565 4430 Χαρίεν
604 4357 661 4411 δὲ
693 4356 789 4410 καὶ
836 4356 896 4408 τὸ
933 4355 1033 4426 τῆς
1078 4354 1398 4424 συμφωνίας
1460 4352 1571 4424 (96)
1630 4356 1866 4427 ἀσκῆσαι

281 4452 481 4523 νοῆσαι
513 4451 609 4505 καὶ
636 4448 985 4520 παραστῆσαι
1028 4445 1138 4498 τῶν
1188 4444 1282 4498 δύο
1330 4444 1632 4515 διαθηκῶν,
1678 4447 1777 4517 τῆς
1809 4448 1866 4502 δὲ

1956 667 2019 706 ea
2065 653 2158 722 qui
2193 654 2334 721 quod
2377 655 2573 708 melius
2616 662 2699 709 est
2736 663 2791 708 et
2844 653 3079 708 voluerit
3107 663 3161 708 et
3198 656 3454 723 potuerit,
3484 656 3538 709 in

1957 744 2105 799 illius
2135 746 2468 800 voluntatem
2501 745 2833 800 concesserit
2864 744 2955 814 qui
2989 744 3128 798 idem
3177 745 3259 799 vel
3304 746 3541 799 noluerit

1954 837 2037 891 vel
2083 852 2191 891 non
2237 838 2496 906 potuerit,
2547 837 2598 891 id
2638 852 2745 890 non
2789 845 3157 905 consequetur
3197 844 3446 905 uterque,
3479 846 3540 892 ut

1954 943 2337 996 quamcunque
2358 944 2469 982 rem
2499 927 2913 997 postulaverint,
2944 942 3006 982 ea
3034 928 3141 983 illis
3161 945 3191 982 a
3215 927 3378 983 Patre
3407 926 3536 983 .lesu

1952 1016 2159 1073 Christi
2184 1018 2277 1089 qui
2315 1018 2369 1072 in
2406 1020 2562 1074 caelis
2590 1028 2693 1083 est,
2723 1019 3021 1088 contingat.

2023 1108 2077 1163 5.
2102 1109 2277 1163 Aliam
2301 1110 2466 1164 etiam
2495 1110 2889 1180 expositionem
2918 1110 2984 1164 tle
3005 1110 3235 1165 duorum
3265 1125 3539 1166 consensu

1955 1201 2147 1267 calleo,
2196 1211 2322 1269 post
2362 1219 2426 1257 ea
2469 1219 2591 1273 quae
2632 1204 2698 1258 de
2744 1204 3050 1273 conjugatis
3092 1196 3364 1268 diximus;
3416 1203 3541 1257 talis

1961 1301 2140 1346 autem
2163 1293 2250 1346 illa
2281 1302 2365 1348 est
2390 1313 2404 1349 :
2427 1294 2481 1348 in
2508 1295 2772 1364 improbis
2792 1296 3082 1364 imperium
3114 1293 3323 1348 obtinet
3345 1307 3538 1360 pecca-

1960 1392 2072 1435 tum
2106 1384 2158 1436 in
2189 1385 2454 1449 animum,
2492 1384 2647 1453 quasi
2682 1384 2733 1436 in
2768 1400 2867 1438 suo
2898 1384 3112 1447 throno,
3142 1384 3222 1439 sic
3247 1389 3299 1437 tn
3326 1382 3539 1437 mortali

1944 1472 2122 1529 hocce
2168 1491 2395 1544 corpore
2437 1476 2823 1537 coristitutum,
2879 1484 2938 1528 ut
2989 1474 3106 1543 ejus
3152 1474 3540 1543 cupiditatibus

1955 1565 2134 1619 anima
2186 1566 2523 1633 obtemperet
2560 1564 2647 1617 δτι
2691 1573 2747 1617 at
2794 1565 2847 1617 in
2894 1564 2962 1619 iis
3012 1566 3102 1633 qui
3156 1574 3415 1635 tanquam
3471 1565 3543 1619 de

1957 1655 2152 1710 throno
2214 1656 2461 1724 corporis
2518 1664 2839 1725 peccatum,
2902 1656 3047 1719 quod
3102 1671 3327 1723 regnum
3385 1656 3541 1724 prius

1955 1753 2303 1806 exercuerat,
2353 1744 2732 1803 detruserunt,
2768 1751 2823 1797 et
2860 1744 3121 1798 adversus
3172 1743 3300 1797 illud
3352 1745 3540 1797 decer-

1959 1842 2092 1897 tant,
2131 1853 2150 1885 ι
2180 1849 2309 1888 caro
2337 1833 2676 1902 concupiscit
2704 1834 2966 1887 adversus
2995 1833 3273 1903 Spiritum,
3314 1832 3542 1901 spiritus

1758 1894 1856 1994 τίίς
1889 1909 1929 1966 Β
1959 1933 2138 1979 autem
2170 1926 2431 1979 adversus
2483 1940 2706 1979 carnem
2746 1924 2821 1990 88;
2856 1943 2875 1976 ι
2908 1924 2959 1977 in
3003 1924 3072 1979 iis
3114 1940 3243 1978 vero
3289 1924 3380 1993 qui
3415 1938 3539 1994 per-

1957 2016 2243 2071 fectionem
2272 2015 2384 2086 jam
2422 2017 2698 2071 consecuti
2737 2025 2885 2080 sunt,
2932 2017 3157 2085 spiritus
3194 2016 3370 2071 victor
3413 2031 3541 2071 eva—

1958 2105 2048 2168 sit,
2078 2114 2132 2158 et
2161 2105 2404 2174 corporis
2436 2114 2593 2159 actus
2621 2106 2780 2158 morti
2813 2105 2982 2171 dedit,
3015 2115 3068 2160 et
3098 2106 3220 2159 vitae
3265 2121 3378 2160 sua:
3410 2120 3538 2160 cor-

1958 2212 2059 2266 pus
2093 2195 2221 2249 facit
2252 2197 2543 2265 particeps,
2579 2195 2651 2249 ita
2688 2205 2747 2249 ut
2782 2205 2911 2250 tunc
2943 2197 3071 2249 illud
3104 2197 3360 2250 eveniat:
3392 2214 3411 2246 ι
3447 2194 3540 2250 Vi—

1958 2284 2199 2338 viticabit
2226 2294 2277 2338 et
2311 2286 2562 2338 mortalia
2591 2299 2820 2353 corpora
2858 2292 3044 2338 nostra
3065 2324 3079 2350 ,
3125 2293 3343 2352 propter
3377 2284 3539 2337 inha-

1958 2375 2216 2429 bitantem
2238 2375 2487 2443 spiritum
2507 2376 2625 2443 ejus
2656 2376 2708 2427 in
2745 2374 2898 2429 nobis
2924 2375 2989 2436 ⁸9,
3022 2395 3040 2425 ι
3074 2386 3126 2427 et
3144 2375 3377 2428 duorum
3410 2390 3541 2429 con-

1959 2482 2153 2519 sensus
2197 2482 2360 2535 super
2418 2475 2614 2520 terram
2663 2465 2912 2531 ellicitur,
2963 2466 3210 2536 corporis
3257 2480 3449 2535 nempe
3486 2476 3542 2520 et

1960 2554 2205 2621 spiritus,
2245 2555 2330 2609 cui
2359 2555 2475 2624 jam
2513 2553 2753 2623 perfecto
2778 2570 3018 2609 consona
3054 2556 3322 2611 emittitur
3346 2574 3538 2628 preca-

1959 2646 2036 2699 tio
2066 2663 2084 2695 ι
2123 2644 2284 2700 corde
2313 2644 2531 2713 quidem
2574 2646 2844 2700 credentis
2878 2647 2944 2699 ad
2983 2645 3274 2715 justitiam,
3312 2663 3408 2703 ore
3441 2664 3539 2703 au-

1958 2743 2067 2788 tem
2100 2736 2405 2790 confitentis
2435 2736 2500 2789 ad
2532 2737 2763 2790 salutem
2790 2736 2861 2803 ⁹⁰,
2895 2756 2914 2788 ι
2952 2737 3025 2791 ita
3056 2747 3114 2792 ut
3154 2754 3262 2792 non
3309 2740 3542 2809 amplius

1959 2842 1990 2881 a
2023 2825 2133 2880 Deo
2159 2827 2322 2881 distet
2359 2841 2472 2893 cor,
2515 2835 2569 2880 et
2608 2828 2674 2882 ad
2723 2829 2892 2883 Deum
2945 2844 3051 2882 una
3101 2844 3224 2883 cum
3276 2844 3342 2884 eo
3381 2830 3543 2887 labiis

1966 2917 2085 2972 suis
2115 2927 2168 2971 et
2197 2931 2292 2970 ore
2318 2917 2497 2986 justus
2525 2917 2751 2986 propius
2777 2918 3019 2972 accedat.
3057 2917 3368 2985 Quinetiam
3396 2927 3547 2990 opta-

1958 3007 2069 3060 tius
2104 3015 2187 3060 est
2221 3015 2274 3060 et
2303 3007 2638 3060 fortunatum
2671 3007 2866 3076 magis,
2912 3016 3022 3060 tres
3068 3007 3121 3059 in
3160 3007 3381 3062 nomine
3411 3005 3539 3062 Jesu

1960 3097 2124 3152 simul
2173 3112 2295 3152 esse
2350 3106 2726 3166 congregatos,
2776 3106 2838 3150 ut
2882 3097 3097 3150 eveniat
3136 3096 3309 3151 illud:
3347 3116 3366 3148 ι
3398 3095 3544 3151 Deus

1961 3185 2264 3242 sanctiﬁcet
2319 3201 2417 3240 vos
2476 3201 2573 3255 per
2633 3187 2856 3251 omnia,
2921 3196 2981 3242 ut
3045 3188 3258 3257 integer
3320 3188 3545 3258 spiritus

1962 3287 2162 3341 vester,
2194 3286 2247 3332 et
2281 3278 2461 3331 anima
2483 3319 2498 3343 ,
2533 3289 2584 3332 et
2639 3292 2838 3347 corpus
2877 3279 2994 3333 siue
3044 3280 3301 3349 querela,
3348 3280 3403 3334 in
3449 3280 3547 3335 ad-

1965 3382 2123 3425 ventu
2175 3370 2386 3425 Domini
2442 3372 2615 3425 nostri
2666 3370 2796 3427 Jesu
2851 3371 3054 3427 Christi
3105 3380 3357 3427 servetur
3397 3373 3466 3427 “.
3520 3391 3539 3424 ›

1963 3462 2178 3530 Quaeret
2196 3477 2324 3516 vero
2345 3462 2542 3532 aliquis
2571 3478 2640 3517 an
2662 3463 2776 3517 ﬁeri
2800 3465 2970 3533 possit
2994 3473 3052 3518 ut
3080 3465 3304 3534 spiritus
3334 3472 3388 3519 et
3424 3478 3547 3519 cor-

1963 3570 2066 3624 pus
2096 3553 2260 3609 simul
2303 3568 2367 3607 ea
2407 3569 2515 3623 qua
2548 3554 2787 3610 diximus
2815 3555 3024 3610 ratione
3052 3557 3547 3621 consentiant,non

1961 3648 2122 3702 etiam
2145 3645 2385 3709 tertium,
2422 3645 2662 3698 animam
2698 3646 2856 3712 dico;
2893 3660 2961 3699 an
3000 3653 3290 3715 postquam
3333 3646 3443 3700 duo
3488 3646 3544 3699 in

1966 3736 2184 3790 nomine
2212 3733 2340 3789 Jesu
2364 3736 2674 3804 congregati
2709 3743 2855 3802 sunt,
2889 3735 3106 3788 illorum
3146 3749 3313 3804 super
3341 3744 3543 3789 terram

1965 3826 2257 3880 consensui
2288 3840 2631 3894 consequens
2665 3842 2772 3880 non
2808 3828 2875 3883 sit
2905 3835 3015 3881 tres
3045 3827 3206 3881 etiam
3241 3829 3295 3880 in
3325 3827 3546 3882 nomine

1965 3917 2111 3971 illius
2141 3916 2478 3986 congregari,
2511 3931 2746 3985 quorum
2792 3919 2846 3971 in
2899 3917 3135 3971 medium
3178 3917 3329 3971 venit
3372 3915 3547 3971 Filius

1963 4006 2128 4078 619
2167 4005 2283 4069 Dei,
2310 4021 2433 4059 cum
2463 4005 2647 4059 omnia
2682 4006 2758 4060 illi
2789 4015 3108 4061 consecrata
3140 4007 3270 4073 sint,
3302 4007 3404 4061 tria
3431 4008 3545 4062 haec

1965 4099 2109 4161 dico,
2126 4112 2225 4151 nec
2241 4096 2563 4150 adversante
2585 4096 2661 4150 illi
2678 4112 2976 4167 quoquam,
3001 4114 3108 4153 non
3135 4099 3308 4154 solum
3327 4100 3544 4170 spiritu,

1967 4186 2060 4243 sed
2093 4200 2193 4240 nec
2222 4185 2425 4251 anima,
2460 4185 2686 4256 insuper
2710 4201 2841 4242 vero
2869 4201 2972 4242 nec
3003 4202 3253 4258 corpore.

2042 4361 2096 4414 4.
2127 4358 2238 4415 Nec
2286 4372 2417 4412 vero
2461 4357 2729 4411 absonum
2779 4356 2942 4412 fuerit
2989 4365 3043 4413 et
3090 4357 3468 4429 injucuudum,
3497 4361 3545 4415 si

1973 4452 2261 4518 utriusque
2322 4447 2654 4515 testamenti,
2711 4458 2825 4502 tum
2877 4449 3024 4505 illius
3067 4451 3161 4520 qui
3220 4465 3544 4520 corporeum

1504 4533 1732 4593 VETUS
1772 4539 2349 4598 INTERPRETATIO.

284 4633 606 4712 coniugium
642 4633 873 4694 solvere,
907 4630 998 4684 sed
1016 4629 1284 4712 .virtutem
1317 4628 1667 4712 continentiae
1695 4645 1967 4712 exercere.
2003 4632 2060 4685 Si
2103 4640 2282 4685 autem
2337 4631 2475 4712 alter
2522 4631 2777 4712 voluerit,
2805 4639 2953 4712 caste
2994 4647 3180 4712 agere,
3232 4634 3369 4688 alter
3415 4647 3554 4712 vero

287 4698 530 4779 nolueFit
558 4712 653 4779 aut
684 4718 790 4779 non
820 4700 1075 4779 potuerit,
1132 4709 1185 4755 et
1212 4708 1499 4779 propterea
1532 4698 1621 4752 ille
1649 4699 1836 4754 volens
1868 4711 1922 4756 et
1967 4712 2161 4779 potens
2197 4715 2304 4779 non
2320 4700 2784 4779 ncondescenderit
2823 4698 3118 4757 nolenti'et
3161 4717 3270 4757 non
3317 4706 3548 4779 potenti,

286 4789 405 4832 non
433 4773 538 4841 erit
567 4773 620 4825 in
652 4772 732 4827 eis
762 4769 906 4840 quod
939 4770 1158 4841 dicitur,
1195 4789 1212 4820 ι
1246 4770 1312 4823 de
1335 4769 1499 4841 _omni
1520 4784 1586 4841 re
1614 4769 1999 4841 quamcunque
2030 4771 2287 4841 petierint
2315 4770 2404 4823 [iet
2430 4769 2530 4824 eis.
2569 4790 2587 4823 ι

366 4843 420 4898 '5.
465 4840 592 4895 Seio
617 4851 670 4895 et
699 4837 858 4895 aliam
891 4837 1392 4909 expositionem.ln
1427 4839 1586 4894 malis
1612 4839 1755 4892 enim
1791 4837 2106 4896 hominibus
2142 4850 2421 4909 peccatum
2472 4840 2652 4895 carnis
2697 4840 2895 4895 anima:
2943 4839 3262 4895 dominatur
3305 4843 3372 4897 ad
3417 4843 3548 4898 ebe-

287 4911 550 4968 diendum
580 4912 628 4965 ei
662 4911 719 4981 in,
749 4910 1029 4981 desideriis
1058 4910 1197 4978 ejus.
1226 4910 1285 4961 In
1319 4908 1615 4981 his_autem
1646 4909 1738 4981 qui
1769 4913 2096 4981 expulerunt
2123 4908 2279 4981 quasi
2307 4911 2374 4963 de
2402 4909 2599 4981 throno
2629 4911 2878 4981 corporis
2922 4910 3007 4964 sui
3060 4920 3365 4980 peccatum,
3399 4913 3546 4981 quod

291 4990 617 5053 regnaverat
645 4980 796 5049 prius
827 4981 878 5032 in
909 4979 1011 5040 eis,
1043 4990 1096 5033 et
1125 4986 1332 5053 certant
1366 4978 1624 5032 adversus
1654 4978 1853 5053 ipsum,
1885 4999 1903 5031 ι
1925 4980 2321 5053 ᾈΕᾳιοὲιιυίιιειη
2355 4980 2693 5047 concupiscit
2721 4979 2983 5053 adversus
3013 4978 3290 5053 spiritum,
3317 4978 3547 5050 spiritus

291 5047 475 5108 autem
508 5047 772 5106 adversus
805 5064 1059 5119 carnem.
1083 5068 1102 5100 ›
1125 5047 1194 5119 _lu
1223 5048 1566 5119 viris-autem
1603 5047 1857 5119 perfectis
1886 5047 2133 5104 obtinuit"
2154 5048 2401 5118 spiritus,
2430 5056 2483 5102 et
2511 5063 2676 5117 opera
2703 5049 2885 5119 carnis
2913 5047 3283 5117 mortiﬁcavit,
3314 5047 3370 5106 et
3395 5067 3549 5106 com-

293 5122 571 5176 mendavit
599 5123 766 5175 vitam
799 5134 952 5174 suam
987 5116 1159 5190 carni,
1183 5124 1250 5190 ⁸ιιι
1280 5116 1510 5171 viviticet
1538 5136 1558 5190 ι
1595 5118 1844 5171 mortalia
1871 5135 2101 5188 corpora
2129 5138 2148 5171 ι
2181 5116 2281 5173 sua
2310 5137 2328 5169 ι
2358 5116 2578 5187 propter
2607 5118 3003 5190 inhabitantem
3031 5121 3282 5190 spiritum
3313 5139 3332 5173 ι
3363 5122 3416 5174 in
3445 5122 3548 5185 eis,

294 5201 349 5245 et
379 5191 437 5245 lit
467 5206 768 5245 consensus
800 5191 1030 5243 duorum
1067 5185 1375 5257 spirituset
1401 5186 1584 5240 carnis
1615 5203 1777 5255 super
1808 5185 2043 5252 terram;
2085 5205 2193 5257 quo
2235 5185 2507 5243 consensu
2551 5188 2784 5257 expleto,
2838 5197 2893 5242 et
2940 5185 3116 5244 oratio
3161 5190 3549 5244 transmittitur

297 5263 460 5314 corde
486 5261 705 5330 quidem
745 5279 762 5311 ι
799 5258 1041 5330 credenti
1081 5255 1149 5330 ad
1173 5255 1486 5330 justitiam,_
1527 5271 1621 5330 ore
1667 5266 1848 5330 autem
1890 5255 2172 5330 conﬁtenti
2223 5260 2289 5312 ad
2341 5258 2598 5330 salutem,
2624 5255 2650 5309 ι
2684 5268 2740 5311 ιιι
2770 5273 2865 5330 cor
2889 5275 2995 5330 non
3035 5260 3104 5313 sit
3148 5261 3308 5330 longe
3349 5276 3379 5313 a
3412 5258 3551 5323 Deo,

297 5330 389 5382 sed
423 5325 546 5384 cum
585 5346 673 5392 eo.
708 5339 765 5383 ut
793 5329 905 5398 jam
944 5343 1047 5381 non
1080 5327 1236 5398 labiis
1265 5325 1547 5398 appropiet
1574 5325 1621 5378 ei
1644 5335 1747 5398 ;_et
1780 5327 1859 5381 sic
1890 5329 2028 5384 ﬁunt
2076 5330 2185 5383 duo
2232 5327 2544 5396 congregati
2587 5328 2640 5381 in
2681 5329 2903 5382 nomine
2928 5327 3081 5383 Jesu.
3128 5325 3320 5398 Adhhc
3366 5336 3546 5382 autem

297 5399 507 5453 beatius
531 5411 633 5465 est,
667 5401 712 5454 si
748 5392 856 5454 tres
903 5392 1352 5468 convenerintin
1388 5392 1801 5468 neminelesu,
1851 5408 1911 5452 ut
1958 5399 2248 5468 impleatur
2291 5392 2647 5468 apostolicum
2697 5398 2826 5451 illud
2878 5409 3102 5453 votum:
3141 5416 3160 5448 ι
3199 5397 3340 5452 Deus
3368 5406 3549 5452 autem

298 5469 598 5537 sanctilicet
620 5463 722 5524 vos
748 5469 814 5522 ad
841 5465 1160 5537 perfectum,
1192 5472 1246 5537 et_
1270 5465 1474 5537 integer
1509 5463 1734 5532 spiritus
1767 5478 1944 5537 vester
1974 5463 2229 5522 et'auima
2259 5463 2551 5537 etcorpusi
2571 5467 2689 5520 sine
2719 5468 2934 5521 macula
2967 5477 3212 5523 servetur
3247 5469 3299 5520 in
3343 5468 3551 5522 adven-

300 5545 413 5591 tum
445 5534 660 5591 Domini
692 5533 861 5595 nostri
892 5536 1020 5591 Jesu
1046 5533 1272 5590 Christi.
1308 5553 1327 5585 ι
1359 5533 1544 5588 Potest
1567 5544 1747 5587 autem
1780 5536 1896 5589 ﬁeri
1934 5547 1990 5592 ut
2022 5539 2130 5592 duo
2158 5533 2486 5590 conveniant
2512 5536 2631 5589 sine
2655 5540 2840 5590 tertio.

308 5635 312 5640 ·
370 5604 424 5661 4.
456 5605 766 5662 Jucundum
794 5617 878 5664 est
900 5616 1078 5662 autem
1114 5607 1278 5661 istum
1308 5619 1636 5660 consensum
1668 5605 1968 5675 intelligere
1997 5609 2160 5662 etiam
2191 5608 2338 5660 circa
2363 5608 2741 5660 convenientia
2784 5609 3017 5660 duorum
3076 5614 3549 5673 testamentorum,

366 5704 409 5737 ⁸⁷
437 5703 597 5760 Rom.
619 5721 693 5771 vt,
722 5705 808 5760 12.
880 5705 926 5738 ⁸⁸
955 5704 1073 5761 Gal.
1105 5719 1158 5769 v,
1183 5703 1270 5757 l7.
1349 5701 1394 5733 ⁸⁵
1418 5699 1576 5754 Rom.
1600 5716 1713 5767 vni,
1744 5701 1830 5757 Η.

370 5796 480 5868 (95)
524 5798 665 5852 Οἶδα
686 5796 753 5868 de
777 5799 871 5852 ml
897 5798 1095 5867 ἄλλην
1114 5796 1418 5867 διήγησιν,
1444 5804 1549 5850 etc.
1578 5793 1709 5849 Vide
1734 5793 1862 5852 Hie-

298 5867 584 5937 ronymum
615 5878 665 5923 et
700 5867 1181 5941 'l‘heOphylactum.

1906 5704 1951 5737 ’°
1976 5703 2131 5758 Itoni.
2163 5717 2221 5766 ιι,
2260 5699 2341 5754 l0.

2457 5700 2501 5731 ἰ
2530 5699 2550 5753 l
2575 5700 2767 5757 Thess.
2794 5719 2849 5763 v,
2884 5700 2976 5757 95.

2055 5796 2184 5869 (96)_
2205 5796 2420 5869 Χαρίεν
2440 5795 2510 5849 δὲ
2537 5796 2635 5851 καὶ
2666 5797 2731 5851 τὸ
2760 5796 2870 5866 τῆς
2889 5796 3261 5867 συμφωνίας,
3277 5805 3388 5869 etc.
3416 5793 3550 5850 Vide

1980 5867 2469 5937 TheOphyIactum.
