4028 6296
347 375 485 439 iiii?

1295 381 1646 440 COMMENT.
1690 383 1754 438 IN
1788 385 2202 444 MATTIM‘ZUM
2243 387 2478 444 ΤολίΒὸ
2518 389 2655 446 XIV.

3469 399 3602 452 tias

347 501 443 555 τοῦ
485 498 728 562 εἰπόντος
773 497 931 560 αὐτὰ,
978 496 1064 550 ἵνα
1100 499 1174 562 ὡς
1212 497 1362 552 εἶπεν
1390 502 1420 552 δ
1447 501 1677 572 Χριστὸς
1716 500 1911 571 νοηθῇο

2023 503 2174 556 rendi
2211 503 2435 574 peritior
2485 505 2576 571 sit,
2603 503 2897 560 verisimile
2927 515 3029 572 est,
3068 520 3300 576 quorum
3334 509 3606 580 explana-

345 593 422 657 ὡς
447 592 556 664 γὰρ
585 611 603 644 ‹
636 591 811 653 οὐδεὶς
843 586 950 642 οἶδε
992 589 1294 662 ἀνθρώπων
1322 591 1390 645 τὰ
1421 591 1514 644 τοῦ
1547 591 1834 663 ἀνθρώπου
1869 593 1917 644 εί

346 683 508 756 μὴτὸ
535 681 750 752 πνεῦμα
776 679 838 733 τὸ
854 681 913 732 ὲν
934 680 1103 751 αὐτῷ,
1130 683 1224 734 καὶ
1245 682 1416 746 οὐδεὶς
1440 677 1545 735 οἶδε
1575 682 1644 736 τὰ
1668 681 1762 736 τοῦ
1783 683 1918 738 Θεοῦ

345 775 394 827 εί
427 773 501 844 μὴ
532 766 594 826 τὸ
636 771 860 841 Πνεῦμα
897 771 990 824 τοῦ
1025 767 1414 831 Θεοῦοοοῦτως
1431 772 1600 836 οὐδεὶς
1632 769 1738 826 οἶδε
1783 773 1922 844 μετὰ

344 864 438 916 τὸν
474 863 604 916 Θεὸν
637 862 705 916 τὰ
733 863 836 917 ὑπὸ
870 862 964 916 τοῦ
1005 863 1240 936 Χριστοῦ
1264 863 1598 935 λελαλημένα
1635 866 1692 918 ὲν
1727 883 1920 932 παροι-

343 955 500 1024 μίαις
535 955 629 1006 καὶ
664 953 1000 1025 παραϐολαῖς
1033 955 1079 1006 εί
1111 954 1186 1025 μὴ
1220 954 1280 1007 τὸ
1314 954 1549 1025 Χριστοῦ
1583 955 1827 1027 Πνεῦμα,
1861 951 1922 1011 οὗ

343 1048 375 1098 ὁ
400 1045 639 1116 μετέχων
668 1046 728 1099 οῦ
758 1045 917 1117 μόνον
945 1045 1078 1100 καθὸ
1107 1045 1342 1117 Χριστοῦ
1374 1047 1490 1098 ἐστι
1516 1046 1761 1119 Πνεῦμα,
1787 1047 1922 1102 ἀλλὰ

345 1138 442 1192 καὶ
474 1137 608 1191 καθὸ
631 1137 867 1208 Χριστοῦ
888 1138 962 1202 ὡς
990 1138 1200 1206 σοψίας,
1231 1130 1307 1202 ὡς
1341 1139 1533 1208 Λόγου,
1557 1139 1832 1212 θεωρῆσαι
1856 1140 1921 1194 διν

343 1230 416 1284 τὰ
454 1231 594 1284 κατὰ
637 1230 728 1284 τὸν
772 1231 934 1284 τόπον
981 1230 1130 1300 αὐτῷ
1179 1231 1692 1303 ἀποκαλυπτόμενα.
1764 1231 1921 1286 Ἀλλὰ

347 1322 478 1395 περὶ
529 1323 627 1393 μὲν
666 1323 764 1393 τῆς
809 1320 1068 1388 ἀνωτᾴτω
1116 1322 1421 1393 διηγήσεως
1463 1323 1564 1376 οὐκ
1590 1323 1924 1392 ἐπαγγελλό-

349 1415 491 1485 μεθα
519 1415 634 1486 μὲν,
671 1414 730 1466 οὐ
764 1412 868 1484 μὴν
899 1413 1009 1466 οὐδ’
1039 1411 1412 1484 ἀπελπίζομεν
1441 1414 1550 1467 ἀπὸ
1579 1414 1836 1484 Χριστοῦ,
1864 1414 1923 1475 ὃς

344 1509 466 1559 »ἐστι
509 1507 667 1574 σοφία
709 1503 862 1568 Θεοῦ,
895 1503 1249 1576 βοηθοῦμενοι
1282 1503 1608 1558 καταλαϐεῖν
1645 1504 1712 1558 τὰ
1758 1505 1814 1556 ἐν
1855 1508 1919 1576 τῇ

347 1596 630 1667 παραϐολῇ
661 1587 992 1665 δηλούμενα·
1031 1594 1258 1667 πότερον
1293 1595 1378 1659 δὲ,
1414 1593 1555 1646 ὥστε
1590 1595 1682 1647 καὶ
1716 1595 1920 1660 ὑπαγο-

341 1687 608 1760 ρενθῆναι
639 1688 705 1741 τὰ
731 1689 954 1742 τοιαῦτα
985 1689 1110 1759 τῇδε
1145 1689 1210 1759 τῇ
1247 1689 1433 1758 γραερῇ
1462 1686 1560 1756 (8),
1592 1686 1625 1757 ἢ
1664 1685 1761 1755 μὴ,
1791 1684 1921 1747 Θεὸς

347 1780 414 1832 ἂν
439 1781 698 1834 ὺποϐἀλοι
741 1782 800 1835 ὲν
842 1784 1082 1856 Χριστῷ,
1119 1780 1341 1851 ποιῆσαι
1387 1780 1448 1832 τὸ
1487 1777 1714 1850 ἁρεστδν
1752 1776 1918 1846 αὐτῷ,

2029 595 2232 649 tionem
2256 606 2310 651 et
2331 597 2828 666 inlerpretationcm
2853 598 3124 656 humnas
3161 603 3304 656 vires
3320 618 3603 672 superare,

2027 693 2080 739 et
2103 685 2305 741 Christi
2337 686 2428 756 qui
2457 702 2520 741 ea
2543 687 2788 755 protulit,
2825 687 3032 757 Spiritu
3076 691 3315 762 indigere
3343 695 3603 758 arbitror.

2029 787 2088 832 ut
2119 793 2228 848 quo
2252 778 2412 832 modo
2449 777 2592 832 dicta
2623 786 2790 842 sunt,
2842 777 2912 832 ita
2961 779 3366 850 int.lligantur;
3413 800 3606 852 qui-m-

2028 869 2319 923 admodum
2348 868 2494 922 cnim
2529 887 2548 920 ι
2574 883 2737 924 nemo
2771 869 3051 924 hominum
3079 873 3181 926 scit
3205 889 3326 942 qum
3359 885 3487 930 sunt
3508 876 3610 930 ho-

2029 958 2209 1024 minis,
2238 958 2343 1013 nisi
2370 958 2598 1028 spiritus
2629 959 2870 1016 hominis
2903 961 2994 1032 qui
3041 962 3092 1015 in
3124 962 3242 1031 ipso
3263 973 3366 1029 est,
3393 973 3447 1018 et
3483 981 3608 1036 qum

2029 1048 2121 1105 Dei
2151 1060 2277 1104 sunt
2301 1065 2461 1106 nemo
2493 1051 2783 1121 cognovit,
2829 1051 2933 1107 nisi
2970 1050 3204 1120 Spiritus
3240 1052 3333 1108 Dei
3367 1055 3418 1122 ';
3456 1074 3474 1107 ›
3531 1055 3608 1112 ita

2027 1157 2151 1211 qua:
2177 1140 2429 1197 Christus
2455 1141 2510 1196 in
2541 1142 2844 1212 proverbiis
2878 1153 2932 1198 et
2959 1145 3234 1214 parabolis
3264 1147 3478 1202 locutus
3501 1159 3605 1212 est,

2029 1242 2152 1303 post
2203 1231 2372 1288 Deum
2407 1247 2566 1288 nemo
2597 1233 2750 1287 novit
2774 1275 2789 1299 ,
2845 1243 3040 1304 pra‘tcr
3069 1234 3328 1304 Spiritum
3369 1237 3606 1302 Christi;

2029 1324 2188 1391 cujus
2215 1323 2306 1392 qui
2331 1322 2494 1378 fuerit
2543 1323 2852 1393 particeps,
2907 1338 3015 1377 non
3075 1334 3284 1378 tantum
3339 1335 3608 1394 quatenus

2028 1414 2231 1470 Christi
2283 1413 2519 1486 Spiritus
2557 1424 2662 1480 est,
2697 1413 2792 1470 sed
2831 1423 3106 1486 quatenus
3149 1416 3355 1471 Christi
3399 1425 3458 1472 ut
3507 1415 3612 1472 Sa-

2029 1505 2243 1574 pientia:
2278 1543 2292 1567 ,
2357 1514 2415 1558 ut
2491 1505 2690 1573 Verbi,
2735 1507 2783 1561 is
2833 1522 2956 1576 qua:
3007 1507 3110 1562 sibi
3140 1523 3304 1578 super
3335 1510 3436 1564 hoc
3483 1507 3608 1565 loco

2029 1606 2212 1666 aperta
2247 1597 2446 1651 fuerint
2500 1606 2554 1651 et
2595 1608 2818 1664 retecta,
2855 1601 3040 1655 animo
3092 1602 3450 1672 contemplari
3507 1617 3608 1672 po-

2037 1688 2179 1742 terit.
2249 1688 2317 1742 At
2358 1689 2503 1758 quod
2547 1689 2614 1744 ad
2659 1691 3060 1761 expositionem
3118 1692 3259 1747 hanc
3315 1693 3605 1748 sublimem

2031 1781 2292 1850 pertinet,
2347 1796 2456 1835 non
2507 1781 2841 1850 spondemus
2887 1783 3148 1852 quidem,
3202 1798 3380 1852 neque
3456 1795 3605 1838 certe

345 1871 509 1940 μόνον
560 1872 654 1926 ἐὰν
683 1872 868 1946 δοθείη
895 1847 999 1926 ’καὶ
1033 1847 1171 1945 ’περὶ
1199 1847 1402 1926 τῦύτων
1431 1872 1460 1923 ὁ
1504 1847 1593 1923 διὰ
1625 1870 1718 1922 τοῦ
1755 1868 1918 1922 Πνεῦ-

2024 1847 2395 1938 desperamus,
2431 1847 2632 1924 Christi
2683 1885 2785 1939 Ope
2815 1847 2985 1940 adjuti
3012 1913 3026 1937 ,
3071 1871 3167 1942 qui
3205 1847 3305 1927 Dei
3329 1869 3605 1941 Sapientia

348 1980 516 2033 ματος
541 1961 815 2036 διδόμενος
849 1966 1008 2036 λόγος
1046 1966 1238 2034 σοφίας
1275 1963 1385 2018 ἀπὸ
1421 1963 1514 2018 τοῦ
1558 1960 1716 2026 Θεοῦ,
1767 1962 1860 2015 καὶ
1892 1964 1922 2014 ὁ

344 2052 489 2106 κατὰ
525 2053 584 2107 τὸ
614 2055 834 2128 Πνεῦμα
863 2055 1358 2129 ὲπιχορηγούμενος
1383 2054 1538 2123 λόγος
1571 2054 1843 2124 γνώσεως.

2023 1971 2126 2028 est,
2157 1961 2372 2030 assequi
2399 1975 2521 2031 quae
2572 1960 2625 2014 in
2657 1962 2912 2030 parabola
2938 1963 3284 2018 declarantur
3310 1964 3330 1996 ²
3363 1983 3376 2018 :
3427 1979 3494 2018 an
3532 1964 3608 2020 ita
3705 2031 3720 2038 ς

2025 2064 2152 2105 vero
2175 2057 2317 2103 utea
2339 2049 2499 2103 etiam
2531 2049 2816 2118 scripturae
2839 2050 2967 2106 huic
2998 2053 3386 2122 subjiciautur,
3413 2071 3605 2120 necne,

345 2155 600 2216 suggerat
631 2149 788 2203 nobis
817 2148 960 2206 Deus
988 2150 1042 2204 in
1065 2150 1305 2215 Christo,
1331 2157 1392 2204 ut
1420 2149 1562 2219 quod
1614 2149 1717 2204 sibi
1749 2147 2008 2219 placitum
2043 2151 2126 2199 est
2152 2143 2413 2198 duntaxat
2445 2141 2741 2211 faciamus;
2775 2139 2932 2199 detur
2959 2147 3142 2210 modo,
3176 2147 3370 2204 horum
3412 2151 3605 2221 gratia,

345 2255 528 2296 sermo
544 2243 844 2312 sapientia,
877 2246 970 2315 qui
1001 2260 1096 2316 per
1126 2244 1390 2315 Spiritum
1420 2245 1582 2298 datur
1633 2259 1663 2298 a
1693 2242 1824 2307 Deo,
1849 2251 1903 2296 et
1927 2253 2108 2296 sermo
2136 2237 2376 2293 scientia:
2391 2237 2482 2307 qui
2512 2238 2811 2292 secundum
2840 2237 3101 2308 Spiritum
3133 2241 3605 2297 subministratur.

421 2352 442 2386 ι
488 2335 778 2407 Ὡμοιώθη,
804 2337 988 2407 φησὶν,
1019 2336 1052 2408 ἡ
1075 2337 1320 2407 βασιλεία
1346 2335 1455 2390 τῶν
1476 2335 1743 2406 οὐρανῶν,
1779 2354 1797 2387 ι
1829 2336 1924 2389 καὶ

343 2425 412 2480 τὰ
461 2426 609 2496 ἑξῆς.
653 2429 715 2482 Et
753 2428 809 2480 δὲ
842 2428 1050 2499 βασιλεῖ
1091 2426 1350 2499 ὡμοιώθη
1382 2426 1572 2497 τοιῷδε
1608 2427 1703 2480 καὶ
1744 2425 1923 2479 τοιάδε

344 2516 690 2588 πεποιηκότι,
743 2518 863 2572 τίνα
901 2518 1008 2590 χρὴ
1047 2518 1226 2588 λέγειν
1274 2518 1306 2588 ἢ
1353 2517 1445 2571 τὸν
1484 2518 1610 2570 Υίὸν
1635 2517 1727 2571 τοῦ
1756 2517 1921 2582 Θεοῦ;

338 2609 508 2673 αὐτὸς
533 2609 642 2682 γὰρ
668 2611 816 2664 ἐστιν
846 2612 874 2664 ὁ
907 2609 1158 2678 βασιλεὺς
1176 2608 1286 2662 τῶν
1303 2608 1546 2679 οὐρανῶν
1565 2625 1578 2638 ·
1621 2609 1715 2662 καὶ
1736 2607 1924 2679 ὥσπερ

342 2694 508 2759 αῦτὸς
533 2700 678 2750 ἐστιν
700 2697 1044 2768 ήαῦτοσοφία
1059 2697 1156 2768 (9),
1186 2697 1278 2752 καὶ
1297 2695 1810 2768 ήαύτοδικαιοσύνη,
1831 2697 1923 2750 καὶ

343 2787 377 2853 ἡ
397 2785 768 2855 αὐτοαληθεια,
793 2787 935 2840 οὕτω
965 2788 1175 2858 μήποτε
1191 2787 1284 2840 καὶ
1305 2787 1338 2856 ἡ
1360 2785 1760 2844 αὑτοϐασιλεία,
1812 2786 1922 2839 Βα-

347 2877 527 2932 σιλεία
537 2877 592 2930 δὲ
606 2879 665 2931 οῦ
690 2877 794 2932 τῶν
811 2880 961 2933 κάτω
981 2880 1147 2943 τινὸς,
1169 2879 1290 2932 οὐδὲ
1305 2878 1505 2950 μέρους
1532 2878 1638 2931 τῶν
1653 2876 1922 2942 ἄνω,ἀλλᾶ

347 2968 564 3021 παντων
587 2969 692 3023 τῶν
724 2970 835 3024 ἄνω
858 3008 873 3033 ,
918 2971 1075 3024 ἅτινα
1103 2971 1498 3042 ὠνομάσθησαν
1527 2967 1763 3040 οὐρανοί.
1804 2969 1922 3023 Κᾶν

343 3059 514 3130 ζητῇς
535 3061 590 3114 δὲ
613 3062 674 3114 τό
689 3079 702 3092 ·
744 3081 762 3112 ‹
788 3061 978 3116 Αὐτῶν
993 3063 1139 3116 ἐστιν
1162 3061 1456 3134 ἡβασιλεία
1476 3060 1583 3114 τῶν
1598 3060 1866 3131 οὐρανῶν,
1894 3078 1912 3113 ι

340 3151 566 3206 δύνασαι
611 3151 808 3221 λέγειν,
859 3154 942 3207 δτι
990 3152 1168 3208 αὐτῶν
1219 3155 1366 3205 ἐστιν
1409 3154 1438 3206 ὁ
1481 3152 1736 3222 Χριστὸς,
1784 3151 1917 3205 καθὸ

337 3243 722 3300 αὖτοξασιλεία
749 3243 886 3310 ἐστὶ,
917 3245 1215 3316 βασιλεύων
1245 3245 1366 3300 καθ’
1401 3246 1638 3316 ἑκάστην
1673 3244 1917 3301 ἐπίνοιαν

339 3334 508 3388 αὐτοῦ
541 3334 635 3388 τοῦ
668 3335 864 3406 μηκέτι
895 3335 1312 3407 βασιλευομένου
1357 3335 1466 3388 ὑπὸ
1488 3336 1587 3407 τῆς
1621 3333 1914 3407 ἁμαρτίας,

340 3426 730 3500 βασιλευούσης
759 3430 818 3481 ἐν
846 3427 924 3498 τῷ
955 3427 1133 3500 Θνητῷ
1161 3426 1374 3499 σώματι
1396 3427 1504 3481 τῶν
1537 3428 1764 3492 ἑαυτοὺς
1792 3428 1919 3481 ὑπο-

338 3520 615 3586 ταξάντων
641 3522 778 3593 αὐτῇ
802 3538 814 3552 ο
849 3521 943 3575 καὶ
969 3520 1064 3574 ἐὰν
1089 3520 1250 3589 λέγω,
1290 3518 1590 3590 βασιλεύων
1623 3519 1746 3574 καθ’
1781 3519 1914 3572 ἐκά-

339 3629 473 3683 στην
524 3612 762 3667 ἐπίνοιαν
804 3610 991 3678 αὑτοῦ,
1027 3612 1270 3666 τοιοῦτόν
1317 3628 1373 3664 τι
1412 3610 1580 3680 δηλῶ,
1617 3609 1915 3680 βασιλεύων

337 3696 374 3774 ᾖ
407 3703 718 3774 δικαιοσύνη
753 3704 889 3768 ἐστὶ,
923 3703 1016 3756 καὶ
1121 3701 1304 3770 σοφία,
1327 3695 1480 3774 καὶῇ
1527 3699 1775 3770 ἀλήθεια,
1820 3701 1915 3754 καὶ

336 3797 396 3850 αἱ
427 3794 610 3848 λοιπαὶ
648 3796 862 3866 ἀρεταὶ,
905 3794 1000 3847 τοῦ
1032 3793 1346 3864 γενομένου,
1389 3790 1478 3846 διὰ
1508 3791 1570 3846 τὺ
1603 3793 1787 3862 φορεῖν
1819 3791 1917 3864 τὴν

333 3886 522 3941 εἰκόνα
567 3886 663 3940 τοῦ
705 3885 1049 3958 ἐπουρανίου,
1093 3883 1348 3954 οὐρανοῦ,
1395 3883 1490 3937 καλ⁵
1534 3883 1714 3954 πάσης
1758 3882 1916 3936 δυνά-

338 3995 508 4049 μεως,
550 3978 660 4032 εἴτε
705 3977 1007 4048 ἀγγελικῆς
1054 3975 1162 4030 εἴτε
1197 3975 1304 4029 τῶν
1336 3972 1538 4028 λοιπῶν
1578 3972 1911 4046 ὀνομαζομέ-

335 4088 463 4135 νων,
497 4071 558 4123 οῦ
594 4070 753 4140 μόνον
796 4071 854 4121 ἐν
898 4067 1072 4139 τούτῳ
1099 4066 1175 4138 τῷ
1220 4065 1398 4130 αἰῶνι,
1444 4065 1579 4121 ἀλλὰ
1612 4066 1704 4119 καὶ
1749 4067 1806 4117 ἐν
1838 4063 1912 4135 τῷ

2093 2330 2145 2384 7.
2181 2347 2201 2381 ‹
2233 2331 2608 2386 Assimilatuni
2649 2338 2752 2395 est,
2787 2329 2982 2399 inquit,
3020 2346 3246 2401 regnum
3274 2331 3598 2398 coriorum”

2023 2427 2076 2473 et
2102 2427 2295 2492 caetera
2323 2436 2339 2485 ;
2370 2419 2413 2473 si
2451 2418 2562 2488 regi
2599 2419 2712 2482 tali,
2767 2418 2960 2473 [aliave
3003 2419 3184 2488 agenti
3233 2421 3598 2476 assimilatum

2021 2521 2125 2578 est,
2151 2511 2406 2580 quidnam
2444 2510 2574 2564 illud
2617 2526 2739 2566 esse
2781 2511 3072 2566 dicendum
3103 2522 3216 2576 est,
3257 2514 3359 2568 nisi
3407 2511 3603 2571 Filium

2024 2599 2148 2666 Dei;
2187 2602 2300 2672 ipse
2323 2602 2467 2656 enim
2495 2602 2758 2656 caalorum
2794 2616 2886 2657 rex
2913 2613 3016 2666 est,
3043 2614 3098 2659 et
3137 2607 3601 2675 quemadmodum

2025 2691 2070 2746 is
2094 2691 2208 2761 ipsa
2241 2692 2502 2762 sapientia
2522 2701 2678 2748 estet
2712 2693 2825 2764 ipsa
2851 2695 3063 2764 justitia
3093 2737 3108 2761 ,
3139 2705 3193 2751 et
3230 2698 3346 2767 ipsa
3383 2701 3602 2769 veritas,

2022 2792 2204 2838 annon
2236 2784 2351 2854 pari
2385 2784 2598 2839 ratione
2622 2793 2677 2839 et
2710 2783 2886 2855 ipsum
2918 2802 3145 2857 regnum
3187 2789 3306 2844 est?
3353 2785 3601 2862 Regnum

2023 2885 2107 2930 est
2135 2885 2318 2930 autem
2355 2891 2464 2930 non
2490 2876 2543 2931 in
2571 2870 2808 2946 aliquem
2840 2894 2903 2932 ex
2930 2874 3308 2948 inferioribus,
3341 2897 3517 2951 neque
3547 2881 3602 2936 in

2025 2968 2366 3038 superiorum
2402 2976 2638 3037 partem,
2673 2969 2766 3024 sed
2816 2970 2868 3023 in
2918 2972 3199 3040 superiora
3230 2972 3436 3037 omnia,
3482 2989 3605 3044 quae

2026 3062 2149 3116 caeli
2202 3070 2514 3130 nuncupata
2569 3071 2714 3116 sunt.
2747 3057 2899 3126 Quod
2949 3062 2992 3117 si
3043 3071 3096 3116 et
3127 3060 3256 3116 illud
3286 3063 3549 3119 discutias
3583 3080 3596 3115 :

2026 3173 2048 3210 σ
2085 3153 2308 3211 Illorum
2353 3163 2437 3211 est
2464 3171 2690 3226 regnum
2723 3155 2985 3210 cmlorum
3012 3153 3068 3221 ³,
3117 3175 3134 3208 ι
3175 3152 3390 3210 illorqu
3437 3153 3601 3229 623

2021 3263 2250 3318 regnum
2279 3261 2399 3301 esse
2417 3244 2696 3300 Christum
2721 3243 2900 3299 dicere
2925 3253 3096 3314 potes,
3123 3255 3393 3316 quatenus
3416 3246 3594 3317 ipsum

2021 3354 2250 3411 regnum
2281 3347 2385 3402 est,
2421 3337 2710 3407 imperium
2743 3332 2999 3392 obtinens
3047 3337 3100 3392 in
3155 3353 3600 3410 unamquamque

2019 3431 2138 3498 ejus
2166 3427 2573 3499 cogitationem,
2606 3427 2698 3498 qui
2745 3422 2858 3496 jam
2916 3439 3024 3481 non
3081 3427 3318 3499 amplius
3369 3429 3600 3500 imperio

2020 3519 2272 3576 subditus
2301 3528 2384 3574 est
2414 3518 2645 3588 peccati,
2681 3519 2828 3589 quod
2859 3519 2911 3572 in
2947 3535 3138 3574 eorum
3172 3538 3402 3593 corpore
3450 3541 3603 3578 mor-

2018 3612 2112 3666 tali
2149 3618 2338 3680 regnat
2362 3610 2453 3679 qui
2488 3624 2608 3664 sese
2643 3606 2770 3664 huic
2793 3611 3142 3680 subjceeruut
3175 3623 3266 3667 :ct
3289 3629 3413 3668 cum
3447 3615 3595 3678 dico,

2019 3702 2072 3756 in
2106 3714 2554 3770 unamquamque
2582 3695 2702 3768 ejus
2738 3701 3124 3769 cogitationem
3181 3703 3468 3772 imperium
3500 3706 3598 3759 ob-

2016 3789 2219 3857 tinens,
2247 3791 2351 3846 tale
2381 3789 2658 3860 quidpiam
2711 3790 3076 3860 signiﬁcatum
3127 3795 3282 3858 volo,
3327 3805 3598 3863 quatenus

2012 3880 2222 3949 juStitia
2257 3889 2359 3945 est,
2391 3889 2446 3934 et
2479 3878 2774 3949 sapientia,
2801 3888 2855 3934 et
2889 3880 3110 3944 veritas,
3148 3890 3201 3936 et
3234 3883 3456 3952 reliqua:
3487 3886 3597 3938 vir-

2021 3981 2186 4034 tutes,
2212 3969 2497 4041 imperium
2524 3969 2578 4023 in
2602 3983 2726 4023 eum
2746 3985 3008 4026 exercens
3028 3973 3120 4042 qui
3149 3973 3345 4028 cmlum
3370 3975 3596 4032 cﬂ'cctus

2020 4068 2123 4126 est,
2157 4058 2449 4132 imaginem
2487 4060 2606 4131 ejus
2656 4062 2890 4131 gerendo
2916 4063 3010 4133 qui
3040 4063 3092 4118 in
3122 4065 3262 4120 ctelo
3293 4075 3377 4122 est
3403 4084 3417 4134 ;
3446 4076 3500 4124 et
3537 4068 3592 4123 in

1542 4177 1769 4233 VETUS
1807 4170 2387 4232 INTERPllETATIO.

333 4301 513 4370 egredi
542 4315 664 4354 eum
695 4299 787 4371 qui
815 4296 1022 4371 accepit
1064 4296 1451 4371 indulgentiam
1485 4294 1816 4371 talentorum
1850 4293 2171 4357 multorum,
2205 4293 2286 4347 vel
2325 4292 2449 4371 quis
2479 4300 2564 4371 est
2590 4293 2679 4371 ille
2703 4307 3002 4371 conservus
3028 4310 3195 4371 unus,
3219 4312 3311 4366 qui
3355 4313 3462 4352 non
3495 4315 3592 4368 pa-

331 4362 664 4432 trifamilias.
689 4362 782 4425 sed
809 4362 967 4424 servo
1002 4365 1392 4436 indulgentiam
1415 4365 1722 4436 debitorum
1757 4378 1989 4436 suorum
2017 4374 2312 4436 consecnto
2339 4362 2588 4436 debebat,
2615 4370 2670 4417 et
2696 4363 2822 4436 quid
2855 4363 3102 4436 sibivult
3151 4362 3412 4422 numerus
3444 4362 3575 4423 céu-

333 4451 448 4495 tum
475 4441 842 4502 denariorum,
896 4447 949 4492 et
979 4437 1107 4507 quid
1140 4432 1228 4507 e'st
1257 4435 1488 4507 emicare
1513 4443 1567 4488 et
1598 4434 1802 4498 dicere,
1843 4449 1862 4484 ι
1902 4433 2062 4507 redde
2094 4433 2236 4500 quod
2270 4432 2470 4507 debes;
2509 4450 2528 4483 ι
2564 4441 2618 4487 et
2647 4433 2771 4501 quis
2818 4441 2902 4507 est
2935 4433 3024 4488 ille
3069 4450 3266 4507 career,
3310 4436 3362 4490 in
3411 4454 3575 4507 quem

331 4526 655 4565 conservum
689 4525 847 4565 suum
878 4502 1112 4562 detrusit
1145 4503 1531 4576 indulgentiam
1567 4513 1895 4576 consecutus
1937 4503 2262 4555 talentorum
2297 4502 2591 4576 multorum
2619 4519 2633 4567 ;
2668 4509 2722 4556 et
2753 4503 2845 4576 qui
2881 4504 3149 4576 conservi,
3175 4505 3268 4575 qui
3301 4502 3591 4562 sunt'con-

334 4581 554 4639 lristati.
593 4580 816 4633 domino
843 4579 1158 4631 nuntiantes
1192 4573 1374 4628 omnia
1405 4574 1565 4636 facta,
1594 4581 1648 4627 et
1675 4573 1767 4642 qui
1796 4581 1925 4628 sunt
1954 4581 2188 4626 tortores
2215 4573 2416 4641 quibus
2440 4573 2673 4626 traditus
2703 4583 2788 4627 est
2821 4573 2866 4628 is
2913 4574 3005 4643 qui
3041 4573 3366 4630 conservum
3421 4593 3587 4633 suum

329 4649 566 4704 detrusit
589 4650 642 4702 in
672 4663 944 4703 carcerem
974 4684 988 4713 ,
1019 4657 1071 4701 et
1101 4647 1376 4716 quomodo
1407 4644 1640 4716 reddidit
1669 4643 1966 4699 tortoribus
2003 4643 2233 4698 traditus
2261 4657 2423 4696 omne
2454 4643 2598 4710 quod
2644 4643 2852 4710 debuit,
2889 4655 2948 4697 ut
2993 4643 3105 4712 jam
3161 4645 3299 4699 nihil
3343 4647 3583 4704 deberet.

331 4716 452 4787 Jam
485 4734 630 4773 nunc
663 4719 996 4787 propositam
1023 4715 1415 4786 expositionem
1453 4715 1747 4787 tangimus.

405 4786 457 4842 7.
498 4807 516 4839 ι
557 4779 744 4842 Simile
767 4779 870 4844 est.
899 4779 1351 4856 inquitfregnum
1380 4779 1641 4856 cmlorilm
1672 4781 1875 4856 homini
1910 4780 2044 4851 regi.
2081 4799 2099 4831 ι
2147 4779 2202 4834 Si
2232 4795 2453 4856 regnum
2508 4781 2769 4856 caelorum
2798 4781 3188 4856 _assimilatum
3213 4854 3222 4856 _
3245 4794 3330 4840 est
3359 4786 3579 4842 cuidam

333 4858 538 4937 honuni
576 4858 710 4928 regi,
746 4850 1026 4937 videamus
1061 4859 1113 4910 in
1146 4850 1337 4937 primis
1363 4856 1491 4924 quid
1525 4853 1602 4937 sit_
1631 4853 1732 4907 hoc
1768 4853 1955 4937 ipsum
1977 4850 2205 4932 regnum
2239 4854 2500 4937 caelorum
2524 4850 3077 4937 quodassimilat'um.
3098 4865 3182 4934 est
3210 4854 3419 4935 homini
3445 4859 3580 4937 regi,

330 4930 437 4984 nisi
487 4921 664 4983 Filius
687 4928 778 4981 Dei
821 4928 938 4996 Ipse
962 4936 1046 4980 est
1072 4921 1216 4980 enim
1245 4921 1466 4993 regnum
1501 4921 1802 4996 caelorum.
1821 4922 1886 4977 Et
1913 4924 2056 4976 sicut
2086 4921 2199 4996 ipse
2227 4931 2312 4975 est
2341 4921 2632 4996 sapientia,
2677 4921 2792 4991 ipse
2835 4931 2920 4974 est
2945 4922 3179 4996 justitia.
3209 4925 3322 4993 ipse
3353 4921 3580 4990 veritas,

331 5000 402 5053 ita
434 5001 547 5069 ipse
573 5007 658 5052 est
682 4992 929 5065 regnum.
963 4997 1206 5069 Regnum
1244 4992 1420 5069 autem
1448 5011 1555 5048 non
1585 4992 1818 5061 alicujus
1851 5007 2043 5069 eorum
2073 4992 2320 5069 qui_.su_nt
2359 4993 2644 5069 deorsum,
2676 5005 2798 5069 “nec
2841 4992 3431 5069 quorumdamuieorum
3485 4997 3581 5065 qui

331 5059 548 5125 sursum
584 5059 871 5132 haheiitur,
904 5070 995 5121 sed
1029 5059 1272 5119 oninium
1307 5065 1398 5134 qui
1436 5073 1562 5135 sunt
1605 5059 1847 5135 sursum,
1899 5062 1990 5130 qui
2021 5061 2270 5130 appellati
2308 5069 2434 5115 sunt
2474 5061 2618 5113 caeli.
2676 5059 2986 5135 Secundum
3030 5065 3132 5117 hoc
3179 5064 3365 5135 dicere
3397 5059 3576 5135 potes,

329 5141 587 5209 quoniam
620 5129 867 5208 ipsorum
892 5147 976 5209 est
1027 5135 1277 5209 Christus
1327 5129 1624 5209 secundum
1653 5133 1798 5209 quod
1833 5129 1948 5200 ipse
1975 5129 2065 5184 est
2083 5144 2347 5209 regnum,
2387 5144 2620 5209 regnans
2655 5129 2898 5209 quotidie
2955 5132 3006 5185 in
3043 5134 3298 5209 sensibus
3353 5129 3576 5209 eorum,

327 5198 469 5265 sicut
497 5217 580 5265 est
610 5198 845 5277 regnans
869 5216 925 5261 et
943 5205 1154 5277 justitia
1185 5213 1240 5277 et
1263 5204 1526 5277 sapientia
1550 5213 1604 5256 et
1631 5198 1865 5266 veritas,
1887 5198 2204 5277 canet-mque
2237 5198 2469 5277 virtutes
2485 5199 2536 5277 in
2567 5215 2632 5252 eo
2662 5200 2754 5268 qui
2791 5198 2967 5277 factus
2991 5211 3077 5277 est
3099 5205 3322 5277 coaluit).
3359 5219 3453 5273 per
3477 5198 3584 5277 hoc

326 5281 470 5348 quod
503 5268 736 5348 portavit
763 5268 1000 5332 emlestis
1034 5268 1357 5348 imaginem.
1389 5272 1500 5326 lloe
1528 5288 1657 5340 ergo
1685 5287 1922 5348 regnum
1943 5269 2207 5348 Helorum
2244 5268 2464 5348 quando
2498 5269 2698 5348 factum
2737 5278 2819 5348 est
2855 5288 2874 5320 ι
2903 5272 2970 5348 in
3005 5268 3372 5348 similitudine
3391 5274 3582 5329 carnis

329 5338 555 5418 peccati,
587 5357 645 5403 ut
675 5350 742 5403 de
773 5358 992 5417 peccato
1016 5338 1302 5400 damnaret
1329 5338 1614 5412 peceatum
1636 5359 1650 5406 ;
1685 5361 1702 5392 ι
1731 5338 1860 5395 tunc
1879 5341 2077 5395 similis
2110 5338 2285 5395 factus
2315 5349 2398 5394 est
2428 5339 2634 5393 homini
2679 5339 2788 5410 regi
2825 5341 3020 5397 unicus
3044 5358 3169 5396 eum
3204 5343 3330 5408 sibi,
3379 5354 3435 5396 et
3483 5359 3580 5411 per

402 5468 460 5523 'l
493 5469 619 5524 Cor.
657 5485 716 5533 ιι,
750 5469 834 5522 il.
911 5468 931 5498 ⁸
960 5445 1131 5521 1001³.
1168 5481 1264 5528 xu,
1297 5463 1349 5518 8.
1427 5463 1446 5494 ³
1475 5462 1662 5516 Matth.
1699 5478 1752 5526 ν,
1781 5461 1836 5516 5.

395 5584 471 5652 (8)
513 5585 689 5639 Codex
728 5582 926 5654 Regius
969 5581 1132 5636 habet
1166 5577 1288 5650 τῇδε
1329 5581 1393 5649 τῇ
1425 5578 1646 5648 γραφῇ;
1685 5575 1738 5629 in
1778 5574 1890 5630 Ana

325 5656 541 5727 glieano
569 5655 723 5727 d_ee_st
754 5654 899 5724 τῇδε.

398 5726 474 5795 (9)
511 5725 618 5778 Καὶ
653 5717 853 5791 ῶσπὲρ
881 5721 1062 5787 αὐτός
1099 5721 1269 5795 ,ἐστιν
1305 5719 1344 5787 ὴ
1394 5717 1748 5795 αρτοσοξξθά,
1779 5725 1883 5795 cl_c.

325 5787 590 5866 Origenes
629 5795 724 5847 lib.
774 5787 829 5848 vi
871 5804 1052 5848 contra
1099 5792 1347 5850 Celsum:
1403 5789 1498 5852 Τίς
1544 5787 1741 5858 μᾶλλον
1787 5787 1887 5858 τῆς

2013 5572 2186 5649 Ἰησοῦ
2223 5572 2435 5649 ψυχῇς,
2459 5571 2512 5649 ,ἢ
2546 5572 2652 5649 κᾷν
2697 5575 3092 5649 παραπλησίως
3139 5575 3462 5649 κεκόλληται
3497 5577 3578 5649 τῷ

1996 5643 2245 5716 Κυρίῳ,
2279 5643 2358 5714 τῷ
2406 5643 2709 5716 ᾼὺτολόγῳ,
2751 5643 2842 5699 καὶ
2877 5643 3190 5716 γαῦτοσοφία
3214 5687 3228 5708 ,
3268 5643 3365 5700 καῐ
3411 5643 3573 5702 αῦτοζ

1993 5713 2239 5785 αληθείᾳ,
2261 5716 2354 5768 καὶ
2377 5713 2816 5787 αὐτοδικαιοσὺνῃ
2839 5732 2851 5779 ;
2875 5715 3006 5770 Vide
3026 5713 3401 5786 Enlhymium.
3422 5719 3568 5774 llus-

1997 5800 2120 5838 Tlus
2689 5795 2691 5798 ‘
