4028 6296
312 430 451 487 Ιλὶθΰ

1266 422 1617 479 ΕΟΜΜΕΝΤ.
1655 423 1721 478 ΙΝ
1762 419 2176 479 MATTlUEUM
2207 421 2439 478 TOMUS
2479 420 2619 477 XIV.

3405 410 3542 481 £206

306 547 502 619 λακὴν,
536 546 641 608 ἕως
688 544 779 597 τδν
828 541 1052 611 ἔσχατον
1094 539 1288 593 λεπτὸν
1319 537 1528 606 ἀποδῷ·
1570 540 1709 596 ἐπὰν
1750 540 1808 594 δὲ
1840 537 1872 615 ᾖ

1979 541 2171 608 nistro,
2211 541 2383 596 donec
2425 538 2677 594 ultimum
2729 534 2997 593 minutum
3045 535 3341 594 reddiderit
3365 538 3451 594 ¹⁹ξ
3490 550 3545 593 at

307 639 434 703 δοὺς
457 637 717 709 ἐργασίαν
740 632 1083 704 ἀπηλλάχθαι
1108 631 1339 696 ἐκείνου,
1364 632 1459 685 καὶ
1494 631 1684 705 μηδενὶ
1713 633 1877 702 μηδὲν

307 730 554 800 ὀφείλων,
588 728 681 782 καὶ
720 725 821 797 ἤδη
864 724 964 795 τὴν
999 724 1136 793 μνᾶν
1176 721 1631 787 δεκαπλασιάσας,
1673 722 1707 794 ἢ
1748 738 1876 776 πεν-

306 818 702 881 ταπλασιάσας,
736 815 770 887 ἢ
796 815 865 870 τὰ
891 813 1052 867 πέντε
1082 811 1317 867 τάλαντα
1337 812 1712 877 διπλασιάσας,
1747 813 1780 883 ἢ
1809 813 1878 867 τὰ

306 909 399 965 δύο
446 908 686 978 τέσσαρα
736 908 986 977 ποιήσας,
1026 904 1164 976 τύχῃ
1204 903 1305 975 τῆς
1349 902 1575 975 δεούσης
1619 904 1873 973 ἀμοιϐῆς,

306 998 684 1070 εἰσερχόμενος
713 998 791 1059 εἰς
816 996 915 1067 τήν
946 994 1122 1066 χαρὰν
1153 993 1245 1047 τοῦ
1272 994 1476 1065 Κυρίου
1500 994 1684 1059 αὑτοῦ,
1713 994 1746 1066 ἢ
1783 995 1876 1049 ἐπὶ

307 1091 440 1142 πᾶσι
458 1090 570 1151 τοῖς
586 1088 917 1159 ὑπάρχουσιν
940 1084 1105 1139 αὑτοῦ
1134 1083 1548 1155 καθιστάμενος,
1581 1083 1614 1155 ἢ
1639 1085 1871 1140 ἀκούων·

311 1199 331 1231 ι
359 1178 498 1232 ἰσθι
518 1179 763 1246 δξουσίαν
791 1177 929 1249 ἔχων
960 1177 1143 1231 ἐπάνω
1155 1174 1286 1229 δέκα
1306 1176 1568 1239 πόλεων,ι
1604 1176 1639 1246 ἦ
1656 1192 1671 1206 ο
1700 1174 1873 1229 «Ἰσθι

305 1271 553 1337 ἐξουσίαν
580 1269 720 1340 ἔχων
746 1268 932 1323 ὲπάνω
959 1267 1119 1320 πέντε
1139 1265 1364 1320 πόλεων.
1391 1285 1410 1319 ι
1431 1264 1614 1321 Ταῦτα
1629 1265 1687 1320 δὲ
1716 1267 1875 1337 ἡμεῖς

307 1361 429 1431 μὲν,
464 1360 541 1424 ὥς
573 1360 765 1431 χρόνου
811 1357 1006 1412 πολλοῦ
1040 1357 1289 1429 δεόμενα,
1331 1358 1418 1412 ἵνα.
1456 1358 1695 1431 συναρθῇ
1742 1360 1874 1430 ἡμῖν

306 1453 436 1523 περὶ⁸
466 1451 574 1506 τῶν
605 1451 740 1505 ὅλων
769 1450 975 1523 χρόνων
1002 1448 1104 1519 τῆς
1142 1448 1375 1502 ἐνταῦθα
1409 1447 1555 1520 ζωῆς
1585 1449 1760 1519 λόγος,
1787 1467 1874 1505 νο-

306 1541 536 1613 μίζομεν
573 1543 845 1614 λέγεσθαι,
883 1541 1022 1596 ὤσειτ
1044 1539 1111 1595 ἂν
1138 1540 1447 1607 ὑπολαϐεῖν,
1480 1541 1572 1595 τοῦ
1607 1541 1872 1613 βασιλέως

305 1632 650 1704 συναίροντος
671 1634 754 1687 ἑνὶ
784 1633 1000 1706 ἑκάστῳ
1028 1634 1296 1690 τοσούτων
1313 1635 1514 1691 δούλων
1543 1636 1719 1705 λόγον,
1742 1653 1868 1690 τοσ-

299 1725 459 1778 οὑτου
484 1724 673 1796 χρόνον
713 1723 917 1779 δεῖσθαι
957 1725 1026 1779 τὰ
1053 1725 1354 1798 πράγματα
1384 1725 1489 1791 ἕως
1513 1726 1604 1779 ἐπὶ
1631 1726 1692 1780 τὸ
1718 1726 1870 1791 τέλος

462 1815 531 1869 τὰ
558 1815 667 1870 ἀπὺ
697 1815 795 1888 τῆς
825 1815 1001 1888 ἀρχῆς
1030 1814 1125 1870 τοῦ
1161 1816 1367 1888 κόσμου
1405 1814 1511 1880 ἕως
1542 1817 1642 1888 τῆς
1675 1833 1866 1871 συντε-

302 1877 452 1970 λείᾷ
480 1906 576 1960 τοῦ
606 1877 823 1971 αἰῶνος,
853 1877 1128 1978 inferae,
1154 1877 1292 1962 ἀλλὰ
1321 1907 1417 1961 και
1450 1877 1711 1963 πλειόνων
1737 1910 1867 1963 αἰῶ·
1895 1877 1939 1934 Β

300 2013 428 2053 νων.
462 1998 535 2052 To
564 1998 621 2052 δὲ
648 1997 844 2071 ἀληθὲς
873 1997 971 2069 οὑχ
994 1998 1166 2063 οὑτως
1198 1997 1329 2070 ἔχει’
1369 1997 1580 2073 ἀθρόως
1608 1998 1718 2073 γὰρ
1742 2000 1868 2071 βου-

300 2087 484 2160 ληθεὶς
510 2090 540 2143 ό
567 2088 698 2154 Θεὸς
726 2088 1085 2161 ἀναῤῥιπίσαι
1114 2090 1173 2143 ὲν
1195 2091 1318 2154 ταῖς
1354 2089 1572 2146 πάντων
1603 2093 1864 2163 μνήμαις,

300 2181 442 2252 ὑπὲρ
471 2180 566 2235 τοῦ
591 2180 819 2234 ἕκαστον
855 2178 962 2233 τῶν
993 2178 1138 2233 ίδίων
1172 2179 1589 2252 συναισθηθῆναι
1621 2184 1868 2251 κρεῖττον

300 2272 333 2343 ἢ
394 2274 576 2343 χεῖρον
620 2269 1041 2341 πεπραγμένων,
1087 2268 1269 2324 πάντα
1313 2270 1382 2324 τὰ
1437 2272 1566 2342 παρ’
1610 2271 1732 2325 ὅλον
1775 2272 1867 2326 τὸν

299 2363 490 2436 χρόνον
549 2363 888 2434 γεγενημένα
937 2361 1172 2432 ἑκάστῳ,
1244 2362 1465 2433 ποιήσαι
1519 2361 1586 2416 ἂν
1642 2362 1867 2435 δυνάμει

299 2454 512 2526 ἁφάτῳ·
538 2454 600 2508 οὐ
626 2452 756 2525 γὰρ,
787 2451 976 2522 ὥσπερ
1000 2452 1180 2522 ἡμεῖς,
1218 2449 1530 2521 βουλόμενοι
1562 2450 1866 2523 ὑπόμνησιν

300 2563 462 2601 τινων
506 2546 748 2617 ποιῆσαι,
790 2542 1022 2614 δεόμεθα
1061 2541 1254 2613 χρόνου
1299 2540 1553 2614 διαρκοῦς
1583 2542 1720 2614 πρὸς
1769 2541 1869 2613 τὴν

297 2636 527 2703 διέξοδον
555 2636 664 2690 τῶν
700 2635 790 2705 ὑφ’
824 2633 979 2706 ἡμῶν
1007 2632 1338 2703 λεγομένων,
1369 2632 1466 2686 καὶ
1493 2632 1764 2704 φερόντων
1788 2633 1870 2696 εις

299 2729 607 2800 ἀνάμνησιν
644 2721 719 2781 ὧν
763 2725 1063 2796 βουλόμεθα
1090 2725 1424 2795 ἀναμνῆσαι,
1455 2722 1629 2788 οὑτως
1658 2725 1688 2778 ὁ
1733 2722 1869 2788 Θεδς

303 2818 585 2889 βουληθεὶς
607 2819 752 2887 ἡμᾶς
778 2817 1086 2888 ὑπομνῆσαι
1108 2815 1218 2869 τῶν
1244 2817 1303 2870 ἐν
1328 2814 1409 2886 τῷ
1439 2815 1539 2887 βίῳ
1563 2814 1734 2885 τούτῳ
1767 2832 1868 2869 πε-

301 2909 652 2980 πραγμένων,
699 2908 805 2971 ἵνα,
862 2905 1310 2977 συναισθηθέντες
1354 2902 1429 2960 ὦν
1470 2907 1866 2978 πεποιήκαμεν,

300 2999 695 3071 καταλάϐωμεν
722 2999 790 3052 δι’
812 2998 849 3053 ἃ
875 2997 1211 3068 κολαζόμεθα
1234 2997 1266 3067 ἢ
1299 2997 1607 3069 τιμώμεθα,
1645 3001 1867 3069 ποιήσαι

298 3088 386 3143 ἄν.
421 3089 484 3141 Et
506 3089 564 3143 δέ
596 3105 681 3152 τις
710 3086 788 3159 τῷ
818 3089 971 3158 τάχει
1004 3088 1102 3157 τῆς
1138 3086 1232 3141 τοῦ
1260 3087 1397 3141 Θεοῦ
1425 3087 1552 3159 περὶ
1576 3086 1746 3141 ταῦτα
1772 3089 1867 3142 δυ-

297 3179 515 3250 νάμεως
547 3181 783 3243 ἀπιστεῖ,
805 3173 959 3242 οὗτος
980 3178 1190 3231 οὐδέπω
1207 3177 1427 3249 νενόηκε
1452 3178 1543 3231 τὸν
1569 3178 1867 3250 ποιήσαντα
1891 3206 1934 3265 C

297 3270 366 3324 τὰ
394 3269 491 3324 ὅλα
522 3269 675 3334 θεὸν,
704 3270 763 3323 οὑ
791 3268 1049 3339 δεηθέντα
1079 3268 1286 3338 χρόνων
1312 3270 1393 3331 είς
1423 3267 1484 3321 τὸ
1513 3268 1737 3339 ποιῆσαι
1763 3285 1864 3340 τη-

295 3359 557 3432 λικαύτην
588 3358 817 3431 οὐρανοῦ
844 3359 936 3413 καὶ
960 3359 1063 3430 γῆς
1093 3357 1186 3411 καὶ
1215 3357 1324 3412 τῶν
1348 3358 1407 3411 ὲν
1443 3358 1628 3423 αὐτοῖς
1660 3359 1860 3414 κτίσιν*

298 3451 398 3504 κᾶν
423 3455 531 3522 γὰρ
553 3451 681 3522 δοκῇ
713 3452 773 3504 ὲν
792 3448 857 3515 ἓξ
888 3450 1117 3522 ἡμέραις
1135 3448 1310 3503 ταῦτα
1342 3448 1716 3519 πεποιηκέναι,
1743 3466 1868 3503 συν-

298 3544 464 3607 έσεως
495 3543 652 3615 χρεία
698 3541 833 3614 πρὸς
863 3542 925 3595 τὸ
960 3542 1148 3612 νοῆσαι
1194 3539 1312 3603 πῶς
1340 3538 1557 3608 λέγεται
1586 3538 1669 3604 τὸ,
1701 3540 1773 3593 ἐν
1797 3539 1867 3605 ἐξ

299 3638 564 3707 ἡμέραις,
591 3636 678 3690 διὰ
715 3635 898 3689 τοῦτο·
933 3655 950 3687 ι
979 3636 1126 3708 Δὺτη
1151 3636 1185 3706 ή
1207 3634 1386 3706 βίϐλος
1405 3633 1670 3702 γενέσεως
1699 3635 1864 3706 οὐρα-

297 3727 389 3782 νοῦ
419 3728 513 3782 καὶ
533 3728 656 3798 γῆς,
692 3746 710 3778 ι
745 3727 835 3780 καὶ
864 3725 931 3780 τὰ
966 3725 1113 3798 ἑξῆς.
1132 3724 1436 3796 Τολμητέον
1465 3719 1580 3788 οὖν,
1641 3725 1736 3779 καὶ
1776 3725 1863 3779 λε-

299 3820 476 3885 κτέον,
510 3820 640 3874 ὅτιὸ
668 3819 769 3890 τῆς
800 3815 1255 3891 προσδοκωμένης
1299 3816 1534 3888 κρίσεως
1571 3817 1763 3888 καιρὸς
1798 3817 1862 3870 οὑ

295 3911 468 3967 δεῖται
498 3911 723 3983 χρόνων,
748 3909 863 3965 ἀλλ’
887 3910 962 3975 ὡς
997 3909 1032 3980 ἡ
1060 3907 1352 3971 ἀνάστασις
1382 3906 1599 3977 λέγεται
1618 3906 1865 3976 γίνεσθαι

302 4022 323 4056 ι
365 4006 422 4058 ἐν
445 4003 651 4073 ἀτόμῳ,
686 4002 744 4054 ὲν
775 4003 906 4073 ῥιπῇ
934 3999 1247 4072 ὀφθαλμῶν,
1282 4019 1301 4053 ι
1338 3998 1530 4064 οὑτως,
1563 3994 1737 4071 οἶμαι,
1772 4000 1866 4054 καὶ

298 4097 333 4166 ή
366 4095 567 4166 κρίσις.

1976 642 2263 703 postquam
2292 646 2511 703 operam
2540 630 2767 696 dederit,
2798 637 2857 684 ιιι
2894 628 2964 683 ab
3013 643 3080 683 eo
3128 629 3409 694 liberetur,
3442 644 3543 687 nec

1975 723 2272 793 quidquam
2325 723 2422 778 ulli
2471 722 2682 788 debeat,
2713 721 2936 793 jamque
2986 720 3188 774 minam
3235 721 3543 791 dccuplica-

1977 814 2149 879 verit,
2202 815 2288 869 vel
2344 812 2867 885 quincuplicaverit,
2921 811 3006 867 vel
3052 811 3293 882 quinque
3344 813 3540 869 talenta

1976 905 2354 977 duplicaverit,
2393 908 2476 962 vel
2506 922 2537 963 e
2567 907 2783 963 duobus
2809 915 3044 977 quatuor
3071 906 3338 974 effecerit,
3378 910 3541 963 meri-

1977 1005 2085 1051 tam
2118 998 2421 1053 mercedem
2448 998 2695 1068 recipiat,
2734 998 2943 1054 intrans
2970 998 3024 1053 in
3054 998 3309 1068 gaudium
3333 1000 3538 1055 domini

1976 1086 2059 1141 sui
2080 1088 2146 1149 ”,
2175 1086 2259 1143 vel
2285 1102 2450 1158 super
2478 1088 2734 1143 omnibus
2773 1087 2931 1145 bonis
2962 1089 3085 1159 ejus
3110 1090 3449 1146 constitutus
3470 1090 3537 1158 “,

1974 1180 2056 1234 vel
2087 1179 2218 1235 illud
2243 1180 2511 1237 audiens:
2550 1197 2569 1231 ι
2596 1177 2727 1234 Esto
2752 1189 3075 1250 potestatem
3128 1180 3335 1237 habens
3377 1197 3540 1253 super

1974 1271 2162 1327 decem
2209 1272 2493 1339 civitates;
2527 1290 2547 1325 ι
2576 1272 2662 1327 vel
2690 1290 2704 1327 :
2738 1290 2756 1324 ι
2787 1270 2916 1327 Esto
2950 1281 3275 1342 potestatem
3332 1272 3539 1326 habens

1973 1376 2136 1428 super
2165 1362 2405 1433 quinque
2443 1363 2688 1418 civitates
2709 1364 2775 1417 “.
2811 1381 2829 1414 ι
2876 1360 3001 1418 llaec
3045 1371 3224 1417 autem
3272 1362 3347 1417 ita
3393 1358 3564 1417 dicta‘

1972 1452 2323 1520 arbitramur,
2349 1453 2505 1524 quasi
2558 1454 2790 1507 multum
2841 1453 3114 1523 postulent
3167 1452 3446 1524 temporis,
3478 1463 3538 1508 ut

1973 1544 2138 1600 totius
2161 1546 2286 1602 vitae
2314 1546 2405 1601 hic
2432 1553 2693 1601 anteacta:
2727 1545 2988 1615 temporis
3022 1546 3287 1601 rationem
3322 1546 3537 1602 redda-

1970 1651 2115 1703 mus,
2149 1638 2283 1693 adeo
2304 1646 2365 1693 ut
2391 1653 2517 1709 rege
2542 1638 2809 1693 rationem
2842 1637 2909 1691 ab
2942 1652 3272 1708 unoquoque
3305 1646 3392 1711 tot)
3420 1652 3534 1692 scr-

1970 1744 2159 1785 vorum
2203 1738 2497 1800 repetente,
2542 1745 2631 1786 res
2675 1740 2883 1787 tantum
2924 1730 3235 1786 desiderare
3275 1729 3533 1799 temporis

1968 1820 2363 1885 existimemus,
2393 1820 2569 1877 donec
2594 1838 2716 1892 quae
2744 1838 2773 1878 a
2805 1821 2991 1877 mundi
3038 1828 3230 1876 exortu
3285 1820 3351 1874 ad
3397 1834 3533 1875 con-

1969 1912 2387 1967 summationem
2427 1927 2533 1967 non
2587 1914 2752 1969 unius
2800 1912 3007 1978 saeculi,
3035 1913 3127 1967 sed
3173 1911 3531 1982 plurimorum

1969 2010 2117 2074 gesta
2153 2010 2303 2070 sunt,
2344 2002 2410 2056 ad
2457 2002 2619 2058 finem
2670 2003 3057 2074 perducantur.
3097 2003 3166 2058 At
3219 2017 3309 2058 res
3358 2002 3431 2057 ita
3475 2016 3535 2057 se

1968 2107 2078 2147 non
2107 2093 2267 2147 habet
2303 2110 2319 2160 ;
2355 2092 2544 2148 volens
2593 2092 2739 2148 enim
2783 2090 2926 2149 Deus
2969 2105 3309 2162 (lumcunque
3365 2092 3535 2146 totius

1970 2182 2228 2253 temporis
2254 2182 2484 2237 decursu
2510 2192 2628 2237 acta
2663 2191 2812 2249 sunt,
2849 2182 2902 2237 in
2934 2181 3178 2237 omnium
3210 2181 3531 2238 memoriam

1967 2271 2255 2326 confestim
2282 2284 2559 2334 revocare,
2589 2283 2650 2326 ut
2676 2286 2859 2326 rerum
2895 2286 2925 2325 a
2970 2286 3030 2327 se
3077 2271 3214 2327 bene
3264 2271 3347 2326 vel
3392 2272 3535 2327 male

1967 2371 2241 2432 gestarum
2272 2361 2650 2433 unusquisque
2682 2363 2938 2419 conscius
2965 2363 3056 2430 sit,
3087 2364 3140 2418 id
3170 2364 3368 2419 virtute
3395 2362 3535 2417 incf-

1967 2451 2119 2507 fabili
2150 2452 2364 2509 efﬁciet.
2410 2451 2522 2508 Nec
2564 2452 2732 2519 enim,
2757 2453 3218 2524 quemadmodum
3258 2454 3305 2510 si
3345 2470 3531 2509 rerum

1967 2547 2273 2616 aliquarum
2302 2548 2627 2602 memoriam
2652 2546 2810 2603 nobis
2837 2545 2922 2602 ref
2924 2546 3094 2602 ricare
3116 2546 3392 2612 volumus,
3417 2545 3534 2601 suf-

1967 2634 2155 2692 ficiens
2184 2636 2559 2694 desideramus
2585 2648 2815 2709 tempus,
2846 2651 2956 2708 quo
2989 2651 3112 2708 qua:
3135 2651 3167 2691 a
3195 2636 3355 2693 nobis
3388 2635 3533 2691 dicta

1968 2736 2116 2793 sunt,
2145 2736 2201 2783 et
2227 2729 2293 2784 ad
2339 2745 2529 2785 eorum
2580 2729 3011 2787 recordationem
3062 2744 3295 2799 quorum
3340 2729 3534 2783 memi-

1967 2821 2117 2875 nisse
2161 2822 2410 2878 volumus
2457 2838 2556 2879 nos
2610 2824 2910 2889 de-lucunt,
2945 2837 3352 2892 percurramus,
3389 2820 3529 2876 idem

1967 2906 2099 2965 facit
2129 2908 2271 2967 Deus
2301 2928 2425 2968 cum
2454 2914 2611 2969 nobis
2639 2914 2692 2969 in
2729 2913 3045 2969 memoriam
3081 2913 3246 2985 627
3278 2926 3533 2968 revocare

1966 3001 2081 3055 vult
2127 3017 2251 3072 qua;
2295 3002 2350 3057 in
2397 3004 2499 3059 hac
2543 3005 2651 3060 vita
2688 3007 2981 3076 gessimus,
3012 3014 3074 3059 ut
3110 3019 3297 3060 eorum
3342 3017 3464 3074 qua’
3499 3019 3530 3056 tl

1967 3088 2125 3144 nobis
2157 3099 2275 3145 acta
2305 3100 2434 3146 stunt
2459 3093 2687 3161 conscii,
2720 3108 2819 3148 cur
2841 3107 3024 3164 poena,
3050 3093 3136 3148 vel
3164 3092 3372 3147 honore
3415 3089 3533 3145 afll-

1966 3178 2144 3233 cimur
2175 3191 2513 3251 perspectum
2543 3182 2858 3239 habeamus.
2894 3182 3052 3250 Quod
3095 3183 3143 3239 si
3178 3183 3303 3254 quis
3335 3181 3536 3237 divinae

1966 3268 2185 3323 virtutis
2213 3268 2266 3323 in
2291 3269 2359 3324 iis
2381 3271 2604 3343 agendis
2648 3272 2906 3327 celeritati
2942 3273 3103 3328 fidem
3135 3288 3244 3328 non
3272 3271 3455 3336 habet,
3484 3270 3535 3327 is

1966 3356 2134 3413 Deum
2168 3375 2199 3414 a
2228 3375 2338 3430 quo
2372 3363 2557 3417 omnia
2599 3364 2815 3419 condita
2860 3373 3010 3430 sunt,
3056 3365 3297 3421 nondum
3345 3363 3535 3420 animo

1964 3453 2397 3523 comprehendit,
2432 3454 2520 3510 cui
2556 3464 2796 3525 tempore
2825 3471 2964 3526 opus
2994 3471 3101 3512 non
3142 3455 3268 3521 fuit,
3310 3464 3371 3512 ut
3410 3465 3533 3511 tan-

1965 3552 2075 3597 tam
2101 3542 2227 3596 caeli
2255 3552 2309 3598 et
2342 3553 2501 3600 terra:
2533 3546 2731 3600 molem
2781 3544 3113 3614 fabricaret;
3146 3561 3273 3601 nam
3317 3546 3533 3603 etiamsi

1969 3634 2113 3691 intra
2144 3650 2235 3691 sex
2266 3635 2383 3690 dies
2418 3636 2532 3690 base
2554 3650 2770 3691 creasse
2803 3636 3068 3700 videatur,
3098 3636 3371 3692 intellectu
3396 3652 3535 3707 opus

1967 3735 2073 3793 est,
2103 3737 2164 3781 ut
2191 3740 2386 3795 capere
2413 3725 2707 3795 possimus,
2740 3740 2979 3797 quonam
3025 3741 3187 3783 sensu
3230 3727 3282 3781 id
3326 3726 3532 3783 dictum

1967 3825 2070 3882 est,
2100 3816 2244 3870 intra
2279 3831 2372 3872 sea:
2400 3817 2555 3879 dies;
2589 3826 2808 3887 propter
2834 3817 2965 3873 illud
2993 3836 3006 3874 :
3040 3837 3059 3869 ι
3090 3816 3190 3874 Hic
3210 3818 3346 3874 liber
3372 3833 3537 3890 gene—

1969 3906 2198 3963 rationis
2218 3907 2340 3963 εωιί
2361 3916 2417 3963 ει
2439 3919 2595 3963 terra;
2611 3910 2679 3972 ³³,
2706 3927 2724 3959 ι
2755 3916 2808 3964 ει
2827 3924 2951 3979 qua;
2971 3917 3292 3979 sequuntur.
3315 3910 3485 3964 Aude:
3505 3936 3536 3954 ο

1971 4000 2100 4055 dum
2131 4009 2216 4057 est
2240 4000 2405 4072 igitur
2441 4010 2496 4056 et
2531 4001 2820 4057 dicendum
2872 4001 3040 4057 futuri
3081 4001 3276 4073 judicii
3318 4009 3533 4071 tempus

1972 4092 2206 4162 spatium
2260 4109 2367 4147 non
2416 4092 2874 4160 desideraturum,
2930 4093 3027 4149 sed
3074 4092 3527 4164 quemadmodum

298 4188 625 4243 resurrectio
681 4206 699 4237 ι
744 4185 798 4240 in
847 4193 1048 4255 puncto
1102 4185 1398 4255 temporis,
1451 4184 1505 4240 in
1569 4185 1852 4241 oculorum
1892 4185 2188 4243 nictatione
2206 4186 2254 4219 “
2283 4206 2302 4241 ι
2343 4186 2521 4243 futura
2571 4186 2788 4253 dicitur,
2829 4189 2935 4245 tale
2977 4188 3220 4245 futurum
3265 4187 3532 4260 judicium

296 4281 569 4338 existimo.

370 4372 523 4429 Μετὰ
551 4372 722 4427 ταῦτα
751 4369 966 4425 λεκτέον
999 4370 1078 4434 είς
1119 4368 1202 4423 τό·
1238 4388 1257 4421 ι
1309 4369 1637 4442 Ἀρξαμένου
1679 4370 1737 4425 δὲ
1770 4370 1866 4425 αὑ-

2043 4367 2130 4423 ιο.
2167 4366 2370 4423 Deinde
2394 4380 2521 4420 vero
2553 4381 2714 4435 super
2740 4364 2824 4420 his
2846 4365 3220 4421 disserendum
3248 4376 3329 4422 est
3366 4381 3380 4395 ‘
3419 4384 3436 4417 ι
3466 4364 3540 4422 Et

1494 4505 1723 4563 VETUS
1759 4503 2335 4562 INTERPRETATIO.

300 4628 589 4692 rationem,
618 4641 687 4683 ne
721 4622 855 4679 forte
880 4638 971 4695 res
998 4623 1111 4694 ipsa
1139 4622 1507 4695 necessarium
1538 4623 1734 4678 habeat
1764 4623 1984 4695 longum
2016 4636 2251 4695 tempus,
2287 4622 2643 4695 quoadusque
2675 4622 2739 4676 ad
2766 4622 2925 4677 finem
2964 4624 3280 4695 perveniant
3321 4623 3526 4691 omnia,

298 4714 421 4769 qua:
446 4696 699 4769 ab‘initio
713 4694 913 4769 _mt_tndi
943 4692 1115 4769 usque
1141 4694 1764 4769 ad_¢_:o_nsumm_atiopem
1798 4692 1981 4769 saeculi
2015 4692 2336 4769 non’unius,
2367 4692 2458 4746 sed
2495 4692 2790 4746 multorum
2820 4693 3145 4769 saeculorum
3205 4700 3332 4769 sunt
3376 4707 3526 4761 gesta

300 4761 371 4823 ab
399 4764 672 4820 omnibus.
710 4762 816 4818 Sed
842 4778 948 4817 non
978 4761 1061 4819 est
1094 4764 1187 4818 ita.
1218 4762 1416 4818 Volens
1445 4764 1590 4817 enim
1624 4761 1768 4818 Deus
1797 4763 2060 4818 ventilare
2085 4762 2330 4815 omnium
2365 4770 2594 4824 mentes,
2628 4768 2688 4814 ut
2727 4763 3106 4831 unusquisque
3154 4762 3355 4816 sentiat
3397 4777 3526 4830 pro-

301 4838 451 4908 prius
473 4834 830 4908 actus_ho_n_os
856 4833 940 4887 vel
968 4834 1159 4908 malos,
1191 4833 1302 4908 cito
1342 4833 1525 4908 omnia
1562 4832 1632 4908 ab
1680 4833 1933 4908 omnibus
1973 4831 2119 4908 omni
2166 4840 2408 4908 tempore
2438 4830 2861 4908 gesta_singuli_s_
2898 4830 3237 4908 ιιιιίικιειιιιε⁸
3266 4831 3428 4908 faciet
3474 4833 3525 4887 in

300 4898 483 4962 incute
515 4901 861 4958 incffabiliter
887 4903 1120 4971 quadam
1152 4903 1370 4957 virtute.
1404 4899 1514 4956 Nec
1540 4901 1685 4956 enim
1716 4902 1859 4957 sicut
1891 4916 1990 4956 nos
2022 4902 2259 4971 volentes
2280 4898 2342 4954 in
2379 4909 2565 4971 mente
2592 4898 2769 4971 facere
2791 4900 2952 4952 alicui
2974 4898 3190 4971 coquat
3215 4900 3360 4971 fecit,
3386 4915 3524 4970 npus

299 4977 565 5031 habemus
593 4983 833 5041 tempore
854 4967 1137 5027 sutlicienti
1159 4972 1223 5025 ad
1244 4972 1767 5041 consummationem
1795 4986 1983 5041 eorum
2007 4986 2129 5038 ιιιιεε
2146 4970 2399 5023 dicuntur
2419 4983 2449 5022 a
2481 4968 2656 5041 nobis,
2677 4976 2730 5021 et
2755 4967 2812 5041 in
2834 4967 3150 5041 Ineuwriam
3177 4967 3522 5041 rediguntur:

301 5047 382 5100 sic
407 5052 461 5098 et
495 5042 636 5098 Deus
666 5038 805 5110 opus
839 5042 1000 5095 habet
1029 5051 1241 5108 tempus
1265 5041 1452 5095 volens
1477 5040 1634 5095 nobis
1663 5040 1717 5094 in
1744 5049 1924 5095 mente
1953 5039 2131 5110 facere
2156 5041 2342 5092 omnia
2368 5053 2489 5110 qua:
2510 5038 2854 5110 gessimusjn
2884 5040 3013 5110 vita,
3045 5049 3105 5093 ut
3133 5038 3525 5108 cognoscentes

303 5116 554 5167 universa
579 5106 979 5181 qme'ferimus,
1016 5106 1379 5181 intelligamus
1409 5118 1628 5179 propter
1659 5124 1781 5181 qua:
1815 5119 1908 5163 aut
1939 5108 2215 5181 punimur,
2247 5117 2339 5162 aut
2380 5106 2732 5181 honoramur.
2776 5106 2830 5181 δε
2850 5109 3003 5181 ῌιιιιίε
3046 5106 3227 5181 autem
3258 5110 3521 5181 celeritati
3550 5126 3551 5129 ‘

300 5183 499 5237 divinat
532 5176 749 5235 virtutis
778 5181 921 5234 circa
955 5180 1070 5232 haec
1100 5176 1282 5232 omnia
1316 5176 1745 5248 con—summanda
1784 5194 1890 5231 non
1929 5176 2121 5240 credit,
2154 5177 2241 5231 hic
2276 5178 2516 5231 nondum
2554 5176 2817 5248 intellexit
2850 5176 3012 5231 Deum
3043 5179 3136 5248 qui
3158 5180 3342 5232 omnia
3370 5178 3517 5239 fecit.

300 5260 356 5306 et
385 5267 489 5305 non
524 5250 751 5319 indiguit
786 5248 963 5319 spatio
993 5248 1250 5319 temporis
1279 5247 1511 5319 alicujus
1541 5248 1609 5319 ad
1634 5247 1937 5319 faciendam
1982 5249 2126 5309 cmli,
2168 5255 2509 5319 et_terr:r,_et
2534 5246 2944 5319 _omnium__qim:
2982 5246 3146 5319 inreis
3179 5258 3325 5313 sunt,
3371 5261 3521 5319 ιρι-εει

301 5330 501 5374 turam.
528 5314 668 5375 Nam
694 5319 799 5374 etsi
818 5314 1042 5373 'videtur
1072 5314 1124 5370 in
1149 5332 1242 5372 sex
1271 5314 1464 5371 diebus
1488 5316 1682 5371 fecisse
1703 5318 1885 5371 omnia
1911 5316 2071 5382 Deus,
2102 5316 2337 5369 maxime
2361 5317 2487 5385 quia
2515 5315 2646 5368 dicit
2669 5332 2691 5386 :7
2719 5333 2739 5367 ι
2770 5314 2870 5370 llic
2896 5326 2978 5370 est
3001 5317 3134 5370 liber
3156 5315 3520 5386 generationis

303 5390 424 5443 εωιί
452 5399 506 5443 ει
534 5398 711 5454 terrae,
738 5403 845 5457 qua
873 5389 961 5442 die
995 5386 1135 5457 facta
1163 5395 1291 5457 sunt
1316 5387 1513 5441 cmlum
1540 5394 1595 5440 et
1623 5396 1764 5457 terra
1795 5401 1810 5450 ;
1841 5404 1860 5436 ι
1890 5386 2204 5457 audendum
2238 5395 2322 5439 est
2353 5393 2612 5457 tamenet
2644 5385 2970 5457 dicendum,
3009 5385 3266 5455 quoniam
3308 5395 3520 5455 tempus

305 5457 469 5511 futuri
500 5453 703 5525 judicii
725 5453 831 5511 non
862 5471 1000 5526 Opus
1032 5456 1251 5526 habebit
1283 5457 1463 5525 spatio
1495 5454 1774 5525 temporis,
1808 5456 1901 5510 sed
1932 5456 2073 5511 sicut
2123 5455 2451 5509 resurrectio
2511 5453 2713 5508 dicitur
2761 5454 2942 5508 futura
2981 5474 2999 5505 ‹
3028 5453 3094 5508 ἰιι
3133 5453 3435 5520 momento;
3464 5456 3516 5509 iu

307 5526 609 5596 ictuioculi,
640 5547 658 5579 ι
693 5528 774 5580 sic
804 5525 931 5596 puto
958 5536 1013 5580 et
1036 5525 1302 5593 judicium
1331 5526 1466 5578 fore.

374 5595 462 5650 l0.
505 5594 565 5647 Ρι
588 5587 637 5651 st
665 5597 777 5651 lure
804 5587 1085 5651 't'idcamus
1113 5596 1241 5663 quid
1271 5603 1355 5649 cst
1386 5592 1527 5663 quod
1554 5594 1631 5648 ait
1665 5611 1680 5648 :
1714 5611 1733 5645 ι
1773 5590 2065 5663 Incipiente
2102 5607 2168 5646 eo
2215 5605 2418 5660 ponere
2471 5591 2734 5646 rationem
2760 5632 2776 5658 ,
2819 5592 3033 5646 oblatus
3079 5597 3164 5645 est
3210 5589 3258 5643 ei
3313 5587 3522 5645 debitor

371 5729 411 5760 "
438 5725 572 5781 Luc.
600 5739 696 5789 xu,
730 5725 818 5790 58,
843 5725 929 5780 59.

315 5786 325 5793 .
371 5729 411 5760 "
438 5725 572 5781 Luc.
600 5739 696 5789 xu,
730 5725 818 5790 58,
843 5725 929 5780 59.
1033 5724 1078 5757 '°
1107 5724 1294 5780 Matth.
1345 5738 1471 5790 xxv,
1505 5723 1594 5778 21.

300 5802 352 5833 ⁸⁸
376 5797 398 5853 ι
423 5796 550 5853 Cur.
585 5793 681 5861 x'v,
703 5794 794 5851 5‘2.

1692 5724 1733 5757 "
1761 5721 1948 5780 Matth.
1997 5737 2143 5789 χχιιι,
2178 5722 2267 5777 47.
2360 5723 2405 5753 ’³
2434 5721 2565 5777 Luc.
2632 5739 2741 5787 XIX,
2783 5723 2865 5790 l7,
2934 5725 3016 5780 l9.

3117 5724 3162 5757 ’³
3192 5722 3327 5780 Gen.
3383 5736 3447 5793 tt,
3473 5730 3525 5787 .5.
