4028 6296
341 398 479 456 εεσυ

1281 390 1638 448 (ΣΟΜΜΕΝΤ.
1678 390 1744 447 IN
1786 390 2201 448 MA'lTlM-ZUM
2243 390 2482 448 TOMUS
2523 386 2659 445 XIV.

3471 381 3619 440 12ΐο

334 517 549 582 λάντοις
562 514 763 590 χρυσοῦ
778 514 1035 581 τοσοῖσδε,
1054 513 1149 572 καλ⁸
1166 513 1409 587 ἀργύρου
1431 515 1690 579 τοσοῖσδε,
1709 514 1805 569 καὶ
1824 515 1922 586 τῆς

2028 516 2289 569 talentum
2342 512 2627 584 pendens,
2678 509 2760 565 Vel
2809 507 3060 579 argenti,
3111 506 3194 561 vel
3238 504 3623 576 cujuscunque

334 610 529 680 λοιπῆς
550 606 954 681 ὀνομαζομένης
973 609 1090 662 ὲκεῖ
1116 606 1270 679 ὖλης,
1286 606 1347 673 ἐξ
1360 600 1429 678 ἦς
1449 607 1881 664 κατεσκεύασται
1897 607 1927 660 6

332 699 428 754 τοῦ
454 698 589 753 Θεοῦ
616 696 770 761 νεώς.

2030 608 2247 663 tandem
2292 606 2535 660 materia:
2566 614 2748 659 mente
2775 608 3051 671 concepta:
3078 598 3156 665 ³⁹;
3197 612 3430 669 quorum
3465 595 3618 655 sitni-

2021 699 2281 755 litudines
2328 698 2381 752 in
2425 695 2604 753 Verbis
2656 696 2865 750 dierum
2906 691 3232 761 conscripta:
3269 698 3437 756 sunt,
3483 702 3610 744 eum

334 790 523 848 multis
569 787 787 845 talentis
834 785 1043 843 ditatus
1094 786 1291 843 fuisset
1335 785 1503 842 David
1548 787 1592 820 “
1619 828 1635 853 ,
1684 802 1919 858 quorum
1972 791 2137 845 etiam
2185 804 2449 846 numerus
2491 801 2785 859 expressus
2831 794 2943 851 est,
2993 790 3069 839 tot
3132 781 3351 838 talentis
3406 780 3612 848 aureis,

334 893 412 942 tot
438 881 732 954 argenteis,
761 889 815 936 et
839 878 1050 951 reliqua
1077 878 1307 936 materia
1327 895 1451 951 quae
1471 879 1546 935 ibi
1580 891 1916 949 recensetur,
1955 897 1987 939 e
2017 899 2125 955 qua
2160 883 2423 954 templum
2459 881 2553 936 Dei
2580 889 2954 937 constructum
2983 886 3087 933 est.

403 975 553 1048 Πλὴν
587 974 664 1048 μή
705 974 846 1047 ἔχων
876 972 1171 1030 ἀποδοῦναι
1205 972 1276 1028 τὰ
1300 972 1560 1039 τάλαντα,
1594 973 1929 1029 ἀπολωλέκει

2109 978 2196 1032 Η.
2239 976 2441 1032 Verum
2486 989 2611 1031 cum
2645 973 2693 1028 ei
2724 988 2831 1027 non
2863 972 2954 1036 sit,
3000 970 3145 1026 unde
3174 969 3373 1025 talenta
3414 967 3616 1024 rescric

333 1066 446 1141 γὰρ
471 1066 665 1134 ταῦτα,
711 1066 824 1138 ἔχει
861 1068 1097 1137 γυναῖκα
1131 1066 1229 1120 καί⁹
1270 1066 1459 1133 τέκνα,
1501 1067 1597 1121 καί⁵
1627 1066 1763 1123 ἄλλα
1800 1067 1922 1140 περὶ

2034 1070 2147 1135 bat,
2191 1084 2252 1125 ea
2285 1069 2431 1123 enim
2481 1065 2774 1132 amiserat,
2812 1078 3038 1119 uxorem
3090 1070 3269 1128 certe,
3303 1060 3614 1129 liberosque

336 1153 413 1215 ὧν
438 1161 766 1232 γέγραπταιο
809 1178 829 1211 ‹
868 1160 1054 1215 Πάντα
1080 1160 1180 1214 ὅσα
1207 1160 1341 1233 ἔχει·
1384 1179 1404 1213 ι
1449 1160 1545 1215 καὶ
1580 1155 1648 1232 ἦν
1679 1160 1925 1224 δυνατὸν,

336 1251 781 1323 πιπρασκόμενον
802 1250 963 1304 αὐτὸν
995 1253 1134 1322 μετὰ
1159 1252 1270 1307 τῶν
1300 1251 1467 1317 ἰδίων,
1491 1252 1799 1326 εὐπορῆσαι
1831 1252 1926 1307 τοῦ

2035 1161 2198 1216 habet
2224 1200 2238 1225 ,
2294 1161 2510 1230 aliaque
2540 1160 2607 1214 de
2654 1156 2852 1228 quibus
2896 1153 3158 1224 scriptum
3191 1160 3317 1207 cst:
3362 1170 3382 1204 ι
3417 1148 3613 1206 Omnia

2032 1270 2157 1325 qua:
2184 1253 2346 1308 habet
2370 1252 2437 1319 ³¹;
2478 1270 2496 1302 ι
2529 1266 2594 1306 ac
2615 1248 2728 1304 ﬁeri
2771 1253 2985 1317 poterat
3011 1253 3068 1299 ut
3094 1259 3161 1300 eo
3189 1259 3313 1299 cum
3355 1243 3469 1299 suis
3494 1258 3605 1297 om-

336 1339 689 1412 ὠνησαμένου
723 1341 906 1405 αἰτὸν,
938 1342 1034 1396 καὶ
1070 1340 1461 1414 πληρώσαντος
1500 1342 1589 1397 διὰ
1630 1343 1733 1414 τῆς
1762 1338 1922 1415 τιμῆς

2026 1341 2191 1397 nibus
2214 1339 2562 1405 venundato,
2607 1345 2906 1406 emptorem
2941 1334 3379 1401 nancisceretur,
3414 1334 3615 1404 quippe

335 1432 501 1487 αὐτοῦ
536 1432 631 1487 καὶ
662 1433 771 1487 τῶν
798 1432 964 1487 αὐτοῦ
998 1435 1108 1488 πᾶν
1140 1434 1205 1487 τὸ
1236 1434 1482 1507 ὄφλημα⁸
1511 1435 1607 1490 xui.
1637 1429 1749 1490 οἷόν
1769 1453 1830 1489 τε
1861 1430 1922 1507 ἦν

2027 1441 2082 1488 et
2103 1432 2210 1499 sui,
2258 1446 2554 1503 rerumque
2586 1431 2653 1486 ad
2698 1445 2758 1485 se
2804 1428 3192 1499 pertinentium
3227 1427 3404 1499 pretio
3443 1426 3611 1482 debiti

335 1525 499 1579 αὑτὸν
530 1524 727 1596 μηκέτι
755 1525 859 1596 μὶν
875 1521 1014 1579 εἶναι
1039 1524 1224 1580 δοῦλον
1238 1525 1332 1580 τοῦ
1366 1525 1647 1598 βασιλέως,
1679 1526 1922 1596 γενέσθαι

2029 1539 2303 1579 summam
2338 1524 2610 1593 expleret;
2657 1532 2713 1578 et
2755 1523 2873 1579 ﬁeri
2923 1529 3168 1593 poterat,
3203 1530 3264 1576 ut
3306 1534 3415 1575 non
3467 1519 3613 1589 regis

335 1615 393 1670 δὲ
424 1613 520 1669 τοῦ
553 1614 932 1687 ὠνησαμένου’
960 1616 1055 1669 καὶ
1077 1615 1451 1682 ὲπιδικάζεταί
1481 1632 1544 1686 γε
1577 1616 1671 1671 τοῦ
1699 1617 1774 1688 μὴ
1800 1633 1936 1689 πρα-

2031 1614 2300 1684 amplius,
2350 1616 2442 1669 sed
2489 1613 2754 1683 emptoris
2804 1613 2887 1667 sui
2935 1626 3131 1667 servus
3154 1619 3327 1679 esset;
3370 1620 3531 1680 atque
3560 1609 3611 1664 id

335 1706 449 1771 θεὶς
479 1707 597 1778 ἅμα
627 1709 741 1771 τοῖς
775 1706 925 1771 ἰδίοις
948 1707 1131 1779 μένειν
1157 1707 1215 1760 ὲν
1247 1709 1314 1779 τῇ
1337 1706 1434 1760 τοῦ
1470 1706 1735 1779 βασιλέως
1753 1707 1922 1780 οἰκίαο

2027 1705 2317 1775 impetrat,
2362 1717 2424 1761 ut
2466 1722 2590 1762 cum
2639 1706 2756 1761 suis
2783 1704 3038 1760 omnibus
3074 1718 3184 1758 non
3218 1702 3526 1758 divenditus
3558 1699 3616 1753 in

331 1798 414 1855 διὸ
446 1816 465 1849 ι
503 1793 684 1851 πεσιῖιν
730 1800 1028 1869 προσκυνεῖ
1077 1796 1247 1869 αὐτῷ,
1321 1818 1340 1850 ι
1397 1797 1531 1852 Θεὸν
1566 1797 1922 1863 ἐπιστάμενος

2029 1797 2173 1868 regis
2195 1796 2360 1851 domo
2384 1799 2608 1865 haereat,
2652 1806 2938 1868 propterea
2971 1814 2991 1848 ι
3029 1794 3318 1867 procidens
3352 1792 3614 1847 adorabat

333 1888 428 1942 τδν
465 1887 711 1960 βασιλέα,
766 1889 860 1942 καὶ
888 1889 1059 1958 λέγει·
1096 1907 1115 1940 t
1153 1889 1601 1963 Μακροθύμησον
1637 1890 1726 1943 ἐπ’
1775 1890 1923 1962 ἐμοὶ,

335 1982 428 2038 καὶ
454 1974 627 2035 πάντα
657 1979 928 2034 ἀποδώσω
952 1997 1055 2033 σοι·
1087 2002 1106 2034 ι
1146 1978 1216 2053 ἦν
1242 1982 1371 2055 γὰρ,
1389 1984 1466 2047 ὡς
1498 1984 1664 2047 εἰκος,
1698 1982 1929 2054 δραστή-

332 2090 473 2146 ριος,
505 2071 670 2145 δρῶν,
710 2073 794 2126 ὃτι
837 2072 1058 2128 δύναται
1098 2075 1164 2127 ἐκ
1195 2075 1466 2148 δευτέρων
1504 2075 1759 2147 πράξεων
1788 2076 1924 2129 ἀνα-

332 2163 623 2237 πληρῶσαι
662 2165 771 2219 πᾶν
813 2164 876 2217 τὺ
920 2164 1098 2229 ἐνδεὲς
1132 2165 1240 2219 ἀπὸ
1282 2166 1383 2237 τῆς
1416 2165 1687 2239 προτέρας
1722 2164 1926 2237 ζημίας

328 2255 440 2309 τῶν
479 2253 691 2311 πολλῶν
714 2255 1016 2310 ταλάντων
1046 2255 1142 2309 καὶ
1163 2258 1192 2310 6
1218 2255 1425 2324 ἀγαθός
1458 2273 1522 2325 γε
1553 2254 1807 2327 βασιλεὺς
1833 2247 1925 2310 οὖ-

328 2363 420 2411 τος
448 2345 855 2418 ἐσπλαγχνίσθη
882 2347 976 2402 καὶ
1011 2347 1105 2402 ἐπὶ
1143 2346 1234 2401 τὸν
1271 2347 1556 2419 ὀφειλέτην
1581 2348 1687 2402 τῶν
1714 2347 1923 2403 πολλῶν

326 2440 626 2506 ταλάντων,
676 2439 772 2495 καὶ
814 2439 939 2493 τότε
989 2439 1086 2510 μὲν
1140 2439 1415 2494 ἀπέλυσεν
1465 2440 1629 2493 αὐτὸν
1660 2440 1843 2495 πλεῖόν
1870 2458 1924 2495 τι

327 2532 700 2606 χαρισάμενος
733 2528 883 2602 αὐτῷ
926 2526 998 2603 ἦς
1028 2530 1236 2602 ἠξιώθη
1271 2530 1569 2597 ἀξιώσεως·
1602 2534 1631 2586 6
1670 2532 1771 2603 μὲν
1813 2531 1925 2605 γάρ

326 2620 612 2692 ὀφειλέτης
640 2619 1006 2692 ἐπηγγείλατο
1041 2619 1528 2693 μακροθυμήσαντι
1571 2621 1649 2694 τῷ
1684 2621 1923 2695 δεσπότῃ

327 2711 619 2766 ἀποδοῦναι
673 2710 888 2766 ἅπαντα
916 2711 985 2765 τὰ
1028 2711 1390 2784 ὀφειλήματα·
1438 2713 1470 2766 ὀ
1521 2713 1580 2767 δὲ
1618 2713 1922 2785 σπλαγχνι-

331 2803 479 2869 σθεὶς
515 2805 602 2859 ἐπ’
630 2804 778 2877 αὐτῷ
806 2804 994 2877 κύριος
1030 2805 1130 2859 οὐκ
1165 2806 1258 2859 ἐπὶ
1286 2804 1365 2877 τῷ
1397 2805 1691 2862 ἀπολαϐεῖν
1731 2808 1795 2861 ὲκ
1827 2807 1920 2862 τοῦ

333 2896 726 2970 μακροθυμεῖν,
768 2898 889 2951 τότε
940 2898 1152 2969 ἀφῆκεν
1202 2898 1365 2953 αὐτὸν
1411 2899 1594 2970 μόνον,
1637 2900 1776 2954 ἀλλὰ
1824 2901 1921 2956 καί

328 2989 613 3054 παντελῶς
649 2990 908 3053 ἀπέλυσε,
944 2992 1038 3044 καὶ
1074 2994 1255 3046 πᾶσαν
1294 2991 1393 3064 τήν
1435 2991 1657 3063 ὀφειλὴν
1708 2992 1920 3063 ἀφῆκεν

325 3076 494 3148 αὐτῷ.
535 3078 595 3132 Ὀ
616 3078 673 3132 δὲ
705 3080 939 3152 πονηρὸς
969 3080 1153 3145 δοῦλος
1194 3074 1350 3146 οὗτος
1394 3082 1489 3136 καὶ
1533 3080 1916 3153 μακροθυμίαν

324 3169 434 3223 ἀπὸ
458 3170 553 3224 τοῦ
579 3170 840 3226 δεσπότου
870 3173 1103 3243 αἰτήσας
1136 3173 1230 3227 ἐπὶ
1250 3176 1365 3239 τοῖς
1390 3175 1601 3239 πολλοῖς
1632 3173 1917 3241 ταλάντοις

328 3263 574 3336 ἀνηλεῶς
597 3263 923 3337 πεποίηκεν.
954 3286 971 3317 ι
1005 3267 1196 3340 Εὐρὼν
1217 3266 1327 3339 γὰρ
1354 3267 1450 3321 ἕνα
1483 3267 1592 3321 τῶν
1616 3266 1918 3323 συνδούλων

324 3357 512 3424 αὐτοῦ,
542 3358 602 3423 ὃς
640 3357 872 3430 ὤφειλεν
910 3361 1059 3433 αὐτῷ
1104 3363 1299 3417 ἑκατὸν
1335 3363 1585 3437 δηνάρια,
1635 3366 1918 3437 κρατήσας

326 3450 490 3506 αὐτὸν
510 3450 699 3521 ἐπνιγε
721 3450 916 3522 λέγων’
936 3453 1156 3519 Ἀπόδος
1172 3455 1555 3525 είτιόφείλεις.
1570 3475 1588 3507 ι
1611 3455 1737 3521 Πῶς
1747 3455 1804 3510 δὲ
1817 3456 1917 3529 οὐχ

327 3539 629 3613 ὑπερϐολήν
668 3540 933 3612 πονηρίας
966 3544 1296 3611 ἐπεδείξατο,
1341 3544 1407 3599 δι’
1442 3544 1636 3599 ἑκατὸν
1686 3544 1917 3617 δηνάρια

325 3630 606 3702 κρατήσας
631 3631 722 3685 τὸν
745 3631 1050 3697 σύνδουλον,
1079 3635 1175 3689 καὶ
1208 3631 1438 3705 πνίγων,
1468 3635 1564 3690 καὶ
1597 3638 1916 3708 ἀποστερῶν

324 3722 486 3778 αὐτὸν
511 3723 800 3796 ἐλευθέρας
829 3726 1126 3798 ἀναπνοῆς,
1159 3729 1319 3793 αὐτὸς
1366 3728 1477 3803 (l8)
1511 3729 1606 3783 ἐπὶ
1642 3733 1755 3793 τοῖς
1790 3731 1918 3785 πολ-

324 3815 437 3880 λοῖς
458 3815 745 3881 ταλάντοις
775 3818 913 3889 μήτε
945 3817 1262 3891 κρατηθεὶς,
1312 3820 1453 3892 μήτε
1503 3820 1735 3889 πνιγεὶς,
1782 3819 1920 3874 ἀλλὰ

326 3909 588 3983 πρότερον
616 3908 715 3981 μὲν
752 3909 1062 3975 κελευσθεὶς
1094 3909 1370 3982 πραθῆναι
1401 3910 1518 3983 ἅμα
1548 3912 1789 3981 γυναικὶ,
1822 3914 1919 3969 καὶ

323 4001 553 4065 τέκνοις,
589 4002 684 4055 καὶ¹
726 4003 838 4067 τοῖς
874 4001 1091 4069 ἑαυτοῦ,
1118 4002 1343 4075 ὕστερον
1374 4003 1431 4057 δὲ
1475 4003 1615 4077 μετά
1658 4005 1719 4060 τὸ
1752 4024 1920 4079 προσ-

324 4093 582 4164 κυνῆσαι,
605 4092 1093 4165 σπλαγχνισθέντος
1117 4094 1203 4149 ἐπ’
1226 4093 1379 4167 αὐτῷ
1404 4094 1498 4149 τοῦ
1531 4096 1741 4168 κυρίου,
1776 4098 1914 4151 ἀπο-

323 4183 526 4251 λυθεὶς,
569 4184 666 4238 καὶ
709 4183 840 4255 περὶ
883 4184 1065 4257 πάσης
1101 4185 1325 4256 ἀφεθεὶς
1370 4186 1469 4258 τῆς
1514 4186 1771 4259 ὀφειλῆςς
1819 4190 1916 4243 καὶ

325 4278 486 4351 ἔργον
529 4295 597 4349 γε
644 4280 819 4332 εἰπεῖν
871 4277 1012 4333 κατά
1052 4278 1113 4334 τὺ
1161 4279 1409 4351 βούλημα
1450 4278 1545 4335 τοῦ
1601 4281 1798 4353 Ἰησοῦ,
1832 4282 1918 4347 τίς

325 4373 474 4427 ἐστιν
504 4372 535 4426 6
571 4369 819 4444 εὑρεθεὶς
843 4369 1127 4435 σύνδουλος
1154 4367 1233 4436 εἶς
1264 4371 1514 4441 ὀφείλων,
1542 4371 1603 4425 ού
1634 4372 1713 4444 τῷ
1740 4374 1916 4446 κυρίῳ
1948 4398 1993 4453 ι)

326 4463 540 4528 ἑαυτοῦ,
568 4461 705 4519 ἀλλὰ
749 4461 827 4533 τῷ
885 4462 1057 4518 πολλά
1107 4463 1379 4535 ὀφείλοντι
1418 4464 1679 4529 τάλαντα,
1721 4466 1920 4521 ἑκατὸν

320 4555 573 4627 δηνάρια.
605 4554 702 4609 καὶ
724 4554 869 4619 τίνες
891 4555 940 4608 οἰ
973 4554 1173 4620 ἰδόντες
1205 4555 1297 4611 τὸν
1323 4555 1422 4628 μὲν
1436 4556 1713 4626 πνίγοντα,
1743 4557 1834 4611 τὸν
1859 4558 1916 4612 δὲ

325 4645 647 4716 πνιγόμενον
688 4645 980 4710 σύνδουλοι,
1023 4647 1117 4702 καὶ
1155 4646 1491 4721 λυπηθέντες
1546 4647 1775 4722 σφόδρα,
1817 4649 1915 4704 καὶ

326 4734 513 4807 σαφῶς
544 4737 997 4810 παραστήσαντες
1037 4737 1119 4811 τῷ
1163 4741 1338 4813 κυρίῳ
1376 4740 1583 4796 ἑαυτῶν
1617 4739 1798 4795 πάντα
1845 4740 1916 4796 τά

322 4825 611 4901 γενόμενα.
652 4828 741 4894 Ὦς
768 4829 868 4902 μὲν
899 4824 992 4885 οὖν
1036 4831 1294 4904 ἀληθείας
1331 4832 1443 4905 ἔχει
1482 4833 1549 4888 τὰ
1583 4832 1910 4907 πράγματα,

323 4921 695 4992 ἀποφαίνομαι
731 4920 940 4991 μηδένα
969 4922 1359 4995 διηγήσασθαι,
1385 4927 1434 4979 εἰ
1469 4925 1544 4997 μὴ
1591 4924 1766 4998 Ἰησοῦ
1816 4921 1912 4980 τοῦ

321 5017 434 5079 τοῖς
461 5013 614 5078 ἰδίοις
651 5011 922 5086 μαθηταῖς
945 5015 1066 5071 κατ’
1103 5015 1240 5073 ἰδίαν
1283 5014 1548 5082 λύσαντος
1574 5018 1774 5083 πάντα,
1797 5018 1913 5071 επις

2028 1902 2153 1942 eum
2180 1926 2196 1951 ,
2243 1905 2263 1940 ι
2298 1886 2470 1942 Deum
2515 1902 2712 1956 nempe
2746 1901 2924 1958 regem
2972 1900 3094 1941 esse
3131 1886 3333 1949 sciens,
3378 1891 3432 1938 et
3475 1884 3552 1937 ait
3596 1899 3611 1935 :

2034 1995 2055 2027 ι
2093 1976 2417 2033 Patientiam
2447 1977 2587 2032 habe
2627 1977 2681 2031 in
2711 1991 2820 2040 me,
2856 1984 2911 2031 et
2941 1975 3123 2029 omnia
3151 1973 3373 2029 reddam
3412 1972 3545 2041 tibi,
3588 1990 3609 2024 ι

2028 2087 2154 2128 eum
2183 2072 2330 2126 enim
2374 2069 2547 2125 fuisse
2586 2069 2917 2123 industrium
2943 2065 3203 2122 credibile
3242 2073 3347 2130 est,
3383 2078 3614 2135 seseque

2027 2162 2314 2233 penuriam
2363 2175 2529 2232 quam
2580 2175 2646 2215 ex
2705 2158 2875 2229 priori
2932 2156 3232 2212 multorum
3282 2156 3611 2212 talentorum

2023 2255 2238 2326 jactura
2269 2252 2570 2318 tolerabat,
2605 2251 2861 2309 secundis
2893 2253 3042 2309 curis
3072 2266 3136 2307 ac
3168 2249 3401 2323 negotiis
3434 2263 3613 2304 resar-

2027 2346 2139 2402 cire
2185 2359 2352 2400 nosse
2385 2342 2717 2413 intelligebat
2758 2359 2775 2399 :
2819 2351 2951 2400 tunc
3000 2355 3133 2399 vero
3178 2341 3357 2397 bonus
3391 2338 3481 2394 ille
3519 2353 3613 2393 rex

2028 2437 2194 2507 hujus
2222 2436 2520 2492 multorum
2554 2436 2883 2491 talentorum
2921 2433 3184 2491 debitoris
3222 2431 3481 2487 misertus
3507 2439 3613 2497 est,

2026 2546 2265 2601 eumque
2286 2530 2537 2602 pluribus
2577 2527 2857 2586 concessis
2885 2541 3048 2598 quam
3074 2541 3196 2596 quae
3224 2523 3611 2595 postulaverat,

2026 2624 2271 2691 dimisit;
2300 2624 2578 2695 pollicitus
2605 2612 2806 2693 quippe
2835 2618 3015 2675 fuerat
3038 2618 3253 2675 debitor
3280 2616 3465 2672 omnia
3495 2630 3615 2672 sese

2025 2719 2206 2775 debita
2250 2720 2383 2775 hero
2412 2718 2772 2782 redditurum,
2801 2715 3071 2787 patienter
3095 2714 3258 2770 modo
3288 2709 3614 2783 expediendi

2026 2812 2268 2869 nominis
2294 2811 2437 2868 diem
2467 2817 2845 2883 expectasset";
2884 2817 2938 2865 at
2972 2824 3098 2865 eum
3130 2808 3425 2863 miseratus
3448 2804 3614 2859 berus

2025 2922 2135 2962 non
2186 2906 2261 2961 ita
2307 2904 2515 2961 dimisit
2561 2902 2943 2965 solummodo,
2988 2900 3145 2971 quasi
3187 2899 3316 2954 olim
3349 2896 3613 2959 debitum,

2024 3008 2150 3069 post
2178 2998 2403 3054 dilatum
2435 2998 2601 3067 hujus
2632 2993 2980 3066 expungendi
3006 2992 3175 3065 629
3202 3000 3437 3061 tempus,
3471 2997 3617 3045 esset

2024 3100 2364 3159 recepturus,
2404 3090 2497 3145 sed
2528 3090 2675 3144 omni
2705 3089 2863 3159 plane
2889 3085 3072 3142 debito
3108 3085 3347 3140 solutum
3380 3082 3612 3138 dimisit.

2025 3179 2230 3235 Servus
2271 3189 2453 3235 autem
2485 3179 2576 3235 ille
2628 3192 2864 3248 nequam
2908 3177 3003 3247 qui
3044 3175 3236 3231 herum
3284 3190 3385 3246 pro
3428 3172 3616 3229 multis

2021 3273 2242 3329 talentis
2270 3288 2482 3327 moram
2510 3288 2574 3328 ac
2598 3270 3149 3343 procrastinationem
3196 3276 3501 3339 rogaverat,
3534 3266 3617 3320 in-

2024 3365 2337 3421 humaniter
2380 3379 2440 3420 se
2483 3363 2687 3435 gessit,
2720 3378 2841 3418 cum
2870 3362 3013 3416 enim
3047 3379 3068 3414 ‹
3098 3360 3396 3415 invenisset
3442 3372 3613 3413 unum

2022 3459 2091 3514 de
2116 3460 2394 3515 conservis
2426 3460 2565 3525 suis,
2616 3458 2709 3528 qui
2738 3456 2969 3512 debebat
2995 3455 3045 3510 ei
3078 3462 3300 3510 centum
3332 3453 3606 3518 dtnarios,

2024 3555 2216 3603 tenens
2272 3547 2576 3603 suﬁ‘oeabat
2617 3562 2743 3602 eum
2794 3543 2983 3600 dicens
3041 3562 3055 3600 τ
3099 3542 3285 3600 Redde
3326 3541 3473 3614 quod
3519 3541 3615 3596 de-

2023 3638 2120 3693 bes
2148 3637 2215 3692 ³³.
2263 3658 2281 3691 ι
2324 3637 2521 3694 Αιιηοη
2556 3639 2601 3693 is
2633 3653 2863 3693 summas
2892 3635 3260 3705 improbitatis
3300 3631 3609 3702 exemplum

2023 3729 2171 3785 dedit
2216 3738 2441 3800 propter
2488 3739 2706 3786 centum
2758 3727 3016 3783 denarios
3055 3740 3380 3782 conservum
3417 3738 3610 3794 appre-

2025 3820 2256 3876 hensum
2298 3820 2593 3887 suﬂ‘ocans,
2623 3829 2677 3876 et
2708 3820 2934 3876 liberam
2983 3817 3397 3888 respirationem
3443 3814 3611 3870 inter-

2025 3912 2271 3976 cludens,
2317 3912 2410 3984 qui
2444 3921 2666 3985 propter
2709 3912 2877 3967 multa
2914 3910 3118 3985 talenta
3159 3924 3335 3978 neque
3365 3907 3480 3978 ipse
3513 3922 3610 3977 ap-

2024 4003 2349 4075 prehensus,
2401 4019 2579 4074 neque
2602 4004 2904 4059 suiiocatns
2938 4002 3061 4068 fuit,
3104 4001 3196 4057 sed
3232 4000 3467 4072 primum
3499 4014 3607 4055 una
3677 4014 3687 4026 ί

2025 4111 2151 4151 eum
2184 4096 2435 4165 coniage,
2483 4096 2688 4161 liberis,
2720 4105 2775 4151 et
2811 4094 3167 4150 facultatibus
3200 4092 3358 4148 vendi
3394 4092 3606 4163 jussus,

2024 4186 2219 4242 deinde.
2246 4202 2374 4242 vero
2405 4196 2693 4258 postquam
2721 4186 3004 4252 adoravit,
3042 4188 3298 4240 miserate
3323 4200 3447 4240 cum
3476 4185 3607 4239 hero

2024 4279 2311 4335 absolutus
2340 4288 2419 4336 est
2443 4321 2458 4348 ,
2501 4289 2556 4335 ct
2590 4288 2703 4335 toto
2749 4279 2971 4335 nomine
3023 4278 3304 4334 iiberatus.
3343 4276 3606 4345 Quisnam

2025 4385 2154 4425 vero
2188 4372 2261 4427 sit
2305 4372 2559 4428 inventus
2591 4372 2681 4427 ille
2722 4386 3044 4436 conservus,
3086 4378 3306 4426 centum
3352 4370 3607 4425 denarios

2022 4478 2130 4517 non
2155 4464 2287 4519 hero
2316 4480 2418 4521 suo
2448 4464 2673 4529 debens,
2701 4464 2795 4521 sed
2824 4464 2926 4534 ipsi
2956 4464 3249 4519 multorum
3278 4463 3601 4518 talentorum

2021 4554 2280 4622 debitori;
2326 4554 2550 4626 quinam
2580 4564 2635 4611 et
2661 4556 2696 4609 ii
2725 4555 3006 4621 conservi,
3042 4555 3134 4626 qui
3168 4554 3406 4615 ethunc
3432 4551 3604 4610 sull‘o-

2020 4656 2258 4713 cantem,
2303 4656 2358 4703 et
2390 4648 2542 4703 illum
2586 4648 2913 4706 sutlocatum
2944 4648 3216 4709 viderunt,
3250 4655 3304 4701 et
3330 4646 3486 4702 valde
3521 4645 3606 4700 in-

2019 4739 2343 4805 doluerunt,
2398 4754 2611 4811 suoque
2643 4742 2776 4798 hero
2803 4754 3143 4813 quascunque
3169 4738 3470 4809 agebantur
3504 4753 3607 4808 pa-

2020 4830 2127 4885 lam
2158 4830 2426 4901 l‘ecerunt,
2457 4833 2611 4904 juxta
2640 4833 2768 4891 Jesu
2803 4844 3040 4890 mentem
3066 4846 3337 4901 exponere
3367 4832 3605 4902 spissum

2019 4933 2104 4980 est
2142 4941 2209 4981 ac
2240 4941 2534 4996 operosum
2575 4928 2874 5000 negotium.
2911 4926 2983 4983 Ut
3014 4943 3143 4998 ergo
3187 4942 3373 4983 revera
3410 4942 3472 4981 se
3519 4942 3607 4982 res

2021 5015 2225 5071 habent
2262 5031 2370 5072 non
2402 5018 2677 5089 explicare
2711 5020 2763 5076 id
2799 5034 2960 5091 posse
2997 5034 3326 5091 quemquam
3361 5032 3607 5089 pronun-

1519 5133 1754 5192 VETUS
1795 5130 2380 5192 INTERPRETATIO.

323 5227 593 5286 habentur
626 5250 640 5287 :
673 5232 817 5289 sicut
847 5242 898 5289 et
937 5231 1103 5287 David
1132 5231 1338 5287 ditatus
1360 5231 1581 5289 talentis
1607 5232 1815 5292 multis,
1843 5245 2079 5300 quorum
2112 5237 2167 5286 et
2212 5247 2474 5288 numerus
2495 5241 2580 5287 est
2596 5241 2851 5290 ostensus
2881 5235 2934 5289 in
2966 5232 3183 5290 talentis
3209 5230 3391 5287 aureis
3413 5227 3599 5296 tantis,

319 5311 374 5354 et
402 5303 625 5374 argenti
647 5304 836 5369 tantis,
857 5313 913 5359 et
937 5303 1271 5371 reliquorum
1299 5302 1640 5374 metallorum
1664 5317 1788 5374 quae
1815 5301 1925 5374 illic
1952 5302 2326 5374 nominantur,
2362 5318 2429 5358 ex
2457 5304 2657 5374 quibus
2696 5304 3019 5360 fabricatum
3049 5313 3135 5360 est
3156 5301 3439 5374 templum.

394 5369 496 5445 11.:
521 5390 551 5445 ε
589 5372 653 5429 Et
681 5390 809 5430 eum
841 5390 951 5445 non
976 5369 1201 5428 haberet
1231 5374 1377 5445 unde
1404 5372 1674 5445 redderet,
1683 5369 2021 5445 'jussit_eum~
2039 5373 2225 5445 vendi,
2250 5385 2305 5445 et
2326 5369 2550 5445 uxorem
2584 5375 2725 5445 ejus,
2752 5387 2807 5429 et
2835 5375 3135 5445 ﬁlios‘ejus,
3165 5382 3220 5428 et
3244 5369 3424 5445 omnia
3457 5369 3599 5438 ejus,
3694 5394 3700 5399 ~

320 5447 376 5493 et
406 5440 554 5495 reddi
585 5442 1035 5513 debitumJOpus
1047 5442 1461 5514 estergodicere
1473 5440 1773 5514 secundum
1800 5442 2135 5514 voluntatem
2168 5441 2394 5514 Christi,
2429 5444 2554 5514 quis
2581 5440 2665 5500 est
2691 5445 2903 5500 debitor
2931 5440 3256 5514 talentorum
3283 5441 3599 5514 multorum,

320 5520 375 5562 et
403 5525 693 5585 qute‘uxor
721 5517 865 5585 ejus,
898 5511 952 5569 ei
980 5515 1073 5585 qui
1106 5513 1202 5566 lilii
1233 5528 1376 5585 ejus,
1408 5521 1464 5583 et
1491 5513 1674 5585 omnia
1700 5513 1844 5581 ejus,
1867 5520 1922 5567 et
1950 5513 2075 5585 quis
2097 5522 2181 5585 est
2208 5512 2423 5585 debitor
2446 5511 2546 5584 qui
2574 5515 2678 5585 ipsi
2710 5515 2942 5570 debitori
2975 5513 3226 5585 debebat,
3255 5518 3310 5565 et
3337 5511 3431 5581 qui
3456 5525 3599 5585 con-

321 5580 465 5635 servi
495 5580 918 5641 videntes'bunc
939 5580 1158 5655 quidem
1188 5580 1533 5649 cﬂ‘Ocautem,
1560 5583 1714 5638 illum
1732 5580 1926 5638 autem
1963 5580 2205 5638 eﬂ'ocari.
2237 5582 2303 5639 Et
2329 5580 2854 5657 sicut'est'quidem,
2886 5599 3014 5641 vere
3039 5584 3306 5641 conﬁteor
3325 5580 3600 5641 neminem

393 5717 439 5749 ³ο
472 5713 645 5771 Exod.
678 5734 803 5784 xxv,
833 5718 925 5785 59,
949 5726 1004 5774 et.
1033 5733 1243 5788 xxxv",
1269 5717 1363 5773 ει.
1440 5717 1483 5749 ³¹
1516 5715 1533 5771 l
1567 5715 1691 5772 Par.
1716 5733 1851 5786 nn,
1886 5716 1922 5773 1¹

2053 5717 2102 5751 ⁸⁸
2132 5716 2323 5776 Matth.
2351 5733 2509 5789 xvnt,
2535 5718 2628 5775 ‘25.
2710 5719 2756 5753 ³³
2786 5717 2918 5776 ibid.
2940 5715 3033 5774 28.

390 5835 504 5910 {18)
543 5835 723 5894 Codex
761 5834 962 5911 Regius
995 5838 1183 5907 αὐτὸς,
1238 5838 1302 5895 ed
1349 5838 1402 5895 ἰ)
1429 5837 1628 5907 ίιυρῖξῐ,
1664 5838 1861 5907 αὑτοῖς.
