4032 6308
2469 262 2496 272 κ

400 364 533 419 liii
1386 372 1391 375 ’
1890 364 1987 420 0R

2092 357 2213 421 lNlS
3524 360 3669 416 liis:

395 481 510 546 tio,
544 479 651 537 nisi
679 478 843 537 Iesus
886 479 979 550 qui
1008 478 1308 549 discipulis
1354 480 1472 536 suis
1504 482 1689 538 omnia
1734 498 1981 539 seorsum

2092 484 2428 554 δημήσαντος
2481 481 2646 534 αὐτοῦ
2684 480 2761 552 τῷ
2806 478 3116 552 ἡγεμονικῷ
3131 518 3151 544 ,
3212 478 3307 532 καῖ.
3357 479 3671 547 ἀνοίγωτος.

395 572 747 644 explanavit,
799 570 943 625 illius
981 570 1224 625 animum
1283 571 1533 639 subierit,
1585 582 1641 630 et
1689 575 1977 630 thesauros

2092 577 2204 639 τοὺς
2233 579 2292 629 ὲν
2315 576 2379 645 τῇ
2423 573 2704 646 παραϐολῇ
2745 573 3052 644 θησαυροὺς
3080 572 3322 635 πάντας,
3335 571 3671 638 σκοτεινοὺς,

398 680 594 722 omnes
626 665 678 718 in
710 662 963 732 parabola
990 661 1389 728 delitescentes,
1422 665 1658 721 tenebris
1684 667 1977 732 involutos,

403 754 733 820 reconditos,
783 752 885 808 sub
913 762 1190 822 aspectum
1227 769 1335 809 non
1376 755 1634 811 cadentes
1673 758 1978 827 protulerit,

401 857 456 902 et
486 860 867 917 quemcunque
916 846 1028 901 vult
1062 862 1254 902 eorum
1304 864 1426 918 quae.
1472 847 1526 902 in
1574 849 1678 906 hac
1727 850 1980 920 parabola

398 936 744 994 continentur
774 934 1104 1006 cognitionis
1135 936 1339 990 lumine
1365 936 1666 1004 illustrare,
1681 937 1983 1007 perspicuis

400 1027 739 1100 argumentis
780 1036 991 1083 certum
1029 1026 1219 1083 iecerit
1259 1038 1313 1083 et
1364 1028 1670 1095 erudierit,
1728 1039 1784 1083 ut
1818 1030 1983 1084 simul

401 1120 594 1175 doceat
627 1118 882 1189 quisnam
913 1118 1002 1174 ille
1031 1118 1104 1174 sit
1132 1119 1425 1175 multorum
1462 1120 1789 1175 talentorum
1827 1120 1983 1175 debi-

403 1217 489 1262 tor
512 1223 688 1273 unus,
734 1207 799 1262 ad
832 1207 1108 1263 hominem
1150 1225 1331 1279 regem
1361 1209 1650 1276 deductus,
1680 1220 1734 1265 et
1759 1219 1988 1276 caetera;

404 1308 518 1355 tum
556 1297 682 1368 quis
721 1299 858 1355 alter
887 1298 978 1354 ille
1008 1315 1152 1355 unus
1186 1300 1313 1356 huic
1347 1309 1565 1356 centum
1603 1301 1871 1357 denarios.
1894 1302 1987 1356 de-

404 1391 563 1457 bens,
594 1400 648 1445 et
678 1391 916 1461 reliqua;
948 1399 1004 1445 et
1033 1406 1103 1445 an
1132 1392 1179 1446 is
1211 1406 1333 1447 esse
1367 1393 1541 1463 possit
1583 1408 1747 1465 supra
1780 1408 1987 1447 memor

403 1490 559 1538 ratus
606 1483 769 1537 homo
813 1482 1042 1553 peccati,
1094 1497 1163 1537 an
1193 1483 1465 1551 diabolus,
1514 1500 1585 1540 an
1639 1493 1831 1540 neuter
1863 1485 1985 1538 illo-

406 1587 554 1634 rum,
583 1582 677 1628 aut
700 1572 842 1627 alius
868 1572 1162 1642 quispiam,
1194 1573 1308 1630 sive
1343 1576 1526 1643 homo,
1551 1576 1665 1631 sive
1689 1576 1886 1647 aliquis
1921 1592 1989 1630 ex

408 1660 477 1716 iis
501 1662 594 1730 qui
630 1661 734 1717 sub
772 1661 975 1716 diaboli
1021 1672 1288 1734 potestate
1329 1674 1488 1733 sunt;
1539 1683 1665 1722 nam
1712 1668 1992 1738 sapientiae

2081 665 2453 738 ἀποκρύφους,
2484 666 2770 737 ἀοράτους,
2805 667 2898 719 καί
2923 663 3393 736 πληροφοροῢντος
3419 663 3487 716 δι’
3509 665 3667 734 ἐναρο

2081 758 2194 826 γῶν
2242 757 2568 824 ἀποδείξεων
2615 757 2674 811 ὃν
2723 756 2987 828 βούλεται,
3012 756 3245 826 φωτίσαι
3283 753 3361 824 τῷ
3409 754 3549 823 φωτὶ
3569 754 3659 823 τῆς

2082 846 2336 917 γνώσεως
2364 846 2471 901 τῶν
2499 847 2640 908 κατὰ
2679 847 2780 918 τὴν
2833 845 3147 918 παραϐολὴν
3190 842 3416 914 ταύτην,
3456 843 3520 895 ἶν’
3551 842 3663 912 ἅμα

2081 957 2142 993 τε
2170 940 2510 1013 παραστήσῃ,
2533 939 2618 1004 τίς
2644 942 2672 993 ὁ
2716 934 2797 1002 εἷς
2836 937 3165 1010 προσαχθεὶς
3208 936 3288 1006 τῷ
3337 934 3544 1005 βασιλεῖ
3569 934 3658 987 άν-

2085 1030 2289 1103 θρὼπῳ
2324 1031 2435 1102 (19)
2478 1031 2762 1102 ὀφειλέτης
2824 1029 3034 1085 πολλῶν
3082 1029 3359 1083 ταλάντων
3384 1066 3400 1093 ,
3458 1027 3554 1079 καὶ
3597 1025 3671 1079 τάΔ

2085 1123 2234 1193 ἑξῆς,
2270 1123 2365 1181 καὶ
2406 1124 2441 1179 ὀ,
2473 1123 2705 1193 ὀφείλων
2732 1122 2909 1193 τούτῳ
2928 1122 2997 1176 τά
3034 1120 3228 1175 ἑκατὸν
3260 1118 3493 1189 δηνάρια
3512 1116 3660 1181 ἄλλος

2086 1208 2186 1276 εἷς,
2214 1213 2309 1268 καὶ
2336 1211 2406 1265 τά
2430 1211 2615 1276 λοιπὰ,
2646 1213 2758 1265 εἶτε
2791 1212 3018 1266 δύναται
3061 1206 3202 1265 εἶναι
3237 1212 3266 1263 ὁ
3308 1205 3659 1280 προαπώεδο-

2091 1301 2249 1374 μένος
2283 1301 2568 1373 ἄνθρωπος
2607 1302 2705 1373 τῆς
2738 1301 3030 1373 ἁμαρτίας,
3065 1299 3178 1354 εἴτε
3219 1299 3313 1354 καὶ
3350 1303 3379 1354 ὁ
3401 1298 3673 1364 διάϐολος,

2086 1393 2203 1447 εἴτε
2238 1393 2360 1465 μηδ’
2388 1392 2576 1465 ἕτερος
2613 1394 2711 1464 μὲν
2743 1394 2977 1459 τούτων,
3012 1393 3173 1457 ἄλλος
3198 1392 3258 1446 δέ
3288 1410 3392 1456 τις,
3425 1393 3545 1464 ἢτοι
3578 1391 3673 1447 Ev-

2090 1485 2329 1558 θρωπος,
2369 1487 2403 1558 ἢ
2444 1485 2556 1539 τῶν
2587 1486 2693 1539 ὑπὸ
2730 1486 2824 1540 τὸν
2859 1484 3106 1539 διάϐολόν
3144 1500 3247 1548 τις·
3284 1483 3397 1540 ἐστι
3435 1483 3546 1554 γάρ
3574 1482 3675 1553 τῆς,

2092 1577 2282 1646 σοφίας
2317 1576 2409 1633 τοῦ
2440 1577 2574 1631 Θεοῦ
2602 1577 2785 1648 ἔργον,
2815 1578 2910 1631 κα)⁸
2932 1577 3003 1631 τά
3025 1577 3154 1648 περὶ
3173 1575 3456 1640 τῶνίδίως
3480 1575 3673 1638 ποιῶν..

2090 1668 2208 1740 ἦτοι
2241 1666 2632 1738 πεποιωμένων
2663 1666 2804 1722 κατά
2831 1665 2928 1729 τὰς
2964 1665 3179 1720 τοιάσδε.
3221 1665 3532 1736 ποιότητας,
3561 1662 3672 1715 εἴτε·

412 1752 503 1807 Dei
532 1766 670 1821 opus
722 1750 853 1807 illud
901 1763 985 1808 est
1028 1770 1151 1824 qua:
1176 1756 1243 1812 de
1279 1757 1362 1813 his
1397 1758 1648 1828 praedicta
1686 1767 1848 1822 sunt,
1896 1759 1988 1830 qui

2092 1758 2157 1812 ὲν.
2172 1759 2425 1830 άοράτοις
2447 1758 2759 1829 δυνάμεσιν,
2784 1758 2891 1827 εἴτε
2941 1758 3037 1810 καὶ
3086 1756 3144 1810 ἐν
3187 1773 3327 1810 τισιν
3365 1754 3677 1826 ἀνθρώποις,

408 1842 627 1912 proprie
655 1851 708 1897 et
736 1856 802 1897 ex
842 1857 902 1899 se
938 1847 1072 1900 tales
1105 1858 1251 1913 sunt,
1280 1848 1362 1903 vel
1385 1849 1479 1918 qui
1507 1849 1673 1905 certis
1698 1849 1783 1905 his
1806 1828 1952 1920 quali
1972 1881 1984 1891 -

2092 1828 2392 1907 ἀποδοῦναι
2406 1828 2877 1923 προφητευόμενα,
2900 1848 3251 1905 ὁπωσποτοῢν
3277 1848 3382 1902 ὑπὸ
3400 1848 3494 1901 τοῦ
3526 1845 3677 1902 θείου

408 1933 613 1989 tatibus
642 1934 816 1989 affecti
847 1944 996 2000 sunt,
1033 1936 1146 1993 sive
1195 1937 1336 1993 inter
1371 1949 1664 2009 potestates
1695 1957 1801 1997 non
1830 1957 1987 2011 aspe-

407 2026 652 2089 ctabiles,
686 2027 800 2081 sive
828 2028 968 2084 inter
1001 2039 1181 2085 certos
1205 2030 1473 2098 homines,
1511 2049 1840 2103 quocunque
1868 2043 1987 2088 latt-

408 2113 531 2168 dem
569 2116 728 2169 modo
765 2131 795 2170 a
832 2114 1034 2186 Spiritu
1071 2117 1256 2172 divino
1294 2120 1603 2190 conscripta
1636 2120 1860 2189 fuerint,
1893 2137 1988 2177 ex-

407 2209 643 2278 plicare;
683 2226 783 2265 nos
820 2222 1025 2276 autem,
1064 2222 1249 2284 utpote
1285 2214 1379 2285 qui
1414 2215 1652 2270 nondum
1682 2233 1802 2272 eam
1837 2234 1988 2273 meno

409 2311 517 2357 tem
546 2302 852 2371 recepimus
881 2320 1004 2374 qua:
1026 2304 1227 2361 Christi
1251 2308 1416 2362 menti
1449 2308 1761 2378 permisceri
1795 2309 1990 2372 valeat,

312 2460 313 2463 η
408 2407 638 2461 (ιυςιείιυο
665 2402 846 2448 tantas
883 2409 970 2450 res
1006 2396 1493 2465 comprehensione
1519 2397 1756 2468 assequi,
1781 2407 1835 2453 et
1864 2414 1989 2455 cum

409 2483 604 2554 spiritu
622 2484 805 2539 omnia
829 2484 1340 2559 profunditatesque
1369 2488 1463 2545 Dei
1491 2493 1823 2561 perscrutari
1866 2507 1991 2561 pos-

410 2576 483 2632 sit
507 2618 523 2644 ,
558 2576 694 2631 nihil
731 2587 941 2632 certum
976 2587 1030 2634 et
1062 2580 1483 2637 determinatum
1540 2597 1703 2652 super
1753 2583 1822 2638 iis
1868 2599 1991 2654 quae

411 2665 502 2721 hic
559 2666 830 2722 habentur
885 2669 939 2724 in
1003 2671 1250 2727 animum
1296 2672 1655 2741 indueentes,
1707 2676 1773 2730 ad
1826 2677 1992 2748 630

2092 1943 2406 2015 Πνεύματος
2455 1942 2937 2015 ἀναγεγραμμένας
2987 1940 3063 2006 ὡς
3107 1941 3166 1994 δὲ
3213 1938 3671 2012 μηδέπω-διαρκῆ

2092 2037 2217 2091 νοῦν
2245 2035 2606 2099 ἀναλαϐόντες
2649 2037 2811 2106 ἡμεῖς
2846 2033 2940 2087 τὸν
2974 2033 3268 2104 δυνάμενον
3300 2032 3680 2103 άνακραθῆναι

2093 2129 2171 2202 τῷ
2192 2128 2428 2202 Χριστοῦ
2472 2128 2582 2201 (20)
2636 2127 2734 2199 νῷ,
2781 2127 2886 2190 ἓως
2925 2125 3037 2180 τῶν
3083 2124 3350 2180 τοσούτων
3395 2125 3682 2196 χωροῦντα.

2097 2226 2341 2296 φθάνειν,
2374 2226 2467 2279 xui.
2499 2223 2637 2296 μετά
2662 2222 2758 2278 τοῦ
2788 2222 3101 2294 πνεύματος
3139 2221 3315 2275 πάντα
3334 2221 3562 2291 ὲρευνᾷν
3583 2218 3686 2271 καὶ·

2094 2316 2161 2371 τά
2200 2314 2339 2387 βάθη
2382 2313 2478 2367 τοῦ
2521 2311 2681 2378 Θεοῦ,
2721 2311 2968 2383 οἰόμεθα,
3008 2311 3088 2365 ἔτι
3118 2309 3384 2381 ἀορίστως
3419 2307 3682 2381 περὶτῶν

2093 2403 2236 2459 κατά
2253 2403 2344 2457 τὸν
2374 2403 2538 2457 τόπον
2567 2400 2935 2474 λαμϐάνοντες
2968 2399 3295 2470 φαντασίαν,
3314 2396 3405 2450 ὲπξ
3430 2413 3552 2450 τινα
3582 2397 3687 2451 ἕνα,

2093 2493 2463 2567 ἀναφέρεσθαι
2507 2492 2741 2564 πονηρὸν
2794 2491 2981 2546 δοῦλον
3011 2489 3101 2544 διὰ
3130 2489 3231 2560 τῆς
3257 2487 3689 2561 παραϐοὶιῖγςδης

2093 2586 2354 2657 λούμενον
2407 2584 2499 2638 τὸν
2543 2584 2777 2638 ἐνταῦθα
2822 2581 3226 2655 παριστάμενον
3266 2578 3398 2652 περὶ
3442 2579 3547 2649 τῆς
3571 2572 3689 2631 τῶν.

2093 2675 2302 2731 πολλῶν
2335 2676 2610 2730 ταλάντων
2632 2674 2873 2745 ὀφειλῆς.

411 2772 582 2814 unum
613 2761 924 2832 quempiam
961 2763 1152 2820 referri
1200 2768 1585 2827 existimamus
1620 2786 1839 2828 servum
1871 2772 2022 2828 hunc
2059 2787 2293 2844 nequam
2343 2772 2397 2827 in
2438 2773 2694 2843 parabola
2747 2785 3088 2841 expressum,
3127 2776 3183 2822 et
3220 2773 3440 2836 propter
3476 2766 3685 2821 multo-7

411 2865 536 2908 rum
575 2853 899 2909 talentorum
933 2856 1175 2913 debitum
1215 2859 1302 2917 hic
1345 2864 1713 2933 propositum.

483 2947 572 3003 12.
600 2946 719 3003 lam
739 2966 868 3005 vero
894 2966 1075 3022 operae
1096 2957 1326 3024 pretium
1357 2971 1440 3015 est
1472 2962 1785 3030 perquirere
1809 2980 1982 3034 quan-

2159 2960 2297 3013 Πότε
2324 2957 2381 3011 δὲ
2408 2959 2437 3011 ὁ
2466 2955 2609 3010 κατά
2644 2954 2742 3028 τὴν
2764 2952 3080 3026 παραϐολὴν
3114 2949 3369 3021 βασιλεὺς
3393 2948 3672 3020 ἄνθρωπος

410 3039 612 3095 douam
653 3042 817 3098 homo
851 3044 940 3099 ille
971 3061 1087 3113 rex,
1121 3048 1189 3103 de
1217 3065 1328 3119 quo
1363 3051 1475 3119 agit
1511 3053 1790 3121 parabole,
1831 3056 1995 3110 ratio-

413 3147 538 3186 nem
570 3147 694 3186 cum
726 3135 901 3190 servis
922 3135 1039 3192 suis
1062 3137 1201 3193 inire
1224 3140 1477 3209 voluerit,
1507 3150 1561 3196 et
1584 3143 1651 3197 ad
1676 3146 1821 3214 quod
1855 3155 2021 3202 tem-‘

415 3241 517 3295 pus
539 3225 649 3281 sint
670 3227 1084 3299 referendaqua:
1096 3240 1312 3287 narrata
1330 3243 1490 3290 sunt:
1510 3251 1633 3291 nam
1656 3238 1700 3294 si
1723 3247 1843 3307 post
1860 3254 1994 3294 con-

414 3320 947 3384 summationem,vel
968 3323 1020 3378 in
1046 3325 1161 3393 ipsa
1181 3329 1679 3394 consummatione,
1701 3328 1866 3383 futuri
1885 3331 1991 3386 sci-

415 3408 544 3464 licet
554 3410 745 3479 judicii
764 3422 1037 3483 tempore;
1057 3415 1148 3486 qui
1167 3427 1292 3487 pote
1310 3418 1531 3474 stabunt
1545 3436 1667 3489 quae
1684 3422 1753 3475 ad
1770 3431 1990 3476 centum

415 3500 767 3557 denariorum
802 3504 1104 3560 debitorem
1135 3507 1204 3561 ab
1231 3523 1296 3562 eo
1326 3508 1650 3565 sun‘ocatum
1693 3511 1780 3565 cui
1819 3512 1989 3566 multa

418 3592 727 3648 condonata
771 3593 986 3650 fuerant
1009 3596 1227 3663 talenta,
1255 3599 1562 3669 pertinent?
1590 3601 1673 3656 sin
1701 3609 1827 3654 ante
1848 3600 1993 3670 judi-

418 3683 588 3747 cium,
613 3686 1109 3751 quomodocollatze
1138 3699 1263 3745 ante
1281 3690 1413 3745 illud
1442 3707 1471 3745 a
1490 3707 1612 3760 rege
1628 3692 1849 3746 homine
1865 3707 1990 3747 cum

419 3776 592 3831 servis
610 3776 726 3832 suis
738 3779 979 3834 rationes
992 3796 1057 3835 ex
1067 3781 1112 3850 pl
1122 3781 1251 3836 ieari
1268 3792 1524 3852 poterunt
1539 3783 1563 3838 ?
1580 3783 1650 3837 At
1668 3783 1719 3838 id
1737 3783 1802 3838 de
1817 3783 1995 3837 omni-

420 3866 523 3922 btts
537 3869 809 3937 parabolis
823 3871 1076 3928 universe
1092 3871 1433 3929 sentiendum
1453 3886 1559 3940 est,
1574 3889 1805 3943 quarum
1827 3875 1995 3930 inter-

420 3958 654 4028 pretatio
676 3959 747 4015 ab
784 3962 1136 4032 evangelistis
1168 3964 1366 4020 litteris
1429 3966 1684 4020 mandata
1733 3980 1839 4020 non
1888 3975 1992 4029 est,

418 4049 633 4105 etiamsi
650 4051 830 4105 omnia
851 4054 1100 4122 privatim
1120 4055 1404 4125 discipulis
1420 4056 1535 4111 suis
1558 4054 1716 4112 Jesus
1728 4072 1994 4126 exposue-

423 4138 510 4206 rit,
525 4151 913 4214 pr0ptereaque
922 4147 1241 4217 parabolaru
1251 4158 1302 4197 m
1313 4147 1748 4220 explanationem
1766 4147 2000 4217 Evange-

420 4230 615 4287 liorum
631 4236 926 4304 scriptores
943 4239 1367 4305 occulutvcrunt,
1388 4254 1453 4294 ac
1466 4239 1680 4294 silentio
1696 4240 1994 4307 ρωποι-ιιιί-

2093 3050 2327 3120 ὴθέλησε
2355 3050 2584 3119 συνᾶραι
2616 3046 2773 3114 λόγον
2793 3043 2931 3116 μετά
2953 3043 3062 3096 τῶν
3093 3040 3293 3095 δούλων
3312 3037 3492 3101 αὐτοῦ,
3518 3037 3671 3102 ἄξιον

2093 3139 2516 3210 ἐπισκέψασθαι,
2540 3138 2636 3192 καλ⁸
2658 3137 2750 3190 ἐπὶ
2783 3137 2908 3190 τίνα
2937 3134 3126 3206 καιρὸν
3165 3132 3263 3203 χρὴ
3282 3131 3573 3200 ἀναφέρειν
3596 3127 3671 3181 τά

2093 3234 2379 3304 λεγόμενα.
2428 3232 2490 3284 Ei
2528 3232 2627 3301 μὲν
2666 3229 2776 3301 γάρ
2823 3228 2959 3298 μετὰ.
3000 3226 3097 3297 τὴν
3145 3223 3469 3285 συντέλειαν,
3503 3221 3540 3291 ἢ
3583 3221 3672 3273 ἐπ’

2094 3326 2283 3398 αὐτὴν,
2314 3324 2457 3377 κατὰ
2478 3324 2568 3375 τὸν
2598 3321 2698 3391 τῆς
2720 3317 3175 3392 προσδοκωμένης
3197 3314 3430 3387 κρίσεως
3463 3311 3685 3382 καιρὸνλ

2097 3417 2213 3480 πῶς
2256 3415 2427 3469 σώσαι
2465 3412 2534 3466 τὰ
2581 3413 2709 3484 περὶ
2752 3409 2844 3464 τοῦ
2875 3408 3178 3478 ὀφείλοντος
3219 3403 3411 3458 ἐκατδν
3431 3402 3687 3472 δηνάρια,

2094 3507 2189 3561 καὶ
2220 3504 2548 3577 πνιγομένου
2575 3503 2680 3556 ὑπὸ
2705 3501 2798 3554 τοῦ
2832 3496 3275 3570 συγχωρηθέντος
3304 3493 3375 3548 τά
3406 3492 3574 3547 πολλὰ.
3594 3491 3687 3544 τάκ

2093 3599 2293 3664 λαντα;
2348 3600 2396 3651 εἰ
2430 3595 2489 3650 δὲ
2537 3594 2644 3667 πρὸ
2681 3593 2781 3662 τῆς
2823 3591 3079 3663 κρίσεως,
3115 3588 3233 3652 πῶς
3268 3586 3334 3641 ἂν
3356 3584 3573 3640 δύναιτό
3598 3600 3687 3647 τις

2095 3691 2446 3764 παραστῆσαι
2474 3686 2579 3759 πρὸ
2615 3685 2830 3757 ἐκείνης
2860 3682 3246 3754 συναιρόμενον
3271 3678 3429 3749 λόγον
3461 3676 3571 3732 ὑπὸ
3587 3673 3687 3731 τοῦ,

2098 3781 2360 3853 βασιλέως
2380 3776 2666 3852 ἀνθρώπου
2697 3774 2835 3847 μετά
2875 3773 2982 3828 τῶν
3007 3772 3208 3827 δούλων
3229 3769 3432 3835 αὑτοῦ;
3465 3768 3677 3833 ἁπαξα-

2096 3873 2245 3937 πλῶς
2289 3873 2346 3925 δὲ
2380 3870 2486 3943 χρὴ
2528 3870 2744 3940 φρονεῖν
2776 3867 2906 3939 περὶ
2934 3867 3114 3936 πάσης
3144 3861 3482 3936 παραϐολῆς,
3512 3855 3578 3933 ἧς
3605 3860 3677 3931 μὴ

2096 3961 2511 4034 ἀναγέγραπται
2549 3961 2582 4029 ή
2603 3959 2856 4029 διήγησις
2888 3957 2993 4011 ὑπὸ
3039 3954 3144 4010 τῶν
3184 3947 3601 4022 εὐαγγελιστῶν,
3631 3952 3679 4004 εί

2096 4054 2193 4109 καὶ
2236 4051 2441 4125 Ἰησοῦς
2479 4054 2591 4115 τοῖς
2636 4049 2787 4113 ἰδίοις
2834 4048 3100 4121 μαθηταῖς
3145 4046 3263 4099 κατ’
3303 4044 3435 4100 ἰδίαν
3486 4042 3677 4096 ὲπέλυε

2095 4146 2296 4207 πάντα,
2336 4144 2431 4198 καὶ
2481 4142 2568 4196 διὰ
2614 4141 2772 4196 τοῦτο
2812 4139 3137 4211 ἀπέκρυψαν
3169 4139 3218 4191 οἱ
3259 4137 3329 4191 τὰ
3376 4134 3679 4207 Εὑαγγέλια

2095 4238 2397 4310 γράφοντες
2429 4235 2527 4306 τὴν
2564 4235 2862 4305 σαφήνειαν
2891 4231 3001 4283 τῶν
3036 4229 3381 4302 παραϐολῶν,
3407 4228 3541 4285 ἐπεὶ,
3561 4226 3676 4295 μεί-

423 4336 630 4391 serunt,
650 4331 795 4398 quod
812 4329 1112 4383 litterarum
1130 4340 1378 4385 naturam
1393 4338 1712 4400 superarent
1729 4346 1989 4398 quzecun-

2098 4329 2228 4396 ζονα
2259 4324 2327 4400 ἧν
2348 4326 2417 4383 τὰ
2436 4326 2555 4380 κατ’
2591 4325 2759 4387 αὑτὰς
2782 4322 3084 4394 δηλούμενα
3105 4322 3201 4392 τῆς
3216 4319 3327 4375 τῶν
3341 4317 3691 4391 γραμμάτων-

420 4432 528 4486 quc
564 4418 617 4472 in
666 4420 770 4473 illis
798 4421 1260 4492 signiﬁcabantur,
1304 4431 1358 4477 et
1399 4437 1462 4477 ea
1496 4432 1641 4479 esset
1677 4422 1866 4477 talium
1900 4438 1997 4490 pa-

422 4508 731 4566 rabolarum
767 4514 969 4567 solutio
990 4523 1044 4568 et
1072 4513 1358 4583 expositio,
1394 4522 1453 4568 ut
1481 4513 1670 4580 libras,
1705 4512 1797 4584 qui
1827 4528 1991 4582 super

2105 4420 2185 4493 (ﬁl
2198 4437 2216 4490 )
2248 4420 2482 4489 φύσεως,
2508 4419 2603 4473 καὶ
2634 4413 2702 4489 ἦν
2722 4434 2781 4470 τε
2815 4415 3017 4486 ἑκάστη
3055 4415 3206 4478 λύσις
3235 4415 3329 4471 καὶ
3361 4412 3681 4484 ήσαφήνεια

2102 4513 2211 4566 τῶν
2231 4511 2488 4566 τοιούτων
2522 4509 2847 4582 παραϐολῶν
2875 4507 3119 4578 τοιαύτη,
3142 4506 3217 4572 ὡς
3249 4505 3385 4577 μηδὲ
3406 4504 3566 4560 αὑτὸν
3591 4503 3685 4559 τὸν,

1617 4622 1850 4680 VETUS
1890 4622 2472 4679 INTEliPRETATlO.

418 4734 691 4793 exponere
731 4737 910 4791 posse.
943 4721 1047 4777 nisi
1077 4720 1254 4793 solum
1288 4719 1589 4785 Christum,
1619 4720 1712 4791 qui
1744 4719 2028 4788 discipulis
2059 4720 2176 4774 suis
2201 4719 2386 4793 omnia
2409 4727 2627 4793 secreta
2656 4717 2839 4782 solvit,
2874 4715 3098 4793 veniens
3131 4712 3185 4793 i_n
3213 4724 3676 4793 seusumeortltm,

420 4781 752 4862 et'aperiens
781 4793 861 4845 eis
886 4781 1269 4862 parabolarum
1303 4781 1929 4862 thesauros,_obscuros,
1979 4802 2225 4862 secretos
2246 4831 2262 4855 ,
2305 4789 2731 4862 _invi_sihiles,_et
2768 4781 3100 4862 conﬁrmans
3128 4781 3679 4862 demonstrationihus

421 4851 916 4935 indubitabilibus':
947 4870 1042 4917 aut
1068 4877 1383 4935 eu_t_n_quem
1416 4851 1650 4935 voluerit
1686 4851 1993 4935 illuminare
2035 4851 2279 4935 scientia:
2304 4859 2540 4921 lumine,
2574 4866 2633 4910 ut
2662 4857 2923 4935 intelligat
2952 4854 3162 4935 omnia.
3188 4851 3458 4921 parabolae
3488 4851 3674 4935 hujus‘;

423 4929 539 4999 sive
562 4938 739 4999 autem
770 4940 945 4999 potest
967 4947 1088 4986 esse
1110 4921 1381 4995 diabolus,
1413 4931 1528 4985 sive
1557 4930 1722 4986 homo
1752 4931 1982 4999 peccati,
2012 4930 2127 4985 sive
2154 4937 2208 4984 ct
2241 4938 2431 4984 neuter
2454 4921 2792 4992 eorum,'aut
2825 4921 2965 4980 alius
2997 4922 3195 4994 aliquis
3226 4936 3417 4976 eorum
3452 4921 3544 4990 qui
3577 4921 3685 4974 sub.

420 4997 813 5070 diquOIOASlllli,
843 4998 939 5055 Est
967 5002 1109 5054 enim
1142 5000 1422 5070 sapientiae
1448 5002 1550 5055 hoc
1575 5014 1734 5068 Opus.

493 5066 584 5142 12.
626 5065 857 5133 Quando
885 5079 1087 5142 autem,
1126 5058 1424 5142 secundum
1455 5058 1789 5142 paraliolam,
1838 5070 2007 5142 homo
2031 5086 2121 5126 rex
2151 5068 2325 5125 voluit
2361 5082 2564 5140 ponere
2596 5067 2882 5142 rationem,
2910 5063 3097 5118 videre
3127 5071 3213 5142 est
3241 5060 3487 5131 dignum,
3519 5067 3574 5114 et
3609 5058 3674 5113 ad

421 5137 567 5222 quod
598 5148 814 5222 tempus
847 5154 969 5222 quzc
1001 5139 1252 5195 dicuntur
1282 5137 1800 5222 reteri-eudebemus.
1840 5139 1897 5222 Si
1927 5141 2071 5222 enim
2105 5148 2229 5222 post
2258 5137 2789 5222 eou'mtmntationeut
2811 5176 2831 5222 ,
2852 5143 3142 5222 _aut!culm‘
3155 5137 3299 5222 ipsa
3325 5146 3675 5222 consumma-

422 5200 573 5282 tione
602 5200 904 5282 secundum
939 5217 1150 5282 tempus
1175 5211 1373 5280 sperati
1403 5211 1616 5281 judicii,
1646 5212 1921 5282 quomodo
1950 5211 2074 5280 quis
2102 5200 2276 5282 solvet
2303 5208 2448 5282 quod
2478 5208 2681 5263 dicitur
2715 5207 2783 5260 de
2811 5204 3003 5282 eo_qu_i
3045 5202 3555 5282 denariosceptum
3583 5200 3674 5253 de-

424 5280 605 5356 bebat,
630 5288 686 5333 et
716 5271 1063 5356 ell'ocabatur'
1082 5280 1152 5335 ab
1272 5282 1367 5351 qui
1402 5271 1712 5356 utultOrum
1734 5271 2060 5356 talentorum
2094 5271 2515 5356 veniam'fuerat
2538 5277 2905 5356 consecutus?
3021 5280 3201 5356 autem
3235 5280 3361 5356 ante
3388 5271 3685 5356 judiciu‘me

422 5350 549 5421 quis
583 5340 763 5419 potest
787 5350 1074 5406 ostendere
1103 5340 1333 5421 positam
1371 5351 1636 5406 rationem
1664 5351 1734 5405 ab
1764 5350 1988 5406 homine
2016 5364 2142 5419 rege
2173 5364 2298 5404 cum
2333 5348 2505 5404 servis
2527 5347 2682 5403 suis?
2710 5345 2952 5401 Dicimus
2983 5344 3168 5414 igitur,
3196 5340 3454 5421 quoniam
3469 5340 3676 5395 videtur

425 5420 491 5487 de
518 5433 849 5501 temporibus
868 5429 1054 5499 iudicii
1081 5420 1349 5501 pnedictis
1372 5429 1476 5481 hoc
1500 5429 1636 5480 l'ore.
1665 5425 1916 5501 Probatjo
1938 5435 2130 5501 autent
2143 5424 2304 5501 hujus
2331 5432 2433 5484 est,
2462 5438 2565 5476 una
2580 5421 2808 5501 quidem
2833 5421 3085 5501 parabola
3126 5421 3282 5475 istius
3312 5420 3482 5490 ipsius
3506 5422 3674 5501 Evan-

428 5503 548 5573 gelii
578 5492 749 5572 posita
774 5502 827 5555 in
851 5492 1112 5573 extremo,
1129 5499 1296 5573 altera
1321 5494 2069 5573 autentsecuudunrLucani.
2094 5493 2202 5573 _Sed
2231 5500 2653 5573 ne_e.\'pone_ntes
2677 5506 2794 5573 eam
2819 5492 3199 5573 prolong‘emus
3220 5506 3549 5573 sermonem:
3576 5492 3693 5573 oret

431 5560 819 5643 viter'dicimus
836 5560 1370 5643 quoniam-parabole
1391 5567 1609 5643 quidem
1638 5565 1936 5643 secundum
1963 5560 2609 5643 Mattbazumnhzeehabet
2639 5577 2651 5613 :
2680 5580 2697 5642 ς
2729 5560 2903 5615 Ποίηο
2929 5560 3146 5643 quidam
3171 5576 3392 5643 peregre
3415 5562 3697 5643 profectus

429 5642 643 5696 vocavit
670 5630 871 5698 servos'
885 5657 1033 5708 suos,
1064 5630 1370 5695 et‘tradidit
1409 5630 1490 5694 eis
1520 5635 1878 5694 substantiam
1908 5649 2061 5688 suam
2081 5673 2096 5701 ,
2125 5643 2181 5689 et
2220 5633 2310 5687 alii
2346 5632 2565 5703 quidem
2607 5630 2864 5702 quinque,
2898 5631 2986 5686 alii
3022 5640 3201 5687 autem
3231 5630 3359 5699 duo,
3390 5630 3478 5686 alii
3509 5641 3687 5687 autem

505 5760 811 5838 uincodex
824 5767 1158 5837 Anglicanus
1168 5767 1462 5838 ἀνθρώπῳ,
1478 5766 1679 5838 Regius
1696 5766 2017 5837 ἀνθρώπων.

508 5834 625 5909 (20)
660 5836 846 5893 Codex
885 5834 1218 5910 Knglicanus
1255 5834 1422 5909 plane
1446 5834 1606 5893 habct
1650 5834 1887 5911 Χρῖστοῦ
1915 5856 2011 5910 op—

2129 5767 2278 5833 timc,
2303 5765 2503 5838 Regius
2527 5774 2707 5838 autem
2733 5759 2976 5835 Χριστῷ.

2196 5831 2308 5912 (2i)
2344 5831 2529 5894 Codex
2563 5835 2762 5911 Regius
2786 5831 3166 5906 πραγμάτων.
