4032 6308
347 451 486 508 ﬁl?)

346 657 581 733 ραϐολὰς
634 652 830 726 βιϐλία.
881 649 1096 702 Γένοιτο
1140 646 1183 700 δ’
1232 644 1299 699 ἂν
1357 642 1644 715 εὑρεθῆναι
1696 636 1923 710 καρδίαν

342 728 673 819 ἐπιτηδείαν,
713 742 808 797 καί
853 739 942 794 διὰ
982 739 1083 810 τὴν
1118 735 1468 807 καθαρότητα
1527 731 1810 802 χωροῦσαν
1856 728 1927 782 τὰ.

341 837 647 910 γράμματα
685 834 786 905 τῆς
836 829 1132 901 σαφηνείας
1159 826 1267 880 τῶν
1314 822 1658 896 παραϐολῶν,
1689 821 1834 874 ὥστε
1867 821 1926 872 ὲν

339 928 480 1000 αὐτῇ
512 925 789 998 γραφῆναι
835 919 1112 990 Πνεύματι
1151 916 1287 970 Θεοῦ
1339 914 1559 978 ζῶντος.
1623 910 1763 965 Ἀλλ’
1811 911 1929 982 ἐρεῖ

340 1037 449 1085 τις,
483 1020 564 1073 ὅτι
597 1017 805 1089 μήποτε
836 1010 1140 1080 ἀσεϐοῦμεν
1172 1010 1219 1062 οἱ
1247 1007 1490 1069 θέλοντες
1521 1004 1613 1059 διὰ
1654 1004 1718 1057 τὸ
1751 1002 1926 1074 ἀπόρ-

345 1111 508 1185 ρητόν
546 1125 710 1163 τινων
742 1105 838 1160 καὶ
880 1102 1137 1177 μυστικὸν
1163 1100 1271 1154 τῶν
1301 1098 1557 1171 ὑπεράνω
1584 1094 1926 1168 γραμμάτων

343 1200 484 1258 εἶναι
494 1198 765 1274 δηλωτικὰ
774 1196 948 1252 ταῦτα
973 1191 1301 1267 πειρώμενοι
1315 1189 1490 1246 ταῦτα
1506 1185 1928 1260 σαφηνίσαι,κᾶν

342 1296 474 1367 δοκῇ
502 1293 623 1349 καθ’
648 1291 903 1347 ὑπόθεσιν
929 1288 1161 1362 (‘22),6‘rt
1181 1285 1426 1356 ἔγνωμεν
1447 1281 1725 1354 ἐπιμελῶς
1750 1280 1928 1335 αὐτῶν

339 1382 403 1438 τὸ
427 1385 693 1459 βούλημα.
724 1381 956 1438 Λεκτέον
991 1380 1049 1434 δὲ
1070 1379 1166 1433 καὶ
1193 1377 1331 1450 πρὸς
1353 1374 1532 1442 τοῦτο,
1565 1374 1667 1435 ὅτι,
1724 1374 1773 1426 εἰ
1804 1371 1924 1443 μὲν,

343 1473 590 1548 ἀκριϐῶς
643 1471 925 1544 εἰληφότες
958 1467 1098 1523 αὐτὰ
1129 1468 1288 1531 νοεῖν,
1328 1464 1503 1519 οἴδασι
1543 1462 1606 1517 τὸ
1652 1460 1927 1533 πρακτέον

344 1568 550 1630 αὐτοῖς,
591 1566 753 1636 ἡμεῖς
799 1563 857 1617 δὲ
890 1562 939 1616 οἰ
979 1557 1367 1632 ὁμολογοῦντες
1404 1554 1795 1610 ἀπολείπεσθαι
1830 1553 1926 1607 τοῦ

341 1658 635 1730 δυνηθῆναι.
670 1656 764 1711 ἐπὶ
813 1654 877 1708 τὸ
917 1652 1078 1725 βάθος
1105 1650 1215 1707 τῶν
1241 1647 1583 1720 δηλουμένων
1610 1648 1668 1699 ὲν
1694 1644 1926 1709 τούτοις,

341 1750 394 1804 εἰ
422 1749 515 1805 καί
552 1765 674 1802 τινα
704 1744 1016 1818 παχυτέραν
1059 1742 1339 1805 περίνοιαν
1381 1739 1475 1795 ἐπὶ
1516 1738 1681 1792 ποσὸν
1717 1735 1930 1807 λαμϐά-

341 1857 507 1912 νομεν
535 1839 645 1895 τῶν
671 1840 815 1894 κατὰ
836 1838 928 1893 τὸν
958 1838 1142 1903 τόπον,
1169 1837 1434 1907 φήσομεν,
1468 1833 1552 1886 ὅτι
1574 1830 1696 1885 τινὰ
1724 1831 1823 1902 μὲν
1853 1821 1929 1886 ὧν

1270 429 1628 489 (ΞΟΜΜΕΝΤ.
1669 427 1738 484 ΙΝ
1778 415 2200 481 ΜΑΤΤΗᾸΞΠΜ
2238 418 2478 476 TOMUS
2510 413 2626 469 ΚΝ

343 566 549 637 κόσμον
580 562 776 635 χωρεῖν
820 557 891 613 τὰ
927 552 1247 628 γραφόμενα
1280 552 1361 615 εἰς
1390 549 1489 614 τὰς
1521 546 1777 610 τοιαύτας
1810 562 1917 637 πα·

2029 541 2088 596 iis
2131 536 2406 610 parabolis
2448 527 2744 598 conscripti
2807 523 3059 589 fuissent,
3109 536 3145 577 ιι

2180 629 2192 637 “
2625 620 2809 637 ιη⁶-ΑΑ-
2891 615 2956 637 Δ-
2997 612 3109 637 (2-..:

3461 399 3557 455 ιει
3574 399 3601 453 ιι

3149 534 3180 576 e
3229 518 3346 589 ipse
3382 515 3601 588 quidem

2029 629 2266 687 mundus
2309 639 2502 697 capere
2551 620 2835 692 potuisset.
2880 615 2958 669 Ac
2996 612 3113 667 fieri
3156 625 3288 666 sane
3323 616 3501 679 potest
3544 615 3603 662 nt

2027 736 2123 776 cor
2170 696 2456 781 idoneum,
2503 720 2558 768 et
2594 709 2920 779 scriptorum
2975 696 3259 772 parabolas
3309 698 3607 770 explanan—

2027 813 2161 865 tium
2205 817 2422 879 propter
2467 801 2789 859 mtnulitiem
2823 812 2995 867 capax
3042 794 3380 863 reperiatur,
3425 791 3501 844 ita
3544 799 3604 845 ut

2028 903 2144 958 lucc
2183 902 2236 955 in
2280 914 2346 954 eo
2388 902 2684 952 exarcnlur
2730 891 2935 961 Spiritu
2970 886 3063 941 Dei
3105 884 3233 939 vivi.
3284 882 3355 936 At
3398 879 3608 951 inquiet

2027 993 2227 1064 aliquis
2260 990 2423 1061 impie
2466 1002 2568 1043 nos
2611 984 2842 1039 fortasse
2867 994 3028 1048 agere
3071 977 3163 1048 qui
3199 984 3418 1046 propter
3451 986 3607 1027 arca-

2027 1100 2159 1141 num
2184 1082 2494 1138 divinorum
2532 1076 2858 1145 scriptorum
2899 1079 2954 1125 et
2987 1067 3327 1124 reconditum
3359 1077 3603 1127 sensum,

2027 1177 2145 1232 haec
2169 1191 2294 1230 eum
2327 1171 2600 1228 elneidare
2642 1176 2697 1222 et
2737 1164 3019 1220 declarare
3055 1173 3215 1231 posse
3247 1157 3522 1224 volumus,
3554 1163 3610 1210 et

2026 1267 2202 1322 lucem
2238 1266 2304 1322 iis
2340 1264 2532 1319 afferre
2561 1273 2862 1322 conamur;
2892 1254 3126 1318 etiamsi,
3164 1260 3225 1306 ut
3251 1250 3313 1306 id
3333 1249 3405 1303 ita
3440 1263 3611 1318 pona-

2029 1373 2174 1421 mus,
2196 1369 2385 1411 eorum
2414 1349 2737 1409 sententiam
2763 1355 3017 1401 accurate
3042 1342 3278 1398 assecuti
3306 1341 3607 1395 videamur.

2028 1448 2108 1503 Ad
2144 1448 2197 1502 id
2243 1441 2682 1514 respondendum
2729 1447 2842 1500 est,
2884 1434 3030 1507 quod
3073 1435 3118 1489 si
3170 1432 3206 1487 ii
3251 1432 3453 1502 quibus
3493 1431 3611 1485 haec

2029 1539 2329 1608 intelligere
2369 1535 2557 1590 datum
2605 1539 2727 1596 est,
2770 1529 2900 1599 quid
2947 1526 3049 1581 sibi
3091 1524 3356 1594 agendum
3412 1524 3483 1577 sit
3526 1532 3607 1577 te-

2030 1637 2215 1694 neunt,
2247 1642 2347 1682 nos
2375 1632 2523 1680 certe
2566 1622 2658 1692 qui
2702 1621 2760 1675 in
2804 1633 2984 1673 rerum
3014 1632 3136 1686 quae
3167 1615 3255 1669 hic
3303 1614 3617 1685 significan-

2031 1730 2143 1786 tur,
2180 1716 2609 1789 profunditatem
2664 1721 2947 1781 pcnetrare
2997 1724 3104 1761 non
3155 1721 3317 1775 posse
3357 1705 3614 1766 fatemur.

2031 1809 2248 1865 etiamsi
2311 1806 2586 1862 rudiorem
2637 1802 2981 1872 aliquatenus
3035 1796 3444 1866 intelligentiam
3511 1793 3615 1848 loci

345 1884 632 2002 ὲκῖολλῆς
652 1930 884 2001 βασάνου
917 1930 1011 1984 καὶ
1043 1884 1635 2000 ξητήζιεωςΓ-εῦνρίσκειν
1665 1884 1926 1991 δοκοῦμεν

2031 1902 2196 1968 hujus
2226 1897 2573 1971 percepimus
2593 1933 2608 1959 ,
2636 1891 2896 1947 nonnulla
2923 1890 3141 1960 quidem
3167 1903 3232 1943 ex
3263 1887 3330 1942 iis
3357 1900 3478 1956 qua:
3501 1884 3623 1939 sive

2037 1992 2072 2002 λ
2113 1992 2125 2002 .
2234 1999 2243 2002 Α
2357 1997 2367 2002 Α
2504 1986 2561 2002 -0,
2653 1983 2753 2002 κρυ-
2793 1981 3008 2002 ..-φ-..8,
3046 1988 3214 2002 ...Α-..Α
3242 1987 3356 2002 ...ι-ι
3389 1978 3612 2002 mula-..

342 2024 456 2077 εἴτε
474 2022 654 2095 χάριτι
673 2021 811 2077 Θεοῦ
837 2020 946 2077 εἴτε
968 2020 1195 2092 δυνάμει
1220 2018 1316 2074 τοῦ
1345 2019 1403 2071 ὲν
1432 2019 1562 2090 ἡμῖν
1585 2015 1700 2080 νοῦ,
1727 2015 1787 2069 οὗ
1808 2013 1928 2068 τολ-

345 2114 535 2187 μῶμεν
550 2113 909 2186 ὲμπιστεῦσαι
926 2112 1237 2186 γράμμασι·
1264 2111 1388 2167 τινὰ
1405 2110 1463 2165 δὲ
1483 2109 1786 2181 γυμνασίας
1799 2110 1928 2180 ἠμε-

340 2204 528 2278 τέρας,
561 2205 658 2260 καὶ
700 2204 805 2275 τῆς
849 2203 960 2258 τῶν
996 2202 1394 2274 ἐντευξομένων
1425 2201 1605 2272 χάριν,
1636 2200 1728 2253 ἐπὶ
1761 2201 1927 2255 ποσὸν

343 2296 688 2371 ὲκτιθέμεθα.
720 2294 880 2350 Ἀλλὰ
900 2294 1074 2350 ταῦτα
1093 2293 1194 2366 μὲν
1211 2292 1633 2364 ἀπολελογήσθω
1647 2293 1736 2348 διὰ
1750 2292 1813 2346 τὸ
1826 2293 1926 2364 τῆς

345 2388 659 2460 παραϐολῆς
700 2386 895 2458 βάθος·
938 2385 1076 2458 πρὸς
1104 2385 1163 2440 δὲ
1194 2385 1255 2439 τὸ
1289 2385 1417 2439 πότε
1456 2383 1724 2456 ἠθέλησεν
1762 2386 1792 2438 ὁ
1822 2386 1925 2457 τῆς

345 2477 658 2549 παραϐολῆς
697 2476 946 2547 βασιλεὺς
990 2475 1276 2549 ἄνθρωπος
1321 2478 1550 2548 συνᾶραι
1597 2476 1754 2546 λόγον
1787 2477 1924 2549 μετὰ

342 2568 454 2623 τῶν
489 2568 691 2623 δούλων
718 2569 907 2647 αὑτοῦ,
943 2569 1211 2641 φήσομεν,
1254 2568 1338 2622 ὅτι
1370 2567 1516 2622 ἔοικε
1548 2569 1679 2638 περί
1709 2569 1802 2622 τὸν
1835 2586 1927 2623 κε-

345 2659 690 2733 κηρυγμένον
709 2661 807 2732 τῆς
839 2661 1074 2732 κρίσεως
1100 2660 1291 2733 καιρὸν
1320 2659 1383 2713 τὸ
1418 2659 1628 2714 τοιοῦτο
1657 2659 1921 2728 γίνεσθαι.

346 2754 647 2825 Παριστᾶσι
692 2753 751 2806 δὲ
778 2752 938 2806 τοῦτο
984 2752 1083 2824 μία
1130 2752 1229 2823 μὲν
1266 2751 1406 2823 πρὸς
1445 2753 1558 2814 τοῖς
1598 2750 1926 2816 τελευταίοις

345 2843 442 2897 τοῦ
471 2842 830 2915 προκειμένου
863 2843 1198 2914 Εὑαγγελίου
1243 2841 1546 2915 παραϐολὴ,
1592 2843 1693 2915 μία
1727 2842 1785 2897 δὲ
1831 2843 1925 2899 καὶ

346 2937 412 2991 ἐκ
441 2934 535 2989 τοῦ
567 2935 709 2990 κατὰ
738 2937 975 2990 Λουκᾶν.
1011 2937 1124 2991 Καὶ
1156 2936 1245 2991 ἶνα
1279 2934 1355 3008 μὴ
1390 2935 1560 3007 αὐτὴν
1588 2934 1924 3007 ἐκτιθέμενοι

344 3025 445 3097 την
483 3025 628 3091 λέξιν
661 3025 992 3099 μηκύνωμεν
1026 3026 1119 3080 τὸν
1139 3024 1316 3094 λόγον,
1345 3023 1644 3096 δυναμένου
1672 3024 1765 3078 τοῦ
1803 3024 1925 3095 βου-

345 3114 571 3188 λομὲνου
600 3119 695 3171 ἀπ’
727 3118 899 3188 αὐτῆς
926 3117 1028 3187 τῆς
1055 3116 1277 3191 Γραφῆς
1306 3115 1513 3180 λαϐεῖν,
1553 3116 1818 3187 φήσομεν,
1839 3116 1922 3171 δτι

342 3212 379 3281 ἡ
427 3210 524 3280 μὲν
555 3208 695 3265 κατὰ
736 3208 1017 3265 Ματθαῖον
1049 3206 1332 3280 παραϐολή
1364 3209 1483 3261 ἐστι
1519 3206 1775 3278 δηλοῦσα,
1816 3209 1919 3274 ὅτι,

350 3321 369 3352 ι
415 3301 504 3366 Ὠς
546 3298 830 3373 ἄνθρωπος
861 3299 1156 3371 ἀποδημῶν
1188 3299 1414 3353 ἐκάλεσε
1449 3301 1575 3364 τοὺς
1610 3300 1771 3364 ἰδίους
1798 3301 1922 3354 δού-

344 3396 491 3461 λους,
514 3395 608 3449 καὶ
634 3394 950 3466 παρέδωκεν
977 3393 1161 3456 αὐτοῖς
1187 3391 1256 3446 τὰ
1284 3392 1597 3464 ὑπάρχοντα
1620 3392 1809 3459 αὐτοῦ,
1830 3393 1924 3448 καὶ

348 3487 452 3541 τινὶ
501 3487 598 3557 μὲν
630 3485 812 3551 πέντε,
845 3485 953 3539 τινὶ
977 3484 1034 3538 δὲ
1077 3484 1191 3549 δύο,
1230 3486 1338 3537 τινὶ
1381 3484 1438 3537 δὲ
1479 3485 1539 3538 ἓν
1580 3486 1868 3540 τάλαντον·
1898 3505 1919 3538 ι

349 3576 446 3633 εἶτ’
500 3580 696 3633 ἐκεῖνοι
747 3578 1083 3649 πεποιήκασι
1138 3576 1267 3647 περί
1312 3575 1383 3629 τὰ
1431 3576 1883 3650 ἐγκεχειρισμένα
1906 3594 1920 3608 °

354 3692 374 3724 ι
408 3674 517 3727 Καὶ
550 3670 689 3744 μετὰ
722 3671 889 3725 πολὺν
929 3668 1117 3742 χρόνον
1144 3668 1361 3740 ἔρχεται
1392 3670 1421 3722 ὁ
1448 3668 1635 3739 κύριος
1660 3669 1768 3722 τῶν
1804 3668 1926 3722 δού-

347 3763 456 3818 λων
490 3761 746 3816 ἐκείνων
789 3779 808 3813 ι
849 3760 944 3813 καὶ
969 3759 1162 3822 αὐταῖς
1198 3756 1375 3823 λέξεσι
1414 3758 1746 3829 γέγραπται,
1787 3778 1806 3810 ι
1845 3760 1926 3814 ὃτι

348 3855 445 3908 καὶ
483 3853 726 3925 συναίρει
758 3853 875 3924 μετ’
900 3851 1081 3905 αὐτῶν
1101 3848 1258 3918 λόγον
1276 3865 1290 3879 ·
1332 3868 1351 3902 ι
1379 3849 1474 3902 καὶ
1497 3848 1785 3922 σύγκρινον
1814 3850 1926 3923 (25)

345 3941 428 4017 τῷ
449 3962 463 3977 ·
499 3964 519 3997 ι
555 3944 664 3999 Καὶ
684 3942 989 4015 ἀρξαμένου
1013 3941 1071 3995 δὲ
1103 3938 1268 3995 αὑτοῦ
1299 3940 1599 4013 συναίρειν·
1637 3960 1655 3993 ι
1684 3942 1779 3996 καὶ
1805 3944 1925 4015 ὅρα,

347 4039 431 4091 ὃτι
451 4034 760 4107 ἀποδημίαν
792 4034 890 4106 μὲν
906 4033 1133 4088 ἐκάλεσε
1159 4030 1255 4085 τοῦ
1287 4032 1667 4088 οἰκοδεσπότου
1690 4034 1782 4088 τὸν
1804 4035 1930 4107 χρό-

349 4146 440 4183 νον
469 4127 591 4183 καθ’
624 4128 685 4183 ὃν
737 4147 756 4179 ι
784 4124 1142 4199 ἐνδημοῦντες
1173 4126 1231 4178 ὲν
1267 4125 1345 4196 τῷ
1376 4124 1612 4197 σώματι,
1658 4125 1931 4198 ἐκδημοῦ-

352 4237 454 4292 μεν
504 4220 613 4279 ἁπδ
665 4218 763 4273 τοῦ
809 4219 1031 4293 Κυρίου,
1075 4236 1094 4270 ι
1150 4216 1444 4290 ἐπιδημίαν
1499 4218 1556 4271 δὲ
1604 4217 1791 4281 αὑτοῦ,
1839 4219 1930 4272 ὅτε

357 4331 376 4364 ι
420 4310 559 4383 μετὰ
590 4311 755 4366 πολὺν
793 4312 985 4383 χρόνον
1017 4310 1234 4383 ἔρχεται
1274 4312 1304 4364 ὁ
1354 4309 1542 4382 κύριος
1579 4308 1690 4364 τῶν
1731 4308 1932 4365 δούλων

349 4406 597 4472 ἐκείνων,
639 4424 658 4457 ι
697 4405 790 4459 τὸν
836 4405 929 4458 ἐπὶ
973 4403 1250 4476 συντελείᾳ
1291 4404 1350 4456 ὲν
1388 4406 1454 4475 τῇ
1482 4402 1662 4474 κρίσει
1699 4402 1890 4474 καιρόν
1913 4420 1928 4435 ·

356 4516 380 4551 ι
413 4498 551 4571 μετὰ
591 4496 701 4570 γὰρ
724 4497 912 4570 χρόνον
956 4495 1122 4550 πολὺν
1147 4494 1362 4567 ἔρχεται
1393 4496 1423 4549 ὁ
1454 4493 1643 4565 κύριος
1676 4492 1786 4548 τῶν
1810 4494 1926 4548 δού-

2037 1992 2127 2047 Dei
2154 1999 2287 2045 nutu
2320 1997 2375 2044 et
2400 1986 2596 2058 gratia,
2645 1983 2760 2040 sive
2792 1981 3014 2052 proprio
3044 1988 3217 2034 marte
3241 1987 3364 2050 post
3389 1978 3615 2032 multam

2033 2080 2471 2153 disquisitionem
2524 2087 2577 2134 et
2621 2091 2849 2132 examen
2896 2073 3165 2143 reperisse
3209 2069 3474 2135 videmur,
3515 2083 3616 2125 nos

2035 2174 2251 2229 tradere
2285 2170 2481 2226 litteris
2508 2182 2615 2223 non
2648 2166 2848 2221 audere
2881 2163 3163 2231 dicemus;
3203 2160 3462 2216 nonnulla
3487 2174 3617 2214 vero

2032 2266 2380 2334 aliquatenus
2418 2274 2710 2330 exponere,
2742 2272 2866 2313 cum
2903 2256 3099 2320 nostri,
3123 2265 3236 2310 tum
3267 2267 3455 2308 eorum
3489 2266 3618 2320 gra-

2034 2356 2106 2411 tia
2155 2352 2249 2423 qui
2279 2353 2395 2408 haec
2454 2351 2654 2420 legent.
2734 2346 2839 2402 Sed
2897 2346 3014 2401 haec
3073 2353 3295 2415 propter
3342 2341 3616 2397 occultum

2032 2444 2305 2516 parabolae
2390 2454 2614 2499 sensum
2681 2438 2737 2492 in
2815 2436 2986 2494 nostri
3028 2435 3189 2509 631
3242 2433 3618 2491 defensionem

2030 2539 2172 2594 dicta
2216 2536 2344 2592 sint.
2380 2534 2461 2589 Ad
2495 2534 2785 2605 quazsitnm
2827 2539 3009 2587 autem
3051 2528 3205 2595 illud,
3261 2524 3619 2596 quandonam

2032 2630 2197 2684 homo
2231 2627 2323 2682 ille
2363 2641 2456 2681 rex
2504 2623 2777 2696 parabolae
2815 2636 2941 2675 cum
2992 2617 3166 2675 servis
3208 2617 3325 2673 suis
3375 2615 3619 2670 rationes

2030 2728 2224 2790 putare
2260 2718 2513 2784 voluerit,
2545 2717 2597 2771 id
2629 2715 2774 2771 circa
2810 2709 3228 2781 pmnuntiatum
3250 2706 3441 2778 judicii
3482 2715 3611 2760 tem-

2032 2826 2137 2882 pus
2187 2810 2504 2881 contingere
2549 2807 2816 2863 dicemus.
2870 2802 3114 2858 Probant
3168 2799 3301 2854 illud
3345 2797 3619 2868 parabolae

2031 2902 2174 2964 dum,
2207 2916 2440 2971 quarum
2473 2916 2582 2954 una
2631 2911 2824 2952 versus
2859 2891 3134 2963 Evangelii
3165 2889 3395 2960 hujusce
3431 2890 3618 2956 linem,

2031 2993 2200 3047 altera
2246 2993 2301 3046 in
2344 2990 2637 3061 Evangelia
2681 2986 2981 3043 secundum
3031 2982 3230 3038 Lucam
3284 2979 3616 3036 continetur.

2033 3081 2099 3136 Et
2129 3098 2195 3137 ue
2223 3082 2401 3151 ipsum
2434 3088 2751 3135 contextum
2783 3075 3143 3146 proferentes,
3170 3072 3384 3141 longius
3413 3069 3617 3125 oratio-

2032 3186 2154 3223 nem
2207 3168 2600 3239 producamus,
2649 3182 2772 3220 cum
2825 3165 3122 3233 unicuique
3160 3162 3358 3215 volenti
3406 3175 3501 3214 eas
3551 3176 3615 3214 ex

1953 3256 1998 3319 C
2030 3259 2145 3331 ipsa
2181 3259 2460 3331 Scriptura
2492 3268 2674 3329 petere
2707 3257 2869 3312 facile
2921 3256 3012 3319 sit,
3045 3255 3096 3309 id
3136 3270 3304 3309 unum
3335 3253 3619 3314 dicemus.

2026 3351 2344 3421 parabolam
2375 3365 2498 3421 quae
2529 3350 2672 3419 apud
2719 3347 3032 3403 Mattlneum
3063 3353 3278 3408 exstat,
3321 3344 3453 3398 illud
3491 3356 3617 3412 pru-

2031 3458 2234 3513 ponere
2265 3442 2310 3473 ³*
2352 3460 2366 3497 :
2405 3459 2424 3493 ι
2461 3439 2615 3495 Sicut
2660 3441 2823 3494 homo
2877 3453 3100 3509 peregre
3142 3436 3490 3506 prolidscens
3524 3449 3615 3487 vo~

2027 3533 2168 3587 cavit
2194 3546 2381 3586 servos
2413 3547 2567 3594 suos,
2612 3537 2667 3584 ιι
2707 3530 2928 3586 tradidit
2974 3529 3079 3582 illis
3106 3527 3250 3581 bona
3282 3542 3402 3590 sua,
3426 3534 3482 3579 et
3522 3525 3616 3578 nni

2027 3621 2302 3691 quinque,
2350 3619 2441 3675 alii
2490 3629 2672 3675 autem
2724 3620 2866 3684 duo,
2918 3619 3008 3673 alii
3061 3634 3190 3672 vero
3241 3632 3408 3670 unum
3449 3615 3619 3671 talen-

2030 3719 2174 3776 tum;
2213 3728 2231 3762 ι
2261 3707 2456 3764 deinde
2488 3717 2673 3762 autem
2705 3724 2790 3762 res
2822 3707 2924 3762 sibi
2954 3706 3180 3763 traditas
3217 3715 3362 3760 certa
3394 3704 3498 3757 hac
3525 3719 3621 3756 ra-

2031 3800 2180 3856 tione
2207 3798 2666 3859 administrarunt
2691 3819 2702 3853 :
2735 3817 2753 3848 ι
2784 3797 2910 3852 Post
2945 3798 3178 3851 multum
3205 3810 3332 3849 vero
3359 3792 3619 3862 temporis

2029 3888 2179 3944 venit
2229 3888 2487 3944 dominus
2537 3901 2821 3942 servorum
2864 3885 3082 3940 illorum
3134 3885 3210 3950 u;
3262 3902 3282 3934 ›
3324 3880 3617 3937 ριν-ἰίειιοιιι

2029 3979 2212 4036 verbis
2245 3979 2509 4051 scriptum
2552 3992 2676 4033 esse
2718 3977 2800 4045 ³⁸,
2833 3996 2852 4028 ι
2891 3976 3142 4047 posuisse
3168 3975 3318 4030 illum
3350 3973 3618 4029 rationem

2032 4088 2154 4130 cum
2185 4072 2299 4137 eis;
2338 4090 2357 4122 ι
2395 4080 2508 4125 tum
2540 4067 2728 4126 confer
2758 4084 2882 4125 cum
2913 4068 3033 4123 istis
3068 4067 3111 4099 ³⁷
3149 4085 3163 4122 :
3202 4086 3220 4118 ι
3258 4066 3323 4121 Et
3353 4082 3476 4121 cum
3507 4079 3623 4121 cm-

2032 4164 2203 4234 pisset
2239 4161 2505 4216 rationem
2549 4176 2787 4231 ponere;
2827 4179 2845 4211 ι
2881 4168 2935 4215 et
2976 4158 3347 4214 animadverte
3381 4156 3622 4227 peregri-

2037 4255 2317 4310 nationem
2372 4251 2792 4324 patrisfamiEias
2848 4259 3062 4321 tempus
3121 4250 3249 4305 illud
3297 4248 3620 4319 appellasse,

2033 4362 2143 4417 quo
2176 4364 2195 4397 ι
2237 4345 2367 4399 dum
2403 4358 2599 4399 sumus
2628 4343 2681 4397 in
2716 4357 2967 4412 corpore,
3001 4341 3413 4414 peregrinantur
3442 4356 3473 4393 a
3506 4337 3616 4392 Do-

2037 4434 2292 4502 mino”;
2336 4453 2355 4487 ι
2395 4435 2689 4490 adventum
2746 4444 2927 4488 autem
2980 4432 3187 4503 ipsius,
3245 4446 3370 4486 cum
3425 4450 3444 4482 ι
3496 4438 3620 4500 post

2037 4527 2271 4582 multum
2302 4534 2516 4596 tempus
2546 4525 2694 4580 venit
2719 4524 2976 4580 dominus
3010 4537 3293 4579 servorum
3327 4511 3566 4586 illorum,
3593 4539 3614 4573 ι

347 4591 459 4645 λων
481 4589 756 4655 ὲκείνων,›
797 4593 890 4648 καὶ
910 4595 1151 4667 συναίρει
1172 4597 1292 4667 μετ’
1310 4589 1490 4646 αὐτῶν
1503 4591 1681 4662 λόγον,
1739 4586 1836 4643 καὶ
1864 4585 1926 4640 τὰ

2038 4625 2253 4687 tempus
2277 4614 2470 4686 judicii
2499 4613 2553 4668 in
2588 4613 3061 4670 consummatione
3080 4614 3106 4680 ;‘
3126 4628 3250 4666 nam
3280 4631 3297 4663 ι
3328 4622 3449 4681 post
3479 4611 3619 4665 tnui-

354 4691 484 4764 ἑξῆς
510 4690 736 4760 γίνεται.
776 4691 842 4743 Ἡ
882 4690 940 4745 δὲ
971 4688 1113 4744 κατὰ
1161 4689 1377 4745 Δουκᾶν
1419 4688 1752 4760 σαφέστερον
1790 4705 1933 4761 παρ-

356 4796 590 4870 ίστησιν,
614 4795 698 4850 ὅτι
732 4815 751 4849 ι
785 4795 1011 4873 εὐγενὴς
1033 4792 1338 4867 ἄνθρωπος,
1372 4793 1657 4867 πορευθεὶς
1696 4794 1777 4859 εἰς
1819 4792 1926 4866 χώ-

2038 4717 2154 4763 tum
2189 4706 2454 4778 temporis
2499 4706 2645 4761 venit
2685 4706 2942 4761 dominus
2984 4720 3267 4760 servorum
3299 4704 3551 4767 illorum,
3595 4721 3614 4754 ι

2035 4807 2091 4854 et
2122 4799 2277 4869 ponit
2326 4800 2592 4855 rationem
2636 4815 2761 4855 cum
2809 4800 2925 4866 eis,
2977 4806 3032 4854 et
3085 4798 3221 4853 fiunt
3273 4813 3397 4869 quae
3425 4796 3621 4851 deinde

1556 4930 1787 4989 VETUS
1827 4930 2416 4993 INTERPRETATIO.

352 5084 616 5140 talentum
644 5100 838 5140 unum.
875 5083 939 5139 Et
970 5089 1096 5154 post
1127 5082 1357 5139 multum
1410 5091 1625 5154 tempus
1661 5096 1912 5138 reversus
1938 5089 2023 5136 est
2061 5081 2315 5154 dominus
2344 5095 2627 5154 se_rvor_u_m
2667 5092 2880 5132 eorum.
2933 5093 2952 5127 ι
2998 5068 3179 5154 latinis
3208 5071 3361 5154 ipsis
3404 5081 3616 5154 sermo-‘-

355 5155 519 5226 nibus
560 5156 824 5226 scriptum
852 5162 938 5211 est
964 5144 1222 5226 quoniam
1249 5171 1268 5204 ι
1302 5153 1482 5226 posuit
1511 5144 1780 5226 rationem
1798 5167 1923 5206 eum
1953 5153 2128 5207 servis
2156 5152 2293 5226 suis.
2325 5170 2348 5226 ξ
2373 5150 2673 5206 Considera
2704 5163 2836 5217 ergo
2868 5144 3014 5217 quod
3035 5145 3124 5226 .ait
3157 5161 3199 5223 ⁸ι
3230 5159 3256 5202 ,ι
3303 5146 3369 5194 ιιι

3436 5140 3619 5219 posuit

357 5204 1251 5289 νεῖἰῖδῖιοῖιῖὲῖιίἷῖὲῑέῖιῖιῖὄῆιὲιι
1278 5204 1935 5292 antesignanus.
1956 5204 2487 5292 235:3“.‘iueipaeivta
2506 5204 2687 5292 autem
2718 5204 2919 5292 poiieri:
2948 5208 3247 5292 rationem;
3279 5229 3298 5263 ›
3330 5217 3384 5264 et
3406 5204 3616 5290 videbis

355 5278 613 5362 quoniam
647 5278 1134 5366 peregrinationum]
1162 5292 1380 5366 quidem
1411 5278 1819 5366 patris-familias
1849 5292 2137 5366 appellavit
2165 5278 2379 5366 tempus
2404 5278 2892 5366 secundum'quod
2927 5303 2953 5366 ι.
2975 5285 3163 5354 ⁹ιίοιιιιιε
3187 5295 3377 5338 sumus
3404 5278 3458 5331 in
3490 5289 3612 5329 cor—

358 5356 507 5429 pore,
533 5356 944 5436 peregrinamur
967 5380 999 5418 a
1031 5361 1143 5417 Deo
1161 5356 1195 5429 ;’
1215 5381 1235 5415 ι
1269 5356 1560 5436 adventum
1585 5361 1725 5431 ejus,
1751 5356 1970 5436 quando
1993 5371 2113 5436 po_st
2142 5356 2371 5436 multum
2388 5370 2615 5436 _tempus
2640 5356 2787 5413 venit
2808 5356 3064 5436 dominus
3094 5364 3374 5436 sonorum
3400 5358 3615 5436 eorum.

358 5420 571 5511 ielnpu's
601 5420 724 5511 esse
756 5434 946 5511 iudicii
975 5448 1100 5489 cum
1123 5420 1340 5511 venerit
1368 5431 1423 5511 ip
1447 5420 2012 5511 consummationem.-
2043 5429 2354 5511 Secundum
2387 5420 2591 5511 Lucam
2634 5438 2832 5511 autem
2863 5426 3065 5481 clarius
3109 5420 3440 5497 manifestat.
3474 5428 3613 5511 Ἧιο·

357 5486 567 5558 niam;
604 5486 776 5561 {.3156
790 5486 1020 5575 quidam
1049 5486 1245 5558 nobilis
1275 5486 1551 5572 profectus
1575 5509 1660 5555 est
1686 5501 1741 5555 in
1769 5501 2044 5572 regionem
2074 5500 2427 5572 longinquam
2452 5500 2703 5570 accipere
2731 5497 2833 5553 sibi
2865 5509 3114 5565 regnum,
3144 5500 3198 5547 et
3228 5486 3441 5545 reverti.
3484 5486 3616 5539 Pro-

431 5641 478 5675 “
511 5641 701 5699 Matth.
733 5660 859 5713 xxv,
888 5646 975 5701 Η.
1018 5656 1023 5663 ’
1051 5643 1097 5676 ³⁸
1126 5641 1258 5698 ibid.
1295 5640 1385 5696 l9.
1460 5640 1508 5672 ³⁸
1539 5639 1673 5696 ibid.
1748 5640 1792 5673 ³⁷
1820 5638 1926 5694 Mal

2037 5654 2192 5704 xvnl,
2221 5638 2314 5692 24.
2391 5636 2436 5669 ³⁸
2468 5634 2652 5692 “Cor.
2680 5648 2735 5700 ν,
2766 5632 2821 5688 6.

424 5791 536 5863 (‘22)
574 5790 747 5863 codd.
779 5789 996 5863 [leget
1029 5788 1188 5860 Angl.
1216 5787 1493 5863 ὑπόθεσιν.
1536 5784 1715 5844 Edilio
1747 5784 1931 5842 lluetii

363 5868 419 5925 ιιι
435 5859 598 5922 textu
628 5860 791 5920 habet
816 5859 1145 5928 ὑποθέσεως,
1170 5859 1331 5917 male.

2106 5781 2219 5855 (35)
2254 5781 2439 5842 Codex
2472 5781 2695 5856 Regius,
2732 5776 3083 5854 συγκρίνας-ἲ
