  <div class='ocr_page' id='page_1' title='image "/cluster/home/n/w/nwhite01/storage/ocr_20150623/13/mdp.39015007036059/611.png"; bbox 0 0 4032 6308; ppageno 0'>
   <div class='ocr_carea' id='block_1_1' title="bbox 422 374 564 432">
    <p class='ocr_par' dir='ltr' id='par_1_1' title="bbox 422 374 564 432">
     <span class='ocr_line' id='line_1_1' title="bbox 422 374 564 432; baseline 0 0"><span class='ocrx_word' id='word_1_1' title='bbox 422 374 564 432; x_wconf 61' lang='lat'><strong>(2)3</strong></span> 
     </span>
    </p>
   </div>
   <div class='ocr_carea' id='block_1_2' title="bbox 1874 376 2195 441">
    <p class='ocr_par' dir='ltr' id='par_1_2' title="bbox 1874 376 2195 441">
     <span class='ocr_line' id='line_1_2' title="bbox 1874 376 2195 441; baseline 0.012 -12"><span class='ocrx_word' id='word_1_2' title='bbox 1874 376 2195 441; x_wconf 70' lang='lat' dir='ltr'><strong>OBIGEXIS</strong></span> 
     </span>
    </p>
   </div>
   <div class='ocr_carea' id='block_1_3' title="bbox 3549 378 3691 435">
    <p class='ocr_par' dir='ltr' id='par_1_3' title="bbox 3549 378 3691 435">
     <span class='ocr_line' id='line_1_3' title="bbox 3549 378 3691 435; baseline 0.007 -3"><span class='ocrx_word' id='word_1_3' title='bbox 3549 378 3691 435; x_wconf 65' lang='lat'><strong>£216</strong></span> 
     </span>
    </p>
   </div>
   <div class='ocr_carea' id='block_1_4' title="bbox 421 487 2010 566">
    <p class='ocr_par' dir='ltr' id='par_1_4' title="bbox 421 487 2002 562">
     <span class='ocr_line' id='line_1_4' title="bbox 421 487 2002 562; baseline 0 -15"><span class='ocrx_word' id='word_1_4' title='bbox 421 490 627 562; x_wconf 72' lang='lat' dir='ltr'><strong>scripta</strong></span> <span class='ocrx_word' id='word_1_5' title='bbox 657 497 805 546; x_wconf 88' lang='lat' dir='ltr'><strong>sunt.</strong></span> <span class='ocrx_word' id='word_1_6' title='bbox 863 488 933 544; x_wconf 84' lang='lat' dir='ltr'><strong>At</strong></span> <span class='ocrx_word' id='word_1_7' title='bbox 963 503 1086 559; x_wconf 70' lang='lat' dir='ltr'><strong>qua:</strong></span> <span class='ocrx_word' id='word_1_8' title='bbox 1119 504 1148 543; x_wconf 90' lang='lat' dir='ltr'><strong>a</strong></span> <span class='ocrx_word' id='word_1_9' title='bbox 1197 487 1344 545; x_wconf 83' lang='lat' dir='ltr'><strong>Luca</strong></span> <span class='ocrx_word' id='word_1_10' title='bbox 1376 490 1571 545; x_wconf 83' lang='lat' dir='ltr'><strong>tradita</strong></span> <span class='ocrx_word' id='word_1_11' title='bbox 1600 501 1685 547; x_wconf 81' lang='lat' dir='ltr'><strong>est</strong></span> <span class='ocrx_word' id='word_1_12' title='bbox 1710 492 1785 558; x_wconf 63' lang='lat'><strong>3’,</strong></span> <span class='ocrx_word' id='word_1_13' title='bbox 1811 510 1819 516; x_wconf 89' lang='grc'><strong>·</strong></span> <span class='ocrx_word' id='word_1_14' title='bbox 1842 491 2002 548; x_wconf 89' lang='lat' dir='ltr'><strong>docet</strong></span> 
     </span>
    </p>
   </div>
   <div class='ocr_carea' id='block_1_5' title="bbox 2110 487 3689 566">
    <p class='ocr_par' dir='ltr' id='par_1_5' title="bbox 2110 492 3689 566">
     <span class='ocr_line' id='line_1_5' title="bbox 2110 492 3689 566; baseline 0.001 -20"><span class='ocrx_word' id='word_1_15' title='bbox 2110 511 2206 566; x_wconf 89' lang='grc' dir='ltr'><strong>ραν</strong></span> <span class='ocrx_word' id='word_1_16' title='bbox 2245 492 2461 565; x_wconf 77' lang='grc' dir='ltr'>μακρὰν</span> <span class='ocrx_word' id='word_1_17' title='bbox 2499 493 2680 547; x_wconf 76' lang='grc' dir='ltr'>λαϐεῖν</span> <span class='ocrx_word' id='word_1_18' title='bbox 2719 492 2893 564; x_wconf 78' lang='grc' dir='ltr'>ἐαυτῷ</span> <span class='ocrx_word' id='word_1_19' title='bbox 2932 492 3226 564; x_wconf 74' lang='grc' dir='ltr'>βασιλείαν,</span> <span class='ocrx_word' id='word_1_20' title='bbox 3284 492 3377 546; x_wconf 73' lang='grc' dir='ltr'><strong>καὶ</strong></span> <span class='ocrx_word' id='word_1_21' title='bbox 3417 492 3689 565; x_wconf 76' lang='grc' dir='ltr'>ὑποστρέ-</span> 
     </span>
    </p>
   </div>
   <div class='ocr_carea' id='block_1_6' title="bbox 421 580 1999 656">
    <p class='ocr_par' dir='ltr' id='par_1_6' title="bbox 421 580 1999 656">
     <span class='ocr_line' id='line_1_6' title="bbox 421 580 1999 656; baseline 0.001 -18"><span class='ocrx_word' id='word_1_22' title='bbox 421 582 667 654; x_wconf 79' lang='lat' dir='ltr'><strong>apertius</strong></span> <span class='ocrx_word' id='word_1_23' title='bbox 705 600 724 633; x_wconf 74' lang='grc' dir='ltr'><strong>ι</strong></span> <span class='ocrx_word' id='word_1_24' title='bbox 760 581 1033 635; x_wconf 84' lang='lat' dir='ltr'><strong>hominem</strong></span> <span class='ocrx_word' id='word_1_25' title='bbox 1083 580 1318 636; x_wconf 82' lang='lat' dir='ltr'><strong>nobilem</strong></span> <span class='ocrx_word' id='word_1_26' title='bbox 1369 584 1573 639; x_wconf 81' lang='lat' dir='ltr'><strong>abiisse</strong></span> <span class='ocrx_word' id='word_1_27' title='bbox 1623 585 1674 639; x_wconf 91' lang='lat' dir='ltr'><strong>in</strong></span> <span class='ocrx_word' id='word_1_28' title='bbox 1725 587 1999 656; x_wconf 87' lang='lat' dir='ltr'><strong>regionem</strong></span> 
     </span>
    </p>
   </div>
   <div class='ocr_carea' id='block_1_7' title="bbox 425 672 1995 747">
    <p class='ocr_par' dir='ltr' id='par_1_7' title="bbox 425 672 1995 747">
     <span class='ocr_line' id='line_1_7' title="bbox 425 672 1995 747; baseline 0 -15"><span class='ocrx_word' id='word_1_29' title='bbox 425 676 775 747; x_wconf 83' lang='lat' dir='ltr'><strong>longinquam</strong></span> <span class='ocrx_word' id='word_1_30' title='bbox 825 672 1072 744; x_wconf 85' lang='lat' dir='ltr'><strong>accipere</strong></span> <span class='ocrx_word' id='word_1_31' title='bbox 1118 674 1222 732; x_wconf 83' lang='lat' dir='ltr'><strong>sibi</strong></span> <span class='ocrx_word' id='word_1_32' title='bbox 1270 692 1521 746; x_wconf 88' lang='lat' dir='ltr'><strong>regnum,</strong></span> <span class='ocrx_word' id='word_1_33' title='bbox 1578 687 1631 733; x_wconf 89' lang='lat' dir='ltr'><strong>et</strong></span> <span class='ocrx_word' id='word_1_34' title='bbox 1687 680 1915 745; x_wconf 88' lang='lat' dir='ltr'><strong>reverti;</strong></span> <span class='ocrx_word' id='word_1_35' title='bbox 1976 698 1995 732; x_wconf 72' lang='grc' dir='ltr'><strong>ι</strong></span> 
     </span>
    </p>
   </div>
   <div class='ocr_carea' id='block_1_8' title="bbox 423 765 2003 833">
    <p class='ocr_par' dir='ltr' id='par_1_8' title="bbox 423 765 2003 833">
     <span class='ocr_line' id='line_1_8' title="bbox 423 765 2003 833; baseline 0.001 -10"><span class='ocrx_word' id='word_1_36' title='bbox 423 769 712 823; x_wconf 82' lang='lat' dir='ltr'><strong>abeuntem</strong></span> <span class='ocrx_word' id='word_1_37' title='bbox 744 780 970 821; x_wconf 90' lang='lat' dir='ltr'><strong>vocasse</strong></span> <span class='ocrx_word' id='word_1_38' title='bbox 1000 765 1188 820; x_wconf 81' lang='lat' dir='ltr'><strong>decem</strong></span> <span class='ocrx_word' id='word_1_39' title='bbox 1222 781 1443 833; x_wconf 84' lang='lat' dir='ltr'><strong>servos,</strong></span> <span class='ocrx_word' id='word_1_40' title='bbox 1474 776 1527 822; x_wconf 88' lang='lat' dir='ltr'><strong>et</strong></span> <span class='ocrx_word' id='word_1_41' title='bbox 1557 768 1770 824; x_wconf 87' lang='lat' dir='ltr'><strong>dedisse</strong></span> <span class='ocrx_word' id='word_1_42' title='bbox 1793 769 1874 825; x_wconf 90' lang='lat' dir='ltr'><strong>eis</strong></span> <span class='ocrx_word' id='word_1_43' title='bbox 1907 770 2003 824; x_wconf 90' lang='lat' dir='ltr'><strong>de-</strong></span> 
     </span>
    </p>
   </div>
   <div class='ocr_carea' id='block_1_9' title="bbox 422 857 1996 931">
    <p class='ocr_par' dir='ltr' id='par_1_9' title="bbox 422 857 1996 931">
     <span class='ocr_line' id='line_1_9' title="bbox 422 857 1996 931; baseline -0.003 -16"><span class='ocrx_word' id='word_1_44' title='bbox 422 874 540 915; x_wconf 84' lang='lat' dir='ltr'><strong>cem</strong></span> <span class='ocrx_word' id='word_1_45' title='bbox 571 858 772 922; x_wconf 89' lang='lat' dir='ltr'><strong>minas,</strong></span> <span class='ocrx_word' id='word_1_46' title='bbox 801 865 856 913; x_wconf 88' lang='lat' dir='ltr'><strong>et</strong></span> <span class='ocrx_word' id='word_1_47' title='bbox 879 857 1085 914; x_wconf 74' lang='lat' dir='ltr'><strong>dixisse</strong></span> <span class='ocrx_word' id='word_1_48' title='bbox 1112 877 1126 913; x_wconf 91' lang='lat'>:</span> <span class='ocrx_word' id='word_1_49' title='bbox 1167 875 1187 910; x_wconf 74' lang='grc' dir='ltr'><strong>ι</strong></span> <span class='ocrx_word' id='word_1_50' title='bbox 1210 857 1576 931; x_wconf 86' lang='lat' dir='ltr'><strong>Negotiamini</strong></span> <span class='ocrx_word' id='word_1_51' title='bbox 1599 860 1729 915; x_wconf 92' lang='lat' dir='ltr'><strong>dum</strong></span> <span class='ocrx_word' id='word_1_52' title='bbox 1752 861 1944 928; x_wconf 91' lang='lat' dir='ltr'><strong>venio;</strong></span> <span class='ocrx_word' id='word_1_53' title='bbox 1977 877 1996 911; x_wconf 76' lang='grc' dir='ltr'><strong>ι</strong></span> 
     </span>
    </p>
   </div>
   <div class='ocr_carea' id='block_1_10' title="bbox 424 948 2000 1029">
    <p class='ocr_par' dir='ltr' id='par_1_10' title="bbox 424 948 2000 1029">
     <span class='ocr_line' id='line_1_10' title="bbox 424 948 2000 1029; baseline 0.002 -26"><span class='ocrx_word' id='word_1_54' title='bbox 424 948 660 1029; x_wconf 82' lang='lat' dir='ltr'><strong>nobilem</strong></span> <span class='ocrx_word' id='word_1_55' title='bbox 696 956 878 1004; x_wconf 80' lang='lat' dir='ltr'><strong>autem</strong></span> <span class='ocrx_word' id='word_1_56' title='bbox 920 950 1098 1003; x_wconf 88' lang='lat' dir='ltr'><strong>virum</strong></span> <span class='ocrx_word' id='word_1_57' title='bbox 1152 948 1299 1005; x_wconf 89' lang='lat' dir='ltr'><strong>hunc</strong></span> <span class='ocrx_word' id='word_1_58' title='bbox 1344 950 1557 1005; x_wconf 81' lang='lat' dir='ltr'><strong>civibus</strong></span> <span class='ocrx_word' id='word_1_59' title='bbox 1606 951 1719 1007; x_wconf 85' lang='lat' dir='ltr'><strong>suis</strong></span> <span class='ocrx_word' id='word_1_60' title='bbox 1775 967 2000 1007; x_wconf 79' lang='lat' dir='ltr'><strong>exosum</strong></span> 
     </span>
    </p>
   </div>
   <div class='ocr_carea' id='block_1_11' title="bbox 420 1038 2001 1112">
    <p class='ocr_par' dir='ltr' id='par_1_11' title="bbox 420 1038 2001 1112">
     <span class='ocr_line' id='line_1_11' title="bbox 420 1038 2001 1112; baseline 0.003 -18"><span class='ocrx_word' id='word_1_61' title='bbox 420 1038 517 1109; x_wconf 86' lang='lat' dir='ltr'><strong>qui</strong></span> <span class='ocrx_word' id='word_1_62' title='bbox 563 1038 834 1095; x_wconf 85' lang='lat' dir='ltr'><strong>miserunt</strong></span> <span class='ocrx_word' id='word_1_63' title='bbox 877 1041 1204 1112; x_wconf 76' lang='lat' dir='ltr'><strong>legationem</strong></span> <span class='ocrx_word' id='word_1_64' title='bbox 1243 1050 1371 1112; x_wconf 90' lang='lat' dir='ltr'><strong>post</strong></span> <span class='ocrx_word' id='word_1_65' title='bbox 1419 1042 1607 1108; x_wconf 90' lang='lat' dir='ltr'><strong>illum,</strong></span> <span class='ocrx_word' id='word_1_66' title='bbox 1638 1056 1761 1097; x_wconf 88' lang='lat' dir='ltr'><strong>cum</strong></span> <span class='ocrx_word' id='word_1_67' title='bbox 1799 1043 2001 1098; x_wconf 89' lang='lat' dir='ltr'><strong>nollent</strong></span> 
     </span>
    </p>
   </div>
   <div class='ocr_carea' id='block_1_12' title="bbox 421 1143 2006 1205">
    <p class='ocr_par' dir='ltr' id='par_1_12' title="bbox 421 1143 2006 1205">
     <span class='ocr_line' id='line_1_12' title="bbox 421 1143 2006 1205; baseline 0.003 -19"><span class='ocrx_word' id='word_1_68' title='bbox 421 1146 546 1187; x_wconf 72' lang='lat' dir='ltr'><strong>eum</strong></span> <span class='ocrx_word' id='word_1_69' title='bbox 592 1146 759 1202; x_wconf 84' lang='lat' dir='ltr'><strong>super</strong></span> <span class='ocrx_word' id='word_1_70' title='bbox 804 1147 864 1188; x_wconf 88' lang='lat' dir='ltr'><strong>se</strong></span> <span class='ocrx_word' id='word_1_71' title='bbox 906 1148 1136 1205; x_wconf 85' lang='lat' dir='ltr'><strong>regnare</strong></span> <span class='ocrx_word' id='word_1_72' title='bbox 1161 1175 1177 1202; x_wconf 86' lang='lat'><strong>,</strong></span> <span class='ocrx_word' id='word_1_73' title='bbox 1211 1150 1488 1191; x_wconf 86' lang='lat' dir='ltr'><strong>reversum</strong></span> <span class='ocrx_word' id='word_1_74' title='bbox 1519 1151 1641 1191; x_wconf 86' lang='lat' dir='ltr'><strong>esse</strong></span> <span class='ocrx_word' id='word_1_75' title='bbox 1667 1143 1889 1205; x_wconf 87' lang='lat' dir='ltr'><strong>accepto</strong></span> <span class='ocrx_word' id='word_1_76' title='bbox 1918 1150 2006 1190; x_wconf 87' lang='lat' dir='ltr'><strong>re-</strong></span> 
     </span>
    </p>
   </div>
   <div class='ocr_carea' id='block_1_13' title="bbox 423 1223 2004 1297">
    <p class='ocr_par' dir='ltr' id='par_1_13' title="bbox 423 1223 2004 1297">
     <span class='ocr_line' id='line_1_13' title="bbox 423 1223 2004 1297; baseline 0.004 -21"><span class='ocrx_word' id='word_1_77' title='bbox 423 1236 562 1292; x_wconf 84' lang='lat' dir='ltr'><strong>gno;</strong></span> <span class='ocrx_word' id='word_1_78' title='bbox 596 1237 835 1294; x_wconf 88' lang='lat' dir='ltr'><strong>cumque</strong></span> <span class='ocrx_word' id='word_1_79' title='bbox 855 1223 1114 1295; x_wconf 89' lang='lat' dir='ltr'><strong>jussisset</strong></span> <span class='ocrx_word' id='word_1_80' title='bbox 1146 1226 1352 1282; x_wconf 85' lang='lat' dir='ltr'><strong>accersi</strong></span> <span class='ocrx_word' id='word_1_81' title='bbox 1395 1226 1463 1282; x_wconf 90' lang='lat' dir='ltr'><strong>ad</strong></span> <span class='ocrx_word' id='word_1_82' title='bbox 1503 1243 1563 1282; x_wconf 91' lang='lat' dir='ltr'><strong>se</strong></span> <span class='ocrx_word' id='word_1_83' title='bbox 1591 1242 1777 1282; x_wconf 89' lang='lat' dir='ltr'><strong>servos</strong></span> <span class='ocrx_word' id='word_1_84' title='bbox 1804 1226 2004 1297; x_wconf 88' lang='lat' dir='ltr'><strong>quibus</strong></span> 
     </span>
    </p>
   </div>
   <div class='ocr_carea' id='block_1_14' title="bbox 422 1311 2006 1389">
    <p class='ocr_par' dir='ltr' id='par_1_14' title="bbox 422 1311 2006 1389">
     <span class='ocr_line' id='line_1_14' title="bbox 422 1311 2006 1389; baseline 0.003 -22"><span class='ocrx_word' id='word_1_85' title='bbox 422 1311 714 1380; x_wconf 79' lang='lat' dir='ltr'><strong>pecuniam</strong></span> <span class='ocrx_word' id='word_1_86' title='bbox 750 1314 1081 1383; x_wconf 87' lang='lat' dir='ltr'><strong>tradiderat,</strong></span> <span class='ocrx_word' id='word_1_87' title='bbox 1121 1334 1141 1368; x_wconf 77' lang='grc' dir='ltr'><strong>ι</strong></span> <span class='ocrx_word' id='word_1_88' title='bbox 1179 1325 1239 1372; x_wconf 85' lang='grc' dir='ltr'><strong>ιιι</strong></span> <span class='ocrx_word' id='word_1_89' title='bbox 1265 1316 1430 1372; x_wconf 81' lang='lat' dir='ltr'><strong>sciret</strong></span> <span class='ocrx_word' id='word_1_90' title='bbox 1459 1326 1724 1388; x_wconf 90' lang='lat' dir='ltr'><strong>quantum</strong></span> <span class='ocrx_word' id='word_1_91' title='bbox 1772 1318 2006 1389; x_wconf 90' lang='lat' dir='ltr'><strong>quisque</strong></span> 
     </span>
    </p>
   </div>
   <div class='ocr_carea' id='block_1_15' title="bbox 424 1402 2007 1480">
    <p class='ocr_par' dir='ltr' id='par_1_15' title="bbox 424 1402 2007 1480">
     <span class='ocr_line' id='line_1_15' title="bbox 424 1402 2007 1480; baseline 0.006 -23"><span class='ocrx_word' id='word_1_92' title='bbox 424 1402 734 1475; x_wconf 71' lang='lat' dir='ltr'><strong>negotiatus</strong></span> <span class='ocrx_word' id='word_1_93' title='bbox 758 1415 936 1474; x_wconf 89' lang='lat' dir='ltr'><strong>esset;</strong></span> <span class='ocrx_word' id='word_1_94' title='bbox 970 1426 989 1459; x_wconf 74' lang='grc' dir='ltr'><strong>ι</strong></span> <span class='ocrx_word' id='word_1_95' title='bbox 1018 1423 1254 1478; x_wconf 73' lang='lat' dir='ltr'><strong>cumque</strong></span> <span class='ocrx_word' id='word_1_96' title='bbox 1278 1409 1409 1480; x_wconf 88' lang='lat' dir='ltr'><strong>quid</strong></span> <span class='ocrx_word' id='word_1_97' title='bbox 1437 1411 1676 1480; x_wconf 79' lang='lat' dir='ltr'><strong>egissent</strong></span> <span class='ocrx_word' id='word_1_98' title='bbox 1708 1410 2007 1466; x_wconf 79' lang='lat' dir='ltr'><strong>intellexis-</strong></span> 
     </span>
    </p>
   </div>
   <div class='ocr_carea' id='block_1_16' title="bbox 424 1495 2005 1574">
    <p class='ocr_par' dir='ltr' id='par_1_16' title="bbox 424 1495 2005 1574">
     <span class='ocr_line' id='line_1_16' title="bbox 424 1495 2005 1574; baseline 0.007 -28"><span class='ocrx_word' id='word_1_99' title='bbox 424 1501 528 1560; x_wconf 88' lang='lat' dir='ltr'><strong>set,</strong></span> <span class='ocrx_word' id='word_1_100' title='bbox 561 1509 627 1549; x_wconf 93' lang='lat' dir='ltr'><strong>eo</strong></span> <span class='ocrx_word' id='word_1_101' title='bbox 658 1495 879 1566; x_wconf 85' lang='lat' dir='ltr'><strong>quidem</strong></span> <span class='ocrx_word' id='word_1_102' title='bbox 908 1498 1003 1568; x_wconf 92' lang='lat' dir='ltr'><strong>qui</strong></span> <span class='ocrx_word' id='word_1_103' title='bbox 1033 1499 1181 1554; x_wconf 90' lang='lat' dir='ltr'><strong>mina</strong></span> <span class='ocrx_word' id='word_1_104' title='bbox 1214 1515 1321 1553; x_wconf 89' lang='lat' dir='ltr'><strong>una</strong></span> <span class='ocrx_word' id='word_1_105' title='bbox 1345 1500 1530 1556; x_wconf 88' lang='lat' dir='ltr'><strong>decem</strong></span> <span class='ocrx_word' id='word_1_106' title='bbox 1562 1502 1740 1557; x_wconf 86' lang='lat' dir='ltr'><strong>minas</strong></span> <span class='ocrx_word' id='word_1_107' title='bbox 1765 1502 2005 1574; x_wconf 90' lang='lat' dir='ltr'><strong>acquisi-</strong></span> 
     </span>
    </p>
   </div>
   <div class='ocr_carea' id='block_1_17' title="bbox 426 1587 2004 1663">
    <p class='ocr_par' dir='ltr' id='par_1_17' title="bbox 426 1587 2004 1663">
     <span class='ocr_line' id='line_1_17' title="bbox 426 1587 2004 1663; baseline 0.008 -25"><span class='ocrx_word' id='word_1_108' title='bbox 426 1596 611 1650; x_wconf 84' lang='lat' dir='ltr'><strong>verat,</strong></span> <span class='ocrx_word' id='word_1_109' title='bbox 646 1587 733 1646; x_wconf 89' lang='lat' dir='ltr'><strong>his</strong></span> <span class='ocrx_word' id='word_1_110' title='bbox 764 1589 946 1645; x_wconf 86' lang='lat' dir='ltr'><strong>verbis</strong></span> <span class='ocrx_word' id='word_1_111' title='bbox 973 1590 1283 1646; x_wconf 86' lang='lat' dir='ltr'><strong>collaudato</strong></span> <span class='ocrx_word' id='word_1_112' title='bbox 1318 1609 1331 1646; x_wconf 94' lang='lat'><strong>:</strong></span> <span class='ocrx_word' id='word_1_113' title='bbox 1374 1611 1394 1643; x_wconf 77' lang='grc' dir='ltr'><strong>ι</strong></span> <span class='ocrx_word' id='word_1_114' title='bbox 1432 1590 1613 1663; x_wconf 76' lang='lat' dir='ltr'><strong>Euge,</strong></span> <span class='ocrx_word' id='word_1_115' title='bbox 1652 1609 1810 1648; x_wconf 84' lang='lat' dir='ltr'><strong>serve</strong></span> <span class='ocrx_word' id='word_1_116' title='bbox 1843 1595 2004 1662; x_wconf 90' lang='lat' dir='ltr'><strong>bone,</strong></span> 
     </span>
    </p>
   </div>
   <div class='ocr_carea' id='block_1_18' title="bbox 427 1666 2007 1758">
    <p class='ocr_par' dir='ltr' id='par_1_18' title="bbox 427 1666 2007 1758">
     <span class='ocr_line' id='line_1_18' title="bbox 427 1666 2007 1758; baseline 0.008 -28"><span class='ocrx_word' id='word_1_117' title='bbox 427 1666 561 1747; x_wconf 83' lang='lat' dir='ltr'><strong>quia</strong></span> <span class='ocrx_word' id='word_1_118' title='bbox 592 1678 647 1732; x_wconf 92' lang='lat' dir='ltr'><strong>in</strong></span> <span class='ocrx_word' id='word_1_119' title='bbox 681 1679 899 1735; x_wconf 88' lang='lat' dir='ltr'><strong>modico</strong></span> <span class='ocrx_word' id='word_1_120' title='bbox 931 1679 1080 1738; x_wconf 92' lang='lat' dir='ltr'><strong>fuisti</strong></span> <span class='ocrx_word' id='word_1_121' title='bbox 1107 1682 1304 1749; x_wconf 86' lang='lat' dir='ltr'><strong>fidelis,</strong></span> <span class='ocrx_word' id='word_1_122' title='bbox 1335 1702 1354 1735; x_wconf 71' lang='grc' dir='ltr'><strong>ι</strong></span> <span class='ocrx_word' id='word_1_123' title='bbox 1385 1692 1706 1754; x_wconf 87' lang='lat' dir='ltr'><strong>potestatem</strong></span> <span class='ocrx_word' id='word_1_124' title='bbox 1739 1686 1813 1740; x_wconf 93' lang='lat' dir='ltr'><strong>illi</strong></span> <span class='ocrx_word' id='word_1_125' title='bbox 1844 1702 2007 1758; x_wconf 90' lang='lat' dir='ltr'><strong>super</strong></span> 
     </span>
    </p>
   </div>
   <div class='ocr_carea' id='block_1_19' title="bbox 427 1769 2006 1845">
    <p class='ocr_par' dir='ltr' id='par_1_19' title="bbox 427 1769 2006 1845">
     <span class='ocr_line' id='line_1_19' title="bbox 427 1769 2006 1845; baseline 0.009 -25"><span class='ocrx_word' id='word_1_126' title='bbox 427 1769 615 1824; x_wconf 82' lang='lat' dir='ltr'><strong>decem</strong></span> <span class='ocrx_word' id='word_1_127' title='bbox 641 1769 911 1837; x_wconf 83' lang='lat' dir='ltr'><strong>civitates,</strong></span> <span class='ocrx_word' id='word_1_128' title='bbox 935 1788 1059 1843; x_wconf 65' lang='lat' dir='ltr'><strong>quae</strong></span> <span class='ocrx_word' id='word_1_129' title='bbox 1082 1789 1251 1845; x_wconf 87' lang='lat' dir='ltr'><strong>regno</strong></span> <span class='ocrx_word' id='word_1_130' title='bbox 1282 1791 1385 1830; x_wconf 92' lang='lat' dir='ltr'><strong>suo</strong></span> <span class='ocrx_word' id='word_1_131' title='bbox 1417 1776 1649 1832; x_wconf 70' lang='lat' dir='ltr'><strong>subditae</strong></span> <span class='ocrx_word' id='word_1_132' title='bbox 1671 1786 1848 1845; x_wconf 90' lang='lat' dir='ltr'><strong>erant,</strong></span> <span class='ocrx_word' id='word_1_133' title='bbox 1874 1794 2006 1834; x_wconf 86' lang='lat' dir='ltr'><strong>con-</strong></span> 
     </span>
    </p>
   </div>
   <div class='ocr_carea' id='block_1_20' title="bbox 426 1861 2004 1941">
    <p class='ocr_par' dir='ltr' id='par_1_20' title="bbox 426 1861 2004 1941">
     <span class='ocr_line' id='line_1_20' title="bbox 426 1861 2004 1941; baseline 0.008 -26"><span class='ocrx_word' id='word_1_134' title='bbox 426 1861 696 1930; x_wconf 85' lang='lat' dir='ltr'><strong>cessisse;</strong></span> <span class='ocrx_word' id='word_1_135' title='bbox 752 1863 909 1919; x_wconf 87' lang='lat' dir='ltr'><strong>alteri</strong></span> <span class='ocrx_word' id='word_1_136' title='bbox 956 1879 1086 1920; x_wconf 89' lang='lat' dir='ltr'><strong>vero</strong></span> <span class='ocrx_word' id='word_1_137' title='bbox 1122 1865 1212 1936; x_wconf 88' lang='lat' dir='ltr'><strong>qui</strong></span> <span class='ocrx_word' id='word_1_138' title='bbox 1249 1866 1451 1922; x_wconf 89' lang='lat' dir='ltr'><strong>minam</strong></span> <span class='ocrx_word' id='word_1_139' title='bbox 1480 1869 2004 1941; x_wconf 82' lang='lat' dir='ltr'><strong>quincuplieaverat,</strong></span> 
     </span>
    </p>
   </div>
   <div class='ocr_carea' id='block_1_21' title="bbox 427 1954 2006 2033">
    <p class='ocr_par' dir='ltr' id='par_1_21' title="bbox 427 1954 2006 2033">
     <span class='ocr_line' id='line_1_21' title="bbox 427 1954 2006 2033; baseline 0.008 -24"><span class='ocrx_word' id='word_1_140' title='bbox 427 1954 676 2010; x_wconf 74' lang='lat' dir='ltr'><strong>eamdem</strong></span> <span class='ocrx_word' id='word_1_141' title='bbox 716 1956 932 2013; x_wconf 89' lang='lat' dir='ltr'><strong>laudem</strong></span> <span class='ocrx_word' id='word_1_142' title='bbox 957 1996 973 2024; x_wconf 92' lang='lat'><strong>,</strong></span> <span class='ocrx_word' id='word_1_143' title='bbox 1004 1974 1171 2029; x_wconf 90' lang='lat' dir='ltr'><strong>quam</strong></span> <span class='ocrx_word' id='word_1_144' title='bbox 1216 1959 1385 2030; x_wconf 87' lang='lat' dir='ltr'><strong>priori</strong></span> <span class='ocrx_word' id='word_1_145' title='bbox 1412 1961 1577 2033; x_wconf 74' lang='lat'><strong>632</strong></span> <span class='ocrx_word' id='word_1_146' title='bbox 1608 1963 1862 2031; x_wconf 81' lang='lat' dir='ltr'><strong>dederat,</strong></span> <span class='ocrx_word' id='word_1_147' title='bbox 1899 1982 2006 2020; x_wconf 86' lang='lat' dir='ltr'><strong>non</strong></span> 
     </span>
    </p>
   </div>
   <div class='ocr_carea' id='block_1_22' title="bbox 425 2039 2007 2129">
    <p class='ocr_par' dir='ltr' id='par_1_22' title="bbox 425 2039 2007 2129">
     <span class='ocr_line' id='line_1_22' title="bbox 425 2039 2007 2129; baseline 0.01 -27"><span class='ocrx_word' id='word_1_148' title='bbox 425 2047 709 2114; x_wconf 86' lang='lat' dir='ltr'><strong>tribuisse,</strong></span> <span class='ocrx_word' id='word_1_149' title='bbox 728 2066 828 2107; x_wconf 89' lang='lat' dir='ltr'><strong>nec</strong></span> <span class='ocrx_word' id='word_1_150' title='bbox 847 2055 1136 2123; x_wconf 88' lang='lat' dir='ltr'><strong>potestatis</strong></span> <span class='ocrx_word' id='word_1_151' title='bbox 1162 2039 1513 2124; x_wconf 60' lang='lat' dir='ltr'><strong>vocabulum,</strong></span> <span class='ocrx_word' id='word_1_152' title='bbox 1550 2060 2007 2129; x_wconf 82' lang='lat' dir='ltr'><strong>quemadmodum</strong></span> 
     </span>
    </p>
   </div>
   <div class='ocr_carea' id='block_1_23' title="bbox 428 2140 2006 2213">
    <p class='ocr_par' dir='ltr' id='par_1_23' title="bbox 428 2140 2006 2213">
     <span class='ocr_line' id='line_1_23' title="bbox 428 2140 2006 2213; baseline 0.011 -21"><span class='ocrx_word' id='word_1_153' title='bbox 428 2140 654 2197; x_wconf 87' lang='lat' dir='ltr'><strong>alterius</strong></span> <span class='ocrx_word' id='word_1_154' title='bbox 706 2157 905 2211; x_wconf 88' lang='lat' dir='ltr'><strong>causa,</strong></span> <span class='ocrx_word' id='word_1_155' title='bbox 950 2144 1297 2213; x_wconf 84' lang='lat' dir='ltr'><strong>delinivisse,</strong></span> <span class='ocrx_word' id='word_1_156' title='bbox 1355 2148 1450 2205; x_wconf 91' lang='lat' dir='ltr'><strong>sed</strong></span> <span class='ocrx_word' id='word_1_157' title='bbox 1495 2149 1625 2205; x_wconf 90' lang='lat' dir='ltr'><strong>huic</strong></span> <span class='ocrx_word' id='word_1_158' title='bbox 1677 2151 1884 2208; x_wconf 78' lang='lat' dir='ltr'><strong>dixisse</strong></span> <span class='ocrx_word' id='word_1_159' title='bbox 1911 2154 1957 2186; x_wconf 74' lang='lat'><strong>&quot;</strong></span> <span class='ocrx_word' id='word_1_160' title='bbox 1993 2170 2006 2209; x_wconf 91' lang='lat'>:</span> 
     </span>
    </p>
   </div>
   <div class='ocr_carea' id='block_1_24' title="bbox 435 2227 2008 2313">
    <p class='ocr_par' dir='ltr' id='par_1_24' title="bbox 435 2227 2008 2313">
     <span class='ocr_line' id='line_1_24' title="bbox 435 2227 2008 2313; baseline 0.011 -34"><span class='ocrx_word' id='word_1_161' title='bbox 435 2247 453 2279; x_wconf 82' lang='grc' dir='ltr'><strong>ι</strong></span> <span class='ocrx_word' id='word_1_162' title='bbox 496 2227 558 2281; x_wconf 85' lang='lat' dir='ltr'><strong>Et</strong></span> <span class='ocrx_word' id='word_1_163' title='bbox 598 2237 657 2285; x_wconf 90' lang='lat' dir='ltr'><strong>tu</strong></span> <span class='ocrx_word' id='word_1_164' title='bbox 693 2241 812 2288; x_wconf 90' lang='lat' dir='ltr'><strong>esto</strong></span> <span class='ocrx_word' id='word_1_165' title='bbox 845 2248 1012 2305; x_wconf 89' lang='lat' dir='ltr'><strong>super</strong></span> <span class='ocrx_word' id='word_1_166' title='bbox 1058 2237 1300 2307; x_wconf 85' lang='lat' dir='ltr'><strong>quinque</strong></span> <span class='ocrx_word' id='word_1_167' title='bbox 1350 2234 1638 2305; x_wconf 66' lang='lat' dir='ltr'><strong>civitates;</strong></span> <span class='ocrx_word' id='word_1_168' title='bbox 1678 2258 1696 2292; x_wconf 73' lang='grc' dir='ltr'><strong>ι</strong></span> <span class='ocrx_word' id='word_1_169' title='bbox 1750 2249 1806 2296; x_wconf 91' lang='lat' dir='ltr'><strong>at</strong></span> <span class='ocrx_word' id='word_1_170' title='bbox 1837 2240 1884 2295; x_wconf 93' lang='lat' dir='ltr'><strong>ei</strong></span> <span class='ocrx_word' id='word_1_171' title='bbox 1916 2242 2008 2313; x_wconf 80' lang='lat' dir='ltr'><strong>qui</strong></span> 
     </span>
    </p>
   </div>
   <div class='ocr_carea' id='block_1_25' title="bbox 432 2321 2012 2400">
    <p class='ocr_par' dir='ltr' id='par_1_25' title="bbox 432 2321 2012 2400">
     <span class='ocr_line' id='line_1_25' title="bbox 432 2321 2012 2400; baseline 0.012 -29"><span class='ocrx_word' id='word_1_172' title='bbox 432 2321 635 2375; x_wconf 75' lang='lat' dir='ltr'><strong>minam</strong></span> <span class='ocrx_word' id='word_1_173' title='bbox 685 2322 739 2378; x_wconf 93' lang='lat' dir='ltr'><strong>in</strong></span> <span class='ocrx_word' id='word_1_174' title='bbox 789 2325 1013 2382; x_wconf 87' lang='lat' dir='ltr'><strong>sudario</strong></span> <span class='ocrx_word' id='word_1_175' title='bbox 1056 2328 1429 2400; x_wconf 87' lang='lat' dir='ltr'><strong>colligaverat,</strong></span> <span class='ocrx_word' id='word_1_176' title='bbox 1459 2330 1667 2387; x_wconf 78' lang='lat' dir='ltr'><strong>dixisse</strong></span> <span class='ocrx_word' id='word_1_177' title='bbox 1703 2350 1717 2387; x_wconf 91' lang='lat'><strong>:</strong></span> <span class='ocrx_word' id='word_1_178' title='bbox 1758 2350 1777 2384; x_wconf 78' lang='grc' dir='ltr'><strong>ι</strong></span> <span class='ocrx_word' id='word_1_179' title='bbox 1817 2332 1892 2388; x_wconf 88' lang='lat' dir='ltr'><strong>De</strong></span> <span class='ocrx_word' id='word_1_180' title='bbox 1916 2347 2012 2390; x_wconf 90' lang='lat' dir='ltr'><strong>ore</strong></span> 
     </span>
    </p>
   </div>
   <div class='ocr_carea' id='block_1_26' title="bbox 431 2414 2008 2492">
    <p class='ocr_par' dir='ltr' id='par_1_26' title="bbox 431 2414 2008 2492">
     <span class='ocr_line' id='line_1_26' title="bbox 431 2414 2008 2492; baseline 0.011 -28"><span class='ocrx_word' id='word_1_181' title='bbox 431 2421 525 2466; x_wconf 88' lang='lat' dir='ltr'><strong>tuo</strong></span> <span class='ocrx_word' id='word_1_182' title='bbox 551 2422 603 2468; x_wconf 89' lang='lat' dir='ltr'><strong>te</strong></span> <span class='ocrx_word' id='word_1_183' title='bbox 624 2414 836 2484; x_wconf 79' lang='lat' dir='ltr'><strong>judico,</strong></span> <span class='ocrx_word' id='word_1_184' title='bbox 872 2434 1028 2475; x_wconf 81' lang='lat' dir='ltr'><strong>serve</strong></span> <span class='ocrx_word' id='word_1_185' title='bbox 1056 2437 1315 2492; x_wconf 89' lang='lat' dir='ltr'><strong>nequam,</strong></span> <span class='ocrx_word' id='word_1_186' title='bbox 1344 2432 1398 2478; x_wconf 86' lang='lat' dir='ltr'><strong>et</strong></span> <span class='ocrx_word' id='word_1_187' title='bbox 1429 2424 1734 2481; x_wconf 84' lang='lat' dir='ltr'><strong>astantibus</strong></span> <span class='ocrx_word' id='word_1_188' title='bbox 1762 2425 1966 2482; x_wconf 77' lang='lat' dir='ltr'><strong>dixisse</strong></span> <span class='ocrx_word' id='word_1_189' title='bbox 1994 2446 2008 2482; x_wconf 87' lang='lat'><strong>:</strong></span> 
     </span>
    </p>
   </div>
   <div class='ocr_carea' id='block_1_27' title="bbox 430 2505 2011 2588">
    <p class='ocr_par' dir='ltr' id='par_1_27' title="bbox 430 2505 2011 2588">
     <span class='ocr_line' id='line_1_27' title="bbox 430 2505 2011 2588; baseline 0.011 -32"><span class='ocrx_word' id='word_1_190' title='bbox 430 2505 654 2561; x_wconf 81' lang='lat' dir='ltr'><strong>Auferte</strong></span> <span class='ocrx_word' id='word_1_191' title='bbox 686 2507 755 2562; x_wconf 88' lang='lat' dir='ltr'><strong>ab</strong></span> <span class='ocrx_word' id='word_1_192' title='bbox 781 2509 875 2564; x_wconf 82' lang='lat' dir='ltr'><strong>illo</strong></span> <span class='ocrx_word' id='word_1_193' title='bbox 903 2511 1132 2577; x_wconf 87' lang='lat' dir='ltr'><strong>minam,</strong></span> <span class='ocrx_word' id='word_1_194' title='bbox 1157 2521 1211 2567; x_wconf 90' lang='lat' dir='ltr'><strong>et</strong></span> <span class='ocrx_word' id='word_1_195' title='bbox 1236 2513 1363 2588; x_wconf 80' lang='lat' dir='ltr'><strong>date</strong></span> <span class='ocrx_word' id='word_1_196' title='bbox 1390 2514 1466 2569; x_wconf 92' lang='lat' dir='ltr'><strong>illi</strong></span> <span class='ocrx_word' id='word_1_197' title='bbox 1494 2516 1586 2587; x_wconf 90' lang='lat' dir='ltr'><strong>qui</strong></span> <span class='ocrx_word' id='word_1_198' title='bbox 1615 2514 1802 2572; x_wconf 89' lang='lat' dir='ltr'><strong>decem</strong></span> <span class='ocrx_word' id='word_1_199' title='bbox 1836 2517 2011 2574; x_wconf 89' lang='lat' dir='ltr'><strong>minas</strong></span> 
     </span>
    </p>
   </div>
   <div class='ocr_carea' id='block_1_28' title="bbox 436 2595 2016 2676">
    <p class='ocr_par' dir='ltr' id='par_1_28' title="bbox 436 2595 2016 2676">
     <span class='ocr_line' id='line_1_28' title="bbox 436 2595 2016 2676; baseline 0.011 -28"><span class='ocrx_word' id='word_1_200' title='bbox 436 2595 617 2650; x_wconf 80' lang='lat' dir='ltr'><strong>habet.</strong></span> <span class='ocrx_word' id='word_1_201' title='bbox 656 2617 675 2650; x_wconf 79' lang='grc' dir='ltr'><strong>ι</strong></span> <span class='ocrx_word' id='word_1_202' title='bbox 719 2597 855 2664; x_wconf 84' lang='lat' dir='ltr'><strong>Quis</strong></span> <span class='ocrx_word' id='word_1_203' title='bbox 882 2616 1013 2672; x_wconf 86' lang='lat' dir='ltr'><strong>ergo</strong></span> <span class='ocrx_word' id='word_1_204' title='bbox 1042 2619 1207 2674; x_wconf 82' lang='lat' dir='ltr'><strong>super</strong></span> <span class='ocrx_word' id='word_1_205' title='bbox 1239 2605 1342 2660; x_wconf 89' lang='lat' dir='ltr'><strong>hac</strong></span> <span class='ocrx_word' id='word_1_206' title='bbox 1382 2606 1641 2676; x_wconf 88' lang='lat' dir='ltr'><strong>parabola</strong></span> <span class='ocrx_word' id='word_1_207' title='bbox 1678 2623 1785 2662; x_wconf 90' lang='lat' dir='ltr'><strong>non</strong></span> <span class='ocrx_word' id='word_1_208' title='bbox 1815 2607 2016 2665; x_wconf 81' lang='lat' dir='ltr'><strong>dixerit</strong></span> 
     </span>
    </p>
   </div>
   <div class='ocr_carea' id='block_1_29' title="bbox 433 2687 2012 2770">
    <p class='ocr_par' dir='ltr' id='par_1_29' title="bbox 433 2687 2012 2770">
     <span class='ocr_line' id='line_1_29' title="bbox 433 2687 2012 2770; baseline 0.009 -30"><span class='ocrx_word' id='word_1_209' title='bbox 433 2687 671 2744; x_wconf 86' lang='lat' dir='ltr'><strong>nobilem</strong></span> <span class='ocrx_word' id='word_1_210' title='bbox 709 2691 860 2746; x_wconf 89' lang='lat' dir='ltr'><strong>illum</strong></span> <span class='ocrx_word' id='word_1_211' title='bbox 900 2694 1179 2750; x_wconf 85' lang='lat' dir='ltr'><strong>hominem</strong></span> <span class='ocrx_word' id='word_1_212' title='bbox 1234 2695 1285 2750; x_wconf 89' lang='lat' dir='ltr'><strong>in</strong></span> <span class='ocrx_word' id='word_1_213' title='bbox 1337 2698 1611 2768; x_wconf 79' lang='lat' dir='ltr'><strong>regionem</strong></span> <span class='ocrx_word' id='word_1_214' title='bbox 1659 2698 2012 2770; x_wconf 82' lang='lat' dir='ltr'><strong>longinquam</strong></span> 
     </span>
    </p>
   </div>
   <div class='ocr_carea' id='block_1_30' title="bbox 431 2778 2017 2861">
    <p class='ocr_par' dir='ltr' id='par_1_30' title="bbox 431 2778 2017 2861">
     <span class='ocr_line' id='line_1_30' title="bbox 431 2778 2017 2861; baseline 0.011 -30"><span class='ocrx_word' id='word_1_215' title='bbox 431 2778 736 2850; x_wconf 76' lang='lat' dir='ltr'><strong>profectum</strong></span> <span class='ocrx_word' id='word_1_216' title='bbox 757 2825 773 2852; x_wconf 97' lang='lat'><strong>,</strong></span> <span class='ocrx_word' id='word_1_217' title='bbox 801 2792 863 2840; x_wconf 88' lang='lat' dir='ltr'><strong>ut</strong></span> <span class='ocrx_word' id='word_1_218' title='bbox 891 2786 1159 2858; x_wconf 86' lang='lat' dir='ltr'><strong>acciperet</strong></span> <span class='ocrx_word' id='word_1_219' title='bbox 1187 2787 1291 2845; x_wconf 90' lang='lat' dir='ltr'><strong>sibi</strong></span> <span class='ocrx_word' id='word_1_220' title='bbox 1319 2804 1546 2861; x_wconf 78' lang='lat' dir='ltr'><strong>regnum</strong></span> <span class='ocrx_word' id='word_1_221' title='bbox 1569 2830 1586 2857; x_wconf 95' lang='lat'><strong>,</strong></span> <span class='ocrx_word' id='word_1_222' title='bbox 1633 2799 1689 2846; x_wconf 92' lang='lat' dir='ltr'><strong>et</strong></span> <span class='ocrx_word' id='word_1_223' title='bbox 1717 2801 2017 2848; x_wconf 85' lang='lat' dir='ltr'><strong>revertere-</strong></span> 
     </span>
    </p>
   </div>
   <div class='ocr_carea' id='block_1_31' title="bbox 434 2877 2016 2955">
    <p class='ocr_par' dir='ltr' id='par_1_31' title="bbox 434 2877 2016 2955">
     <span class='ocr_line' id='line_1_31' title="bbox 434 2877 2016 2955; baseline 0.009 -30"><span class='ocrx_word' id='word_1_224' title='bbox 434 2878 554 2936; x_wconf 90' lang='lat' dir='ltr'><strong>tur,</strong></span> <span class='ocrx_word' id='word_1_225' title='bbox 589 2888 714 2930; x_wconf 91' lang='lat' dir='ltr'><strong>eum</strong></span> <span class='ocrx_word' id='word_1_226' title='bbox 758 2890 881 2932; x_wconf 91' lang='lat' dir='ltr'><strong>esse</strong></span> <span class='ocrx_word' id='word_1_227' title='bbox 908 2877 1188 2935; x_wconf 89' lang='lat' dir='ltr'><strong>Christum</strong></span> <span class='ocrx_word' id='word_1_228' title='bbox 1223 2880 1316 2951; x_wconf 90' lang='lat' dir='ltr'><strong>qui</strong></span> <span class='ocrx_word' id='word_1_229' title='bbox 1346 2880 1411 2935; x_wconf 91' lang='lat' dir='ltr'><strong>ad</strong></span> <span class='ocrx_word' id='word_1_230' title='bbox 1441 2880 1667 2947; x_wconf 90' lang='lat' dir='ltr'><strong>mundi,</strong></span> <span class='ocrx_word' id='word_1_231' title='bbox 1718 2898 2016 2955; x_wconf 87' lang='lat' dir='ltr'><strong>eorumque</strong></span> 
     </span>
    </p>
   </div>
   <div class='ocr_carea' id='block_1_32' title="bbox 433 2962 2016 3045">
    <p class='ocr_par' dir='ltr' id='par_1_32' title="bbox 433 2962 2016 3045">
     <span class='ocr_line' id='line_1_32' title="bbox 433 2962 2016 3045; baseline 0.01 -30"><span class='ocrx_word' id='word_1_232' title='bbox 433 2962 528 3033; x_wconf 86' lang='lat' dir='ltr'><strong>qui</strong></span> <span class='ocrx_word' id='word_1_233' title='bbox 564 2964 616 3018; x_wconf 91' lang='lat' dir='ltr'><strong>in</strong></span> <span class='ocrx_word' id='word_1_234' title='bbox 663 2968 869 3024; x_wconf 79' lang='lat' dir='ltr'><strong>mundo</strong></span> <span class='ocrx_word' id='word_1_235' title='bbox 922 2978 1087 3036; x_wconf 89' lang='lat' dir='ltr'><strong>sunt,</strong></span> <span class='ocrx_word' id='word_1_236' title='bbox 1122 2971 1515 3041; x_wconf 90' lang='lat' dir='ltr'><strong>capessendum</strong></span> <span class='ocrx_word' id='word_1_237' title='bbox 1557 2989 1822 3045; x_wconf 85' lang='lat' dir='ltr'><strong>regnum,</strong></span> <span class='ocrx_word' id='word_1_238' title='bbox 1858 2976 2016 3045; x_wconf 85' lang='lat' dir='ltr'><strong>quasi</strong></span> 
     </span>
    </p>
   </div>
   <div class='ocr_carea' id='block_1_33' title="bbox 434 3058 2015 3131">
    <p class='ocr_par' dir='ltr' id='par_1_33' title="bbox 434 3058 2015 3131">
     <span class='ocr_line' id='line_1_33' title="bbox 434 3058 2015 3131; baseline 0.009 -24"><span class='ocrx_word' id='word_1_239' title='bbox 434 3068 662 3126; x_wconf 79' lang='lat' dir='ltr'><strong>peregre</strong></span> <span class='ocrx_word' id='word_1_240' title='bbox 689 3058 1093 3128; x_wconf 79' lang='lat' dir='ltr'><strong>proﬁciscitur?</strong></span> <span class='ocrx_word' id='word_1_241' title='bbox 1124 3061 1220 3131; x_wconf 90' lang='lat' dir='ltr'><strong>qui</strong></span> <span class='ocrx_word' id='word_1_242' title='bbox 1264 3077 1397 3117; x_wconf 85' lang='lat' dir='ltr'><strong>vero</strong></span> <span class='ocrx_word' id='word_1_243' title='bbox 1441 3063 1623 3118; x_wconf 89' lang='lat' dir='ltr'><strong>minas</strong></span> <span class='ocrx_word' id='word_1_244' title='bbox 1668 3065 1788 3119; x_wconf 87' lang='lat' dir='ltr'><strong>illas</strong></span> <span class='ocrx_word' id='word_1_245' title='bbox 1828 3067 2015 3122; x_wconf 87' lang='lat' dir='ltr'><strong>decem</strong></span> 
     </span>
    </p>
   </div>
   <div class='ocr_carea' id='block_1_34' title="bbox 2100 583 3689 656">
    <p class='ocr_par' dir='ltr' id='par_1_34' title="bbox 2100 583 3689 656">
     <span class='ocr_line' id='line_1_34' title="bbox 2100 583 3689 656; baseline -0.001 -18"><span class='ocrx_word' id='word_1_246' title='bbox 2100 585 2221 656; x_wconf 73' lang='grc' dir='ltr'>ψαι,</span> <span class='ocrx_word' id='word_1_247' title='bbox 2255 604 2274 636; x_wconf 83' lang='grc'>›</span> <span class='ocrx_word' id='word_1_248' title='bbox 2313 584 2674 656; x_wconf 80' lang='grc' dir='ltr'><strong>πορευόμενος</strong></span> <span class='ocrx_word' id='word_1_249' title='bbox 2712 584 2938 639; x_wconf 80' lang='grc' dir='ltr'>ἐκάλεσε</span> <span class='ocrx_word' id='word_1_250' title='bbox 2972 583 3104 638; x_wconf 82' lang='grc' dir='ltr'>δέκα</span> <span class='ocrx_word' id='word_1_251' title='bbox 3143 583 3383 648; x_wconf 76' lang='grc' dir='ltr'><strong>δούλους,</strong></span> <span class='ocrx_word' id='word_1_252' title='bbox 3429 583 3524 637; x_wconf 72' lang='grc' dir='ltr'><strong>καὶ</strong></span> <span class='ocrx_word' id='word_1_253' title='bbox 3550 583 3689 636; x_wconf 75' lang='grc' dir='ltr'>ἔδω-</span> 
     </span>
    </p>
   </div>
   <div class='ocr_carea' id='block_1_35' title="bbox 2103 672 3690 748">
    <p class='ocr_par' dir='ltr' id='par_1_35' title="bbox 2103 672 3690 748">
     <span class='ocr_line' id='line_1_35' title="bbox 2103 672 3690 748; baseline -0.001 -17"><span class='ocrx_word' id='word_1_254' title='bbox 2103 672 2198 743; x_wconf 84' lang='grc' dir='ltr'><strong>κεν</strong></span> <span class='ocrx_word' id='word_1_255' title='bbox 2229 677 2414 741; x_wconf 79' lang='grc' dir='ltr'>αὐτοῖς</span> <span class='ocrx_word' id='word_1_256' title='bbox 2440 677 2572 731; x_wconf 79' lang='grc' dir='ltr'>δέκα</span> <span class='ocrx_word' id='word_1_257' title='bbox 2604 678 2760 748; x_wconf 76' lang='grc' dir='ltr'>μνᾶς,</span> <span class='ocrx_word' id='word_1_258' title='bbox 2803 676 2898 729; x_wconf 75' lang='grc' dir='ltr'>καὶ</span> <span class='ocrx_word' id='word_1_259' title='bbox 2920 672 3071 731; x_wconf 84' lang='grc' dir='ltr'>εἶπεν</span> <span class='ocrx_word' id='word_1_260' title='bbox 3105 676 3285 739; x_wconf 79' lang='grc' dir='ltr'>αὐτοῖς</span> <span class='ocrx_word' id='word_1_261' title='bbox 3308 696 3321 706; x_wconf 74' lang='grc' dir='ltr'><strong>ο</strong></span> <span class='ocrx_word' id='word_1_262' title='bbox 3357 695 3375 726; x_wconf 79' lang='grc' dir='ltr'><strong>ι</strong></span> <span class='ocrx_word' id='word_1_263' title='bbox 3417 677 3690 747; x_wconf 82' lang='grc' dir='ltr'>Πραγμα-</span> 
     </span>
    </p>
   </div>
   <div class='ocr_carea' id='block_1_36' title="bbox 2101 761 3690 840">
    <p class='ocr_par' dir='ltr' id='par_1_36' title="bbox 2101 761 3690 840">
     <span class='ocr_line' id='line_1_36' title="bbox 2101 761 3690 840; baseline -0.001 -18"><span class='ocrx_word' id='word_1_264' title='bbox 2101 767 2368 823; x_wconf 84' lang='grc' dir='ltr'>τεύσασθε</span> <span class='ocrx_word' id='word_1_265' title='bbox 2419 769 2477 821; x_wconf 83' lang='grc' dir='ltr'><strong>ἐν</strong></span> <span class='ocrx_word' id='word_1_266' title='bbox 2508 762 2552 836; x_wconf 80' lang='grc' dir='ltr'>ᾧ</span> <span class='ocrx_word' id='word_1_267' title='bbox 2584 768 2833 840; x_wconf 72' lang='grc' dir='ltr'>ἔρχομαι.</span> <span class='ocrx_word' id='word_1_268' title='bbox 2876 787 2894 819; x_wconf 75' lang='grc' dir='ltr'><strong>ι</strong></span> <span class='ocrx_word' id='word_1_269' title='bbox 2932 761 3101 831; x_wconf 75' lang='grc' dir='ltr'>Οὗτος</span> <span class='ocrx_word' id='word_1_270' title='bbox 3144 768 3199 820; x_wconf 86' lang='grc' dir='ltr'>δὲ</span> <span class='ocrx_word' id='word_1_271' title='bbox 3245 770 3273 821; x_wconf 99' lang='lat'><strong>6</strong></span> <span class='ocrx_word' id='word_1_272' title='bbox 3314 766 3541 838; x_wconf 78' lang='grc' dir='ltr'>εὐγενὴς</span> <span class='ocrx_word' id='word_1_273' title='bbox 3585 767 3690 821; x_wconf 83' lang='grc' dir='ltr'><strong>ἇν-</strong></span> 
     </span>
    </p>
   </div>
   <div class='ocr_carea' id='block_1_37' title="bbox 2103 858 3692 931">
    <p class='ocr_par' dir='ltr' id='par_1_37' title="bbox 2103 858 3692 931">
     <span class='ocr_line' id='line_1_37' title="bbox 2103 858 3692 931; baseline -0.002 -17"><span class='ocrx_word' id='word_1_274' title='bbox 2103 860 2339 931; x_wconf 85' lang='grc' dir='ltr'>θρωπος,</span> <span class='ocrx_word' id='word_1_275' title='bbox 2378 860 2701 931; x_wconf 83' lang='grc' dir='ltr'><strong>μισούμενος</strong></span> <span class='ocrx_word' id='word_1_276' title='bbox 2730 859 2835 912; x_wconf 80' lang='grc' dir='ltr'><strong>ὑπὸ</strong></span> <span class='ocrx_word' id='word_1_277' title='bbox 2858 858 2966 913; x_wconf 84' lang='grc' dir='ltr'><strong>τῶν</strong></span> <span class='ocrx_word' id='word_1_278' title='bbox 2993 859 3139 914; x_wconf 81' lang='grc' dir='ltr'>ἰδίων</span> <span class='ocrx_word' id='word_1_279' title='bbox 3168 859 3399 912; x_wconf 83' lang='grc' dir='ltr'>πολιτῶν</span> <span class='ocrx_word' id='word_1_280' title='bbox 3427 859 3692 912; x_wconf 78' lang='grc' dir='ltr'>ἀποστει-</span> 
     </span>
    </p>
   </div>
   <div class='ocr_carea' id='block_1_38' title="bbox 2102 949 3694 1025">
    <p class='ocr_par' dir='ltr' id='par_1_38' title="bbox 2102 949 3694 1025">
     <span class='ocr_line' id='line_1_38' title="bbox 2102 949 3694 1025; baseline -0.003 -19"><span class='ocrx_word' id='word_1_281' title='bbox 2102 953 2308 1007; x_wconf 85' lang='grc' dir='ltr'>λάντων</span> <span class='ocrx_word' id='word_1_282' title='bbox 2339 952 2636 1025; x_wconf 81' lang='grc' dir='ltr'>πρεσϐείαν</span> <span class='ocrx_word' id='word_1_283' title='bbox 2671 952 2846 1006; x_wconf 81' lang='grc' dir='ltr'><strong>ὀπίσω</strong></span> <span class='ocrx_word' id='word_1_284' title='bbox 2884 951 3075 1013; x_wconf 76' lang='grc' dir='ltr'>αὑτοῦ,</span> <span class='ocrx_word' id='word_1_285' title='bbox 3114 951 3175 1004; x_wconf 82' lang='grc' dir='ltr'><strong>οὐ</strong></span> <span class='ocrx_word' id='word_1_286' title='bbox 3216 949 3477 1004; x_wconf 83' lang='grc' dir='ltr'><strong>θελόντων</strong></span> <span class='ocrx_word' id='word_1_287' title='bbox 3521 951 3694 1005; x_wconf 74' lang='grc' dir='ltr'>αὑτὸν</span> 
     </span>
    </p>
   </div>
   <div class='ocr_carea' id='block_1_39' title="bbox 2107 1038 3692 1113">
    <p class='ocr_par' dir='ltr' id='par_1_39' title="bbox 2107 1038 3692 1113">
     <span class='ocr_line' id='line_1_39' title="bbox 2107 1038 3692 1113; baseline -0.002 -18"><span class='ocrx_word' id='word_1_288' title='bbox 2107 1041 2419 1113; x_wconf 81' lang='grc' dir='ltr'>βασιλεῦσαι</span> <span class='ocrx_word' id='word_1_289' title='bbox 2458 1040 2542 1094; x_wconf 78' lang='grc' dir='ltr'>ἐπ’</span> <span class='ocrx_word' id='word_1_290' title='bbox 2586 1041 2803 1105; x_wconf 80' lang='grc' dir='ltr'>αὐτοὺς,</span> <span class='ocrx_word' id='word_1_291' title='bbox 2846 1039 3115 1110; x_wconf 76' lang='grc' dir='ltr'><strong>ἐπανῆλθε</strong></span> <span class='ocrx_word' id='word_1_292' title='bbox 3162 1038 3343 1094; x_wconf 83' lang='grc' dir='ltr'>λαϐὼν</span> <span class='ocrx_word' id='word_1_293' title='bbox 3384 1040 3484 1112; x_wconf 79' lang='grc' dir='ltr'>τὴν</span> <span class='ocrx_word' id='word_1_294' title='bbox 3530 1039 3692 1110; x_wconf 79' lang='grc' dir='ltr'>βασι-</span> 
     </span>
    </p>
   </div>
   <div class='ocr_carea' id='block_1_40' title="bbox 2102 1125 3694 1204">
    <p class='ocr_par' dir='ltr' id='par_1_40' title="bbox 2102 1125 3694 1204">
     <span class='ocr_line' id='line_1_40' title="bbox 2102 1125 3694 1204; baseline -0.004 -14"><span class='ocrx_word' id='word_1_295' title='bbox 2102 1136 2271 1196; x_wconf 81' lang='grc' dir='ltr'>λείαν,</span> <span class='ocrx_word' id='word_1_296' title='bbox 2306 1135 2399 1188; x_wconf 66' lang='grc' dir='ltr'><strong>καὶ</strong></span> <span class='ocrx_word' id='word_1_297' title='bbox 2422 1132 2591 1187; x_wconf 75' lang='grc' dir='ltr'>εἰπὼν</span> <span class='ocrx_word' id='word_1_298' title='bbox 2624 1131 2937 1204; x_wconf 79' lang='grc' dir='ltr'><strong>φωνηθῆναι</strong></span> <span class='ocrx_word' id='word_1_299' title='bbox 2964 1130 3114 1202; x_wconf 83' lang='grc' dir='ltr'>αὐτῴ</span> <span class='ocrx_word' id='word_1_300' title='bbox 3143 1130 3361 1194; x_wconf 79' lang='grc' dir='ltr'>δούλους</span> <span class='ocrx_word' id='word_1_301' title='bbox 3384 1125 3467 1195; x_wconf 75' lang='grc' dir='ltr'>οἷς</span> <span class='ocrx_word' id='word_1_302' title='bbox 3496 1130 3694 1185; x_wconf 80' lang='grc' dir='ltr'>ἐδεδώ-</span> 
     </span>
    </p>
   </div>
   <div class='ocr_carea' id='block_1_41' title="bbox 2104 1223 3686 1299">
    <p class='ocr_par' dir='ltr' id='par_1_41' title="bbox 2104 1223 3686 1299">
     <span class='ocr_line' id='line_1_41' title="bbox 2104 1223 3686 1299; baseline -0.005 -17"><span class='ocrx_word' id='word_1_303' title='bbox 2104 1246 2190 1282; x_wconf 85' lang='grc' dir='ltr'><strong>κει</strong></span> <span class='ocrx_word' id='word_1_304' title='bbox 2215 1227 2277 1281; x_wconf 75' lang='grc' dir='ltr'>τὸ</span> <span class='ocrx_word' id='word_1_305' title='bbox 2315 1226 2597 1299; x_wconf 80' lang='grc' dir='ltr'>ἀργύριον,</span> <span class='ocrx_word' id='word_1_306' title='bbox 2632 1245 2651 1277; x_wconf 85' lang='grc' dir='ltr'><strong>ι</strong></span> <span class='ocrx_word' id='word_1_307' title='bbox 2691 1226 2779 1279; x_wconf 84' lang='grc' dir='ltr'>ἵνα</span> <span class='ocrx_word' id='word_1_308' title='bbox 2806 1223 2920 1295; x_wconf 87' lang='grc' dir='ltr'>γνῷ</span> <span class='ocrx_word' id='word_1_309' title='bbox 2951 1224 3004 1277; x_wconf 81' lang='grc' dir='ltr'>τί</span> <span class='ocrx_word' id='word_1_310' title='bbox 3033 1223 3631 1296; x_wconf 75' lang='grc' dir='ltr'>διεπραγματεύσαντο.</span> <span class='ocrx_word' id='word_1_311' title='bbox 3663 1243 3686 1274; x_wconf 71' lang='grc' dir='ltr'><strong>ι</strong></span> 
     </span>
    </p>
   </div>
   <div class='ocr_carea' id='block_1_42' title="bbox 2116 1314 3694 1390">
    <p class='ocr_par' dir='ltr' id='par_1_42' title="bbox 2116 1314 3694 1390">
     <span class='ocr_line' id='line_1_42' title="bbox 2116 1314 3694 1390; baseline -0.004 -16"><span class='ocrx_word' id='word_1_312' title='bbox 2116 1320 2260 1375; x_wconf 84' lang='grc' dir='ltr'>Ἰδὼν</span> <span class='ocrx_word' id='word_1_313' title='bbox 2293 1320 2350 1373; x_wconf 82' lang='grc' dir='ltr'>δὲ</span> <span class='ocrx_word' id='word_1_314' title='bbox 2382 1318 2418 1373; x_wconf 74' lang='grc' dir='ltr'>ἃ</span> <span class='ocrx_word' id='word_1_315' title='bbox 2451 1319 2802 1390; x_wconf 80' lang='grc' dir='ltr'>πεποιήκασι,</span> <span class='ocrx_word' id='word_1_316' title='bbox 2831 1315 2910 1388; x_wconf 81' lang='grc' dir='ltr'>τῷ</span> <span class='ocrx_word' id='word_1_317' title='bbox 2936 1317 3032 1386; x_wconf 89' lang='grc' dir='ltr'><strong>μέν</strong></span> <span class='ocrx_word' id='word_1_318' title='bbox 3062 1316 3165 1386; x_wconf 79' lang='grc' dir='ltr'>τὴν</span> <span class='ocrx_word' id='word_1_319' title='bbox 3208 1317 3346 1386; x_wconf 82' lang='grc' dir='ltr'>μνᾶν</span> <span class='ocrx_word' id='word_1_320' title='bbox 3372 1314 3503 1369; x_wconf 84' lang='grc' dir='ltr'>δέκα</span> <span class='ocrx_word' id='word_1_321' title='bbox 3550 1316 3694 1386; x_wconf 84' lang='grc' dir='ltr'>μνᾶς</span> 
     </span>
    </p>
   </div>
   <div class='ocr_carea' id='block_1_43' title="bbox 2106 1401 3692 1480">
    <p class='ocr_par' dir='ltr' id='par_1_43' title="bbox 2106 1401 3692 1480">
     <span class='ocr_line' id='line_1_43' title="bbox 2106 1401 3692 1480; baseline -0.002 -17"><span class='ocrx_word' id='word_1_322' title='bbox 2106 1411 2390 1480; x_wconf 83' lang='grc' dir='ltr'>ποιήσαντι</span> <span class='ocrx_word' id='word_1_323' title='bbox 2427 1408 2650 1461; x_wconf 76' lang='grc' dir='ltr'>ἔπαινον</span> <span class='ocrx_word' id='word_1_324' title='bbox 2687 1406 2919 1469; x_wconf 83' lang='grc' dir='ltr'>ἀποδοὺς</span> <span class='ocrx_word' id='word_1_325' title='bbox 2944 1406 3034 1459; x_wconf 81' lang='grc' dir='ltr'>διὰ</span> <span class='ocrx_word' id='word_1_326' title='bbox 3077 1405 3202 1459; x_wconf 80' lang='grc' dir='ltr'>τοῦ·</span> <span class='ocrx_word' id='word_1_327' title='bbox 3260 1425 3279 1458; x_wconf 76' lang='grc' dir='ltr'><strong>ι</strong></span> <span class='ocrx_word' id='word_1_328' title='bbox 3314 1401 3478 1474; x_wconf 82' lang='grc' dir='ltr'>Εὖγε,</span> <span class='ocrx_word' id='word_1_329' title='bbox 3513 1405 3692 1473; x_wconf 80' lang='grc' dir='ltr'>ἀγαθέ</span> 
     </span>
    </p>
   </div>
   <div class='ocr_carea' id='block_1_44' title="bbox 2104 1496 3693 1571">
    <p class='ocr_par' dir='ltr' id='par_1_44' title="bbox 2104 1496 3693 1571">
     <span class='ocr_line' id='line_1_44' title="bbox 2104 1496 3693 1571; baseline -0.003 -16"><span class='ocrx_word' id='word_1_330' title='bbox 2104 1501 2280 1565; x_wconf 79' lang='grc' dir='ltr'>δοῦλε,</span> <span class='ocrx_word' id='word_1_331' title='bbox 2313 1501 2395 1554; x_wconf 78' lang='grc' dir='ltr'>ὅτι</span> <span class='ocrx_word' id='word_1_332' title='bbox 2429 1501 2485 1553; x_wconf 81' lang='grc' dir='ltr'><strong>ἐν</strong></span> <span class='ocrx_word' id='word_1_333' title='bbox 2506 1498 2774 1571; x_wconf 80' lang='grc' dir='ltr'>ἐλαχίστῳ</span> <span class='ocrx_word' id='word_1_334' title='bbox 2798 1496 2986 1562; x_wconf 76' lang='grc' dir='ltr'>πιστὸς</span> <span class='ocrx_word' id='word_1_335' title='bbox 3017 1498 3228 1567; x_wconf 85' lang='grc' dir='ltr'>ἐγένου,</span> <span class='ocrx_word' id='word_1_336' title='bbox 3260 1518 3278 1551; x_wconf 74' lang='grc' dir='ltr'><strong>ι</strong></span> <span class='ocrx_word' id='word_1_337' title='bbox 3309 1497 3521 1552; x_wconf 79' lang='grc' dir='ltr'>δίδωσιν</span> <span class='ocrx_word' id='word_1_338' title='bbox 3539 1499 3693 1568; x_wconf 78' lang='grc' dir='ltr'>αὐτῷ</span> 
     </span>
    </p>
   </div>
   <div class='ocr_carea' id='block_1_45' title="bbox 2106 1586 3690 1662">
    <p class='ocr_par' dir='ltr' id='par_1_45' title="bbox 2106 1586 3690 1662">
     <span class='ocr_line' id='line_1_45' title="bbox 2106 1586 3690 1662; baseline -0.001 -17"><span class='ocrx_word' id='word_1_339' title='bbox 2106 1591 2354 1659; x_wconf 68' lang='grc' dir='ltr'>ἐξουσίαν</span> <span class='ocrx_word' id='word_1_340' title='bbox 2378 1591 2507 1644; x_wconf 83' lang='grc' dir='ltr'>δέκα</span> <span class='ocrx_word' id='word_1_341' title='bbox 2535 1591 2763 1655; x_wconf 88' lang='grc' dir='ltr'>πόλεων,</span> <span class='ocrx_word' id='word_1_342' title='bbox 2794 1589 2900 1645; x_wconf 86' lang='grc' dir='ltr'>τῶν</span> <span class='ocrx_word' id='word_1_343' title='bbox 2926 1586 3031 1644; x_wconf 75' lang='grc' dir='ltr'><strong>ὑπὸ</strong></span> <span class='ocrx_word' id='word_1_344' title='bbox 3050 1590 3152 1662; x_wconf 83' lang='grc' dir='ltr'><strong>τὴν</strong></span> <span class='ocrx_word' id='word_1_345' title='bbox 3181 1589 3455 1661; x_wconf 80' lang='grc' dir='ltr'>βασιλείαν</span> <span class='ocrx_word' id='word_1_346' title='bbox 3486 1590 3690 1644; x_wconf 68' lang='grc' dir='ltr'>αὐτοῦτ-</span> 
     </span>
    </p>
   </div>
   <div class='ocr_carea' id='block_1_46' title="bbox 2106 1681 3692 1755">
    <p class='ocr_par' dir='ltr' id='par_1_46' title="bbox 2106 1681 3692 1755">
     <span class='ocr_line' id='line_1_46' title="bbox 2106 1681 3692 1755; baseline -0.003 -15"><span class='ocrx_word' id='word_1_347' title='bbox 2106 1686 2200 1740; x_wconf 80' lang='grc' dir='ltr'><strong>καὶ</strong></span> <span class='ocrx_word' id='word_1_348' title='bbox 2225 1683 2371 1755; x_wconf 80' lang='grc' dir='ltr'>ἄλλῳ</span> <span class='ocrx_word' id='word_1_349' title='bbox 2401 1683 2499 1754; x_wconf 79' lang='grc' dir='ltr'>τὴν</span> <span class='ocrx_word' id='word_1_350' title='bbox 2533 1684 2670 1754; x_wconf 85' lang='grc' dir='ltr'>μνᾶν</span> <span class='ocrx_word' id='word_1_351' title='bbox 2696 1681 3244 1746; x_wconf 78' lang='grc' dir='ltr'>πενταπλασιάσαντι,</span> <span class='ocrx_word' id='word_1_352' title='bbox 3272 1682 3366 1735; x_wconf 82' lang='grc' dir='ltr'><strong>τὸν</strong></span> <span class='ocrx_word' id='word_1_353' title='bbox 3398 1682 3496 1753; x_wconf 82' lang='grc' dir='ltr'><strong>μὲν</strong></span> <span class='ocrx_word' id='word_1_354' title='bbox 3529 1682 3692 1736; x_wconf 81' lang='grc' dir='ltr'>ἐπαι-</span> 
     </span>
    </p>
   </div>
   <div class='ocr_carea' id='block_1_47' title="bbox 2106 1773 3694 1848">
    <p class='ocr_par' dir='ltr' id='par_1_47' title="bbox 2106 1773 3694 1848">
     <span class='ocr_line' id='line_1_47' title="bbox 2106 1773 3694 1848; baseline -0.001 -18"><span class='ocrx_word' id='word_1_355' title='bbox 2106 1792 2197 1830; x_wconf 91' lang='grc' dir='ltr'><strong>νον</strong></span> <span class='ocrx_word' id='word_1_356' title='bbox 2231 1775 2289 1829; x_wconf 84' lang='grc' dir='ltr'><strong>όν</strong></span> <span class='ocrx_word' id='word_1_357' title='bbox 2321 1775 2414 1828; x_wconf 79' lang='grc' dir='ltr'><strong>ἐπὶ</strong></span> <span class='ocrx_word' id='word_1_358' title='bbox 2450 1774 2545 1828; x_wconf 79' lang='grc' dir='ltr'>τοῦ</span> <span class='ocrx_word' id='word_1_359' title='bbox 2583 1774 2802 1848; x_wconf 86' lang='grc' dir='ltr'>πρώτου</span> <span class='ocrx_word' id='word_1_360' title='bbox 2828 1773 3014 1839; x_wconf 72' lang='grc' dir='ltr'>ἔταξεν</span> <span class='ocrx_word' id='word_1_361' title='bbox 3048 1775 3155 1828; x_wconf 78' lang='grc' dir='ltr'><strong>οὐκ</strong></span> <span class='ocrx_word' id='word_1_362' title='bbox 3182 1774 3540 1839; x_wconf 78' lang='grc' dir='ltr'>ἀποδέδωκεν,</span> <span class='ocrx_word' id='word_1_363' title='bbox 3567 1775 3694 1829; x_wconf 72' lang='grc' dir='ltr'>οὐδὲ</span> 
     </span>
    </p>
   </div>
   <div class='ocr_carea' id='block_1_48' title="bbox 2040 1835 3692 1939">
    <p class='ocr_par' dir='ltr' id='par_1_48' title="bbox 2040 1835 3692 1939">
     <span class='ocr_line' id='line_1_48' title="bbox 2040 1835 3692 1939; baseline -0.002 -17"><span class='ocrx_word' id='word_1_364' title='bbox 2040 1835 2084 1892; x_wconf 71' lang='grc' dir='ltr'><strong>Β</strong></span> <span class='ocrx_word' id='word_1_365' title='bbox 2106 1867 2170 1922; x_wconf 81' lang='grc' dir='ltr'>τὸ</span> <span class='ocrx_word' id='word_1_366' title='bbox 2194 1866 2366 1939; x_wconf 74' lang='grc' dir='ltr'>ὄνομα</span> <span class='ocrx_word' id='word_1_367' title='bbox 2387 1865 2487 1936; x_wconf 86' lang='grc' dir='ltr'><strong>τῆς</strong></span> <span class='ocrx_word' id='word_1_368' title='bbox 2507 1835 2777 1934; x_wconf 70' lang='grc' dir='ltr'>ἐξουσίας,</span> <span class='ocrx_word' id='word_1_369' title='bbox 2803 1866 2881 1931; x_wconf 82' lang='grc' dir='ltr'>ὡς</span> <span class='ocrx_word' id='word_1_370' title='bbox 2908 1835 3001 1921; x_wconf 68' lang='grc' dir='ltr'><strong>ἐπὶ</strong></span> <span class='ocrx_word' id='word_1_371' title='bbox 3019 1865 3112 1920; x_wconf 81' lang='grc' dir='ltr'>τοῦ</span> <span class='ocrx_word' id='word_1_372' title='bbox 3140 1866 3406 1938; x_wconf 81' lang='grc' dir='ltr'>προτέρου</span> <span class='ocrx_word' id='word_1_373' title='bbox 3428 1835 3692 1938; x_wconf 71' lang='grc' dir='ltr'>ὡρίσατο,</span> 
     </span>
    </p>
   </div>
   <div class='ocr_carea' id='block_1_49' title="bbox 2109 1954 3689 2030">
    <p class='ocr_par' dir='ltr' id='par_1_49' title="bbox 2109 1954 3689 2030">
     <span class='ocr_line' id='line_1_49' title="bbox 2109 1954 3689 2030; baseline -0.001 -18"><span class='ocrx_word' id='word_1_374' title='bbox 2109 1954 2228 2012; x_wconf 85' lang='grc' dir='ltr'>εἷπε</span> <span class='ocrx_word' id='word_1_375' title='bbox 2254 1958 2311 2012; x_wconf 79' lang='grc' dir='ltr'>δὲ</span> <span class='ocrx_word' id='word_1_376' title='bbox 2331 1958 2480 2030; x_wconf 78' lang='grc' dir='ltr'>αὐτῷ</span> <span class='ocrx_word' id='word_1_377' title='bbox 2496 1976 2511 1990; x_wconf 73' lang='grc' dir='ltr'><strong><em>ο</em></strong></span> <span class='ocrx_word' id='word_1_378' title='bbox 2545 1977 2563 2011; x_wconf 83' lang='grc' dir='ltr'><strong>ι</strong></span> <span class='ocrx_word' id='word_1_379' title='bbox 2592 1960 2703 2012; x_wconf 71' lang='grc' dir='ltr'><strong>Καὶ</strong></span> <span class='ocrx_word' id='word_1_380' title='bbox 2732 1959 2796 2013; x_wconf 76' lang='grc' dir='ltr'><strong>σὺ</strong></span> <span class='ocrx_word' id='word_1_381' title='bbox 2817 1958 2967 2029; x_wconf 78' lang='grc' dir='ltr'>γίνου</span> <span class='ocrx_word' id='word_1_382' title='bbox 2996 1958 3181 2013; x_wconf 77' lang='grc' dir='ltr'>ἐπάνω</span> <span class='ocrx_word' id='word_1_383' title='bbox 3212 1959 3372 2013; x_wconf 80' lang='grc' dir='ltr'>πέντε</span> <span class='ocrx_word' id='word_1_384' title='bbox 3404 1959 3609 2014; x_wconf 84' lang='grc' dir='ltr'>πόλεων</span> <span class='ocrx_word' id='word_1_385' title='bbox 3626 1976 3638 1989; x_wconf 88' lang='grc'><strong>·</strong></span> <span class='ocrx_word' id='word_1_386' title='bbox 3667 1979 3689 2010; x_wconf 76' lang='grc' dir='ltr'><strong>ι</strong></span> 
     </span>
    </p>
   </div>
   <div class='ocr_carea' id='block_1_50' title="bbox 2106 2046 3695 2125">
    <p class='ocr_par' dir='ltr' id='par_1_50' title="bbox 2106 2046 3695 2125">
     <span class='ocr_line' id='line_1_50' title="bbox 2106 2046 3695 2125; baseline 0.001 -20"><span class='ocrx_word' id='word_1_387' title='bbox 2106 2051 2187 2123; x_wconf 83' lang='grc' dir='ltr'><strong>τῷ</strong></span> <span class='ocrx_word' id='word_1_388' title='bbox 2208 2052 2265 2105; x_wconf 85' lang='grc' dir='ltr'><strong>δέ</strong></span> <span class='ocrx_word' id='word_1_389' title='bbox 2295 2052 2395 2125; x_wconf 77' lang='grc' dir='ltr'>τὴν</span> <span class='ocrx_word' id='word_1_390' title='bbox 2425 2053 2563 2123; x_wconf 84' lang='grc' dir='ltr'>μνᾶν</span> <span class='ocrx_word' id='word_1_391' title='bbox 2590 2051 2921 2124; x_wconf 83' lang='grc' dir='ltr'>ἀποδήσαντι</span> <span class='ocrx_word' id='word_1_392' title='bbox 2940 2053 3006 2125; x_wconf 59' lang='grc' dir='ltr'><strong>⁸ἐν</strong></span> <span class='ocrx_word' id='word_1_393' title='bbox 3039 2052 3305 2124; x_wconf 80' lang='grc' dir='ltr'>σουδαρίῳ</span> <span class='ocrx_word' id='word_1_394' title='bbox 3329 2046 3483 2107; x_wconf 77' lang='grc' dir='ltr'>εἶπεν</span> <span class='ocrx_word' id='word_1_395' title='bbox 3506 2069 3521 2084; x_wconf 79' lang='grc' dir='ltr'><strong>ο</strong></span> <span class='ocrx_word' id='word_1_396' title='bbox 3553 2071 3573 2104; x_wconf 76' lang='grc' dir='ltr'><strong>ι</strong></span> <span class='ocrx_word' id='word_1_397' title='bbox 3596 2052 3695 2107; x_wconf 86' lang='grc' dir='ltr'><strong>Ἐκ</strong></span> 
     </span>
    </p>
   </div>
   <div class='ocr_carea' id='block_1_51' title="bbox 2107 2143 3695 2217">
    <p class='ocr_par' dir='ltr' id='par_1_51' title="bbox 2107 2143 3695 2217">
     <span class='ocr_line' id='line_1_51' title="bbox 2107 2143 3695 2217; baseline -0.001 -17"><span class='ocrx_word' id='word_1_398' title='bbox 2107 2145 2203 2200; x_wconf 83' lang='grc' dir='ltr'>τοῦ</span> <span class='ocrx_word' id='word_1_399' title='bbox 2244 2145 2513 2216; x_wconf 81' lang='grc' dir='ltr'>στόματός</span> <span class='ocrx_word' id='word_1_400' title='bbox 2545 2161 2639 2198; x_wconf 90' lang='grc' dir='ltr'><strong>σου</strong></span> <span class='ocrx_word' id='word_1_401' title='bbox 2687 2143 2857 2217; x_wconf 76' lang='grc' dir='ltr'>κρίνω</span> <span class='ocrx_word' id='word_1_402' title='bbox 2891 2160 2972 2207; x_wconf 90' lang='grc' dir='ltr'><strong>σε,</strong></span> <span class='ocrx_word' id='word_1_403' title='bbox 3004 2145 3209 2216; x_wconf 86' lang='grc' dir='ltr'>πονηρέ</span> <span class='ocrx_word' id='word_1_404' title='bbox 3235 2143 3410 2209; x_wconf 77' lang='grc' dir='ltr'>δοῦλε,</span> <span class='ocrx_word' id='word_1_405' title='bbox 3441 2144 3535 2199; x_wconf 76' lang='grc' dir='ltr'><strong>καὶ</strong></span> <span class='ocrx_word' id='word_1_406' title='bbox 3576 2148 3695 2211; x_wconf 82' lang='grc' dir='ltr'>τοῖς</span> 
     </span>
    </p>
   </div>
   <div class='ocr_carea' id='block_1_52' title="bbox 2110 2232 3693 2312">
    <p class='ocr_par' dir='ltr' id='par_1_52' title="bbox 2110 2232 3693 2312">
     <span class='ocr_line' id='line_1_52' title="bbox 2110 2232 3693 2312; baseline -0.002 -19"><span class='ocrx_word' id='word_1_407' title='bbox 2110 2237 2453 2312; x_wconf 85' lang='grc' dir='ltr'>παρεστῶσιν</span> <span class='ocrx_word' id='word_1_408' title='bbox 2477 2232 2663 2291; x_wconf 69' lang='grc' dir='ltr'>εἶπεν*</span> <span class='ocrx_word' id='word_1_409' title='bbox 2699 2238 2902 2307; x_wconf 78' lang='grc' dir='ltr'>’Ἄρατε</span> <span class='ocrx_word' id='word_1_410' title='bbox 2945 2235 3041 2289; x_wconf 81' lang='grc' dir='ltr'><strong>ἀπ’</strong></span> <span class='ocrx_word' id='word_1_411' title='bbox 3078 2234 3244 2290; x_wconf 76' lang='grc' dir='ltr'>αὐτοῦ</span> <span class='ocrx_word' id='word_1_412' title='bbox 3268 2236 3366 2308; x_wconf 82' lang='grc' dir='ltr'><strong>τὴν</strong></span> <span class='ocrx_word' id='word_1_413' title='bbox 3403 2238 3559 2308; x_wconf 87' lang='grc' dir='ltr'>μνᾶν,</span> <span class='ocrx_word' id='word_1_414' title='bbox 3598 2238 3693 2292; x_wconf 76' lang='grc' dir='ltr'><strong>καὶ</strong></span> 
     </span>
    </p>
   </div>
   <div class='ocr_carea' id='block_1_53' title="bbox 2109 2324 3697 2402">
    <p class='ocr_par' dir='ltr' id='par_1_53' title="bbox 2109 2324 3697 2402">
     <span class='ocr_line' id='line_1_53' title="bbox 2109 2324 3697 2402; baseline -0.003 -16"><span class='ocrx_word' id='word_1_415' title='bbox 2109 2332 2228 2387; x_wconf 87' lang='grc' dir='ltr'>δότε</span> <span class='ocrx_word' id='word_1_416' title='bbox 2257 2330 2334 2402; x_wconf 82' lang='grc' dir='ltr'><strong>τῷ</strong></span> <span class='ocrx_word' id='word_1_417' title='bbox 2365 2329 2464 2393; x_wconf 75' lang='grc' dir='ltr'>τὰς</span> <span class='ocrx_word' id='word_1_418' title='bbox 2486 2328 2618 2383; x_wconf 82' lang='grc' dir='ltr'>δέκα</span> <span class='ocrx_word' id='word_1_419' title='bbox 2647 2329 2784 2400; x_wconf 87' lang='grc' dir='ltr'>μνᾶς</span> <span class='ocrx_word' id='word_1_420' title='bbox 2804 2327 3001 2398; x_wconf 70' lang='grc' dir='ltr'>ἔχοντι.</span> <span class='ocrx_word' id='word_1_421' title='bbox 3034 2347 3053 2382; x_wconf 72' lang='grc' dir='ltr'><strong>ι</strong></span> <span class='ocrx_word' id='word_1_422' title='bbox 3091 2327 3187 2392; x_wconf 80' lang='grc' dir='ltr'>Τίς</span> <span class='ocrx_word' id='word_1_423' title='bbox 3218 2324 3312 2383; x_wconf 80' lang='grc' dir='ltr'><strong>οὖν</strong></span> <span class='ocrx_word' id='word_1_424' title='bbox 3335 2329 3430 2383; x_wconf 80' lang='grc' dir='ltr'><strong>καὶ</strong></span> <span class='ocrx_word' id='word_1_425' title='bbox 3452 2329 3545 2383; x_wconf 80' lang='grc' dir='ltr'>ἐπὶ</span> <span class='ocrx_word' id='word_1_426' title='bbox 3571 2329 3697 2384; x_wconf 83' lang='grc' dir='ltr'>ταύ-</span> 
     </span>
    </p>
   </div>
   <div class='ocr_carea' id='block_1_54' title="bbox 2110 2419 3694 2497">
    <p class='ocr_par' dir='ltr' id='par_1_54' title="bbox 2110 2419 3694 2497">
     <span class='ocr_line' id='line_1_54' title="bbox 2110 2419 3694 2497; baseline -0.004 -17"><span class='ocrx_word' id='word_1_427' title='bbox 2110 2443 2209 2497; x_wconf 83' lang='grc' dir='ltr'><strong>της</strong></span> <span class='ocrx_word' id='word_1_428' title='bbox 2242 2422 2557 2496; x_wconf 81' lang='grc' dir='ltr'>παραϐολῆς</span> <span class='ocrx_word' id='word_1_429' title='bbox 2588 2421 2649 2476; x_wconf 83' lang='grc' dir='ltr'><strong>οὐ</strong></span> <span class='ocrx_word' id='word_1_430' title='bbox 2684 2423 2870 2493; x_wconf 84' lang='grc' dir='ltr'>φήσει,</span> <span class='ocrx_word' id='word_1_431' title='bbox 2900 2420 2983 2474; x_wconf 78' lang='grc' dir='ltr'>ὅτι</span> <span class='ocrx_word' id='word_1_432' title='bbox 3016 2422 3044 2475; x_wconf 87' lang='grc' dir='ltr'><strong>ό</strong></span> <span class='ocrx_word' id='word_1_433' title='bbox 3090 2420 3191 2491; x_wconf 84' lang='grc' dir='ltr'>μὲν</span> <span class='ocrx_word' id='word_1_434' title='bbox 3223 2419 3454 2491; x_wconf 73' lang='grc' dir='ltr'>εὐγενὴς</span> <span class='ocrx_word' id='word_1_435' title='bbox 3481 2419 3694 2491; x_wconf 76' lang='grc' dir='ltr'>ἄνθρω-</span> 
     </span>
    </p>
   </div>
   <div class='ocr_carea' id='block_1_55' title="bbox 2112 2510 3693 2586">
    <p class='ocr_par' dir='ltr' id='par_1_55' title="bbox 2112 2510 3693 2586">
     <span class='ocr_line' id='line_1_55' title="bbox 2112 2510 3693 2586; baseline -0.004 -17"><span class='ocrx_word' id='word_1_436' title='bbox 2112 2534 2234 2580; x_wconf 82' lang='grc' dir='ltr'>πος,</span> <span class='ocrx_word' id='word_1_437' title='bbox 2272 2512 2559 2586; x_wconf 76' lang='grc' dir='ltr'>πορευθεὶς</span> <span class='ocrx_word' id='word_1_438' title='bbox 2587 2514 2668 2577; x_wconf 74' lang='grc' dir='ltr'><strong>εἰς</strong></span> <span class='ocrx_word' id='word_1_439' title='bbox 2699 2510 2885 2586; x_wconf 85' lang='grc' dir='ltr'>χώραν</span> <span class='ocrx_word' id='word_1_440' title='bbox 2924 2511 3142 2583; x_wconf 84' lang='grc' dir='ltr'>μακρὰν</span> <span class='ocrx_word' id='word_1_441' title='bbox 3172 2511 3357 2566; x_wconf 84' lang='grc' dir='ltr'>λαϐεῖν</span> <span class='ocrx_word' id='word_1_442' title='bbox 3390 2511 3568 2582; x_wconf 79' lang='grc' dir='ltr'>ἐαυτῷ</span> <span class='ocrx_word' id='word_1_443' title='bbox 3596 2511 3693 2581; x_wconf 82' lang='grc' dir='ltr'><strong>βα-</strong></span> 
     </span>
    </p>
   </div>
   <div class='ocr_carea' id='block_1_56' title="bbox 2113 2604 3697 2677">
    <p class='ocr_par' dir='ltr' id='par_1_56' title="bbox 2113 2604 3697 2677">
     <span class='ocr_line' id='line_1_56' title="bbox 2113 2604 3697 2677; baseline -0.003 -15"><span class='ocrx_word' id='word_1_444' title='bbox 2113 2608 2336 2671; x_wconf 76' lang='grc' dir='ltr'>σιλείαν,</span> <span class='ocrx_word' id='word_1_445' title='bbox 2367 2606 2462 2660; x_wconf 80' lang='grc' dir='ltr'>καὶ</span> <span class='ocrx_word' id='word_1_446' title='bbox 2487 2604 2843 2676; x_wconf 76' lang='grc' dir='ltr'>ὑποστρέψαι,</span> <span class='ocrx_word' id='word_1_447' title='bbox 2877 2607 2907 2659; x_wconf 92' lang='lat'><strong>6</strong></span> <span class='ocrx_word' id='word_1_448' title='bbox 2939 2604 3171 2677; x_wconf 86' lang='grc' dir='ltr'>Χριστός</span> <span class='ocrx_word' id='word_1_449' title='bbox 3202 2607 3349 2658; x_wconf 88' lang='grc' dir='ltr'>ἐστιν</span> <span class='ocrx_word' id='word_1_450' title='bbox 3378 2604 3541 2659; x_wconf 71' lang='grc' dir='ltr'>οἱονεὶ</span> <span class='ocrx_word' id='word_1_451' title='bbox 3566 2607 3697 2658; x_wconf 82' lang='grc' dir='ltr'>ἀπο-</span> 
     </span>
    </p>
   </div>
   <div class='ocr_carea' id='block_1_57' title="bbox 2111 2696 3691 2773">
    <p class='ocr_par' dir='ltr' id='par_1_57' title="bbox 2111 2696 3691 2773">
     <span class='ocr_line' id='line_1_57' title="bbox 2111 2696 3691 2773; baseline -0.006 -16"><span class='ocrx_word' id='word_1_452' title='bbox 2111 2700 2299 2773; x_wconf 84' lang='grc' dir='ltr'>δημῶν</span> <span class='ocrx_word' id='word_1_453' title='bbox 2332 2701 2425 2753; x_wconf 73' lang='grc' dir='ltr'><strong>ἐπὶ</strong></span> <span class='ocrx_word' id='word_1_454' title='bbox 2447 2697 2524 2770; x_wconf 84' lang='grc' dir='ltr'>τῷ</span> <span class='ocrx_word' id='word_1_455' title='bbox 2552 2697 2733 2753; x_wconf 77' lang='grc' dir='ltr'>λαϐεῖν</span> <span class='ocrx_word' id='word_1_456' title='bbox 2761 2696 2862 2768; x_wconf 84' lang='grc' dir='ltr'><strong>τὴν</strong></span> <span class='ocrx_word' id='word_1_457' title='bbox 2902 2696 3183 2768; x_wconf 78' lang='grc' dir='ltr'>βασιλείαν</span> <span class='ocrx_word' id='word_1_458' title='bbox 3208 2698 3301 2752; x_wconf 75' lang='grc' dir='ltr'>καὶ</span> <span class='ocrx_word' id='word_1_459' title='bbox 3325 2697 3420 2752; x_wconf 79' lang='grc' dir='ltr'>τοῦ</span> <span class='ocrx_word' id='word_1_460' title='bbox 3462 2696 3691 2769; x_wconf 83' lang='grc' dir='ltr'>κόσμου,</span> 
     </span>
    </p>
   </div>
   <div class='ocr_carea' id='block_1_58' title="bbox 2113 2787 3693 2860">
    <p class='ocr_par' dir='ltr' id='par_1_58' title="bbox 2113 2787 3693 2860">
     <span class='ocr_line' id='line_1_58' title="bbox 2113 2787 3693 2860; baseline -0.004 -13"><span class='ocrx_word' id='word_1_461' title='bbox 2113 2794 2207 2847; x_wconf 83' lang='grc' dir='ltr'>καὶ</span> <span class='ocrx_word' id='word_1_462' title='bbox 2239 2791 2349 2846; x_wconf 81' lang='grc' dir='ltr'>τῶν</span> <span class='ocrx_word' id='word_1_463' title='bbox 2378 2792 2439 2845; x_wconf 80' lang='grc' dir='ltr'><strong>ἐν</strong></span> <span class='ocrx_word' id='word_1_464' title='bbox 2482 2788 2669 2860; x_wconf 83' lang='grc' dir='ltr'>αὺτῷ;</span> <span class='ocrx_word' id='word_1_465' title='bbox 2706 2788 2770 2842; x_wconf 80' lang='lat' dir='ltr'><strong>Oi</strong></span> <span class='ocrx_word' id='word_1_466' title='bbox 2801 2787 2858 2841; x_wconf 76' lang='grc' dir='ltr'>δὲ</span> <span class='ocrx_word' id='word_1_467' title='bbox 2898 2789 2998 2852; x_wconf 84' lang='grc' dir='ltr'>τὰς</span> <span class='ocrx_word' id='word_1_468' title='bbox 3028 2787 3160 2843; x_wconf 82' lang='grc' dir='ltr'>δέκα</span> <span class='ocrx_word' id='word_1_469' title='bbox 3196 2787 3453 2853; x_wconf 80' lang='grc' dir='ltr'>λαϐόντες</span> <span class='ocrx_word' id='word_1_470' title='bbox 3481 2788 3619 2860; x_wconf 87' lang='grc' dir='ltr'>μνᾶς</span> <span class='ocrx_word' id='word_1_471' title='bbox 3643 2787 3693 2840; x_wconf 73' lang='grc' dir='ltr'>οξ</span> 
     </span>
    </p>
   </div>
   <div class='ocr_carea' id='block_1_59' title="bbox 2114 2877 3690 2954">
    <p class='ocr_par' dir='ltr' id='par_1_59' title="bbox 2114 2877 3690 2954">
     <span class='ocr_line' id='line_1_59' title="bbox 2114 2877 3690 2954; baseline -0.006 -15"><span class='ocrx_word' id='word_1_472' title='bbox 2114 2882 2578 2954; x_wconf 63' lang='grc' dir='ltr'>ἐγκεχειρισμένα</span> <span class='ocrx_word' id='word_1_473' title='bbox 2606 2880 2715 2934; x_wconf 72' lang='grc' dir='ltr'>εἰσι</span> <span class='ocrx_word' id='word_1_474' title='bbox 2741 2879 2958 2934; x_wconf 74' lang='grc' dir='ltr'>διοικεῖν</span> <span class='ocrx_word' id='word_1_475' title='bbox 2984 2877 3143 2948; x_wconf 86' lang='grc' dir='ltr'>λόγον</span> <span class='ocrx_word' id='word_1_476' title='bbox 3173 2878 3233 2934; x_wconf 82' lang='grc' dir='ltr'>ὃν</span> <span class='ocrx_word' id='word_1_477' title='bbox 3262 2877 3690 2948; x_wconf 72' lang='grc' dir='ltr'>ἐπιστεύθησανς</span> 
     </span>
    </p>
   </div>
   <div class='ocr_carea' id='block_1_60' title="bbox 2115 2963 3687 3039">
    <p class='ocr_par' dir='ltr' id='par_1_60' title="bbox 2115 2963 3687 3039">
     <span class='ocr_line' id='line_1_60' title="bbox 2115 2963 3687 3039; baseline -0.009 -11"><span class='ocrx_word' id='word_1_478' title='bbox 2115 2975 2182 3028; x_wconf 78' lang='grc' dir='ltr'><strong>Οἱ</strong></span> <span class='ocrx_word' id='word_1_479' title='bbox 2223 2973 2281 3026; x_wconf 83' lang='grc' dir='ltr'><strong>δέ</strong></span> <span class='ocrx_word' id='word_1_480' title='bbox 2320 2971 2533 3024; x_wconf 83' lang='grc' dir='ltr'>πολῖται</span> <span class='ocrx_word' id='word_1_481' title='bbox 2580 2968 2746 3025; x_wconf 76' lang='grc' dir='ltr'>αὐτοῦ</span> <span class='ocrx_word' id='word_1_482' title='bbox 2789 2967 3323 3039; x_wconf 69' lang='grc' dir='ltr'>ἐμπολιτευσαμένου</span> <span class='ocrx_word' id='word_1_483' title='bbox 3370 2963 3447 3036; x_wconf 80' lang='grc' dir='ltr'>τῷ</span> <span class='ocrx_word' id='word_1_484' title='bbox 3498 2963 3687 3032; x_wconf 85' lang='grc' dir='ltr'>κόσμῳ</span> 
     </span>
    </p>
   </div>
   <div class='ocr_carea' id='block_1_61' title="bbox 2115 3046 3687 3135">
    <p class='ocr_par' dir='ltr' id='par_1_61' title="bbox 2115 3046 3687 3135">
     <span class='ocr_line' id='line_1_61' title="bbox 2115 3046 3687 3135; baseline -0.008 -16"><span class='ocrx_word' id='word_1_485' title='bbox 2115 3064 2328 3121; x_wconf 71' lang='grc' dir='ltr'>κατὰτὸ</span> <span class='ocrx_word' id='word_1_486' title='bbox 2351 3059 2853 3135; x_wconf 81' lang='grc' dir='ltr'>ἐνηνθρωπηκέναι,</span> <span class='ocrx_word' id='word_1_487' title='bbox 2881 3062 2930 3113; x_wconf 79' lang='lat' dir='ltr'><strong>oi</strong></span> <span class='ocrx_word' id='word_1_488' title='bbox 2959 3059 3033 3132; x_wconf 81' lang='grc' dir='ltr'><strong>μὴ</strong></span> <span class='ocrx_word' id='word_1_489' title='bbox 3063 3046 3379 3131; x_wconf 70' lang='grc' dir='ltr'>θελήσαντες</span> <span class='ocrx_word' id='word_1_490' title='bbox 3402 3056 3563 3110; x_wconf 78' lang='grc' dir='ltr'>αὑτὸν</span> <span class='ocrx_word' id='word_1_491' title='bbox 3590 3053 3687 3125; x_wconf 76' lang='grc' dir='ltr'><strong>βα-</strong></span> 
     </span>
    </p>
   </div>
   <div class='ocr_carea' id='block_1_62' title="bbox 435 3146 2010 3237">
    <p class='ocr_par' dir='ltr' id='par_1_62' title="bbox 435 3152 2010 3225">
     <span class='ocr_line' id='line_1_62' title="bbox 435 3152 2010 3225; baseline 0.008 -24"><span class='ocrx_word' id='word_1_492' title='bbox 435 3157 794 3217; x_wconf 83' lang='lat' dir='ltr'><strong>receperunt,</strong></span> <span class='ocrx_word' id='word_1_493' title='bbox 824 3165 921 3205; x_wconf 83' lang='lat' dir='ltr'><strong>eos</strong></span> <span class='ocrx_word' id='word_1_494' title='bbox 957 3166 1078 3206; x_wconf 89' lang='lat' dir='ltr'><strong>esse</strong></span> <span class='ocrx_word' id='word_1_495' title='bbox 1101 3152 1306 3221; x_wconf 90' lang='lat' dir='ltr'><strong>quibus</strong></span> <span class='ocrx_word' id='word_1_496' title='bbox 1339 3153 1489 3208; x_wconf 85' lang='lat' dir='ltr'><strong>verbi</strong></span> <span class='ocrx_word' id='word_1_497' title='bbox 1534 3154 1870 3225; x_wconf 85' lang='lat' dir='ltr'><strong>dispensatio</strong></span> <span class='ocrx_word' id='word_1_498' title='bbox 1899 3174 2010 3213; x_wconf 89' lang='lat' dir='ltr'><strong>cre-</strong></span> 
     </span>
    </p>
   </div>
   <div class='ocr_carea' id='block_1_63' title="bbox 2110 3146 3691 3237">
    <p class='ocr_par' dir='ltr' id='par_1_63' title="bbox 2121 3146 3691 3225">
     <span class='ocr_line' id='line_1_63' title="bbox 2121 3146 3691 3225; baseline -0.009 -13"><span class='ocrx_word' id='word_1_499' title='bbox 2121 3157 2384 3222; x_wconf 77' lang='grc' dir='ltr'>σιλεῦσαι,</span> <span class='ocrx_word' id='word_1_500' title='bbox 2417 3154 2556 3225; x_wconf 74' lang='grc' dir='ltr'>τάχά</span> <span class='ocrx_word' id='word_1_501' title='bbox 2594 3153 2691 3225; x_wconf 77' lang='grc' dir='ltr'><strong>μὲν</strong></span> <span class='ocrx_word' id='word_1_502' title='bbox 2723 3154 2752 3205; x_wconf 93' lang='lat'><strong>6</strong></span> <span class='ocrx_word' id='word_1_503' title='bbox 2780 3152 3087 3221; x_wconf 82' lang='grc' dir='ltr'>ἀπιστήσας</span> <span class='ocrx_word' id='word_1_504' title='bbox 3115 3149 3261 3221; x_wconf 80' lang='grc' dir='ltr'>αὐτῷ</span> <span class='ocrx_word' id='word_1_505' title='bbox 3294 3146 3691 3220; x_wconf 75' lang='grc' dir='ltr'>ἰσραὴλ“ὲστι·</span> 
     </span>
    </p>
   </div>
   <div class='ocr_carea' id='block_1_64' title="bbox 437 3236 2015 3317">
    <p class='ocr_par' dir='ltr' id='par_1_64' title="bbox 437 3236 2015 3317">
     <span class='ocr_line' id='line_1_64' title="bbox 437 3236 2015 3317; baseline 0.008 -24"><span class='ocrx_word' id='word_1_506' title='bbox 437 3236 551 3293; x_wconf 87' lang='lat' dir='ltr'><strong>dita</strong></span> <span class='ocrx_word' id='word_1_507' title='bbox 578 3240 702 3294; x_wconf 79' lang='lat' dir='ltr'><strong>est?</strong></span> <span class='ocrx_word' id='word_1_508' title='bbox 727 3253 784 3296; x_wconf 92' lang='lat' dir='ltr'><strong>at</strong></span> <span class='ocrx_word' id='word_1_509' title='bbox 811 3241 903 3312; x_wconf 92' lang='lat' dir='ltr'><strong>qui</strong></span> <span class='ocrx_word' id='word_1_510' title='bbox 928 3258 1157 3313; x_wconf 82' lang='lat' dir='ltr'><strong>regnare</strong></span> <span class='ocrx_word' id='word_1_511' title='bbox 1180 3259 1306 3299; x_wconf 90' lang='lat' dir='ltr'><strong>eum</strong></span> <span class='ocrx_word' id='word_1_512' title='bbox 1335 3245 1627 3300; x_wconf 88' lang='lat' dir='ltr'><strong>noluerunt</strong></span> <span class='ocrx_word' id='word_1_513' title='bbox 1652 3245 1797 3301; x_wconf 89' lang='lat' dir='ltr'><strong>cives</strong></span> <span class='ocrx_word' id='word_1_514' title='bbox 1822 3247 2015 3317; x_wconf 86' lang='lat' dir='ltr'><strong>ipsius,</strong></span> 
     </span>
    </p>
   </div>
   <div class='ocr_carea' id='block_1_65' title="bbox 2122 3242 3344 3321">
    <p class='ocr_par' dir='ltr' id='par_1_65' title="bbox 2122 3242 3344 3321">
     <span class='ocr_line' id='line_1_65' title="bbox 2122 3242 3344 3321; baseline -0.007 -17"><span class='ocrx_word' id='word_1_515' title='bbox 2122 3250 2264 3321; x_wconf 83' lang='grc' dir='ltr'>τάχα</span> <span class='ocrx_word' id='word_1_516' title='bbox 2293 3249 2349 3302; x_wconf 79' lang='grc' dir='ltr'>δὲ</span> <span class='ocrx_word' id='word_1_517' title='bbox 2380 3249 2476 3302; x_wconf 72' lang='grc' dir='ltr'><strong>καὶ</strong></span> <span class='ocrx_word' id='word_1_518' title='bbox 2504 3247 2572 3300; x_wconf 76' lang='grc' dir='ltr'>τὰ</span> <span class='ocrx_word' id='word_1_519' title='bbox 2601 3247 2973 3318; x_wconf 83' lang='grc' dir='ltr'>ἀπιστήσαντα</span> <span class='ocrx_word' id='word_1_520' title='bbox 3001 3243 3151 3315; x_wconf 79' lang='grc' dir='ltr'>αὐτῷ</span> <span class='ocrx_word' id='word_1_521' title='bbox 3183 3242 3344 3315; x_wconf 81' lang='grc' dir='ltr'>ἐθνη;</span> 
     </span>
    </p>
   </div>
   <div class='ocr_carea' id='block_1_66' title="bbox 443 3329 3701 3407">
    <p class='ocr_par' dir='ltr' id='par_1_66' title="bbox 443 3329 3701 3407">
     <span class='ocr_line' id='line_1_66' title="bbox 443 3329 3701 3407; baseline -0.001 -22"><span class='ocrx_word' id='word_1_522' title='bbox 443 3331 539 3400; x_wconf 90' lang='lat' dir='ltr'><strong>qui</strong></span> <span class='ocrx_word' id='word_1_523' title='bbox 568 3331 742 3387; x_wconf 87' lang='lat' dir='ltr'><strong>civem</strong></span> <span class='ocrx_word' id='word_1_524' title='bbox 768 3334 881 3403; x_wconf 86' lang='lat' dir='ltr'><strong>egit</strong></span> <span class='ocrx_word' id='word_1_525' title='bbox 908 3334 962 3388; x_wconf 91' lang='lat' dir='ltr'><strong>in</strong></span> <span class='ocrx_word' id='word_1_526' title='bbox 991 3333 1200 3389; x_wconf 89' lang='lat' dir='ltr'><strong>mundo</strong></span> <span class='ocrx_word' id='word_1_527' title='bbox 1241 3342 1496 3391; x_wconf 89' lang='lat' dir='ltr'><strong>naturam</strong></span> <span class='ocrx_word' id='word_1_528' title='bbox 1558 3334 1855 3391; x_wconf 87' lang='lat' dir='ltr'><strong>humanam</strong></span> <span class='ocrx_word' id='word_1_529' title='bbox 1892 3354 2202 3407; x_wconf 85' lang='lat' dir='ltr'><strong>assumens,</strong></span> <span class='ocrx_word' id='word_1_530' title='bbox 2232 3354 2329 3395; x_wconf 86' lang='lat' dir='ltr'><strong>eos</strong></span> <span class='ocrx_word' id='word_1_531' title='bbox 2371 3353 2494 3393; x_wconf 83' lang='lat' dir='ltr'><strong>esse</strong></span> <span class='ocrx_word' id='word_1_532' title='bbox 2536 3336 2770 3390; x_wconf 79' lang='lat' dir='ltr'><strong>fortasse</strong></span> <span class='ocrx_word' id='word_1_533' title='bbox 2798 3334 3074 3401; x_wconf 83' lang='lat' dir='ltr'><strong>lsraelcm,</strong></span> <span class='ocrx_word' id='word_1_534' title='bbox 3111 3348 3143 3388; x_wconf 87' lang='lat' dir='ltr'><strong>a</strong></span> <span class='ocrx_word' id='word_1_535' title='bbox 3171 3347 3282 3402; x_wconf 91' lang='lat' dir='ltr'><strong>quo</strong></span> <span class='ocrx_word' id='word_1_536' title='bbox 3314 3331 3449 3386; x_wconf 79' lang='lat' dir='ltr'><strong>fides</strong></span> <span class='ocrx_word' id='word_1_537' title='bbox 3501 3329 3552 3384; x_wconf 87' lang='lat' dir='ltr'><strong>ei</strong></span> <span class='ocrx_word' id='word_1_538' title='bbox 3610 3329 3701 3384; x_wconf 81' lang='lat' dir='ltr'><strong>ha-</strong></span> 
     </span>
    </p>
   </div>
   <div class='ocr_carea' id='block_1_67' title="bbox 443 3422 2723 3497">
    <p class='ocr_par' dir='ltr' id='par_1_67' title="bbox 443 3422 2723 3497">
     <span class='ocr_line' id='line_1_67' title="bbox 443 3422 2723 3497; baseline 0.003 -18"><span class='ocrx_word' id='word_1_539' title='bbox 443 3422 553 3479; x_wconf 88' lang='lat' dir='ltr'><strong>bita</strong></span> <span class='ocrx_word' id='word_1_540' title='bbox 587 3437 697 3478; x_wconf 88' lang='lat' dir='ltr'><strong>non</strong></span> <span class='ocrx_word' id='word_1_541' title='bbox 724 3433 839 3492; x_wconf 84' lang='lat' dir='ltr'><strong>est;</strong></span> <span class='ocrx_word' id='word_1_542' title='bbox 877 3423 1102 3480; x_wconf 81' lang='lat' dir='ltr'><strong>forsitan</strong></span> <span class='ocrx_word' id='word_1_543' title='bbox 1131 3435 1185 3481; x_wconf 89' lang='lat' dir='ltr'><strong>et</strong></span> <span class='ocrx_word' id='word_1_544' title='bbox 1211 3434 1401 3497; x_wconf 85' lang='lat' dir='ltr'><strong>gentes</strong></span> <span class='ocrx_word' id='word_1_545' title='bbox 1433 3442 1557 3497; x_wconf 69' lang='lat' dir='ltr'><strong>qua:</strong></span> <span class='ocrx_word' id='word_1_546' title='bbox 1580 3426 1631 3481; x_wconf 89' lang='lat' dir='ltr'><strong>ei</strong></span> <span class='ocrx_word' id='word_1_547' title='bbox 1663 3426 1887 3483; x_wconf 90' lang='lat' dir='ltr'><strong>minime</strong></span> <span class='ocrx_word' id='word_1_548' title='bbox 1909 3431 2296 3487; x_wconf 86' lang='lat' dir='ltr'><strong>crediderunt?</strong></span> <span class='ocrx_word' id='word_1_549' title='bbox 2720 3430 2723 3433; x_wconf 37' lang='grc' dir='ltr'><strong>λ</strong></span> 
     </span>
    </p>
   </div>
   <div class='ocr_carea' id='block_1_68' title="bbox 511 3511 2020 3586">
    <p class='ocr_par' dir='ltr' id='par_1_68' title="bbox 511 3511 2020 3586">
     <span class='ocr_line' id='line_1_68' title="bbox 511 3511 2020 3586; baseline 0.007 -19"><span class='ocrx_word' id='word_1_550' title='bbox 511 3513 599 3568; x_wconf 81' lang='lat' dir='ltr'><strong>l5.</strong></span> <span class='ocrx_word' id='word_1_551' title='bbox 647 3511 844 3571; x_wconf 84' lang='lat' dir='ltr'><strong>Verum</strong></span> <span class='ocrx_word' id='word_1_552' title='bbox 893 3517 1009 3572; x_wconf 86' lang='lat' dir='ltr'><strong>haec</strong></span> <span class='ocrx_word' id='word_1_553' title='bbox 1039 3531 1069 3572; x_wconf 93' lang='lat' dir='ltr'><strong>a</strong></span> <span class='ocrx_word' id='word_1_554' title='bbox 1104 3517 1265 3573; x_wconf 91' lang='lat' dir='ltr'><strong>nobis</strong></span> <span class='ocrx_word' id='word_1_555' title='bbox 1310 3518 1454 3574; x_wconf 87' lang='lat' dir='ltr'><strong>dicta</strong></span> <span class='ocrx_word' id='word_1_556' title='bbox 1500 3526 1661 3586; x_wconf 91' lang='lat' dir='ltr'><strong>sunt,</strong></span> <span class='ocrx_word' id='word_1_557' title='bbox 1710 3529 1766 3576; x_wconf 90' lang='lat' dir='ltr'><strong>ut</strong></span> <span class='ocrx_word' id='word_1_558' title='bbox 1814 3521 2020 3578; x_wconf 90' lang='lat' dir='ltr'><strong>reditus</strong></span> 
     </span>
    </p>
   </div>
   <div class='ocr_carea' id='block_1_69' title="bbox 442 3605 2016 3680">
    <p class='ocr_par' dir='ltr' id='par_1_69' title="bbox 442 3605 2016 3680">
     <span class='ocr_line' id='line_1_69' title="bbox 442 3605 2016 3680; baseline 0.006 -21"><span class='ocrx_word' id='word_1_559' title='bbox 442 3605 590 3663; x_wconf 86' lang='lat' dir='ltr'><strong>illius</strong></span> <span class='ocrx_word' id='word_1_560' title='bbox 633 3623 756 3663; x_wconf 88' lang='lat' dir='ltr'><strong>cum</strong></span> <span class='ocrx_word' id='word_1_561' title='bbox 792 3624 963 3680; x_wconf 89' lang='lat' dir='ltr'><strong>regno</strong></span> <span class='ocrx_word' id='word_1_562' title='bbox 1009 3609 1320 3678; x_wconf 91' lang='lat' dir='ltr'><strong>redeuntis,</strong></span> <span class='ocrx_word' id='word_1_563' title='bbox 1371 3609 1440 3666; x_wconf 90' lang='lat' dir='ltr'><strong>ad</strong></span> <span class='ocrx_word' id='word_1_564' title='bbox 1487 3614 2016 3670; x_wconf 89' lang='lat' dir='ltr'><strong>consummationem</strong></span> 
     </span>
    </p>
   </div>
   <div class='ocr_carea' id='block_1_70' title="bbox 442 3697 2018 3772">
    <p class='ocr_par' dir='ltr' id='par_1_70' title="bbox 442 3697 2018 3772">
     <span class='ocr_line' id='line_1_70' title="bbox 442 3697 2018 3772; baseline 0.006 -21"><span class='ocrx_word' id='word_1_565' title='bbox 442 3697 714 3752; x_wconf 88' lang='lat' dir='ltr'><strong>referatur</strong></span> <span class='ocrx_word' id='word_1_566' title='bbox 743 3699 786 3731; x_wconf 75' lang='lat'>“</span> <span class='ocrx_word' id='word_1_567' title='bbox 808 3737 823 3763; x_wconf 95' lang='lat'><strong>,</strong></span> <span class='ocrx_word' id='word_1_568' title='bbox 870 3699 1092 3769; x_wconf 91' lang='lat' dir='ltr'><strong>quando</strong></span> <span class='ocrx_word' id='word_1_569' title='bbox 1117 3715 1314 3772; x_wconf 89' lang='lat' dir='ltr'><strong>nempe</strong></span> <span class='ocrx_word' id='word_1_570' title='bbox 1352 3718 1372 3753; x_wconf 80' lang='grc' dir='ltr'><strong>ι</strong></span> <span class='ocrx_word' id='word_1_571' title='bbox 1402 3700 1570 3771; x_wconf 88' lang='lat' dir='ltr'><strong>jussit</strong></span> <span class='ocrx_word' id='word_1_572' title='bbox 1596 3703 1781 3758; x_wconf 90' lang='lat' dir='ltr'><strong>vocari</strong></span> <span class='ocrx_word' id='word_1_573' title='bbox 1809 3719 2018 3772; x_wconf 88' lang='lat' dir='ltr'><strong>servos,</strong></span> 
     </span>
    </p>
   </div>
   <div class='ocr_carea' id='block_1_71' title="bbox 442 3789 2021 3868">
    <p class='ocr_par' dir='ltr' id='par_1_71' title="bbox 442 3789 2021 3868">
     <span class='ocr_line' id='line_1_71' title="bbox 442 3789 2021 3868; baseline 0.007 -25"><span class='ocrx_word' id='word_1_574' title='bbox 442 3790 644 3868; x_wconf 82' lang='lat' dir='ltr'><strong>quibus</strong></span> <span class='ocrx_word' id='word_1_575' title='bbox 672 3789 820 3846; x_wconf 85' lang='lat' dir='ltr'><strong>dedit</strong></span> <span class='ocrx_word' id='word_1_576' title='bbox 847 3791 1169 3861; x_wconf 88' lang='lat' dir='ltr'><strong>pecuniam,</strong></span> <span class='ocrx_word' id='word_1_577' title='bbox 1201 3799 1264 3848; x_wconf 91' lang='lat' dir='ltr'><strong>ut</strong></span> <span class='ocrx_word' id='word_1_578' title='bbox 1303 3792 1470 3848; x_wconf 89' lang='lat' dir='ltr'><strong>sciret</strong></span> <span class='ocrx_word' id='word_1_579' title='bbox 1495 3802 1760 3864; x_wconf 90' lang='lat' dir='ltr'><strong>quantum</strong></span> <span class='ocrx_word' id='word_1_580' title='bbox 1788 3796 2021 3868; x_wconf 87' lang='lat' dir='ltr'><strong>quisque</strong></span> 
     </span>
    </p>
   </div>
   <div class='ocr_carea' id='block_1_72' title="bbox 445 3864 2020 3954">
    <p class='ocr_par' dir='ltr' id='par_1_72' title="bbox 445 3864 2020 3954">
     <span class='ocr_line' id='line_1_72' title="bbox 445 3864 2020 3954; baseline 0.006 -20"><span class='ocrx_word' id='word_1_581' title='bbox 445 3864 753 3951; x_wconf 72' lang='lat' dir='ltr'><strong>negotiatus</strong></span> <span class='ocrx_word' id='word_1_582' title='bbox 776 3891 943 3950; x_wconf 88' lang='lat' dir='ltr'><strong>esset,</strong></span> <span class='ocrx_word' id='word_1_583' title='bbox 981 3901 1001 3936; x_wconf 70' lang='grc' dir='ltr'><strong>ι</strong></span> <span class='ocrx_word' id='word_1_584' title='bbox 1038 3893 1091 3939; x_wconf 91' lang='lat' dir='ltr'><strong>et</strong></span> <span class='ocrx_word' id='word_1_585' title='bbox 1125 3883 1270 3954; x_wconf 92' lang='lat' dir='ltr'><strong>quod</strong></span> <span class='ocrx_word' id='word_1_586' title='bbox 1301 3898 1368 3939; x_wconf 82' lang='lat' dir='ltr'><strong>ex</strong></span> <span class='ocrx_word' id='word_1_587' title='bbox 1393 3898 1480 3948; x_wconf 93' lang='lat' dir='ltr'><strong>eo,</strong></span> <span class='ocrx_word' id='word_1_588' title='bbox 1515 3900 1728 3941; x_wconf 90' lang='lat' dir='ltr'><strong>necnon</strong></span> <span class='ocrx_word' id='word_1_589' title='bbox 1753 3864 1821 3942; x_wconf 58' lang='lat' dir='ltr'><strong>ev</strong></span> <span class='ocrx_word' id='word_1_590' title='bbox 1846 3864 2020 3944; x_wconf 82' lang='lat' dir='ltr'><strong>talen-</strong></span> 
     </span>
    </p>
   </div>
   <div class='ocr_carea' id='block_1_73' title="bbox 441 3974 2016 4045">
    <p class='ocr_par' dir='ltr' id='par_1_73' title="bbox 441 3974 2016 4045">
     <span class='ocr_line' id='line_1_73' title="bbox 441 3974 2016 4045; baseline 0.004 -16"><span class='ocrx_word' id='word_1_591' title='bbox 441 3981 623 4029; x_wconf 86' lang='lat' dir='ltr'><strong>torum</strong></span> <span class='ocrx_word' id='word_1_592' title='bbox 642 3974 899 4045; x_wconf 88' lang='lat' dir='ltr'><strong>parabola</strong></span> <span class='ocrx_word' id='word_1_593' title='bbox 915 3974 1289 4031; x_wconf 87' lang='lat' dir='ltr'><strong>demonstrare</strong></span> <span class='ocrx_word' id='word_1_594' title='bbox 1307 3976 1569 4032; x_wconf 87' lang='lat' dir='ltr'><strong>vellemus</strong></span> <span class='ocrx_word' id='word_1_595' title='bbox 1585 3976 1763 4033; x_wconf 89' lang='lat' dir='ltr'><strong>locum</strong></span> <span class='ocrx_word' id='word_1_596' title='bbox 1777 3978 1925 4034; x_wconf 89' lang='lat' dir='ltr'><strong>hunc</strong></span> <span class='ocrx_word' id='word_1_597' title='bbox 1936 3979 1982 4010; x_wconf 77' lang='lat'><strong><em>“</em></strong></span> <span class='ocrx_word' id='word_1_598' title='bbox 2003 3998 2016 4035; x_wconf 89' lang='lat'><strong>:</strong></span> 
     </span>
    </p>
   </div>
   <div class='ocr_carea' id='block_1_74' title="bbox 445 4062 2014 4137">
    <p class='ocr_par' dir='ltr' id='par_1_74' title="bbox 445 4062 2014 4137">
     <span class='ocr_line' id='line_1_74' title="bbox 445 4062 2014 4137; baseline 0.004 -21"><span class='ocrx_word' id='word_1_599' title='bbox 445 4082 465 4116; x_wconf 72' lang='grc' dir='ltr'><strong>ι</strong></span> <span class='ocrx_word' id='word_1_600' title='bbox 510 4062 614 4130; x_wconf 85' lang='lat' dir='ltr'><strong>Qui</strong></span> <span class='ocrx_word' id='word_1_601' title='bbox 662 4064 829 4120; x_wconf 89' lang='lat' dir='ltr'><strong>voluit</strong></span> <span class='ocrx_word' id='word_1_602' title='bbox 875 4065 1140 4120; x_wconf 91' lang='lat' dir='ltr'><strong>rationem</strong></span> <span class='ocrx_word' id='word_1_603' title='bbox 1175 4081 1378 4136; x_wconf 88' lang='lat' dir='ltr'><strong>ponere</strong></span> <span class='ocrx_word' id='word_1_604' title='bbox 1420 4082 1544 4122; x_wconf 91' lang='lat' dir='ltr'><strong>cum</strong></span> <span class='ocrx_word' id='word_1_605' title='bbox 1580 4068 1755 4123; x_wconf 86' lang='lat' dir='ltr'><strong>servis</strong></span> <span class='ocrx_word' id='word_1_606' title='bbox 1803 4070 1952 4137; x_wconf 85' lang='lat' dir='ltr'><strong>suis,</strong></span> <span class='ocrx_word' id='word_1_607' title='bbox 1995 4088 2014 4122; x_wconf 78' lang='grc' dir='ltr'><strong>ι</strong></span> 
     </span>
    </p>
   </div>
   <div class='ocr_carea' id='block_1_75' title="bbox 441 4157 2024 4232">
    <p class='ocr_par' dir='ltr' id='par_1_75' title="bbox 441 4157 2024 4232">
     <span class='ocr_line' id='line_1_75' title="bbox 441 4157 2024 4232; baseline 0.003 -18"><span class='ocrx_word' id='word_1_608' title='bbox 441 4157 507 4214; x_wconf 82' lang='lat' dir='ltr'><strong>ad</strong></span> <span class='ocrx_word' id='word_1_609' title='bbox 537 4158 1064 4214; x_wconf 87' lang='lat' dir='ltr'><strong>consummationem</strong></span> <span class='ocrx_word' id='word_1_610' title='bbox 1091 4158 1304 4226; x_wconf 89' lang='lat' dir='ltr'><strong>referri,</strong></span> <span class='ocrx_word' id='word_1_611' title='bbox 1334 4175 1458 4215; x_wconf 91' lang='lat' dir='ltr'><strong>cum</strong></span> <span class='ocrx_word' id='word_1_612' title='bbox 1487 4159 1600 4229; x_wconf 87' lang='lat' dir='ltr'><strong>jam</strong></span> <span class='ocrx_word' id='word_1_613' title='bbox 1628 4177 1854 4232; x_wconf 83' lang='lat' dir='ltr'><strong>regnum</strong></span> <span class='ocrx_word' id='word_1_614' title='bbox 1882 4163 2024 4218; x_wconf 86' lang='lat' dir='ltr'><strong>reci-</strong></span> 
     </span>
    </p>
   </div>
   <div class='ocr_carea' id='block_1_76' title="bbox 444 4247 2019 4321">
    <p class='ocr_par' dir='ltr' id='par_1_76' title="bbox 444 4247 2019 4321">
     <span class='ocr_line' id='line_1_76' title="bbox 444 4247 2019 4321; baseline 0.004 -20"><span class='ocrx_word' id='word_1_615' title='bbox 444 4249 521 4317; x_wconf 75' lang='lat' dir='ltr'><strong>pit</strong></span> <span class='ocrx_word' id='word_1_616' title='bbox 566 4264 661 4302; x_wconf 76' lang='lat' dir='ltr'><strong>rex</strong></span> <span class='ocrx_word' id='word_1_617' title='bbox 687 4289 702 4311; x_wconf 94' lang='lat'><strong>,</strong></span> <span class='ocrx_word' id='word_1_618' title='bbox 756 4247 915 4317; x_wconf 88' lang='lat' dir='ltr'><strong>cujus</strong></span> <span class='ocrx_word' id='word_1_619' title='bbox 960 4249 1171 4320; x_wconf 86' lang='lat' dir='ltr'><strong>gratia,</strong></span> <span class='ocrx_word' id='word_1_620' title='bbox 1205 4250 1359 4319; x_wconf 81' lang='lat' dir='ltr'><strong>juxta</strong></span> <span class='ocrx_word' id='word_1_621' title='bbox 1408 4250 1572 4304; x_wconf 89' lang='lat' dir='ltr'><strong>aliam</strong></span> <span class='ocrx_word' id='word_1_622' title='bbox 1604 4251 1919 4321; x_wconf 89' lang='lat' dir='ltr'><strong>parabolam</strong></span> <span class='ocrx_word' id='word_1_623' title='bbox 1950 4251 2019 4321; x_wconf 75' lang='lat'><strong>“,</strong></span> 
     </span>
    </p>
   </div>
   <div class='ocr_carea' id='block_1_77' title="bbox 446 4340 2019 4414">
    <p class='ocr_par' dir='ltr' id='par_1_77' title="bbox 446 4340 2019 4414">
     <span class='ocr_line' id='line_1_77' title="bbox 446 4340 2019 4414; baseline 0.004 -23"><span class='ocrx_word' id='word_1_624' title='bbox 446 4360 465 4391; x_wconf 70' lang='grc' dir='ltr'><strong>ε</strong></span> <span class='ocrx_word' id='word_1_625' title='bbox 504 4341 637 4395; x_wconf 85' lang='lat' dir='ltr'><strong>abiit</strong></span> <span class='ocrx_word' id='word_1_626' title='bbox 671 4340 724 4395; x_wconf 91' lang='lat' dir='ltr'><strong>in</strong></span> <span class='ocrx_word' id='word_1_627' title='bbox 762 4340 1037 4411; x_wconf 80' lang='lat' dir='ltr'><strong>regionem</strong></span> <span class='ocrx_word' id='word_1_628' title='bbox 1074 4340 1428 4411; x_wconf 87' lang='lat' dir='ltr'><strong>longinquam</strong></span> <span class='ocrx_word' id='word_1_629' title='bbox 1477 4345 1726 4414; x_wconf 90' lang='lat' dir='ltr'><strong>accipere</strong></span> <span class='ocrx_word' id='word_1_630' title='bbox 1777 4342 1881 4399; x_wconf 91' lang='lat' dir='ltr'><strong>sibi</strong></span> <span class='ocrx_word' id='word_1_631' title='bbox 1927 4359 2019 4398; x_wconf 83' lang='lat' dir='ltr'><strong>re-</strong></span> 
     </span>
    </p>
   </div>
   <div class='ocr_carea' id='block_1_78' title="bbox 441 4431 2021 4502">
    <p class='ocr_par' dir='ltr' id='par_1_78' title="bbox 441 4431 2021 4502">
     <span class='ocr_line' id='line_1_78' title="bbox 441 4431 2021 4502; baseline 0.004 -18"><span class='ocrx_word' id='word_1_632' title='bbox 441 4448 630 4500; x_wconf 86' lang='lat' dir='ltr'><strong>gnum,</strong></span> <span class='ocrx_word' id='word_1_633' title='bbox 664 4440 719 4488; x_wconf 90' lang='lat' dir='ltr'><strong>et</strong></span> <span class='ocrx_word' id='word_1_634' title='bbox 741 4431 958 4489; x_wconf 84' lang='lat' dir='ltr'><strong>reverti.</strong></span> <span class='ocrx_word' id='word_1_635' title='bbox 996 4451 1015 4484; x_wconf 73' lang='grc' dir='ltr'><strong>ι</strong></span> <span class='ocrx_word' id='word_1_636' title='bbox 1053 4431 1191 4487; x_wconf 88' lang='lat' dir='ltr'><strong>Cum</strong></span> <span class='ocrx_word' id='word_1_637' title='bbox 1217 4442 1400 4489; x_wconf 88' lang='lat' dir='ltr'><strong>autem</strong></span> <span class='ocrx_word' id='word_1_638' title='bbox 1434 4450 1688 4491; x_wconf 89' lang='lat' dir='ltr'><strong>reversus</strong></span> <span class='ocrx_word' id='word_1_639' title='bbox 1713 4434 1928 4502; x_wconf 82' lang='lat' dir='ltr'><strong>fuisset,</strong></span> <span class='ocrx_word' id='word_1_640' title='bbox 1964 4443 2021 4490; x_wconf 90' lang='lat' dir='ltr'><strong>et</strong></span> 
     </span>
    </p>
   </div>
   <div class='ocr_carea' id='block_1_79' title="bbox 2190 3511 3699 3594">
    <p class='ocr_par' dir='ltr' id='par_1_79' title="bbox 2190 3511 3699 3594">
     <span class='ocr_line' id='line_1_79' title="bbox 2190 3511 3699 3594; baseline -0.008 -18"><span class='ocrx_word' id='word_1_641' title='bbox 2190 3523 2338 3594; x_wconf 78' lang='grc' dir='ltr'>Πλὴν</span> <span class='ocrx_word' id='word_1_642' title='bbox 2364 3518 2538 3575; x_wconf 77' lang='grc' dir='ltr'>ταῦτα</span> <span class='ocrx_word' id='word_1_643' title='bbox 2569 3534 2658 3589; x_wconf 88' lang='grc' dir='ltr'><strong>μοι</strong></span> <span class='ocrx_word' id='word_1_644' title='bbox 2692 3516 2907 3589; x_wconf 79' lang='grc' dir='ltr'>εἴρηται</span> <span class='ocrx_word' id='word_1_645' title='bbox 2933 3513 3098 3568; x_wconf 76' lang='grc' dir='ltr'>διὰτὸ</span> <span class='ocrx_word' id='word_1_646' title='bbox 3119 3513 3217 3586; x_wconf 78' lang='grc' dir='ltr'>τὴν</span> <span class='ocrx_word' id='word_1_647' title='bbox 3244 3511 3505 3567; x_wconf 76' lang='grc' dir='ltr'>ἐπάνοδον</span> <span class='ocrx_word' id='word_1_648' title='bbox 3530 3511 3699 3565; x_wconf 78' lang='grc' dir='ltr'>αὐτοῦ</span> 
     </span>
    </p>
   </div>
   <div class='ocr_carea' id='block_1_80' title="bbox 2119 3602 3699 3686">
    <p class='ocr_par' dir='ltr' id='par_1_80' title="bbox 2119 3602 3699 3686">
     <span class='ocr_line' id='line_1_80' title="bbox 2119 3602 3699 3686; baseline -0.006 -19"><span class='ocrx_word' id='word_1_649' title='bbox 2119 3612 2413 3686; x_wconf 75' lang='grc' dir='ltr'>ἀναφέρειν</span> <span class='ocrx_word' id='word_1_650' title='bbox 2442 3607 2691 3670; x_wconf 79' lang='grc' dir='ltr'>ἐλθόντος</span> <span class='ocrx_word' id='word_1_651' title='bbox 2723 3605 2861 3678; x_wconf 79' lang='grc' dir='ltr'>μετὰ</span> <span class='ocrx_word' id='word_1_652' title='bbox 2896 3605 2994 3676; x_wconf 85' lang='grc' dir='ltr'><strong>τῆς</strong></span> <span class='ocrx_word' id='word_1_653' title='bbox 3026 3602 3303 3675; x_wconf 78' lang='grc' dir='ltr'>βασιλείας</span> <span class='ocrx_word' id='word_1_654' title='bbox 3329 3603 3423 3657; x_wconf 74' lang='grc' dir='ltr'>ἐπὶ</span> <span class='ocrx_word' id='word_1_655' title='bbox 3452 3603 3551 3674; x_wconf 82' lang='grc' dir='ltr'><strong>τὴν</strong></span> <span class='ocrx_word' id='word_1_656' title='bbox 3578 3620 3699 3657; x_wconf 84' lang='grc' dir='ltr'>συν·</span> 
     </span>
    </p>
   </div>
   <div class='ocr_carea' id='block_1_81' title="bbox 2119 3693 3697 3767">
    <p class='ocr_par' dir='ltr' id='par_1_81' title="bbox 2119 3693 3697 3767">
     <span class='ocr_line' id='line_1_81' title="bbox 2119 3693 3697 3767; baseline -0.008 -9"><span class='ocrx_word' id='word_1_657' title='bbox 2119 3704 2351 3767; x_wconf 85' lang='grc' dir='ltr'>τέλειαν,</span> <span class='ocrx_word' id='word_1_658' title='bbox 2384 3702 2474 3755; x_wconf 82' lang='grc' dir='ltr'>ὅτε</span> <span class='ocrx_word' id='word_1_659' title='bbox 2530 3719 2549 3751; x_wconf 79' lang='grc' dir='ltr'><strong>ι</strong></span> <span class='ocrx_word' id='word_1_660' title='bbox 2588 3694 2710 3752; x_wconf 76' lang='grc' dir='ltr'>εἷπε</span> <span class='ocrx_word' id='word_1_661' title='bbox 2743 3694 3057 3767; x_wconf 81' lang='grc' dir='ltr'>φωνηθῆναι</span> <span class='ocrx_word' id='word_1_662' title='bbox 3095 3694 3247 3767; x_wconf 80' lang='grc' dir='ltr'>αὐτῷ</span> <span class='ocrx_word' id='word_1_663' title='bbox 3282 3695 3410 3758; x_wconf 70' lang='grc' dir='ltr'>τοὺς</span> <span class='ocrx_word' id='word_1_664' title='bbox 3459 3693 3697 3757; x_wconf 82' lang='grc' dir='ltr'>δούλους,</span> 
     </span>
    </p>
   </div>
   <div class='ocr_carea' id='block_1_82' title="bbox 2120 3785 3689 3862">
    <p class='ocr_par' dir='ltr' id='par_1_82' title="bbox 2120 3785 3689 3862">
     <span class='ocr_line' id='line_1_82' title="bbox 2120 3785 3689 3862; baseline -0.008 -10"><span class='ocrx_word' id='word_1_665' title='bbox 2120 3794 2203 3861; x_wconf 77' lang='grc' dir='ltr'>οἷς</span> <span class='ocrx_word' id='word_1_666' title='bbox 2234 3794 2484 3851; x_wconf 84' lang='grc' dir='ltr'>ἐδεδώκει</span> <span class='ocrx_word' id='word_1_667' title='bbox 2516 3792 2578 3847; x_wconf 75' lang='grc' dir='ltr'>τὸ</span> <span class='ocrx_word' id='word_1_668' title='bbox 2606 3790 2890 3862; x_wconf 77' lang='grc' dir='ltr'>ἀργύριον,</span> <span class='ocrx_word' id='word_1_669' title='bbox 2917 3790 3005 3842; x_wconf 83' lang='grc' dir='ltr'><strong>ἵνα</strong></span> <span class='ocrx_word' id='word_1_670' title='bbox 3031 3787 3145 3859; x_wconf 84' lang='grc' dir='ltr'>γνῷ</span> <span class='ocrx_word' id='word_1_671' title='bbox 3184 3788 3238 3842; x_wconf 83' lang='grc' dir='ltr'><strong>τι</strong></span> <span class='ocrx_word' id='word_1_672' title='bbox 3260 3785 3689 3860; x_wconf 82' lang='grc' dir='ltr'>διεπραγματεύ-</span> 
     </span>
    </p>
   </div>
   <div class='ocr_carea' id='block_1_83' title="bbox 2125 3877 3701 3951">
    <p class='ocr_par' dir='ltr' id='par_1_83' title="bbox 2125 3877 3701 3951">
     <span class='ocr_line' id='line_1_83' title="bbox 2125 3877 3701 3951; baseline -0.008 -9"><span class='ocrx_word' id='word_1_673' title='bbox 2125 3903 2308 3951; x_wconf 87' lang='grc' dir='ltr'>σαντο,</span> <span class='ocrx_word' id='word_1_674' title='bbox 2348 3904 2366 3937; x_wconf 74' lang='grc' dir='ltr'><strong>ι</strong></span> <span class='ocrx_word' id='word_1_675' title='bbox 2402 3884 2498 3937; x_wconf 77' lang='grc' dir='ltr'><strong>καὶ</strong></span> <span class='ocrx_word' id='word_1_676' title='bbox 2534 3881 2624 3936; x_wconf 81' lang='grc' dir='ltr'><strong>διὰ</strong></span> <span class='ocrx_word' id='word_1_677' title='bbox 2652 3880 2713 3934; x_wconf 83' lang='grc' dir='ltr'>τὸ</span> <span class='ocrx_word' id='word_1_678' title='bbox 2747 3882 2811 3932; x_wconf 87' lang='grc' dir='ltr'><strong>ἐκ</strong></span> <span class='ocrx_word' id='word_1_679' title='bbox 2847 3879 3035 3933; x_wconf 88' lang='grc' dir='ltr'>τούτου</span> <span class='ocrx_word' id='word_1_680' title='bbox 3068 3877 3352 3949; x_wconf 84' lang='grc' dir='ltr'>βούλεσθαι</span> <span class='ocrx_word' id='word_1_681' title='bbox 3384 3877 3701 3932; x_wconf 76' lang='grc' dir='ltr'>ἀποδεικνύε-</span> 
     </span>
    </p>
   </div>
   <div class='ocr_carea' id='block_1_84' title="bbox 2125 3968 3701 4047">
    <p class='ocr_par' dir='ltr' id='par_1_84' title="bbox 2125 3968 3701 4047">
     <span class='ocr_line' id='line_1_84' title="bbox 2125 3968 3701 4047; baseline -0.006 -15"><span class='ocrx_word' id='word_1_682' title='bbox 2125 3995 2212 4032; x_wconf 86' lang='grc' dir='ltr'><strong>ναι</strong></span> <span class='ocrx_word' id='word_1_683' title='bbox 2239 3976 2335 4032; x_wconf 76' lang='grc' dir='ltr'><strong>καὶ</strong></span> <span class='ocrx_word' id='word_1_684' title='bbox 2373 3975 2474 4046; x_wconf 87' lang='grc' dir='ltr'><strong>τῆς</strong></span> <span class='ocrx_word' id='word_1_685' title='bbox 2509 3974 2634 4047; x_wconf 77' lang='grc' dir='ltr'>περὶ</span> <span class='ocrx_word' id='word_1_686' title='bbox 2663 3970 2772 4026; x_wconf 79' lang='grc' dir='ltr'>τῶν</span> <span class='ocrx_word' id='word_1_687' title='bbox 2799 3969 3073 4025; x_wconf 80' lang='grc' dir='ltr'>ταλάντων</span> <span class='ocrx_word' id='word_1_688' title='bbox 3103 3968 3441 4043; x_wconf 83' lang='grc' dir='ltr'>παραϐολῆς,</span> <span class='ocrx_word' id='word_1_689' title='bbox 3472 3970 3554 4023; x_wconf 82' lang='grc' dir='ltr'>ὅτι</span> <span class='ocrx_word' id='word_1_690' title='bbox 3583 3969 3701 4032; x_wconf 78' lang='grc' dir='ltr'>καὶ,</span> 
     </span>
    </p>
   </div>
   <div class='ocr_carea' id='block_1_85' title="bbox 2132 4061 3708 4139">
    <p class='ocr_par' dir='ltr' id='par_1_85' title="bbox 2132 4061 3708 4139">
     <span class='ocr_line' id='line_1_85' title="bbox 2132 4061 3708 4139; baseline -0.005 -17"><span class='ocrx_word' id='word_1_691' title='bbox 2132 4090 2152 4122; x_wconf 74' lang='grc' dir='ltr'><strong>ι</strong></span> <span class='ocrx_word' id='word_1_692' title='bbox 2187 4070 2379 4132; x_wconf 78' lang='grc' dir='ltr'>Ὅστις</span> <span class='ocrx_word' id='word_1_693' title='bbox 2396 4067 2627 4138; x_wconf 76' lang='grc' dir='ltr'>ἠθέλησε</span> <span class='ocrx_word' id='word_1_694' title='bbox 2659 4068 2884 4139; x_wconf 81' lang='grc' dir='ltr'>συνᾶραι</span> <span class='ocrx_word' id='word_1_695' title='bbox 2909 4066 3064 4135; x_wconf 85' lang='grc' dir='ltr'>λόγον</span> <span class='ocrx_word' id='word_1_696' title='bbox 3088 4062 3225 4136; x_wconf 86' lang='grc' dir='ltr'>μετὰ</span> <span class='ocrx_word' id='word_1_697' title='bbox 3247 4062 3357 4117; x_wconf 84' lang='grc' dir='ltr'>τῶν</span> <span class='ocrx_word' id='word_1_698' title='bbox 3382 4061 3584 4117; x_wconf 85' lang='grc' dir='ltr'>δούλων</span> <span class='ocrx_word' id='word_1_699' title='bbox 3613 4061 3708 4115; x_wconf 79' lang='grc' dir='ltr'>αὐ-</span> 
     </span>
    </p>
   </div>
   <div class='ocr_carea' id='block_1_86' title="bbox 2124 4153 3705 4230">
    <p class='ocr_par' dir='ltr' id='par_1_86' title="bbox 2124 4153 3705 4230">
     <span class='ocr_line' id='line_1_86' title="bbox 2124 4153 3705 4230; baseline -0.004 -16"><span class='ocrx_word' id='word_1_700' title='bbox 2124 4159 2243 4226; x_wconf 80' lang='grc' dir='ltr'>τοῦ,</span> <span class='ocrx_word' id='word_1_701' title='bbox 2284 4179 2303 4213; x_wconf 73' lang='grc' dir='ltr'><strong>ι</strong></span> <span class='ocrx_word' id='word_1_702' title='bbox 2347 4158 2677 4230; x_wconf 74' lang='grc' dir='ltr'>ἀναφέρεται</span> <span class='ocrx_word' id='word_1_703' title='bbox 2713 4158 2811 4213; x_wconf 75' lang='grc' dir='ltr'>ἐπὶ</span> <span class='ocrx_word' id='word_1_704' title='bbox 2847 4158 2946 4228; x_wconf 78' lang='grc' dir='ltr'><strong>τὴν</strong></span> <span class='ocrx_word' id='word_1_705' title='bbox 2981 4155 3312 4220; x_wconf 80' lang='grc' dir='ltr'>συντέλειαν,</span> <span class='ocrx_word' id='word_1_706' title='bbox 3339 4155 3429 4208; x_wconf 82' lang='grc' dir='ltr'>ὅτε</span> <span class='ocrx_word' id='word_1_707' title='bbox 3473 4154 3577 4224; x_wconf 64' lang='grc' dir='ltr'>ἤδη</span> <span class='ocrx_word' id='word_1_708' title='bbox 3606 4153 3705 4223; x_wconf 78' lang='grc' dir='ltr'><strong>βαο</strong></span> 
     </span>
    </p>
   </div>
   <div class='ocr_carea' id='block_1_87' title="bbox 2129 4244 3701 4320">
    <p class='ocr_par' dir='ltr' id='par_1_87' title="bbox 2129 4244 3701 4320">
     <span class='ocr_line' id='line_1_87' title="bbox 2129 4244 3701 4320; baseline -0.006 -14"><span class='ocrx_word' id='word_1_709' title='bbox 2129 4251 2310 4315; x_wconf 88' lang='grc' dir='ltr'>σιλεύς</span> <span class='ocrx_word' id='word_1_710' title='bbox 2356 4253 2500 4305; x_wconf 86' lang='grc' dir='ltr'>ἐστιν</span> <span class='ocrx_word' id='word_1_711' title='bbox 2545 4248 2945 4320; x_wconf 81' lang='grc' dir='ltr'>ἀπολαμϐάνων</span> <span class='ocrx_word' id='word_1_712' title='bbox 2993 4247 3094 4318; x_wconf 83' lang='grc' dir='ltr'>τὴν</span> <span class='ocrx_word' id='word_1_713' title='bbox 3155 4245 3451 4317; x_wconf 82' lang='grc' dir='ltr'>βασιλείαν,</span> <span class='ocrx_word' id='word_1_714' title='bbox 3498 4244 3568 4297; x_wconf 83' lang='grc' dir='ltr'>δι’</span> <span class='ocrx_word' id='word_1_715' title='bbox 3613 4244 3701 4313; x_wconf 75' lang='grc' dir='ltr'>ἢν,</span> 
     </span>
    </p>
   </div>
   <div class='ocr_carea' id='block_1_88' title="bbox 2126 4334 3705 4413">
    <p class='ocr_par' dir='ltr' id='par_1_88' title="bbox 2126 4334 3705 4413">
     <span class='ocr_line' id='line_1_88' title="bbox 2126 4334 3705 4413; baseline -0.007 -16"><span class='ocrx_word' id='word_1_716' title='bbox 2126 4341 2248 4397; x_wconf 83' lang='grc' dir='ltr'>καθ’</span> <span class='ocrx_word' id='word_1_717' title='bbox 2287 4342 2484 4413; x_wconf 79' lang='grc' dir='ltr'>ἑτέραν</span> <span class='ocrx_word' id='word_1_718' title='bbox 2510 4339 2837 4412; x_wconf 73' lang='grc' dir='ltr'>παραϐολὴν,</span> <span class='ocrx_word' id='word_1_719' title='bbox 2869 4338 3139 4410; x_wconf 80' lang='grc' dir='ltr'>ἐπορεύθη</span> <span class='ocrx_word' id='word_1_720' title='bbox 3168 4338 3248 4398; x_wconf 76' lang='grc' dir='ltr'><strong>εἰς</strong></span> <span class='ocrx_word' id='word_1_721' title='bbox 3267 4335 3452 4409; x_wconf 80' lang='grc' dir='ltr'>χώραν</span> <span class='ocrx_word' id='word_1_722' title='bbox 3486 4334 3705 4406; x_wconf 68' lang='grc' dir='ltr'>μακρὰν</span> 
     </span>
    </p>
   </div>
   <div class='ocr_carea' id='block_1_89' title="bbox 2127 4427 3703 4505">
    <p class='ocr_par' dir='ltr' id='par_1_89' title="bbox 2127 4427 3703 4505">
     <span class='ocr_line' id='line_1_89' title="bbox 2127 4427 3703 4505; baseline -0.006 -16"><span class='ocrx_word' id='word_1_723' title='bbox 2127 4433 2311 4489; x_wconf 83' lang='grc' dir='ltr'>λαϐεῖν</span> <span class='ocrx_word' id='word_1_724' title='bbox 2352 4430 2529 4505; x_wconf 77' lang='grc' dir='ltr'>ἐαυτῷ</span> <span class='ocrx_word' id='word_1_725' title='bbox 2559 4430 2856 4503; x_wconf 78' lang='grc' dir='ltr'>βασιλείαν,</span> <span class='ocrx_word' id='word_1_726' title='bbox 2884 4430 2978 4485; x_wconf 76' lang='grc' dir='ltr'><strong>καὶ</strong></span> <span class='ocrx_word' id='word_1_727' title='bbox 3006 4429 3363 4502; x_wconf 63' lang='grc' dir='ltr'>ὑποστρέψαι.</span> <span class='ocrx_word' id='word_1_728' title='bbox 3411 4427 3703 4500; x_wconf 77' lang='grc' dir='ltr'>Ὑποστρέ-</span> 
     </span>
    </p>
   </div>
   <div class='ocr_carea' id='block_1_90' title="bbox 1639 4546 2509 4607">
    <p class='ocr_par' dir='ltr' id='par_1_90' title="bbox 1639 4546 2509 4607">
     <span class='ocr_line' id='line_1_90' title="bbox 1639 4546 2509 4607; baseline -0.001 -2"><span class='ocrx_word' id='word_1_729' title='bbox 1639 4548 1876 4607; x_wconf 79' lang='lat' dir='ltr'>VETUS</span> <span class='ocrx_word' id='word_1_730' title='bbox 1924 4546 2509 4604; x_wconf 76' lang='lat' dir='ltr'><strong>INTERPRETATIO.</strong></span> 
     </span>
    </p>
   </div>
   <div class='ocr_carea' id='block_1_91' title="bbox 440 4659 3700 4734">
    <p class='ocr_par' dir='ltr' id='par_1_91' title="bbox 440 4659 3700 4734">
     <span class='ocr_line' id='line_1_91' title="bbox 440 4659 3700 4734; baseline -0.003 -13"><span class='ocrx_word' id='word_1_731' title='bbox 440 4664 693 4723; x_wconf 82' lang='lat' dir='ltr'><strong>ficiscens</strong></span> <span class='ocrx_word' id='word_1_732' title='bbox 715 4675 897 4724; x_wconf 91' lang='lat' dir='ltr'><strong>autem</strong></span> <span class='ocrx_word' id='word_1_733' title='bbox 921 4668 1135 4723; x_wconf 85' lang='lat' dir='ltr'><strong>vocavit</strong></span> <span class='ocrx_word' id='word_1_734' title='bbox 1157 4667 1344 4724; x_wconf 78' lang='lat' dir='ltr'><strong>decem</strong></span> <span class='ocrx_word' id='word_1_735' title='bbox 1370 4682 1556 4724; x_wconf 84' lang='lat' dir='ltr'><strong>servos</strong></span> <span class='ocrx_word' id='word_1_736' title='bbox 1578 4683 1731 4728; x_wconf 90' lang='lat' dir='ltr'><strong>suos.</strong></span> <span class='ocrx_word' id='word_1_737' title='bbox 1763 4677 1818 4724; x_wconf 93' lang='lat' dir='ltr'><strong>et</strong></span> <span class='ocrx_word' id='word_1_738' title='bbox 1836 4668 1985 4724; x_wconf 82' lang='lat' dir='ltr'><strong>dedit</strong></span> <span class='ocrx_word' id='word_1_739' title='bbox 2014 4668 2121 4725; x_wconf 91' lang='lat' dir='ltr'><strong>illis</strong></span> <span class='ocrx_word' id='word_1_740' title='bbox 2145 4667 2331 4723; x_wconf 88' lang='lat' dir='ltr'><strong>decem</strong></span> <span class='ocrx_word' id='word_1_741' title='bbox 2349 4683 2526 4731; x_wconf 85' lang='lat' dir='ltr'><strong>muas,</strong></span> <span class='ocrx_word' id='word_1_742' title='bbox 2545 4674 2598 4721; x_wconf 86' lang='lat' dir='ltr'><strong>et</strong></span> <span class='ocrx_word' id='word_1_743' title='bbox 2623 4666 2761 4720; x_wconf 80' lang='lat' dir='ltr'><strong>dixit</strong></span> <span class='ocrx_word' id='word_1_744' title='bbox 2781 4663 2859 4720; x_wconf 89' lang='lat' dir='ltr'><strong>eis</strong></span> <span class='ocrx_word' id='word_1_745' title='bbox 2885 4682 2899 4719; x_wconf 92' lang='lat'><strong>:</strong></span> <span class='ocrx_word' id='word_1_746' title='bbox 2921 4660 3287 4734; x_wconf 80' lang='lat' dir='ltr'><strong>Negotiamini</strong></span> <span class='ocrx_word' id='word_1_747' title='bbox 3311 4659 3440 4734; x_wconf 77' lang='lat' dir='ltr'><strong>dum</strong></span> <span class='ocrx_word' id='word_1_748' title='bbox 3467 4659 3646 4713; x_wconf 84' lang='lat' dir='ltr'><strong>venio.</strong></span> <span class='ocrx_word' id='word_1_749' title='bbox 3680 4675 3700 4709; x_wconf 70' lang='grc' dir='ltr'><strong>ι</strong></span> 
     </span>
    </p>
   </div>
   <div class='ocr_carea' id='block_1_92' title="bbox 442 4730 3704 4812">
    <p class='ocr_par' dir='ltr' id='par_1_92' title="bbox 442 4730 3704 4812">
     <span class='ocr_line' id='line_1_92' title="bbox 442 4730 3704 4812; baseline -0.003 -21"><span class='ocrx_word' id='word_1_750' title='bbox 442 4734 549 4791; x_wconf 83' lang='lat' dir='ltr'><strong>Iste</strong></span> <span class='ocrx_word' id='word_1_751' title='bbox 576 4746 758 4793; x_wconf 91' lang='lat' dir='ltr'><strong>autem</strong></span> <span class='ocrx_word' id='word_1_752' title='bbox 793 4738 993 4794; x_wconf 91' lang='lat' dir='ltr'><strong>nobilis</strong></span> <span class='ocrx_word' id='word_1_753' title='bbox 1028 4739 1131 4805; x_wconf 89' lang='lat' dir='ltr'><strong>vir,</strong></span> <span class='ocrx_word' id='word_1_754' title='bbox 1160 4739 1255 4809; x_wconf 94' lang='lat' dir='ltr'><strong>qui</strong></span> <span class='ocrx_word' id='word_1_755' title='bbox 1300 4739 1587 4794; x_wconf 91' lang='lat' dir='ltr'><strong>odiebatur</strong></span> <span class='ocrx_word' id='word_1_756' title='bbox 1621 4755 1653 4795; x_wconf 90' lang='lat' dir='ltr'><strong>a</strong></span> <span class='ocrx_word' id='word_1_757' title='bbox 1695 4740 1907 4795; x_wconf 88' lang='lat' dir='ltr'><strong>civibus</strong></span> <span class='ocrx_word' id='word_1_758' title='bbox 1943 4739 2080 4801; x_wconf 81' lang='lat' dir='ltr'><strong>suis,</strong></span> <span class='ocrx_word' id='word_1_759' title='bbox 2115 4738 2211 4812; x_wconf 86' lang='lat' dir='ltr'><strong>qui</strong></span> <span class='ocrx_word' id='word_1_760' title='bbox 2255 4730 2885 4812; x_wconf 64' lang='lat' dir='ltr'><strong>Iniserantdegationem</strong></span> <span class='ocrx_word' id='word_1_761' title='bbox 2920 4730 3046 4804; x_wconf 74' lang='lat' dir='ltr'><strong>post</strong></span> <span class='ocrx_word' id='word_1_762' title='bbox 3100 4747 3260 4812; x_wconf 68' lang='lat' dir='ltr'><strong>eum,</strong></span> <span class='ocrx_word' id='word_1_763' title='bbox 3308 4730 3556 4812; x_wconf 70' lang='lat' dir='ltr'><strong>nolentes</strong></span> <span class='ocrx_word' id='word_1_764' title='bbox 3581 4742 3704 4783; x_wconf 88' lang='lat' dir='ltr'><strong>eum</strong></span> 
     </span>
    </p>
   </div>
   <div class='ocr_carea' id='block_1_93' title="bbox 444 4800 3708 4884">
    <p class='ocr_par' dir='ltr' id='par_1_93' title="bbox 444 4800 3708 4884">
     <span class='ocr_line' id='line_1_93' title="bbox 444 4800 3708 4884; baseline -0.002 -25"><span class='ocrx_word' id='word_1_765' title='bbox 444 4822 673 4875; x_wconf 87' lang='lat' dir='ltr'><strong>regnare</strong></span> <span class='ocrx_word' id='word_1_766' title='bbox 701 4824 874 4884; x_wconf 71' lang='lat' dir='ltr'><strong>super</strong></span> <span class='ocrx_word' id='word_1_767' title='bbox 890 4825 971 4872; x_wconf 87' lang='lat' dir='ltr'><strong>se,</strong></span> <span class='ocrx_word' id='word_1_768' title='bbox 1003 4800 1257 4884; x_wconf 70' lang='lat' dir='ltr'><strong>reversus</strong></span> <span class='ocrx_word' id='word_1_769' title='bbox 1286 4818 1368 4884; x_wconf 75' lang='lat' dir='ltr'><strong>est</strong></span> <span class='ocrx_word' id='word_1_770' title='bbox 1408 4825 1577 4880; x_wconf 85' lang='lat' dir='ltr'><strong>regno</strong></span> <span class='ocrx_word' id='word_1_771' title='bbox 1619 4818 1860 4884; x_wconf 78' lang='lat' dir='ltr'><strong>accepto,</strong></span> <span class='ocrx_word' id='word_1_772' title='bbox 1889 4818 1945 4864; x_wconf 91' lang='lat' dir='ltr'><strong>ct</strong></span> <span class='ocrx_word' id='word_1_773' title='bbox 1975 4800 2190 4884; x_wconf 76' lang='lat' dir='ltr'><strong>vocavit</strong></span> <span class='ocrx_word' id='word_1_774' title='bbox 2221 4800 2644 4884; x_wconf 72' lang='lat' dir='ltr'><strong>se_rvos__qui_hu§</strong></span> <span class='ocrx_word' id='word_1_775' title='bbox 2660 4805 2884 4884; x_wconf 75' lang='lat' dir='ltr'><strong>dederat</strong></span> <span class='ocrx_word' id='word_1_776' title='bbox 2904 4800 3234 4884; x_wconf 49' lang='lat' dir='ltr'><strong>pecuniam,</strong></span> <span class='ocrx_word' id='word_1_777' title='bbox 3261 4812 3323 4884; x_wconf 71' lang='lat' dir='ltr'><strong>ut</strong></span> <span class='ocrx_word' id='word_1_778' title='bbox 3350 4800 3559 4884; x_wconf 69' lang='lat' dir='ltr'><strong>videret</strong></span> <span class='ocrx_word' id='word_1_779' title='bbox 3586 4812 3708 4880; x_wconf 76' lang='lat' dir='ltr'><strong>quae</strong></span> 
     </span>
    </p>
   </div>
   <div class='ocr_carea' id='block_1_94' title="bbox 445 4869 3690 4955">
    <p class='ocr_par' dir='ltr' id='par_1_94' title="bbox 445 4869 3690 4955">
     <span class='ocr_line' id='line_1_94' title="bbox 445 4869 3690 4955; baseline -0.002 -29"><span class='ocrx_word' id='word_1_780' title='bbox 445 4869 591 4929; x_wconf 75' lang='lat' dir='ltr'><strong>esset</strong></span> <span class='ocrx_word' id='word_1_781' title='bbox 618 4869 914 4955; x_wconf 69' lang='lat' dir='ltr'><strong>negotiatio</strong></span> <span class='ocrx_word' id='word_1_782' title='bbox 948 4869 1159 4955; x_wconf 68' lang='lat' dir='ltr'><strong>eorum.</strong></span> <span class='ocrx_word' id='word_1_783' title='bbox 1196 4878 1331 4945; x_wconf 87' lang='lat' dir='ltr'><strong>Quis</strong></span> <span class='ocrx_word' id='word_1_784' title='bbox 1369 4869 1498 4949; x_wconf 72' lang='lat' dir='ltr'><strong>ergo</strong></span> <span class='ocrx_word' id='word_1_785' title='bbox 1526 4896 1631 4955; x_wconf 82' lang='lat' dir='ltr'><strong>non</strong></span> <span class='ocrx_word' id='word_1_786' title='bbox 1666 4869 1825 4955; x_wconf 61' lang='lat' dir='ltr'><strong>_d_ic&#39;at</strong></span> <span class='ocrx_word' id='word_1_787' title='bbox 1849 4869 2114 4949; x_wconf 79' lang='lat' dir='ltr'><strong>quoniam</strong></span> <span class='ocrx_word' id='word_1_788' title='bbox 2147 4878 2360 4955; x_wconf 72' lang='lat' dir='ltr'><strong>nobilis</strong></span> <span class='ocrx_word' id='word_1_789' title='bbox 2396 4869 2485 4955; x_wconf 65' lang='lat' dir='ltr'><strong>ille</strong></span> <span class='ocrx_word' id='word_1_790' title='bbox 2515 4877 2678 4932; x_wconf 91' lang='lat' dir='ltr'><strong>homo</strong></span> <span class='ocrx_word' id='word_1_791' title='bbox 2703 4876 2795 4945; x_wconf 89' lang='lat' dir='ltr'><strong>qui</strong></span> <span class='ocrx_word' id='word_1_792' title='bbox 2830 4869 3041 4955; x_wconf 76' lang='lat' dir='ltr'><strong>abierat</strong></span> <span class='ocrx_word' id='word_1_793' title='bbox 3066 4869 3690 4955; x_wconf 39' lang='lat' dir='ltr'><strong>in_regionem.longinf</strong></span> 
     </span>
    </p>
   </div>
   <div class='ocr_carea' id='block_1_95' title="bbox 443 4945 3710 5021">
    <p class='ocr_par' dir='ltr' id='par_1_95' title="bbox 443 4945 3710 5021">
     <span class='ocr_line' id='line_1_95' title="bbox 443 4945 3710 5021; baseline 0.004 -24"><span class='ocrx_word' id='word_1_794' title='bbox 443 4959 606 5021; x_wconf 79' lang='lat' dir='ltr'><strong>quam</strong></span> <span class='ocrx_word' id='word_1_795' title='bbox 633 4946 877 5021; x_wconf 77' lang='lat' dir='ltr'><strong>accipere</strong></span> <span class='ocrx_word' id='word_1_796' title='bbox 917 4950 1020 5021; x_wconf 81' lang='lat' dir='ltr'><strong>sibi</strong></span> <span class='ocrx_word' id='word_1_797' title='bbox 1048 4965 1296 5020; x_wconf 86' lang='lat' dir='ltr'><strong>regnum,</strong></span> <span class='ocrx_word' id='word_1_798' title='bbox 1326 4958 1380 5004; x_wconf 80' lang='lat' dir='ltr'><strong>et</strong></span> <span class='ocrx_word' id='word_1_799' title='bbox 1411 4945 1628 5013; x_wconf 67' lang='lat' dir='ltr'><strong>révcrti,</strong></span> <span class='ocrx_word' id='word_1_800' title='bbox 1656 4945 1909 5005; x_wconf 80' lang='lat' dir='ltr'><strong>Christus</strong></span> <span class='ocrx_word' id='word_1_801' title='bbox 1937 4961 2040 5015; x_wconf 89' lang='lat' dir='ltr'><strong>est,</strong></span> <span class='ocrx_word' id='word_1_802' title='bbox 2067 4950 2159 5020; x_wconf 86' lang='lat' dir='ltr'><strong>qui</strong></span> <span class='ocrx_word' id='word_1_803' title='bbox 2194 4949 2326 5021; x_wconf 32' lang='lat' dir='ltr'><strong>abiit</strong></span> <span class='ocrx_word' id='word_1_804' title='bbox 2352 4948 2599 5021; x_wconf 82' lang='lat' dir='ltr'><strong>accipere</strong></span> <span class='ocrx_word' id='word_1_805' title='bbox 2632 4961 2880 5021; x_wconf 74' lang='lat' dir='ltr'><strong>regnum,</strong></span> <span class='ocrx_word' id='word_1_806' title='bbox 2901 4953 2958 5021; x_wconf 87' lang='lat' dir='ltr'><strong>_et</strong></span> <span class='ocrx_word' id='word_1_807' title='bbox 2984 4945 3193 5021; x_wconf 63' lang='lat' dir='ltr'><strong>mundi.</strong></span> <span class='ocrx_word' id='word_1_808' title='bbox 3223 4945 3553 5021; x_wconf 66' lang='lat' dir='ltr'><strong>el_0&quot;!&quot;i&quot;&#39;“</strong></span> <span class='ocrx_word' id='word_1_809' title='bbox 3588 4954 3710 5021; x_wconf 70' lang='grc' dir='ltr'>(ιυεθ</span> 
     </span>
    </p>
   </div>
   <div class='ocr_carea' id='block_1_96' title="bbox 445 5014 3705 5091">
    <p class='ocr_par' dir='ltr' id='par_1_96' title="bbox 445 5014 3705 5091">
     <span class='ocr_line' id='line_1_96' title="bbox 445 5014 3705 5091; baseline -0.002 -21"><span class='ocrx_word' id='word_1_810' title='bbox 445 5016 498 5091; x_wconf 79' lang='lat' dir='ltr'><strong>in</strong></span> <span class='ocrx_word' id='word_1_811' title='bbox 533 5014 613 5070; x_wconf 90' lang='lat' dir='ltr'><strong>eis</strong></span> <span class='ocrx_word' id='word_1_812' title='bbox 659 5018 828 5091; x_wconf 76' lang='lat' dir='ltr'><strong>sunt?</strong></span> <span class='ocrx_word' id='word_1_813' title='bbox 873 5019 965 5089; x_wconf 92' lang='lat' dir='ltr'><strong>qui</strong></span> <span class='ocrx_word' id='word_1_814' title='bbox 997 5014 1178 5091; x_wconf 59' lang='lat' dir='ltr'><strong>aute&#39;m</strong></span> <span class='ocrx_word' id='word_1_815' title='bbox 1222 5022 1406 5091; x_wconf 78' lang='lat' dir='ltr'><strong>decem</strong></span> <span class='ocrx_word' id='word_1_816' title='bbox 1439 5030 1767 5091; x_wconf 88' lang='lat' dir='ltr'><strong>acceperunt</strong></span> <span class='ocrx_word' id='word_1_817' title='bbox 1799 5036 1978 5083; x_wconf 90' lang='lat' dir='ltr'><strong>mnas,</strong></span> <span class='ocrx_word' id='word_1_818' title='bbox 2010 5014 2139 5077; x_wconf 77' lang='lat' dir='ltr'><strong>Sunt</strong></span> <span class='ocrx_word' id='word_1_819' title='bbox 2176 5019 2377 5088; x_wconf 85' lang='lat' dir='ltr'><strong>quibus</strong></span> <span class='ocrx_word' id='word_1_820' title='bbox 2402 5014 2746 5091; x_wconf 71' lang='lat' dir='ltr'><strong>dispensatio</strong></span> <span class='ocrx_word' id='word_1_821' title='bbox 2767 5014 2916 5070; x_wconf 88' lang='lat' dir='ltr'><strong>verbi</strong></span> <span class='ocrx_word' id='word_1_822' title='bbox 2949 5014 3154 5071; x_wconf 76' lang='lat' dir='ltr'><strong>credita</strong></span> <span class='ocrx_word' id='word_1_823' title='bbox 3191 5014 3499 5091; x_wconf 71' lang='lat' dir='ltr'><strong>e5t?=_cives</strong></span> <span class='ocrx_word' id='word_1_824' title='bbox 3527 5019 3705 5064; x_wconf 86' lang='lat' dir='ltr'><strong>autem</strong></span> 
     </span>
    </p>
   </div>
   <div class='ocr_carea' id='block_1_97' title="bbox 442 5082 3716 5159">
    <p class='ocr_par' dir='ltr' id='par_1_97' title="bbox 442 5082 3716 5159">
     <span class='ocr_line' id='line_1_97' title="bbox 442 5082 3716 5159; baseline -0.002 -21"><span class='ocrx_word' id='word_1_825' title='bbox 442 5086 564 5155; x_wconf 74' lang='lat' dir='ltr'><strong>ejus</strong></span> <span class='ocrx_word' id='word_1_826' title='bbox 592 5082 908 5159; x_wconf 63' lang='lat' dir='ltr'><strong>secundum</strong></span> <span class='ocrx_word' id='word_1_827' title='bbox 933 5090 1077 5159; x_wconf 92' lang='lat' dir='ltr'><strong>quod</strong></span> <span class='ocrx_word' id='word_1_828' title='bbox 1126 5099 1287 5146; x_wconf 91' lang='lat' dir='ltr'><strong>natus</strong></span> <span class='ocrx_word' id='word_1_829' title='bbox 1334 5089 1508 5146; x_wconf 85' lang='lat' dir='ltr'><strong>fuerat</strong></span> <span class='ocrx_word' id='word_1_830' title='bbox 1547 5082 1601 5145; x_wconf 81' lang='lat' dir='ltr'><strong>in</strong></span> <span class='ocrx_word' id='word_1_831' title='bbox 1637 5092 1739 5146; x_wconf 89' lang='lat' dir='ltr'><strong>hoc</strong></span> <span class='ocrx_word' id='word_1_832' title='bbox 1789 5082 2011 5156; x_wconf 88' lang='lat' dir='ltr'><strong>mundo,</strong></span> <span class='ocrx_word' id='word_1_833' title='bbox 2041 5103 2096 5146; x_wconf 88' lang='lat' dir='ltr'><strong>et</strong></span> <span class='ocrx_word' id='word_1_834' title='bbox 2141 5082 2458 5158; x_wconf 81' lang='lat' dir='ltr'><strong>susceperat</strong></span> <span class='ocrx_word' id='word_1_835' title='bbox 2485 5082 2777 5142; x_wconf 83' lang='lat' dir='ltr'><strong>humanam</strong></span> <span class='ocrx_word' id='word_1_836' title='bbox 2811 5094 3084 5153; x_wconf 85' lang='lat' dir='ltr'><strong>naturam,</strong></span> <span class='ocrx_word' id='word_1_837' title='bbox 3115 5084 3210 5154; x_wconf 87' lang='lat' dir='ltr'><strong>qui</strong></span> <span class='ocrx_word' id='word_1_838' title='bbox 3256 5082 3552 5138; x_wconf 88' lang='lat' dir='ltr'><strong>noluerunt</strong></span> <span class='ocrx_word' id='word_1_839' title='bbox 3583 5093 3716 5133; x_wconf 82' lang='lat' dir='ltr'><strong>eum</strong></span> 
     </span>
    </p>
   </div>
   <div class='ocr_carea' id='block_1_98' title="bbox 444 5154 3543 5237">
    <p class='ocr_par' dir='ltr' id='par_1_98' title="bbox 444 5154 3543 5237">
     <span class='ocr_line' id='line_1_98' title="bbox 444 5154 3543 5237; baseline 0 -25"><span class='ocrx_word' id='word_1_840' title='bbox 444 5154 693 5237; x_wconf 57' lang='lat' dir='ltr'><strong>regnare,</strong></span> <span class='ocrx_word' id='word_1_841' title='bbox 729 5154 1070 5237; x_wconf 56' lang='lat' dir='ltr'><strong>Judazisunt</strong></span> <span class='ocrx_word' id='word_1_842' title='bbox 1093 5161 1185 5230; x_wconf 91' lang='lat' dir='ltr'><strong>qui</strong></span> <span class='ocrx_word' id='word_1_843' title='bbox 1218 5160 1512 5237; x_wconf 76' lang='lat' dir='ltr'><strong>eieredere</strong></span> <span class='ocrx_word' id='word_1_844' title='bbox 1542 5162 1856 5237; x_wconf 79' lang='lat' dir='ltr'><strong>noluerunt,</strong></span> <span class='ocrx_word' id='word_1_845' title='bbox 1878 5170 1930 5216; x_wconf 79' lang='lat' dir='ltr'><strong>et</strong></span> <span class='ocrx_word' id='word_1_846' title='bbox 1954 5154 2130 5237; x_wconf 63' lang='grc' dir='ltr'>(ταξιοςὶ</span> <span class='ocrx_word' id='word_1_847' title='bbox 2166 5154 2451 5237; x_wconf 72' lang='lat' dir='ltr'><strong>infideles?</strong></span> <span class='ocrx_word' id='word_1_848' title='bbox 2578 5226 2591 5237; x_wconf 86' lang='lat'>_</span> <span class='ocrx_word' id='word_1_849' title='bbox 2640 5226 2676 5237; x_wconf 48' lang='grc' dir='ltr'><strong>υ</strong></span> <span class='ocrx_word' id='word_1_850' title='bbox 2716 5225 2750 5237; x_wconf 19' lang='grc' dir='ltr'>,Α</span> <span class='ocrx_word' id='word_1_851' title='bbox 2880 5224 2915 5237; x_wconf 63' lang='grc' dir='ltr'><strong>Α</strong></span> <span class='ocrx_word' id='word_1_852' title='bbox 2964 5225 2976 5237; x_wconf 80' lang='lat'><em>_</em></span> <span class='ocrx_word' id='word_1_853' title='bbox 3080 5225 3094 5237; x_wconf 81' lang='lat'><strong>_</strong></span> <span class='ocrx_word' id='word_1_854' title='bbox 3140 5224 3174 5237; x_wconf 27' lang='grc' dir='ltr'>,Α</span> 
     </span>
    </p>
   </div>
   <div class='ocr_carea' id='block_1_99' title="bbox 516 5224 3706 5302">
    <p class='ocr_par' dir='ltr' id='par_1_99' title="bbox 516 5224 3706 5302">
     <span class='ocr_line' id='line_1_99' title="bbox 516 5224 3706 5302; baseline -0.002 -21"><span class='ocrx_word' id='word_1_855' title='bbox 516 5227 604 5282; x_wconf 74' lang='grc'><strong>15.</strong></span> <span class='ocrx_word' id='word_1_856' title='bbox 642 5227 767 5302; x_wconf 45' lang='lat' dir='ltr'><strong>Haec</strong></span> <span class='ocrx_word' id='word_1_857' title='bbox 797 5224 1197 5302; x_wconf 51' lang='lat' dir='ltr'><strong>retulimusfex</strong></span> <span class='ocrx_word' id='word_1_858' title='bbox 1231 5231 1311 5286; x_wconf 90' lang='lat' dir='ltr'><strong>eis</strong></span> <span class='ocrx_word' id='word_1_859' title='bbox 1332 5232 1574 5287; x_wconf 85' lang='lat' dir='ltr'><strong>volentes</strong></span> <span class='ocrx_word' id='word_1_860' title='bbox 1610 5224 1916 5295; x_wconf 84' lang='lat' dir='ltr'><strong>ostendere,</strong></span> <span class='ocrx_word' id='word_1_861' title='bbox 1945 5232 2203 5302; x_wconf 85' lang='lat' dir='ltr'><strong>quoniam</strong></span> <span class='ocrx_word' id='word_1_862' title='bbox 2236 5238 2290 5285; x_wconf 90' lang='lat' dir='ltr'><strong>et</strong></span> <span class='ocrx_word' id='word_1_863' title='bbox 2319 5230 2422 5285; x_wconf 92' lang='lat' dir='ltr'><strong>hoc</strong></span> <span class='ocrx_word' id='word_1_864' title='bbox 2448 5226 2599 5302; x_wconf 87' lang='lat' dir='ltr'><strong>quod</strong></span> <span class='ocrx_word' id='word_1_865' title='bbox 2625 5225 2757 5282; x_wconf 82' lang='lat' dir='ltr'><strong>dicit</strong></span> <span class='ocrx_word' id='word_1_866' title='bbox 2782 5245 2795 5281; x_wconf 89' lang='lat'><strong>:</strong></span> <span class='ocrx_word' id='word_1_867' title='bbox 2828 5246 2846 5278; x_wconf 73' lang='grc' dir='ltr'><strong>ι</strong></span> <span class='ocrx_word' id='word_1_868' title='bbox 2875 5224 2978 5293; x_wconf 93' lang='lat' dir='ltr'><strong>Qui</strong></span> <span class='ocrx_word' id='word_1_869' title='bbox 3009 5224 3185 5281; x_wconf 87' lang='lat' dir='ltr'><strong>voluit</strong></span> <span class='ocrx_word' id='word_1_870' title='bbox 3210 5237 3412 5294; x_wconf 84' lang='lat' dir='ltr'><strong>ponere</strong></span> <span class='ocrx_word' id='word_1_871' title='bbox 3442 5224 3706 5302; x_wconf 80' lang='lat' dir='ltr'><strong>rationem</strong></span> 
     </span>
    </p>
   </div>
   <div class='ocr_carea' id='block_1_100' title="bbox 443 5298 3725 5376">
    <p class='ocr_par' dir='ltr' id='par_1_100' title="bbox 443 5298 3725 5376">
     <span class='ocr_line' id='line_1_100' title="bbox 443 5298 3725 5376; baseline -0.003 -17"><span class='ocrx_word' id='word_1_872' title='bbox 443 5300 768 5376; x_wconf 30' lang='lat' dir='ltr'><strong>t‘.u_m‘servis</strong></span> <span class='ocrx_word' id='word_1_873' title='bbox 796 5299 943 5364; x_wconf 91' lang='lat' dir='ltr'><strong>suis,</strong></span> <span class='ocrx_word' id='word_1_874' title='bbox 973 5320 993 5376; x_wconf 61' lang='grc' dir='ltr'>ξ</span> <span class='ocrx_word' id='word_1_875' title='bbox 1029 5302 1094 5355; x_wconf 92' lang='lat' dir='ltr'><strong>ad</strong></span> <span class='ocrx_word' id='word_1_876' title='bbox 1126 5310 1339 5370; x_wconf 89' lang='lat' dir='ltr'><strong>tempus</strong></span> <span class='ocrx_word' id='word_1_877' title='bbox 1364 5302 1855 5376; x_wconf 76' lang='lat' dir='ltr'><strong>consummationis</strong></span> <span class='ocrx_word' id='word_1_878' title='bbox 1886 5298 2138 5376; x_wconf 71' lang='lat' dir='ltr'><strong>refertur,</strong></span> <span class='ocrx_word' id='word_1_879' title='bbox 2171 5301 2390 5369; x_wconf 87' lang='lat' dir='ltr'><strong>quando</strong></span> <span class='ocrx_word' id='word_1_880' title='bbox 2418 5299 2581 5376; x_wconf 73' lang='lat' dir='ltr'><strong>etiam</strong></span> <span class='ocrx_word' id='word_1_881' title='bbox 2623 5313 2714 5352; x_wconf 79' lang='lat' dir='ltr'><strong>rex</strong></span> <span class='ocrx_word' id='word_1_882' title='bbox 2750 5307 2832 5352; x_wconf 88' lang='lat' dir='ltr'><strong>est</strong></span> <span class='ocrx_word' id='word_1_883' title='bbox 2861 5312 3028 5376; x_wconf 70' lang='lat' dir='ltr'><strong>regno</strong></span> <span class='ocrx_word' id='word_1_884' title='bbox 3060 5305 3282 5376; x_wconf 66' lang='lat' dir='ltr'><strong>accepto</strong></span> <span class='ocrx_word' id='word_1_885' title='bbox 3305 5310 3326 5350; x_wconf 91' lang='lat'><strong>:.</strong></span> <span class='ocrx_word' id='word_1_886' title='bbox 3345 5308 3456 5376; x_wconf 69' lang='lat' dir='ltr'><strong>quo</strong></span> <span class='ocrx_word' id='word_1_887' title='bbox 3485 5298 3725 5376; x_wconf 49' lang='lat' dir='ltr'><strong>accepit):</strong></span> 
     </span>
    </p>
   </div>
   <div class='ocr_carea' id='block_1_101' title="bbox 444 5362 3719 5442">
    <p class='ocr_par' dir='ltr' id='par_1_101' title="bbox 444 5362 3719 5442">
     <span class='ocr_line' id='line_1_101' title="bbox 444 5362 3719 5442; baseline -0.002 -24"><span class='ocrx_word' id='word_1_888' title='bbox 444 5368 611 5442; x_wconf 80' lang='lat' dir='ltr'><strong>voluit</strong></span> <span class='ocrx_word' id='word_1_889' title='bbox 647 5386 852 5442; x_wconf 85' lang='lat' dir='ltr'><strong>ponere</strong></span> <span class='ocrx_word' id='word_1_890' title='bbox 894 5362 1158 5426; x_wconf 85' lang='lat' dir='ltr'><strong>rationem</strong></span> <span class='ocrx_word' id='word_1_891' title='bbox 1190 5362 1314 5426; x_wconf 78' lang='lat' dir='ltr'><strong>cum</strong></span> <span class='ocrx_word' id='word_1_892' title='bbox 1357 5373 1530 5427; x_wconf 83' lang='lat' dir='ltr'><strong>servis</strong></span> <span class='ocrx_word' id='word_1_893' title='bbox 1567 5373 1707 5438; x_wconf 90' lang='lat' dir='ltr'><strong>suis,</strong></span> <span class='ocrx_word' id='word_1_894' title='bbox 1746 5382 1801 5427; x_wconf 90' lang='lat' dir='ltr'><strong>et</strong></span> <span class='ocrx_word' id='word_1_895' title='bbox 1833 5362 2214 5442; x_wconf 16' lang='lat' dir='ltr'><strong>ineipientereo</strong></span> <span class='ocrx_word' id='word_1_896' title='bbox 2240 5385 2477 5442; x_wconf 85' lang='lat' dir='ltr'><strong>ponere,_</strong></span> <span class='ocrx_word' id='word_1_897' title='bbox 2488 5369 2706 5442; x_wconf 83' lang='lat' dir='ltr'><strong>oblatus</strong></span> <span class='ocrx_word' id='word_1_898' title='bbox 2744 5376 2828 5442; x_wconf 83' lang='lat' dir='ltr'><strong>est</strong></span> <span class='ocrx_word' id='word_1_899' title='bbox 2865 5362 3096 5442; x_wconf 53' lang='lat' dir='ltr'><strong>ei;urt_us</strong></span> <span class='ocrx_word' id='word_1_900' title='bbox 3129 5362 3342 5442; x_wconf 77' lang='lat' dir='ltr'><strong>debitor</strong></span> <span class='ocrx_word' id='word_1_901' title='bbox 3380 5362 3719 5442; x_wconf 68' lang='lat' dir='ltr'><strong>talentorum</strong></span> 
     </span>
    </p>
   </div>
   <div class='ocr_carea' id='block_1_102' title="bbox 444 5436 3721 5516">
    <p class='ocr_par' dir='ltr' id='par_1_102' title="bbox 444 5436 3721 5516">
     <span class='ocr_line' id='line_1_102' title="bbox 444 5436 3721 5516; baseline -0.002 -27"><span class='ocrx_word' id='word_1_902' title='bbox 444 5436 761 5516; x_wconf 67' lang='lat' dir='ltr'><strong>tinniturum.</strong></span> <span class='ocrx_word' id='word_1_903' title='bbox 809 5441 1035 5516; x_wconf 77' lang='lat' dir='ltr'><strong>Oblatus</strong></span> <span class='ocrx_word' id='word_1_904' title='bbox 1073 5444 1582 5516; x_wconf 11' lang='lat' dir='ltr'><strong>estgautcmhquasi</strong></span> <span class='ocrx_word' id='word_1_905' title='bbox 1632 5436 1742 5508; x_wconf 65' lang='lat' dir='ltr'><strong>regi</strong></span> <span class='ocrx_word' id='word_1_906' title='bbox 1785 5458 1815 5498; x_wconf 93' lang='lat' dir='ltr'><strong>a</strong></span> <span class='ocrx_word' id='word_1_907' title='bbox 1848 5436 1965 5498; x_wconf 81' lang='lat' dir='ltr'><strong>suis</strong></span> <span class='ocrx_word' id='word_1_908' title='bbox 2012 5436 2307 5516; x_wconf 63' lang='lat' dir='ltr'><strong>ministris;</strong></span> <span class='ocrx_word' id='word_1_909' title='bbox 2339 5439 2590 5516; x_wconf 72' lang='lat' dir='ltr'><strong>videlicet</strong></span> <span class='ocrx_word' id='word_1_910' title='bbox 2636 5439 2867 5516; x_wconf 57' lang='lat' dir='ltr'><strong>angelis:</strong></span> <span class='ocrx_word' id='word_1_911' title='bbox 2912 5436 2978 5516; x_wconf 53' lang='lat' dir='ltr'><strong>ﬁt</strong></span> <span class='ocrx_word' id='word_1_912' title='bbox 3010 5436 3238 5516; x_wconf 73' lang='lat' dir='ltr'><strong>forsitan</strong></span> <span class='ocrx_word' id='word_1_913' title='bbox 3292 5441 3561 5516; x_wconf 42' lang='lat' dir='ltr'><strong>unusne-st</strong></span> <span class='ocrx_word' id='word_1_914' title='bbox 3600 5436 3721 5516; x_wconf 75' lang='lat' dir='ltr'><strong>iste</strong></span> 
     </span>
    </p>
   </div>
   <div class='ocr_carea' id='block_1_103' title="bbox 443 5502 3707 5587">
    <p class='ocr_par' dir='ltr' id='par_1_103' title="bbox 443 5502 3707 5587">
     <span class='ocr_line' id='line_1_103' title="bbox 443 5502 3707 5587; baseline -0.001 -29"><span class='ocrx_word' id='word_1_915' title='bbox 443 5507 530 5587; x_wconf 73' lang='lat' dir='ltr'><strong>cui</strong></span> <span class='ocrx_word' id='word_1_916' title='bbox 558 5512 996 5587; x_wconf 33' lang='lat' dir='ltr'><strong>commissaAfuit</strong></span> <span class='ocrx_word' id='word_1_917' title='bbox 1030 5512 1279 5587; x_wconf 66' lang='lat' dir='ltr'><strong>quaedam</strong></span> <span class='ocrx_word' id='word_1_918' title='bbox 1317 5502 1575 5587; x_wconf 76' lang='lat' dir='ltr'><strong>villiéatio</strong></span> <span class='ocrx_word' id='word_1_919' title='bbox 1607 5502 1802 5583; x_wconf 78' lang='lat' dir='ltr'><strong>magna</strong></span> <span class='ocrx_word' id='word_1_920' title='bbox 1822 5528 1843 5587; x_wconf 10' lang='lat' dir='ltr'><strong>g:</strong></span> <span class='ocrx_word' id='word_1_921' title='bbox 1889 5522 1943 5566; x_wconf 86' lang='lat' dir='ltr'><strong>et</strong></span> <span class='ocrx_word' id='word_1_922' title='bbox 1980 5514 2249 5587; x_wconf 86' lang='lat' dir='ltr'><strong>quia__nou</strong></span> <span class='ocrx_word' id='word_1_923' title='bbox 2281 5512 2415 5587; x_wconf 72' lang='lat' dir='ltr'><strong>bene</strong></span> <span class='ocrx_word' id='word_1_924' title='bbox 2442 5502 2870 5587; x_wconf 62' lang='lat' dir='ltr'><strong>v_illicavit,_sed</strong></span> <span class='ocrx_word' id='word_1_925' title='bbox 2897 5504 3367 5587; x_wconf 55' lang='lat' dir='ltr'><strong>dispersitmmnia</strong></span> <span class='ocrx_word' id='word_1_926' title='bbox 3413 5502 3517 5558; x_wconf 91' lang='lat' dir='ltr'><strong>sibi</strong></span> <span class='ocrx_word' id='word_1_927' title='bbox 3554 5514 3707 5587; x_wconf 58' lang='lat' dir='ltr'><strong>cont:</strong></span> 
     </span>
    </p>
   </div>
   <div class='ocr_carea' id='block_1_104' title="bbox 445 5569 3717 5654">
    <p class='ocr_par' dir='ltr' id='par_1_104' title="bbox 445 5569 3717 5654">
     <span class='ocr_line' id='line_1_104' title="bbox 445 5569 3717 5654; baseline -0.002 -23"><span class='ocrx_word' id='word_1_928' title='bbox 445 5576 636 5643; x_wconf 81' lang='lat' dir='ltr'><strong>missa,</strong></span> <span class='ocrx_word' id='word_1_929' title='bbox 664 5582 818 5648; x_wconf 82' lang='lat' dir='ltr'><strong>quasi</strong></span> <span class='ocrx_word' id='word_1_930' title='bbox 865 5569 1062 5638; x_wconf 57' lang='lat' dir='ltr'><strong>factus&#39;</strong></span> <span class='ocrx_word' id='word_1_931' title='bbox 1083 5583 1297 5654; x_wconf 84' lang='lat' dir='ltr'><strong>debitor</strong></span> <span class='ocrx_word' id='word_1_932' title='bbox 1345 5584 1674 5638; x_wconf 85' lang='lat' dir='ltr'><strong>talentorum</strong></span> <span class='ocrx_word' id='word_1_933' title='bbox 1702 5569 2053 5638; x_wconf 49' lang='lat' dir='ltr'><strong>“uiuitur-uni&quot;</strong></span> <span class='ocrx_word' id='word_1_934' title='bbox 2092 5581 2191 5635; x_wconf 88' lang='lat' dir='ltr'><strong>H.e</strong></span> <span class='ocrx_word' id='word_1_935' title='bbox 2242 5596 2350 5654; x_wconf 86' lang='lat' dir='ltr'><strong>non</strong></span> <span class='ocrx_word' id='word_1_936' title='bbox 2393 5580 2603 5634; x_wconf 87' lang='lat' dir='ltr'><strong>habens</strong></span> <span class='ocrx_word' id='word_1_937' title='bbox 2655 5569 2826 5654; x_wconf 67' lang='grc' dir='ltr'><strong>ιιιιὰο⁸</strong></span> <span class='ocrx_word' id='word_1_938' title='bbox 2852 5569 3123 5639; x_wconf 77' lang='lat' dir='ltr'><strong>redderet,</strong></span> <span class='ocrx_word' id='word_1_939' title='bbox 3154 5574 3378 5641; x_wconf 88' lang='lat' dir='ltr'><strong>jubctur</strong></span> <span class='ocrx_word' id='word_1_940' title='bbox 3407 5569 3717 5654; x_wconf 64' lang='lat' dir='ltr'><strong>venundati.</strong></span> 
     </span>
    </p>
   </div>
   <div class='ocr_carea' id='block_1_105' title="bbox 444 5642 3715 5725">
    <p class='ocr_par' dir='ltr' id='par_1_105' title="bbox 444 5642 3715 5725">
     <span class='ocr_line' id='line_1_105' title="bbox 444 5642 3715 5725; baseline -0.002 -22"><span class='ocrx_word' id='word_1_941' title='bbox 444 5658 481 5703; x_wconf 69' lang='grc' dir='ltr'><strong>ει</strong></span> <span class='ocrx_word' id='word_1_942' title='bbox 513 5662 662 5717; x_wconf 76' lang='lat' dir='ltr'><strong>rege,</strong></span> <span class='ocrx_word' id='word_1_943' title='bbox 684 5642 812 5704; x_wconf 69' lang='lat' dir='ltr'><strong>cum</strong></span> <span class='ocrx_word' id='word_1_944' title='bbox 853 5669 1043 5720; x_wconf 75' lang='lat' dir='ltr'><strong>uxore,</strong></span> <span class='ocrx_word' id='word_1_945' title='bbox 1068 5653 1154 5707; x_wconf 83' lang='lat' dir='ltr'><strong>cui</strong></span> <span class='ocrx_word' id='word_1_946' title='bbox 1187 5654 1602 5710; x_wconf 89' lang='lat' dir='ltr'><strong>communicans</strong></span> <span class='ocrx_word' id='word_1_947' title='bbox 1633 5653 1809 5711; x_wconf 85' lang='lat' dir='ltr'><strong>factus</strong></span> <span class='ocrx_word' id='word_1_948' title='bbox 1849 5662 1934 5709; x_wconf 81' lang='lat' dir='ltr'><strong>est</strong></span> <span class='ocrx_word' id='word_1_949' title='bbox 1965 5661 2118 5725; x_wconf 89' lang='lat' dir='ltr'><strong>pater</strong></span> <span class='ocrx_word' id='word_1_950' title='bbox 2154 5652 2448 5707; x_wconf 86' lang='lat' dir='ltr'><strong>multorum</strong></span> <span class='ocrx_word' id='word_1_951' title='bbox 2480 5659 2752 5704; x_wconf 83' lang='lat' dir='ltr'><strong>natorum.</strong></span> <span class='ocrx_word' id='word_1_952' title='bbox 2789 5648 2938 5718; x_wconf 81' lang='lat' dir='ltr'><strong>Opus</strong></span> <span class='ocrx_word' id='word_1_953' title='bbox 2966 5658 3051 5701; x_wconf 88' lang='lat' dir='ltr'><strong>est</strong></span> <span class='ocrx_word' id='word_1_954' title='bbox 3081 5654 3260 5700; x_wconf 89' lang='lat' dir='ltr'><strong>autem</strong></span> <span class='ocrx_word' id='word_1_955' title='bbox 3297 5660 3403 5698; x_wconf 89' lang='lat' dir='ltr'><strong>non</strong></span> <span class='ocrx_word' id='word_1_956' title='bbox 3436 5642 3715 5698; x_wconf 72' lang='lat' dir='ltr'><strong>mediocre;</strong></span> 
     </span>
    </p>
   </div>
   <div class='ocr_carea' id='block_1_106' title="bbox 519 5807 3475 5889">
    <p class='ocr_par' dir='ltr' id='par_1_106' title="bbox 519 5807 3475 5889">
     <span class='ocr_line' id='line_1_106' title="bbox 519 5807 3475 5889; baseline -0.004 -16"><span class='ocrx_word' id='word_1_957' title='bbox 519 5818 568 5853; x_wconf 75' lang='grc' dir='ltr'><strong>ι’</strong></span> <span class='ocrx_word' id='word_1_958' title='bbox 588 5813 723 5873; x_wconf 82' lang='lat' dir='ltr'><strong>Luc.</strong></span> <span class='ocrx_word' id='word_1_959' title='bbox 748 5832 860 5884; x_wconf 73' lang='lat' dir='ltr'><strong>nx,</strong></span> <span class='ocrx_word' id='word_1_960' title='bbox 898 5818 962 5872; x_wconf 70' lang='grc'><strong>12</strong></span> <span class='ocrx_word' id='word_1_961' title='bbox 985 5835 1099 5889; x_wconf 87' lang='lat' dir='ltr'><strong>seq.</strong></span> <span class='ocrx_word' id='word_1_962' title='bbox 1178 5819 1220 5853; x_wconf 62' lang='lat'><strong>‘0</strong></span> <span class='ocrx_word' id='word_1_963' title='bbox 1243 5817 1377 5874; x_wconf 83' lang='lat' dir='ltr'><strong>Luc.</strong></span> <span class='ocrx_word' id='word_1_964' title='bbox 1411 5832 1523 5882; x_wconf 72' lang='lat' dir='ltr'><strong>xu,</strong></span> <span class='ocrx_word' id='word_1_965' title='bbox 1559 5818 1619 5873; x_wconf 77' lang='lat' dir='ltr'><strong>l9</strong></span> <span class='ocrx_word' id='word_1_966' title='bbox 1652 5827 1703 5874; x_wconf 88' lang='lat' dir='ltr'><strong>et</strong></span> <span class='ocrx_word' id='word_1_967' title='bbox 1733 5834 1847 5888; x_wconf 78' lang='lat' dir='ltr'><strong>seq.</strong></span> <span class='ocrx_word' id='word_1_968' title='bbox 1925 5819 1962 5850; x_wconf 60' lang='grc' dir='ltr'>δι</span> <span class='ocrx_word' id='word_1_969' title='bbox 2006 5817 2136 5874; x_wconf 87' lang='lat' dir='ltr'><strong>ibid.</strong></span> <span class='ocrx_word' id='word_1_970' title='bbox 2174 5817 2258 5873; x_wconf 70' lang='grc' dir='ltr'><strong>ιδ.</strong></span> <span class='ocrx_word' id='word_1_971' title='bbox 2359 5816 2401 5848; x_wconf 68' lang='grc' dir='ltr'><strong>’δ’</strong></span> <span class='ocrx_word' id='word_1_972' title='bbox 2429 5814 2599 5870; x_wconf 78' lang='lat' dir='ltr'><strong>Matth</strong></span> <span class='ocrx_word' id='word_1_973' title='bbox 2659 5812 2927 5878; x_wconf 20' lang='lat'><strong>“1&quot;,,2’5.</strong></span> <span class='ocrx_word' id='word_1_974' title='bbox 3007 5811 3052 5844; x_wconf 68' lang='lat'>&quot;</span> <span class='ocrx_word' id='word_1_975' title='bbox 3086 5809 3217 5865; x_wconf 79' lang='lat' dir='ltr'><strong>Luc.</strong></span> <span class='ocrx_word' id='word_1_976' title='bbox 3249 5823 3363 5877; x_wconf 62' lang='lat' dir='ltr'><strong>SJK,</strong></span> <span class='ocrx_word' id='word_1_977' title='bbox 3396 5807 3475 5863; x_wconf 74' lang='lat' dir='ltr'><strong>l2.</strong></span> 
     </span>
    </p>
   </div>
  </div>
