4032 6308
535 341 673 396 ιειί)
2023 337 2348 400 ORlGEMS
3669 348 3792 409 i220

529 477 646 517 rem
677 463 836 517 habet
865 472 918 517 et
950 461 1186 527 liberos,
1231 467 1290 517 ιιι
1317 463 1576 519 traditum
1621 473 1706 520 est
1730 481 1760 520 a
1795 464 1952 522 nobis
1973 505 1988 531 ,
2021 481 2114 519 ra-

2224 469 2314 520 καὶ
2342 469 2688 542 ὑποστρέψας
2716 487 2728 502 ⁸
2765 465 2858 524 καλ⁸
2891 471 3118 536 ἕκαστος
3145 471 3324 527 αὐτῶν
3349 471 3486 542 ἔχει,
3517 471 3595 536 ὡς
3625 473 3792 545 ἄρχων

529 557 734 612 tionem
763 556 966 620 reddet,
1003 571 1126 610 eum
1157 572 1326 628 regno
1363 566 1586 630 accepto
1619 574 1873 615 reversus
1900 573 1993 613 rex
2028 575 2116 613 ra-

2224 561 2361 625 τινὸς
2405 563 2630 634 Σοήνης,
2663 563 2696 634 ἦ
2745 563 3044 636 Μέμφεως,
3076 565 3109 636 ἢ
3160 565 3359 636 Τύρου,
3397 565 3432 636 ἢ
3483 564 3727 629 Σιδῶνος.
3762 570 3790 639 ἦ

531 646 731 701 tionem
762 645 1089 714 repetiturus
1121 647 1353 700 venerit.
1428 646 1496 702 Et
1523 647 1796 704 debitores
1821 651 1985 704 etiam
2019 649 2118 703 bac-

2224 670 2359 717 τινος
2383 654 2781 724 παραπλησίου,
2813 655 2906 709 καὶ
2930 657 3058 720 τοὺς
3084 655 3384 726 ὀφειλέτας.
3409 649 3587 720 Οὗτος
3610 657 3791 712 ἀπολυ-

529 736 619 792 bet
660 733 1037 806 unusquisque
1104 737 1360 803 illorum,
1430 740 1579 795 velut
1629 739 1836 812 Syenes
1887 741 2119 810 alicujus

2224 739 2351 804 θεὶς,
2386 742 2480 795 καὶ
2521 742 2896 814 συγχωρηθεὶς
2933 745 3116 798 πᾶσαν
3155 745 3255 814 τὴν
3295 744 3546 816 ὀφειλὴν,
3580 744 3789 810 ἐξελθὼν

529 827 784 899 princeps
808 867 822 891 ,
847 838 943 880 aut
969 825 1284 899 Mempheos
1310 870 1323 892 ,
1350 827 1548 900 Tyrive
1567 872 1582 897 ,
1613 832 1696 885 vel
1729 830 1949 885 Sidonis
1975 872 1990 897 ,
2024 839 2119 885 aut

2224 832 2326 886 ἀπὸ
2353 829 2446 886 τοῦ
2478 833 2762 905 βασιλέως,
2812 854 2832 887 ι
2875 829 3032 908 εὗρεν
3076 835 3173 888 ἕνα
3213 835 3320 889 τῶν
3364 836 3667 890 συνδούλων
3709 838 3790 891 αὐι

529 921 682 974 urbis
743 919 976 990 alicujus
1034 920 1372 990 bnjusmodi.
1441 923 1493 977 Is
1541 939 1672 993 ergo
1721 924 2022 990 dimissus,
2066 933 2119 979 et

2224 925 2334 990 τοῦ,
2377 945 2394 978 ι
2439 926 2533 979 καὶ
2578 926 2646 981 τὰ
2678 925 2837 997 ἑξῆς·
2885 927 2979 980 καὶ
3019 927 3107 980 διὰ
3149 926 3325 991 τοῦτο,
3354 923 3534 998 οἶμαι,
3569 927 3786 998 ἔπνιγεν,

530 1011 679 1066 omni
738 1011 918 1066 debito
967 1011 1291 1077 absolutus,
1346 1028 1376 1066 a
1422 1029 1550 1084 rege
1593 1013 1802 1081 exiens,
1845 1033 1864 1066 ι
1918 1015 2119 1070 invenit

2224 1011 2448 1084 ἐπείπερ
2479 1008 2546 1084 ἦν
2597 1012 2827 1080 ἐξελθὼν
2862 1014 2970 1067 ἀπὸ
3009 1015 3104 1068 τοῦ
3137 1014 3398 1084 βασιλέως
3426 1032 3440 1046 ⁸
3475 1017 3578 1070 οὐκ
3610 1017 3670 1070 ἂν
3695 1019 3788 1091 γὰρ

534 1120 705 1159 unum
748 1105 814 1160 de
847 1104 1127 1160 conservis
1158 1105 1273 1159 suis
1304 1104 1408 1172 ιτ,›
1435 1113 1489 1160 et
1518 1118 1746 1173 emtera;
1782 1116 1836 1161 et
1864 1117 2119 1178 propter-

2224 1103 2298 1174 μὴ
2329 1103 2559 1168 ἐξελθὼν
2589 1104 2776 1175 έπνιγε
2801 1105 2893 1159 τὸν
2917 1105 3200 1160 σύνδουλον
3238 1105 3428 1160 αὑτοῦ.
3462 1106 3598 1160 Εἶτα
3629 1125 3786 1180 παρα-ι

542 1212 604 1250 ea
628 1237 642 1262 ,
673 1197 900 1266 opinor,
946 1212 1068 1251 eum
1114 1198 1349 1266 angebat
1387 1199 1532 1268 quod
1557 1214 1587 1252 a
1624 1214 1750 1270 rege
1780 1197 1983 1265 exiret,
2021 1214 2119 1254 nec

2224 1191 2375 1261 τήρει
2407 1190 2504 1263 τὴν
2533 1192 2816 1264 ἀκρίϐειαν
2850 1193 2952 1264 τῆς
2984 1193 3228 1265 Γραφῆς,
3266 1197 3416 1259 ὅπως
3450 1199 3480 1248 6
3507 1197 3606 1266 μὲν
3629 1199 3786 1254 πεσὼν

535 1285 782 1342 auxisset
821 1289 969 1341 enim
998 1301 1327 1340 conservum
1356 1302 1539 1351 suum,
1581 1288 1684 1342 nisi
1722 1289 1847 1342 inde
1877 1288 2118 1343 exiisset.

2224 1283 2550 1354 προσεκύνει
2575 1302 2588 1314 ο
2621 1287 2648 1338 6
2677 1286 2734 1338 δὲ
2774 1286 2955 1340 πεσὼν
2996 1287 3057 1341 οὑ
3097 1289 3451 1360 προσεκύνει,
3497 1290 3633 1344 ἀλλὰ
3667 1309 3788 1366 παρ-

534 1374 742 1432 Deinde
764 1393 893 1433 vero
914 1376 1211 1446 Scriptura:
1233 1385 1482 1433 exactam
1505 1378 1840 1450 diligentiam
1865 1380 2119 1448 observa,

2224 1376 2405 1429 εκάλει
2430 1393 2443 1407 ο
2481 1379 2577 1430 καὶ
2603 1379 2632 1431 6
2668 1377 2766 1448 μὲν
2801 1377 3052 1448 βασιλεὺς
3079 1380 3507 1450 σπλαγχνισθεὶς
3538 1384 3781 1440 ἀπέλυσεν

527 1485 748 1540 quoque
775 1472 938 1525 modo
969 1486 1093 1526 eum
1121 1471 1465 1541 procidisset,
1497 1472 1782 1537 adoraret;
1821 1472 1908 1526 bie
1939 1484 2119 1527 autem

2224 1467 2402 1530 αὑτὸν,
2425 1466 2520 1521 καὶ
2550 1469 2729 1521 πᾶσαν
2755 1468 2852 1540 τὴν
2878 1469 3099 1541 ὀφειλὴν
3123 1471 3334 1542 ἀφῆκεν
3360 1473 3537 1544 αὐτῷ’
3559 1477 3588 1528 6
3606 1475 3658 1528 δὲ
3684 1476 3783 1530 δοῦ-

528 1575 652 1613 eum
689 1558 1033 1629 proeidisset,
1084 1575 1194 1613 non
1245 1561 1578 1623 adoraverit,
1624 1562 1719 1616 sed
1759 1560 1925 1633 635
1963 1564 2119 1618 obse-

2224 1559 2310 1624 λος
2337 1559 2456 1613 οὐδὲ
2491 1561 2710 1632 ἐλεῆσαι
2738 1562 2970 1634 ἠθέλησε
2999 1564 3089 1617 τὸν
3133 1563 3418 1618 σύνδουλον
3467 1566 3632 1620 αὑτοῦ
3655 1584 3668 1598 ·
3699 1569 3784 1623 κά-

529 1651 792 1716 eraverit;
847 1650 1124 1720 quomodo
1153 1659 1334 1706 autem
1364 1667 1458 1705 rex
1489 1653 1782 1708 miseratus
1828 1655 2119 1710 absolverit

2224 1655 2398 1716 κεῖνος
2439 1652 2539 1723 μὲν
2574 1653 2680 1725 πρὸ
2720 1655 2822 1725 τῆς
2853 1655 3099 1724 ἀφέσεως
3143 1656 3429 1710 ἐκέλευσεν
3477 1659 3636 1712 αὑτὸν
3667 1675 3785 1730 πρα-

529 1757 688 1808 eum,
743 1751 794 1796 et
843 1756 1007 1796 omne
1049 1741 1286 1797 alienum
1341 1759 1416 1798 aes
1457 1743 1505 1798 ei
1564 1744 1883 1799 remiserit:
1929 1761 2119 1801 servus

2224 1743 2401 1814 θῆναι,
2427 1746 2520 1798 καὶ⁵
2545 1744 2614 1797 τὰ
2647 1746 2814 1799 αὑτοῦ
2839 1763 2854 1776 ·
2882 1748 2911 1798 6
2941 1746 2996 1799 δὲ
3023 1745 3396 1818 συγχωρηθεὶς
3429 1747 3622 1802 ἔϐαλεν
3644 1748 3783 1804 αὑτὸν

530 1845 711 1888 autem
740 1849 838 1889 nec
863 1849 1184 1888 conservum
1215 1849 1373 1889 suum
1409 1835 1660 1890 miserari
1688 1836 1952 1905 voluerit;
1994 1847 2049 1894 et
2075 1839 2119 1895 is

2224 1840 2300 1901 εἰς
2328 1839 2427 1910 τὴν
2473 1838 2741 1908 φυλακήν.
2784 1839 2897 1893 Καὶ
2926 1839 3185 1910 πρόσχες,
3233 1841 3314 1893 ὅτι
3347 1841 3396 1893 οἱ
3439 1841 3700 1896 σύνδουλοι
3733 1845 3783 1896 οι)

529 1927 748 1996 quidem
797 1925 958 1980 vendi
989 1940 1110 1980 eum
1133 1965 1148 1991 ,
1201 1926 1433 1996 ejusque
1463 1927 1606 1981 bona
1655 1927 1922 1996 jusserit,
1959 1939 2117 1984 ante-

531 2038 694 2091 quam
739 2021 1069 2088 dimisisset;
1126 2021 1216 2077 ille
1265 2029 1447 2076 autem
1501 2021 1590 2077 cui
1631 2022 1805 2092 gratia
1839 2019 1983 2078 facta
2013 2032 2116 2089 est,

530 2129 655 2167 eum
689 2114 741 2167 in
771 2129 1044 2170 carcerem
1072 2114 1381 2184 impegerit.
1436 2111 1501 2167 Et
1533 2123 1658 2168 nota
1687 2129 1982 2171 conservos
2009 2131 2118 2171 non

531 2205 896 2261 ealumniatos
941 2220 1095 2270 esse,
1133 2221 1234 2260 nec
1263 2205 1470 2260 dixisse
1489 2245 1507 2270 ,
1537 2205 1632 2260 sed
1664 2205 1948 2276 aperuisse
1973 2246 1989 2274 ,
2019 2222 2119 2261 nec

529 2306 751 2367 propter
778 2296 1066 2366 pecuniam
1114 2296 1271 2351 initio
1300 2296 1508 2351 dixisse
1536 2314 1550 2350 :
1594 2313 1612 2347 ι
1642 2293 1924 2364 Nequam;
1957 2315 1975 2347 ι
2027 2296 2119 2352 sed

531 2389 580 2443 id
613 2389 679 2442 ad
715 2391 877 2442 linem
909 2398 1130 2458 propter
1173 2401 1502 2442 conservum
1555 2401 1894 2442 reservasse.
1955 2385 2120 2457 Regis

530 2489 710 2536 autem
749 2480 1182 2536 moderationem
1233 2481 1638 2546 animadverte;
1671 2495 1779 2533 non
1815 2479 1951 2533 dixit
1980 2479 2070 2534 ille
2103 2498 2116 2534 :

537 2593 555 2625 ι
593 2575 842 2628 Adorasti
871 2589 990 2638 me;
1025 2591 1043 2624 ι
1081 2573 1174 2627 sed
1207 2590 1220 2626 :
1258 2591 1276 2624 ι
1322 2572 1542 2642 Rogasti
1576 2587 1662 2625 me
1689 2572 1756 2637 ⁴⁸,
1791 2589 1809 2621 ι
1853 2587 1951 2626 nee
1990 2588 2116 2626 eum

530 2665 787 2734 amplius,
825 2665 1106 2734 ipsiusque
1141 2662 1428 2718 facultates
1463 2661 1766 2716 venundari
1789 2663 1990 2732 jIlBsil;
2026 2666 2118 2719 sed

530 2760 676 2830 quod
707 2760 862 2828 pejus
887 2768 1002 2824 est,
1033 2766 1254 2828 propter
1305 2757 1478 2827 ipsius
1505 2758 1802 2828 nequitiam
1844 2777 1861 2808 ι
1901 2757 2121 2812 tradidit

529 2865 654 2903 eum
711 2848 1014 2902 tortoribus
1039 2848 1106 2900 ".
1147 2866 1164 2898 ι
1219 2847 1454 2911 Quinam
1490 2856 1672 2901 autem
1713 2847 1766 2900 bi
1801 2850 1932 2910 sint,
1985 2863 2121 2917 prae-

529 2952 777 3010 terquam
831 2941 870 2994 ii
910 2941 1112 3009 quibus
1164 2939 1559 3008 suppliciorum
1614 2953 1748 2993 cura
1797 2939 2119 2992 demandata

530 3037 650 3090 est?
718 3033 895 3087 Simul
924 3036 1085 3088 etiam
1123 3045 1345 3104 propter
1377 3033 1664 3086 haereticos
1692 3047 1812 3085 eam
1850 3049 2122 3102 usurpan-

532 3138 612 3182 tes
647 3126 985 3196 parabolam,
1041 3136 1169 3180 nota
1221 3125 1477 3180 debuisse
1527 3125 1650 3179 illos
1703 3126 1849 3178 hunc
1904 3141 2120 3194 quoque

532 3234 712 3288 regem
743 3216 1023 3270 criminari
1046 3257 1062 3282 ,
1099 3215 1246 3286 quod
1282 3216 1456 3270 iratus
1483 3215 1783 3269 debitorem
1822 3215 2116 3270 tortoribus

533 3313 836 3375 tradiderit,
867 3311 912 3364 si
944 3310 1192 3381 opiﬁcem
1225 3320 1483 3380 tanquam
1521 3309 1869 3375 iracundum,
1899 3317 2118 3380 propter

531 3408 693 3461 verba
721 3423 842 3476 qua:
867 3406 1001 3459 iram
1029 3406 1123 3461 Dei
1158 3406 1488 3476 significant,
1523 3402 2123 3475 reprehendunt“Prte-

531 3508 680 3555 terea
721 3515 850 3552 \ero
904 3498 969 3552 iis
1013 3497 1304 3552 dicendum
1337 3507 1420 3550 est
1454 3497 1548 3566 qui
1599 3511 1704 3550 non
1734 3510 2121 3567 quemquatna

533 3589 660 3646 Jesu
693 3590 991 3644 tortoribus
1021 3588 1158 3643 tradi
1185 3589 1374 3642 volunt
1400 3606 1414 3643 :
1449 3586 1596 3643 lleus
1629 3603 1751 3652 vos,
1771 3587 1995 3656 quinam
2023 3600 2069 3639 τι
2089 3601 2120 3638 x

537 3683 627 3740 ille
669 3684 737 3738 sil
772 3683 865 3753 qui
898 3697 1117 3736 servum
1166 3696 1404 3751 nequam
1440 3681 1738 3735 tortoribus
1773 3679 1970 3741 tradit,
1996 3693 2123 3748 ape-

539 3777 656 3830 rite.
689 3775 829 3841 Quin
853 3786 906 3827 et
929 3773 994 3827 ad
1020 3773 1151 3828 illud
1173 3773 1457 3826 attendant
1484 3790 1497 3826 :
1533 3792 1550 3822 ι
1585 3770 1675 3826 Sic
1699 3781 1751 3824 et
1780 3769 1939 3824 Pater
1967 3783 2122 3823 nteus

530 3868 772 3924 cwlestis
821 3865 983 3920 lat-iet
1022 3865 1178 3920 vobis
1211 3865 1294 3930 l‘°;
1335 3883 1353 3915 ι
1391 3864 1477 3918 vel
1505 3862 1590 3918 bis
1640 3862 1802 3915 etiam
1836 3877 1898 3914 ea
1929 3861 2120 3913 dican-

533 3969 621 4012 tur
652 3959 831 4028 potius
859 3973 979 4026 qtne
1015 3957 1068 4010 in
1099 3957 1286 4011 decem
1316 3956 1592 4010 minarum
1625 3951 1882 4024 parabnla
1916 3952 2121 4005 baben-

527 4059 649 4117 tur,
694 4061 749 4106 et
775 4067 804 4103 a
843 4049 933 4103 Dei
964 4049 1092 4104 boni
1140 4047 1282 4102 Filio
1316 4047 1674 4118 pronuntiata
1719 4051 1846 4100 sunt
1891 4064 1904 4098 :
1961 4063 1980 4094 ι
2015 4041 2122 4097 γε-

529 4152 838 4199 rumtamen
889 4141 1142 4194 inimicos
1190 4155 1345 4194 meos
1383 4139 1505 4194 illos
1539 4139 1632 4208 qui
1662 4137 1953 4192 noluerunt
1980 4135 2058 4198 ⁵¹,
2096 4151 2114 4178 ι

529 4245 584 4291 et
607 4244 825 4291 eastern.
879 4231 1038 4288 Certe
1074 4232 1348 4303 parabola:
1381 4230 1667 4287 conclusio
1695 4226 2120 4299 simplicioribus

2221 1931 2487 1996 διέῦαλον,
2522 1932 2556 2003 ἢ
2593 1933 2897 2004 εἰρήκασιν,
2925 1931 3063 1986 ἀλλὰ
3091 1933 3470 2004 διεσάφησαν,
3501 1936 3593 1988 καὶ
3618 1937 3694 1988 ὅτι
3717 1936 3784 1997 τὸ.

2227 2040 2246 2073 ι
2289 2022 2491 2093 πονηρὲ
2524 2042 2542 2073 ›
2577 2022 2676 2075 οὐκ
2702 2016 2822 2074 εἷπε
2854 2023 2974 2074 κατ’
2998 2021 3173 2092 ἀρχὰς
3200 2023 3326 2093 περὶ
3352 2023 3468 2076 τῶν
3492 2024 3786 2096 χρημάτων,

2221 2115 2335 2169 ἀλλ’
2369 2116 2638 2186 ἐτήρησεν
2671 2113 2898 2185 ὕστερον
2949 2112 3078 2186 περὶ
3109 2113 3202 2166 τοῦ
3252 2115 3560 2169 συνδούλου.
3603 2117 3697 2170 Ἴδε
3735 2116 3786 2170 ὁὶ

2219 2209 2316 2263 καὶ
2347 2206 2406 2260 τὸ
2435 2206 2655 2278 μέτριον
2685 2205 2778 2259 τοῦ
2816 2204 3110 2276 βασιλέως·
3147 2206 3249 2260 οὐκ
3278 2203 3400 2260 εἷπε
3425 2223 3440 2237 ·
3478 2227 3494 2258 ι
3536 2206 3783 2279 “paceni.

2220 2300 2392 2372 νησάς
2437 2316 2546 2370 μοι,
2582 2318 2602 2352 ›
2639 2297 2804 2353 ἀλλά⁸
2849 2317 2867 2350 ι
2909 2297 3298 2371 Παρεκάλεσάς
3328 2315 3415 2369 με,
3449 2318 3466 2350 ι
3501 2300 3590 2353 καὶ
3619 2299 3780 2353 οὐκέτι

2221 2391 2383 2446 αὑτὸν
2415 2391 2710 2462 πραθῆναι,
2741 2389 2835 2444 καὶ
2861 2388 2932 2442 τὰ
2953 2388 3140 2454 αὐτοῦ,
3172 2388 3307 2442 ἀλλὰ
3337 2409 3356 2442 ι
3385 2390 3662 2461 παρέδωκε
3684 2391 3780 2452 τοῖς

2223 2484 2570 2556 βασανισταῖς
2602 2501 2622 2534 ι
2666 2481 2728 2535 τὸ
2753 2483 2933 2554 χεῖρον
2969 2479 3058 2534 διὰ
3104 2478 3202 2551 τὴν
3246 2481 3530 2553 πονηρίαν.
3564 2481 3706 2544 Τίνες
3741 2479 3780 2532 δ’

2220 2571 2287 2627 ἂν
2334 2568 2440 2626 εἷεν
2485 2567 2628 2627 οὗτοι
2667 2573 2701 2644 ἢ
2749 2573 2798 2626 oi
2841 2572 2934 2624 ἐπὶ
2977 2571 3087 2625 τῶν
3137 2569 3412 2624 κολάσεων
3457 2570 3779 2642 τεταγμένοις

2225 2665 2374 2735 Ἅμα
2401 2663 2459 2717 δὲ
2489 2664 2726 2736 πρόσχες
2756 2662 2846 2717 διὰ
2871 2662 2999 2726 τοὺς
3024 2660 3133 2716 ἀπὸ
3166 2661 3275 2716 τῶν
3299 2661 3559 2735 αἱρέσεων
3579 2659 3780 2732 χρωμιδ

2222 2775 2345 2822 νους
2381 2757 2497 2828 (25)
2527 2759 2593 2828 τῇ
2629 2755 2934 2830 παραϐολῇ,
2967 2758 3069 2820 ὅτι,
3101 2755 3261 2828 εἴπερ
3302 2742 3655 2827 κατηγοροῦσι
3693 2751 3780 2807 τοῦ

2221 2847 2574 2920 δημιουργοῦ,
2625 2848 2702 2912 ὡς
2742 2847 2986 2920 ὀργίλου,
3029 2847 3118 2902 διὰ
3164 2847 3233 2900 τὰ
3264 2847 3588 2918 ἐμφαίνοντα
3625 2844 3778 2916 ὀργὴν

2223 2939 2357 2992 Θεοῦ
2389 2939 2610 3013 ῥήματα
2635 2940 2804 3012 ἐχρῆν
2837 2940 3036 3003 αὐτοὺς
3072 2939 3166 2992 καὶ
3200 2938 3295 2991 τοῦ
3325 2937 3574 3008 βασιλέως
3601 2934 3775 2988 τούτου

2223 3033 2568 3102 κατηγορεῖν,
2601 3031 2833 3102 ἐπείπερ
2858 3029 3135 3102 ὀργισθεὶς
3166 3029 3443 3101 παρέδωκε
3467 3025 3551 3080 τὸν
3574 3024 3767 3095 ὀφειλέ-

2222 3142 2322 3194 την
2349 3126 2462 3187 τοῖς
2488 3122 2859 3192 βασανισταῖς.
2887 3123 3011 3177 Ἔτι
3043 3122 3098 3177 δὲ
3124 3119 3334 3175 λεκτέον
3373 3121 3478 3182 τοῖς
3509 3117 3578 3190 μὴ
3611 3116 3775 3187 paulo-

2227 3215 2408 3288 μένοις
2440 3215 2829 3289 παραδίδοσθαί
2859 3233 2980 3269 τινα
3011 3215 3120 3270 ἀπὸ
3160 3215 3254 3268 τοῦ
3293 3212 3460 3284 Ἰησοῦ
3487 3214 3590 3274 τοῖς
3628 3210 3782 3280 βασα-

2225 3308 2453 3372 νισταῖς,
2481 3306 2585 3373 ὅτι,
2621 3305 2966 3377 Διηγήσασθε
3008 3306 3160 3376 ἡμῖν,
3201 3298 3248 3357 ὦ
3279 3297 3442 3368 οὗτοι,
3472 3303 3550 3365 τίς
3576 3303 3604 3354 6
3642 3300 3783 3371 βασι-

2225 3396 2352 3460 λεὺς
2379 3397 2407 3449 6
2452 3395 2780 3467 παραδιδοὺς
2812 3395 2903 3448 τὸν
2940 3395 3173 3468 πονηρὸν
3215 3393 3403 3448 δοῦλον
3441 3395 3546 3456 τοῖς
3579 3391 3780 3462 βασανι-

2230 3492 2402 3553 σταῖς.
2433 3489 2856 3560 Ηροσεχέτωσαν
2889 3489 2945 3542 δὲ
2978 3489 3072 3543 καὶ
3105 3488 3182 3560 τῷ
3204 3506 3218 3519 ·
3259 3507 3278 3540 ι
3315 3487 3499 3552 υῦτως
3531 3481 3618 3540 οὖν
3645 3487 3784 3554 ποιή-

2229 3599 2312 3635 σει
2349 3582 2442 3634 καὶ
2467 3581 2594 3652 ὑμῖν
2627 3583 2656 3634 6
2689 3582 2876 3652 Πατήρ
2912 3597 3014 3651 μου
3045 3583 3074 3634 6
3112 3579 3365 3650 οὐράνιος
3387 3596 3400 3610 ·
3435 3598 3452 3631 ι
3485 3580 3592 3641 τοῖς
3617 3576 3781 3638 αὐτοῖς

2227 3673 2282 3727 δὲ
2327 3673 2405 3727 ἔτι
2451 3673 2650 3745 μᾶλλον
2693 3673 2910 3743 λεχθείη
2941 3672 3008 3726 ἂν
3045 3671 3114 3726 τὰ
3153 3675 3211 3726 ὲν
3256 3674 3324 3743 τῇ
3355 3671 3462 3724 τῶν
3489 3669 3611 3724 δέκα
3652 3666 3782 3738 μνῶν

2229 3764 2534 3836 παραϐολῇ,
2586 3763 2667 3816 ὃτι
2715 3764 2744 3816 6
2793 3762 2998 3832 ἀγαθοῦ
3041 3761 3174 3815 Θεοῦ
3221 3762 3350 3826 Υἱὸς
3397 3757 3546 3815 εἷπε·
3597 3778 3616 3812 ι
3657 3755 3786 3827 Πλὴν

2227 3859 2353 3920 τοὺς
2405 3855 2632 3927 ἐχθρούς
2689 3873 2790 3927 μου
2842 3853 3083 3918 ἐκείνους
3146 3856 3273 3918 τοὺς
3345 3855 3422 3927 μὴ
3483 3849 3786 3923 θελήσαντάς

2231 3965 2320 4018 με,
2371 3967 2388 3999 ι
2428 3949 2520 4001 καὶ
2551 3947 2618 4001 τὰ
2651 3947 2796 4018 ἑξῆς.
2832 3947 2905 4000 Τὸ
2939 3946 3315 4018 συμπέρασμα
3350 3945 3533 4017 μέντοι
3568 3943 3660 4014 τῆς
3697 3957 3786 3994 πα-

2230 4040 2464 4111 ραδολῆς
2493 4039 2722 4102 καὶτοῖς
2755 4037 3144 4110 ἁπλουστέροις
3176 4037 3439 4108 ἁρμόζει·
3476 4037 3666 4098 πάντες
3692 4031 3787 4100 γὰρ

2227 4132 2345 4201 ἅμα
2398 4129 2758 4201 διδασκόμεθα
2810 4129 3092 4185 πείσεσθαι
3142 4131 3190 4182 οἱ
3239 4129 3434 4197 ἄφεσιν
3489 4123 3788 4199 ἁμαρτημά-

2227 4241 2334 4280 των
2373 4223 2675 4294 εἰληφότες,
2707 4223 2801 4276 καὶ
2831 4222 2905 4295 μὴ
2950 4220 3361 4292 συγχωροῦντες
3393 4223 3506 4285 τοῖς
3544 4217 3786 4286 ἀδελφοῖς,

1731 4405 1965 4464 VETUS
2004 4405 2591 4462 INTERPRETATIO.

525 4573 780 4628 debebat.
811 4570 975 4626 'Sunt
1010 4579 1190 4623 autem
1228 4576 1280 4621 et
1306 4564 1557 4620 conservi
1585 4562 1806 4632 quidam
1847 4561 1968 4631 ejus
2001 4559 2094 4630 qui
2123 4559 2517 4632 indulgentiam
2537 4565 2619 4612 est
2643 4563 2972 4632 consecutus
3002 4556 3332 4632 talentorum
3359 4555 3683 4632 multorum;
3707 4545 3785 4632 ιιι,ιὶ

527 4625 777 4698 videntes
797 4625 917 4712 qua:
949 4641 1086 4696 facta
1129 4648 1258 4694 sunt
1289 4653 1317 4691 a
1348 4651 1508 4690 servo
1555 4625 2311 4712 in'nnise-rietirde;habentes
2343 4629 2595 4710 videlicet
2632 4628 3072 4712 misericordiam
3123 4627 3356 4712 similent
3403 4625 3568 4712 regis,
3607 4625 3786 4712 centri:

529 4694 997 4769 éiéii"siiiti'§-;{taé
1017 4694 1187 4780 super
1212 4723 1336 4763 cum
1368 4706 1460 4776 qui
1492 4713 1710 4780 centum
1750 4694 2284 4780 debebatdﬁenarios,
2320 4707 2373 4780 et
2405 4700 2770 4780 incarcerem
2803 4698 2979 4751 fuerat
3003 4697 3213 4780 missus.
3237 4706 3327 4780 °_et
3347 4695 3590 4780 volentes
3617 4694 3784 4780 juranrle

530 4765 765 4838 missurn
797 4765 1174 4844 incarcerem,
1203 4765 1597 4833 enarraverunt
1624 4775 1845 4828 domino
1869 4787 1990 4841 qua:
2023 4769 2233 4844 fuerant
2257 4778 2398 4844 aeta.
2433 4767 2808 4844 Et_vide_qu_ia
2850 4783 2961 4844 non
3001 4777 3083 4844 est
3109 4767 3399 4844 scriptum,
3420 4765 3786 4844 detraxerunt2

529 4831 1052 4916 ἑτέ-ἰ’ἶιῖἕάιοίὶίιῐῖέὲιϊ
1073 4831 1489 4904 enervaverunt.
1525 4846 1589 4900 Et
1626 4854 1756 4916 tunc
1783 4831 1986 4916 vocans
2016 4856 2138 4916 eum
2176 4839 2434 4916 dominus
2475 4839 2620 4916 ejus,
2646 4831 2785 4916 disi}
2815 4838 3041 4916 ei_qu_od
3086 4853 3193 4891 non
3221 4831 3433 4916 dixerat
3464 4831 3789 4916 priususictlf

532 4900 916 4992 «ὲὶιῖιὶῖῖιῖἶιξ
938 4900 1393 4992 ιῖῦξριέοῖιιίέιὲιι,
1424 4933 1531 4971 non
1558 4915 1784 4992 dixit.in
1813 4913 2006 4983 primis
2039 4911 2140 4992 sibi
2174 4911 2222 4964 ei
2257 4911 2440 4992 oblato
2467 4900 2623 4992 quasi
2651 4909 2880 4964 debitori
2914 4900 3242 4990 talentorum
3279 4900 3578 4988 multorum

532 4975 764 5063 nequa-tn
804 4975 1031 5047 etmale
1066 5009 1080 5044 :
1119 4975 1398 5063 hocenini
1452 4985 1765 5063 reservavit,
1803 4975 2126 5063 t'tt_no_n_de
2154 4981 2422 5063 pecuniis,
2449 4975 2548 5063 sed
2582 4979 2649 5034 de
2667 4994 2946 5063 conservo
2981 4980 3034 5032 in
3065 4993 3338 5063 carcerein
3377 4977 3564 5063 inisso

1419 5033 1935 5130 ei
1951 5033 2267 5130 debitorum
2297 5033 2746 5130 donatapropter
2767 5050 3107 5130 petitionem.
3135 5046 3271 5103 Vide
3295 5055 3485 5130 autem
3517 5054 3572 5100 et
3591 5033 3791 5130 Ibulngtili:

923 5111 1622 5205 (11.5.'.'i:‘.'..*’.'*summa.
1643 5111 1789 5205 “fecit
1813 5123 2029 5205 debitor
2057 5122 2385 5205 talentorum
2417 5111 2736 5205 multorum,
2768 5111 2918 5174 aliud
2948 5128 3128 5174 autem
3159 5117 3554 5205 nominanturex.

720 5180 1598 5272 'ﬁi-d'ciiéds'"adsistit?emit
1624 5198 1838 5272 dicens,
1883 5193 2140 5272 dominus
2180 5201 2359 5272 autem
2401 5191 2520 5261 ejus
2562 5200 2615 5244 et
2651 5180 2746 5272 rei
2777 5205 2982 5272 voe'ans
3027 5203 3310 5272 eununon.
3335 5187 3492 5272 .dixit
3529 5203 3542 5238 :

526 5257 999 5331 debitntnid'imisi
1043 5272 1139 5326 tibi
1174 5291 1192 5322 ι
1239 5269 1498 5340 quoniam
1536 5267 1796 5340 adorasti_
1819 5257 1926 5340 me,
1957 5263 2080 5330 sed,
2131 5257 2444 5340 equoniam'
2476 5261 2677 5332 rogasti
2711 5275 2816 5340 me:
2864 5259 2934 5340 Et
2962 5260 3137 5314 iratus
3172 5257 3397 5339 tradidit
3423 5262 3788 5340 eruntotortet‘t-

526 5326 1151 5414 busIdeneeredderet
1189 5326 1352 5395 omne
1389 5340 1656 5395 debitutn.
1692 5356 1711 5389 ι
1756 5334 1823 5390 Ει
1850 5326 1962 5406 jam
2000 5326 2106 5389 non
2147 5326 2314 5402 jussit
2351 5347 2477 5388 eum
2515 5326 2816 5386 vcnundari
2838 5372 2854 5398 ,
2885 5338 2942 5386 et
2969 5345 3197 5390 uxorem
3241 5328 3384 5399 ejus,
3412 5339 3466 5385 et
3497 5326 3637 5382 ﬁlios
3663 5326 3785 5392 ejus.

595 5533 639 5566 ’δ’
675 5530 866 5585 Matth.
896 5544 1053 5594 xvm,
1089 5528 1181 5582 ‘28.
1261 5527 1305 5558 ’⁵⁸
1327 5526 1459 5582 ibid.
1496 5525 1586 5580 52.
1663 5525 1707 5558 ⁸⁹
1742 5523 1874 5580 ibid.
1905 5522 1996 5577 54.
2075 5522 2119 5554 ¹⁰

2224 5522 2298 5578 id.
2328 5522 2419 5578 35.
2495 5522 2538 5555 ⁵⁸
2575 5519 2711 5576 Luc.
2746 5536 2862 5588 xu,
2891 5517 2984 5572 ‘27.

597 5693 712 5760 ('25)
755 5691 897 5756 Τοὺς
939 5692 1057 5746 ἀπὸ
1099 5691 1218 5746 τῶν
1255 5691 1544 5760 αἱρέσεων
1589 5691 1968 5760 χρωμένους,
2008 5695 2114 5742 etc.

2227 5701 2342 5746 cem
2365 5649 2658 5759 ﬁngentes.
2691 5683 2960 5740 llemtvs.

532 5762 766 5819 Marcion
793 5771 910 5826 tas,
948 5764 1192 5832 aliosque
1227 5764 1476 5832 opdieent
1517 5763 1838 5816 iracundum
1878 5771 1930 5814 et
1975 5760 2119 5812 feto-
