4032 6308
339 408 492 466 1221

1279 403 1637 464 COMMENT.
1681 402 1748 459 IN
1783 399 2197 458 ΜΛΤΤΗᾸἪΜ
2241 396 2482 455 TOMUS
2523 397 2660 452 XIV.

3494 398 3635 456 423!

351 532 424 586 τὰ
453 533 560 588 τοῦ
607 529 1073 603 συγχωρηθέντος,
1119 527 1215 581 καὶ
1257 529 1332 601 μὴ
1389 529 1840 602 συγχωρήσαντος
1873 527 1950 600 τῷ

2059 526 2218 579 etiam
2272 523 2555 594 congruit;
2597 520 2911 592 quicunque
2959 519 3102 574 enim
3152 528 3499 590 peccaturum
3548 535 3636 576 re»

354 621 448 676 δού
463 627 558 698 λῳ.

2055 617 2372 674 missionem
2413 616 2750 686 recepimus,
2787 629 2889 669 nec
2929 628 3050 667 eam
3077 611 3339 669 fratribus
3384 612 3638 670 concedi-

362 719 712 783 mus.eadem
745 731 846 772 nos
867 729 1230 786 perpessuros
1262 715 1378 772 fore
1395 715 1678 778 docemur,
1703 714 1944 769 acilium
1982 712 2074 784 qui
2109 713 2340 784 gratiam
2372 711 2476 766 sibi
2502 709 2702 765 [actam
2729 723 2889 765 servo
2919 709 3156 780 negavit.

440 831 460 864 ι
500 811 610 865 Καὶ
635 809 852 879 ἐγένετο
883 810 974 863 ὅτε
1005 807 1316 863 ἑτέλεσεν”ό
1359 808 1566 881 Ἰησοῦς
1595 810 1723 872 τοὺς
1754 807 1945 876 λόγους

361 903 606 966 τούτους.
651 921 670 953 ι
719 901 778 956 '0
817 901 1047 954 ἕκαστον
1079 899 1188 954 τῶν
1222 900 1598 972 προκειμένων
1633 899 1948 972 προϐλημά-

362 1009 472 1044 των
500 987 729 1053 ἐντελῶς
754 986 986 1054 διεξιὼν,
1000 985 1084 1051 ὡς
1111 988 1275 1059 μηδὲν
1299 989 1482 1044 αὐτῶν
1509 990 1685 1053 ἐνδεὲς
1719 990 1946 1044 καταλι-

364 1084 510 1146 πεῖν,
537 1075 692 1144 οὗτος
710 1080 856 1133 τελεῖ
875 1081 1000 1143 τοὺς
1024 1073 1228 1133 ἑαυτοῦ
1255 1079 1464 1149 λόγους.
1495 1080 1946 1154 (θαρσαλεώτερον

365 1173 412 1227 δ’
439 1175 504 1228 ἄν
532 1191 616 1236 τις
637 1175 995 1243 ἀποφανεῖται
1029 1173 1158 1244 περὶ
1192 1173 1382 1227 τούτου
1419 1177 1701 1246 προσέχων
1755 1178 1943 1247 ἐπιμε-

364 1266 619 1338 λέστερον
653 1265 801 1336 πάσῃ
833 1265 1137 1334 ἀναγνώσει
1169 1266 1416 1330 Παλαιᾶς
1439 1269 1534 1320 καὶ
1580 1269 1790 1340 Καινῆς
1813 1271 1945 1322 Δια-

367 1358 564 1430 θήκης·
601 1357 694 1411 ἐὰν
721 1357 830 1429 γὰρ
855 1357 946 1410 ἐπὶ
985 1357 1209 1428 μηδενὸς
1231 1353 1264 1432 ᾖ
1295 1359 1626 1430 τεταγμένον
1652 1360 1733 1425 τὸ,
1764 1379 1783 1411 ι
1807 1361 1948 1414 Ἐτέ-

367 1446 491 1499 λεσε
523 1447 649 1509 τοὺς
680 1445 867 1514 λόγους
891 1445 1166 1509 τούτους.»
1211 1447 1562 1518 ἢΜωῦσέως,
1595 1450 1626 1522 ῆ
1658 1467 1803 1514 τινος
1837 1453 1945 1506 τῶν

368 1537 686 1608 προφητῶν,
720 1536 895 1607 ἀλλ’ἢ
930 1537 1090 1607 μόνου
1121 1536 1212 1590 τοῦ
1259 1537 1455 1610 Ἰησοῦ,
1510 1540 1630 1593 τότε
1673 1541 1947 1614 τολμήσας

369 1627 437 1681 ἄν
462 1643 546 1690 τις
569 1626 730 1690 εἴποι,
754 1627 834 1680 ὅτι
863 1627 1058 1696 μόνους
1109 1627 1220 1698 (26)
1242 1627 1455 1680 ἐτέλεσε
1509 1630 1636 1694 τοὺς
1695 1629 1885 1700 λόγους
1916 1635 1944 1686 6

2122 806 2208 860 14.
2258 823 2277 856 ι
2315 803 2383 858 Ει
2430 803 2634 858 factum
2683 810 2770 857 est
2812 816 2938 856 eum
2985 813 3431 858 consummasset
3471 800 3638 860 Jesus

2051 911 2336 952 sermones
2387 896 2526 950 istos
2550 895 2617 950 ".
2655 913 2674 945 ι
2723 892 2828 961 Qui
2877 909 3323 965 unamquamque
3373 902 3636 967 quaestio-

2052 1003 2175 1044 nem
2228 989 2567 1059 propositam
2614 987 2775 1058 plane
2821 988 3094 1053 edisserit,
3145 989 3216 1043 ita
3244 999 3305 1043 ut
3332 989 3468 1045 nihil
3501 991 3636 1046 inta-

2052 1088 2200 1134 ctum
2229 1080 2730 1149 inexplicatumque
2761 1080 3054 1150 relinquat,
3089 1081 3136 1135 is
3162 1080 3324 1151 635
3357 1097 3638 1137 sermones

2055 1187 2186 1228 suos
2211 1181 2582 1229 consummat.
2624 1170 2701 1226 Ea
2733 1181 2916 1228 autem
2952 1175 3020 1229 de
3054 1189 3111 1228 re
3133 1174 3496 1230 conﬁdentius
3522 1191 3637 1246 pro-

2055 1266 2426 1329 nuntiaverit,
2479 1266 2574 1337 qui
2634 1267 2689 1322 in
2743 1265 2951 1323 Veteris
3005 1277 3060 1322 et
3111 1266 3248 1322 Novi
3303 1266 3637 1336 Testameuti

2056 1357 2348 1412 lectionem
2377 1359 2694 1429 diligentius
2728 1359 3037 1427 incumbet;
3075 1375 3200 1414 nam
3239 1361 3284 1416 si
3327 1361 3499 1428 nulli,
3545 1378 3641 1416 ne-

2054 1464 2161 1518 que
2188 1449 2392 1520 Moysi,
2445 1465 2622 1520 neque
2648 1451 3037 1520 praphctarum
3069 1453 3326 1522 cuiquam
3349 1493 3363 1515 ,
3408 1454 3500 1507 sed
3536 1454 3636 1508 soli

2053 1537 2180 1592 .lcsu
2227 1538 2548 1593 attributum
2581 1549 2666 1594 est
2703 1539 2835 1594 illud
2867 1558 2879 1594 :
2912 1558 2931 1591 ι
2968 1539 3385 1594 Consummavit
3428 1557 3640 1596 sermo-

2055 1643 2152 1682 nes
2205 1628 2340 1682 istos
2367 1628 2445 1693 ⁵³,
2508 1647 2528 1680 ›
2564 1637 2677 1682 tum
2734 1629 2994 1684 audacter
3041 1629 3390 1686 aﬂirmaverit
3440 1632 3640 1703 aliquis

382 1717 608 1788 Ἰησοῦς,
635 1719 664 1770 ό
686 1717 852 1772 ἐλθὼν
896 1719 1046 1782 τέλος
1079 1719 1344 1774 ἐπιθεῖναι
1375 1723 1485 1785 τοῖς
1510 1723 1817 1794 πράγμασι,
1853 1729 1948 1780 καὶ

2059 1733 2223 1772 uumn
2247 1716 2436 1773 Jesum
2469 1733 2752 1774 sermones
2782 1733 3218 1784 consummasse,
3251 1719 3346 1788 qui
3376 1720 3443 1775 ad
3476 1721 3637 1776 ﬁnem

369 1809 658 1882 πληρῶσαι
688 1809 749 1862 τὸ
777 1809 951 1874 ἐνδεὲς
992 1809 1087 1863 τοῦ
1145 1811 1332 1882 νόμου,
1380 1811 1468 1865 διὰ
1496 1813 1610 1867 τοῦ·
1654 1833 1672 1865 ι
1719 1817 1949 1888 Ἐρρέθη

367 1903 482 1964 τοῖς
509 1901 806 1975 ἀρχαίοις,»
840 1903 935 1954 καὶ
958 1902 1027 1955 τά
1056 1901 1202 1973 tea};-
1241 1904 1332 1956 καὶ
1365 1904 1543 1958 πάλιν*
1613 1924 1631 1956 ι
1663 1908 1779 1960 Ἵνα
1811 1908 1952 1978 πλη-

367 1993 518 2066 ρωθῇ
549 1994 616 2046 τὰ
647 1995 911 2066 εἰρημένα
948 1994 1037 2048 διά
1067 1995 1175 2049 τῶν
1200 1996 1546 2068 προφητῶν.»
1578 1999 1640 2052 Εἰ
1659 1999 1717 2052 δέ
1743 2017 1843 2054 που
1862 2001 1955 2069 γέ-

370 2104 614 2158 γραπται
645 2088 739 2141 καὶ
769 2089 827 2140 ἐν
873 2087 1125 2151 ἐκείνοις,
1165 2087 1286 2140 τότε
1331 2088 1398 2141 ἂν
1432 2087 1660 2163 ἐξετάζῃ
1689 2091 1798 2161 (27)
1857 2092 1954 2144 καὶ

369 2180 722 2243 τελεσθέντας
745 2178 836 2232 ὑπ’
872 2179 1094 2232 ἐκείνων
1143 2178 1331 2247 λόγους
1362 2179 1690 2234 τελεσθεῖσιν
1723 2182 1827 2236 ὑπὸ
1858 2182 1952 2236 τοῦ

372 2272 644 2343 Σωτῆρος,
673 2271 760 2323 ἵνα
789 2269 923 2341 εὕρῃ
956 2269 1054 2340 τὴν
1093 2268 1354 2342 διαφορὰν
1388 2270 1568 2324 αὐτῶν
1625 2271 1762 2343 πρὸς
1789 2273 1952 2346 ἀλλή-

373 2363 521 2426 λους.
553 2363 817 2430 Καίτοιγε
847 2362 1007 2414 κάκεῖ
1041 2359 1302 2432 ζητηθείη
1333 2362 1418 2427 ἂν,
1466 2365 1515 2416 εἰ
1557 2364 1651 2416 ἐπὶ
1678 2364 1784 2418 τῶν
1813 2367 1956 2420 κατά

373 2455 756 2526 χρηματισμὸν
803 2452 1111 2522 λεγομένων
1167 2455 1344 2506 κεῖται
1395 2453 1476 2517 τὸ,
1535 2473 1552 2505 ι
1581 2456 1876 2523 ὲτέλεσεν,ι
1920 2458 1953 2529 ἢ

374 2547 469 2600 ἐπὶ
498 2546 610 2601 τῶν
643 2546 924 2610 Μωῦσέως
956 2547 990 2616 ῆ
1036 2562 1182 2608 τινος
1217 2545 1326 2600 τῶν
1383 2547 1678 2618 προφητῶν
1732 2549 1957 2622 εἰρημέ-

371 2651 483 2693 νων
509 2637 645 2710 (28),
679 2637 712 2709 ἤ
749 2637 843 2691 ἐπὶ
871 2636 1314 2709 συναμφοτέρων·
1349 2639 1382 2708 ἡ
1415 2638 1523 2710 γάρ
1573 2639 1836 2711 ἐπιμελὴς
1862 2642 1960 2713 τή-

378 2745 537 2799 ρησις
567 2729 798 2799 μέγιστα
826 2727 892 2782 ἂν
913 2727 1204 2782 ὑποϐάλλοι
1233 2731 1482 2800 νοήματα
1507 2733 1620 2793 τοῖς
1657 2733 1957 2803 ἐπισταμέ-

375 2835 486 2882 νοις
523 2839 539 2870 ι
563 2819 911 2890 πνευματικὰ
940 2823 1327 2888 πνευματικοῖς
1361 2822 1724 2893 συγκρίνειν,›
1757 2823 1851 2877 καὶ
1870 2825 1959 2879 διὰ

368 2908 534 2966 τοῦτο
572 2929 589 2962 ι
619 2910 875 2978 λαλοῦσιν
923 2911 1024 2965 οὐκ
1077 2913 1136 2965 ὲν
1173 2912 1438 2978 διδακτοῖς
1485 2914 1832 2987 ἀνθρωπίνης
1869 2933 1960 2970 σο-

374 3001 502 3070 φίας
535 3003 735 3071 λόγοις,
765 3003 880 3057 ἀλλ’
902 3006 960 3057 ὲν
989 3004 1257 3068 διδακτοῖς
1284 3005 1613 3076 πνεύματος.
1642 3027 1660 3059 ι
1700 3008 1891 3072 Ἀλλος
1910 3010 1955 3063 δ’

2057 1811 2220 1866 rebus
2255 1809 2680 1880 imponendum,
2718 1821 2771 1866 et
2816 1809 2885 1864 ad
2936 1810 3345 1866 nesarciendum
3383 1813 3518 1884 legis
3546 1817 3636 1871 de-

2055 1901 2255 1957 fectum
2287 1903 2454 1966 venit,
2491 1909 2552 1956 ut
2577 1903 2702 1957 inde
2729 1901 2941 1958 discere
2971 1913 3056 1958 est
3086 1922 3098 1958 :
3139 1922 3157 1956 ι
3195 1904 3410 1961 Dictum
3438 1917 3522 1964 est
3549 1925 3642 1965 an-

2055 1993 2224 2062 tiquis
2252 1993 2332 2060 ⁵³,
2383 2012 2402 2044 ι
2443 2003 2496 2048 et
2529 1994 2768 2063 reliqua;
2803 2003 2856 2048 ct
2885 2010 3079 2050 rursus
3107 2015 3122 2050 :
3162 2015 3180 2048 ι
3217 1996 3287 2052 Ut
3315 1999 3641 2070 impleantur

2055 2101 2178 2155 quae
2210 2085 2352 2140 dicta
2388 2094 2517 2141 sunt
2545 2101 2642 2156 per
2683 2087 2977 2156 prophetas
3000 2087 3066 2141 ⁵⁵.
3109 2106 3128 2140 ι
3180 2087 3336 2155 Quod
3365 2091 3409 2148 si
3441 2094 3638 2148 alicubi

2057 2174 2111 2228 in
2146 2175 2213 2229 iis
2241 2175 2294 2230 id
2320 2175 2588 2246 scriptum
2615 2185 2817 2244 exstat,
2849 2189 3261 2237 consummatos
3289 2182 3358 2235 ab
3388 2182 3495 2238 illis
3524 2201 3636 2239 ser-

2058 2281 2247 2321 mones
2299 2282 2422 2320 cum
2463 2268 2862 2323 consummatis
2897 2284 2925 2323 a
2960 2267 3086 2324 Jesu
3133 2274 3478 2329 sermonibus
3511 2289 3642 2329 con-

2057 2357 2166 2426 l‘er,
2205 2367 2263 2412 ιιι
2289 2373 2478 2413 eorum
2525 2359 2822 2416 discrimen
2869 2363 3113 2432 reperias
3153 2365 3219 2418 “.
3278 2365 3542 2433 Quinimo
3589 2379 3644 2424 et

2059 2449 2148 2502 hic
2169 2449 2334 2503 etiam
2365 2449 2538 2520 quaeri
2567 2452 2776 2521 possit,
2833 2467 2900 2507 an
2946 2453 2998 2508 in
3048 2453 3211 2510 rebus
3241 2472 3363 2527 qua:
3389 2473 3486 2528 per
3516 2475 3643 2514 ora-

2058 2541 2241 2596 culum
2271 2541 2496 2611 prolata:
2523 2549 2673 2610 sunt,
2703 2558 2809 2598 vox
2836 2544 2952 2612 illa,
2991 2563 3011 2596 ι
3049 2549 3470 2613 consummavit,
3503 2569 3522 2602 ι
3561 2551 3642 2606 vel

2058 2647 2158 2702 pro
2187 2630 2404 2703 Moyse,
2452 2633 2538 2689 vel
2587 2649 2686 2704 pro
2737 2635 2924 2706 aliquo
2961 2651 3028 2691 ex
3057 2637 3370 2707 prophetis,
3425 2641 3508 2695 vel
3543 2656 3644 2711 pro

2061 2724 2309 2796 utrisque
2335 2725 2580 2780 adhibita
2624 2725 2696 2781 sit
2723 2744 2737 2780 :
2769 2726 3001 2798 diligens
3030 2727 3298 2798 siquidem
3334 2731 3646 2787 observatio

2061 2816 2326 2872 sublimes
2357 2815 2425 2872 iis
2456 2816 2816 2887 cogitationes
2839 2817 3315 2887 subministrabit,
3345 2822 3439 2891 qui
3475 2841 3495 2875 ι
3530 2825 3645 2898 spi-

2060 2905 2354 2960 ritualibus
2373 2905 2679 2975 spiritualia
2701 2921 3024 2976 comparare
3049 2909 3094 2940 ⁵⁷
3129 2927 3148 2961 ι
3173 2910 3380 2977 sciunt,
3419 2922 3472 2968 et
3511 2929 3642 2984 pro--

2063 3007 2248 3066 pterea
2281 3016 2299 3050 ι
2331 2999 2630 3068 loquuntur
2645 3014 2752 3053 non
2785 2999 2839 3054 in
2879 3001 3055 3056 doctis
3091 3003 3344 3059 humanae
3368 3005 3646 3076 sapientiae

363 3095 440 3148 ἄν
470 3111 555 3158 τις
587 3097 1006 3170 περιεργότερον
1040 3096 1157 3162 τοῦ,
1223 3117 1240 3149 ι
1270 3097 1534 3162 ἐτέλεσεν,
1558 3118 1575 3150 ι
1610 3100 1842 3165 ἀκούων,
1869 3119 1952 3156 τε·

2059 3089 2260 3153 verbis,
2285 3090 2378 3145 sed
2403 3090 2456 3143 in
2483 3089 2730 3144 doctrina
2763 3091 3009 3160 spiritus.
3056 3111 3074 3144 ι
3105 3093 3176 3148 At
3198 3094 3342 3150 alius
3369 3097 3642 3168 quispiam

371 3186 647 3255 ταγμένου
702 3188 934 3241 ἐπὶτῶν
987 3190 1439 3261 μυστικωτέρων,
1490 3189 1627 3245 καθὸ
1656 3193 1685 3245 6
1741 3193 1842 3263 μέν
1871 3210 1956 3258 τις

372 3278 658 3350 παρέδωκε
686 3282 797 3343 τοῖς
823 3279 1158 3352 ὑποχειρίοις
1185 3282 1459 3352 μυστήρια
1489 3282 1585 3336 καὶ
1610 3282 1832 3348 τελετάς
1857 3286 1957 3340 οὐκ

369 3370 694 3434 ἐπαινετῶςο
725 3373 754 3425 6
779 3370 837 3423 δέ
889 3388 975 3432 τις
1004 3373 1279 3444 μυστήρια
1309 3372 1444 3426 Θεοῦ
1481 3375 1593 3438 τοῖς
1619 3374 1810 3442 ἀξίοις.
1862 3377 1958 3430 καὶ

364 3461 634 3530 ἀνάλογον
661 3463 773 3525 τοῖς
826 3459 1088 3525 τοιούτοις
1147 3463 1466 3534 μυστηρίοις
1498 3463 1740 3529 τελετὰς,
1787 3463 1952 3531 εἴποι,

369 3553 451 3606 ὃτι
475 3553 700 3622 τελετὴν
733 3551 961 3623 ἐποίησε
1015 3552 1232 3624 μυήσας
1288 3553 1506 3618 αὐτοὺς,
1553 3553 1706 3625 δι’ἢν
1735 3555 1956 3627 τελετὴν

369 3645 716 3718 ἀνεφάνησαν
731 3646 780 3697 οί
804 3643 951 3713 λόγοι
981 3643 1216 3709 δυνατοὶ,
1233 3643 1309 3708 ὡς
1339 3644 1680 3716 κηρυχθῆναι
1701 3646 1764 3699 τὸ
1778 3647 1956 3716 Εὐαγ-

369 3737 548 3806 γέλιον
589 3737 764 3811 Ἰησοῦ
819 3739 876 3790 ὲν
930 3737 1037 3807 ὅλῳ
1068 3736 1147 3806 τῷ
1195 3737 1407 3808 κόσμῳ,
1444 3739 1539 3790 καὶ
1569 3739 1838 3810 κρατῆσαι
1868 3739 1956 3794 διὰ

365 3830 470 3900 τὴν
502 3829 651 3881 Θείαν
695 3828 916 3898 τελετὴν
967 3827 1148 3897 πάσης
1177 3827 1376 3899 ψυχῆς,
1406 3827 1472 3900 ἣν
1512 3828 1658 3882 ἕλκει
1693 3832 1722 3884 6
1766 3831 1956 3904 Πατὴρ

369 3921 509 3991 πρὸς
534 3921 627 3974 τὸν
662 3919 790 3973 Υἰδν
816 3918 956 3972 κατά
994 3919 1056 3972 τὸ
1089 3917 1379 3990 εἰρημένον
1411 3919 1516 3972 ὑπὸ
1543 3919 1640 3974 τοῦ
1679 3921 1950 3995 Σωτῆρος·

375 4031 394 4062 ι
423 4011 615 4074 Ὀὐδεὶς
649 4010 866 4082 ἔρχεται
903 4008 1042 4080 πρὸς
1081 4009 1170 4079 μὲ,
1212 4007 1308 4061 ἐὰν
1363 4008 1436 4080 μὴ
1478 4011 1506 4064 6
1541 4010 1730 4083 Πατὴρ
1761 4015 1788 4067 6
1821 4015 1955 4084 πέμ-

371 4103 477 4175 ψας
513 4121 579 4174 με
616 4101 818 4173 ἑλκύσῃ
841 4101 1061 4154 αὐτόν.»
1089 4100 1188 4154 Διά
1214 4100 1371 4154 τοῦτο
1402 4101 1457 4154 δὲ
1487 4103 1582 4156 καὶ
1612 4106 1640 4158 6
1667 4103 1822 4172 λόγος
1844 4104 1953 4158 τῶν

371 4191 705 4267 χάριτιΘεοῦ
733 4190 1142 4259 πρεσϐευόντων
1173 4189 1230 4244 τὸ
1266 4189 1616 4259 Εὑαγγέλιον,
1647 4192 1817 4244 καὶτὸ
1849 4193 1951 4262 κή-

373 4305 558 4362 ρυγμα
612 4285 813 4351 αὐτῶν,
877 4305 896 4337 ι
923 4286 1023 4337 οὐκ
1071 4285 1129 4336 ἐν
1186 4283 1362 4335 πειθοί
1407 4283 1598 4352 σοφίας
1647 4284 1837 4352 γέγονε
1865 4282 1952 4336 λό-

2060 3179 2322 3250 majorem
2376 3181 2643 3237 adhibens
2691 3181 3027 3253 diligentiam
3077 3185 3499 3256 interpretanda:
3524 3193 3645 3248 voci

2059 3271 2188 3326 huic
2239 3271 2526 3344 (ἐτέλεσεν)
2581 3291 2600 3326 ι
2649 3277 3082 3342 consummavit,
3119 3296 3137 3329 ι
3194 3293 3317 3349 quae
3363 3281 3527 3338 rebus
3577 3283 3646 3339 iis

2057 3361 2431 3431 signiﬁcandis
2461 3373 2794 3434 usurpatur,
2831 3365 3034 3434 quibus
3065 3367 3204 3422 inest
3236 3370 3412 3441 majus
3445 3381 3646 3443 myste-

2060 3453 2201 3508 rium
2227 3495 2242 3520 ,
2274 3454 2431 3524 juxta
2455 3455 2602 3525 quod
2635 3455 2680 3510 is
2709 3457 3649 3534 mysteriaetrekerdc(initiationes)

2059 3560 2167 3599 non
2214 3546 2559 3602 laudabiliter
2610 3547 2845 3603 subditis
2899 3549 3016 3604 suis
3062 3550 3357 3606 tradidisse
3403 3553 3639 3620 dicitur;

2060 3633 2150 3688 ille
2199 3645 2380 3688 autem
2435 3635 2616 3705 dignis
2663 3637 2921 3701 mysteria
2970 3637 3089 3703 Dei,
3139 3648 3192 3692 et
3237 3639 3412 3694 instar
3442 3650 3645 3713 myste-

2057 3721 2267 3776 riorum
2302 3723 2524 3784 τελετάς
2578 3722 2961 3795 (initiationes)
3002 3741 3016 3791 ;
3067 3727 3144 3790 is,
3194 3728 3466 3798 inquam,
3541 3747 3644 3786 θτεο

2055 3809 2217 3881 λετήν
2289 3811 2696 3880 (inittationem)
2726 3814 2924 3870 dixerit
2962 3816 3030 3870 ab
3079 3831 3146 3872 eo
3198 3817 3396 3873 factam
3446 3820 3641 3890 fuisse,

2057 3921 2184 3961 cum
2213 3919 2310 3960 eos
2341 3921 2499 3960 saera
2523 3905 2746 3973 docuit;
2773 3910 2929 3978 cujus
2957 3907 3277 3966 initiationis
3307 3927 3411 3982 ope
3439 3929 3644 3970 sermo-

2058 4011 2155 4053 nes
2204 3995 2337 4051 editi
2382 4005 2512 4052 sunt
2552 4012 2614 4052 ea
2665 3999 2867 4055 virtute
2911 4001 3157 4071 praediti,
3194 4012 3254 4057 ut
3300 4005 3640 4077 evangelium

2054 4086 2184 4144 Jesu
2219 4104 2314 4158 per
2342 4090 2659 4146 universum
2691 4091 2878 4147 orbem
2929 4092 3091 4149 luerit
3127 4096 3556 4168 promulgatum,
3588 4110 3646 4157 et

2055 4195 2152 4249 per
2183 4179 2424 4234 divinam
2455 4179 2821 4236 initiationem
2858 4197 3075 4238 omnem
3119 4185 3358 4241 animam
3390 4203 3638 4261 compre-

2055 4270 2339 4338 henderit,
2390 4287 2555 4343 quam
2603 4271 2764 4327 Pater
2813 4275 2980 4330 trahit
3025 4276 3092 4330 ad
3119 4275 3353 4345 Filium,
3392 4281 3548 4350 juxta
3583 4283 3636 4338 id

369 4379 638 4451 γωνίῖ9),
669 4379 785 4433 ἀλλ’
825 4379 882 4430 ἐν
931 4374 1201 4440 ἀποδείξει
1253 4373 1560 4446 πνεύματος
1609 4375 1944 4446 δυνάμεως,›

2059 4365 2200 4432 quod
2243 4379 2274 4419 a
2308 4365 2598 4421 Servatore
2645 4367 2908 4437 scriptum
2939 4378 3065 4424 est:
3102 4389 3120 4422 ι
3159 4371 3351 4428 Nullus
3383 4375 3529 4430 venit
3573 4378 3642 4430 ad

363 4459 1138 4539 οῗςὲτελὲσθησινοὶλόγοιτοῦ
1213 4461 1388 4535 Ἰησοῦ
1440 4462 1538 4534 τῆς
1584 4461 1948 4526 διδασκαλίας.

370 4563 482 4617 Καὶ
507 4564 572 4616 σὺ
607 4562 706 4632 μὲν
759 4555 852 4613 οὖν
904 4556 1165 4628 τηρήσεις
1200 4556 1390 4619 όσάκις
1432 4553 1646 4626 εἴρηται
1667 4555 1746 4620 τὸ,
1789 4574 1806 4607 ι
1833 4553 1950 4608 ὲτέ-

367 4653 548 4715 λεσε,›
580 4653 674 4704 καὶ
703 4651 795 4704 ἐπὶ
824 4649 953 4702 τίσι’
985 4646 1130 4718 λήψῃ
1163 4647 1220 4700 δὲ
1246 4647 1595 4719 παρῶειγμα
1623 4647 1686 4701 τὸ
1723 4647 1817 4700 ἐπὶ
1840 4650 1952 4711 τοῖς

372 4745 760 4815 μακαρισμοῖς,
787 4742 880 4795 καὶ
906 4741 1001 4814 ὅλῃ
1019 4743 1086 4810 τῇ
1107 4739 1423 4811 διδασκαλίᾳ
1444 4739 1787 4811 λελεγμένοις
1815 4739 1951 4811 (50),

368 4831 451 4900 οἷς
495 4835 832 4908 ἐπιφέρεται·
877 4855 893 4885 ι
919 4834 1028 4887 Καὶ
1078 4832 1290 4903 ἐγένετο
1330 4834 1419 4887 ὅτε
1465 4833 1711 4886 ἐτέλεσεν
1773 4835 1801 4887 ό
1846 4833 1953 4904 ’1η-

2058 4473 2176 4525 me,
2223 4458 2327 4514 nisi
2361 4457 2524 4513 Pater
2563 4459 2654 4529 qui
2685 4459 2834 4515 misit
2866 4475 2986 4526 me,
3017 4463 3243 4518 traxerit
3273 4481 3398 4520 eum
3420 4465 3468 4498 ⁸³
3491 4508 3506 4534 ,
3541 4485 3559 4520 ι
3591 4478 3645 4523 rt

2059 4551 2262 4608 idcirco
2290 4567 2480 4607 eorum
2513 4567 2697 4608 sermo
2745 4553 2838 4624 qui
2888 4554 2953 4610 ad
2987 4557 3445 4627 promulgandum
3478 4575 3645 4616 evan-

2058 4647 2260 4717 gelium
2309 4644 2405 4700 Dei
2448 4645 2622 4716 gratia
2649 4645 2808 4717 legati
2842 4655 3003 4712 sunt,
3052 4658 3106 4703 ct
3137 4649 3452 4719 praedicatio
3479 4669 3500 4704 ι
3534 4667 3641 4706 nou

2058 4741 2113 4794 in
2164 4739 2618 4810 persuasibilibus
2670 4740 2950 4810 sapientia:
2985 4741 3198 4808 verbis,
3240 4743 3332 4797 sed
3372 4744 3424 4798 in
3461 4753 3639 4800 osleuo

2058 4832 2215 4888 sione
2262 4831 2490 4901 spiritus
2518 4841 2572 4886 et
2603 4831 2819 4888 virtutis
2840 4832 2884 4863 ⁸³
2905 4874 2920 4900 ,
2957 4851 2974 4884 ι
3025 4834 3090 4888 ad
3122 4850 3217 4890 cus
3242 4837 3381 4891 facta
3411 4846 3528 4901 est,
3576 4839 3642 4892 a-l

1568 4945 1800 5001 VETUS
1840 4941 2420 4998 l-NTERPRETATIO.

368 5051 495 5121 quia
531 5053 686 5120 pejus
712 5064 847 5122 eum
873 5056 1185 5122 oportuerat
1213 5043 1341 5122 pati,
1373 5050 1590 5122 propter
1621 5041 1882 5122 malitam
1917 5056 2072 5122 suam
2101 5039 2356 5122 traditum
2385 5037 2706 5102 tortoribus,
2734 5038 2906 5122 donec
2934 5037 3178 5094 redderet
3212 5055 3373 5096 omne
3400 5040 3642 5096 debitum

373 5110 550 5176 t'ortus
575 5110 648 5177 ab
675 5121 774 5175 eis.
814 5110 924 5186 Qui
947 5127 1129 5171 autem
1162 5110 1294 5170 sunt
1326 5110 1414 5168 isti
1449 5110 1708 5176 tortores,
1734 5111 1826 5181 qui
1859 5111 2140 5166 constituti
2177 5119 2306 5165 sunt
2333 5125 2498 5179 super
2528 5110 2758 5180 ptenas?

440 5241 486 5272 “
516 5239 704 5295 Matth.
741 5255 851 5300 xix,
884 5238 931 5290 ιι.
1012 5235 1058 5267 ⁸³
1090 5232 1220 5288 ibid.
1265 5232 1316 5286 l.
1393 5229 1440 5261 “
1469 5227 1659 5284 Matth.
1709 5244 1760 5296 v,
1829 5228 1919 5283 55.

2076 5227 2245 5283 Marc.
2290 5230 2536 5301 xtv,59.t
2577 5223 2612 5256 “
2645 5225 2778 5283 Luc.
2835 5241 2948 5286 xxi.
2992 5223 3082 5279 ‘22.
3163 5226 3206 5258 ιτ
3247 5225 3419 5281 lCor.
3452 5241 3510 5293 ιι,
3554 5225 3640 5279 15.

371 5309 416 5344 ’⁸
439 5308 598 5365 Joan.
635 5327 711 5376 vr,
747 5309 888 5364 ΗΡ
926 5308 946 5360 ι
993 5305 1202 5370 Comi,
1229 5302 1283 5356 4.

464 5423 554 5489 26)
584 5425 840 5492 Μάγους.
866 5422 1008 5490 Lege
1037 5419 1215 5492 μόνος.

462 5486 552 5564 ‘27)
585 5495 764 5548 Codex
795 5486 1011 5564 Regius,
1039 5486 1392 5564 συνεξετάζῃ.

465 5559 555 5634 28)
591 5559 947 5634 Εἱρημένῶν.
983 5561 1124 5634 Lege.
1147 5559 1455 5634 εἰρημένον.

442 5625 816 5710 esurire
859 5625 1322 5710 πειροῖσοεειάς
1354 5626 1576 5710 τοιοριε.
1617 5625 1834 5710 φάλτιηε
1871 5625 1949 5710 te

369 5696 629 5763 coddfl‘t.
666 5714 719 5758 et
747 5703 836 5767 11.,
863 5713 916 5758 at
950 5703 965 5755 1
1011 5701 1136 5756 Cor.
1173 5696 1232 5763 it,
1272 5699 1326 5763 4,
1361 5696 1440 5752 Sic
1490 5696 1716 5767 habetur
1753 5713 1766 5767 ζ
1795 5696 1899 5767 Καὶ
1923 5697 1950 5747 ό

370 5777 522 5846 λόγος
547 5793 668 5847 μου,
698 5777 787 5828 καὶ
811 5765 869 5828 τὸ
900 5772 1160 5844 κήρυγμά
1186 5789 1286 5842 μου
1309 5769 1407 5822 οὐκ
1435 5769 1491 5821 ἐν
1514 5765 1718 5830 πειθοῖς
1748 5765 1952 5836 ἀνορω-

439 5424 462 5643 3

2057 5411 2220 5481 πίνης
2257 5409 2446 5481 σοφίας
2463 5409 2663 5478 λόγοις,
2698 5407 2812 5460 ἀλλ’
2843 5409 2900 5460 ἐν
2933 5406 3202 5472 ἀποδείξει
3225 5405 3634 5478 πνεύματοςκαὶ

2059 5455 2656 5566 έτλθέεεεξίῑίιίέῖιῖίε

2133 5545 2241 5673 (362
2283 5551 2394 5605 Καὶ
2421 5550 2538 5618 ὅλῃ
2571 5547 2643 5617 τῇ
2681 5547 3045 5613 διδασκαῖίᾳ
3089 5545 3492 5616 λελεγμένοις.
3545 5547 3646 5601 (Zo-

2133 5641 2158 5673 x
2195 5619 2397 5673 lenius
2427 5621 2506 5673 τῶ
2535 5619 2702 5673 ληστῆ
2751 5618 3064 5671 διδασκαλία
3120 5617 3482 5673 λελεγμένοις.
3515 5629 3642 5673 uer-

2057 5617 2158 5677 (1οὲ
2195 5617 2397 5693 Regius
2427 5621 2506 5689 τῷ
2535 5619 2704 5693 λῃστῇ
2751 5618 3092 5693 διδασκαλία
3120 5617 3482 5693 λελεγμένοις,
3515 5629 3642 5686 per.

2059 5675 2442 5764 perantioltége,
2468 5675 2704 5762 ἑαϊδλτῖ
2720 5692 2782 5761 τῇ
2816 5675 3131 5760 διδασκαλία
3156 5675 3496 5759 λελεγμένον.
