4032 6308
257 468 402 524 1229

1197 456 1560 520 COMMENT.
1596 464 1664 518 ΙΝ
1703 463 2116 519 "ATTILEUM
2159 453 2394 519 TOMUS
2433 453 2572 518 XIV.

3370 470 3508 526 1230

253 588 384 642 δπεὶ
422 584 530 641 ἔδει
583 583 860 656 τηρεῖσθαι
895 581 970 650 τῷ
1030 581 1354 654 κολλωμένῳ
1384 583 1504 653 Θεῷ
1559 584 1637 654 τῷ
1684 584 1824 654 γενέ-

1931 582 2044 651 jam
2081 596 2185 635 non
2216 591 2343 637 sunt
2377 583 2486 636 duo
2511 583 2577 648 ⁷⁸,
2627 603 2644 633 ι
2705 593 2756 636 rt
2801 585 3112 652 ubicunque
3152 585 3366 638 tandem
3407 586 3506 641 viri

255 679 387 734 σθαι
421 679 530 750 (39)
563 676 720 730 αὑτὸν
743 673 878 744 πρὸς
907 673 1068 726 αὑτὸν
1117 672 1175 724 ἓν
1209 672 1444 743 πνεῦμα,
1473 673 1720 728 λέλεκται
1743 675 1834 727 ἐπὶ

251 770 366 822 τῶν
431 768 536 822 ὑπὸ
594 765 728 818 Θεοῦ
781 765 1220 834 συνεζευγμένων
1278 764 1417 834 μετὰ
1465 765 1559 818 τό·
1612 784 1630 815 ι
1670 767 1832 819 Ὥστε

253 859 443 914 οὐκέτι
475 858 577 910 εἰσὶ
624 855 772 920 δύο,ι
811 856 910 913 ,τό-
979 875 996 906 ι
1057 855 1216 908 Ἀλλά
1275 854 1410 926 σάρξ
1459 852 1608 926 μία.»
1653 857 1766 908 Καὶ
1804 838 1864 908 δ’

248 949 388 1012 Θεός
419 953 565 1002 ἐστιν
611 949 640 1000 6
692 947 955 1012 συζεύξας
1005 945 1072 999 τά
1116 947 1209 999 δύο
1258 949 1337 1010 εἰς
1391 947 1470 1010 ἓν,
1512 946 1599 1000 ἵνα
1639 946 1832 1017 μηκέτι

245 1033 353 1091 ὦσι
411 1038 505 1091 δύο
558 1041 684 1108 παρ’
723 1029 784 1090 οὗ
819 1037 1114 1108 ἁρμόζεται
1153 1038 1305 1109 ἀνδρὶ
1346 1039 1514 1108 γυνή’
1573 1038 1666 1092 καὶ
1711 1038 1834 1091 ἐπεὶ

244 1133 276 1182 6
354 1129 491 1194 Θεὸς
534 1127 857 1194 συνέζευξε,
926 1127 1014 1182 διά
1068 1128 1226 1180 τοῦτο
1283 1129 1530 1200 χάρισμά
1587 1132 1732 1183 ἐστιν
1774 1131 1832 1182 ἐν

245 1221 360 1281 τοῖς
403 1217 510 1270 ὑπὸ
554 1217 689 1270 Θεοῦ
725 1216 1187 1287 συνεζευγμένοις,
1225 1217 1360 1289 ὅπερ
1403 1219 1432 1270 6
1463 1217 1673 1282 Παῦλος
1715 1221 1832 1272 ἐπιε-

247 1309 541 1379 στάμενος,
595 1308 791 1378 ὲπίσης
820 1307 896 1377 τῷ
937 1304 1076 1360 εἶναι
1117 1308 1215 1378 τὴν
1242 1307 1410 1378 ἁγνὴν
1453 1309 1692 1379 ἀγαμίαν
1732 1309 1830 1378 χά-

248 1399 430 1469 ρισμά
471 1417 602 1469 φησι
644 1397 853 1452 καὶτὸν
898 1398 1067 1466 κατά]
1089 1399 1259 1466 Λόγον
1304 1398 1438 1452 Θεοῦ
1479 1400 1654 1470 γάμον
1692 1395 1830 1452 εἶναι

244 1491 518 1562 χάρισμα,
540 1492 760 1558 φάσκων
776 1505 791 1521 ο
825 1508 842 1542 ι
878 1489 1027 1542 Θέλω
1042 1490 1100 1541 δὲ
1125 1489 1332 1553 πάντας
1352 1489 1670 1562 ἀνθρώπους
1693 1487 1830 1544 εἶναι

243 1580 325 1642 ὡς
351 1580 609 1650 ἐμαυτὸν,
633 1579 746 1632 ἀλλ’
773 1580 1000 1643 ἕκαστος
1029 1579 1159 1631 [διον
1188 1579 1298 1650 ἔχει
1321 1581 1565 1651 χάρισμα
1590 1583 1654 1634 ὲκ
1672 1580 1828 1647 Θεοῦ,

244 1669 306 1730 ὃς
339 1669 440 1738 μὲν
468 1667 658 1731 οὕτως,
678 1667 736 1731 ὃς
761 1667 818 1719 δὲ
841 1667 1030 1733 οὕτως.
1062 1687 1080 1718 ›
1111 1669 1174 1721 Οί
1203 1652 1390 1722 δὲ’ύπὸ
1418 1669 1552 1722 Θεοῦ
1583 1668 1831 1734 συνεζευ-

245 1760 444 1830 γμένοι
489 1760 578 1812 καὶ
629 1758 880 1829 φρονοῦσι
927 1761 1021 1812 καὶ
1070 1759 1281 1813 ποιοῦσι
1318 1759 1413 1813 τό·
1456 1778 1473 1811 ι
1529 1759 1826 1832 Οίᾶνδρες,

245 1854 502 1920 ἀγαπᾶτε
529 1851 630 1915 τὰς
660 1841 942 1921 γυναῖκας,
988 1853 1064 1916 ὡς
1101 1853 1195 1905 καὶ
1237 1853 1266 1906 6
1308 1853 1542 1924 Χριστὸς
1568 1852 1665 1923 τὴν
1710 1853 1830 1905 Ἐκ-

1940 688 2064 728 οιιιη
2130 687 2301 726 uxore
2361 681 2545 726 mutua
2607 682 2693 726 est
2746 675 3037 728 concordia
3099 683 3152 727 et
3194 678 3508 743 consensio,

1942 763 2108 832 hujus
2151 762 2367 832 quidem
2418 772 2677 832 tanquam
2706 763 2936 827 domini,
2972 763 3114 816 illius
3142 778 3271 818 vero
3302 779 3509 834 praece-

1941 863 2030 922 pto
2061 854 2186 908 huic
2211 855 2668 922 obtemperantis:
2702 873 2718 906 ‹
2749 854 2868 923 Ipse
2897 854 3266 908 dominabitur
3301 856 3377 909 tui
3402 855 3502 918 τ’.»

1941 959 2066 999 vere
2095 944 2162 999 de
2190 945 2297 999 illis
2323 945 2505 1000 dicere
2546 945 2675 1000 licet
2700 961 2712 996 :
2747 963 2765 995 ι
2793 943 2912 998 Jam
2959 960 3066 999 non
3102 954 3229 999 sunt
3256 944 3366 998 duo
3385 945 3454 1000 ⁸⁸.
3484 964 3505 998 ι

1940 1033 2144 1088 Deinde
2187 1035 2443 1104 quoniam
2491 1035 2542 1090 id
2583 1036 2632 1090 ei
2679 1037 3063 1091 reservandum
3104 1045 3222 1091 erat
3266 1039 3360 1107 qui
3397 1037 3509 1092 Deo

1940 1121 2201 1186 adhaeret,
2235 1139 2402 1176 unum
2439 1123 2688 1192 spiritum
2717 1140 2840 1177 cum
2882 1139 2948 1178 eo
2975 1123 3110 1178 elliei
3133 1125 3200 1189 δι,
3239 1134 3363 1195 post
3393 1126 3508 1181 hate

1939 1212 2102 1266 verba
2131 1230 2144 1266 :
2187 1231 2204 1264 ι
2234 1215 2422 1282 Itaque
2456 1213 2570 1284 jam
2618 1231 2726 1269 non
2763 1227 2891 1270 sunt
2924 1215 3052 1279 duo,
3083 1235 3102 1267 ι
3151 1217 3265 1272 haec
3306 1217 3501 1272 etiam:

1946 1321 1964 1354 ι
1987 1301 2092 1357 Sed
2114 1318 2242 1358 caro
2263 1319 2371 1358 una
2391 1305 2459 1370 ⁸³,
2495 1324 2512 1357 ι
2544 1305 2612 1359 de
2632 1305 2700 1359 iis
2721 1306 2863 1360 dicta
2889 1315 3018 1360 sunt
3035 1307 3130 1375 qui
3162 1322 3194 1360 a
3220 1306 3331 1362 Deo
3356 1306 3507 1363 fuere

1937 1393 2234 1462 conjuncti.
2259 1396 2334 1450 Ae
2354 1395 2520 1465 639
2548 1394 2688 1451 Deus
2717 1397 2936 1465 quidem
2981 1398 3028 1452 is
3063 1405 3146 1452 est
3185 1399 3276 1467 qui
3310 1399 3419 1453 duo
3449 1399 3505 1452 in

1938 1500 2107 1539 unum
2131 1486 2419 1555 compegit,
2449 1494 2508 1539 ut
2529 1501 2594 1540 ex
2618 1500 2728 1555 quo
2771 1487 2966 1540 mulier
3014 1489 3130 1541 \‘iro
3170 1489 3373 1558 nupsit,
3398 1489 3506 1543 duo

1939 1577 2170 1645 amplius
2195 1591 2299 1629 non
2340 1577 2477 1641 sint;
2506 1577 2841 1645 etquoniam
2877 1577 3277 1646 conjunctionis
3317 1590 3508 1634 auctor

1937 1675 2019 1720 est
2040 1666 2202 1732 Deus,
2239 1677 2520 1737 propterea
2563 1669 2629 1722 iis
2676 1669 2816 1723 inest
2859 1669 3033 1738 gratia
3066 1671 3159 1739 qui
3190 1670 3351 1725 aDeo
3371 1687 3509 1725 cono

1933 1757 2107 1825 juncti
2131 1767 2294 1824 sunt;
2333 1762 2476 1828 quod
2513 1775 2620 1812 non
2654 1759 2909 1830 ignorans
2939 1759 3142 1815 Paulus
3171 1761 3505 1816 connubium

1939 1848 2118 1904 Verbo
2149 1849 2242 1904 Dei
2282 1860 2705 1905 consentaneum
2742 1854 2972 1920 gratiam
3013 1869 3134 1908 esse
3165 1855 3505 1924 pronuntiat,

245 1946 533 2016 κλησίαν.»
555 1946 611 1997 Ὀ
636 1944 733 2014 μὲν
761 1938 854 1997 οὖν
872 1943 1062 2014 Σωτὴρ
1091 1943 1392 1996 ἐνετείλατο
1413 1943 1546 2012 (40),
1566 1943 1660 1996 ἴνί
1696 1943 1824 2013 ὅπερ

1933 1940 2389 2008 quemadmodum
2423 1951 2605 1996 castus
2632 1943 2909 1997 caelibatus
2933 1945 3102 2012 gratia
3128 1953 3230 2009 est;
3257 1945 3339 1999 sic
3358 1943 3505 1999 enim

241 2038 273 2087 6
299 2035 436 2097 Θεὸς
460 2032 792 2096 συνέζευξεν,
809 2031 1090 2102 ἄνθρωπος
1110 2032 1182 2101 μὴ
1203 2030 1411 2102 χωρίζῃ
1432 2047 1444 2059 ·
1471 2030 1752 2100 ἅνθρωπος
1772 2029 1828 2082 δὲ

243 2125 498 2196 χωρίζειν
527 2121 821 2193 βούλεταιὸ
840 2121 1016 2185 ὁΘεὸς
1051 2120 1384 2185 συνέζευξεν,
1416 2122 1504 2174 ὅτε
1541 2140 1559 2171 ι
1584 2121 1828 2184 ἀποστὰς

244 2215 348 2283 τῆς
373 2214 560 2282 ὑγιοῦς
586 2214 840 2276 πίστεως,
872 2212 1150 2282 προσέχων
1172 2211 1444 2281 πνεύμασι
1480 2211 1688 2281 πλάνης
1715 2211 1826 2280 (ll)

244 2305 344 2358 καὶ
361 2305 731 2368 διδασκαλίαις
744 2303 1033 2372 δαιμονίων
1063 2304 1122 2354 ὲν
1153 2302 1437 2370 ὑποκρίσει
1466 2301 1822 2371 ψευδολόγων,

243 2391 799 2465 κεκαυτηριασμένων
835 2391 932 2462 τὴν
995 2389 1128 2443 ἰδίαν
1187 2391 1522 2458 συνείδησιν,
1590 2389 1823 2442 κωλυόν-

242 2503 355 2539 των
395 2506 412 2537 ι
433 2489 491 2540 ού
525 2483 804 2558 πορνεύειν
835 2483 990 2554 μόνον
1011 2481 1142 2550 (49),
1174 2479 1308 2533 ἀλλὰ
1349 2480 1444 2533 καὶ
1477 2499 1498 2530 ι
1543 2483 1761 2549 γαμεῖν,
1798 2499 1816 2530 ι

241 2575 452 2629 διαλύει
496 2577 589 2629 καὶ
618 2576 742 2638 τοὺς
770 2572 1079 2643 φθάσαντας
1114 2574 1181 2642 τῇ
1218 2570 1444 2640 προνοίᾳ
1471 2569 1822 2640 συνεζεῦχθαι

239 2667 339 2720 τοῦ
367 2667 522 2720 Θεοῦ.
557 2665 740 2718 Ταῦτα
771 2666 868 2735 μὲν
901 2660 994 2717 οὖν
1025 2661 1372 2732 τηρουμένων
1397 2659 1507 2714 τῶν
1542 2659 1720 2730 ῥητῶν
1744 2662 1824 2724 είς

239 2757 316 2812 τὰ
340 2757 472 2828 περ)⁸
497 2758 744 2829 άρῤενος,
777 2756 868 2809 καὶ
901 2753 1118 2825 Θήλεος,
1153 2753 1246 2804 καὶ
1274 2751 1485 2822 ἀνδρὸς,
1517 2751 1610 2804 καὶ
1645 2767 1825 2819 γυναι-

241 2849 362 2910 κὸς,
412 2848 489 2910 ὡς
530 2846 764 2910 ἐδίδαξεν
803 2849 832 2899 6
872 2845 1062 2915 Σωτὴρ
1110 2845 1167 2896 ὲν
1212 2845 1276 2913 τῇ
1321 2842 1458 2913 πρὸς
1505 2841 1630 2904 τοὺς
1668 2843 1824 2914 Φαρι-

246 2938 437 3000 σαίους
473 2937 783 3008 ἀποκρίσει,
825 2933 1080 3005 λελέχθω.

1929 2031 2037 2084 ait:
2064 2050 2081 2082 ι
2111 2030 2248 2086 Volo
2284 2047 2474 2087 omnes
2505 2031 2751 2086 homines
2774 2049 2895 2088 esse
2919 2035 3058 2088 sicut
3087 2035 3374 2104 meipsum,
3407 2037 3506 2091 sed

1929 2121 2307 2190 unusquisque
2335 2122 2613 2190 proprium
2657 2122 2858 2176 donum
2896 2123 3056 2178 habet
3098 2140 3164 2179 ex
3201 2125 3329 2190 Deo,
3365 2127 3507 2182 alius

1928 2212 2147 2280 quidem
2189 2213 2288 2275 sic,
2339 2213 2480 2266 alius
2527 2229 2654 2266 vero
2687 2214 2767 2268 sic
2813 2214 2878 2268 ⁸³.
2914 2233 2932 2265 ι
2964 2213 3065 2280 Qui
3115 2224 3294 2270 autem
3330 2233 3361 2271 a
3396 2217 3506 2272 Deo

1925 2301 2204 2370 conjuncti
2230 2312 2360 2356 sunt
2387 2301 2443 2356 id
2477 2303 2718 2358 sentiunt
2743 2314 2797 2358 et
2820 2304 3025 2358 faciunt
3049 2323 3066 2359 :
3093 2324 3116 2356 ι
3135 2305 3272 2370 Viri,
3296 2308 3504 2378 diligite

1929 2409 2128 2448 uxores
2181 2401 2430 2457 vestras,
2489 2394 2628 2448 sicut
2679 2404 2732 2448 et
2779 2396 3026 2450 Christus
3079 2396 3266 2450 dilexit
3313 2395 3503 2453 Eccle-

1929 2485 2068 2538 siam
2103 2484 2170 2538 ⁸⁸.
2204 2503 2224 2535 ι
2281 2483 2559 2538 Sancitum
2609 2486 2825 2555 quidem
2875 2503 2908 2541 a
2957 2486 3246 2544 Serratore
3282 2498 3395 2554 est,
3446 2504 3506 2544 ut

1931 2592 1953 2626 ·‹
1993 2575 2140 2644 quod
2187 2573 2328 2629 Deus
2368 2575 2669 2645 conjunxit,
2720 2577 2882 2632 homo
2916 2593 3023 2632 non
3072 2587 3285 2650 separet
3303 2579 3370 2648 ⁸⁶;
3399 2598 3420 2633 ι
3449 2593 3504 2634 at

1931 2681 2186 2736 separare
2227 2668 2342 2721 vult
2387 2669 2551 2722 homo
2593 2669 2738 2738 quod
2790 2685 2819 2722 a
2854 2669 2961 2724 Deo
3001 2672 3352 2740 conjunctum
3395 2682 3500 2738 est,

1930 2758 2150 2826 quando
2189 2775 2210 2808 ‹
2239 2757 2521 2814 discedens
2550 2775 2579 2814 a
2611 2776 2741 2814 sana
2767 2762 2888 2826 tide,
2908 2764 3190 2818 attendens
3219 2764 3504 2833 spiritibus

1929 2845 2153 2912 erroris,
2187 2854 2241 2900 et
2277 2847 2538 2902 doctrinis
2569 2849 2962 2904 dmmoniorum
3012 2852 3063 2906 in
3102 2852 3372 2923 hypocrisi
3413 2853 3501 2907 lo-

1927 2938 2210 3004 quentium
2261 2939 2624 3006 mendacium,
2672 2950 2725 2994 et
2776 2943 3127 2996 cauteriatam
3184 2943 3499 2998 habentium

240 3046 402 3084 suam
454 3029 861 3092 conseientiam,
899 3026 1298 3098 prohibentium
1349 3045 1365 3076 ι
1407 3041 1511 3080 non
1552 3025 1808 3082 fornicari
1850 3031 2244 3095 tantummodo,
2303 3031 2398 3085 sed
2440 3032 2600 3085 etiam
2653 3051 2671 3084 ι
2730 3034 2932 3088 nubere
2954 3033 3062 3100 ⁸⁸,ι
3107 3049 3202 3090 eos
3252 3034 3504 3089 dissolvit

239 3123 338 3193 qui
372 3129 530 3175 antea
565 3119 659 3173 Dei
704 3131 836 3172 nutu
888 3117 1104 3171 fuerant
1141 3115 1439 3184 conjuncti.
1477 3115 1600 3170 Haec
1636 3115 1816 3187 itaque
1852 3118 1994 3174 dicta
2039 3121 2168 3184 sint‘,
2206 3121 2273 3176 iis
2326 3122 2627 3178 observatis
2675 3140 2796 3193 qu:c
2838 3125 2905 3178 de
2943 3141 3112 3191 mare,
3170 3134 3223 3180 et
3276 3125 3495 3190 femina,

240 3224 298 3269 et
364 3215 515 3275 \‘il’O,
570 3219 623 3268 et
671 3213 897 3266 muliere
940 3210 1139 3280 scripta
1187 3217 1348 3274 sunt,
1396 3210 1546 3280 juxta
1594 3211 1843 3267 traditam
1908 3229 1939 3268 a
1995 3214 2284 3270 Servatore
2335 3217 2670 3286 doctrinam,
2727 3233 2850 3273 eum
2911 3219 3200 3275 Pharisaeis
3271 3235 3500 3292 respon-

240 3310 412 3364 deret.

327 3405 478 3456 Ἐπεὶ⁸
507 3403 562 3455 δὲ
596 3405 624 3456 6
651 3399 966 3463 ’Δπόστολος
998 3401 1077 3464 είς
1100 3400 1190 3453 τὸν
1218 3397 1448 3472 Χριστὸν
1491 3400 1820 3472 ἐκλαμϐάνει
1848 3413 1890 3468 c

242 3496 336 3549 καὶ
373 3493 471 3565 τὴν
526 3493 846 3563 Ἐκκλησίαν
893 3492 985 3545 τόδ
1037 3511 1055 3545 ι
1111 3492 1220 3546 Καὶ
1253 3491 1465 3545 ἔσονται
1501 3495 1551 3544 οἱ
1594 3493 1687 3546 δύο
1737 3495 1816 3556 είς

243 3587 423 3658 σάρκα
452 3585 597 3654 μίαν,
613 3580 884 3647 »λεκτέον,
900 3586 981 3638 ὅτι
997 3582 1097 3636 οὑκ
1125 3583 1393 3636 ἀπέλυσεν
1415 3585 1443 3635 6
1462 3583 1694 3652 Χριστὸς
1715 3584 1815 3655 τὴν

240 3677 532 3748 προτέραν,
581 3676 646 3727 ἵν’
690 3674 862 3736 οὕτως
909 3673 1180 3741 ὀνομάσω,
1221 3675 1451 3740 γυναῖκα
1489 3673 1674 3736 αὐτοῦ,
1719 3673 1815 3744 τὴν

238 3769 513 3838 προτέραν
551 3765 870 3834 συναγωγὴν
915 3765 1032 3815 κατ’
1066 3758 1230 3832 ἄλλην
1266 3758 1467 3827 αἰτίαν,
1497 3762 1680 3835 τηρῶν
1722 3764 1811 3816 τό*

193 3871 206 3885 “
243 3878 259 3908 ι
294 3858 400 3921 Οὓς
424 3858 612 3920 ὀΘεδς
640 3854 974 3919 συνέζευξεν,
992 3853 1276 3924 ἄνθρωπος
1309 3853 1382 3924 μὴ
1413 3853 1708 3925 χωριζέτω,
1745 3855 1816 3924 »ἢ

1996 3405 2080 3459 l7.
2127 3403 2229 3458 Sed
2263 3404 2519 3474 queniam
2553 3403 2841 3474 Apostolus
2881 3406 2946 3459 dc
2973 3404 3193 3460 Christo
3230 3412 3282 3460 el
3313 3405 3499 3461 Eccle-

1923 3497 2001 3551 sia
2037 3497 2088 3549 id
2119 3495 2322 3550 dietum
2363 3511 2484 3550 esse
2521 3496 2632 3548 Vult
2665 3513 2677 3548 :
2715 3513 2733 3545 ι
2774 3494 2838 3548 Ει
2870 3505 3027 3549 erunt
3081 3497 3191 3550 duo
3235 3497 3288 3550 in
3333 3512 3498 3551 carne

1924 3596 2030 3634 una
2059 3582 2126 3646 ⁸⁷,
2153 3601 2170 3631 ι
2202 3580 2488 3634 dicendum
2515 3589 2597 3634 est
2630 3597 2736 3634 non
2768 3583 2928 3634 aliam
2977 3583 3046 3636 ob
3079 3595 3322 3649 causam,
3350 3584 3496 3654 prio-

1924 3685 2059 3735 rem,
2109 3680 2167 3723 ut
2215 3671 2288 3724 ita
2339 3672 2625 3739 appellem,
2661 3671 2946 3740 conjugem
3006 3673 3199 3741 ipsius,
3255 3675 3491 3743 priorem

1925 3777 2116 3830 nempe
2163 3775 2487 3830 synagogam
2524 3760 2693 3814 fuisse
2730 3762 3066 3829 repudiatam
3099 3777 3128 3816 a
3157 3762 3395 3830 Christo,
3426 3766 3490 3817 il-

1923 3851 2011 3903 lud
2045 3859 2331 3904 servante:
2367 3869 2382 3900 ι
2421 3848 2575 3915 Quod
2620 3849 2759 3905 Deus
2798 3853 3082 3921 conjunxit
3107 3893 3122 3915 ,
3170 3854 3332 3907 homo
3383 3871 3490 3909 non

1920 3951 2132 4011 separet
2155 3942 2220 4006 ⁸⁸,
2261 3959 2277 3992 ι
2310 3957 2472 4011 quam
2505 3942 2648 4010 quod
2684 3957 2712 3994 a
2745 3943 2888 3995 malo
2925 3944 3110 3998 vitiata
3144 3945 3256 3998 haec
3299 3945 3494 4000 mulier

1917 4031 2183 4086 fornicata
2218 4043 2318 4094 est,
2355 4041 2408 4086 et
2440 4044 2563 4085 eum
2599 4047 2662 4087 eo
2696 4032 2922 4088 insidias
2961 4034 3076 4086 viro
3126 4047 3225 4088 suo
3271 4035 3489 4100 struxit,

1915 4138 2148 4192 eumque
2185 4124 2299 4177 neci
2331 4124 2477 4178 dedit
2506 4124 2734 4180 dicens:
2772 4142 2788 4174 ι
2822 4122 2972 4177 Tolle
2996 4124 3262 4192 ejusmodi
3311 4125 3490 4179 homi-

233 3952 319 4004 ὅτε
339 3949 454 4021 (45)
477 3949 802 4020 ὲπόρνευσεν
823 3948 1002 4017 ἐκείνη
1027 3949 1058 4016 ἡ
1085 3946 1221 4017 γυνὴ
1246 3946 1586 4016 μοιχευθεῖσα
1605 3945 1708 3998 ὑπὸ
1722 3945 1814 3998 τοῦ

235 4040 500 4112 πονηροῦ,
536 4043 630 4094 καὶ
662 4040 777 4111 μετ’
822 4039 1029 4092 ἐκείνου
1078 4037 1508 4090 ἐπιϐουλεύσασα
1533 4035 1612 4106 τῷ
1639 4036 1812 4107 ἀνδρὶ,

233 4133 323 4185 καὶ
353 4132 721 4185 ἀποκτείνασα
751 4129 911 4184 αὑτὸν
942 4131 997 4182 ὲν
1028 4128 1104 4198 τῷ
1127 4128 1322 4196 λέγειν’
1358 4148 1374 4178 ι
1419 4124 1548 4198 Αἶρε
1581 4125 1688 4179 ἀπὸ
1714 4127 1813 4195 τῆς

1448 4241 1680 4298 VETUS
1716 4237 2294 4295 INTERPRETATIO.

233 4359 325 4398 eos
355 4343 452 4412 qui
481 4358 546 4397 ex
578 4343 689 4396 Deo
724 4341 1047 4412 junguntur,
1093 4336 1584 4412 dignum_Deo_qui
1622 4335 1826 4412 junxit,
1875 4334 2101 4412 addidit,
2148 4335 2378 4412 dicens:
2419 4354 2436 4387 ι
2470 4333 2669 4412 Itaque
2687 4334 2799 4402 jam
2847 4349 2953 4412 non
3000 4343 3129 4390 sunt
3153 4335 3282 4412 duo2
3315 4355 3333 4386 ι
3361 4335 3486 4412 _U_hi

233 4404 386 4466 enim'
417 4404 919 4466 concordia'est'et
957 4404 1256 4464 consensus
1289 4408 1386 4461 viri
1421 4408 1485 4460 ad
1509 4404 1830 4476 'mulierem,
1859 4414 1912 4460 et
1955 4405 2197 4458 mulieris
2238 4405 2318 4476 ad_
2331 4405 2540 4469 virum,
2578 4405 2742 4476 hujus
2769 4405 2986 4476 quidem
3018 4404 3174 4474 quasi
3202 4406 3482 4476 principis.

234 4483 377 4536 illius
423 4493 598 4550 autem
641 4482 796 4550 quasi
851 4478 1558 4550 obsequentis,_sccm_tdum
1616 4475 1761 4550 quod
1800 4476 2005 4550 dictum
2041 4484 2176 4550 est:
2210 4493 2228 4525 ι
2279 4474 2345 4550 Et
2386 4476 2501 4543 ipse
2545 4474 2621 4528 tui
2662 4474 3052 4550 dominabitur,
3086 4493 3104 4525 ι
3151 4490 3277 4550 _vere
3318 4474 3393 4550 de
3421 4476 3490 4531 iis

232 4553 434 4606 dicitur
459 4567 528 4601 :-a
557 4544 674 4603 Jaui
713 4566 817 4603 non
853 4555 980 4604 sunt
1003 4544 1186 4616 duo.)
1221 4546 1362 4615 Ergo
1394 4544 1646 4616 Deusiest
1671 4545 1763 4614 qui
1797 4545 2246 4616 conjunxitduos
2291 4546 2345 4598 in
2379 4560 2570 4609 unum,
2600 4544 2795 4616 utjam
2843 4559 2951 4596 non
2987 4545 3103 4616 sint
3133 4545 3262 4609 duo,
3288 4546 3378 4616 ubi
3417 4561 3484 4599 ex

237 4619 343 4695 Qeo
369 4628 743 4695 _c<_)mparatur
789 4631 924 4672 uxor
953 4619 1089 4671 viro.
1147 4613 1500 4695 Ethu'oniam
1532 4613 2029 4695 Deusj'conjunxit,
2081 4614 2427 4695 idemgrutia'
2465 4623 2549 4695 est
2574 4614 2653 4695 “in
2697 4615 2777 4668 eis
2818 4628 2958 4682 quos
2987 4613 3479 4695 Deus‘conjunxit.

232 4689 385 4764 Quod
421 4682 622 4764 Paulus
653 4688 849 4752 sciens,
880 4682 1552 4764 castanrconjunctionem
1585 4682 2364 4764 gratiamappellavitndicens
2392 4703 2405 4738 :
2441 4703 2458 4735 ι
2494 4682 2626 4764 γὀιο
2651 4699 2842 4738 omnes
2874 4698 2994 4763 esse
3022 4682 3481 4764 sietutmeipsunr,

233 4752 327 4828 sed
367 4758 745 4828 unusquisque
779 4756 1049 4828 propriam
1089 4755 1248 4828 habet
1293 4756 1520 4828 gratiam
1565 4752 1631 4807 ex
1657 4753 1812 4828 ‘Deo,
1862 4753 2001 4828 alius
2051 4754 2284 4828 quidem
2315 4755 2420 4828 sic,
2472 4754 2611 4828 alius
2660 4763 2840 4808 autem
2873 4753 2972 4805 sic.
3012 4771 3030 4804 ι
3085 4752 3188 4828 Qui
3226 4752 3370 4828 enim
3417 4770 3482 4807 rx

234 4821 695 4896 Deosttntjutu:ti,
715 4835 766 4880 et
781 4821 1006 4893 sapiunt
1028 4834 1080 4878 et
1107 4821 1316 4896 faciunt
1333 4825 1488 4896 quoi
1511 4823 1730 4896 mandat
1760 4824 2051 4896 Apostolus
2070 4821 2144 4896 ξι
2178 4821 2310 4896 Viri,
2338 4825 2543 4896 diligite
2575 4837 2773 4876 uxores
2802 4829 3031 4884 vestras,
3061 4823 3205 4896 sicut
3227 4821 3483 4896 Qhristus

239 4898 429 4952 dilexit
459 4891 754 4950 Ecclesiam
787 4913 801 4959 ;
841 4891 865 4944 i
894 4896 1022 4948 item
1054 4913 1066 4948 :
1103 4912 1121 4944 ι
1149 4893 1338 4948 Mulier
1353 4891 1427 4947 'ut
1457 4894 1643 4947 timeat
1670 4894 1869 4957 virum,
1913 4894 2057 4946 sicut
2083 4891 2324 4950 Ecclesia
2353 4891 2664 4958 Christum;
2704 4910 2722 4944 ι
2755 4905 2944 4946 eorum
2975 4891 3284 4961 conjunctio
3309 4894 3481 4963 gratia

235 4965 544 5091 t'Sed
579 5033 838 5103 quoniam
872 5030 1164 5102 Apostolus
1193 5033 1432 5102 profert:
1467 5051 1483 5084 ι
1514 5031 1580 5086 Ει
1607 5042 1770 5088 erunt
1795 5033 1904 5087 duo
1935 5034 1988 5088 in
2021 5048 2188 5089 carne
2222 5049 2353 5100 una,
2389 5041 2792 5090 sacramentum
2827 5031 2931 5087 hoc
2954 5045 3212 5098 magnum
3240 5040 3346 5100 est,
3381 5048 3482 5104 ego

300 5130 346 5162 ⁷³
397 5129 584 5183 Matth.
630 5143 741 5193 xm,
781 5126 834 5180 6.
912 5127 956 5158 ⁷⁸
988 5125 1124 5180 Gen.
1167 5143 1250 5185 ιιι.
1295 5127 1379 5180 l6.
1456 5128 1501 5160 ⁸⁸
1531 5127 1718 5182 Matth.
1762 5145 1817 5182 XI

300 5215 332 5252 ι.
359 5199 411 5252 ’1.
486 5200 532 5230 ⁸⁵
555 5197 754 5252 Enltes.
796 5214 849 5252 ν.
879 5196 969 5250 25.
1043 5197 1089 5228 ⁸⁸
1122 5196 1308 5251 Matth.
1339 5213 1451 5252 xxx.
1479 5197 1532 5251 6.
1611 5200 1656 5229 ⁸⁸
1682 5197 1708 5252 ι
1735 5197 1824 5251 Tit;

1939 5130 1994 5184 6.
2070 5132 2114 5163 ⁸³
2142 5131 2162 5183 1
2190 5130 2316 5185 Cor.
2346 5146 2420 5194 vr,
2457 5129 2548 5183 17.
2636 5128 2682 5162 ³³
2712 5126 2901 5182 Matth.
2927 5143 3042 5194 nx,
3073 5127 3126 5184 6.
3231 5127 3279 5162 ⁸³
3308 5127 3478 5184 lCor.

1929 5216 1976 5252 ν.
2008 5201 2058 5252 1.
2084 5200 2139 5252 2.
2171 5201 2225 5252 5.
2301 5199 2347 5232 ³⁷
2375 5199 2541 5252 lCor.
2569 5214 2646 5252 vr.
2707 5197 2792 5252 16.
2883 5198 2930 5230 ⁸⁸
2952 5195 3140 5252 Matth.
3171 5213 3287 5252 xIx.
3319 5197 3375 5252 6.

3005 5213 3140 5252 αῑιιι.
3171 5213 3287 5262 ιιι,
3319 5213 3375 5252 υ.

237 5212 332 5265 vn,
359 5199 411 5254 7.
486 5200 532 5230 ⁸⁵
555 5197 754 5268 Epltes.
796 5214 849 5261 ν,
879 5196 969 5250 25.
1043 5197 1089 5228 ⁸⁸
1122 5196 1308 5251 Matth.
1339 5213 1451 5261 xix,
1479 5197 1532 5251 6.
1611 5200 1656 5229 ⁸⁸
1682 5197 1708 5252 ι
1735 5197 1824 5251 Tit;

1929 5216 1976 5266 ν,
2008 5201 2058 5266 1,
2084 5200 2139 5265 2,
2171 5201 2225 5255 5.
2301 5199 2347 5232 ⁸⁷
2375 5199 2541 5254 lCor.
2569 5214 2646 5265 Vt,
2707 5197 2792 5253 16.

307 5294 420 5378 (
457 5297 541 5378 [ᾧ
564 5291 1032 5378 γενέσθαι.“1.,ρεο
1056 5290 1405 5378 τδγενέσθαι.

1919 5295 2248 5352 turnilianos
2285 5303 2339 5350 et
2389 5293 2732 5363 Apostolicos
2760 5291 3066 5363 intelligit,
3115 5291 3234 5363 _qui_
3262 5290 3480 5363 nuptias

314 5365 430 5434 (illi
467 5367 517 5417 Ὀ
560 5360 811 5434 ,ὶίὲνοῦιτ
853 5360 1055 5434 Σωτὴρ
1104 5361 1478 5428 ἐνετείλατο,
1529 5371 1633 5416 etc.
1673 5361 1808 5418 Vide
1913 5367 2252 5421 damnandus
2283 5360 2834 5434 pronuntiabantaDe
2861 5363 2947 5434 his
2972 5360 3307 5434 Epiphanius
3344 5361 3477 5413 har.

247 5423 390 5500 Opus
406 5423 772 5500 imperfectum
795 5429 847 5479 in
882 5423 1076 5477 Matth.

313 5497 423 5567 (4|)
463 5495 764 5568 Πνεὶιμασι
799 5499 1052 5566 πλάνης.
1098 5495 1174 5553 ita
1214 5497 1474 5566 Origenes
1515 5501 1675 5556 infra.
1725 5499 1800 5554 lta

236 5576 284 5636 et
322 5567 572 5636 pleraque
599 5567 800 5622 habent
837 5570 1184 5636 exetnplaria,
1225 5569 1240 5620 l
1275 5567 1514 5624 Tlmoth.
1551 5587 1624 5636 tv,
1665 5573 1714 5633 ι,
1748 5578 1797 5621 (ιι

242 5633 537 5706 νυῑεοιιιζι
578 5639 858 5707 spiritibus
901 5633 1125 5707 erroris.
1163 5660 1180 5692 ι
1217 5640 1364 5692 Alias
1396 5633 1620 5707 legitur,
1662 5641 1772 5694 πλά

238 5721 379 5824 ἶρις,
411 5708 553 5776 quod
600 5706 900 5776 Sequuntur
945 5706 1144 5778 Syrus,
1195 5709 1370 5764 Arabs
1414 5706 1472 5764 et
1525 5710 1798 5780 Ethiops.

287 5791 500 5824 [tm-ms-

287 5791 500 5832 UETII'S.

308 5847 418 5914 ΗΞ)
458 5849 823 5903 Κωλιηιόντων
863 5852 932 5902 οὐ
967 5849 1282 5918 πορνεύειν
1307 5851 1518 5919 μόνον,
1555 5859 1660 5906 etc.
1702 5850 1801 5905 Sa-

1909 5435 1980 5490 25
2008 5444 2061 5490 et
2087 5436 2175 5490 62.
2210 5432 2466 5504 Eamdem
2500 5432 2990 5504 quoque_h:cresim

1908 5506 2140 5574 amplexi
2192 5514 2320 5560 sunt
2358 5497 2662 5558 Hieracitai.
2696 5501 2894 5574 _Quam_
2917 5501 2986 5553 ab
3025 5497 3311 5574 Eustathio
3360 5513 3478 5574 mo-

1909 5569 2086 5630 nacho
2134 5583 2530 5646 propugnatam
2580 5571 2823 5627 confodit
2857 5569 3190 5640 Gangrensis
3233 5569 3476 5639 synodus

1903 5661 2026 5700 can.
2057 5647 2106 5698 l.
2146 5647 2222 5700 In.

3075 5427 3156 5484 ost
3190 5427 3478 5497 Origenem

1929 5738 1934 5743 ί
1976 5716 2088 5785 (45)
2121 5717 2278 5770 Ὅτε.
2307 5713 2447 5785 Lege
2479 5713 2580 5785 ὅτι.
2607 5710 2774 5785 Paulo
2805 5719 2929 5785 post
2948 5709 3132 5785 codex_
3149 5706 3351 5779 Regius
3383 5711 3479 5765 luta

1907 5779 2016 5850 bet,
2045 5779 2466 5839 ἐπιϐουλεύουσα
2495 5783 2572 5855 τῷ
2605 5783 2756 5854 ἀνδρὶ
2785 5781 2878 5835 καὶ
2908 5779 3321 5836 ἀποκτείνουσα.
