4032 6308
287 349 431 406 1253

1227 346 1581 404 COMMENT.
1627 344 1694 400 IN
1733 339 2154 399 ΜᾹΤΤΗᾹΞΗΜ
2196 339 2432 395 TOMUS
2468 339 2605 393 XIV.

3391 329 3531 386 ηδε

281 466 460 527 ϐλίου,
497 464 724 533 ἐγουσαν
755 461 959 526 οὕτως’
1001 483 1017 514 ι
1072 464 1196 516 Ἐὰν
1229 465 1286 516 δὲ
1323 464 1460 533 λάϐῃ
1491 480 1574 526 τις
1609 464 1863 530 γυναῖκα,

1970 467 2076 518 tur,
2109 457 2201 526 qui
2232 456 2351 509 talis
2382 467 2462 509 est
2489 474 2499 508 :
2533 474 2549 505 ι
2582 454 2637 507 Si
2679 451 2944 520 acceperit
2991 449 3152 503 homo
3204 459 3450 508 uxorem,
3481 455 3537 498 et

283 558 382 608 καὶ
417 553 714 626 συνοικήσῃ
747 555 906 624 αὐτῇ,
943 555 1037 606 καὶ
1084 554 1234 607 ἔσται
1280 556 1375 608 ἐὰν
1422 557 1497 625 μὴ
1541 556 1672 624 ε’ύρῃ
1702 552 1860 622 χάριν

284 645 530 699 ἐναντίον
555 642 741 708 αὐτοῦ,
767 643 849 696 ὅτι
871 634 1026 712 εὗρεν
1049 645 1108 696 ἐν
1129 645 1264 714 αὐτῇ
1291 643 1534 715 ἄσχημον
1558 645 1808 714 πρᾶγμα,
1839 660 1857 692 ι

286 735 383 789 καὶ
413 734 482 787 τὰ
509 733 654 804 ἑξῆς,
688 733 792 795 ἕως
824 732 937 785 τοῦθ
979 753 997 784 ι
1029 734 1138 785 Καὶ
1170 734 1230 786 οὐ
1256 738 1496 804 μιανεῖτε
1526 733 1623 805 τὴν
1646 734 1767 803 γῆν,
1797 732 1864 802 ἣν

285 822 493 892 Κύριος
513 821 687 884 ὁΘεὺς
710 820 864 890 ὑμῶν
883 821 1096 873 δίδωσιν
1119 822 1147 872 ὑ
1155 825 1246 891 μῖν
1275 824 1333 876 ἐν
1360 822 1560 894 κλήρῳ.
1591 842 1608 874 ι
1635 820 1791 893 Ζητῶ
1808 820 1865 872 δὲ

283 916 344 966 ἐν
371 916 484 975 τοῖς
513 911 657 964 κατά
682 910 776 964 τὸν
817 912 980 982 νόμον
1023 911 1232 976 τοῦτον,
1281 912 1508 984 πότερον
1541 911 1690 964 οὐδὲν
1726 910 1863 978 πέρα

282 1003 386 1073 τῆς
428 1002 626 1070 λέξεως
673 1001 777 1073 χρὴ
823 1003 1004 1071 ζητεῖν
1051 1004 1107 1056 ἐν
1154 1003 1322 1073 αὐτῷ,
1363 1004 1485 1056 ἐπεὶ
1533 1003 1606 1072 μὴ
1656 1003 1690 1053 ό
1735 1001 1868 1062 Θεὸς

283 1093 484 1147 ἔδωκεν
505 1093 668 1146 αὐτόν
684 1109 699 1122 ο
727 1091 760 1163 ἢ
786 1093 923 1164 πρὸς
946 1093 1042 1162 μὲν
1067 1094 1193 1156 τοὺς
1213 1092 1539 1164 Φαρισαίους
1559 1091 1867 1158 ἀναγκαίως

281 1181 518 1253 εἴρηται,
551 1181 932 1254 χρησαμένους
958 1179 1054 1251 τῴ-
1097 1200 1115 1231 ι
1155 1180 1394 1248 Μωῡσῆς
1421 1178 1718 1232 ἐνετείλατο
1749 1176 1868 1228 δοῦ-

283 1289 376 1326 ναι
408 1271 608 1342 βιϐλίον
636 1272 988 1337 ἀποστασίου,
1039 1272 1128 1324 καὶ
1161 1270 1452 1332 ἀπολῦσαι,
1495 1289 1513 1322 ›
1566 1270 1643 1323 τό·
1687 1288 1703 1319 ι
1749 1270 1867 1320 ’Ότι

284 1360 528 1430 Μωῦσῆς
554 1361 690 1431 πρὸς
740 1361 837 1430 τὴν
889 1359 1319 1432 σκληροκαρδίαν
1365 1359 1518 1432 ὑμῶν
1575 1359 1870 1430 ἐπέτρεψεν

283 1451 418 1521 ὑμίν
460 1450 725 1504 ἀπολῦσαι
773 1451 872 1514 τὰς
923 1453 1189 1519 γυναῖκας
1226 1451 1408 1522 ὑμῶν·
1463 1451 1558 1504 ἀπ’
1600 1450 1773 1520 ἀρχῆς
1815 1448 1872 1500 δέ

280 1541 346 1594 ού
395 1540 620 1610 γέγονεν
664 1540 857 1605 οὕτως.
900 1561 917 1592 ι
973 1541 1096 1594 Ἐὰν
1125 1541 1181 1594 δέ
1213 1559 1297 1605 τις
1327 1542 1421 1594 ἐπὶ
1455 1542 1515 1594 τὸ
1543 1540 1870 1609 Εύαγγέλιον

281 1630 464 1702 ἀναϐῇ
510 1630 742 1702 Χριστοῦ
791 1631 990 1701 Ἰησοῦ,
1021 1632 1297 1696 διδάσκον,
1326 1633 1409 1685 ὅτι
1441 1633 1469 1685 ὁ
1511 1632 1672 1702 νόμος
1711 1647 1872 1684 πνευ-

288 1720 520 1790 ματικός
543 1722 678 1782 ἐστι,
710 1720 801 1772 καὶ
826 1718 1016 1772 τούτου
1047 1718 1272 1791 ζητήσει
1303 1718 1398 1772 τοῦ
1429 1720 1594 1790 νόμου
1625 1734 1888 1788 πνευμα-

1968 548 2218 601 habuerit
2251 563 2394 611 eam,
2425 556 2478 600 et
2515 561 2619 598 non
2675 542 2939 596 invenerit
2969 540 3192 609 gratiam
3241 545 3366 590 ante
3407 549 3540 588 ocu-

1968 638 2049 693 los
2105 639 2223 708 ejus
2277 647 2493 707 propter
2525 636 2759 704 aliquam
2809 631 3123 692 tua-ditatem,
3153 646 3170 678 ι
3215 637 3269 680 et
3318 635 3536 690 caetera,

1965 729 2032 784 ad
2063 730 2113 783 id
2151 744 2322 798 usque
2356 747 2370 783 :
2408 747 2428 779 ι
2467 726 2543 781 Ne
2595 740 2818 795 peccare
2867 721 3078 776 faciatis
3114 727 3334 782 terram,
3372 733 3536 786 quam

1966 821 2228 875 Dominus
2283 819 2424 874 Deus
2491 827 2617 872 tuus
2687 815 2968 871 tradiderit
3033 810 3186 864 vobis
3253 807 3538 878 possideri—-

1966 912 2088 965 dam
2150 913 2188 964 ³.
2243 930 2260 960 ι
2319 909 2430 979 Ego
2478 924 2606 963 vero
2657 922 2818 976 super
2873 905 2938 958 iis
2985 917 3105 972 qua:
3166 900 3218 953 in
3278 901 3377 952 hac
3428 899 3542 968 lege

1966 1003 2314 1055 continentur
2367 1000 2496 1053 illud
2542 1012 2764 1068 quaero,
2803 1005 2984 1049 utrum
3034 1001 3224 1062 praeter
3267 991 3425 1044 Verba
3459 991 3539 1042 ui-

1969 1092 2044 1144 hil
2084 1092 2136 1144 in
2188 1106 2250 1144 ea
2304 1088 2734 1159 investigandum
2777 1086 2884 1148 sit,
2935 1081 3373 1154 quandoquidem
3420 1094 3539 1134 eam

1971 1199 2076 1236 non
2139 1182 2258 1236 tulit
2313 1180 2494 1247 Deus;
2542 1195 2609 1233 an
2659 1176 2951 1232 Pharisaris
2998 1175 3048 1228 id
3100 1171 3538 1244 νιύίύγιιιιιὶιηιεε

1977 1293 1994 1324 ι
2036 1273 2245 1344 Moyses
2291 1270 2566 1325 mandavit
2600 1269 2728 1323 dare
2757 1267 2996 1322 libellum
3042 1265 3270 1334 repudii,
3303 1272 3353 1317 et
3377 1261 3536 1334 651

1973 1362 2300 1431 dimittere',
2325 1381 2343 1413 ι
2379 1376 2662 1414 necessum
2710 1358 2872 1412 fuerit
2917 1355 3044 1410 illud
3097 1356 3311 1408 dicere:
3346 1373 3366 1406 ι
3396 1353 3544 1420 Quo-

1971 1453 2117 1504 uiam
2149 1449 2360 1520 Moyses
2386 1449 2452 1502 ad
2483 1450 2739 1504 duritiam
2776 1449 2956 1502 cordis
2987 1447 3152 1500 vestri
3183 1445 3426 1516 permisit
3453 1461 3546 1497 ιο-

1972 1540 2056 1595 bis
2094 1540 2363 1594 dimittere
2399 1553 2596 1593 uxores
2623 1547 2866 1604 vestras;
2907 1537 2975 1589 ab
3007 1534 3162 1588 initio
3208 1543 3386 1587 autem
3436 1549 3545 1585 non

1972 1631 2074 1685 fuit
2102 1631 2180 1685 sic
2201 1630 2242 1682 ³.
2268 1648 2287 1682 ι
2310 1628 2465 1695 Quod
2493 1629 2539 1684 si
2566 1628 2689 1698 quis
2706 1628 2775 1682 ad
2790 1625 3138 1695 Evangelium
3165 1622 3291 1678 Jesu
3319 1623 3544 1686 Christi,

1972 1721 2116 1792 quod
2143 1721 2312 1790 legem
2337 1720 2670 1791 spiritualem
2711 1733 2832 1772 esse
2863 1718 3054 1780 docet,
3095 1714 3417 1778 ascenderit,
3447 1715 3548 1768 hu-

285 1810 439 1863 τικὸν
468 1809 613 1864 νοῦν.
643 1811 806 1882 Φήσει
833 1809 890 1864 δὲ
919 1811 1014 1864 καὶ
1040 1810 1213 1865 ταῦτα
1238 1812 1266 1863 ὁ
1299 1811 1466 1864 θέλων
1493 1810 1863 1882 τροπολογεῖν,

1970 1815 2056 1884 ius
2088 1826 2305 1882 quoque
2351 1812 2484 1881 legis
2535 1810 2872 1881 spiritualcm
2909 1811 3234 1865 sententiam
3282 1808 3544 1877 requiret.

281 1901 370 1954 ὅτι
421 1899 611 1971 ὥσπερ
655 1900 732 1972 τῷ
771 1901 968 1972 Παύλῳ
1008 1900 1299 1974 θαρροῦντι
1341 1903 1426 1970 ἐφ’
1530 1897 1644 1972 εἶχε
1686 1900 1866 1974 χάριτι

1972 1903 2123 1958 Dicet
2155 1918 2282 1956 vero
2313 1902 2404 1971 qui
2441 1901 2825 1972 trapologicam
2862 1901 3053 1954 horum
3097 1898 3549 1968 signiﬁcationem

283 1993 534 2048 λέλεκται
578 1995 672 2049 τό·
731 2013 750 2046 ι
790 1995 932 2066 Γυνὴ
960 1995 1168 2050 δέδεται
1201 1997 1284 2066 ἐφ’
1311 1995 1434 2048 ὅσον
1482 1994 1670 2066 χρόνον
1721 1992 1786 2064 ζῇ
1837 1994 1866 2046 ὁ

1970 1996 2183 2065 aperire
2222 1995 2486 2059 voluerit,
2531 1993 2674 2062 quod
2709 1991 3165 2062 quemadmodum
3209 2007 3236 2044 a
3271 1989 3438 2044 Paulo
3466 1987 3550 2043 di-

289 2085 429 2156 ἀνὴρ
477 2085 678 2155 αύτῆςο
735 2084 830 2138 ἐάν
885 2085 942 2138 δὲ
995 2087 1232 2157 κοιμηθῇ
1288 2088 1317 2140 ὁ
1387 2084 1546 2156 ἀνὴρ,
1609 2083 1866 2156 ἐλευθέρα

1973 2089 2108 2142 vina:
2133 2103 2294 2157 quam
2330 2086 2518 2140 habuit
2547 2085 2734 2155 gratia:
2764 2083 2970 2138 conﬁso
2997 2082 3200 2138 dietum
3225 2090 3306 2136 est
3337 2080 3467 2134 illud
3487 2081 3507 2111 ⁸
3531 2093 3547 2134 ;

291 2178 441 2230 ἐστὶν
547 2177 686 2230 θέλει
715 2177 826 2247 (49)
870 2179 1203 2250 γαμηθῆναι,
1240 2178 1396 2248 μόνον
1423 2180 1478 2231 ἐν
1506 2177 1713 2249 Κυρίῳ.
1747 2178 1866 2231 Μα-

1980 2198 1998 2231 ι
2031 2178 2221 2234 Mulier
2246 2179 2464 2248 alligata
2490 2186 2570 2232 est
2596 2183 2801 2245 quanto
2829 2184 3070 2243 tempore
3096 2174 3178 2226 vir
3205 2171 3336 2226 vivit
3360 2191 3373 2227 :
3403 2170 3545 2240 quod

287 2267 599 2340 καριωτέρα
619 2268 675 2322 δέ
709 2273 874 2335 ἐστιν,
913 2271 1006 2324 ἐὰν
1041 2270 1213 2334 οὕτως
1242 2270 1420 2344 μείνῃ,
1447 2270 1585 2322 κατά
1606 2269 1705 2340 τὴν
1733 2268 1866 2339 ἐμὴν

1973 2272 2018 2325 si
2054 2271 2336 2325 dormierit
2370 2271 2451 2322 vir
2483 2268 2624 2338 ejus,
2660 2267 2884 2320 liberata
2924 2276 3026 2332 est,
3059 2266 3146 2320 cui
3183 2264 3297 2318 vult
3340 2264 3540 2319 nubat:

290 2358 548 2432 γνώμηνο
605 2360 746 2414 δοκῶ
803 2361 859 2414 δὲ
917 2361 1070 2429 κάγὼ
1129 2362 1345 2432 πνεῦμα
1404 2360 1537 2414 Θεοῦ
1599 2361 1774 2431 ἔχειν’
1845 2380 1864 2412 ι

1971 2368 2180 2415 tantum
2215 2360 2268 2414 in
2302 2358 2552 2414 Domino.
2579 2354 2797 2410 Beatior
2830 2363 3010 2408 autem
3041 2353 3169 2420 erit,
3220 2351 3266 2407 si
3302 2351 3382 2406 sic
3422 2360 3549 2421 pcr-

291 2451 350 2504 ἐν
382 2449 592 2513 τούτοις
623 2451 732 2522 γάρ
763 2449 841 2503 τό·
877 2470 894 2501 ι
932 2451 1088 2505 Κατὰ
1122 2451 1218 2522 τὴν
1258 2450 1366 2521 (50)
1395 2450 1532 2522 ἐμὴν
1557 2450 1803 2522 γνώμην,
1847 2471 1866 2502 ι

1973 2451 2256 2514 manserit,
2293 2448 2596 2505 secundum
2629 2462 2806 2502 meum
2838 2446 3156 2512 consilium;
3198 2452 3327 2513 puto
3365 2452 3546 2496 autem

291 2541 380 2596 ἴνα
437 2545 510 2615 μὴ
575 2545 956 2616 καταφρονηθῇ
1017 2544 1092 2608 ὼς
1144 2545 1274 2616 κενὴ
1335 2545 1646 2614 πνεύματος
1701 2544 1866 2609 Θεοῦ,

1973 2545 2118 2614 quod
2146 2554 2199 2598 et
2227 2558 2326 2613 ego
2357 2542 2609 2612 spiritum
2644 2539 2735 2594 Dei
2768 2539 3036 2605 habeam;
3071 2558 3089 2589 ι
3121 2539 3208 2592 hic
3236 2536 3380 2590 enim
3429 2549 3552 2588 ver-

291 2631 474 2697 καλῶς
531 2633 777 2704 ἐπήγαγε
829 2634 923 2687 τόο
982 2652 1000 2686 ι
1059 2634 1212 2689 Δοκῶ
1264 2635 1422 2704 κάγὼ
1476 2635 1696 2707 πνεῦμα
1735 2635 1866 2690 θεοῦ

1973 2636 2058 2690 his
2098 2636 2257 2690 istis:
2299 2653 2317 2686 ι
2368 2632 2679 2688 Secundum
2722 2647 2900 2686 meum
2951 2630 3262 2692 consilium,
3293 2648 3311 2680 ι
3344 2643 3411 2681 ne
3455 2626 3550 2680 de-

287 2720 466 2793 εχεινο
495 2721 666 2788 οὕτως
695 2725 788 2777 καὶ
821 2726 1044 2779 Μωῦσεῖ
1073 2725 1157 2780 διὰ
1188 2727 1286 2798 τὴν
1310 2725 1553 2779 δοθεῖσαν
1577 2726 1691 2798 (51)
1723 2727 1866 2796 αὐτῷ

1974 2729 2236 2797 spiciatur
2281 2726 2412 2781 illud
2461 2734 2717 2795 tanquam
2754 2723 2947 2793 spiritu
2981 2721 3069 2776 Dei
3117 2734 3370 2782 vacuum,
3405 2725 3550 2772 recte

294 2813 542 2880 ἐξουσίαν
567 2815 898 2884 νομοθετεῖν,
929 2815 1068 2870 ὥστε
1101 2817 1262 2870 αὑτὸν
1290 2818 1385 2871 καὶ
1415 2818 1552 2890 πρὸς
1578 2818 1675 2890 τὴν
1707 2819 1866 2889 σκλη-

1975 2818 2260 2888 suiijunxit
2287 2836 2300 2872 :
2338 2837 2354 2868 ι
2385 2817 2520 2870 Puto
2551 2826 2730 2871 autem
2764 2816 2908 2886 quod
2944 2823 2996 2868 et
3029 2828 3128 2884 ego
3158 2812 3406 2882 spiritum
3454 2809 3546 2862 Dei

295 2903 590 2973 ροκαρδίαν
614 2905 706 2957 τοῦ
740 2905 868 2959 λαοῦ
896 2907 1185 2978 ἐπιτρέψαι
1220 2907 1360 2973 τινὰ,
1387 2909 1445 2962 ἐν
1477 2904 1556 2972 οἷς
1580 2905 1647 2981 ἦν
1680 2910 1772 2963 καὶ
1813 2911 1866 2962 τὸ

1977 2911 2236 2977 habeam;
2257 2933 2274 2964 ι
2294 2910 2368 2962 ita
2386 2919 2437 2964 et
2461 2910 2651 2979 Moysi,
2681 2917 2898 2982 propter
2929 2907 3242 2962 attributam
3274 2905 3321 2958 ei
3371 2906 3545 2972 legum

292 2995 550 3049 ἀπολύειν
577 2996 676 3059 τὰς
705 3001 986 3064 γυναῖκας,
1015 2995 1082 3070 ἦν
1115 2999 1180 3053 ἂν
1211 2999 1490 3054 πείθεσθαι
1521 3004 1604 3071 ἐφ’
1632 2997 1712 3066 οἷς
1733 3003 1866 3057 κατὰ

1977 3001 2320 3057 ferendarum
2362 3011 2704 3070 potestatem,
2740 3001 2875 3054 adeo
2925 3008 2985 3054 ut
3029 3007 3249 3068 propter
3292 2995 3547 3049 duritiem

285 3082 392 3150 τὴν
421 3084 584 3136 αὐτοῦ
607 3085 830 3156 γνώμην
855 3087 1180 3156 ἐνομοθέτει,
1203 3089 1279 3151 ὼς
1303 3090 1395 3142 καὶ
1421 3091 1476 3141 ἐν
1499 3089 1709 3152 τούτοις
1733 3091 1866 3160 μετά

1975 3092 2155 3148 cordis
2187 3094 2607 3163 populi,.rcrum
2641 3092 3061 3156 nonnullarum,
3111 3105 3216 3159 qua
3267 3085 3347 3141 fas
3396 3094 3548 3150 erat,

291 3173 600 3244 πνεύματος
629 3175 762 3228 Θεοῦ
786 3177 884 3247 τῆς
913 3179 1232 3248 νομοθεσίας
1267 3179 1583 3250 γενομένης
1614 3180 1708 3234 καὶ
1737 3182 1866 3253 ἐρεῖ,

1974 3193 2030 3238 et
2055 3200 2288 3238 uxorum
2325 3183 2784 3253 repudiandarum
2824 3181 3134 3236 facultatem
3164 3178 3390 3237 dederit.
3425 3190 3547 3228 mo-

289 3267 405 3326 ὅτι,
438 3267 487 3318 εἰ
515 3267 632 3337 οὐχί
663 3284 748 3331 τις
782 3268 878 3338 μὲν
919 3269 1078 3340 νόμος
1119 3273 1486 3342 πνευματικός
1521 3273 1658 3335 ἐστι,
1696 3273 1780 3335 τὶς
1816 3272 1866 3326 δὲ

1976 3289 2090 3329 rem
2122 3275 2176 3328 in
2209 3275 2292 3329 his
2325 3275 2489 3328 rebus
2515 3288 2706 3344 gerere
2741 3272 2958 3336 licebat,
3009 3285 3148 3340 quas
3181 3279 3370 3338 suopte
3413 3282 3548 3320 con-

1976 3365 2098 3418 silio
2129 3365 2429 3428 sanciebat,
2464 3373 2650 3434 utpote
2680 3364 2784 3418 lata
2818 3378 2980 3432 super
3033 3362 3118 3418 bis
3159 3375 3374 3432 quoque
3422 3373 3546 3412 cum

286 3357 392 3410 οὐκ
418 3357 531 3411 ἔστι
566 3359 824 3426 τοιοῦτος,
861 3361 1022 3432 νόμος
1051 3362 1107 3414 δέ
1142 3365 1255 3415 ἐστι
1288 3365 1382 3416 καὶ
1419 3355 1591 3429 οὗτος,
1628 3380 1871 3434 πνευμαι

290 3445 440 3510 τικὸς
470 3448 582 3500 ἐστι
618 3448 708 3502 καὶ
735 3444 907 3515 οὗτος,
939 3451 1030 3503 καὶ
1065 3450 1323 3521 ζητητέον
1353 3451 1516 3506 αὐτοῦ
1546 3453 1607 3504 τὸ
1633 3470 1866 3523 πνευμα-

1977 3455 2170 3523 spiritu
2207 3455 2299 3510 Dei
2331 3455 2478 3523 lege;
2533 3462 2587 3508 et
2637 3455 2777 3508 (licet
2812 3454 2920 3518 ille,
2963 3453 3007 3508 si
3054 3469 3160 3506 non
3213 3453 3392 3520 aliqua
3427 3449 3547 3518 qui-

290 3536 446 3590 τεκάν
1974 3547 2096 3603 dem
2132 3549 2215 3601 lex
2252 3547 2552 3617 spiritualis
2573 3557 2690 3613 cst;
2733 3547 2914 3615 aliqua
2965 3561 3092 3599 vero
3135 3559 3244 3598 nou
3289 3543 3550 3611 e5tejuse

290 3630 475 3774 Haedi;
513 3632 592 3686 lex
641 3649 770 3687 vero
820 3647 875 3689 et
923 3635 1013 3689 illa
1059 3644 1178 3699 est,
1229 3635 1570 3704 spiritualcm
1625 3653 1842 3708 quoque
1883 3640 2024 3696 hanc
2058 3657 2211 3708 esse,
2253 3652 2306 3696 et
2363 3657 2584 3696 sensum
2640 3641 2784 3695 illius
2831 3640 3168 3709 spiritualem
3219 3638 3549 3706 investigan-

335 3735 424 3773 llltl
455 3735 594 3774 CSSC.

335 3737 364 3772 ll
375 3735 424 3773 ΙΙΙ
455 3735 594 3776 CSSC.

365 3811 715 3882 Μεμνημὲνοι
744 3811 801 3865 δὲ
830 3813 938 3867 τῶν
969 3815 1225 3886 ἀνωτέρω
1267 3818 1396 3886 ἡμῖν
1423 3817 1758 3889 λελεγμένων
1790 3822 1872 3884 είς

291 3897 355 3950 τὸ
383 3899 476 3952 τοῦ
515 3892 737 3954 Ἡσαΐου
773 3903 899 3974 περὶ
927 3903 1022 3956 τοῦ
1055 3904 1254 3974 βιϐλίου
1282 3907 1381 3977 τῆς
1409 3909 1742 3976 ἀποστασίας
1773 3915 1870 3986 ρη-

288 3991 408 4056 τδν,
459 3993 724 4064 φήσομεν,
771 3995 853 4048 ὅτι
911 3995 1108 4067 ἑαυτὴν
1163 3997 1470 4068 ἀπέστησεν
1529 4000 1720 4072 ἀνδρὸς
1773 4004 1865 4058 τοῦ

1979 4009 2207 4056 matrem
2237 4003 2420 4071 populi
2452 4017 2561 4055 non
2595 4009 2818 4071 accepto
2848 4001 3059 4071 repudii
3101 3999 3302 4062 libello,
3347 4015 3376 4051 a
3433 3998 3547 4052 viro

291 4081 531 4154 Χριστοῦ
557 4087 590 4156 ἡ
621 4085 802 4157 μήτηρ
825 4083 920 4139 τοῦ
956 4085 1106 4151 λαοῦ,
1144 4087 1220 4159 μὴ
1248 4089 1486 4145 λαϐοῦσα
1519 4092 1579 4144 τὸ
1607 4094 1704 4163 τῆς
1729 4095 1866 4148 ἀπο.

1976 4106 2077 4148 suo
2131 4091 2352 4147 Christo
2415 4101 2606 4162 sponte
2662 4092 2980 4148 discessisse
3035 4091 3544 4162 pronuntiabimus;

292 4175 522 4238 στασίας
569 4174 803 4245 βιϐλίον·
861 4175 1086 4249 ὕστερον
1135 4177 1212 4243 δὲ,
1264 4180 1353 4233 ὅτε
1395 4181 1590 4253 εὑρέθη
1635 4185 1691 4236 ἐν
1729 4186 1866 4256 αὐτῇ

1975 4183 2168 4238 deinde
2198 4198 2327 4238 vero
2375 4193 2662 4254 postquam
2715 4182 2933 4239 foeditas
2975 4183 3037 4238 in
3062 4198 3126 4238 ea
3174 4191 3384 4252 reperta
3425 4189 3544 4247 est,

288 4268 542 4340 ἄσχημον
574 4270 825 4341 πρᾶγμα,
872 4271 966 4324 καὶ
1005 4271 1104 4343 οὐχ
1130 4266 1254 4344 εὗρε
1299 4273 1458 4346 χάριν
1505 4277 1745 4330 ἐναντίον
1776 4279 1866 4332 αύ-

1973 4282 2034 4328 οιΔ
2054 4289 2240 4329 coram
2273 4273 2364 4328 illo
2392 4274 2619 4346 gratiam
2651 4289 2764 4329 non
2803 4273 3026 4339 invenit,
3054 4273 3294 4328 libellum
3323 4273 3389 4328 ad
3424 4288 3543 4326 eam

286 4357 412 4421 τοῦ,
444 4359 660 4432 ἐγράφη
694 4361 830 4432 αὐτῇ
866 4359 1067 4432 βιϐλίον
1107 4363 1473 4417 ἀποστασίου’
1506 4363 1730 4436 δυνάμει
1761 4365 1866 4439 γὰρ

1972 4365 2182 4436 repudii
2215 4366 2474 4436 scriptum
2504 4381 2661 4433 esse;
2694 4380 2894 4420 novum
2923 4364 3541 4436 quippe'l‘estamentum

284 4453 327 4520 ἡ
371 4452 531 4524 καινὴ
569 4453 835 4526 Διαθήκη,
885 4455 1010 4520 τοὺς
1039 4455 1147 4510 ἀπὸ
1177 4455 1286 4509 τῶν
1327 4455 1495 4511 ἐθνῶν
1523 4457 1759 4512 καλοῦσα
1788 4462 1866 4525 εἰς

1970 4455 2221 4511 ethnicos
2263 4455 2318 4510 in
2370 4454 2490 4524 ejus
2537 4454 2763 4509 domum
2811 4469 3124 4510 convocans
3165 4455 3255 4523 qui
3306 4454 3541 4524 priorem

290 4544 394 4613 τὴν
420 4543 595 4597 οἰκίαν
615 4543 710 4598 τοῦ
729 4544 828 4616 τὴν
853 4545 1122 4618 προτέραν
1151 4549 1382 4615 γυναῖκα
1411 4547 1866 4621 ἀποϐεϐληκότος,

1975 4563 2202 4603 uxorein
2235 4547 2556 4618 repudiavit,
2587 4547 2829 4602 libellum
2853 4547 3062 4618 repudii
3112 4547 3350 4616 potentia
3400 4547 3548 4600 dedit

2051 3820 2135 3875 l9.
2179 3819 2378 3874 Eorum
2413 3829 2595 3874 autem
2629 3835 2898 3874 memores
2939 3835 3061 3888 qua:
3103 3833 3268 3886 supra
3313 3833 3343 3869 a
3390 3815 3547 3870 nobis

1979 3910 2032 3964 in
2067 3910 2210 3964 hunc
2239 3910 2391 3965 Isaiae
2419 3910 2486 3964 de
2519 3909 2704 3964 libello
2735 3909 2942 3978 repudii
2978 3909 3156 3963 locum
3207 3907 3346 3962 dicta
3397 3917 3546 3972 sunt,

206 4641 210 4646 ’
288 4635 354 4688 τὸ
387 4635 586 4705 βιϐλίον
622 4635 717 4688 τοῦ
746 4637 1075 4691 ἀποστασίου
1114 4637 1310 4694 δέδωκε
1337 4641 1403 4711 τῇ
1439 4641 1704 4713 πρότερον
1729 4642 1866 4696 ἀπο-

293 4727 468 4798 στάσῃ
509 4726 602 4780 τοῦ
639 4727 831 4798 ἀνδρὸς
875 4728 1039 4800 νόμου
1073 4731 1166 4784 καὶ
1202 4729 1400 4799 Λόγον
1447 4729 1526 4784 διὸ
1582 4733 1676 4786 καὶ
1706 4731 1868 4796 αὐτὸς

288 4818 464 4888 αὑτῆς
505 4817 746 4882 ἀποστὰς
777 4818 1001 4889 ἔγημεν,
1035 4820 1100 4874 ἵν’
1133 4820 1305 4885 οὕτως
1341 4821 1614 4891 ὀνομάσω,
1650 4821 1864 4894 ἑτέραν,

287 4907 416 4971 δοὺς
443 4910 522 4971 εἰς
546 4906 644 4971 τὰς
672 4912 860 4979 χεῖρας
889 4909 987 4978 τῆς
1023 4911 1290 4981 προτέρας
1323 4912 1381 4964 τὸ
1411 4911 1501 4964 τοῦ
1535 4913 1862 4966 ἀποστασίου

367 5049 381 5077 ¹
420 5046 637 5104 Denter.
665 5063 812 5114 xxxv,
838 5047 890 5112 l,
926 5051 980 5103 4.
1055 5053 1076 5084 ³
1105 5049 1292 5104 Matth.
1333 5067 1446 5117 xix,
1479 5051 1528 5106 7.
1605 5054 1779 5108 'ibid.
1807 5054 1862 5110 8.

366 5183 477 5255 (49)
517 5186 694 5239 Codex
737 5183 956 5255 Regius,
991 5185 1094 5238 κᾶν
1123 5185 1284 5239 θέλει.

368 5254 480 5323 (50)
525 5256 625 5308 Τό·
661 5254 834 5310 Κατὰ
864 5254 1006 5320 τήν,
1039 5265 1143 5310 etc.
1195 5255 1336 5326 Lege
1376 5255 1485 5327 τῷο
1526 5259 1684 5312 Κατά
1730 5259 1858 5330 τήν,

290 5333 404 5378 etc.

350 5390 496 5469 _(_5|)A
527 5393 724 5469 03'5th
763 5394 1130 5469 xal__l_llw£vorei
1274 5395 1389 5465 τὴν
1414 5396 1713 5469 δοθεῖσαν,
1754 5406 1857 5452 etc.

295 5456 436 5542 Vide
459 5456 818 5542 Ambros—ium
842 5466 951 5542 lib.
984 5481 1102 5542 vin,
1137 5467 1192 5519 in
1215 5456 1345 5522 Luc.
1388 5481 1498 5520 xw.
1519 5456 1862 5542 _Ptolein:_eus

293 5530 439 5599 apud
459 5529 812 5606 Epiphanium
842 5536 1030 5606 haeresi
1052 5529 1244 5598 xxxm,
1271 5553 1392 5606 quat
1416 5547 1496 5592 est
1519 5536 1863 5592 Ptolemaita-

293 5615 440 5664 rum,
466 5614 598 5677 cap:
613 5601 666 5663 4,
697 5601 864 5677 legem
897 5603 1096 5677 .lloysis
1147 5601 1413 5662 trifariam
1458 5607 1770 5672 distribuit,
1806 5616 1862 5662 ut

293 5685 400 5722 una
421 5685 548 5751 pars
569 5670 885 5751 Deum,'a_lia_
907 5670 1169 5751 Moysen],
1195 5678 1351 5731 tertia
1379 5678 1596 5732 demum
1618 5670 1861 5751 seniores

294 5740 484 5810 populi
510 5750 760 5798 auctores
801 5740 1011 5799 habeat:
1042 5745 1372 5816 Prmceptum
1414 5758 1596 5803 autem
1637 5749 1765 5803 illud
1796 5751 1860 5804 de

1967 4641 2027 4696 ei:
2047 4656 2168 4710 quae
2197 4642 2395 4705 aviro,
2427 4640 2545 4711 lege
2589 4640 2816 4706 scilicet,
2849 4649 2903 4696 et
2943 4638 3120 4694 Verbo
3169 4640 3495 4694 discesserat
3525 4657 3539 4693 :

1973 4741 2267 4802 pmpterea.
2289 4741 2343 4786 et
2389 4732 2502 4802 ipse
2553 4733 2742 4788 relicta
2790 4731 2900 4797 illa,
2929 4731 3112 4793 aliam,
3144 4740 3201 4784 ut
3233 4730 3304 4784 ita
3338 4729 3538 4794 dicam,

1972 4823 2144 4890 duxit,
2180 4823 2391 4893 repudii
2421 4823 2602 4878 libello
2631 4823 2801 4892 priori
2846 4823 2901 4877 in
2943 4835 3138 4876 manus
3175 4821 3410 4886 tradito;
3455 4821 3540 4875 id-

1969 4917 2117 4970 circo
2145 4931 2266 4985 quae
2296 4915 2397 4970 sibi
2423 4915 2580 4984 juxta
2622 4915 2790 4985 legem
2839 4911 3090 4969 mandata
3137 4920 3291 4975 sunt,
3324 4923 3542 4984 propter

1939 5055 1960 5086 ⁸
1987 5053 2008 5108 ι
2033 5054 2160 5110 Cor.
2191 5071 2287 5120 vn,
2322 5055 2412 5122 59,
2446 5055 2534 5110 4ο.

1967 5188 2151 5244 libello
2174 5190 2404 5258 repudii,
2427 5189 2591 5262 Moysi
2610 5198 2898 5262 acceptum-
2917 5187 3105 5262 rei'erri
3123 5188 3259 5262 yult,
3277 5186 3544 5262 abeoquo

1969 5267 2156 5313 contra
2189 5256 2622 5314 mandatum'Dei
2664 5256 2835 5315 fuisse
2864 5261 3092 5314 editum.
3121 5256 3174 5312 Id
3207 5257 3444 5326 graviter
3467 5259 3536 5311 ab

1969 5328 2274 5399 Epiphanio
2295 5329 2728 5398 reprehenditm',
2745 5339 2799 5383 et
2822 5330 3012 5384 merito
3035 5323 3250 5399 quidem
3265 5346 3278 5391 ;
3295 5323 3534 5399 Moysen:

1969 5396 2112 5454 enim
2141 5401 2274 5468 legis
2297 5396 2632 5454 conditorem
2668 5401 2736 5452 ita
2763 5399 2928 5454 fuisse
2954 5396 3169 5453 volebat
3191 5396 3532 5468 Ptolemzeus,

1971 5476 2032 5523 ut
2061 5466 2506 5538 ejus—condenda:
2533 5481 2806 5523 auctorem
2840 5469 3008 5522 Deum
3049 5468 3217 5538 fuisse
3253 5466 3436 5538 nollet.
3465 5466 3533 5520 At

1972 5535 2191 5609 aliaest
2237 5539 2489 5609 Origenis
2523 5540 2696 5609 ratio;
2727 5556 2756 5592 a
2795 5539 2902 5596 Deo
2941 5537 3312 5609 enim‘legum
3357 5535 3545 5609 feren-v

1969 5607 2162 5663 da‘rum
2199 5605 2602 5680 potestatemin
2632 5608 2866 5680 Mpysem
2893 5605 3213 5680 proﬂuxisse
3247 5605 3331 5680 his
3355 5607 3533 5680 verbis

1968 5693 2151 5803 iilperte
2200 5675 2470 5734 testatur:
2513 5679 2599 5732 διὰ
2645 5675 2740 5750 τὴν
2790 5675 3032 5733 δοθεῖσαν
3075 5676 3222 5748 αὐτῷ
3265 5675 3531 5743 ἐξουσίαν.

2017 5765 2229 5803 uanus.

2017 5765 2229 5805 UETIUS.
