4032 6308
519 305 661 363 1255

1976 310 2228 367 ORIGEN
2237 310 2298 366 IS

3628 314 3781 371 1255

516 426 761 482 libellum
795 425 1002 495 repudii
1032 424 1253 494 exsequi
1284 439 1387 478 non
1429 435 1677 495 possunt.
1709 427 1786 483 Ae
1813 443 1931 483 eam
1965 432 2052 499 qui

2191 430 2412 500 βιϐλίον·
2446 430 2527 483 διὸ
2554 431 2751 502 μηκέτι
2789 431 3041 485 δύνανται
3085 433 3349 504 πράσσειν
3384 431 3450 484 τά
3487 430 3627 485 κατά
3673 433 3773 488 τὸν
3808 421 3819 430 ’

516 521 639 575 dem
672 517 909 572 libellum
940 515 1149 586 repudii
1174 517 1446 585 accepisse
1474 528 1794 585 argumento
1824 520 1952 576 illud
1978 532 2081 586 cst,

514 608 662 679 quod
692 621 798 661 una
832 620 953 660 cum
993 604 1262 675 appellato
1308 606 1376 660 ab
1420 607 1487 662 iis
1531 610 1842 665 sanctuario
1881 621 2083 682 myste-

514 700 718 752 riorum
750 710 873 766 qua:
905 695 958 749 in
995 711 1060 751 eo
1093 696 1235 753 facta
1271 698 1585 767 creduntur,
1629 700 1806 755 diruta
1837 701 1998 756 fuerit
2022 718 2084 758 ac

512 789 771 843 subversa
799 785 1122 855 Jerusalem,
1144 788 1305 861 65.2
1330 806 1564 862 cumque
1586 794 1704 863 ipso
1741 793 2085 850 holocausto—

509 895 632 934 rum
675 879 854 945 altari,
896 888 950 934 et
989 882 1170 935 omnis
1224 882 1403 938 cultus
1441 884 1535 954 qui
1579 885 1633 938 in
1686 900 1753 941 eo
1784 887 2081 942 exhibeba-

511 981 618 1025 tur.
642 969 1034 1039 Argumentum
1065 968 1192 1024 item
1216 970 1381 1025 libelli
1406 973 1615 1043 repudii
1647 974 1779 1029 illud
1804 983 1906 1041 est,
1934 977 2079 1046 quod

505 1060 647 1117 festa
677 1060 951 1116 celebrare
981 1076 1088 1115 non
1122 1063 1355 1133 possint,
1384 1063 1621 1129 etiamsi,
1647 1065 1807 1133 juxta
1847 1066 1901 1120 id
1932 1068 2077 1136 quod

506 1150 769 1221 scriptum
797 1160 879 1207 est
902 1153 945 1216 ',
977 1152 1242 1207 sententia
1275 1153 1408 1224 legis
1436 1154 1733 1225 prmeipiat,
1768 1167 1827 1212 ιιι
1870 1158 1924 1212 ἰιι
1959 1158 2079 1213 loco

503 1258 667 1313 quem
709 1243 932 1314 elegerit
976 1242 1241 1299 Dominus
1285 1244 1451 1311 Deus,
1499 1245 1635 1302 festa
1681 1248 1988 1316 celebrent;
2024 1258 2079 1305 et

502 1334 648 1403 quod
702 1342 813 1389 tota
864 1332 1146 1405 Synagoga
1204 1336 1414 1404 talium,
1470 1338 1725 1393 taliumve
1772 1339 2074 1395 facinorum

500 1437 627 1479 reos
678 1424 949 1494 lapidibus
998 1424 1229 1481 obruere
1284 1441 1392 1481 non
1445 1428 1647 1497 possit,
1692 1437 1746 1482 et
1808 1438 2077 1486 sexcenta:

499 1512 769 1583 ejusmodi
817 1529 903 1569 res
933 1529 1000 1569 ex
1034 1514 1101 1570 iis
1142 1531 1264 1585 qua:
1288 1516 1456 1586 jussze
1486 1526 1633 1584 sunt,
1668 1518 1832 1573 libelli
1863 1521 2073 1590 repudii

497 1612 818 1675 argumenta
853 1613 1011 1672 sunt;
1054 1613 1218 1676 atque
1258 1608 1383 1662 item
1429 1609 1572 1678 quod
1618 1627 1635 1658 ι
1679 1609 1791 1679 jam
1839 1626 1947 1665 non
1992 1618 2076 1667 est

2186 518 2349 589 νόμον
2376 520 2558 583 αὐτοῖς
2588 520 3040 592 προστεταγμένα
3068 522 3157 575 διὰ
3187 522 3247 575 τὸ
3279 519 3481 591 βιϐλίον
3505 520 3607 573 τοῦ
3630 522 3774 574 ἀπο-

2187 611 2423 664 στασίου.
2464 613 2573 665 Καὶ
2618 616 2840 683 σημεῖον
2878 612 2973 666 τοῦ
3023 613 3301 684 εἰληφέναι
3352 613 3522 684 αὐτὴν
3554 612 3768 683 βιϐλίον

2184 703 2511 755 ἀποστασίου
2531 703 2591 756 τὸ
2628 704 2979 776 Ἰερουσαλὴμ
3011 704 3108 775 μὲν
3131 704 3478 777 καθῃρῆσθαι
3505 704 3643 774 μετά
3663 703 3767 757 τοῦ

2183 792 2473 863 κληθέντος
2512 794 2603 846 ὑπ’
2635 793 2860 847 ἐκείνων
2897 795 3240 865 ἀγιάσματος
3259 794 3370 865 (52)
3404 795 3464 847 ἐν
3491 794 3640 865 αὐτῷ
3663 812 3772 848 περ

2182 884 2553 954 πιστευμένων
2590 884 2872 953 γεγονέναι
2911 885 3124 955 σεμνῶν
3151 884 3286 955 (55),
3321 885 3416 938 καὶ
3451 884 3545 937 τοῦ
3572 885 3767 938 θυσια-

2183 989 2281 1045 στη
2290 974 2404 1045 ρίου
2453 973 2563 1027 τῶν
2607 974 3092 1047 ὁλοκαυτωμάτων,
3124 975 3218 1029 καὶ
3264 976 3445 1056 πάσης
3489 975 3597 1046 τῆς
3627 975 3764 1049 παρ’

2180 1064 2327 1135 αὐτῷ
2353 1064 2625 1136 λατρείας.
2669 1068 2903 1137 Σημείον
2931 1067 2990 1120 δὲ
3020 1066 3115 1120 τοῦ
3148 1066 3481 1137 βιϐλίου-τῆς
3517 1068 3766 1120 ἀποστα-

2181 1155 2303 1219 σίας
2344 1157 2439 1210 καὶ
2478 1157 2540 1210 τὸ
2584 1158 2719 1229 μήτε
2770 1158 3048 1229 ἑορτάζειν
3081 1159 3279 1222 αὐτοὺς
3309 1156 3588 1222 δύνασθαι,
3626 1157 3761 1223 κᾶν,

2178 1246 2319 1299 κατά
2348 1247 2410 1300 τὸ
2442 1248 2693 1318 γράμμα,
2719 1248 2815 1301 τοῦ
2850 1247 3191 1320 βουλήματος
3209 1247 3302 1300 τοῦ
3331 1247 3496 1317 νόμου
3522 1247 3763 1317 προπά-

2178 1337 2363 1404 ξαντος
2386 1339 2445 1390 ἐν
2465 1336 2543 1408 τῷ
2560 1338 2709 1409 τόπῳ
2798 1337 2867 1393 ἂν
2889 1339 3175 1410 ἐκλέξηται
3197 1337 3400 1409 Κύριος
3428 1339 3456 1390 6
3477 1337 3607 1400 Θεὸς
3631 1341 3758 1408 ἐορ-

2174 1428 2355 1492 τάζειν
2388 1428 2603 1491 αὐτοὺς,
2650 1428 2782 1481 ἀλλὰ
2824 1430 2918 1482 καὶ
2958 1429 3019 1481 τὸ
3064 1430 3243 1482 πᾶσαν
3289 1427 3386 1498 τὴν
3430 1427 3755 1496 συναγωγὴν

2174 1518 2464 1572 λιθοϐολεῖν
2489 1519 2616 1583 τοὺς
2647 1519 2772 1573 τάδε
2803 1520 3191 1591 ἡμαρτηκότας
3218 1517 3470 1587 γενέσθαι
3498 1517 3571 1588 μὴ
3599 1516 3760 1570 δυνά-

2178 1626 2339 1681 μενον
2387 1609 2531 1680 (54),
2577 1610 2670 1664 καὶ
2712 1609 2845 1663 ἄλλα
2891 1610 2947 1663 δέ
2991 1610 3159 1683 μυρία
3198 1608 3310 1661 τῶν
3347 1606 3759 1679 προστεταγμέ-
3835 1638 3840 1642 -

499 1694 760 1764 prepheta
788 1732 804 1757 ,
843 1713 863 1747 ι
911 1701 967 1748 et
994 1694 1120 1764 quia
1151 1696 1338 1751 dicunt
1381 1712 1394 1748 :
1447 1713 1465 1745 ι
1506 1698 1669 1767 Signa
1697 1701 1929 1769 amplius
1961 1718 2052 1757 nor

2172 1717 2277 1753 νων
2324 1700 2545 1771 σημεῖόν
2589 1701 2703 1753 ἐστι
2741 1699 2834 1754 τοῦ
2882 1699 3084 1771 βιϐλίου
3129 1700 3227 1771 τῆς
3257 1698 3612 1761 ἀποστασίας“
3652 1698 3754 1752 καὶ

496 1782 1029 1839 νίόίηιυς⁶.Αιιειιι1ἰι
1061 1785 1205 1839 enim
1241 1801 1270 1840 a
1295 1785 1592 1843 Jerusalem
1618 1798 1671 1843 et
1699 1806 1729 1844 a
1752 1789 1911 1857 Juda,
1941 1811 1960 1844 ι
1996 1794 2043 1847 ai

2170 1792 2252 1845 ὅτι
2300 1810 2318 1842 ι
2362 1791 2461 1844 οὐκ
2506 1789 2651 1843 ἐστιν
2693 1790 2772 1844 ἔτι
2806 1793 3109 1864 προφήτης,
3165 1810 3184 1842 ι
3237 1790 3331 1844 καὶ
3369 1790 3451 1842 ὃτι
3495 1788 3750 1857 λέγουσι*

497 1872 761 1930 Dominus
792 1874 950 1944 juxta
982 1875 1135 1931 Isaia:
1174 1886 1557 1949 sermonemﬁr
1585 1880 1819 1936 validum
1848 1892 1900 1936 et
1936 1884 2071 1939 vali-

494 1967 659 2034 dam,
694 1966 964 2038 gigantem
1011 1966 1242 2035 fortem,
1285 1986 1304 2020 ι
1351 1977 1405 2023 et
1451 1970 1694 2040 reliqua,
1749 1989 1919 2043 usque
1963 1975 2066 2042 ad,

500 2076 520 2109 ι
551 2058 870 2127 prudentem
902 2059 1226 2113 auditorem.
1267 2081 1286 2113 ι
1318 2059 1656 2133 Synagogam
1682 2079 1811 2119 vero
1841 2080 2065 2121 uxorem

492 2146 716 2204 duxisse
747 2156 927 2219 potest
950 2149 1223 2219 Christus,
1271 2160 1325 2206 et
1371 2169 1493 2208 eum
1539 2169 1602 2209 ca
1643 2154 1944 2223 habitasse;
1977 2156 2067 2211 illa

488 2253 622 2294 vero
654 2241 999 2309 postmodum
1032 2243 1264 2314 gratiam
1294 2260 1477 2300 coram
1508 2259 1575 2301 eo
1618 2262 1725 2303 non
1755 2249 2023 2318 reperisse
2049 2266 2065 2306 :

489 2345 591 2384 cur
617 2338 797 2386 autem
830 2332 1063 2402 gratiam
1097 2348 1281 2389 coram
1318 2336 1410 2390 illo
1442 2352 1547 2390 non
1582 2338 1868 2403 invenerit,
1899 2355 2065 2395 causa

489 2421 605 2476 haec
631 2431 735 2485 est,
767 2424 911 2493 quod
942 2422 1161 2481 {reditas
1191 2428 1244 2481 in
1275 2443 1336 2481 ea
1367 2429 1581 2484 inventa
1612 2430 1715 2485 sit:
1760 2431 1889 2500 quid
1917 2433 2061 2487 enim

489 2513 689 2569 foedius
721 2530 883 2585 quam
920 2516 1065 2586 quod
1099 2518 1257 2573 unius
1293 2519 1347 2573 in
1399 2519 1537 2575 festo
1587 2522 1893 2578 dimittendi
1936 2540 2061 2579 cum

484 2604 760 2674 optionem
798 2606 1086 2674 haberent,
1133 2609 1394 2666 latronem
1439 2611 1739 2668 Durabbam
1788 2615 2062 2671 dimitten-

485 2695 616 2749 dum
649 2695 1006 2767 decreverint,
1041 2699 1319 2757 Christum
1358 2718 1487 2759 vero
1531 2706 1690 2760 morti
1724 2707 2063 2763 addixerint?

486 2782 553 2840 Et
585 2785 715 2857 quid
748 2786 967 2853 fmdius,
998 2805 1162 2860 quant
1198 2794 1343 2862 quod
1377 2794 1444 2849 de
1471 2811 1536 2850 eo
1568 2800 2062 2867 pronuntiaverunt

485 2889 677 2932 omnes
696 2879 719 2909 ⁸
744 2896 757 2933 :
793 2892 812 2926 ι
842 2879 1131 2951 Crucilige,
1165 2883 1421 2954 cruciﬁge
1457 2901 1603 2952 eum,
1634 2889 1759 2944 tolle
1786 2890 2056 2959 ejusmodi

490 2970 764 3025 hominem
800 2972 866 3025 de
897 2974 1075 3027 terra?
1106 2992 1124 3025 ι
1168 2973 1270 3041 Qui
1302 2984 1426 3046 pote
1454 2977 1654 3033 foedum
1683 2990 1737 3035 et
1781 2982 1910 3035 illud
1948 2997 2053 3037 non

484 3056 639 3115 sit':
692 3077 717 3111 ι
768 3059 1002 3133 Sanguis
1049 3062 1168 3132 ejus
1224 3081 1386 3137 super
1428 3083 1550 3137 nos,
1591 3080 1645 3125 et
1690 3086 1853 3140 super
1912 3072 2052 3129 ﬁlios

487 3152 741 3208 nostros?
763 3171 784 3204 ι
815 3152 1105 3223 Propterea
1147 3170 1271 3211 cum
1306 3159 1452 3215 illius
1501 3161 1720 3216 nomine
1749 3177 1923 3232 poenae
1966 3178 2052 3219 re-

485 3252 859 3312 poscerentur,
891 3243 1220 3302 exercitibus
1259 3249 1591 3307 circumdata
1622 3262 1703 3309 est
1729 3252 2052 3322 Jerusalem,

481 3338 537 3383 ct
566 3332 769 3401 ingruit
794 3332 940 3388 illius
965 3330 1211 3398 vastitas,
1228 3340 1316 3388 ett
1332 3338 1530 3394 domus
1547 3352 1766 3394 reorum
1787 3358 1804 3389 ι
1828 3341 2052 3400 dimissa

479 3426 560 3470 est
577 3418 682 3473 θοι)
696 3434 758 3474 ea
774 3421 1210 3485 “,retderelicta
1236 3431 1322 3478 est
1346 3422 1457 3479 ﬁlia
1487 3424 1639 3491 Sion,
1667 3427 1809 3483 sicut
1833 3430 2054 3487 umbra-

478 3499 663 3554 culum
691 3500 745 3555 in
782 3504 958 3569 vinea,
995 3515 1050 3562 et
1080 3507 1221 3565 sicut
1259 3511 1533 3581 tugurium
1566 3514 1621 3568 in
1650 3519 2049 3588 cucumerario,

476 3597 532 3643 et
578 3590 721 3646 sicut
763 3593 957 3651 ciiitas
995 3612 1117 3667 qua:
1156 3600 1495 3657 obsideturu
1524 3622 1536 3657 :
1569 3625 1589 3656 ι
1634 3606 1824 3661 eodem
1867 3618 2047 3665 autem

474 3689 719 3750 tempore
755 3685 996 3742 libellum
1034 3690 1242 3759 repudii
1272 3692 1441 3761 priori
1485 3698 1641 3751 uxori
1685 3713 1716 3751 a
1758 3699 1875 3754 viro
1915 3716 2048 3756 con-

472 3774 758 3844 scriptum,
784 3787 838 3831 et
870 3778 922 3832 in
965 3795 1160 3837 manus
1188 3783 1467 3849 traditum,
1492 3801 1721 3857 eamque
1753 3804 1818 3843 ex
1871 3791 2046 3862 ipsius

469 3864 634 3918 domo
678 3869 1094 3924 exterminatam
1136 3871 1303 3929 fuisse
1355 3889 1511 3942 reor;
1560 3885 1610 3930 al
1648 3876 1767 3947 ejus
1810 3896 1932 3948 qua:
1976 3900 2040 3936 ex

470 3957 727 4024 gentibus
770 3970 885 4026 est,
935 3963 1281 4020 obliteratum
1322 3982 1443 4023 esse
1484 3969 1927 4040 chirographum,
1976 3973 2043 4028 de

468 4063 579 4117 quo
625 4050 674 4104 i.l
719 4052 796 4106 ait
837 4053 1134 4123 Apostolus
1185 4057 1275 4111 “:
1324 4076 1342 4109 ι
1390 4058 1579 4115 Delens
1622 4061 2039 4132 chirographum

468 4139 738 4207 decretis,
786 4145 929 4213 quod
988 4157 1103 4201 erat
1141 4150 1474 4203 contrarium
1521 4152 1709 4217 nobis,
1760 4164 1814 4208 et
1861 4155 2037 4224 ipsum

462 4230 589 4285 tulit
635 4232 703 4288 de
745 4234 959 4298 medio,
1008 4236 1228 4307 alligens
1271 4238 1402 4293 illud
1447 4242 1633 4308 cruci,
1688 4262 1707 4293 ›
1745 4259 1869 4298 nam
1898 4243 2040 4298 Pau-

462 4323 551 4379 lus
615 4324 670 4379 in
709 4341 828 4381 eam
866 4343 989 4398 quae
1025 4344 1089 4383 ex
1134 4332 1383 4400 gentibus
1536 4335 1735 4390 flebant
1778 4339 2033 4410 proselyti

2177 1900 2197 1933 ‹
2228 1882 2431 1953 Σημεῖα
2456 1882 2555 1935 οὐκ
2592 1881 2804 1953 είδομεν
2832 1883 2942 1936 ἔτιο
2988 1881 3199 1951 Ἀφεῖλε
3229 1880 3358 1951 γὰρ,
3410 1900 3427 1931 ι
3466 1881 3599 1952 φησὶ
3635 1878 3756 1933 Κύ-

2173 1991 2285 2047 ριος
2312 1973 2445 2045 (55),
2487 1990 2506 2026 ι
2541 1974 2649 2027 άπὸ
2679 1975 2777 2045 τῆς
2831 1973 3089 2037 Ἰουδαίας
3119 1973 3214 2027 καὶ¹
3254 1973 3361 2026 ἀπὸ
3401 1973 3500 2043 τῆς
3545 1974 3751 2044 Ἰερου-

2172 2064 2372 2135 σαλὴμ,
2424 2084 2441 2116 ι
2487 2064 2629 2119 κατά
2660 2064 2752 2119 τὸν
2801 2064 2895 2119 τοῦ
2932 2062 3161 2118 Ἡσαΐου
3202 2064 3378 2132 λόγον,
3430 2083 3449 2114 ι
3494 2062 3751 2133 ἰσχύοντα

2168 2156 2263 2209 καὶ
2305 2155 2615 2227 ἰσχύουσαν,
2650 2158 2878 2227 γίγαντα
2922 2156 3284 2226 κατισχῦοντα
3316 2154 3450 2227 (56),
3493 2174 3512 2206 ι
3557 2154 3649 2208 καὶ
3677 2155 3753 2207 τὰ

2167 2248 2327 2302 λοιπά
2363 2249 2543 2321 μέχρι,
2567 2268 2584 2300 ι
2611 2248 2831 2303 συνετοῦ
2862 2246 3150 2321 ἀκροατοῦ.
3180 2267 3197 2299 ι
3218 2246 3451 2300 Δόναται
3485 2246 3542 2299 δὲ
3574 2248 3601 2299 6
3637 2245 3743 2317 μὲν

2166 2339 2442 2411 εἰληφέναι
2475 2343 2705 2409 γυναῖκα
2737 2341 2837 2414 τὴν
2879 2340 3199 2408 συναγωγὴν
3231 2339 3325 2392 καὶ
3369 2337 3749 2408 συνῳκηκέναι

2165 2433 2301 2503 αὐτῇ
2338 2433 2368 2486 ό
2398 2432 2649 2503 Χριστὸς,
2690 2431 2915 2502 ὕστερον
2964 2432 3020 2484 δὲ
3061 2431 3275 2500 ἐκείνην
3329 2428 3404 2500 μὴ
3450 2428 3747 2500 εὑρηκέναι

2164 2525 2323 2596 χάριν
2364 2524 2604 2578 ἐναντίον
2633 2523 2828 2577 αὑτοῦ·
2861 2525 2895 2594 ἡ
2922 2523 2978 2576 δὲ
3022 2522 3169 2577 αἰτία
3203 2521 3299 2575 τοῦ
3338 2522 3413 2593 μὴ
3448 2520 3746 2592 εὑρηκέναι

2162 2619 2259 2688 τὴν
2291 2617 2450 2690 χάριν
2478 2617 2719 2671 ἐναντίον
2740 2614 2904 2671 αὐτοῦ
2932 2615 2993 2667 τὸ
3015 2613 3305 2687 εὑρεθῆναι
3326 2615 3383 2666 ἐν
3409 2612 3545 2683 αὐτῇ
3576 2611 3746 2681 (iam.

2164 2718 2263 2774 μον
2296 2704 2545 2775 πρᾶγμαο
2589 2703 2641 2756 τί
2668 2703 2775 2776 γὰρ
2810 2703 3277 2775 ἀσχημονέστερον
3298 2702 3412 2765 τοῦ,
3445 2701 3743 2772 προκειμέ-

2160 2812 2251 2849 νου
2291 2794 2560 2849 άπολῦσαι
2603 2797 2661 2848 ἐν
2685 2798 2750 2867 τῇ
2782 2796 2939 2866 ἑορτῇ
2967 2794 3084 2859 ἐνα,
3126 2793 3390 2847 ἀπολῦσαι
3426 2794 3523 2864 μὲν
3542 2794 3741 2855 αὐτοὺς

2158 2885 2449 2956 ἠξιωκέναι
2486 2884 2741 2957 Βαραὸἄν
2765 2884 2877 2956 (57)
2898 2885 2988 2938 τὸν
3016 2883 3243 2958 λῃστὴν,
3279 2883 3634 2937 καταδικάσαι
3676 2880 3738 2933 δέ

2170 2976 2405 3047 Ἰησοῦν;
2449 2978 2513 3030 Τί
2561 2976 3031 3048 ἀσχημονέστερον
3073 2974 3168 3029 τοῦ
3204 2977 3408 3037 πάντας
3446 2972 3725 3045 εἰρηκέναι

2157 3068 2243 3120 ἐπ’
2282 3068 2463 3139 αὐτῷ’
2509 3087 2527 3118 ι
2565 3067 2826 3139 Σταύρου,
2864 3068 3098 3141 σταύρου
3134 3067 3308 3128 αὐτὸν,
3343 3065 3435 3118 καὶ
3462 3059 3582 3134 αἶρε
3610 3060 3723 3115 ἀπὸ

2156 3157 2256 3227 τῆς
2282 3158 2383 3229 γῆς
2421 3158 2512 3210 τὸν
2535 3155 2805 3222 τοιοῦτον;
2845 3177 2863 3209 ι
2894 3156 3020 3222 Πῶς
3050 3157 3107 3211 δὲ
3141 3158 3232 3210 οὐκ
3260 3155 3322 3210 ἂν
3352 3156 3595 3225 ἄσχημον
3624 3154 3721 3205 xa.‘

2156 3248 2246 3301 ’τό⁸
2305 3268 2324 3300 ι
2372 3249 2444 3303 Τὸ
2491 3244 2629 3321 αἷμα
2670 3250 2833 3304 αὐτοῦ
2877 3252 2962 3322 ἐφ’
2989 3253 3157 3322 ἡμᾶς,
3198 3250 3291 3306 καὶ
3330 3250 3421 3303 ἐπὶ
3450 3247 3520 3302 τὰ
3559 3248 3729 3301 τέκνα

2156 3338 2338 3410 ἡμῶν;
2360 3337 2483 3391 »Διὸ
2503 3340 2880 3412 ἐκδικουμένου
2914 3341 3077 3396 αὐτοῦ
3117 3340 3397 3413 ἐκυκλώθη
3430 3337 3535 3393 ὑπὸ
3563 3353 3725 3411 «rp:-

2154 3425 2393 3480 τοπέδων
2449 3428 2820 3504 Ἰερουσαλὴμ,
2864 3434 2958 3487 καὶ
3000 3434 3201 3506 ἐπέστη
3250 3436 3283 3503 ή
3319 3434 3594 3506 ἐρήμωσις
3626 3431 3694 3484 αὖ

2151 3514 2270 3584 τῆς,
2299 3516 2396 3569 καὶ
2430 3536 2449 3569 ι
2488 3518 2683 3591 ἀφείθη
2724 3539 2742 3571 ι
2772 3521 2939 3593 αὐτῆς
2974 3542 2992 3572 ι
3036 3523 3065 3575 6
3096 3518 3245 3584 οἷκος
3281 3541 3300 3573 ι
3334 3521 3532 3588 αὐτῶν,
3568 3539 3587 3572 ι
3627 3521 3721 3573 καὶ

2151 3609 2550 3682 ἐγκαταλείφθη
2596 3613 2629 3683 ὴ
2672 3613 2917 3685 θυγάτηρ
2950 3615 3107 3680 Σιὼν,
3138 3615 3214 3680 ὼς
3249 3614 3423 3686 σκηνὴ
3450 3615 3509 3667 ἐν
3544 3615 3718 3684 ἀμπεο

2148 3699 2299 3766 λῶνι,
2331 3701 2427 3755 καὶ
2457 3702 2532 3765 ὡς
2558 3703 3003 3775 όπωροφυλάκιον
3047 3708 3105 3760 ἐν
3143 3706 3452 3777 σικυηλάτῳ
3476 3706 3606 3776 (58),
3623 3707 3717 3759 καὶ

2146 3790 2224 3854 ὡς
2248 3792 2403 3856 πόλις
2424 3793 2875 3868 πολιορκουμένη·
2910 3818 2929 3850 ι
2964 3798 3104 3852 κατά
3133 3798 3223 3851 τὸν
3252 3798 3413 3852 αὑτὸν
3440 3798 3517 3863 δέ,
3543 3794 3714 3869 οἶμαι,

2146 3883 2336 3955 καιρὸν
2364 3887 2429 3957 τῇ
2475 3886 2571 3956 μὲν
2604 3888 2844 3959 προτέρᾳ
2883 3890 3102 3957 γυναικὶ
3147 3888 3383 3961 ἔγραφεν
3410 3890 3438 3942 ό
3464 3888 3601 3958 ἀνὴρ
3638 3890 3715 3957 βιι

2145 3973 2292 4027 ϐλίον
2321 3975 2669 4040 ἀποστασίου,
2711 3978 2805 4030 καὶ
2836 3977 3036 4031 ἔδωκεν
3069 3980 3149 4043 είς
3180 3978 3278 4042 τὰς
3306 3981 3491 4050 χεῖρας
3524 3976 3713 4046 αὐτῆς,

2142 4065 2236 4118 καὶ
2275 4065 2650 4132 ἐξαπέστειλεν
2678 4069 2845 4140 αὐτὴν
2871 4071 2932 4122 ἐκ
2964 4070 3065 4140 τῆς
3088 4069 3262 4133 οἰκίας
3293 4069 3457 4123 αὐτοῦ
3480 4085 3495 4099 ·
3526 4068 3625 4138 τῆς
3654 4067 3712 4120 δὲ

2141 4154 2249 4210 ἀπὸ
2285 4156 2391 4210 τῶν
2437 4155 2605 4210 ἐθνῶν
2652 4158 3023 4229 ἀπαλήλιπται
3059 4160 3119 4214 τὸ
3166 4161 3544 4233 χειρόγραφον,
3582 4160 3709 4230 περὶ

2138 4238 2200 4300 οὗ
2230 4264 2392 4318 φησιν
2418 4248 2445 4299 6
2481 4248 2798 4313 Ἀπόστολος
2825 4251 2884 4301 τό
2901 4266 2914 4280 ο
2950 4268 2969 4301 ι
3006 4250 3320 4320 Ἐξαλείψας
3337 4251 3398 4304 τὸ
3416 4250 3708 4322 χειρόγρα-

2139 4354 2237 4406 φον
2267 4337 2378 4409 (59)
2418 4341 2530 4402 τοῖς
2564 4338 2844 4410 δόγμασιν,
2887 4341 2915 4394 ὃ
2956 4337 3026 4412 ἦν
3066 4341 3381 4397 ὑπεναντίον
3425 4343 3575 4412 ἡμῖν,
3611 4342 3707 4395 καὶ

460 4409 647 4469 Israel.
689 4412 731 4467 Ε
769 4414 933 4470 domo
971 4432 1101 4487 ergo
1156 4420 1257 4475 viri
1297 4422 1427 4477 exiit
1477 4424 1627 4493 prior
1666 4426 1887 4497 conjux,
1915 4409 2036 4499 qua:

2161 4430 2271 4484 ιύτὸ
2327 4426 2460 4501 ἦρεν
2512 4431 2576 4484 ἐκ
2633 4409 2726 4484 τοῦ
2792 4432 2957 4502 μέσου
2981 4409 2991 4412 -
3017 4431 3374 4503 προσηλώσας
3434 4409 3567 4487 αὐτὸ
3623 4431 3705 4502 τῷ

458 4516 645 4558 coram
675 4502 794 4558 viro
819 4506 1046 4575 gratiam
1079 4522 1187 4562 non
1214 4508 1438 4576 invenit,
1464 4514 1607 4583 quod
1647 4515 1861 4573 fmditas
1888 4518 1941 4573 in
1966 4535 2030 4575 ea

2161 4517 2384 4591 ιταυρῷ·
2419 4538 2437 4571 ι
2471 4521 2564 4573 καὶ
2593 4520 2803 4583 Παῦλος
2829 4520 2937 4592 γάρ
2967 4523 3047 4585 εἰς
3223 4521 3330 4575 ἀπὸ
3372 4520 3480 4575 τῶν
3532 4519 3705 4574 ἐθνῶν

455 4604 667 4663 reperta
702 4595 801 4664 sit;
848 4604 902 4651 ct
937 4606 1223 4669 postquam
1252 4602 1403 4670 abiit,
1434 4605 1587 4661 alteri
1621 4622 1741 4664 sese
1767 4610 2029 4680 applicuit

2134 4611 2227 4664 καὶ
2271 4611 2447 4682 ἕτεροι
2494 4611 2820 4684 προσήλυτοι
2876 4612 2984 4684 (60)
3032 4613 3271 4689 ἐγίνοντο
3313 4612 3408 4666 τοῦ
3464 4613 3696 4684 Ἰσραήλ.

527 4735 549 4765 ⁸
572 4734 788 4824 Deuter.
822 4754 918 4824 ait,
942 4748 996 4795 et
1019 4756 1129 4805 τιν,
1155 4751 1208 4797 et
1237 4759 1349 4824 ξνι,
1380 4755 1619 4824 e_t_s_:epe.
1680 4747 1716 4824 ξ
1745 4748 2052 4824 l-‘s_al._t.gtxn

2161 4755 2191 4808 ι.
2265 4751 2285 4783 "
2313 4750 2417 4808 lsa.
2448 4769 2532 4822 ιιι,
2560 4753 2606 4822 ι,
2637 4755 2693 4823 2,
2717 4757 2771 4813 5.
2847 4754 3046 4812 'Joan.
3077 4771 3191 4824 ιιι,
3227 4755 3320 4814 15.
3433 4752 3454 4784 ⁹
3488 4750 3678 4809 Matth.

453 4818 626 4873 xxv",
662 4807 751 4863 25.
830 4809 874 4841 ¹⁰
899 4809 1000 4866 lsa.
1038 4827 1213 4879 χχιιι,
1240 4807 1343 4870 14.
1408 4816 1448 4847 ¹¹
1478 4807 1651 4886 155.1,
1674 4817 1728 4874 8.
1808 4820 1849 4852 ³⁸
1873 4819 1988 4876 Col.
2011 4837 2072 4889 tt,
2097 4807 2189 4877 ³14.

526 4924 835 5008 (52)]υετὰ
852 4928 958 4983 τοῦ
987 4930 1313 4999 κληθέντος
1341 4933 1444 4987 ὑπ’
1471 4933 1719 5008 exalat-(ur
1739 4937 2027 5008 ἀγιάσμα-

450 5010 576 5087 τος.
620 4994 915 5087 ’ᾼγίασμῳ
951 4994 1127 5087 urer
1170 5021 1189 5053 ι
1219 4994 1613 5067 sanctuarium.
1638 5024 1658 5058 ι
1690 4994 1804 5074 vel',
1845 5026 1864 5060 ι
1893 4994 2023 5065 εἱιιι-

449 5085 732 5170 οιὶίίοξιίο,
763 5105 798 5170 λ
813 5102 945 5170 qua}.
964 5085 1210 5170 confudit
1233 5094 1484 5170 vulgatus
1514 5097 1782 5170 interpres
1817 5100 2018 5170 psalm.

447 5172 573 5222 nev,
600 5158 663 5213 6:
708 5175 728 5209 ι
764 5154 1134 5217 sanctimonia
1174 5173 1229 5219 et
1260 5154 1702 5237 magniﬁcentia)

447 5245 611 5329 illi)“,
642 5249 701 5303 ἐν
740 5248 820 5329 τῷ
859 5248 1159 5322 ἀγιάσματι
1193 5254 1379 5309 αὐτοῦ.
1413 5255 1692 5329 vulgatLt
1721 5260 1774 5315 in
1815 5245 2018 5318 sancti-

443 5321 699 5400 lieatione
735 5320 889 5401 ejus;
921 5338 940 5372 ι
992 5320 1269 5401 perperam
1288 5320 1559 5401 ἐμοι)ιίωὲ
1596 5326 1997 5401 Hieronymus:

448 5390 550 5443 «in
598 5391 911 5446 sanctuario
960 5390 1142 5462 ejus,»
1188 5403 1244 5449 et
1288 5390 1564 5469 Thargum
1616 5390 1863 5487 rrw'rpé,
1896 5421 1915 5452 ι
1947 5401 2003 5456 iu

442 5483 754 5557 sanctuario
784 5482 927 5557 ejus,
958 5500 979 5557 ξ
1014 5491 1069 5557 et
1099 5482 1271 5557 Syrus
1299 5502 1536 5557 quoque.
1568 5497 1622 5546 et
1656 5482 1853 5547 Arabs.
1887 5495 2009 5548 Sui-

441 5549 542 5633 tias
565 5564 579 5601 :
615 5549 884 5633 Ἀγίασμέι
906 5555 935 5607 6
956 5551 1096 5633 θεζος
1111 5549 1256 5633 ναός.
1280 5549 1462 5633 Aut/16'
1491 5549 1752 5633 Ἐγενήθη
1782 5562 2009 5617 Ἰουδαία

439 5617 1003 5701 «aggressa:
1020 5617 1296 5701 ἁγιαστία,
1310 5628 1404 5701 καί
1417 5617 1716 5701 ἁγιωσύνῆ.
1738 5617 2004 5689 Hunnus.

512 5684 626 5753 (53)
664 5684 921 5759 Σεμνῶν.
966 5684 1177 5765 Σεμνὰ,
1210 5684 1516 5769 τάάρῥητα
1562 5701 1656 5755 καὶ

2133 4940 2428 5013 μυστήρια,
2461 4938 2783 5013 Hesychius.

2220 4940 2428 5081 στηρια,
2461 4940 2783 5013 Hesychius.

2220 5009 2289 5082 5!
2349 5010 2711 5082 Αυνάμενονο
2743 5009 2898 5082 Lege,
2917 5011 3241 5082 δυναμένηγτ

2220 5010 2328 5081 54)‘
2349 5010 2711 5080 Δυνάμένον.
2743 5010 2887 5080 Lege
2917 5011 3241 5082 δυναμένην.

2191 5010 2306 5152 ί55)
2348 5080 2574 5150 Ὰφεῐλε
2602 5080 2732 5152 γὰρ,
2750 5081 2907 5151 φησι
2933 5082 3167 5150 Κύριος.
3188 5078 3355 5148 LXX,
3382 5082 3491 5135 lsa.
3513 5093 3596 5148 ιιι,
3634 5080 3690 5146 ί,

2125 5149 2606 5304 ῗφὲἕῖηταιτα
2626 5222 3051 5292 κατισχύοντα.
3086 5218 3249 5287 LXX,
3273 5220 3378 5277 lsa.
3402 5233 3489 5288 ιιι,
3506 5216 3564 5287 2,
3591 5219 3691 5275 καὶ

2121 5289 2617 5440 ἰᾝῖἷτὲξιρασᾱν.
2647 5359 2786 5440 Lege
2809 5360 3116 5440 Βαραϐϐᾶν.
3215 5434 3231 5440 Α
3259 5429 3272 5440 .
3435 5428 3450 5440 _
3470 5428 3504 5440 υ

2190 5428 2305 5499 (58)
2338 5428 2861 5501 ΑὈπωροφυλάκιον
2893 5428 2972 5485 ’ἐν
3014 5429 3373 5499 σικυηλάτφ.
3420 5428 3593 5497 Alias,
3623 5429 3690 5485 ἐν

2118 5499 2706 5642 of
2728 5568 2794 5624 τὸ
2814 5572 3223 5642 χειρόγραφον.
3260 5570 3472 5626 Coloss.
3499 5583 3562 5637 ιι,
3592 5569 3687 5639 ιι,

2117 5637 2177 5690 τδ
2194 5637 2334 5719 3599’
2354 5638 2523 5719 ,ήμῷν
2554 5637 2937 5719 triremi?”-

2188 5707 2300 5779 (60)
2354 5707 2485 5765 Ἀπὸ
2526 5707 3043 5781 εἰηίὲθὶθῶν...καὶ
3067 5710 3255 5781 ἕτεροι
3285 5710 3679 5781 προσήλυτοι-
