4032 6308
419 349 555 425 tam

1362 360 1710 417 COMMENT.
1754 360 1819 416 IN
1860 360 2274 420 MATTHJ‘ZUM
2314 361 2548 418 TOMUS
2574 362 2713 417 XIV.

3524 367 3663 422 ms

422 482 649 553 Ἐξῆλθε
692 482 881 536 τοίνυν*
913 482 945 552 ἠ
977 482 1216 554 προτέρα
1248 481 1381 556 γυνὴ
1427 486 1460 554 ἡ
1505 482 1579 555 μὴ
1622 481 1855 555 εὑροῦσα
1895 483 1993 553 χά-

2097 484 2232 548 viro,
2262 483 2352 539 cui
2393 499 2451 538 se
2487 484 2759 548 submisit,
2803 484 2916 538 sive
2966 484 3137 538 virum
3182 484 3325 539 lnme
3361 483 3667 539 Barabbam

415 592 503 648 ριν
568 574 811 631 δναντίον·
848 571 945 625 τοῦ
983 572 1212 644 ἀνδρὸς,
1264 574 1342 646 τῷ
1403 572 1664 645 εὑρῆσθαι
1734 574 1793 643 ὲν
1852 575 1987 645 αὐτῇ

412 667 660 737 ἄσχημον
724 664 988 734 πρᾶγμα,
1049 664 1156 717 άπδ
1218 665 1318 736 τῆς
1381 664 1558 729 οἰκίας
1625 662 1720 718 τοῦ
1764 661 1993 736 ἀνδρὸςξ

414 757 509 810 καὶ
556 755 862 809 ἀπελθοῦσα
906 754 1198 826 γεγένηται
1249 756 1406 828 άνδῷ.
1461 757 1653 828 ἑτέρῳ,
1704 749 1748 825 ᾧ
1796 757 1991 828 ἑαυτὴν

412 843 702 910 ὑπέταξεν,
733 845 843 898 εἴτε
873 845 1128 919 Βαραϐάν
1165 846 1273 919 (61)
1303 847 1394 902 τὸν
1429 846 1630 918 λῃστὴν
1672 847 1776 918 χρὴ
1811 846 1993 917 λέγειν

412 936 503 991 τὸν
549 936 742 1009 ἄνδρα,
775 936 906 991 εντα
945 938 1222 1009 τροπικῶς
1259 939 1351 992 τδν
1397 937 1661 1004 διάϐολον,
1710 939 1818 992 εἴτε
1866 938 1988 993 τινὰ

412 1028 642 1101 δύναμιν
669 1028 934 1101 πονηράν.
964 1030 1081 1083 Kal;
1101 1029 1205 1083 ὲπί
1229 1047 1389 1084 τινων
1421 1031 1519 1101 μέν
1545 1031 1644 1101 τῆς
1672 1030 1988 1101 συναγωγῆς

414 1123 631 1196 ὲκείνης
656 1123 972 1195 συμϐέϐηκε
1003 1124 1061 1177 1:6
1090 1124 1352 1196 πρότερον
1379 1126 1437 1178 ὲν
1463 1122 1541 1195 τῷ
1569 1122 1718 1195 νόμῳ
1745 1139 1989 1194 γεγραμ-

419 1214 598 1286 μένον,
648 1217 733 1286 ἐφ’
782 1215 986 1288 ἑτέρων
1024 1215 1081 1269 δὲ
1129 1215 1189 1269 τὸ
1230 1214 1511 1289 δεύτερον·
1554 1218 1583 1270 6
1621 1214 1735 1287 γὰρ
1771 1214 1990 1285 taxato;

417 1305 556 1378 ἀνὴρ
599 1305 829 1379 ἐμίσησε
867 1305 967 1379 τὴν
1019 1309 1274 1375 γυναῖκα,
1323 1309 1419 1361 καὶΙ
1460 1307 1661 1379 γράφει
1697 1303 1808 1377 (62)
1853 1305 1988 1375 αὐτῇ

420 1412 551 1450 ποτε
582 1396 676 1450 ἐπὶ
710 1395 852 1450 τέλει
880 1396 988 1450 τῶν
1019 1397 1360 1470 πραγμάτων
1406 1397 1609 1469 βιϐλίον
1638 1396 1991 1456 ἀποστασίου,

417 1486 576 1543 τοῦτο
611 1488 1017 1559 οἱκονομοῦντος
1039 1488 1133 1541 τοῦ
1170 1489 1326 1555 Θεοῦ,
1359 1490 1451 1544 καὶ
1469 1488 1627 1543 δώσει
1662 1491 1745 1552 εἰς
1770 1487 1868 1551 τὰς
1896 1488 1988 1557 χεῖ-

423 1596 523 1652 ρας
562 1580 757 1651 αὐτῆς,
804 1581 904 1633 καί.⁴
948 1579 1295 1647 ὲξαποστελεῖ
1342 1580 1509 1651 αὐτὴν
1560 1582 1624 1633 ὲκ
1670 1579 1767 1650 τῆς
1822 1577 2009 1641 οἰκίας

2091 590 2213 630 esse
2240 574 2529 629 dicendum
2559 583 2665 640 est,
2704 589 2815 644 quo
2857 573 3107 629 diabolus
3147 574 3353 643 tropice
3392 576 3669 645 significa-

2082 673 2202 731 'tur,
2244 662 2406 734 65.3
2453 665 2568 719 sive
2602 663 2865 718 nefariam
2917 663 3154 734 aliquam
3206 671 3547 733 potestatem.
3602 662 3667 719 Et

2093 774 2220 814 vero
2249 759 2574 829 quibusdam
2612 776 2679 816 ex
2722 760 2811 814 illa
2846 748 3118 831 synaéotga
3167 757 3393 828 contigit
3424 757 3476 812 id
3520 760 3666 828 quod

2094 851 2147 905 in
2181 852 2298 921 lege
2328 851 2510 921 priore
2546 851 2665 907 loco
2692 851 2952 920 scriptum
2989 858 3108 913 est;
3150 849 3273 904 aliis
3301 858 3479 904 autem
3521 848 3667 920 quod

2092 942 2365 1006 secundo;
2400 951 2709 1011 postremus
2735 942 2880 996 enim
2914 940 3002 995 ille
3034 941 3118 994 vir
3146 954 3370 994 uxorem
3401 938 3527 994 odio
3572 939 3669 992 ha-

2099 1031 2237 1098 buit,
2268 1039 2322 1086 et
2349 1032 2397 1087 ei
2428 1032 2642 1089 tandem
2673 1031 2964 1102 aliquando
3005 1031 3059 1085 in
3104 1031 3210 1086 line
3241 1046 3422 1084 rerum
3452 1027 3664 1099 repudii

2094 1122 2333 1178 libellum
2360 1124 2424 1189 ¹³,
2455 1123 2564 1178 Deo
2591 1124 2642 1179 id
2673 1131 2962 1189 statuente,
2999 1122 3218 1189 scribet,
3256 1121 3417 1191 eique
3461 1121 3514 1174 in
3556 1135 3669 1173 ma-

2097 1229 2201 1269 nus
2226 1213 2395 1280 dabit,
2430 1223 2478 1269 et
2522 1215 2669 1269 illam
2706 1214 2771 1269 de
2803 1214 2968 1269 domo
3015 1228 3112 1269 sua
3156 1212 3369 1283 ejiciet;
3409 1208 3670 1280 quemad-

2099 1304 2320 1359 modum
2353 1305 2497 1360 enim
2528 1325 2546 1357 ι
2576 1305 2891 1360 inimicitias
2916 1314 3078 1375 ponet
3109 1312 3413 1373 serpentem
3452 1302 3591 1356 inter
3615 1308 3668 1353 et

2100 1393 2787 1461 mulierennbonusDeus,
2809 1415 2827 1447 ι
2855 1397 3064 1453 etinter
3097 1410 3282 1451 semen
3315 1395 3455 1464 ejus,
3497 1402 3550 1448 et
3586 1409 3671 1447 sc-

2101 1501 2223 1542 men
2254 1487 2474 1550 illius“;
2505 1505 2523 1538 ι
2544 1486 2826 1543 itaeﬂieiet
2860 1487 3025 1553 Deus,
3068 1495 3128 1541 ut
3154 1501 3273 1541 eam
3316 1486 3440 1540 odio
3474 1485 3671 1539 habeat

2099 1588 2406 1648 postremus
2433 1579 2535 1633 vir.

417 1672 615 1728 αὐτοῦ’
662 1674 738 1737 ὡς
778 1674 883 1747 γὰρ
932 1693 951 1727 ι
1017 1674 1217 1747 ἔχθραν
1268 1695 1286 1728 ι
1351 1676 1381 1727 6
1433 1674 1633 1744 ἀγαθὸς
1673 1672 1805 1736 Θεὸς
1851 1691 1869 1723 ι
1914 1672 2066 1741 θήσει
2103 1672 2205 1725 ἀνᾶ
2259 1675 2425 1744 μέσον
2467 1673 2561 1728 τοῦ
2609 1675 2783 1744 ὄφεως
2827 1676 2919 1729 καὶ
2973 1676 3069 1745 τῆς
3112 1677 3389 1743 fama",
3438 1673 3529 1725 καὶ
3569 1671 3670 1724 ἀνῖι

421 1768 585 1839 μέσον
624 1767 719 1822 τοῦ
765 1769 1075 1841 σπέρματος
1124 1769 1312 1835 αὑτοῦ,
1370 1770 1463 1823 καί⁹
1510 1769 1614 1823 άνὰ
1669 1769 1838 1841 μέσον
1896 1765 1990 1818 τοῦ
2051 1765 2364 1839 σπέρματος
2430 1770 2620 1841 αὐτῆς,
2656 1790 2673 1821 ι
2725 1768 2896 1832 οὕτως
2933 1771 3295 1839 οἰκονομήσει,
3346 1766 3431 1819 ἵνα
3466 1764 3669 1834 μισήσῃ

414 1863 590 1933 αὐτὴν
621 1864 650 1917 6
672 1863 810 1936 ἀνὴρ
837 1866 866 1917 6
900 1863 1141 1934 ἔσχατος.

488 1956 610 2010 Εἰσί
653 1958 709 2011 δὲ
758 1953 839 2022 οἷς
887 1958 1203 2031 συμϐέϐηκε
1247 1963 1515 2015 συνοικεῖν
1558 1960 1651 2014 τὸν
1698 1960 1866 2031 ἄνδρα
1921 1957 1995 2028 μὴ

2167 1952 2256 2008 20.
2301 1953 2436 2009 Sunt
2484 1967 2612 2009 vero
2644 1952 2890 2008 nonnulli
2923 1967 3047 2007 cum
3093 1951 3295 2022 quibus
3341 1964 3447 2003 una
3492 1948 3667 2000 virum

420 2050 725 2119 μισήσαντα
772 2050 990 2115 αὐτοὺς,
1019 2051 1099 2123 τῷ
1148 2055 1482 2124 παραμεῖναι
1513 2054 1570 2107 ὲν
1598 2050 1676 2123 τῷ
1721 2050 1856 2123 οἴκῳ
1902 2048 1995 2103 τοῦ

417 2140 647 2211 ἐσχάτου
674 2141 868 2213 ἀνδρὸς
902 2142 1036 2215 (65),
1069 2144 1164 2197 καὶ
1190 2143 1445 2210 λαϐόντος
1491 2144 1668 2199 αὐτῶν
1701 2143 1797 2216 τὴν
1837 2160 1998 2198 συνα-

398 2230 602 2304 γωγὴν
628 2231 807 2303 ἑαυτῷ
831 2236 1067 2303 γυναῖκα
1085 2250 1098 2263 ο
1136 2233 1271 2288 ἀλλὰ
1296 2238 1388 2289 καὶ
1416 2235 1509 2288 ἐπὶ
1531 2235 1733 2289 τούτων
1758 2235 1997 2306 ἀποθνή-

420 2320 599 2375 σκειὸ
644 2320 872 2392 ἔσχατος
914 2322 1072 2394 ἀνὴρ,
1119 2324 1259 2393 τάχα
1299 2323 1466 2395 ήνίκα
1510 2323 1577 2378 ἂν
1627 2342 1647 2376 ‹
1699 2327 1729 2379 6
1773 2324 1999 2395 ἔσχατος

418 2412 611 2485 ιχθρὺς
641 2410 879 2485 Χριστοῦ
911 2416 1159 2485 καταρτῇ
1209 2413 1318 2486 (64)
1357 2414 1601 2479 θάνατος.
1636 2436 1658 2467 ι
1715 2416 1998 2488 Ὀπότερον

418 2504 475 2557 δὲ
507 2503 710 2558 τούτων
743 2504 810 2559 ἂν
853 2504 1097 2575 γένηται,
1139 2506 1248 2559 εἴτε
1279 2506 1340 2559 τὸ
1377 2506 1642 2580 πρότερον
1679 2507 1789 2560 εἴτε
1820 2508 1881 2562 τὸ
1910 2526 1999 2562 τεο

418 2597 664 2652 λευταῖον
715 2599 783 2669 τῇ
816 2599 1057 2666 γυναικὶ,
1090 2617 1109 2650 ς
1147 2600 1207 2653 οὐ
1251 2598 1541 2671 δυνήσεται
1572 2600 1711 2673 (65),
1743 2602 1925 2672 φησιν,
1970 2602 2010 2654 ὁ’

420 2688 559 2759 ἀνὴρ
589 2691 618 2743 6
649 2689 912 2760 πρότερος
938 2709 957 2740 ι
983 2691 1017 2744 6
1043 2689 1427 2756 ἐξαποστείλας
1459 2691 1648 2763 αὐτὴν,
1668 2691 2001 2764 ἐπαναστρέ-

420 2779 529 2846 ψας
582 2796 603 2829 t
646 2778 834 2832 λαϐεῖν
875 2780 1044 2852 αὐτὴν
1084 2781 1164 2853 τῷ
1196 2777 1331 2835 εἶναι
1363 2782 1540 2853 ἑαυτῷ
1572 2785 1825 2852 γυναῖκα,
1864 2783 2000 2854 μετὰ

421 2865 483 2919 τὸ
542 2868 831 2940 μιανθῆναι
882 2871 1070 2943 αὐτὴν,
1122 2874 1211 2926 ὅτε
1269 2873 1563 2946 βδέλυγμα,
1618 2876 1804 2947 φησιν,
1852 2876 2000 2930 ἐστὶν

421 2956 665 3011 ἐναντίον
710 2957 914 3030 Κυρίου
945 2962 1038 3014 τοῦ
1071 2961 1206 3015 Θεοῦ
1253 2980 1362 3017 σου.
1403 2983 1422 3017 ι
1462 2963 1620 3018 Ἀλλὰ
1658 2962 1830 3019 ταῦτα
1860 2965 1999 3032 δόξει

423 3045 498 3120 μή
528 3048 839 3122 κατάλληλα
862 3047 1002 3106 εἶναι
1030 3051 1107 3124 τῷ
1125 3070 1139 3083 ο
1175 3072 1195 3106 ‹
1241 3053 1364 3107 Ἐάν
1394 3054 1456 3108 τὸ
1483 3055 1757 3127 πλήρωμα
1780 3055 1886 3109 τῶν
1912 3056 2000 3109 ἐθ-

414 3136 526 3191 νῶν
553 3140 791 3213 εἰσέλθῃ,
812 3145 919 3206 πᾶς
963 3144 1178 3217 Ἰσραὴλ
1193 3146 1492 3217 σωθήσεται
1513 3163 1527 3177 ο
1556 3166 1575 3199 ι
1607 3148 1710 3219 ὅρα
1740 3147 1797 3201 δὲ
1829 3150 1877 3201 εἰ
1909 3147 1999 3202 δύ·-

418 3247 574 3313 ναται
611 3232 706 3285 καί
740 3234 876 3306 πρὸς
902 3232 1061 3289 τοῦτο
1100 3233 1378 3304 λέγεσθαι,
1413 3237 1496 3291 ὅτι
1532 3238 1771 3304 πάντως,
1808 3241 1857 3293 εἰ
1896 3257 1999 3293 σω-

416 3321 664 3394 θήσεται,
688 3324 769 3397 τῷ
816 3326 909 3381 τὸν
939 3327 1109 3399 ἄνδρα
1155 3328 1331 3399 αὐτῆς
1368 3329 1460 3383 τὸν
1502 3330 1766 3403 πρότερον
1796 3332 1999 3388 ὲπανα-

420 3412 727 3483 στρέψαντα
746 3413 931 3469 λαϐεῖν
954 3415 1130 3489 αὐτὴν
1151 3416 1230 3488 τῷ
1257 3412 1397 3473 εῖναι
1428 3418 1578 3491 αὐτῷ
1600 3423 1834 3490 γυναῖκα
1864 3423 2001 3493 μετὰ.

415 3500 478 3555 τὸ
512 3503 803 3574 μιανθῆναι
826 3506 997 3579 αὐτὴν
1031 3506 1356 3577 σωθήσεται.
1398 3506 1599 3578 ’ἱερεὺς
1622 3509 1720 3581 μὲν
1749 3504 1844 3565 οὖν
1866 3512 2000 3583 πόρ-

414 3608 516 3664 νην
549 3593 642 3647 καὶ
663 3594 892 3668 ὲκϐεϐλη
901 3597 1071 3670 μένην
1101 3600 1162 3653 οὺ
1192 3598 1431 3672 λήψεται.
1454 3601 1654 3671 ἑαυτῷ,
1678 3604 1912 3669 γυναῖκα
1938 3602 2009 3656 δέ.

413 3698 503 3745 τις
550 3681 659 3758 (66)
705 3687 765 3739 οὐ
820 3686 1110 3753 κωλύεται,
1155 3690 1239 3754 ὡς.
1277 3690 1631 3762 ὑποϐεϐηκὼς
1680 3693 1772 3746 τὸν
1826 3692 1994 3766 ἰερέα,

418 3774 644 3846 ποιῆσαι
670 3775 732 3830 τὺ
774 3767 1033 3834 τοιοῦτον.
1079 3781 1216 3834 Ἀλλ’
1246 3781 1343 3837 ἐὰν
1374 3784 1502 3855 περὶ
1526 3783 1628 3855 τῆς
1673 3784 1782 3839 τῶν
1829 3786 1996 3842 ἐθνῶν

419 3864 662 3935 κλήσεως
716 3865 814 3938 τὴν
868 3868 1082 3941 πόρνην
1132 3870 1321 3942 ζητῇς,
1376 3871 1573 3945 χρήσῃ,
1611 3870 1726 3942 τῷο
1776 3890 1796 3924 t
1849 3873 1997 3927 Λάϐε

419 3955 632 4027 σεαυτῷ
662 3960 897 4026 γυναῖκα
922 3960 1197 4033 πορνείας,
1234 3961 1327 4016 καὶ
1350 3961 1517 4015 τέκνα
1548 3961 1822 4034 πορνείας,
1853 3983 1872 4016 ›
1903 3966 1998 4018 καὶ

415 4048 531 4110 τοῖς
569 4046 694 4118 ἑξῆς
715 4064 729 4078 ·
762 4048 838 4113 ὡς
868 4050 977 4122 γὰρ
999 4052 1047 4104 οἰ
1077 4052 1240 4123 ἱερεῖς
1267 4052 1324 4104 ὲν
1349 4050 1427 4122 τῷ
1462 4052 1591 4123 ἱερῷ
1627 4052 1689 4106 τὸ
1728 4053 1995 4108 σάϐϐατον

418 4137 777 4211 βεϐηλοῦντες
801 4142 1033 4197 ἀναίτιοί
1063 4143 1202 4197 εἰσιν
1225 4160 1239 4173 ’
1274 4142 1446 4208 οὕτως
1474 4145 1534 4198 ἐν
1564 4144 1737 4216 καιρῷ
1779 4146 1999 4218 λαμϐά-

414 4248 526 4285 νων
566 4235 799 4302 γυναῖκα
827 4234 1082 4308 πορνείας
1106 4237 1135 4288 6
1164 4236 1439 4289 ἐκϐάλλων
1462 4237 1562 4309 τὴν
1593 4238 1868 4310 προτέραν
1898 4255 1995 4307 γυ-

414 4325 579 4378 ναῖκα
600 4326 696 4379 καὶ
715 4325 955 4389 ἀναίτιός
977 4328 1116 4389 ἐστι,
1132 4327 1359 4397 ποιήσας
1382 4326 1512 4383 αὐτὸ
1537 4327 1678 4382 κατὰ
1698 4327 1796 4399 τὴν
1824 4329 1994 4400 πρόσ-

414 4414 567 4479 ταξιν
597 4414 715 4480 τοῦ,
742 4417 830 4470 ὅτε
862 4417 961 4483 δεῖ,
996 4417 1258 4482 εἰπόντος,
1288 4419 1380 4471 καὶ
1423 4418 1527 4482 ἕως
1563 4419 1731 4490 ἐχρῆν
1757 4419 1857 4473 τό·
1889 4420 1929 4472 Γ
1932 4438 1992 4471 υ-

416 4505 579 4558 ναῖκα
626 4505 829 4577 πόρνην
856 4507 916 4560 οὐ
958 4507 1184 4579 λήψεται
1206 4527 1220 4541 σ
1254 4508 1349 4563 καῖ
1374 4508 1462 4562 ὅτε
1494 4507 1713 4579 εὔλογον
1739 4506 1828 4583 ἦν,
1862 4513 1995 4583 φησί

2101 2047 2349 2103 habitare
2381 2046 2646 2116 contingit
2676 2045 2900 2099 minime
2926 2059 3021 2099 eos
3050 2042 3178 2097 odio
3209 2041 3663 2105 babentem,cum

2102 2139 2154 2193 in
2186 2138 2287 2193 viri
2320 2138 2482 2194 domo
2533 2144 2828 2200 maneant,
2871 2135 2966 2205 qui
3008 2143 3063 2188 et
3101 2148 3291 2188 eorum
3338 2146 3667 2204 synagogam

2100 2231 2384 2301 conjugem
2425 2228 2527 2284 sibi
2566 2228 2838 2298 sumpsit;
2886 2226 2980 2282 sed
3017 2233 3072 2281 et
3116 2233 3345 2279 mortem
3384 2222 3498 2277 obit
3532 2224 3670 2276 inte-

2101 2322 2204 2385 rim
2240 2329 2546 2390 postremus
2580 2320 2684 2384 vir,
2716 2327 2831 2373 tum
2863 2316 3097 2373 fortasse
3126 2331 3251 2373 cum
3285 2335 3304 2367 ι
3335 2314 3670 2370 novissimus

2102 2412 2276 2466 hostis
2319 2410 2522 2465 Christi
2568 2409 2866 2464 destruitur
2908 2422 3058 2462 mors
3083 2408 3147 2462 ³⁵.
3181 2427 3200 2461 ι
3246 2407 3316 2462 At
3355 2404 3674 2461 utrumlibet

2102 2502 2319 2564 liorum,
2342 2501 2456 2557 sive
2485 2501 2656 2572 prius,
2688 2501 2801 2556 sive
2822 2508 3159 2571 postremum
3192 2498 3410 2569 conjugi
3436 2496 3667 2561 eveniat,

2108 2611 2127 2643 ι
2158 2610 2264 2648 non
2301 2594 2518 2663 poterit.
2552 2593 2810 2663 inquit“,
2842 2592 2990 2663 prior
3022 2590 3254 2647 maritus
3275 2609 3295 2643 ι
3317 2580 3550 2661 quieam
3588 2588 3671 2645 di-

2102 2681 2823 2751 misit,reversus«recipere
2853 2698 2974 2737 eam
3009 2681 3063 2736 in
3098 2697 3349 2746 uxorem,
3379 2691 3668 2752 postquam

2102 2773 2304 2845 polluta
2329 2786 2443 2839 est,
2477 2774 2700 2845 quando
2731 2774 3139 2840 abominabilis,
3167 2776 3378 2845 inquit,
3412 2774 3552 2830 facta
3584 2783 3669 2831 est

2102 2880 2284 2920 coram
2313 2863 2545 2920 Domino
2572 2862 2682 2920 Deo
2715 2874 2826 2920 tuo.
2863 2884 2881 2916 ι
2930 2866 3036 2921 Sed
3069 2865 3184 2920 haec
3209 2881 3318 2920 non
3345 2864 3671 2920 videbuntur

2100 2957 2222 3013 istis
2262 2971 2604 3027 congruere:
2636 2974 2654 3008 ι
2687 2955 2743 3011 Si
2775 2955 3052 3026 plenitudo
3080 2955 3319 3026 gentium
3352 2955 3667 3019 intraverit,

2101 3047 2281 3103 omnis
2330 3046 2496 3103 Israel
2543 3049 2729 3104 salvus
2748 3047 2895 3103 fiet"
2917 3064 2963 3114 ;»
2983 3063 3169 3102 verum
3202 3047 3571 3103 animadverte
3600 3062 3668 3101 an

2101 3137 2167 3191 ad
2200 3136 2253 3191 id
2300 3138 2613 3207 responderi
2648 3146 2847 3208 queat,
2881 3137 3027 3208 quod
3073 3137 3118 3193 si
3150 3138 3379 3193 salutem
3410 3137 3668 3207 adeptum

2101 3238 2217 3291 est,
2262 3242 2484 3283 necesse
2514 3228 2584 3282 sit
2609 3267 2625 3292 .
2660 3236 2720 3283 ut
2758 3242 2977 3284 reverso
3008 3227 3187 3297 priore
3216 3228 3413 3283 marito
3453 3243 3572 3285 eam
3614 3232 3670 3286 in

2100 3320 2386 3390 conjugem
2413 3320 2518 3375 sibi
2549 3330 2826 3385 sumente,
2855 3327 3144 3389 postquam
3177 3319 3382 3389 polluta
3427 3327 3546 3384 est,
3582 3335 3672 3375 sa-

2101 3411 2266 3465 lutem
2298 3421 2684 3481 consequatur.
2718 3409 3058 3465 Meretricem
3084 3410 3303 3481 quidem
3332 3419 3388 3466 et
3421 3411 3673 3482 repudia~

2101 3511 2210 3556 tam
2242 3503 2495 3559 sacerdos
2526 3518 2749 3559 uxorem
2788 3503 2889 3558 sibi
2918 3518 3024 3558 non
3056 3503 3375 3572 accipiet”;
3406 3512 3460 3557 et
3491 3503 3670 3573 quivis

2098 3601 2274 3666 alius,
2328 3608 2515 3670 utpote
2558 3600 2838 3656 sacerdote
2884 3598 3139 3665 inferior,
3184 3597 3478 3669 quominus
3528 3596 3668 3652 idem

2101 3690 2287 3757 faciat,
2317 3689 2542 3744 minime
2574 3689 2913 3759 prohibetur.
2942 3687 3048 3743 Sed
3073 3688 3120 3743 si
3144 3688 3198 3742 in
3230 3687 3512 3742 vocatione
3542 3701 3672 3755 gen-

2100 3782 2233 3835 tium
2284 3780 2621 3835 meretricem
2664 3778 3011 3850 quaesiveris,
3060 3777 3163 3835 hoc
3206 3779 3325 3833 loco
3376 3778 3544 3831 utitor
3575 3776 3616 3809 ¹⁹
3653 3795 3667 3831 :

2103 3892 2121 3924 ι
2154 3870 2319 3926 Sume
2346 3871 2441 3925 tibi
2466 3887 2693 3926 uxorem
2725 3868 3469 3934 fornicationum,et-liberos
3499 3864 3669 3921 forni-

2095 3967 2393 4029 cationum,
2419 3983 2438 4016 ι
2471 3971 2525 4018 et
2555 3978 2678 4033 qua;
2710 3971 2849 4019 sunt
2871 3963 3127 4032 deinceps
3162 3979 3178 4017 :
3210 3959 3669 4032 quemadmodum

2096 4055 2240 4110 enim
2270 4054 2565 4108 Sabbatum
2600 4054 2865 4110 violantes
2897 4053 2951 4107 in
2980 4052 3186 4122 templo
3218 4050 3531 4107 sacerdotes
3560 4052 3670 4107 cri-

2098 4147 2244 4201 mine
2275 4146 2567 4213 vaeant";
2590 4146 2664 4200 ita
2691 4145 2786 4215 qui
2814 4144 3041 4200 dimissa
3068 4144 3250 4215 priore
3283 4144 3513 4214 conjuge
3536 4158 3673 4199 uxo-

2097 4252 2220 4290 rem
2259 4235 2635 4293 fornicationis
2683 4245 2986 4306 opportune
3030 4251 3095 4290 ac
3129 4235 3450 4306 tempestive
3484 4235 3667 4299 ducit,

2095 4324 2333 4397 et.culpa
2357 4334 2512 4381 vacat
2535 4327 2632 4396 qui
2678 4326 2731 4380 id
2779 4324 2911 4381 facit
2941 4326 3201 4381 mandato
3247 4325 3368 4396 ejus
3390 4327 3670 4396 obtelnpe-

2097 4435 2225 4475 rans
2257 4420 2350 4490 qui
2397 4420 2620 4490 quando
2647 4428 2702 4474 et
2732 4429 3005 4490 quatenus
3056 4419 3310 4475 meretrix
3351 4435 3461 4475 non
3504 4420 3576 4474 sit
3611 4420 3667 4474 in

2096 4527 2319 4567 uxorem
2367 4511 2651 4580 sumenda,
2696 4512 2899 4568 edixit:
2938 4520 2995 4567 at
3026 4511 3246 4582 quando
3282 4512 3336 4566 id
3367 4527 3669 4581 congruere

414 4593 478 4647 τό
499 4610 514 4625 ·
546 4614 565 4645 ι
596 4594 740 4648 Λάϐε
774 4596 985 4668 σεαυτῷ
1020 4602 1244 4667 γυναῖκα
1264 4601 1519 4672 πορνείας
1541 4618 1555 4631 ·
1596 4620 1615 4653 ›
1642 4600 1717 4665 ὡς
1748 4601 1856 4673 γάρ
1882 4602 1995 4657 Κύ-

2097 4605 2273 4659 visum
2298 4613 2382 4659 est
2405 4644 2420 4668 ,
2454 4604 2535 4660 sic
2562 4605 2638 4659 ait
2663 4623 2677 4660 :
2711 4623 2730 4656 ι
2759 4602 2928 4659 Sume
2961 4604 3057 4658 tibi
3087 4619 3314 4660 uxorem
3349 4603 3668 4659 fornicatio~

418 4686 531 4756 ριός
556 4687 671 4739 ἐστι
702 4687 797 4740 τοῦ
835 4688 1101 4744 σαϐϐάτου
1133 4693 1162 4745 6
1196 4692 1322 4757 Υἱὸς
1348 4692 1442 4746 τοῦ
1486 4693 1793 4766 ἀνθρώπου,
1817 4695 1911 4749 καὶ
1930 4696 1991 4749 οὐ

412 4776 597 4842 δοῦλος
622 4778 715 4833 τοῦ
751 4780 1041 4847 σαϐϐάτου,
1064 4782 1139 4847 ὡς
1168 4785 1196 4838 6
1227 4783 1374 4851 λαὸς,
1404 4784 1578 4850 οὕτως
1605 4785 1810 4859 Κύριός
1844 4788 1999 4841 ἐστιν.

410 4870 442 4921 6
464 4868 553 4922 τὸν
583 4869 744 4936 νόμον
775 4870 970 4936 διδοὺς,
1003 4873 1201 4927 διδόναι
1229 4876 1328 4945 μὲν
1348 4895 1366 4926 ι
1392 4877 1520 4948 ἄχρι
1538 4876 1739 4948 ’καιροῦ
1766 4875 1990 4949 διορθώ-

416 4977 573 5025 σεως,
588 4980 607 5013 ι
627 4962 723 5016 καὶ
744 4963 1030 5020 ἀλλάσσειν
1053 4965 1232 5038 νόμον
1258 4968 1578 5032 ἐπιστάντος
1599 4968 1656 5022 δὲ
1679 4968 1773 5023 τοῦ
1796 4970 1989 5044 καιροῦ

2094 4713 2247 4754 ιιιιιη.
2280 4716 2299 4749 ι
2335 4695 2490 4752 Sicut
2520 4697 2667 4752 enim
2690 4696 2957 4755 Dominus
2986 4705 3070 4753 est
3108 4694 3333 4751 Sabbati
3362 4694 3535 4751 Filius
3567 4695 3668 4751 ho-

2094 4790 2293 4853 minis,
2325 4804 2425 4845 nec
2449 4788 2673 4844 Sabbati
2710 4804 2926 4857 servus,
2963 4788 3318 4859 utpopulns;
3369 4789 3444 4843 ita
3465 4789 3558 4860 qui
3588 4790 3668 4845 lo-

2090 4896 2213 4952 gem
2245 4881 2357 4947 dat,
2390 4899 2408 4931 ι
2440 4896 2613 4951 usque
2639 4882 2707 4936 ad
2741 4890 2954 4951 tempus
2986 4881 3396 4936 correctionis“
3429 4900 3447 4933 ι
3492 4882 3663 4953 legem

2095 4971 2242 5028 ferre
2289 4981 2346 5027 et
2382 4980 2594 5027 mutare
2643 4979 2851 5042 potest;
2905 4972 3192 5043 ingruente
3238 4988 3368 5027 vero
3422 4980 3666 5044 tempore

486 5082 530 5113 "
553 5081 772 5160 ῼεςιιιθνΓ
801 5103 948 5160 ι-ιιιν,
968 5088 1019 5142 5.
1050 5157 1066 5160 Α
1099 5090 1143 5121 ¹δ
1163 5085 1406 5160 ϐριιειιι,
1432 5092 1517 5145 15.
1598 5090 1693 5144 "‘l
1719 5093 1846 5147 Cor.
1870 5095 1995 5159 ηε

2149 5095 2191 5128 ¹⁶
2220 5095 2435 5150 Denter.
2461 5109 2608 5160 χειν,
2637 5094 2691 5147 4.
2769 5093 2809 5124 ⁸⁷
2839 5091 2999 5148 Rom.
3034 5107 3112 5157 χι,
3132 5092 3223 5160 25,
3245 5093 3335 5149 26.
3414 5093 3457 5125 ¹⁶
3484 5091 3662 5150 Levit.

415 5166 529 5220 XXI,
563 5153 651 5211 Η.
751 5157 794 5190 ¹⁹
818 5156 953 5213 Osee
980 5175 1018 5222 ι,
1042 5157 1097 5212 2.

415 5263 498 5346 Ita
536 5271 707 5346 codex
736 5272 898 5346 habet
936 5273 1159 5344 Regius,
1212 5274 1542 5346 Anglicanus
1574 5285 1753 5332 autem
1789 5279 1989 5336 omittit

414 5338 739 5417 καξέτεροι,
773 5338 1042 5410 Quamvis
1062 5338 1242 5401 autem
1291 5338 1345 5400 i'n
1391 5356 1585 5401 neutro
1608 5350 1985 5413 mann'scripto

415 5408 604 5487 codice
636 5408 838 5487 ullum
878 5425 1136 5487 appareat
1194 5418 1406 5471 lacunae
1445 5417 1735 5487 vestigium
1759 5459 1773 5484 ,
1828 5408 1982 5476 locus

413 5482 869 5600 δηριῆιῦειγὶάθιυιι
918 5482 1172 5555 hiulcus,
1220 5487 1451 5557 ideoque
1500 5482 1794 5545 asteriscos
1827 5490 1982 5544 addi-

669 5566 775 5600 IIIS.

456 5561 496 5599 ιι
527 5561 775 5607 ttuetius.

636 5620 934 5702 Ιξγιρριϐᾶνζ
957 5622 1096 5696 Lege
1122 5634 1186 5702 nt_
1200 5641 1366 5702 supra
1390 5626 1705 5699 Βαραϐϐᾶν.

489 5686 600 5768 (ff?)
641 5688 881 5768 (Ελάεοξι-
918 5686 1306 5768 Legamus},

1198 5161 1243 5191 ²⁰
1277 5159 1467 5215 Matth.
1500 5176 1597 5228 xu,
1627 5161 1681 5216 5.
1757 5164 1800 5194 “
1833 5160 1996 5219 Hebr.
2029 5182 2104 5235 ix,
2131 5166 2219 5220 10.

2091 5280 2295 5353 Regius
2318 5288 2374 5354 et.
2397 5280 2752 5354 Anglicanus,
2778 5280 2915 5354 licet
2940 5277 3167 5339 liuetius
3194 5282 3248 5336 in
3282 5283 3525 5354 margine
3559 5298 3660 5338 vo—

2090 5349 2205 5422 cem
2234 5351 2464 5422 ἐσχάτου
2490 5349 2591 5422 son
2622 5349 2792 5422 [tegio
2830 5351 3054 5405 tribuat.

2157 5421 2270 5563 (64)
2300 5420 2607 5543 Καταρῑέἷ.
2639 5420 2791 5502 ,ιιεςβ
2810 5422 3173 5494 καταργῆται.

2179 5492 2269 5563 65)
2310 5491 2504 5563 Codex_
2570 5507 2742 5563 egjns,
2769 5490 3010 5563 δύναται.
3048 5559 3059 5563 _

2179 5492 2269 5563 65)
2310 5491 2504 5563 Codex_
2523 5490 2743 5563 Regius,
2769 5490 3010 5563 δύναται.

2155 5559 2289 5632 (66)
2310 5559 2576 5632 Γυναῖκα
2612 5559 2817 5632 δέλτις.
2848 5559 3160 5630 Legendutn
3192 5560 3330 5615 forte
3359 5580 3372 5617 :
3403 5566 3656 5630 γυναῖκα.

2088 5630 2257 5694 ἄλλος
2273 5631 2330 5683 δέ
2361 5647 2467 5694 τις,
2497 5630 2580 5685 vel
2609 5630 2738 5700 quid
2775 5632 2971 5696 simile,
3002 5643 3056 5685 et
3087 5633 3204 5687 licet
3251 5633 3302 5685 in
3345 5643 3536 5688 neutro
3566 5651 3658 5690 cu-

2087 5703 2207 5775 dicc
2238 5702 2610 5775 manuscripto
2638 5701 2806 5775 ullum
2831 5702 2904 5757 sit
2939 5702 3144 5758 lacuna:
3175 5703 3483 5775 vestigium,
3513 5703 3657 5762 liuo-

485 5757 597 5828 (65)
646 5757 939 5831 Ἐσχὰτου
972 5757 1222 5835 ἀνδρὸςί
1244 5765 1334 5823 Sic
1360 5767 1523 5827 habet
1558 5777 1785 5841 uterque
1811 5772 1978 5829 codex

2097 5774 2196 5828 tius
2227 5757 2552 5829 asteriscum
2581 5771 2813 5828 intersit.
