4032 6308
378 334 404 387 ‘l
414 332 521 387 239

1842 328 2160 386 ORICENIS

3478 328 3619 384 1226

373 448 735 504 correctionis
759 464 949 503 novam
984 450 1123 504 viam
1144 490 1158 516 ,
1197 463 1506 519 novumque
1547 464 1641 505 cor
1668 448 1721 509 in
1751 467 1769 503 ι
1802 458 1940 505 tem-

2049 449 2143 520 τῆς
2172 445 2529 520 διορθώσεως,
2563 447 2658 503 καὶ
2682 446 2882 501 διδόναι
2915 446 3052 519 μετὰ
3075 446 3173 518 τὴν
3208 446 3475 520 προτέραν
3500 450 3616 504 ὁόὸν

371 555 507 609 pore
539 550 795 608 accepto,
842 548 895 599 et
924 540 975 592 in
1005 541 1091 594 die
1123 540 1316 595 salutis
1334 542 1380 572 “
1411 560 1431 593 ι
1467 541 1597 599 dare
1628 550 1750 611 post
1794 542 1942 612 prio-

374 647 491 687 rem
520 632 664 685 viam
697 638 750 683 et
791 629 956 705 644
1006 631 1158 701 prius
1190 646 1305 686 cor.
1350 631 1528 701 Atque
1573 632 1690 688 hate
1719 632 1939 702 quidem

370 722 525 790 juxta
554 735 713 775 unam
743 720 1139 789 expositionem
1187 737 1350 793 super
1385 723 1549 778 libelli
1589 723 1797 794 repudii
1827 724 1942 793 lege

372 810 516 865 dicta
551 809 680 865 sint.

439 898 528 953 21.
571 896 891 963 ρυιοείνθιίι
925 908 1110 955 autem
1143 901 1341 971 aliquis
1370 916 1438 955 an
1481 901 1720 955 humana
1759 901 1942 954 anima

369 989 606 1058 conjux,
651 1000 705 1044 et
732 990 780 1043 ei
816 989 1103 1059 praefectus
1149 992 1405 1060 angelus,
1447 993 1727 1063 ipsiusque
1768 993 1941 1062 impe—

371 1080 513 1134 rium
543 1095 737 1151 gerens
759 1123 773 1146 ,
801 1097 926 1136 cum
955 1098 1063 1154 quo
1094 1098 1213 1137 eam
1248 1092 1465 1153 regente
1491 1084 1941 1138 consuetudinem

368 1170 532 1226 habet
575 1172 665 1227 illa
691 1213 705 1236 ,
738 1173 823 1228 vir
857 1175 1062 1245 tropice
1108 1174 1218 1228 dici
1262 1183 1462 1245 queat;
1496 1174 1632 1229 adeo
1665 1183 1723 1229 ut
1772 1190 1944 1230 unus-

368 1262 599 1332 quisque
621 1263 777 1332 juxta
805 1263 879 1328 id,
913 1265 1151 1318 animam
1179 1281 1300 1336 quae
1320 1265 1489 1320 divini
1518 1265 1692 1335 angeli
1720 1265 1939 1321 tutelam

370 1353 562 1406 merita
597 1353 799 1420 fuerit,
847 1354 1084 1426 legitime
1113 1356 1309 1422 ducat;
1340 1365 1396 1412 at
1422 1364 1543 1427 post
1569 1358 1785 1427 longam
1812 1372 1944 1412 eon-

369 1445 712 1499 suetudinem
743 1455 793 1500 et
830 1447 1152 1502 diuturnum
1188 1449 1577 1503 commercium
1625 1449 1739 1503 ﬁeri
1773 1449 1946 1518 possit

367 1541 429 1586 ut
473 1533 695 1592 {reditas
740 1536 922 1606 aliqua
974 1537 1027 1591 in
1087 1538 1271 1592 anima
1305 1546 1515 1607 reperta
1547 1554 1768 1594 causam
1809 1554 1945 1609 pra:-

366 1625 513 1691 beat,
544 1643 641 1682 cur
664 1628 894 1697 gratiam
923 1643 1108 1684 coram
1136 1630 1330 1700 angelo
1354 1640 1567 1686 rectore
1598 1648 1699 1687 suo
1725 1647 1789 1686 ac
1808 1631 1945 1686 duce

371 1730 480 1770 non
509 1716 786 1785 inveniat;
821 1726 934 1773 tum
962 1734 1089 1774 vero
1119 1719 1480 1791 chirographa
1520 1722 1683 1776 scribi
1733 1722 1945 1792 possint

371 1813 433 1859 ut
459 1807 742 1873 assolent,
792 1823 1005 1864 necnon
1034 1818 1081 1866 et
1124 1811 1287 1865 scribi
1320 1811 1534 1867 libellus
1567 1812 1816 1882 repudii,
1849 1813 1940 1884 qui

372 1899 426 1952 in
458 1914 656 1957 manus
696 1902 884 1956 uxoris
930 1903 1224 1972 repudiatae
1268 1903 1531 1970 tradatur,
1582 1911 1783 1958 utnon
1828 1918 1946 1959 am-

369 1989 520 2060 plius
560 1991 758 2060 prioris
808 1992 1038 2047 rectoris
1069 1991 1357 2048 familiaris
1416 1993 1485 2049 sit
1522 2001 1577 2050 et
1622 1993 1945 2063 domestica,

373 2091 661 2154 postquam
692 2084 761 2138 de
787 2083 955 2138 domo
986 2085 1132 2140 illius
1180 2085 1352 2157 ejecta
1382 2092 1500 2152 est;
1543 2085 1737 2141 deinde
1758 2100 1887 2142 vero
1914 2101 1945 2143 e

370 2175 544 2246 priori
590 2177 754 2230 domo
784 2184 1006 2231 extrusa
1036 2177 1188 2231 alteri
1226 2178 1343 2233 viro
1375 2178 1579 2233 nubere
1631 2179 1837 2248 possit,
1892 2189 1946 2235 et

372 2265 517 2336 apud
557 2281 682 2321 eum
728 2281 841 2322 rem
872 2282 1024 2322 suam
1060 2267 1347 2325 infeliciter
1381 2284 1604 2340 gerere;
1643 2286 1751 2325 non
1781 2271 1943 2326 modo

369 2360 599 2433 gratiam
643 2374 828 2414 coram
866 2376 931 2417 eo
977 2375 1087 2415 non
1134 2361 1449 2428 inveniens,
1483 2363 1942 2431 quemadmodum

371 2466 471 2505 nec
499 2450 639 2519 apud
667 2450 941 2519 priorem,
975 2452 1121 2521 quod
1156 2452 1210 2506 in
1257 2468 1323 2506 ea
1369 2452 1587 2510 fmditas
1615 2454 1940 2522 inveniatur,

371 2543 466 2598 sed
488 2543 617 2597 odio
638 2542 803 2597 etiam
836 2543 904 2597 ab
930 2543 1024 2599 illo
1053 2544 1266 2607 habita;
1309 2559 1519 2599 necnon
1545 2546 1613 2599 ab
1643 2545 1746 2601 hoc
1774 2545 1943 2600 altero

368 2633 585 2689 libellus
609 2633 685 2688 illi
714 2633 927 2704 repudii
953 2635 1141 2702 scribi,
1179 2644 1234 2692 et
1256 2652 1287 2691 a
1320 2645 1596 2707 postremo
1626 2638 1745 2693 viro
1776 2654 1806 2692 a
1834 2654 1943 2707 quo

368 2741 438 2780 ex
484 2724 655 2794 ipsius
685 2726 849 2779 domo
876 2724 1164 2782 deturbata
1193 2736 1308 2793 est,
1358 2728 1406 2783 ei
1456 2728 1509 2781 in
1554 2743 1751 2782 manus
1793 2729 1931 2783 dari.

369 2816 440 2871 At
465 2817 715 2886 quamvis
747 2812 926 2871 audax
953 2815 1025 2871 sit
1051 2827 1103 2872 et
1141 2819 1429 2873 temeraria
1458 2819 1711 2889 questio,
1740 2835 1807 2873 an
1841 2835 1939 2874 an-

369 2909 614 2977 gelorum
633 2908 742 2962 vita
766 2923 930 2978 quam
949 2924 1075 2964 cum
1110 2909 1425 2966 hominibus
1446 2920 1635 2981 agunt,
1652 2909 1942 2966 mutationi

372 3001 444 3054 sit
485 2999 718 3055 obnoxia
742 3038 757 3063 ,
806 3000 942 3056 adeo
968 3011 1028 3055 ut
1055 3012 1325 3070 quatenus
1352 3003 1460 3057 illis
1491 3001 1774 3056 nobiscum
1807 3018 1940 3058 con—

2042 544 2134 597 καὶ
2166 541 2302 613 μετὰ
2330 540 2427 611 τὴν
2460 538 2731 611 προτέραν
2754 538 2982 610 καρδίαν
3003 538 3120 592 ὁδὸν
3150 537 3342 610 ἑτέραν
3369 540 3465 595 καὶ
3490 557 3617 614 καρ-

2040 633 2156 686 δίαν
2180 632 2370 703 ἑτέραν
2395 649 2413 684 ι
2444 628 2622 700 και.ρῷ
2646 628 2817 698 δεκτῷ
2839 629 2936 682 καὶ
2960 630 3018 683 ὲν
3050 629 3230 702 ἡμέρᾳ
3260 632 3551 705 σωτηρίας.
3587 654 3606 686 ι

2040 724 2149 776 Καὶ
2178 721 2351 777 ταῦτα
2384 722 2480 792 μὲν
2509 720 2649 775 κατὰ
2680 720 2807 790 μίαν
2837 719 3084 790 διήγησιν
3117 719 3350 791 λελέχθω
3394 724 3476 788 εἰς
3519 723 3611 779 τὸν

2042 816 2169 886 περὶ
2201 812 2296 869 τοῦ
2330 812 2533 883 βιϐλίου
2563 811 2663 881 τῆς
2692 809 3028 873 ἀποστάσιας
3054 810 3237 881 νόμον.

2114 907 2351 977 Ζητήσαι
2391 904 2434 958 δ’
2474 903 2540 957 ἄν
2584 920 2668 967 τις
2714 905 2763 957 εί
2795 901 3015 957 δύναται
3045 904 3080 972 ἡ
3111 901 3424 977 ἀνθρωπίνη
3468 901 3613 978 ψυχὴ

2041 996 2314 1068 τροπικῶς
2351 993 2606 1063 λέγεσθαι
2646 992 2805 1065 γυνὴ,
2839 993 2935 1047 καὶ
2963 996 2992 1049 6
3021 994 3416 1065 προϊστάμενος
3447 993 3612 1066 αὐτῆς

2043 1088 2271 1157 ἄγγελος
2319 1088 2414 1143 καὶ
2463 1087 2644 1158 ἄρχων
2700 1086 2891 1156 αὐτῆς,
2943 1085 3078 1158 πρὸς
3123 1085 3181 1140 ὃν
3222 1086 3254 1156 ή
3305 1086 3612 1160 ἀναστροφὴ

2042 1180 2248 1249 γίνεται
2268 1180 2437 1249 αὐτῆς
2472 1178 2932 1249 κατακυριεύοντα
2966 1176 3159 1249 αὐτῆς,
3186 1176 3346 1250 ἀνὴρ,
3374 1177 3449 1241 ὡς
3474 1179 3613 1232 κατὰ

2042 1271 2196 1326 τοῦτο
2237 1271 2462 1324 ἕκαστον
2509 1269 2754 1341 νομίμως
2801 1271 3062 1323 συνοικεῖν
3102 1270 3171 1341 τῇ
3213 1267 3357 1338 ψυχῇ
3389 1267 3498 1340 (67)
3546 1271 3613 1340 τῇ

2044 1361 2168 1433 ἀξίᾳ
2185 1360 2516 1432 προστασίας
2540 1359 2683 1413 θείου
2705 1358 2955 1428 ἀγγέλου·
2980 1357 3185 1426 γένοιτο
3204 1357 3248 1411 δ’
3268 1356 3334 1411 ἄν
3352 1374 3480 1411 ποτε
3505 1355 3613 1432 (68)

2048 1452 2186 1526 μετὰ
2215 1452 2311 1523 τὴν
2343 1453 2434 1507 ἐπὶ
2454 1451 2646 1516 ,πλεῖον
2687 1449 2965 1521 διατριϐὴν
2996 1448 3441 1520 καὶσυνοίκησιν
3469 1449 3617 1503 αἰτία

2045 1544 2103 1599 ὲν
2122 1543 2267 1615 ψυχῇ
2287 1543 2381 1598 τοῦ
2411 1543 2486 1614 μὴ
2501 1542 2772 1614 εὑρίσκειν
2798 1541 2955 1611 χάριν
2978 1539 3214 1594 ἐναντίον
3230 1538 3324 1593 τοῦ
3343 1539 3619 1613 κυριεύον-

2042 1652 2135 1699 τος
2168 1636 2259 1691 καὶ
2305 1636 2563 1706 ἄρχοντος
2592 1633 2763 1704 αὐτῆς
2793 1632 3044 1701 ἀγγέλου,
3075 1631 3137 1684 τὸ
3165 1631 3511 1704 εὑρίσκεσθαι
3557 1632 3618 1686 ὲν

2045 1725 2179 1796 αὐτῇ
2212 1726 2455 1796 ἄσχημον
2488 1726 2738 1796 πρᾶγμα,
2772 1724 2865 1776 καὶ
2898 1723 3161 1794 γράφοιτο
3195 1722 3287 1787 ἂν,
3317 1722 3395 1787 ὡς
3419 1722 3619 1795 γράφε-

2045 1835 2154 1881 ται,
2201 1817 2559 1890 χειρόγραφα,
2610 1815 2873 1885 γράφοιτο
2924 1813 2983 1867 δὲ
3027 1811 3229 1882 βιϐλίον
3263 1812 3619 1877 ἀποστασίου,

2043 1907 2314 1978 διδόμενον
2353 1909 2431 1970 είς
2459 1905 2556 1969 τὰς
2587 1907 2775 1977 χεῖρας
2801 1903 2901 1974 τῆς
2932 1901 3357 1973 ἐκϐαλλομένης,
3387 1903 3474 1955 ἴνα
3509 1920 3616 1975 μη-

2045 1998 2159 2054 κέτι
2190 1997 2364 2054 οίκεία
2452 1996 2546 2049 τοῦ
2590 1996 2854 2069 προτέρου
2888 1994 3192 2066 προστάτου
3218 1997 3254 2066 ἡ
3294 1995 3619 2063 ἐξαποστελ-

2043 2088 2241 2159 λομένη
2294 2089 2357 2145 ἐκ
2395 2087 2496 2158 τῆς
2543 2087 2719 2150 οἰκίας
2763 2085 2926 2143 αὑτοῦ
2952 2102 2965 2115 ο
3000 2085 3095 2139 καὶ
3136 2084 3344 2154 γένοιτο
3388 2086 3433 2139 δ’
3471 2086 3537 2141 ἂν
3581 2087 3617 2159 ἡ

2044 2178 2348 2233 ἀπελθοῦσα
2373 2177 2480 2232 ἀπὸ
2500 2177 2600 2249 τῆς
2630 2178 2899 2251 προτέρας
2929 2177 3101 2241 οἰκίας
3128 2179 3297 2248 ἑτέρῳ
3324 2177 3499 2249 ἀνδρὶ,
3525 2179 3618 2233 καὶ

2044 2271 2288 2345 ἀτυχήσῃ
2332 2269 2399 2323 ἂν
2432 2269 2562 2340 παρ’
2593 2267 2762 2338 αὐτῷ,
2793 2267 2855 2321 οὐ
2888 2267 3045 2339 μόνον
3078 2266 3152 2330 ὡς
3181 2268 3272 2319 ἐπὶ
3302 2266 3397 2320 τοῦ
3425 2267 3620 2340 προτέ-

2046 2380 2137 2435 ρου
2175 2362 2248 2435 μὴ
2291 2361 2618 2432 εὐρίσκουσα
2656 2360 2813 2432 χάριν
2844 2359 3074 2415 ἐνώπιον
3105 2356 3293 2423 αὑτοῦ,
3328 2358 3424 2412 τοῦ
3472 2362 3620 2431 εὑρί-

2045 2454 2270 2507 σκεσθαι
2311 2453 2367 2504 ὲν
2393 2453 2528 2524 αὐτῇ
2564 2451 2810 2522 ἄσχημον
2840 2452 3091 2521 πρᾶγμα,
3125 2449 3259 2505 ἀλλὰ
3291 2451 3387 2504 καὶ
3435 2468 3622 2521 μισου-

2047 2546 2182 2616 μένη
2208 2546 2298 2597 ὑπ’
2327 2542 2491 2596 αὐτοῦ
2512 2561 2524 2574 ·
2558 2544 2652 2596 καὶ
2673 2542 2936 2614 γράφοιτο
2961 2542 3003 2595 δ’
3032 2540 3098 2596 ἂν
3127 2542 3218 2595 καὶ
3252 2540 3360 2594 ἀπὸ
3382 2541 3476 2595 τοῦ
3508 2542 3621 2595 δευ-

2041 2640 2202 2708 τέρου
2228 2638 2362 2708 αὐτῇ
2389 2636 2588 2706 βιϐλίον
2613 2635 2964 2698 ἀποστασίου,
2990 2633 3084 2689 καὶ
3112 2631 3299 2703 διδῷτο
3324 2633 3389 2686 ἂν
3418 2636 3497 2696 είς
3519 2634 3619 2698 τὰς

2042 2730 2228 2798 χεῖρας
2260 2727 2430 2799 αὐτῆς
2461 2726 2569 2780 ἀπὸ
2606 2724 2698 2778 τοῦ
2730 2724 2957 2795 ἐσχάτου
2984 2724 3173 2796 ἀνδρὸς
3207 2722 3621 2790 ἐξαποστέλλου-

2041 2835 2133 2882 τος
2164 2817 2331 2890 αὐτὴν
2362 2819 2425 2871 ἐκ
2454 2818 2552 2887 τῆς
2577 2817 2754 2878 οἰκίας
2787 2816 2969 2871 αὑτοῦ.
3006 2817 3069 2870 Et
3102 2816 3159 2871 δὲ
3205 2816 3425 2869 δύναται
3470 2819 3621 2883 γενέ-

2045 2908 2165 2962 σθαι
2212 2909 2541 2980 μετάστασις
2574 2907 2722 2977 ζωῆς
2748 2908 2848 2978 τῆς
2882 2908 2977 2960 σὺν
3011 2905 3319 2976 ἀνθρώποις
3352 2904 3611 2974 ἀγγέλων,

2041 2999 2116 3062 ὡς
2143 2997 2378 3051 τοιοῦτον
2404 2994 2541 3051 εἶναι
2567 2998 2661 3050 καὶ
2692 2997 2782 3051 τὸν
2815 2996 3015 3063 αὐτῶν,
3049 2998 3172 3051 ὅσον
3205 2996 3337 3069 πρὸς
3362 2995 3457 3067 τὴν
3489 2993 3608 3049 καθ’

371 3091 553 3157 venit,
589 3098 816 3146 eatenus
864 3090 1189 3157 moriantur,
1219 3104 1338 3145 eam
1385 3097 1566 3144 tamen
1603 3090 1801 3160 aliquis
1835 3089 1944 3144 for-

2049 3088 2193 3157 ἡμᾶς
2227 3086 2426 3155 σχέσιν,
2462 3084 2709 3149 θάνατον,
2733 3084 3016 3157 τολμηρῶς
3041 3086 3162 3156 μὲν,
3187 3083 3318 3155 πλὴν
3340 3084 3485 3153 ὅμως
3510 3080 3608 3153 ζη-

371 3192 522 3237 tasse
562 3189 846 3251 pr0ponat.
895 3180 1399 3250 Quomodocunquc
1433 3190 1611 3236 autem
1657 3197 1716 3237 se
1753 3181 1948 3236 habeat

377 3288 514 3327 uxor
538 3288 659 3344 qua:
688 3273 864 3328 virum
894 3273 1127 3343 priorem
1154 3273 1321 3327 semel
1345 3273 1548 3337 amisit,
1585 3273 1649 3328 ad
1682 3289 1808 3328 eum
1837 3288 1945 3328 non

377 3363 605 3429 redibit;
637 3381 656 3414 ι
687 3360 805 3418 Non
845 3364 990 3417 enim
1025 3363 1219 3431 poterit
1268 3362 1418 3431 prior
1462 3362 1724 3430 maritus,
1766 3378 1794 3418 a
1839 3379 1947 3433 quo

376 3453 606 3507 dimissa
648 3463 768 3516 est,
811 3467 1066 3506 reversus
1113 3452 1392 3520 suscipere
1432 3467 1550 3507 eam
1600 3453 1653 3507 in
1690 3468 1945 3519 uxorem,

378 3555 663 3617 postquam
699 3544 905 3615 polluta
936 3554 1020 3598 est
1040 3542 1105 3597 ”.
1142 3561 1160 3594 ι
1213 3540 1309 3596 Sin
1356 3543 1423 3597 ad
1466 3543 1519 3598 id
1562 3545 1947 3600 emolliendum

377 3637 519 3690 libro
563 3636 639 3690 uti
671 3635 1031 3700 audebimus,
1075 3634 1168 3704 qui
1211 3635 1268 3691 in
1311 3633 1550 3690 Ecclesia
1591 3635 1807 3706 quidem
1844 3636 1950 3691 cir-

377 3726 700 3792 cumfertur,
737 3725 830 3780 sed
866 3725 935 3782 ab
972 3725 1229 3781 omnibus
1261 3741 1360 3796 pro
1412 3726 1599 3782 divino
1642 3743 1749 3782 non
1788 3729 1951 3783 habe-

374 3829 491 3883 tur,
532 3816 665 3872 illud
718 3814 1076 3872 adhibeamus
1117 3815 1263 3885 quod
1317 3815 1372 3869 in
1419 3815 1559 3870 libro
1601 3814 1841 3870 Pastoris
1884 3817 1952 3871 de

377 3906 710 3976 quibusdam
756 3905 1020 3970 traditur,
1057 3906 1151 3975 qui
1187 3906 1372 3960 statim
1419 3915 1582 3976 atque
1627 3905 1786 3961 ﬁdem
1831 3922 1949 3963 am-

378 3997 524 4068 plexi
558 4006 719 4062 sunt,
751 3995 1002 4050 Michaeli
1034 3996 1424 4065 subjiciuntur,
1465 3997 1559 4052 sed
1596 4006 1817 4067 propter
1852 4013 1951 4053 vo-

381 4089 609 4163 luptatis
622 4087 860 4143 studium
884 4086 1029 4141 illius
1060 4087 1226 4142 tutela
1250 4101 1314 4142 ac
1342 4087 1647 4157 patrocinio
1672 4088 1951 4155 excidunt,

378 4190 436 4239 et
465 4180 519 4236 ei
550 4179 647 4251 qui
692 4178 844 4235 luxui
885 4186 940 4241 et
969 4179 1219 4245 deliciis,
1262 4179 1458 4236 deinde
1500 4194 1630 4235 vero
1672 4180 1828 4236 alteri
1858 4181 1953 4251 qui

381 4288 561 4345 meum
590 4286 655 4331 ac
680 4270 961 4342 suppliciis
978 4310 997 4339 ,
1017 4280 1181 4344 atque
1204 4271 1255 4326 ei
1276 4271 1625 4343 postmodum
1648 4271 1745 4342 qui
1774 4272 1953 4342 paeni.

382 4364 569 4421 tentia:
596 4361 880 4433 praefectus
909 4369 992 4417 est
1017 4398 1038 4427 ,
1078 4361 1405 4419 subduntur.
1449 4357 1613 4417 Vides
1643 4362 1790 4417 enim
1820 4377 1957 4418 uxo-

2047 3180 2207 3251 τήσαι
2247 3195 2330 3241 τις
2376 3176 2476 3230 ἄν’
2518 3177 2664 3239 ὅπως
2709 3176 2754 3229 δ’
2800 3175 2864 3229 ἂν
2897 3176 3197 3247 γένηται,ἡ
3242 3173 3386 3239 ἅπαξ
3409 3174 3613 3226 ἀποπε-

2050 3269 2220 3323 σοῦσα
2251 3267 2514 3340 προτέρου
2548 3266 2742 3339 ἀνδρὸς
2775 3268 2874 3320 οὐκ
2908 3266 3323 3320 ἐπανελεύσεται
3352 3264 3486 3335 πρὸς
3522 3264 3621 3316 αὺ-

2047 3360 2165 3413 τόν·
2205 3376 2224 3410 ι
2250 3357 2325 3411 Οὐ
2352 3358 2460 3427 γὰρ
2498 3355 2781 3427 δυνήσεται
2811 3357 2839 3409 6
2868 3355 3004 3428 ἀνὴρ
3031 3359 3060 3410 6
3092 3355 3356 3428 πρότερος
3382 3357 3411 3408 ὀ
3434 3353 3624 3420 ἐξαπο-

2051 3449 2261 3512 στείλας
2286 3446 2474 3518 αὐτὴν,
2505 3446 2922 3520 ὲπαναστρέψας
2982 3436 3168 3500 λασέῖν
3218 3445 3387 3516 αὐτὴν
3423 3444 3514 3499 τοῦ
3546 3439 3623 3497 εἷ-

2048 3559 2136 3594 ναι
2167 3538 2314 3610 αὐτῷ
2341 3540 2573 3609 γυναῖκα
2608 3538 2745 3611 μετὰ
2774 3538 2837 3591 τδ
2887 3535 3179 3609 μιανθῆναι
3225 3536 3415 3608 αὐτήν.
3439 3552 3459 3587 ι
3477 3531 3540 3588 Εἰ
3563 3534 3621 3587 δὲ

2050 3632 2155 3705 χρὴ
2184 3631 2529 3703 τολμήσαντα
2560 3631 2653 3685 καὶ
2681 3630 2789 3684 ἀπό
2816 3645 2961 3692 τινος
2995 3627 3301 3699 φερομένης
3334 3626 3434 3696 μὲν
3464 3625 3521 3678 ὲν
3556 3626 3623 3695 τῇ

2062 3722 2356 3796 Ἐκκλησία
2382 3722 2490 3795 (69)
2518 3722 2754 3795 γραφῆς,
2783 3720 2847 3774 οὐ
2878 3719 3028 3791 παρὰ
3071 3721 3204 3772 πᾶσι
3237 3717 3295 3771 δὲ
3338 3716 3625 3786 ὁμολογου-

2055 3812 2220 3885 μένης
2269 3810 2404 3867 εἶναι
2462 3812 2644 3877 θείας,
2696 3811 2757 3865 τὸ
2808 3810 3048 3865 τοιοῦτον
3103 3804 3623 3880 παραμυθήσασθαι,

2051 3905 2277 3977 ληφθείη
2306 3904 2371 3958 ἂν
2396 3904 2455 3958 τὸ
2488 3903 2595 3957 ἀπὸ
2620 3903 2716 3956 τοῦ
2816 3896 3102 3966 Ποιμένος
3171 3897 3302 3971 περί
3324 3914 3484 3954 τινων
3510 3895 3629 3966 ἅμα.

2057 3996 2156 4069 μὲν
2184 3996 2260 4068 τῷ
2293 3993 2566 4049 πιστεύειν
2598 3994 2703 4048 ὑπὸ
2734 3992 2813 4064 τῷ
2855 3990 3074 4062 Μιχαὴλ
3100 3989 3421 4061 γινομένων,
3446 3986 3533 4040 διὰ
3567 3984 3628 4039 δὲ

2053 4088 2363 4161 φιληδονίαν
2422 4085 2837 4141 ἀποπιπτόντων
2893 4083 3122 4147 ἐκείνου,
3177 4081 3270 4134 καὶ
3330 4078 3629 4149 γινομένων

2054 4180 2160 4235 ὑπὸ
2186 4180 2279 4234 σὺν
2305 4179 2406 4252 τῆς·
2436 4179 2665 4251 τρυφῆς,
2691 4172 2810 4229 εἶτα
2832 4173 2938 4228 ὑπὸ
2960 4173 3051 4226 τὸν
3072 4174 3172 4244 τῆς
3195 4170 3483 4243 τιμωρίας,
3510 4163 3633 4238 μεθ’

2052 4270 2112 4325 δν
2140 4270 2241 4326 ὑπὸ
2266 4270 2357 4323 τὸν
2383 4269 2484 4342 τῆς
2517 4266 2802 4341 μετανοίας
2826 4283 2839 4297 ·
2875 4267 3008 4338 ὁρᾷς
3038 4264 3165 4337 γὰρ,
3195 4264 3275 4317 ὃτι
3306 4261 3488 4316 οὐκέτι
3527 4258 3631 4332 μὲν

2056 4361 2418 4434 ἐπανέρχεται
2440 4361 2532 4414 ἐπὶ
2555 4359 2645 4414 τδν
2668 4359 2884 4433 πρῶτον
2911 4359 3149 4432 ἄρχοντα
3177 4360 3211 4430 ἡ
3247 4356 3398 4422 ἅπαξ
3423 4356 3633 4430 τρυφή-

384 4467 505 4509 eem
528 4464 657 4521 quae
702 4448 873 4506 semet
919 4448 1077 4509 luxui
1104 4464 1165 4505 se
1188 4449 1338 4508 dedit
1355 4488 1373 4516 ,
1406 4449 1644 4506 animam
1669 4450 1947 4516 videlicet,

2061 4470 2204 4508 σασα
2234 4453 2391 4525 γυνὴ,
2422 4453 2540 4524 ἦτοι
2569 4450 2735 4523 ψυχὴ,
2781 4450 2916 4505 ἀλλὰ
2944 4451 3039 4504 καλ¹
3072 4449 3209 4522 μετὰ
3239 4448 3507 4521 τιμωρίας
3528 4446 3635 4501 ὑπό

386 4543 455 4599 ad
501 4541 739 4613 priorem
786 4538 1025 4607 amplius
1065 4546 1332 4594 rectorem
1369 4553 1478 4594 non
1523 4540 1732 4607 redire,
1766 4540 1863 4596 sed
1899 4548 1947 4598 et

2057 4561 2181 4599 τινα
2230 4543 2617 4615 ὑποδεέστερον
2663 4542 2869 4612 γίνεται
2909 4540 3060 4612 παρὰ
3102 4541 3192 4594 τὸν
3221 4539 3473 4611 Μιχαήλο
3504 4538 3637 4590 ὑπο-

386 4633 589 4692 inﬂieta
636 4645 797 4702 paena
845 4629 1004 4684 alicui
1057 4628 1216 4688 subdi
1267 4629 1362 4699 qui
1409 4628 1671 4689 Michaele
1732 4630 1947 4687 inferior

2056 4633 2334 4706 δεέστερος
2365 4634 2473 4706 γὰρ
2519 4633 2726 4687 ἐκείνου
2769 4634 2798 4687 6
2835 4632 2935 4704 τῆς
2961 4631 3268 4703 μετανοίας.
3299 4629 3637 4703 Προσεκτέον

387 4727 492 4792 sit;
540 4740 605 4780 eo
649 4721 749 4777 sed
792 4721 937 4780 enim
968 4719 1192 4775 inferior
1228 4727 1315 4775 est
1356 4720 1451 4775 ille
1475 4719 1571 4790 qui
1629 4722 1947 4790 poenitentia:

2059 4718 2154 4777 οὖν
2184 4726 2316 4796 ἡμῖν
2363 4726 2571 4798 μήποτε
2601 4722 2795 4797 εὑρεθῇ
2846 4724 2904 4778 ὲν
2929 4727 3061 4796 ἡμῖν
3094 4723 3337 4795 ἄσχημον
3382 4720 3632 4792 πρᾶγμαν

386 4816 552 4890 645
581 4829 770 4871 curam
807 4814 968 4884 gerit.
1002 4812 1191 4869 Danda
1234 4812 1402 4882 igitur
1444 4810 1602 4868 nobis
1647 4827 1809 4882 opera
1855 4823 1947 4880 est,

2069 4815 2161 4868 καὶ
2194 4815 2268 4888 μὴ
2295 4816 2543 4889 εὕρωμεν
2584 4816 2743 4888 χάριν
2772 4814 2998 4871 ἐνώπιον
3026 4815 3213 4886 ἀνδρὸς
3240 4811 3336 4866 τοῦ
3374 4807 3632 4885 Χριστοῦ,

461 4992 517 5032 ³⁵
537 4989 589 5046 ιι.
602 4990 730 5046 Cor.
758 5006 835 5056 νι,
861 4989 916 5049 2.
996 4990 1044 5025 "
1070 4988 1289 5051 Denter.
1313 5004 1461 5056 utr,
1490 4991 1542 5046 4.

480 5171 579 5247 οῖ)
624 5167 706 5247 ei
739 5167 946 5247 ψυκ-ῆε,
973 5167 1155 5247 eode!
1185 5166 1407 5240 ηεείυε»
1435 5171 1549 5247 τινι.
1574 5170 1746 5247 W-

488 5188 579 5242 οι)
626 5188 933 5295 ιῗνψυχῃ.
973 5188 1155 5224 uouet
1186 5188 1407 5240 negtus,
1435 5188 1538 5226 τινι
1574 5188 1746 5247 ψυχῇ.

484 5242 582 5317 θβὶ
614 5242 703 5317 Γ-
736 5256 861 5294 octo
893 5237 1062 5317 6’_(_§r
1097 5254 1278 5317 ποτε,
1313 5248 1419 5296 etc.
1457 5238 1722 5317 Origenes
1765 5241 1864 5297 lib.
1897 5258 1962 5310 ιι,

394 5307 772 5379 Περίὰρχῶν,
790 5309 1008 5381 cap,”
1031 5321 1085 5363 ιι
1113 5307 1298 5365 Potest
1321 5318 1501 5366 autem
1527 5307 1583 5366 et
1605 5310 1764 5366 tertio
1798 5307 1960 5368 sensu

398 5378 784 5453 tltudintelligi
808 5378 879 5453 de
903 5378 1333 5453 divisioneista,
1366 5388 1425 5453 ut
1452 5381 1715 5453 quoniam
1752 5383 1968 5438 unicui-

397 5468 504 5521 que
530 5449 791 5534 tideliun't,
814 5451 1039 5532 etiamsi.
1054 5449 1315 5534 minimus
1335 5451 1426 5515 sit,
1447 5449 1503 5507 in
1517 5450 1756 5534 Ecclesia
1773 5453 1970 5534 adesse

396 5523 625 5601 angelus
663 5522 899 5588 dicitur,
948 5522 1041 5591 qui
1081 5521 1244 5600 etiam
1274 5535 1490 5592 semper
1532 5522 1715 5577 videre
1769 5521 1965 5578 faciem

399 5590 492 5643 Dei
519 5589 693 5647 Patris
724 5608 755 5647 a
784 5593 1069 5671 Salvatore
1097 5590 1430 5671 perhibetur.
1453 5590 1522 5671 _Et
1547 5593 1632 5647 hic
1646 5592 1753 5671 qui
1780 5593 1966 5671 utique

401 5673 566 5711 unum
589 5671 707 5732 erat
732 5677 855 5732 cum
879 5677 947 5717 eo
972 5661 1058 5715 cui
1086 5668 1350 5732 praeerat,
1371 5661 1433 5732 si,
1454 5661 1500 5715 is
1527 5676 1623 5732 per
1645 5661 1963 5732 inobedien-

403 5732 530 5786 tiam
551 5729 811 5787 eﬂieiatur
845 5728 1121 5802 indignus,
1154 5728 1354 5783 auferri
1388 5731 1458 5784 ab
1489 5728 1555 5785 eo
1579 5731 1804 5807 angelus
1832 5731 1965 5792 dici-

2068 5184 2158 5232 tur
2180 5195 2195 5250 ι
2224 5185 2278 5233 et
2308 5188 2441 5250 tunc
2466 5192 2595 5248 pars
2617 5178 2758 5250 ejus,
2789 5176 2967 5250 idest,
2986 5174 3251 5250 itumitum
3272 5180 3482 5229 naturae
3504 5186 3638 5243 pars

2071 5248 2261 5305 avulsa
2285 5263 2317 5303 a
2339 5247 2433 5304 Dei
2455 5244 2797 5319 parte,'cum
2822 5244 3137 5319 inﬁdelibus-
3158 5244 3482 5319 geputatur,
3500 5258 3641 5312 quo-

2072 5319 2232 5400 niam
2257 5313 2923 5400 commonitio'appositi“
2938 5315 3041 5400 sibi
3087 5330 3119 5369 a
3158 5313 3273 5369 Deo
3312 5313 3491 5400 ang‘eli
3527 5327 3642 5400 non

2074 5389 2303 5444 ﬁdeliter
2326 5403 2451 5443 eum
2487 5384 2799 5445 custodivit.
2830 5405 2851 5439 ι
2881 5384 3083 5440 Eadem
3130 5384 3521 5454 propemodum
3553 5396 3641 5436 re—

2072 5459 2253 5532 perias
2283 5458 2471 5513 bomil.
2504 5459 2563 5517 in.
2595 5457 2795 5517 Jerem.
2828 5456 2985 5532 juxta
3016 5452 3413 5526 Hieronymum
3444 5466 3643 5507 secun-

2073 5529 2760 5721 όῖίϐξῗεῖὲυῗὲκκλησίᾳ-
2789 5596 2974 5654 Codex
2996 5592 3220 5669 R685“,
3248 5593 3367 5656 ταῖς
3409 5586 3635 5661 Eum.

2074 5684 2105 5721 σ
2128 5686 2230 5721 αις.

2074 5684 2230 5735 σιαις.
