4032 6308
524 340 661 396 1215

1953 350 2117 406 ORIG
2126 344 2283 407 ENIS

3626 360 3769 421 ηει

506 456 935 511 adsenectutem
993 469 1167 524 usque
1223 456 1530 514 castissime
1575 461 1893 517 traduxerit.
1943 462 2073 529 Quis

2176 463 2268 519 τὸν
2295 465 2393 536 μὲν
2406 466 2606 521 τοιόνδε
2631 466 2862 538 δίγαμον
2884 469 2944 522 οὐ
2968 469 3300 541 καθίσταμεν
3315 470 3403 523 διὰ
3428 469 3527 535 τὰς
3550 475 3647 526 τοῦ
3667 477 3770 542 γά-

507 558 642 614 ergo
661 543 789 612 jure
818 544 1009 599 merito
1055 545 1294 600 incertus
1325 561 1436 602 non
1481 549 1701 615 haereat,
1735 553 1864 621 quid
1892 554 1964 608 sit
1986 571 2083 609 cur

509 648 634 690 cum
665 632 922 688 Ecclesia:
965 635 1212 705 principe
1257 652 1398 708 opus
1433 640 1527 706 sit,
1578 641 1726 696 hunc
1752 642 1917 715 656
1946 645 2082 699 dua-

508 739 629 780 rum
659 739 891 780 uxorum
926 725 1123 791 virum,
1170 737 1392 798 prOpter
1423 730 1526 785 ista
1554 732 1815 787 connubii
1849 735 2084 790 voeabu-

505 812 579 880 la,
630 827 740 867 non
786 816 1144 884 prmﬂcimus;
1195 818 1359 873 unius
1408 828 1589 875 autem
1642 823 1834 878 uxoris
1878 823 2078 887 virum,

501 902 718 958 etiarnsi
749 903 817 957 ad
846 915 1181 962 senectutem
1222 924 1395 979 usque
1438 911 1595 966 uxori
1631 914 1954 977 convixerit,
1983 931 2083 970 nec

505 1009 568 1050 se
594 993 829 1051 fortasse
864 1013 1127 1067 unquam,
1174 1001 1241 1056 ad
1275 1002 1582 1058 castitatem
1611 1012 1667 1059 et
1692 1005 2079 1061 continentiam

502 1087 831 1149 exercuerit,
862 1087 1159 1158 principem
1210 1090 1508 1160 eligimus?
1549 1091 1669 1147 Jam
1721 1109 1850 1148 vero
1894 1095 1963 1149 ab
2014 1096 2081 1150 iis

502 1186 625 1240 quae
656 1172 801 1228 dicta
829 1184 977 1240 sunt,
1007 1176 1074 1230 ad
1102 1176 1271 1247 legem
1307 1179 1372 1232 de
1398 1178 1578 1234 libello
1604 1182 1815 1251 repudii
1845 1191 2078 1238 mentem

502 1273 782 1331 converto,
819 1267 1152 1336 quaesiturus
1179 1284 1362 1324 annon
1391 1273 1832 1343 quandoquidem
1864 1275 2079 1343 episco-

504 1371 627 1424 pus.
660 1358 941 1429 presbyter
969 1368 1024 1414 et
1049 1361 1314 1416 diaconus
1340 1378 1519 1416 rerum
1559 1379 1808 1419 verarum
1835 1367 2079 1437 symbola

503 1457 653 1510 sunt,
697 1464 820 1518 quae
849 1449 933 1504 his
964 1452 1279 1508 nominibus
1306 1456 1676 1517 continentur,
1716 1471 1839 1512 esse
1878 1458 2079 1514 debere

503 1538 627 1596 illos
655 1542 819 1596 unius
849 1543 1038 1599 uxoris
1063 1545 1362 1614 symbolice
1393 1548 1542 1604 viros
1579 1549 1795 1604 sancire
1823 1550 2077 1617 voluerit,

505 1641 568 1685 ut
597 1631 692 1698 qui
738 1632 901 1686 rebus
947 1633 1191 1687 animum
1227 1636 1508 1693 intendere
1541 1646 1741 1708 potest,
1772 1639 1889 1710 lege
1917 1642 2080 1710 spiri-

504 1720 641 1774 tuali
669 1720 895 1776 edoctus
915 1722 1282 1779 ecclesiastico
1304 1725 1619 1796 magistratu
1650 1728 1928 1799 indignum
1953 1745 2074 1784 eum

2188 574 2287 629 μου
2331 556 2539 624 λέξειςο
2585 558 2678 615 τὸν
2727 561 2783 615 δὲ
2824 560 3151 632 μονόγαμον,
3193 562 3288 615 καὶ
3318 564 3368 614 εἰ
3410 562 3563 633 τύχοι
3597 565 3767 637 μέχρι

2182 647 2367 717 γήρως
2382 647 2691 718 ωμὸιῶσαι
2709 652 2775 721 τῇ
2793 650 3030 719 γυναικὶ,
3047 648 3354 723 κρατοῦμεν
3369 651 3606 722 ἄρχοντα
3624 653 3766 724 (75),

2182 737 2292 792 ἔσθ’
2318 741 2406 792 ὅτε
2433 741 2570 811 μηδὲ
2593 741 3009 813 γυμνασάμενον
3040 744 3120 806 είς
3164 742 3385 811 ἁγνείαν
3427 745 3524 797 καὶ
3549 760 3766 815 σωφρο-

2185 828 2381 898 σύνηνς
2427 832 2521 885 Ἐκ
2562 832 2619 885 δὲ
2668 834 2775 888 τῶν
2803 833 3106 904 εἰρημένων
3148 835 3230 897 είς
3263 833 3353 889 τὸν
3383 833 3514 905 περὶ
3550 833 3651 887 τοῦ
3682 835 3768 905 pt-

2183 919 2331 973 ϐλίου
2355 922 2453 992 τῆς
2490 923 2827 988 ἀποστασίας
2863 924 3023 995 νόμον
3061 925 3344 996 ἑφίστημι,
3378 926 3607 996 μήποτε,
3638 928 3764 981 ἐπεὶ

2183 1011 2449 1083 σύμϐολόν
2479 1017 2594 1069 ἐστι
2625 1016 2719 1068 καὶ
2752 1018 2780 1068 ὁ
2814 1017 3132 1081 ἐπίσκοπος,
3172 1017 3265 1071 καὶ
3300 1019 3329 1069 ὁ
3367 1015 3764 1089 πρεσϐύτερος,

2182 1107 2277 1160 καὶ
2324 1108 2352 1159 ὁ
2400 1106 2641 1170 διάκονος
2695 1107 2964 1178 ἀληθινῶν
3012 1108 3152 1162 κατά
3194 1107 3265 1160 τὰ
3311 1108 3550 1179 ὀνόματα
3588 1108 3766 1162 ταῦτα

2181 1197 2542 1267 πραγμάτων,
2574 1196 2840 1267 ἐϐουλήθη
2884 1198 3081 1261 αὐτοὺς
3133 1197 3471 1268 ωμῦολικῶς
3528 1199 3765 1269 μονογά-

2184 1306 2316 1359 μους
2362 1288 2721 1359 καταστῆσαι,
2771 1289 2839 1341 ἶν’
2881 1292 2910 1342 ὀ
2953 1290 3248 1360 δυνάμενος
3298 1293 3589 1362 ἐπιστῆσαι
3643 1293 3764 1355 τοῖς

2181 1378 2499 1449 πράγμασιν
2528 1380 2664 1452 εὕρῃ
2692 1381 2757 1433 ἐκ
2798 1376 2893 1432 τοῦ
2933 1378 3304 1450 πνευματνκοῢ
3340 1382 3506 1452 νόμου
3539 1381 3764 1446 ἀνάξιον

2179 1470 2307 1523 ὄντα
2334 1471 2508 1541 ἀρχῆς
2535 1470 2994 1541 ὲκκλησιαστικῆς
3025 1472 3251 1536 ἐκεῖνον,
3279 1464 3340 1525 οὗ
3386 1474 3419 1542 ἡ
3466 1472 3615 1544 ψυχὴ
3657 1473 3762 1543 οὐχ

2177 1555 2304 1632 εὗρε
2343 1562 2501 1634 χάριν
2541 1562 2781 1616 ἐναντίον
2810 1562 2905 1616 τοῦ
2948 1562 3141 1634 ἀνδρὸς
3167 1563 3358 1634 αὐτῆς,
3386 1563 3464 1634 τῷ
3491 1563 3762 1634 εὑρῆσθαι

2181 1653 2239 1705 ἐν
2261 1653 2397 1723 αὐτῇ
2431 1654 2674 1724 ἄσχημον
2698 1654 2947 1725 πρᾶγμα,
2971 1654 3066 1708 καὶ
3092 1652 3248 1717 ἀξίαν
3272 1655 3442 1724 αὐτὴν
3474 1654 3763 1723 γεγονέναι

2178 1743 2272 1797 τοῦ
2300 1744 2397 1814 τῆς
2430 1744 2778 1809 ἀποστάσεως
2819 1745 3023 1815 βιϐλίου
3046 1763 3059 1776 ·
3095 1746 3330 1816 δευτέρῳ
3366 1744 3478 1818 γὰρ
3506 1747 3764 1817 συνοικσή⁴

499 1809 727 1878 judicet.
763 1812 919 1880 cujus
963 1813 1144 1868 anima
1195 1830 1379 1870 coram
1413 1816 1528 1872 viro
1559 1833 1658 1872 suo
1688 1820 1913 1888 gratiam
1966 1835 2073 1875 non

2181 1852 2319 1889 σασα
2347 1802 2629 1908 τοιαύτη
2666 1802 2831 1908 ψυχὴ,
2862 1839 2955 1891 καὶ
2998 1837 3148 1909 παρά
3191 1802 3269 1907 sq;
3303 1802 3539 1907 ἶτοίοέτῳ
3589 1802 3761 1908 μισ-η-

503 1899 789 1967 repererit,
822 1900 966 1968 quod
1012 1900 1066 1953 in
1120 1901 1212 1957 illa
1249 1903 1468 1958 inventa
1517 1906 1587 1959 sit
1630 1905 1872 1973 fteditas,
1903 1923 2077 1977 caque

502 1991 744 2045 libellum
800 1992 1007 2059 repudii
1066 1994 1257 2048 merita
1308 1993 1469 2049 fuerit
1527 2015 1539 2051 :
1586 2006 1874 2068 postquam
1930 2001 2075 2054 enim

501 2080 769 2149 ejusmodi
823 2084 1003 2137 anima
1053 2084 1208 2139 alteri
1242 2085 1361 2140 viro
1398 2088 1602 2155 nupsit,
1632 2089 1701 2143 ab
1748 2104 1921 2159 eoque
1950 2091 2079 2146 odio

502 2173 686 2228 babita
737 2182 819 2228 est
851 2214 865 2238 ,
921 2184 1041 2244 post
1089 2176 1389 2231 secundum
1447 2178 1656 2246 repudii
1714 2179 1956 2235 libellum
2009 2182 2078 2236 ad

498 2263 736 2330 priorem
773 2263 947 2317 virum
985 2267 1160 2320 redire
1181 2268 1296 2336 jam
1330 2267 1567 2338 amplius
1592 2285 1699 2324 non
1730 2279 1926 2341 potest.
1956 2271 2077 2327 Veri

496 2364 680 2408 autem
710 2356 889 2411 simile
918 2367 1001 2412 est
1030 2360 1170 2428 apud
1195 2361 1505 2429 peritiores,
1532 2371 1585 2417 et
1616 2363 1670 2417 in
1700 2363 1968 2434 ejusmodi
1993 2381 2081 2420 re-

497 2446 602 2503 bus
623 2446 780 2501 nobis
805 2450 1251 2519 perspicaciorcs,
1284 2454 1421 2509 alias
1448 2464 1725 2525 repertum
1759 2456 1824 2509 iri
1849 2471 2074 2524 enarra-

497 2539 695 2598 tiones.
724 2539 840 2593 sive
887 2555 1049 2610 super
1095 2541 1261 2598 libelli
1314 2546 1523 2615 repudii
1575 2547 1711 2617 lege,
1756 2547 1871 2602 sive
1913 2563 2077 2617 super

493 2628 812 2700 apostolicis
839 2633 1143 2702 praeceptis,
1176 2636 1375 2705 quibus
1408 2639 1757 2709 magistratus
1792 2641 1846 2694 in
1886 2639 2075 2696 Eccle-

495 2722 579 2777 sia
621 2736 829 2792 gerere,
868 2731 921 2778 et
963 2724 1018 2778 in
1068 2740 1131 2780 ea
1186 2727 1476 2797 antepositi
1522 2730 1833 2799 praesidere,
1875 2731 2075 2803 digami

493 2813 893 2883 prohibentur;
945 2831 1044 2872 nos
1088 2826 1271 2872 autem
1303 2818 1479 2874 donec
1505 2831 1798 2876 occurrant
1827 2822 2074 2885 meliora,

493 2915 552 2959 et
586 2922 709 2976 qua:
733 2907 936 2979 ingenti
961 2910 1222 2965 doctrinae
1245 2910 1452 2965 lumine
1484 2928 1650 2982 supra
1681 2929 1712 2967 a
1736 2913 1894 2969 nobis
1926 2916 2071 2968 dicta

492 2998 791 3052 obscurare
825 2998 1060 3062 valeant,
1099 3014 1163 3053 ea
1212 3002 1541 3069 protulimus
1586 3018 1708 3071 quae
1753 3019 1874 3059 sese
1919 3006 2077 3061 nobis

492 3087 773 3157 superbis
805 3088 941 3143 locis
973 3088 1311 3159 objecerunt.

2178 1927 2351 1991 θεῖσα,
2380 1928 2562 1981 οὐκέτι
2589 1928 2809 1983 δύναται
2859 1928 2997 2000 μετὰ
3026 1929 3087 1982 τὸ
3132 1928 3383 2000 δεύτερον
3426 1927 3630 1998 βιϐλίον
3660 1929 3761 1981 τοῦ

2177 2019 2507 2072 ἀποστασίου
2536 2019 2850 2074 ἐπανελθεῖν
2877 2021 2969 2074 ἐπὶ
3010 2020 3102 2073 τὸν
3138 2020 3401 2091 πρότερον
3444 2021 3632 2091 ἄνδρα.
3659 2021 3764 2074 Ei—

2177 2113 2271 2175 κδς
2326 2110 2424 2181 μὲν
2478 2106 2574 2164 οὖν
2623 2112 2717 2164 καὶ
2764 2111 2955 2174 ἄλλους
3007 2110 3159 2181 παρά
3207 2113 3319 2174 τοῖς
3368 2110 3548 2182 πολλῷ
3598 2113 3763 2183 ἡμῶν

2179 2201 2525 2273 σοφωτέροις,
2563 2204 2654 2255 καὶ
2699 2202 2895 2273 μᾶλλον
2921 2202 3144 2272 βλέπειν
3179 2202 3248 2255 τὰ
3273 2202 3572 2273 τηλικαῦτα
3596 2205 3764 2258 δυνα-

2181 2293 2362 2364 μένοις
2389 2292 2777 2365 εὑρεθήσεσθαι
2798 2292 3008 2362 λόγους,
3029 2292 3138 2346 εἴτε
3161 2294 3242 2356 είς
3264 2293 3355 2345 τὸν
3384 2294 3513 2364 περὶ
3537 2294 3629 2347 τοῦ
3653 2296 3763 2366 τῆς

2177 2384 2512 2448 ἀποστασίας
2547 2382 2755 2455 βιϐλίου
2797 2382 2979 2453 νόμον,
3028 2384 3138 2436 εἴτε
3185 2385 3266 2445 εἰς
3307 2383 3377 2437 τὰ
3420 2384 3761 2439 ἀποστολικά

2178 2473 2451 2526 κωλύοντα
2478 2472 2738 2543 διγάμους
2764 2471 2950 2543 ἄρχειν
2972 2470 3071 2541 τῆς
3109 2470 3451 2541 Ἐκκλησίας,
3480 2474 3512 2544 ἢ
3541 2491 3761 2545 προκα-

2178 2562 2426 2627 θέζεσθαι
2482 2561 2981 2634 προτετιμημένους
3021 2562 3082 2613 ὲν
3124 2562 3296 2631 αὐτῇ·
3332 2564 3494 2632 ἡμεῖς
3539 2563 3618 2630 δὲ,
3647 2564 3763 2628 hoc

2177 2655 2372 2727 εὑρεθῇ
2412 2655 2480 2709 τὰ
2512 2655 2812 2726 κρείττονα,
2843 2654 2938 2708 καὶ
2959 2652 3232 2723 δυνάμενα
3257 2656 3322 2725 τῇ
3348 2653 3443 2707 τοῦ
3481 2654 3583 2724 τῆς
3608 2656 3762 2724 γνώ-

2179 2761 2315 2807 σεως
2347 2744 2521 2813 φωτὸς
2548 2742 2713 2814 πολλῇ
2745 2744 2985 2813 ὑπεροχῇ
3009 2741 3339 2813 ἀμαυρῶσαι
3372 2743 3439 2796 τά
3467 2744 3557 2812 ὑφ’
3595 2744 3763 2815 ἡμῶν

2177 2834 2462 2905 εἰρημένα,
2507 2831 2731 2902 εἴπομεν
2774 2831 2842 2886 τὰ
2889 2831 3230 2884 ὑποπεσόντα
3268 2832 3348 2895 εἰς
3384 2835 3509 2895 τοὺς
3554 2833 3762 2899 τόπους

2179 2939 2328 2993 ημιν.

567 3184 658 3240 23.
706 3184 898 3240 Verum
931 3186 1147 3242 etiamsi
1202 3203 1293 3242 res
1336 3202 1495 3259 captu
1526 3200 1718 3247 nostro
1757 3192 1989 3261 majores
2016 3212 2073 3251 ac

2252 3197 2316 3249 Εἰ
2357 3194 2448 3248 καὶ
2500 3193 2761 3264 ἐδόξαμεν
2803 3192 2860 3246 δὲ
2914 3190 3220 3262 βαθυτέρων
3261 3190 3294 3261 ἢ
3334 3188 3475 3243 κατὰ
3512 3188 3755 3259 δύναμιν

491 3276 775 3348 graviores
803 3277 875 3331 ibi
903 3277 1168 3348 attingere
1213 3278 1317 3333 visi
1351 3295 1563 3347 sumus,
1594 3281 1951 3339 nihilominus
1985 3295 2069 3340 ta—

494 3382 621 3422 men
650 3377 867 3438 propter
900 3366 1193 3438 Scripturze
1222 3370 1401 3437 verba,
1439 3370 1554 3427 haec
1584 3388 1801 3444 quoque
1852 3375 2073 3444 insuper

492 3459 725 3514 dicenda
756 3467 904 3525 sunt,
933 3458 1070 3513 latas
1100 3458 1266 3515 fuisse
1303 3462 1569 3532 quasdam
1603 3463 1768 3532 leges,
1794 3478 1901 3518 non
1931 3480 2070 3534 qua-

493 3548 544 3606 si
594 3553 903 3620 prmstantia
958 3550 1141 3621 aliqua
1188 3560 1243 3605 et
1291 3552 1607 3608 excellentia
1651 3555 1945 3624 praeditas,
1979 3555 2075 3610 sed

493 3645 655 3713 quasi
689 3644 755 3698 a:l
790 3660 981 3698 eorum
1028 3644 1122 3714 qui
1154 3643 1257 3715 legi
1285 3644 1488 3700 subditi
1520 3655 1670 3711 sunt,
1707 3645 2072 3701 inﬁrmitatem

504 3735 944 3791 accomrmdatas
995 3746 1051 3791 et
1094 3736 1462 3807 compositas;
1509 3754 1634 3792 nam
1670 3739 1874 3810 aliquid
1927 3740 2077 3810 ejus-

500 3828 649 3883 modi
698 3827 784 3881 liis
826 3827 1002 3882 verbis
1030 3828 1471 3899 signiﬁcatur“:
1512 3848 1531 3882 ι
1572 3829 1785 3901 Moyses
1827 3831 1894 3885 ad
1923 3832 2076 3886 duri—

491 3920 626 3976 tiam
655 3918 838 3974 cordis
882 3920 1045 3973 vestri
1087 3921 1337 3989 permisit
1374 3920 1527 3975 vobis
1558 3921 1828 3977 dimittere
1871 3938 2069 3978 uxores

492 4017 739 4073 vestras;
776 4027 797 4061 ι
854 4007 1127 4079 praecipua
1174 4019 1355 4065 autem
1391 4010 1521 4079 legis
1560 4022 1778 4081 propter
1810 4012 2066 4068 duritiem

492 4100 674 4155 cordis
700 4100 839 4165 latae,
868 4109 920 4154 et
946 4102 1393 4169 pmstautissima
1424 4118 1550 4172 pars
1574 4104 1626 4158 in
1657 4105 1774 4160 istis
1807 4107 2068 4174 proponi-

495 4192 643 4244 tur"
673 4209 687 4244 :
718 4212 736 4242 ι
766 4191 848 4245 Ab
883 4192 1035 4247 initio
1067 4201 1247 4247 autem
1286 4210 1393 4248 non
1430 4194 1532 4249 fuit
1562 4195 1657 4251 sic.
1692 4216 1709 4248 ι
1742 4196 1806 4251 Ει
1832 4197 1883 4249 iu
1915 4195 2066 4252 Novo

493 4282 714 4351 quidem
764 4281 1115 4338 Testamento
1141 4285 1387 4353 quaedam
1424 4286 1619 4340 borum
1656 4287 1827 4343 instar
1859 4290 2066 4344 sancita

492 4381 621 4428 sunt
649 4392 661 4427 :
703 4392 721 4424 ι
751 4372 1019 4439 Quoniam
1049 4373 1261 4444 Moyses
1289 4377 1354 4429 ad
1387 4376 1645 4432 duritiam
1680 4380 1858 4434 cordis
1902 4381 2067 4434 vestri

491 4465 739 4535 permisit
803 4465 956 4520 vobis
1003 4465 1275 4520 dimittere
1329 4483 1525 4525 uxores
1571 4479 1812 4537 vestras;
1858 4490 1875 4522 ι
1941 4487 2065 4525 nam

2175 3283 2346 3360 ἧφθαι
2387 3290 2464 3349 εἰς
2505 3286 2630 3349 τοὺς
2671 3284 2874 3348 τόπους
2908 3283 3269 3354 πραγμάτων,
3298 3279 3448 3333 οὐδὲν
3473 3274 3634 3350 ἧττον
3668 3279 3760 3333 ἔτι

2175 3380 2262 3433 διὶ
2288 3378 2386 3449 τὴν
2411 3376 2554 3442 λέξιν
2586 3375 2874 3431 καὶταῦτα
2897 3374 3138 3437 λεκτέον,
3171 3374 3254 3426 ὅτι
3277 3372 3419 3437 τινὲς
3443 3371 3550 3426 τῶν
3573 3373 3762 3443 νόμων

2178 3469 2493 3542 ἐγράφησαν
2535 3470 2632 3539 οὐχ
2658 3469 2735 3531 ὡς
2759 3467 3120 3538 διαφέροντες,
3148 3466 3264 3520 ἀλλ’
3296 3466 3372 3529 ὡς
3417 3480 3761 3536 συμπεριφε-

2181 3560 2396 3629 ρόμενοι
2434 3561 2499 3630 τῇ
2544 3558 2797 3629 ἀσθενείᾳ
2840 3556 2948 3610 τῶν
2987 3555 3487 3627 νομοθετουμένων·
3517 3554 3761 3608 τοιοῦτον

2178 3651 2285 3725 γάρ
2308 3669 2361 3704 τι
2385 3650 2636 3723 δηλοῦται
2677 3650 2734 3703 ὲν
2756 3648 2834 3720 τῷ
2853 3665 2869 3681 ο
2903 3667 2923 3701 ι
2961 3649 3202 3719 Μωῦσῆς
3228 3648 3364 3720 πρὸς
3392 3648 3492 3720 τὴν
3526 3646 3760 3719 σκληρο-

2177 3741 2403 3814 καρδίαν
2457 3742 2607 3812 ὐμῶν
2658 3740 2955 3813 ἐπέτρεψεν
3020 3740 3289 3794 ἀπολῦσαι
3344 3739 3446 3803 τὰς
3490 3740 3758 3806 γυναῖκας

2181 3835 2364 3907 ὑμῶν’
2423 3854 2441 3886 ι
2487 3833 2548 3887 τὸ
2589 3834 2646 3887 δὲ
2691 3831 3099 3905 προηγούμενον
3148 3833 3242 3887 καὶ
3284 3832 3540 3904 διαφέρον
3585 3831 3756 3902 νόμου

2173 3926 2267 3979 τοῦ
2320 3924 2408 3979 διά
2455 3924 2553 3996 τὴν
2597 3924 3033 4003 σκληροκαρδίαν
3077 3924 3461 3995 γεγραμμένου
3499 3921 3757 3994 δηλοῦται

2173 4018 2230 4070 ὲν
2254 4015 2333 4086 τῷ
2351 4034 2365 4047 ’
2390 4036 2407 4067 ι
2441 4017 2559 4069 Ἀπ’
2587 4016 2760 4088 ἀρχῆς
2784 4016 2840 4068 δὲ
2862 4016 2921 4068 οὐ
2949 4016 3168 4084 γέγονεν
3192 4014 3387 4079 οὕτως.
3419 4034 3439 4067 ι
3464 4015 3573 4068 Καὶ
3603 4017 3661 4067 ὲν
3680 4017 3755 4086 τῇ

2174 4110 2331 4178 καινῇ
2358 4108 2416 4160 δὲ
2439 4106 2678 4179 Διαθήκῃ
2703 4106 2819 4160 ἐστί
2846 4123 2967 4160 τινα
2996 4106 3463 4177 νενομοθετημένα
3491 4104 3757 4172 ἀνάλογον

2173 4199 2286 4271 τῷ’
2328 4218 2347 4250 ι
2384 4200 2503 4252 Ὀτι
2543 4198 2784 4266 Μωῦσῆς
2810 4197 2944 4268 πρὸς
2965 4198 3064 4268 τὴν
3116 4196 3546 4269 σκληροκαρδίαν
3592 4195 3761 4266 ὑμῶν

2168 4291 2464 4363 ἐπέτρεψεν
2507 4291 2632 4361 ὑμῖν
2691 4288 2955 4342 ἀπολῦσαι
3003 4289 3104 4353 τὰς
3164 4292 3429 4357 γυναῖκας
3480 4286 3668 4357 ὑμῶν·
3727 4305 3751 4338 ι

2168 4382 2331 4434 οἱονεὶ
2386 4380 2493 4453 γὰρ
2534 4380 2669 4452 πρὸς
2717 4380 2815 4452 τὴν
2870 4381 3299 4452 σκληροκαρδίαν
3350 4380 3504 4450 ὑμῶν
3550 4378 3759 4448 γέγρα-

2174 4490 2303 4526 πται
2356 4473 2445 4526 διὰ
2498 4472 2597 4546 τὴν
2645 4472 2927 4527 ἀσθένειαν
2984 4472 3073 4525 τό·
3131 4491 3149 4522 ι
3208 4471 3306 4525 Διά
3361 4471 3418 4524 δὲ
3469 4469 3568 4532 τὰς
3616 4485 3758 4539 πορ-

490 4554 649 4625 quasi
680 4570 782 4626 pro
811 4555 991 4610 cordis
1023 4570 1211 4610 eorum
1247 4558 1445 4614 duritie
1491 4561 1543 4616 id
1592 4562 1919 4618 inﬁrmitatis
1946 4581 2068 4633 gra-

2175 4566 2320 4630 νείας
2345 4566 2573 4629 ἕκαστος
2598 4565 2692 4637 τὴν
2717 4563 2907 4619 ἑαυτοῦ
2933 4566 3167 4633 γυναῖκα
3205 4562 3395 4633 ἐχέτω,
3425 4562 3519 4614 καὶ
3543 4558 3757 4630 ἑκάστη

1696 4707 1927 4763 VETUS
1966 4706 2543 4763 INTERPRETATIO.

682 4818 978 4903 .Post
1005 4822 1331 4903 accedamus
1357 4826 1424 4880 ad
1457 4825 1680 4903 verbum
1707 4823 2112 4903 Pharisaeorum
2142 4827 2287 4903 quod
2315 4826 2568 4903 dixerunt
2592 4825 2659 4881 ad
2698 4824 2880 4903 {esum
2913 4843 2928 4881 :
2962 4845 2979 4877 ι
3012 4824 3152 4891 Quid
3182 4836 3312 4903 ergo
3352 4819 3562 4903 Moyses
3595 4830 3746 4903 prie;

491 4886 1062 4969 sepitflarelibcllum
1087 4895 1319 4969 repudii,
1361 4904 1416 4969 et
1441 4895 1744 4969 dimittere?
1783 4914 1801 4948 ι
1840 4896 2110 4962 Quoniam
2154 4886 2366 4969 Moyses
2408 4896 2579 4969 legem
2614 4896 2858 4969 scribens
2888 4910 2996 4950 non
3023 4886 3490 4969 tantumfaspea'it
3520 4902 3644 4957 qua:
3678 4886 3759 4942 sit

493 4956 883 5039 ﬁera‘justitia,
916 4964 1010 5018 sed
1042 4956 1741 5039 secundumjntirtnjtatem
1770 4956 1959 5039 eorum
1990 4977 2210 5037 propter
2237 4956 2397 5039 quos
2421 4956 2507 5020 le":
2538 4966 2879 5039 ponebatur,
2910 4956 3359 5039 condescendens
3386 4956 3551 5039 plura
3583 4972 3751 5011 man-
3786 4980 3789 4983 ν

495 5021 667 5115 dim};
696 5028 839 5111 Sicut
870 5021 964 5113 est
1004 5041 1059 5087 et
1100 5035 1199 5115 le}.
1214 5035 1378 5090 dandi
1416 5023 1648 5115 repudii.
1683 5034 1951 5104 Quoniam
1979 5021 2171 5115 autem
2197 5021 2515 5115 secundum
2534 5021 2906 5115 infirmitatem
2940 5050 3130 5115 eorum
3155 5021 3406 5115 dabatur;
3432 5038 3756 5115 {atriense-

493 5095 1052 5187 cundgm‘justitiam,
1081 5105 1357 5187 subjectus
1390 5095 1570 5161 serino
1602 5095 1941 5187 demonstrat
1968 5106 2205 5187 dicens-z
2244 5106 2375 5187 «Ab
2398 5106 2762 5187 initio_autem
2794 5121 2906 5187 _non
2939 5103 3214 5187 fuitsic.)
3248 5100 3315 5187 Et
3346 5101 3410 5187 Eg
3432 5096 3756 5187 Ιξφξῼῌξξίξς

493 5180 604 5235 que
633 5164 1003 5246 ἰξιςςιιξιιηθηιοΔ
1026 5164 1152 5229 sunt
1181 5164 1441 5243 'quaedam
1471 5191 1576 5229 non
1608 5177 1907 5231 secundum
1935 5191 2118 5231 veram
2157 5176 2447 5245 justitiam,
2480 5176 2573 5232 sed
2606 5176 2905 5246 secundum
2940 5164 3199 5246 duritiam
3234 5170 3414 5226 cordis
3454 5166 3745 5246 hominum

495 5236 799 5293 carnalium
830 5241 1145 5311 constituta,
1179 5236 1386 5314 uiputa,
1422 5255 1639 5314 propter
1665 5246 1921 5301 duritiam
1951 5246 2133 5301 cordis
2157 5236 2335 5301 'vestri
2381 5236 2469 5301 lex
2514 5246 2640 5300 data
2670 5254 2752 5300 est
2777 5245 2966 5301 dicens
2998 5260 3013 5297 :
3050 5262 3069 5295 ι
3102 5243 3312 5298 Bonum
3340 5249 3424 5295 est
3455 5236 3746 5292 mulierem

493 5375 674 5500 frium
710 5375 968 5444 v'irumfi
1001 5375 1056 5438 et
1089 5392 1303 5441 caetera.
1359 5385 1415 5440 Si
1447 5393 1627 5440 autem
1659 5386 1765 5441 hoc
1803 5395 2019 5455 propter

516 5446 589 5500 Od
622 5458 844 5500 uruntur
877 5451 1135 5500 duritiam
1174 5455 1355 5500 rent-llis
1386 5455 1554 5500 [nostri
1584 5466 1682 5500 est,
1715 5456 1859 5500 nilnil
1886 5456 2011 5500 alibi

493 5320 603 5359 non
634 5316 853 5380 tangere
889 5329 901 5363 :
934 5322 1149 5383 pr0pter
1200 5314 1614 5369 fornicationem
1666 5324 1846 5371 autem
1894 5317 2271 5440 unusquisque
2316 5317 2594 5387 propriam
2639 5315 2836 5370 nabat
2877 5329 3127 5380 uxorem,
3155 5321 3211 5368 et
3243 5322 3584 5379 unaquaeque
3600 5317 3750 5387 ⁵ως)-

493 5375 674 5440 Drium
710 5379 915 5440 virum;
949 5401 968 5434 ι
1001 5393 1056 5438 et
1089 5392 1303 5440 caetera.
1359 5385 1415 5440 Si
1447 5393 1627 5440 autem
1659 5386 1765 5440 hoc
1803 5395 2019 5440 nronter
2087 5386 2304 5440 uritiam
2334 5387 2516 5440 cordis
2546 5385 2719 5440 nostri
2748 5385 3063 5439 mandatum
3097 5392 3201 5440 est.
3238 5388 3442 5440 quanto
3472 5391 3647 5440 magis
3681 5371 3750 5427 ιι-

2087 5371 2516 5442 υτὶἶίαιηόοιῖύίε
2546 5385 2719 5441 nostri
2748 5385 3063 5439 mandatum
3097 5371 3201 5446 est,
3238 5371 3450 5449 quanto
3472 5371 3653 5449 magis
3681 5371 3753 5427 il—

516 5446 589 5500 nd
622 5458 844 5520 propter
877 5443 1136 5508 duritiam
1174 5455 1355 5511 cordis
1386 5455 1556 5511 nostri
1584 5466 1689 5525 est,
1715 5443 1861 5528 quod
1886 5443 2015 5511 alibi
2041 5456 2171 5512 dicit
2196 5457 2265 5513 de
2293 5456 2473 5513 viduis
2500 5454 2805 5512 volentibus
2848 5456 3043 5511 iterum
3075 5443 3277 5508 nubere
3309 5467 3323 5504 :
3368 5466 3387 5501 ι
3418 5443 3589 5513 Quod
3608 5443 3658 5500 si
3686 5455 3751 5497 se

590 5562 636 5594 ³³
663 5563 853 5624 Matth.
879 5586 991 5637 XIX,
1028 5571 1084 5628 8.
1158 5573 1202 5605 "
1228 5574 1357 5629 ibid.

552 5673 1234 5766 ιρῖᾒνιὶρχοντα.(Ιοιιριι
1260 5687 1479 5762 Regius,
1532 5694 1854 5766 ἀρέσκοντα.
1905 5692 2073 5751 lbidcr

2175 5696 2232 5758 μξς
2271 5692 2524 5765 ἀνδρείαν
2561 5695 2653 5748 καὶ⁵
2699 5691 3067 5766 σωφροσύνην.
3100 5689 3268 5745 Paulo
3305 5694 3444 5758 post,
3470 5683 3567 5754 τῆς
3608 5680 3746 5732 ἁπο-

504 5753 709 5811 suam;
738 5751 914 5823 νόμον.
