4032 6308
542 401 689 458 ΙΞΞῦ
1978 385 2127 442 Oli":

2228 383 2308 438 iis
3664 359 3819 418 ηδε

546 516 810 579 locutum,
859 523 913 571 et
963 514 1155 583 spiritu
1198 512 1341 567 dicta
1392 525 1535 576 esse,
1590 508 1851 579 majorem
1908 508 1959 560 in
2014 506 2116 559 hoc

2228 504 2320 575 μὲν
2361 503 2646 574 νενοήκασι
2691 502 2760 555 τὰ
2796 502 2936 556 κατά
2966 501 3057 556 τὸν
3105 502 3290 568 τόπον,
3329 501 3442 567 τοῖς
3472 499 3812 572 ὁμολογοῦσι

543 609 865 676 explicando
909 607 1028 661 loco
1074 604 1480 674 consequentiae
1523 603 1786 656 rationem
1840 598 2114 660 habuisse,

2228 594 2342 656 τοὺς
2376 592 2672 664 προτέρους
2719 591 2812 645 δύο
2850 593 3237 663 εὐνουχισμοὺς
3279 593 3612 663 σωματικῶς
3648 593 3811 646 λελὲ-

545 711 708 769 atque
736 715 832 754 eos
864 698 956 768 qui
992 698 1202 768 priores
1233 697 1371 751 duas
1416 694 1776 750 eastrationes
1814 690 1881 746 ad
1916 704 2117 759 corpus

2228 683 2340 754 [θαι
2360 700 2373 713 ·
2402 682 2744 753 ἐξωμάλισαν
2776 682 2885 754 γὰρ
2917 683 3222 746 ἀκολούθως
3252 685 3366 746 τοῖς
3394 682 3678 755 προτέροις
3708 684 3810 737 δύο

547 792 862 847 referendas
892 806 1014 846 esse
1046 790 1178 845 fassi
1203 798 1331 844 sunt
1362 806 1375 842 :
1404 788 1681 858 prioribus
1710 786 1853 840 enim
1903 784 2117 838 duobus

2228 775 2309 827 τὸν
2352 774 2554 844 τρίτον,
2583 774 2642 827 οὐ
2678 774 2962 836 πταίοντες
2997 775 3095 843 μὲν
3127 773 3203 837 ὡς
3246 774 3382 844 πρὸς
3413 774 3475 826 τὸ
3506 773 3804 827 ἀκόλουθον

546 883 767 937 tertium
810 890 1205 950 consequenter
1251 886 1609 949 exmquarunt
1636 896 1651 944 ;
1683 892 1790 930 non
1842 875 1897 928 in
1946 873 2119 927 tribus

2228 868 2332 928 τοῖς
2361 865 2560 935 τρισὶν,
2592 865 2902 933 ἀναγκαίως
2930 865 2987 917 δὲ
3019 865 3343 927 πταίσαντες
3372 862 3451 934 τῷ
3489 865 3589 936 τὴν
3623 865 3802 936 ἀρχὴν

544 973 764 1043 quidem
800 974 927 1040 illis,
956 972 1133 1043 quoad
1164 971 1635 1041 consequentiam,
1661 975 1948 1038 peccantes
1978 983 1992 1031 ;
2023 967 2119 1019 sed

2228 958 2327 1010 τῶν
2358 957 2498 1011 κατὰ
2524 958 2615 1011 τὸν
2642 956 2803 1011 τόπον
2834 956 3250 1029 παρεωρακέναι
3274 972 3287 986 ’
3316 955 3393 1026 τῷ
3425 954 3534 1027 γὰρ
3563 971 3801 1026 σωματιο

547 1042 691 1133 quod
720 1065 788 1119 ad
838 1080 902 1119 ea
945 1078 1067 1134 quae
1108 1064 1212 1117 hoc
1254 1063 1374 1116 loco
1416 1069 1727 1125 narrantur,
1763 1058 1875 1129 jam
1916 1057 2041 1113 inde
2086 1072 2118 1110 a

2228 1050 2332 1114 ιιῶς
2352 1050 2597 1121 λελέχθαι
2623 1051 2748 1114 τοὺς
2774 1048 2867 1104 δύο
2878 1048 3069 1102 ἕπεται
3088 1049 3184 1102 καὶ
3206 1048 3297 1100 τὸν
3317 1048 3500 1119 τρίτον
3520 1042 3659 1102 εἶναι
3693 1065 3801 1101 σω-

549 1155 818 1224 prineipio
875 1170 981 1209 non
1037 1153 1173 1209 satis
1221 1152 1583 1216 attenderint,
1629 1149 1938 1205 necessario
1980 1148 2117 1218 lapsi

2228 1141 2449 1215 ματικὸν
2471 1157 2485 1172 ·
2521 1143 2570 1194 ot
2596 1141 2653 1195 δὲ
2676 1140 2918 1212 δεύτεροι
2955 1138 3033 1209 τῷ
3076 1139 3175 1210 μὲν
3207 1136 3374 1210 τρίτῳ
3413 1137 3579 1206 ὑγιῶς
3608 1138 3798 1192 ἐπισε-

2220 1234 2473 1304 ὅλήκασι,
2500 1231 2597 1303 τὴν
2635 1231 2743 1287 ἀπὸ
2768 1229 2929 1300 λόγου
2968 1229 3289 1301 νομίσαντες
3315 1227 3608 1299 δηλοῦσθαι
3638 1230 3796 1283 ὲκτο-

2224 1323 2331 1397 μὴν
2359 1323 2454 1377 τοῦ
2488 1321 2788 1394 παθητικοῦ
2813 1321 2921 1375 ἀπὸ
2945 1321 3046 1391 τῆς
3068 1320 3243 1392 ψυχῆς
3259 1336 3274 1350 ο
3309 1319 3491 1373 οὐκέτι
3517 1318 3574 1372 δὲ
3598 1318 3794 1374 τεθεω-

2223 1416 2475 1489 ρήκασιν,
2504 1414 2587 1467 ὅτι
2617 1410 2856 1485 ἁρμόζον
2880 1408 2948 1485 ἦν
2975 1414 3042 1483 τῇ
3069 1410 3291 1483 τοιαύτῃ
3310 1410 3528 1481 Eudoxii,
3553 1411 3646 1464 καὶ
3672 1413 3793 1474 τοὺς

2222 1507 2519 1580 προτέρους
2546 1503 2641 1559 δύο
2671 1506 3057 1576 εὐνουχισμοὺς
3086 1502 3286 1575 ὁμοίως
3320 1502 3401 1573 τῷ
3430 1503 3601 1574 τρίτῳ
3634 1503 3794 1575 ἀλλη-

2223 1599 2474 1671 γορῆσαι,
2507 1598 2541 1669 ἢ
2575 1594 2888 1667 ὲξομαλίσαι
2934 1594 3329 1667 παραπλησίως
3364 1597 3479 1659 τοῖς
3513 1594 3792 1665 προτέροις

2223 1690 2345 1743 δυσὶ
2380 1692 2474 1744 καὶ
2508 1688 2600 1742 τὸν
2638 1687 2842 1759 τρίτον.
2874 1687 3047 1757 Εἴπερ
3096 1682 3189 1739 οὖν
3214 1688 3300 1739 ἐπ’
3335 1684 3508 1740 ἄλλων
3543 1684 3704 1738 τινῶν
3732 1686 3795 1736 οὐ

2229 1779 2386 1850 μόνον
2417 1779 2518 1850 τῆς
2557 1778 2829 1850 Διαθήκης
2872 1778 2971 1848 τῆς
3015 1774 3253 1840 παλαιᾶς
3295 1776 3493 1848 ῥητῶν,
3542 1776 3677 1828 ἀλλά
3702 1777 3795 1829 καὶ

2226 1870 2324 1940 τῆς
2352 1868 2545 1937 καινῆς
2566 1867 2793 1938 ἁρμόζει
2816 1866 2992 1935 λέγειν
3014 1882 3027 1895 ·
3061 1883 3080 1915 r
3114 1866 3186 1918 Τὸ
3208 1868 3443 1937 γράμμα
3469 1863 3794 1929 ἀποκτείνει,

2227 1960 2287 2013 τὸ
2317 1960 2376 2012 δὲ
2412 1959 2629 2030 πνεῦμα
2658 1958 2926 2021 ζωοποιεῖ,
2965 1975 2985 2008 ι
3018 1957 3176 2011 τοῦτο
3199 1958 3257 2010 δὲ
3288 1958 3384 2010 καὶ
3414 1958 3510 2010 ἐπὶ
3539 1957 3680 2010 κατά
3707 1957 3799 2010 τὸν

2229 2052 2585 2122 προκείμενον
2624 2050 2823 2120 τρόπον
2856 2049 2965 2121 (90)
2998 2048 3388 2119 ὁμολογητέον·
3421 2047 3657 2120 τηρηθὶν
3690 2048 3799 2118 γὰρ

548 1257 677 1302 sunt
700 1263 716 1311 ;
748 1262 872 1300 nam
898 1247 945 1301 si
966 1245 1033 1300 ad
1056 1260 1257 1315 corpus
1279 1243 1591 1299 referuntur
1613 1243 1755 1308 dum,
1775 1257 2119 1312 consequens

548 1348 634 1392 est
663 1335 855 1392 referri
888 1345 943 1391 et
966 1336 1202 1391 tertiam.
1232 1334 1341 1389 Alii
1373 1349 1505 1390 vero
1539 1335 1755 1389 tertiam
1783 1342 1929 1389 recte
1971 1348 2122 1388 asse-

549 1428 665 1483 cuti
696 1435 848 1493 sunt,
879 1442 1003 1483 cum
1029 1425 1378 1483 aﬂeetionum
1409 1426 1479 1480 ab
1501 1425 1683 1479 anima
1713 1432 1983 1494 peractam
2005 1437 2121 1479 ser-

550 1520 731 1574 monis
754 1534 860 1589 ope
878 1518 1236 1574 resectionem
1257 1518 1361 1573 hac
1385 1516 1679 1587 signiﬁcari
1702 1516 1947 1570 arbitrati
1971 1528 2117 1582 sunt;

552 1622 610 1666 at
634 1627 743 1666 non
771 1612 1135 1667 observarunt
1167 1609 1295 1664 huic
1324 1608 1671 1677 explicationi
1695 1615 2120 1662 consentaneum

553 1715 677 1756 esse
705 1701 914 1767 priores
932 1700 1071 1754 duas
1090 1699 1447 1755 castrationes
1466 1698 1771 1769 allegorice,
1801 1699 1942 1753 haud
1964 1714 2124 1754 secus

556 1807 622 1846 ac
656 1791 893 1857 tertiam,
926 1791 1147 1859 exponi,
1187 1790 1269 1844 vel
1302 1799 1447 1845 certe
1473 1791 1748 1861 prioribus
1776 1791 1988 1845 duabus
2015 1796 2125 1845 ter-

560 1884 691 1936 tiam
745 1896 963 1951 quoque
1014 1879 1306 1949 exaequari.
1346 1879 1487 1935 Sane
1537 1880 1583 1935 si
1635 1894 1797 1950 super
1850 1881 1971 1936 aliis
2016 1896 2124 1934 non

557 1972 757 2027 veteris
790 1980 1022 2037 tantum,
1055 1971 1149 2025 sed
1180 1979 1233 2024 et
1264 1967 1400 2023 Novi
1433 1969 1768 2025 Testamenti
1801 1972 1936 2026 locis
1962 1986 2125 2041 quam

556 2063 807 2133 plurimis
837 2063 1017 2117 dicere
1045 2076 1145 2130 par
1168 2069 1251 2116 est
1284 2080 1298 2114 :
1337 2080 1356 2111 ‹
1385 2060 1590 2116 Littera
1632 2062 1863 2125 occidit,
1905 2063 2130 2131 spiritus

2154 1837 2197 1893 Β

555 2165 739 2208 autem
768 2152 1001 2207 viviticat
1022 2152 1088 2217 ",
1121 2171 1140 2203 ι
1181 2154 1321 2206 idem
1354 2152 1408 2206 in
1437 2152 1503 2208 lis
1531 2169 1652 2222 qum
1697 2154 1763 2207 ad
1817 2155 1959 2208 hunc
1988 2169 2127 2224 quo-

556 2260 663 2315 que
715 2244 895 2298 locum
947 2244 1252 2312 pertinent,
1302 2241 1579 2297 fatendum
1627 2252 1752 2311 est;
1786 2246 2126 2299 observatam

556 2338 757 2407 quippe
803 2337 870 2391 de
923 2335 1137 2390 duabus
1181 2334 1602 2390 castrationibus
1656 2336 1887 2391 litteram
1937 2337 2133 2391 dixerit

561 2428 759 2497 aliquis
789 2442 885 2481 eos
918 2426 1220 2492 occidisse,
1265 2427 1359 2496 qui
1410 2427 1622 2480 tertiam
1673 2428 2129 2497 quemadmodum

556 2528 611 2574 et
637 2518 851 2589 priores
886 2517 1290 2582 intellexerunt,
1313 2525 1368 2570 et
1400 2516 1579 2572 dicere
1622 2519 1743 2572 ausi
1785 2528 1911 2573 sunt
1961 2536 2020 2574 se
2064 2519 2132 2574 ad

560 2608 809 2677 eumdem
846 2608 1066 2662 modum
1106 2621 1216 2677 quo
1246 2608 1455 2677 priores
1492 2610 1715 2664 castrati
1757 2621 1918 2675 sunt,
1964 2609 2134 2667 fuisse

558 2710 827 2764 exsectos,
862 2709 1046 2770 utpote
1072 2699 1164 2769 qui
1192 2699 1348 2767 juxta
1384 2714 1686 2755 sermonem
1724 2700 1816 2756 Dei
1864 2702 1915 2756 id
1959 2701 2134 2758 facere

561 2793 854 2863 potuerint,
876 2793 947 2846 ob
973 2792 1104 2845 illud
1129 2793 1175 2824 ⁸²
1202 2811 1214 2845 :
1245 2810 1264 2841 ι
1294 2790 1522 2861 Propter
1544 2808 1765 2863 regnum
1792 2794 2078 2849 emicrum.
2108 2814 2128 2847 ι

633 2885 689 2939 2.
731 2884 888 2950 Quod
914 2884 957 2938 si
989 2884 1113 2953 quis
1146 2883 1266 2937 aliis
1291 2883 1453 2936 etiam
1486 2885 1746 2953 exemplis
1775 2888 1990 2955 probari
2024 2887 2137 2941 vult

560 2971 770 3029 Novum
829 2974 1239 3029 Testamentum
1296 2974 1527 3028 litteram
1582 2977 1915 3029 otcidentem
1974 2977 2136 3048 653

563 3067 862 3130 continere,
896 3068 1097 3133 audiat,
1134 3069 1367 3138 exempli
1397 3070 1588 3139 gratia,
1622 3068 1897 3137 quomodo
1943 3067 2139 3123 Serva-

2227 2144 2288 2198 τδ
2319 2144 2552 2216 γράμμα
2603 2141 2710 2195 τῶν
2753 2141 2846 2194 δύο
2892 2141 3267 2212 εὐνουχισμῶν
3300 2141 3443 2194 εἴποι
3482 2157 3568 2205 τις
3600 2139 3687 2202 ἂν,
3714 2141 3799 2193 ὅτι

2228 2235 2513 2288 ἀπέκτεινε
2541 2235 2666 2297 τοὺς
2705 2230 3010 2296 ἀκολούθως
3050 2235 3162 2296 τοῖς
3193 2232 3474 2305 προτέροις
3502 2232 3591 2285 τὸν
3620 2232 3804 2303 τρίτον

2229 2327 2545 2397 νοήσαντας,
2571 2326 2665 2379 καὶ
2690 2324 3062 2395 τολμήσαντας
3089 2324 3282 2387 εἰπεῖν,
3315 2323 3391 2386 ὼς
3422 2322 3561 2377 κατά
3589 2322 3683 2376 τὸν
3711 2321 3802 2373 λό-

2230 2432 2325 2485 γον
2351 2416 2447 2469 τοῦ
2471 2416 2677 2488 Κυρίου
2704 2414 3013 2486 χωροῦντας
3038 2414 3171 2466 αὐτὸ
3199 2416 3369 2468 ποιεῖν
3395 2416 3485 2468 ἐπὶ
3514 2415 3589 2485 τῷ
3610 2430 3626 2445 ’
3657 2432 3677 2464 ι
3701 2413 3810 2466 Ast

2230 2507 2327 2579 τὴν
2356 2505 2629 2578 βασιλείαν
2655 2507 2763 2562 τῶν
2789 2505 3053 2578 οὐρανῶν,
3086 2525 3105 2557 ι
3138 2506 3338 2577 ὁμοίως
3363 2510 3467 2570 τοῐς
3488 2507 3807 2579 προτέροις,

2233 2599 2676 2670 εὐνουχισθεῖσιν,
2704 2597 3044 2670 εὐνουχίσθαι
3069 2598 3315 2661 ἑαυτούς.

2304 2898 2367 2951 Et
2405 2898 2464 2951 δὲ
2507 2897 2751 2969 βούλεταί
2787 2915 2870 2961 τις
2917 2898 3026 2967 (91)
3074 2898 3168 2951 καὶ
3209 2895 3343 2951 ἄλλα
3392 2896 3803 2969 παραδείγματα

2236 2988 2419 3044 λαϐεῖν
2455 2990 2556 3060 τῆς
2598 2989 2789 3059 καινῆς
2817 2989 3086 3059 Διαθήκης
3130 2989 3358 3060 ἐχούσης
3391 2989 3623 3061 γράμμα
3666 2989 3800 3041 ἀπο⁴

2237 3084 2467 3142 κτεῖνον,
2500 3079 2744 3133 ἀκουέτω
2781 3078 3219 3149 παραδείγματος
3268 3077 3427 3151 χάριν
3462 3078 3581 3132 τίνα
3609 3079 3801 3149 τρόπον

563 3165 651 3212 tor
686 3158 947 3228 apostolis
990 3159 1174 3213 ait":
1216 3179 1233 3211 ι
1266 3159 1494 3226 Quando
1541 3161 1663 3215 misi
1715 3176 1811 3214 vos
1854 3160 1972 3215 sine
2018 3176 2127 3215 sac-

2238 3175 2266 3227 ὁ
2307 3173 2496 3242 Σωτὴρ
2528 3172 2665 3242 πρὸς
2697 3170 2821 3233 τοὺς
2864 3172 3188 3234 ἀποστόλους
3233 3165 3414 3224 εἶπεν
3452 3191 3471 3221 ‹
3516 3172 3641 3223 Ὅτε
3674 3170 3804 3223 ἀπέ-

563 3248 709 3312 cula,
737 3257 791 3302 et
817 3264 962 3317 pera.
989 3258 1042 3303 et
1076 3250 1475 3315 calceamentis,
1509 3251 1767 3319 numquid
1803 3250 2007 3320 aliquid
2037 3251 2134 3304 de-

564 3339 670 3396 fuit
696 3341 884 3395 vobis?
920 3359 936 3391 ι
967 3340 1166 3411 quibus
1195 3341 1576 3411 subjungitur:
1607 3359 1626 3391 ι
1660 3339 1725 3394 At
1752 3340 1823 3393 illi
1846 3340 2132 3395 dixerunt:

2238 3264 2419 3318 στειλα
2456 3265 2599 3335 ὑμᾶς
2625 3265 2758 3334 ἄτερ
2784 3263 3086 3333 βαλαντίου,
3118 3265 3211 3317 καὶ
3243 3265 3447 3334 πήρας,
3484 3264 3577 3316 καὶ
3608 3263 3798 3332 ὑποδη-

2241 3357 2445 3428 μάτων,
2489 3356 2562 3425 μή
2606 3371 2750 3418 τινος
2791 3355 3159 3426 ὑστερήσατες
3192 3375 3209 3409 ο
3254 3349 3335 3417 οἷς
3369 3356 3685 3426 ἐπιφέρεται
3705 3355 3795 3407 τό·

567 3428 733 3487 Nihil.
770 3452 788 3483 ι
818 3431 962 3485 Dixit
992 3447 1119 3502 ergo
1147 3432 1226 3487 eis
1260 3431 1457 3487 Jesus:
1492 3452 1510 3485 ‹
1543 3431 1646 3487 Sed
1679 3449 1822 3488 nunc
1849 3435 1941 3503 qui
1977 3435 2127 3489 habet

2243 3468 2262 3502 ι
2301 3449 2365 3501 0i
2409 3447 2466 3501 δὲ
2501 3445 2653 3500 εἶπον
2677 3462 2691 3476 σ
2728 3446 2972 3510 Οὐδενός.
3009 3464 3029 3499 ι
3067 3442 3234 3500 Εἶπεν
3270 3442 3364 3500 οὖν
3407 3446 3591 3509 αὐτοῖς
3623 3448 3651 3502 ό
3698 3447 3802 3515 Ἰη-

568 3523 869 3583 sacculum,
903 3522 1053 3577 tollat
1083 3523 1334 3578 similiter
1368 3533 1423 3580 et
1452 3539 1634 3594 peram
1662 3542 1675 3578 :
1700 3534 1752 3579 et
1777 3525 1869 3595 qui
1906 3540 2011 3579 non
2047 3526 2127 3579 har

2240 3533 2395 3595 σοῦς’
2438 3554 2456 3586 ι
2508 3534 2668 3589 Ἀλλὰ
2701 3532 2797 3588 νῦν
2837 3536 2866 3588 ό
2901 3533 3039 3604 ἔχων
3064 3533 3347 3605 βαλάντιον
3375 3533 3582 3605 ἀράτω,
3609 3533 3804 3603 ὁμοίως

566 3615 677 3681 hct,
709 3614 901 3672 vendat
933 3614 1168 3671 tunicam
1201 3631 1378 3681 suam,
1407 3624 1460 3669 et
1484 3625 1629 3669 emat
1659 3615 1920 3687 gladium.
1948 3634 1967 3667 ι
2001 3614 2127 3671 Nam

2239 3624 2332 3678 καὶ
2360 3625 2575 3696 πήρανο
2601 3624 2695 3679 καὶ
2721 3625 2751 3678 ό
2780 3624 2855 3696 μὴ
2881 3624 3018 3695 ἔχων
3053 3624 3357 3695 πωλησάτω
3387 3624 3447 3677 τὸ
3478 3624 3687 3695 ἱμάτιον
3711 3624 3800 3676 αὗ-

566 3708 614 3762 si
648 3708 772 3778 quis
821 3706 983 3776 hujus
1022 3705 1124 3761 loci
1171 3721 1392 3761 sensum
1432 3720 1541 3760 non
1575 3714 1887 3775 penetrans,
1933 3717 2127 3761 vestem

2235 3712 2354 3778 τοῦ,
2385 3714 2480 3767 καὶ
2511 3713 2833 3786 ἀγορασάτω
2864 3714 3134 3783 μάχαιραν
3156 3727 3170 3745 ⁶
3210 3731 3229 3764 ι
3263 3712 3317 3765 ετ
3353 3726 3439 3776 τις
3463 3713 3591 3786 γὰρ,
3619 3711 3704 3766 διὰ
3744 3711 3804 3763 τὸ

567 3814 723 3853 suam
771 3798 1029 3853 sensilem
1060 3796 1387 3861 vendiderit,
1420 3806 1474 3851 et
1525 3796 1850 3851 homicidam
1898 3796 2127 3868 gladium

2238 3802 2411 3858 ταῦτα
2452 3801 2731 3874 εἰρηκέναι
2769 3802 2861 3854 τὸν
2902 3800 3128 3873 Ἰησοῦν,
3165 3798 3240 3874 μὴ
3284 3801 3469 3855 ἐνιδὼν
3513 3802 3804 3874 βουλήματι

567 3893 780 3955 emerit,
811 3900 1093 3962 propterea
1121 3890 1266 3959 quod
1301 3889 1417 3944 haec
1458 3904 1488 3943 a
1522 3886 1646 3944 Iesu
1682 3889 1826 3943 dicta
1861 3897 2008 3955 sunt,
2048 3905 2127 3961 pe-

2237 3893 2347 3948 τῶν
2390 3892 2749 3963 λελεγμένων,
2777 3890 3016 3963 πωλήσει
3052 3892 3115 3945 τὸ
3157 3890 3411 3964 αἰσθητὸν
3450 3893 3641 3947 ἑαυτοῦ
3682 3893 3804 3963 ίμα-

569 3982 699 4038 rihit
742 3983 861 4045 ille,
909 3982 1055 4053 quod
1110 3981 1379 4050 ejusmodi
1424 3980 1659 4049 gladium
1709 3982 2037 4051 sumpserit,
2087 3989 2127 4036 et

2240 4000 2375 4047 τιον,
2414 3982 2509 4036 καὶ
2547 3981 2809 4053 ἀγοράσει
2841 3981 3112 4053 μάχαιραν
3143 3982 3488 4055 ἀνδροφόνον,
3515 3983 3590 4047 ὡς
3634 3982 3805 4038 λαϐὼν

570 4082 767 4143 praeter
800 4071 1131 4126 voluntatem
1162 4069 1314 4136 Jesu,
1351 4071 1492 4126 male
1526 4071 1796 4128 intellecto
1825 4071 1997 4143 ipsius
2025 4089 2115 4129 ser

2249 4078 2518 4150 μάχαιραν
2551 4076 2824 4144 τοιαύτην,
2871 4074 2964 4128 καὶ
2996 4074 3240 4147 παράιτὺ
3287 4075 3533 4148 βούλημα
3576 4076 3670 4129 τοῦ
3708 4077 3806 4139 Ἰη-

574 4175 756 4227 mone,
786 4161 991 4231 egerit;
1025 4156 1258 4216 fortasse
1285 4177 1415 4217 vero
1442 4170 1498 4217 et
1534 4161 1588 4216 in
1621 4162 1799 4232 gladio
1826 4163 2059 4233 peribit:
2087 4172 2127 4217 at

2248 4169 2341 4223 σοῦ
2376 4169 2623 4240 ποιήσας,
2665 4165 3137 4239 παρεκδεξάμενος
3174 4169 3335 4222 αὑτοῦ
3364 4167 3457 4222 τὸν
3489 4168 3641 4235 λόγον
3674 4168 3804 4220 ἁπο-

575 4253 754 4323 qualis
780 4253 849 4308 sit
878 4254 965 4307 ille
994 4255 1206 4324 gladius
1233 4269 1338 4308 non
1368 4269 1515 4309 nunc
1539 4254 1697 4310 nobis
1728 4255 2127 4325 disquirendutr

2247 4260 2419 4315 λεῐται
2462 4259 2559 4331 μέν
2583 4275 2595 4288 ·
2628 4257 2769 4329 τάχα
2799 4257 2855 4310 δὲ
2882 4259 2977 4311 καὶ
3004 4260 3062 4312 ὲν
3096 4257 3339 4329 μαχαίρᾳ
3367 4257 3638 4311 ἀπολεῖται
3663 4273 3676 4287 ·
3709 4271 3807 4308 πο-

574 4354 678 4400 est.
712 4344 1016 4413 Quinetiam
1053 4346 1183 4401 illud
1203 4348 1250 4380 ³³
1279 4367 1292 4403 :
1326 4369 1343 4400 ι
1385 4346 1666 4403 Neminem
1694 4363 1790 4419 per
1814 4348 1954 4403 viam
2000 4349 2127 4404 salu

2248 4351 2392 4422 δαπὴ
2417 4351 2528 4423 δὲη
2560 4351 2822 4420 μάχαιρα,
2850 4349 2911 4402 οὐ
2933 4347 3029 4402 τοῦ
3058 4350 3321 4421 παρόντος
3342 4350 3450 4402 ἐστὶ
3476 4345 3664 4418 καιροῦ
3685 4345 3804 4417 διη-

1771 4483 2000 4542 VETUS
2038 4484 2620 4546 INTERPRETATIO.

575 4600 822 4657 carnales
845 4610 969 4653 esse
1001 4597 1276 4670 dixerunt,
1308 4605 1362 4651 et
1390 4597 1526 4651 nihil
1557 4598 1871 4667 spiritaliter
1905 4599 2313 4670 intelligendum
2345 4601 2401 4655 in
2432 4599 2517 4653 eis
2541 4596 2801 4670 {tertiam
2821 4606 2999 4670 autem
3027 4598 3534 4654 ennuchizationem
3560 4597 3808 4670 dixerunt

574 4688 645 4727 ex
674 4672 861 4733 verbo,
896 4683 999 4738 non
1026 4669 1387 4738 corporalem,
1432 4670 1654 4736 quando
1695 4684 1790 4737 spe
1836 4669 1989 4738 regni
2037 4667 2275 4728 ctialestis
2327 4686 2357 4725 a
2403 4667 2751 4725 severissime
2802 4668 2967 4738 verbo
3016 4671 3318 4737 praecidunt
3365 4668 3808 4737 concupiscentiae

578 4743 908 4812 passionem.
939 4737 1003 4790 Et
1036 4737 1195 4808 primi
1221 4737 1437 4812 quidem
1473 4738 1600 4791 t'acti
1632 4748 1760 4791 sunt
1787 4737 2069 4812 amatores
2085 4739 2647 4812 evangelie'elitterre,
2668 4744 2723 4789 et
2745 4751 2853 4812 non
2878 4737 3411 4812 intelligentesquod
3436 4739 3601 4812 rtiatn
3628 4740 3804 4794 haecin

578 4806 856 4880 parabolis
881 4806 1094 4863 locutus
1127 4817 1210 4880 est
1243 4806 1425 4872 Jesus,
1462 4817 1859 4876 consequenter
1889 4808 2160 4876 prioribus
2188 4806 2736 4864 eunuchizationihus
2765 4806 2979 4880 duabus
3008 4806 3382 4876 corporalibus
3436 4807 3810 4863 intellexerunt

579 4875 634 4934 et
660 4882 896 4938 tertiam.
928 4895 1034 4933 non
1065 4878 1282 4947 quidem
1319 4886 1605 4949 peccantes
1634 4875 1897 4947 quantum
1927 4880 1993 4932 ad
2028 4880 2473 4949 consequentiam
2503 4894 2528 4949 :_
2550 4875 2856 4931 necessarie
2902 4885 3084 4933 autem
3106 4875 3514 4949 peccaverunt,
3552 4879 3804 4946 quoniam

580 4949 653 5003 ab
683 4949 840 5003 initio
867 4949 1007 5003 duas
1032 4948 1153 5002 illas
1181 4947 1667 5004 eunuchizatinnes
1692 4949 2048 5017 corporaliter
2073 4947 2281 5004 tantum
2312 4947 2534 5017 intelligi
2557 4953 2885 5018 putaverunt
2913 4965 2926 5000 :
2957 4962 3297 5018 consequens
3323 4948 3466 5018 enim
3498 4956 3615 5003 erat
3665 4958 3811 5016 pest-

581 5032 751 5090 quam
780 5017 990 5088 priores
1021 5018 1389 5090 corporaliter
1405 5014 1821 5090 intellexerunt}
1860 5026 1919 5090 ut
1965 5020 2178 5090 tertiam
2204 5033 2444 5090 quoque
2489 5014 2836 5090 corporalem
2891 5014 3581 5090 existima'rent.ASecundi
3634 5014 3811 5073 autem

581 5086 1028 5159 interpretatores
1058 5086 1269 5159 tertiam
1299 5087 1520 5157 quidem
1549 5087 2057 5143 eunuchizationem
2079 5086 2370 5146 salubriter
2391 5092 2773 5159 exposuerunt
2789 5086 2906 5159 fleri
2932 5087 3082 5142 verbi
3115 5088 3432 5159 praecisione
3453 5104 3472 5159 ι
3498 5103 3610 5159 non
3636 5097 3810 5159 autem

581 5154 1068 5214 consideraverent
1091 5154 1350 5227 quoniam
1384 5158 1506 5213 talis
1555 5158 1826 5227 expositio
1873 5160 2201 5215 conveniens
2248 5166 2371 5215 erat
2392 5154 2555 5214 etiam
2607 5154 2659 5208 in
2691 5154 2972 5224 prioribus
3001 5154 3556 5212 eunuchizationibus
3581 5157 3810 5222 duabus,

580 5228 882 5285 secundum
914 5228 1323 5282 similitudinem
1353 5228 1501 5281 illius
1527 5230 1717 5282 tertia.

650 5299 708 5353 2.
747 5296 958 5366 Quibus
1007 5305 1188 5352 autem
1229 5297 1505 5367 displicet,
1556 5297 1812 5367 quoniam
1843 5306 1929 5354 est
1954 5306 2010 5353 et
2042 5298 2352 5369 evangelica
2377 5298 2554 5353 littera
2590 5299 2866 5361 occidens,
2890 5295 3133 5361 ‘audiat,
3176 5294 3406 5364 exempli
3436 5294 3634 5366 gratia,
3674 5298 3812 5365 quod

652 5417 698 5451 ⁸¹
728 5415 774 5471 ll
800 5394 929 5472 cor.
960 5431 1046 5484 tn,
1080 5414 1133 5470 6.
1208 5417 1254 5451 ⁸³
1281 5417 1472 5474 Matth.
1502 5434 1614 5483 ιιι,
1650 5416 1739 5473 12.
1813 5418 1859 5451 ⁵³
1882 5417 2015 5473 Luc.
2048 5435 2127 5473 XX}

2228 5418 2313 5486 55,
2346 5418 2435 5476 36.
2511 5420 2559 5453 “
2587 5419 2718 5475 Luc.
2747 5436 2805 5486 x,
2834 5418 2887 5475 ι.

652 5510 765 5583 (90)
810 5511 1053 5578 Τρόπον.
1086 5510 1395 5581 Legendum
1427 5510 1662 5569 fortasse
1692 5514 1874 5571 τόπον.

2251 5516 2568 5571 strationem
2618 5514 2796 5569 fuerat
2852 5514 3150 5583 impulsus;
3194 5512 3442 5583 itaheum
3486 5509 3650 5583 etiam
3703 5518 3811 5562 tum

653 5580 766 5650 (9|)
802 5584 871 5635 El
916 5583 984 5635 δὲ
1019 5579 1311 5646 βούλεταί
1350 5599 1462 5649 τις,
1506 5594 1610 5638 etc.
1655 5583 1771 5638 Non
1820 5586 1940 5640 sine
1976 5600 2143 5640 causa
2252 5586 2569 5640 adolescens
2596 5594 2760 5651 esset,
2797 5601 2860 5638 ex
2896 5579 2963 5639 iis
3000 5599 3123 5653 qua:
3161 5581 3380 5646 subjicit
3420 5596 3450 5633 e
3490 5579 3649 5653 Luca;
3676 5596 3813 5653 nn,

584 5650 700 5705 1153c
745 5653 990 5725 exempla
1040 5669 1163 5725 quae
1212 5664 1550 5725 sequuntur,
1598 5656 1801 5725 profert
1846 5654 2142 5725 Origenes;
2251 5655 2340 5720 35,
2377 5655 2466 5718 56,
2494 5657 2694 5723 petitis,
2726 5670 2887 5708 unam
2912 5650 3285 5725 sibi'servarat
3312 5653 3573 5714 tunicam,
3600 5650 3818 5725 abiectis

584 5718 1038 5794 quemadmodum
1060 5718 1217 5794 enim
1253 5718 1356 5794 hoc
1383 5718 1780 5794 Christi'eﬂato
1802 5718 2144 5794 quod'ltaheé
2251 5718 2930 5794 calceamentis{pedibus
2979 5722 3137 5794 nudis
3180 5723 3507 5785 incesserat,
3550 5735 3723 5789 neque
3760 5720 3814 5776 in

587 5785 676 5843 tur
709 5785 895 5839 Matth.
933 5807 1041 5853 xix,
1076 5791 1162 5852 12,
1202 5792 1269 5844 ad
1315 5793 1674 5847 voluntariam
1716 5785 2017 5864 sui'ipsius
2053 5810 2145 5849 ea-
2253 5796 2549 5867 crastinum
2576 5785 2945 5865 prospexerat.
2983 5792 3241 5845 Hunnus.
