4032 6308
1240 417 1594 477 COMMEN’I‘.
1635 420 1706 476 IN
1743 418 2161 477 MAT'I'HEUM
2190 418 2426 476 TOMUS
2458 418 2573 475 XV.

3409 421 3550 480 ιεεε

277 545 573 619 γήσασθαι.
616 541 774 596 Ἀλλὰ
822 534 916 594 καὶ
960 540 1054 594 τό·
1109 557 1129 590 ι
1170 538 1395 611 Μηδένα
1439 537 1581 592 κατὰ
1622 539 1722 610 τὴν
1749 537 1866 592 ὁδὸν

1976 536 2234 602 taveritis,
2265 555 2283 587 ι
2311 534 2357 592 si
2391 538 2517 606 quis
2546 548 2656 590 non
2681 532 2983 590 discutiens
3015 535 3146 605 quid
3176 537 3362 593 volens
3390 536 3557 597 Jcsus

865 650 933 696 ις,
978 631 1053 704 μὴ
1080 630 1342 698 ἐξετάσας
1393 629 1445 683 τί
1494 629 1816 700 βουλόμενος
1846 630 1875 681 ὁ

292 732 502 805 Ἰησοῦς
546 728 703 783 τοῦτο
751 723 1106 798 προσέταξεν,
1162 723 1240 787 ὡς
1290 721 1469 793 ζηλῶν
1520 721 1877 776 ἀποστολικδν

282 822 395 894 βίον
429 819 632 892 μηδένα
662 815 807 872 κατὰ
839 816 939 885 τὴν
979 815 1098 868 ὁδὸν
1143 812 1471 877 ἀσπάσαιτο,
1506 811 1879 885 ἀπάνθρωπος

278 913 348 965 ἂν
382 905 523 964 εἶναι
549 906 698 972 δόξαι
718 906 832 968 τοῖς
857 900 1154 975 θεωροῦσιν
1185 899 1348 955 αὐτὸν
1375 898 1616 953 τοιοῦτον
1633 916 1654 930 τ
1683 898 1879 960 οἵτινες

277 1004 378 1074 τὴν
401 1000 580 1056 αἰτίαν
599 998 694 1052 τοῦ
722 995 897 1060 οῦτως
924 996 1215 1065 νοήσαντος
1238 991 1377 1047 ἐπάν
1405 992 1758 1062 άναφέρωσιν
1778 988 1875 1042 ἐπὶ

280 1094 372 1146 τὸν
406 1092 584 1162 λόγον,
609 1090 686 1144 δι’
725 1088 785 1142 ὃν
839 1088 1046 1149 ἐκεῖνος
1076 1083 1223 1149 ἔδοξε
1261 1081 1420 1137 τοῦτο
1460 1081 1742 1154 πράττειν,
1792 1081 1879 1133 ἒν-

276 1182 499 1254 αχθεῖεν
544 1180 610 1233 ἂν
654 1177 792 1250 πρὸς
837 1176 899 1230 τὸ
948 1177 1124 1246 μισεῖν
1146 1174 1237 1229 τὸν
1269 1173 1425 1242 λόγον
1463 1172 1557 1227 τοῦ
1609 1170 1766 1236 Θεοῦ,
1801 1171 1878 1234 ὡς

274 1273 509 1345 ἀγρίους
551 1270 646 1324 καὶ
695 1267 1095 1338 άπανθρὼπους
1138 1264 1616 1330 κατασκευάζοντα
1656 1265 1785 1328 τοὺς
1818 1265 1877 1317 ὲν

281 1365 467 1437 αὐτῷ’
501 1363 596 1417 καὶ
636 1360 827 1415 τούτου
857 1360 956 1431 τὴν
996 1357 1177 1412 αἰτίαν
1214 1355 1394 1410 λαϐὼν
1432 1358 1462 1409 ὁ
1508 1355 1711 1428 μηδένα
1735 1354 1878 1409 κατὰ

279 1459 383 1531 τὴν
411 1457 526 1512 ὁδὸν
555 1452 952 1524 ἀσπαζόμενος,
989 1449 1153 1504 πάθοι
1186 1449 1254 1505 ἂν
1278 1448 1547 1522 προφάσει
1571 1447 1666 1502 τοῦ
1693 1447 1878 1521 γράμ-

273 1567 461 1622 τματος
489 1548 737 1612 θάνατον,
767 1543 862 1599 τοῦ
895 1543 1222 1616 γράμματος
1250 1541 1413 1596 αὑτὸν
1438 1539 1872 1604 άποκτείνοντος.

282 1642 352 1696 Εἰ
380 1643 437 1696 δὲ
472 1643 565 1694 καὶ
604 1638 695 1692 τὸν
727 1637 898 1702 δεξιὸν
926 1634 1201 1705 ὀφθαλμόν
1240 1651 1327 1697 τις
1372 1631 1652 1697 ἐκκόπτοι,
1679 1630 1757 1695 ὼς
1792 1629 1877 1684 αῖ-

278 1751 399 1788 τιον
427 1732 520 1786 τοῦ
567 1729 751 1793 κακῶς
785 1728 1024 1799 βλέπειν,
1063 1726 1097 1797 ἢ
1139 1725 1239 1796 τὴν
1267 1722 1447 1788 δεξιάν
1488 1722 1584 1776 τοῦ
1623 1720 1876 1793 σώματος

280 1823 463 1892 χεῖρα,
492 1818 524 1890 ἢ
552 1818 642 1870 τὸν
673 1815 843 1882 δεξιὸν
872 1815 1014 1869 κατὰ
1046 1813 1224 1886 σάρκα
1252 1812 1411 1876 πόδα,
1447 1811 1610 1866 πάθοι
1637 1812 1703 1864 ἂν
1735 1802 1874 1882 μετᾶ

1978 630 2085 686 hoc
2126 630 2467 700 praeceperit,
2500 626 2658 697 quasi
2691 626 2858 681 vitam
2892 627 3246 696 apostolicam
3294 630 3560 688 annulans

1978 720 2251 774 neminem
2279 720 2334 774 in
2363 717 2451 772 via
2485 715 2822 781 salutaverit,
2875 716 2921 772 is
2955 715 3199 786 profecto
3239 718 3400 774 talem
3431 736 3556 775 eum

1977 809 2350 879 spectantibus
2390 808 2732 862 inhumanus
2780 823 2903 863 esse
2945 808 3252 877 videbitur;
3289 810 3383 880 qui
3433 827 3557 866 cum

1977 916 2200 956 causam
2232 915 2333 955 cur
2364 898 2445 953 sic
2481 898 2570 953 ille
2602 899 2657 952 in
2704 898 2946 953 animum
2993 915 3153 955 suum
3183 900 3458 957 induxerit
3492 906 3561 959 ad

1976 1007 2289 1048 sermonem
2321 989 2581 1053 referent,
2619 1002 2838 1062 prOpter
2867 1007 3029 1062 quem
3061 991 3108 1047 is
3137 993 3268 1048 illud
3302 995 3451 1051 visus
3479 1008 3564 1054 est

1979 1098 2156 1151 agere,
2193 1098 2262 1140 eo
2292 1082 2655 1148 adducentur,
2698 1092 2763 1137 ut
2808 1098 3116 1138 sermonem
3167 1084 3260 1140 Dei
3303 1087 3431 1142 odio
3465 1089 3567 1144 lia-

1977 1177 2162 1242 beant,
2181 1176 2337 1248 quasi
2354 1186 2596 1246 agrestes
2607 1191 2702 1231 eos
2712 1186 2769 1231 et
2791 1177 3119 1234 inhumanos
3133 1177 3449 1236 etIicicntcm
3468 1182 3565 1251 qui

1978 1268 2055 1322 illi
2092 1268 2403 1333 adhaerent;
2437 1273 2493 1321 et
2513 1266 2608 1335 qui
2637 1282 2771 1322 ansa
2800 1268 2926 1324 inde
2958 1280 3173 1340 arrepta
3204 1273 3475 1327 neminem
3507 1274 3561 1327 in

1976 1362 2064 1416 via
2099 1362 2321 1428 salutat,
2371 1365 2418 1418 is
2463 1372 2691 1416 mortem
2731 1361 3020 1416 occasione
3062 1377 3093 1416 a
3127 1362 3305 1419 littera
3338 1366 3564 1435 praebita

1978 1454 2233 1524 patietur,
2265 1454 2441 1509 littera
2475 1453 2523 1507 ei
2555 1461 2785 1507 mortem
2823 1451 3107 1507 infcrente.
3137 1453 3193 1509 Si
3224 1457 3347 1525 quis
3380 1469 3564 1514 autem

1977 1546 2228 1599 dextrum
2259 1544 2485 1597 oculum
2534 1551 2714 1605 eruat,
2748 1541 2906 1611 quasi
2940 1558 3162 1597 causam
3206 1546 3308 1599 sibi
3345 1549 3435 1602 det
3467 1564 3569 1604 cnr

1978 1634 2120 1690 male
2155 1634 2418 1703 aspiciat,
2468 1634 2554 1687 vel
2598 1633 2844 1686 dextram
2882 1633 3127 1701 corporis
3177 1650 3431 1701 manum,
3481 1640 3569 1695 vei

1975 1726 2169 1797 pedem
2200 1727 2451 1781 dextrum
2471 1740 2760 1788 earncnm,
2788 1725 2926 1778 idem
2952 1725 3188 1793 patietur
3213 1736 3377 1797 atque
3408 1730 3443 1782 ii
3471 1731 3568 1800 qui

1978 1833 2010 1873 a
2040 1819 2217 1872 littera
2271 1817 2618 1881 occiduntur,
2667 1824 2852 1886 utpote
2892 1818 2984 1886 qui
3027 1818 3170 1872 intra
3224 1818 3460 1874 litteram
3508 1837 3571 1878 se

280 1912 395 1966 τῶν
442 1907 922 1979 άποκτιννυμένων
954 1904 1045 1960 διά
1082 1905 1145 1959 τὸ
1179 1903 1439 1977 γράμμα,
1470 1903 1546 1967 ὡς
1592 1901 1687 1955 καὶ
1714 1901 1869 1965 αὐτὸς

1977 1910 2338 1976 continuerit,
2384 1926 2508 1965 eum
2560 1908 2626 1965 ad
2672 1909 2970 1979 spiritalem
3022 1911 3295 1966 dictorum
3341 1928 3568 1971 sensum

278 2006 479 2079 μείνας
498 2006 591 2058 ἐπὶ
612 2002 707 2057 τοῦ
732 2002 1080 2075 γράμματος,
1108 2002 1227 2057 δέον
1250 2001 1564 2056 ἀναϐαίνειν
1588 1998 1753 2053 αὐτὸν
1780 1996 1874 2051 ἐπὶ

279 2098 349 2150 τὸ
381 2095 594 2167 πνεῦμα
623 2095 719 2150 τοῦ
747 2095 1060 2167 λεγομένου.
1096 2094 1282 2149 ’Ἄλλοι
1328 2092 1426 2164 μὲν
1470 2087 1563 2147 οὖν
1608 2090 1719 2145 τῶν
1766 2089 1873 2162 πρὸ

282 2189 443 2262 ¹ἡμῶν
483 2188 591 2261 (92)
624 2190 726 2243 οὐκ
757 2187 1014 2259 ὤκνησαν
1049 2187 1200 2252 ἰδίοις
1250 2185 1680 2259 συγγράμμασιν
1707 2185 1879 2255 ἀφορ-

288 2280 399 2352 μάς
427 2282 732 2352 παρασχεῖν
758 2279 854 2332 τοῦ
876 2279 970 2331 τὸν
997 2277 1182 2350 τρίτον
1221 2275 1574 2346 εὐνουχισμὸν
1609 2272 1877 2344 τολμῆσαί

278 2386 439 2435 τινας
472 2371 664 2424 παθεῖν
690 2370 961 2442 προφάσει
984 2368 1265 2439 βασιλείας
1289 2366 1559 2440 οὐρανῶν,
1589 2363 1879 2438 παραπλή-

290 2480 406 2518 σιον
437 2463 566 2517 ὄντα
585 2465 698 2525 τοῖς
722 2461 1014 2534 προτέροις
1034 2461 1185 2515 δυσίν
1213 2460 1346 2530 (95)-

374 2556 562 2626 Ἡμεῖς
587 2554 646 2607 δὲ
666 2552 901 2625 Χριστὸν
929 2548 1088 2618 Θεοῦ,
1117 2550 1211 2603 τὸν
1239 2549 1412 2618 Λόγον
1444 2547 1536 2603 τοῦ
1559 2544 1699 2602 Θεοῦ
1734 2545 1876 2600 κατὰ

293 2646 471 2717 σάρκα
491 2647 584 2699 καὶ
609 2646 750 2700 κατὰ
769 2645 831 2698 τὸ
853 2643 1087 2715 γράμμα
1117 2642 1249 2696 ποτὲ
1276 2642 1590 2713 νοήσαντες,
1621 2638 1716 2694 νῦν
1742 2639 1875 2693 οὐκ-

292 2735 376 2790 έτι
435 2734 814 2804 γινώσκοντες,
848 2735 950 2788 οὐκ
983 2732 1308 2804 εὐδοκοῦμεν
1338 2732 1415 2796 ὡς
1450 2730 1630 2794 καλῶς
1670 2729 1877 2801 ἐξειλη-

292 2827 417 2896 φόσι
439 2829 549 2889 τοῖς
581 2826 677 2879 καὶ
702 2825 794 2878 τὸν
820 2825 1002 2896 τρίτον
1036 2823 1393 2896 εὐνουχισμὸν
1419 2825 1630 2886 ἑαυτοῖς
1659 2821 1876 2893 προφά-

290 2936 377 2972 σει
404 2919 503 2988 τῆς
530 2917 805 2988 βασιλείας
829 2921 935 2972 τῶν
957 2917 1204 2990 οὐρανῶν
1227 2918 1493 2986 ἐπάγουσι
1511 2933 1524 2947 ⁸
1556 2917 1652 2971 καὶ
1680 2918 1781 2971 οὐκ
1809 2915 1876 2969 ἂν

288 3010 386 3063 ἐπὶ
431 3010 613 3062 πλεῖαν
662 3009 1159 3082 προσ-διετρίψαμεν
1200 3011 1267 3081 τῇ
1318 3010 1598 3080 ἀνατροπῇ
1648 3008 1743 3060 τοῦ
1786 3007 1876 3063 τὸν

287 3100 472 3169 τρίτον
501 3100 900 3172 παραπλησίως
921 3105 1036 3166 τοῖς
1062 3102 1351 3174 προτέροις
1393 3100 1514 3154 δυσὶ
1545 3098 1876 3171 σωματικῶς

1974 2002 2277 2058 ascendere
2327 2002 2622 2056 debuisset.
2669 1998 2788 2054 Non
2837 2001 3156 2057 dubitarunt
3204 2014 3352 2059 certe
3398 2005 3577 2077 aliqui

1979 2095 2070 2164 qui
2105 2095 2263 2150 nobis
2309 2103 2743 2160 antecesserunt,
2769 2108 2992 2149 causam
3018 2096 3237 2165 scriptis
3265 2099 3381 2154 suis
3410 2099 3564 2163 dare,

1973 2204 2098 2243 cum
2132 2198 2351 2258 propter
2374 2188 2641 2242 caelorum
2664 2201 2892 2256 regnum
2927 2188 3139 2242 tertiam
3169 2191 3557 2245 castrationem

1973 2279 2242 2346 nonnulli,
2271 2277 2437 2350 654
2466 2277 2742 2349 prioribus
2770 2276 2986 2334 duabus
3013 2279 3266 2343 similem,
3296 2283 3406 2351 pati
3436 2285 3558 2337 ausi

1972 2370 2105 2426 sint.

2054 2544 2110 2599 5.
2148 2540 2259 2599 Nos
2293 2550 2482 2598 autem
2515 2541 2610 2611 qui
2644 2542 2924 2599 Christum
2964 2544 3059 2600 Dei
3099 2544 3332 2602 Verbum
3370 2562 3572 2604 secun-

1981 2634 2113 2691 dum
2144 2650 2388 2701 carnem,
2414 2644 2469 2690 et
2504 2637 2805 2691 secundum
2836 2638 3072 2692 litteram
3117 2639 3248 2693 olim
3291 2640 3567 2705 novimus,

1982 2744 2130 2784 nunc
2173 2738 2352 2784 autem
2397 2744 2506 2784 non
2559 2731 2795 2802 amplius
2838 2739 3146 2796 noscentes,
3180 2746 3368 2786 eorum
3398 2733 3569 2789 inter-

1982 2823 2342 2891 pretationem
2378 2837 2487 2876 non
2516 2822 2835 2892 probamus,
2868 2822 2960 2892 qui
2990 2822 3230 2878 caelestis
3273 2823 3424 2894 regni
3469 2825 3565 2878 ob-

1981 2914 2191 2969 tincndi
2223 2931 2392 2971 causa
2434 2915 2650 2970 tertiam
2686 2915 2788 2971 sibi
2823 2917 3209 2972 castrationem
3243 2917 3566 2984 intulerunt;

1983 3021 2085 3059 nec
2122 3013 2335 3061 tantum
2387 3007 2440 3060 in
2473 3021 2540 3062 eo
2586 3005 2923 3062 confutando
2971 3009 3065 3078 qui
3124 3010 3343 3063 tertium
3392 3024 3571 3064 eunu-

1982 3097 2280 3162 chismum,
2332 3099 2405 3154 ita
2460 3108 2520 3154 ut
2568 3099 2779 3169 priores
2825 3099 3004 3163 duos,
3059 3100 3398 3170 corporalem
3445 3116 3570 3157 esse

280 3165 540 3242 ἐκλαϐεῖν
577 3165 843 3254 θέλοντος,
875 3192 925 3243 εί
972 3191 1046 3263 μὴ
1088 3165 1182 3245 καὶ
1211 3165 1551 3263 ἑωράκειμεν
1580 3165 1708 3255 τοὺς
1732 3189 1869 3263 οτολ-

1980 3191 2115 3256 vnlt,
2155 3191 2417 3261 temporis
2440 3193 2805 3258 trivissemus,
2837 3193 2944 3246 nisi
2978 3192 3190 3262 aliquos
3225 3194 3356 3249 illud
3400 3210 3569 3252 ausos

288 3283 590 3353 μήσαντας,
619 3281 714 3334 καὶ
737 3283 1145 3353 ἐντετεύχοιμεν
1170 3286 1286 3347 τοῖς
1320 3282 1639 3354 δυναμένοις
1672 3280 1873 3353 θερμο-

284 3373 451 3445 τέραν
477 3373 697 3444 κινῆσαι
723 3375 921 3447 ψυχὴν,
953 3376 1048 3429 καὶ
1076 3374 1272 3446 πιστὴν
1302 3375 1426 3446 μὲν,
1457 3374 1516 3427 οὐ
1550 3372 1773 3445 λογικὴν
1793 3373 1871 3439 δὲ,

285 3465 425 3537 πρὸς
454 3465 515 3519 τὸ
554 3463 795 3520 τοιοῦτον
835 3467 1112 3540 τόλμημα.
1139 3467 1278 3539 Φησὶ
1312 3466 1371 3519 δὲ
1407 3465 1603 3531 Σέξτος
1648 3467 1707 3520 ἐν
1752 3468 1874 3530 ταῖς

1979 3283 2332 3348 vidissemus,
2370 3292 2427 3338 et
2468 3284 2767 3340 nonnullos
2805 3284 2968 3339 etiam
3007 3285 3425 3343 otTcndisscmus
3458 3287 3568 3344 fcr-

1978 3373 2278 3427 vcntiorcm
2306 3373 2575 3439 animum,
2610 3383 2665 3428 et
2690 3373 2903 3428 ﬁdelem
2933 3374 3177 3444 quidem,
3204 3377 3299 3431 sed
3343 3375 3570 3432 rationis

1981 3481 2088 3520 non
2119 3466 2253 3521 satis
2277 3466 2613 3530 audientem,
2642 3467 2709 3522 ad
2730 3465 3001 3537 ejusmodi
3031 3465 3244 3523 facinus
3272 3469 3569 3524 accendere

1488 3576 1725 3633 VETUS
1771 3575 2355 3633 INTERPRETATIO.

279 3697 420 3754 dicit
453 3696 518 3752 ad
554 3697 831 3767 apostolos
863 3712 1032 3751 suos:
1063 3715 1082 3767 ι
1112 3695 1343 3767 Quando
1372 3693 1498 3751 misi
1527 3693 1779 3767 vos_sine
1806 3694 2048 3767 sacculo,
2080 3703 2133 3747 et
2162 3708 2328 3767 pera,_
2362 3704 2415 3767 et
2456 3692 2865 3767 calceamentis,
2915 3707 2982 3747 an
3037 3710 3114 3767 ne
3151 3694 3371 3767 aliquid
3403 3697 3563 3753 vobis

282 3767 496 3822 defuit?
546 3762 653 3833 Qui
703 3768 1001 3823 dixerunt:
1034 3762 1197 3820 Nihil.
1232 3786 1252 3817 ι
1289 3762 1820 3832 RcsponditJesus:
1854 3784 1872 3814 ι
1903 3762 2009 3818 Sed
2053 3780 2199 3817 nunc
2239 3764 2330 3832 qui
2381 3764 2543 3819 habet
2592 3765 2893 3827 sacculum,
2944 3765 3177 3834 accipiat
3211 3762 3466 3820 similiter
3507 3777 3566 3823 et

285 3853 476 3907 peram
505 3856 519 3892 :
546 3848 601 3891 et
631 3838 723 3906 qui
758 3853 866 3891 non
896 3837 1080 3902 habet,
1110 3837 1310 3891 vendat
1335 3835 1722 3907 vestimentum
1754 3849 1937 3897 suum,
1990 3843 2058 3907 et
2095 3843 2241 3907 emat
2286 3834 2547 3907 gladium.
2585 3852 2606 3886 ι
2652 3834 2711 3888 Si
2759 3834 2884 3903 quis
2929 3848 3061 3907 ergo
3107 3836 3339 3889 litteram
3372 3836 3562 3892 volens

276 3904 553 3977 aspicere,
581 3904 774 3963 etnon
810 3907 1117 3975 intelligens
1149 3907 1493 3978 voluntatem
1517 3905 1829 3978 verborum,
1865 3904 2169 3978 vendiderit
2198 3904 2581 3978 vestimentum
2610 3920 2769 3978 suum
2803 3906 3106 3978 corporale,
3135 3914 3190 3960 et
3214 3907 3409 3978 emerit
3437 3908 3559 3978 gla-

280 3974 463 4038 dium,
501 3979 624 4032 talis
656 3986 848 4032 contra
877 3974 1211 4031 voluntatem
1246 3975 1449 4030 Christi
1486 3975 1791 4043 suscipiens
1821 3975 2043 4029 verbum
2070 3975 2212 4045 ejus,
2257 3975 2454 4045 peribit
2501 3974 2753 4040 forsitan,
2789 3975 2928 4045 e_t_in
2985 3975 3167 4045 gladio
3218 3974 3559 4045 peribithe

281 4064 401 4117 quo
449 4057 629 4117 autem
675 4047 854 4117 gladio
901 4048 1048 4102 dicat
1070 4089 1085 4113 ,
1129 4063 1238 4100 non
1279 4056 1365 4101 est
1402 4045 1509 4100 loci
1542 4042 1708 4117 hujus
1737 4058 2028 4117 exponere.
2063 4043 2166 4100 Sed
2198 4042 2416 4117 ct‘illud
2454 4046 2727 4114 aspiciat:
2763 4063 2783 4117 ι
2818 4042 3102 4117 Neminem
3133 4046 3186 4100 in
3218 4042 3308 4101 via
3350 4049 3559 4102 saluta-

279 4113 498 4193 veritis.
543 4136 562 4169 ι
599 4113 810 4193 Siquis
845 4133 950 4193 non
981 4118 1279 4193 discutiens
1304 4116 1651 4193 quidvolens
1674 4113 1839 4170 Jesns
1871 4115 2122 4193 hoeioco
2157 4116 2439 4193 princepit,
2493 4113 2653 4193 quasi
2701 4116 2885 4193 zelans
2918 4115 3087 4193 vitam
3114 4118 3515 4193 apostolorum
3539 4160 3555 4184 ,

282 4189 566 4242 neminem
602 4189 653 4241 in
688 4185 773 4242 via
809 4187 1145 4254 salutaverit,
1181 4188 1226 4242 is
1251 4185 1409 4255 quasi
1451 4186 1787 4240 inhumanus
1814 4193 1869 4238 et
1894 4185 2095 4239 stult'ns
2126 4186 2404 4255 videbitur
2427 4186 2684 4255 omnibus
2713 4204 2726 4241 :
2755 4194 2810 4239 et
2834 4185 2915 4239 sic
2941 4186 3153 4241 decebit
3181 4185 3337 4242 odire
3364 4202 3558 4244 omnes

283 4260 456 4312 verba
483 4257 689 4313 Christi
719 4258 877 4327 quasi
909 4253 1149 4327 agrestes
1176 4268 1227 4311 ct
1259 4253 1586 4311 inhumanos
1614 4255 1865 4327 ducentia
1902 4255 2151 4327 homines
2179 4253 2614 4327 csse.AForsi_tan
2662 4264 2839 4327 autem
2874 4264 2929 4308 et
2966 4257 3231 4311 morietur
3268 4258 3322 4311 in
3367 4258 3556 4313 odium

281 4338 615 4399 cunctorum
643 4325 928 4393 deductus,
948 4325 1142 4381 littera
1171 4342 1234 4399 se
1262 4327 1565 4399 occidente.
1597 4326 1655 4380 Si
1684 4334 1866 4399 autem
1893 4334 1947 4379 et
1978 4326 2227 4399 dextrum
2255 4325 2378 4396 quis
2406 4325 2629 4380 oculum
2669 4326 2872 4397 ejiciat,
2902 4338 2997 4380 aut
3037 4343 3285 4393 manum,
3328 4337 3425 4383 aut
3458 4344 3556 4399 pe-

284 4398 439 4464 dem,
472 4407 597 4470 post
621 4399 976 4470 opprobrium
1006 4397 1254 4464 insanire,
1290 4397 1690 4452 infructuosum
1722 4396 1962 4466 patietur
1993 4396 2296 4451 interitum.

354 4579 470 4652 (92)
504 4580 707 4652 Ἄλλοι
877 4572 993 4652 εὖγ’
1192 4574 1310 4652 agi}
1342 4573 1531 4652 cutim,
1565 4582 1670 4652 etc.
1706 4572 1852 4643 Cum

1976 4573 2254 4652 uaximam
2275 4573 2592 4652 adhibuisse
2611 4588 2799 4652 curam
2816 4573 3240 4652 Origenem‘quo
3257 4577 3548 4652 discipulis

275 4644 561 4708 luculento
592 4644 849 4714 Eusebii,
888 4646 1198 4718 Epiphanii,
1230 4646 1519 4715 Niccpltori
1539 4686 1553 4709 ,
1586 4646 1852 4718 aliqrum-
1960 4644 2314 4718 suismfaein‘us
2336 4645 2787 4718 illudignorabile
2812 4644 3013 4718 esset:
3042 4644 3170 4718 τοὺς
3187 4644 3416 4713 πολλοὺς
3435 4650 3546 4703 τῶν

277 4736 391 4794 que
435 4719 752 4794 testimonio
787 4713 1009 4794 Δεοιιείεἰ
1040 4719 1281 4788 seipsum
1304 4713 1629 4794 eisecuisse
1665 4713 1856 4794 Orige-

1976 4716 2097 4794 iprp’
2133 4714 2296 4769 αὐτὸν
2325 4713 2616 4794 γνωρίμων
2642 4714 2917 4794 διαλαθεῖν
2946 4717 3306 4794 φροντίσαντα
3316 4736 3336 4794 _;
3369 4735 3548 4790 eoque

279 4783 444 4855 siem;
482 4790 608 4844 inde
655 4791 800 4858 quod
836 4783 1192 4858 spontaneam
1232 4789 1317 4842 sui
1353 4788 1717 4842 exsectionem
1753 4783 1855 4841 lioe
1957 4783 2190 4858 [ortasse
2214 4783 2572 4858 spontan'eam
2603 4787 2707 4858 hoc
2734 4787 2854 4841 loco
2883 4783 3268 4858 castrationem
3295 4783 3543 4845 damnat.

278 4863 404 4917 loco
433 4870 511 4915 tot
536 4855 881 4930 argumentis
907 4860 1023 4928 ipse
1053 4858 1341 4929 improbet,
1367 4858 1609 4930 adducor
1632 4857 1699 4911 ad
1736 4871 1855 4911 cre—
1957 4855 2111 4923 Quos
2136 4857 2442 4930 nutenrhic
2478 4856 2750 4930 signiﬁcat
2793 4857 3011 4930 scriptis
3039 4858 3154 4930 suis
3175 4861 3544 4930 occasionem

278 4932 519 4988 dendum
549 4927 843 4985 inconsulti
875 4927 958 4983 sui
990 4938 1045 4983 et
1069 4927 1343 4983 temerarii
1372 4927 1522 4995 facti,
1550 4943 1619 4982 ex
1657 4930 1855 4980 immo-
1958 4927 2462 4997 nonnullisdedisse
2485 4927 3020 4997 seipsosexsecandi,
3040 4928 3074 4981 ii
3100 4929 3355 4984 videntur
3376 4930 3548 4988 fuisse

276 5005 473 5057 derato
506 5000 596 5054 Dei
629 5000 765 5065 zelo,
793 5014 858 5054 ae
888 4999 1082 5052 insano
1109 4999 1377 5053 castitatis
1403 5014 1610 5064 amore,
1641 5011 1857 5052 necnon

276 5082 334 5127 et
376 5072 633 5141 juvenilis
693 5070 870 5125 aetatis
934 5072 1143 5141 l‘ervore
1202 5070 1529 5141 perpetrati,
1583 5084 1749 5131 eum,
1797 5082 1856 5121 re

281 5139 476 5197 deinde
499 5142 768 5196 maturius
794 5140 1084 5210 pettsilala.
1109 5139 1310 5193 auditis
1336 5140 1639 5193 amicorum
1670 5153 1855 5210 repre—

282 5213 670 5278 hensionibus,
734 5209 1193 5281 magistrorumve
1251 5209 1733 5273 castigationibus,
1801 5215 1856 5281 et

278 5282 687 5337 defervesccnte
733 5280 926 5344 atate,
970 5280 1320 5349 paenituisse;
1372 5280 1642 5349 aliosque,
1681 5293 1761 5349 ne
1800 5280 1852 5331 in

283 5352 425 5406 idem
457 5351 842 5408 olrendiculum
887 5347 1275 5420 impingerent,
1310 5347 1691 5404 absterruisse.
1730 5347 1857 5420 "asc

282 5425 569 5492 perspicua
603 5432 731 5477 sunt
777 5437 844 5476 ex
887 5421 954 5476 iis
1001 5419 1505 5492 quieseqnuntur:
1554 5421 1743 5492 Ἠμεις
1775 5419 1852 5492 δὲ,

282 5489 516 5565 Χριστὸν
548 5493 639 5547 τὸν
687 5492 985 5565 Λόγοντοῦ
1018 5489 1154 5544 Θεοῦ
1174 5489 1339 5565 ῌκατά
1363 5492 1542 5565 σάρκα
1581 5489 1675 5565 καὶ
1714 5491 1855 5543 κατὰ

284 5559 347 5636 εδ
361 5562 593 5636 γράμμα
603 5563 761 5636 “me
776 5559 1105 5636 νοήσαντες,
1138 5561 1242 5636 νῦνΔ
1254 5561 1413 5615 οὐκέτ
1422 5559 1448 5614 ι’
1470 5559 1852 5630 γινώσκοντες,

279 5632 759 5704 οὐκεὺδόκοῦμεν,
786 5632 916 5699 etei,
954 5649 1012 5688 se
1038 5635 1168 5688 olim
1212 5633 1403 5704 littera:
1434 5644 1850 5704 sensum‘si-eu-

283 5710 419 5776 tum,
445 5719 593 5759 nunc
621 5702 849 5776 mystico
874 5706 1079 5776 haerere
1106 5703 1409 5776 proﬁtetur.
1429 5702 1581 5776 idem
1615 5704 1854 5758 sensisse

282 5773 772 5846 additamentiliue
792 5773 1172 5846 intrusi,qui)d
1190 5790 1315 5829 mox
1347 5774 1734 5846 indicabimus,
1763 5788 1856 5826 au-

281 5856 482 5900 ctorem
497 5845 793 5900 verisimile
809 5855 908 5900 est.
925 5843 1245 5912 Quanquam
1264 5861 1327 5901 ex
1346 5843 1578 5899 Eusebio
1590 5844 1854 5899 discimus

596 5938 868 5996 l’a’ruoc.~
903 5938 1020 5997 (in.
1048 5936 1217 5997 χιιι.

1964 4994 2161 5052 Valesii
2211 4998 2469 5062 heretici,
2496 4994 2590 5067 qui
2631 5013 2698 5050 ex
2729 5013 3012 5067 perperam
3048 5000 3259 5054 detorto
3304 5000 3547 5058 Matthzei

1958 5082 2120 5137 quem
2155 5069 2646 5132 tractaninshloco,
2669 5068 2843 5122 virilia
2870 5067 2973 5123 sibi
3004 5071 3381 5138 amputabant.
3411 5070 3547 5126 Vide

1958 5138 2227 5208 Epiphan.
2257 5138 2449 5208 haeres.
2483 5153 2637 5200 Lvm,
2673 5152 2793 5208 cap.
2822 5139 2874 5193 i.
2912 5138 3176 5195 HUETIUS.

2029 5206 2142 5282 (95)
2175 5207 2307 5282 Post
2330 5207 2481 5282 δυσίν
2505 5210 2677 5282 codex
2712 5207 3045 5282 Holmiettsis
3076 5210 3306 5282 habebat
3330 5229 3345 5267 :
3368 5206 3542 5282 Οἶμαι

1957 5278 2495 5353 αἰνίττεσθλαιᾳαύτδν
2528 5279 2597 5353 τὸ
2643 5280 2781 5353 περι
2814 5280 2981 5353 αὐτοῦ
3032 5278 3541 5353 ἱστορούμενον,’ᾡς

1956 5350 2064 5420 ἄρα
2088 5348 2176 5422 διὰ
2190 5349 2281 5403 τὸν
2307 5348 2463 5422 λόγον
2492 5349 2590 5420 τῆς
2624 5348 2922 5422 εὐσεϐείας,
2949 5351 2982 5422 ἢ
3012 5351 3105 5422 τὸν
3132 5348 3231 5420 τῆς
3252 5348 3539 5422 σωφροσύ-

1956 5402 2054 5493 νὴς
2072 5492 2079 5493 7
2100 5402 2276 5491 ἔρωτα
2293 5402 2656 5493 Ῠεύἶθουχιᾶμῷ
2936 5402 3279 5493 ἐπιδίέδωκένξ
3293 5402 3400 5475 "lii-
3520 5442 3535 5477 :

1963 5509 1982 5540 ι
2012 5490 2263 5545 Obsoni'e
2292 5492 2436 5546 hunc
2478 5490 2788 5561 signiﬁcare
2828 5492 3088 5556 arbitror,
3132 5492 3277 5559 quod
3327 5493 3394 5547 de
3443 5493 3538 5547 illo

1959 5563 2217 5614 traditum
2247 5571 2351 5623 est,
2376 5576 2572 5631 nempe
2605 5571 2823 5631 propter
2850 5563 3067 5633 pietatis
3097 5576 3430 5629 sermonem,
3453 5567 3537 5619 vel

1957 5646 2198 5685 amorem
2251 5636 2556 5702 castitatis,
2616 5649 2816 5702 corpus
2881 5647 3040 5688 suum
3084 5635 3536 5690 emasculandum

1958 5701 2265 5757 tradidisse.
2302 5722 2321 5753 ι
2352 5701 2459 5757 Sed
2487 5711 2633 5757 recte
2658 5701 2844 5758 monet
2872 5702 3100 5757 Huetius
3136 5702 3186 5755 id
3221 5719 3343 5760 esse
3380 5705 3537 5759 aditi-

1960 5781 2257 5847 tamemutn
2283 5773 2446 5847 quod
2481 5774 2533 5827 in
2570 5785 2884 5840 contextum
2915 5789 2983 5828 cx
3025 5789 3121 5829 ora
3162 5773 3401 5847 irrepsit.
3454 5773 3534 5833 Eo

1957 5842 2081 5898 cod.
2119 5841 2322 5913 Regius
2351 5841 2690 5902 deformatus
2717 5860 2828 5900 non
2862 5853 2966 5901 est.

3082 5937 3158 5998 1ιο
