4032 6308
481 337 622 393 ίίὶϐἶ

1964 341 2286 400 ORIGENIS

3619 349 3755 405 ηαδ

483 459 758 526 pertinere
815 456 1165 521 contendant,
1223 467 1519 512 cumtres
1571 457 1965 512 cunuchismos
2016 459 2376 528 spiritualiter
2418 475 2541 517 esse
2592 462 2858 532 prolatos,
2895 463 3272 534 unusquisque
3314 464 3516 534 spiritu
3545 465 3751 535 vivens,

478 562 530 609 et
565 553 757 623 spiritu
787 553 1093 617 ambulans,
1133 553 1184 606 in
1219 554 1460 608 animum
1491 554 1749 609 inducere
1781 554 2080 611 debuisset.

570 647 646 699 De
667 647 839 717 pueris
869 645 995 701 Iesu
1033 645 1225 699 oblatis
1256 655 1312 699 ut
1340 664 1528 702 manus
1558 650 1633 702 eis
1661 650 1968 718 imponeret.

546 799 600 853 6.
651 817 669 850 ι
695 796 849 852 Tunc
879 799 1043 852 oblati
1076 810 1203 854 sunt
1234 801 1283 856 ei
1319 801 1551 870 parvuli,
1587 820 1604 852 ι
1635 810 1687 855 et
1711 801 1940 870 reliqua,
1967 816 2060 855 us-

476 907 582 960 que
621 891 685 945 ad
713 891 762 944 id
793 910 804 944 :
840 909 858 942 ι
892 889 954 944 Et
998 906 1122 945 cum
1168 892 1516 961 imposuisset
1548 892 1627 946 eis
1663 908 1858 948 manus
1880 932 1894 956 ,
1929 893 2062 947 abiit

479 981 680 1036 inde“.
707 1000 724 1032 ι
755 981 908 1036 Tunc
939 981 1185 1051 exposita
1221 983 1450 1038 historia
1478 983 1728 1054 contigit,
1753 999 1878 1038 cum
1903 985 2060 1054 pueri

472 1074 601 1130 Jesu
635 1075 798 1130 oblati
833 1083 990 1141 sunt,
1039 1075 1345 1131 volentibus
1395 1077 1460 1132 iis
1503 1077 1596 1147 qui
1631 1075 1958 1144 offerebant,
2000 1087 2062 1132 ut

474 1182 674 1221 manus
703 1167 834 1236 ipsis
861 1167 1181 1237 imponeret,
1200 1175 1253 1222 et
1283 1183 1469 1238 preces
1491 1183 1590 1237 pro
1621 1169 1756 1239 ipsis
1785 1167 2055 1224 funderet.

475 1259 639 1328 Atqui
673 1259 954 1313 sciendum
999 1267 1082 1313 est
1112 1275 1503 1330 nunquamnon
1534 1258 1664 1314 Jesu
1717 1274 1916 1329 pueros
1941 1259 2060 1312 ani-

479 1368 619 1406 mam
649 1352 844 1408 offerre
865 1394 879 1417 ,
927 1353 993 1408 de
1027 1354 1226 1423 quibus
1258 1354 1360 1410 sibi
1411 1353 1638 1422 depositi
1676 1353 1848 1408 instar
1887 1368 1917 1407 a
1948 1351 2059 1406 Deo

473 1444 691 1498 traditis
734 1445 939 1498 dicat'lo
977 1462 989 1497 :
1039 1465 1057 1498 ι
1089 1445 1227 1500 Ecce
1279 1460 1380 1515 ego
1429 1453 1482 1498 et
1530 1445 1681 1514 pueri
1730 1459 1869 1513 quos
1909 1444 2061 1499 dedit

474 1537 610 1590 mihi
644 1536 932 1601 Dominus,
967 1556 985 1589 ι
1036 1547 1091 1592 et
1130 1552 1320 1593 eorum
1365 1552 1654 1606 puerorum
1705 1534 1940 1591 infantes
1969 1551 2060 1606 ap-

479 1629 748 1695 pellentur
798 1630 1079 1697 nonnulli,
1143 1629 1233 1682 alii
1300 1630 1593 1694 lactentes,
1647 1636 1704 1681 ut
1757 1625 2057 1683 infantibus

475 1718 645 1773 etiam
669 1719 1072 1785 imbecilliores,
1097 1728 1151 1773 et
1176 1718 1440 1772 Dominus
1471 1726 1657 1772 noster
1678 1732 1743 1772 ex
1777 1727 2058 1772 utrorum-

475 1825 584 1881 que
613 1825 706 1864 ore
739 1811 950 1864 laudem
1001 1809 1282 1879 perﬁciat,
1312 1821 1372 1864 ut
1403 1809 1618 1880 cognita
1650 1825 1680 1863 a
1711 1809 1868 1865 nobis
1911 1810 2060 1880 ejus-

478 1901 624 1956 modi
659 1903 708 1955 in
735 1918 932 1970 pueros
966 1901 1111 1956 illius
1143 1902 1516 1967 beneﬁcentia,
1551 1901 1862 1956 dicamus“
1889 1917 1902 1953 :
1929 1919 1947 1952 ι
1977 1901 2057 1954 Ex

2087 655 2131 712 Α
2223 648 2365 718 Περὶ
2399 648 2516 726 τῶἴ
2541 645 3070 726 προσεῖςχθᾷντωιε
3089 645 3342 726 παιδίων
3359 644 3448 726 ῖῷ
3489 645 3687 715 Ἰησοῦ

2483 719 2584 770 ἵνα
2627 714 2805 784 ἐπιθῇ
2837 715 2946 780 τὰς
2973 715 3175 784 χεῖρας
3209 714 3432 781 αὐτοῖς.

2241 833 2259 863 ι
2291 810 2422 864 Τότε
2455 808 2901 881 προσηνέχθησαν
2933 806 3080 877 αὑτῷ
3105 807 3315 872 παιδία,
3347 825 3367 859 ι
3397 808 3488 860 κα).
3509 808 3574 861 τὰ
3597 807 3747 879 ἑξῆς,

2162 904 2267 966 ἕως
2301 900 2394 954 τοῦ
2414 918 2427 930 ·
2458 919 2475 950 ι
2508 899 2617 952 Καὶ
2648 897 2857 960 ἐπιθεὶς
2885 883 2984 960 τὰς
3016 899 3205 970 χεῖρας
3235 897 3437 961 αὑτοῖς,
3471 898 3744 969 ἐπορεύθη

2162 994 2391 1050 ἐκεῖθεν.
2425 1011 2442 1044 ›
2466 991 2598 1044 Τότε
2627 989 2724 1060 μὲν
2753 990 2788 1060 ὴ
2819 987 3284 1059 ἀναγεγραμμένη
3305 989 3506 1058 ἱστορία
3523 991 3739 1058 γέγονε,

2160 1087 2237 1158 τῷ
2269 1087 2360 1140 καὶ
2411 1081 2768 1156 προσενέχθαι
2803 1078 2992 1141 παιδία
3025 1080 3100 1151 τῷ
3159 1079 3333 1148 Ἰησοῦ
3359 1119 3374 1144 ,
3413 1079 3742 1151 βουλομένων

2160 1177 2267 1230 τῶν
2292 1172 2708 1245 προσφερόντων
2734 1171 3001 1224 ἐπιθεῖναι
3026 1169 3190 1223 αὑτοῦ
3211 1169 3310 1232 τὰς
3328 1171 3513 1240 χεῖρας
3539 1171 3745 1236 αὐτοῖς,

2163 1268 2256 1320 καὶ
2284 1261 2705 1337 προσεύξασθαι.
2757 1260 2951 1315 Ἰστέον
2996 1260 3075 1324 δὲ,
3114 1261 3195 1312 ὅτι
3235 1257 3334 1312 οὐκ
3378 1258 3522 1312 ἔστιν
3555 1259 3642 1311 ὅτε
3683 1260 3747 1312 οὐ

2164 1354 2529 1427 προσφέρεται
2549 1351 2736 1406 παιδία
2751 1349 2847 1422 τὴν
2863 1349 3039 1421 ψυχὴν
3055 1349 3135 1420 τῷ
3169 1348 3342 1420 Ἰησοῦ
3376 1349 3512 1417 (10),
3541 1349 3626 1418 ἐφ’
3671 1344 3749 1414 οἷς

2161 1447 2306 1516 λέγοι
2333 1445 2420 1507 ἂν.
2445 1445 2520 1509 ὡς
2550 1442 3022 1516 παρακαταθήκην
3047 1441 3188 1494 αὐτὰ
3216 1441 3324 1495 ἀπὸ
3370 1441 3508 1494 Θεοῦ
3545 1441 3744 1506 λαϐὼν,

2160 1535 2247 1588 τό·
2287 1553 2303 1585 ι
2355 1533 2485 1586 Ἰδοὺ
2514 1531 2624 1600 ἐγὼ
2654 1532 2746 1585 καὶ
2766 1523 2836 1584 τά
2862 1530 3049 1584 παιδία
3074 1530 3111 1584 ἃ
3139 1548 3227 1602 μοι
3254 1531 3455 1585 ἔδωκεν
3474 1533 3503 1583 6
3534 1533 3690 1597 Θεὸς,
3723 1552 3738 1583 ι

2161 1627 2254 1680 καὶ
2286 1625 2393 1678 ἀπὸ
2419 1624 2526 1678 τῶν
2555 1624 2782 1677 παιδίων
2815 1640 2879 1692 γε
2912 1622 3117 1676 τούτων
3154 1623 3277 1676 τινὰ
3329 1623 3427 1694 μὲν
3473 1641 3746 1695 χρηματι-

2162 1714 2300 1778 ζέτω
2327 1714 2512 1783 νήπια,
2547 1711 2680 1766 ἄλλα
2713 1711 2768 1765 δὲ
2794 1711 3035 1780 λεγέσθω
3068 1710 3386 1782 θηλάζοντα,
3418 1713 3495 1776 ὡς
3525 1714 3632 1766 τῶν
3653 1732 3748 1786 νη-

2162 1805 2300 1858 πίων
2334 1803 2721 1875 ὑποδεέστερα,
2753 1804 2848 1856 καὶ
2882 1805 2909 1856 6
2942 1801 3145 1874 Κύριος
3179 1803 3335 1874 ἡμῶν
3380 1804 3446 1857 ὲκ
3481 1805 3744 1875 στόματος

2160 1893 2482 1966 ἀμφοτέρων
2515 1893 2889 1965 καταρτιζέτω
2919 1889 3066 1946 αἶνον
3089 1935 3103 1960 ,
3145 1894 3261 1959 ἵνα,
3316 1893 3614 1965 ᾐσθημένοι
3646 1895 3743 1966 τῆς

477 2008 574 2047 ore
602 1992 890 2046 infantium
921 2000 975 2047 et
1002 1991 1316 2046 lactentium
1347 1990 1622 2062 perfecisti
1657 1992 1895 2046 laudem.
1931 2011 1949 2043 ›
1987 1991 2053 2048 Hi

2154 1987 2409 2056 τοιαύτης
2454 1984 2617 2038 αὑτοῦ
2649 1987 2730 2049 εἰς
2770 1985 2839 2038 τὰ
2869 1984 3055 2038 παιδία
3093 1985 3438 2055 εὐεργεσίας,
3497 1987 3743 2058 λέγωμεν

477 2098 607 2144 vero
633 2083 784 2152 pueri
813 2083 1025 2137 dicendi
1053 2092 1202 2149 sunt,
1247 2083 1339 2152 qui
1372 2083 1623 2138 carnales
1652 2091 1782 2138 sunt
1810 2083 1863 2136 in
1893 2082 2056 2138 Chri-

471 2181 560 2229 sto
602 2189 667 2228 ac
716 2173 955 2227 infantes
1000 2173 1310 2242 cujusmodi
1368 2172 1682 2229 Corinthios
1723 2189 1844 2230 esse
1876 2175 2055 2231 sciens

475 2263 676 2318 Paulus
727 2264 1008 2334 apostolus
1053 2264 1375 2318 dicebat":
1424 2283 1442 2315 ι
1499 2263 1565 2318 Ει
1608 2279 1709 2335 ego
1754 2280 1862 2320 non
1901 2265 2053 2336 potui

473 2353 628 2408 vobis
657 2353 805 2420 loqui
831 2354 989 2422 quasi
1017 2353 1402 2423 spiritualibus
1429 2395 1446 2420 ,
1489 2355 1582 2411 sed
1623 2356 1780 2425 quasi
1826 2357 2056 2412 carnali-

475 2444 614 2510 bus,
674 2444 833 2513 qnasi
901 2445 1146 2514 parvulis
1211 2445 1264 2498 in
1314 2444 1555 2502 Christo.
1587 2465 1605 2498 ι
1659 2445 1818 2502 Tales
1869 2456 2050 2502 autem

473 2535 622 2602 pueri
655 2543 782 2590 tunc
808 2535 973 2589 oblati
1013 2546 1137 2590 sunt
1159 2576 1174 2602 ,
1209 2545 1261 2591 et
1307 2551 1522 2608 semper
1563 2537 1864 2592 offeruntur
1897 2537 2048 2596 Jesu.

471 2627 772 2682 ()blationis
839 2635 1018 2682 autem
1111 2642 1405 2696 puerorum
1483 2637 1862 2699 argumentum
1937 2638 2049 2698 est,

476 2719 728 2775 Ecclesiae
793 2719 1084 2773 infantium
1137 2720 1504 2788 in'Christo,
1579 2729 1634 2774 et
1693 2721 2048 2789 lactentium,

472 2811 646 2875 lacte,
696 2826 804 2866 non
843 2812 1018 2868 solido
1058 2811 1181 2867 cibo
1221 2813 1496 2881 egentium
1545 2811 1873 2880 multitudo,
1910 2829 2051 2884 quos

469 2902 696 2972 favens,
744 2921 849 2960 non
917 2920 1076 2961 secus
1123 2919 1188 2959 ac
1245 2905 1387 2958 ﬁlios
1449 2920 1580 2961 suos
1627 2905 1811 2961 nutrix
1833 2905 1912 2970 ”,
1969 2905 2052 2962 sic

470 2995 636 3066 659
670 2997 976 3066 alloquatur
1005 2998 1048 3030 ⁷⁸
1082 3016 1096 3052 :
1137 3015 1155 3048 ‹
1188 2995 1300 3052 Lac
1329 2995 1484 3050 vobis
1518 3005 1709 3066 potum
1744 2997 1888 3064 dedi,
1940 3013 2049 3052 non

471 3102 687 3152 escam;
719 3088 958 3142 nondum
1003 3087 1147 3142 enim
1180 3085 1460 3155 poteratis.
1501 3105 1520 3138 ι
1565 3086 1764 3142 Deinde
1795 3089 2049 3158 quando-

472 3179 688 3248 quidem
709 3181 1076 3248 evangelista,
1095 3179 1188 3248 qui
1208 3178 1426 3242 horum,
1451 3178 1517 3233 de
1533 3179 1732 3249 quibus
1749 3179 1836 3234 hic
1852 3181 2049 3250 agitur,

471 3270 856 3334 meminerunt,
886 3270 1032 3340 quod
1069 3288 1087 3320 ι
1120 3269 1285 3323 oblati
1316 3267 1538 3324 fuerunt
1581 3271 1789 3338 parvuli
1827 3269 1978 3337 Iesu,
2021 3291 2040 3325 ι

472 3371 530 3416 u-t
552 3363 627 3416 ait
655 3361 974 3424 Mattlneus,
1029 3361 1113 3415 vel
1140 3401 1154 3424 ,
1203 3370 1262 3415 ut
1310 3359 1525 3416 Marcus
1557 3361 1637 3427 ⁷⁸,
1679 3379 1698 3413 ι
1732 3361 1968 3418 infantes
1993 3365 2044 3418 ei

469 3455 803 3516 obtulerunt,
834 3473 852 3505 ι
881 3453 1220 3523 scripserunt
1239 3453 1488 3521 quidem;
1517 3461 1574 3506 at
1593 3468 1621 3506 a
1651 3453 1848 3522 quibus
1879 3453 2046 3508 oblati

471 3545 690 3612 fuerint,
737 3545 820 3600 vel
863 3545 1089 3614 quinam
1137 3544 1468 3609 obtulerint,
1518 3545 1737 3600 silentio
1763 3545 2045 3614 praeterie-

473 3645 618 3704 runt,
657 3637 814 3692 nobis
841 3637 1212 3706 investiganda
1262 3637 1628 3706 relinquentes
1657 3652 1779 3706 qua:
1809 3653 1838 3689 a
1864 3653 1923 3694 se
1952 3636 2045 3692 fu-

468 3739 626 3783 erant
673 3731 1037 3798 praetermissa
1075 3746 1088 3781 :
1123 3743 1303 3798 opera:
1344 3728 1574 3798 pretium
1614 3738 1696 3784 est
1740 3727 2044 3798 disquirere

465 3836 534 3874 an
567 3837 696 3875 casu
735 3819 786 3874 id
827 3836 856 3874 a
891 3821 1064 3876 tribus
1115 3819 1282 3875 fuerit
1328 3820 1791 3889 praetermissum,
1843 3819 2045 3889 quibus

470 3911 627 3965 facile
659 3919 774 3966 erat
805 3911 1062 3976 scribere,
1095 3910 1273 3965 Oblati
1301 3919 1430 3965 sunt
1472 3911 1520 3965 ei
1554 3926 1582 3963 a
1609 3910 1875 3980 patribus,
1903 3909 1986 3964 vel
2013 3925 2044 3964 a

471 4002 759 4067 ntatribus,
791 4003 897 4066 vel,
919 4001 1216 4057 offerebant
1245 4003 1294 4056 ei
1326 4000 1563 4056 infantes
1592 4010 1646 4056 et
1672 4017 1873 4071 pueros
1895 4000 2045 4071 ipso-

2155 2077 2242 2131 τόο
2287 2097 2305 2130 ι
2353 2079 2447 2130 Ἐκ
2471 2077 2734 2148 στόματος
2769 2075 2980 2148 νηπίων
3021 2077 3118 2130 καὶ
3158 2077 3494 2148 θηλαζόντων
3539 2096 3741 2150 κατηρ-

2153 2169 2290 2223 τίσω
2339 2166 2507 2224 αἶνον.
2546 2189 2564 2222 ι
2614 2169 2812 2224 Παιδία
2861 2169 2916 2222 δὲ
2961 2169 3179 2222 λεκτέον
3229 2169 3355 2233 τοὺς
3409 2169 3467 2222 ἐν
3521 2171 3739 2242 Χριστῷ

2157 2260 2465 2332 σαρκίνους,
2516 2259 2611 2314 καὶ
2660 2259 2918 2330 νηπίους,
2978 2258 3200 2322 ὁποίους
3248 2258 3568 2329 Κορινθίους
3619 2263 3737 2313 ὲπι-

2156 2351 2421 2422 στάμενος
2456 2351 2484 2404 6
2524 2349 2824 2412 ἀπόστολος
2867 2347 3078 2412 Παῦλος
3123 2348 3277 2418 ἔλεγε
3298 2366 3317 2380 ⁸·
3364 2369 3381 2400 ι
3419 2348 3591 2419 Κάγὼ
3642 2351 3740 2405 οὐκ

2152 2445 2420 2518 ἠδυνήθην
2473 2446 2601 2518 ὑμῖν
2632 2445 2865 2517 λαλῆσαι
2906 2447 2981 2510 ὡς
3029 2450 3455 2518 πνευματικοῖς,
3498 2448 3612 2502 ἀλλ’
3665 2450 3738 2513 ὡς

2154 2538 2466 2610 σαρκίνοις,
2531 2537 2608 2601 ὡς
2662 2538 2881 2609 νηπίοις
2931 2539 2990 2591 ὲν
3061 2536 3304 2610 Χριστῷ.
3345 2557 3363 2592 ι
3411 2539 3493 2592 Τὰ
3517 2539 3739 2594 τοιαῦτα

2151 2631 2216 2703 δὴ
2246 2629 2430 2684 παιδία
2468 2630 2814 2702 προσηνέχθη
2853 2630 3008 2698 τότε,
3047 2630 3141 2685 καὶ
3174 2631 3263 2684 ἀεὶ
3300 2631 3634 2702 προσάγεται
3664 2629 3740 2701 τῷ

2165 2723 2358 2796 Ἰησοῦ.
2390 2725 2622 2795 Σημεῖον
2649 2723 2706 2776 δὲ
2738 2721 2838 2792 τῆς
2880 2721 2989 2776 τῶν
3030 2721 3240 2793 νηπίων
3289 2721 3655 2792 προσαγωγῆς
3689 2722 3740 2775 οι

2152 2815 2335 2870 πολλοὶ
2367 2814 2466 2887 τῆς
2511 2812 2834 2884 Ἐκκλησίας
2863 2813 2922 2866 ἐν
2949 2811 3171 2885 Χριστῷ
3221 2813 3404 2886 νήπιοι
3435 2815 3529 2866 καὶ
3575 2813 3742 2884 θηλά-

2153 2905 2362 2971 ζοντες,
2412 2903 2602 2976 χρείαν
2645 2901 2861 2972 ἔχοντες
2902 2901 3213 2970 γάλακτος,
3255 2904 3314 2955 οὐ
3359 2904 3582 2972 στερεᾶς
3611 2919 3739 2972 τρο-

2151 2995 2292 3066 φῆς,
2343 2994 2478 3066 πρὸς
2522 2991 2616 3058 οὒς
2662 2992 2809 3061 λέγοι
2858 2991 2960 3059 ἂν,
2996 2991 3072 3054 ὼς
3117 2991 3184 3046 ἂν
3217 2991 3412 3062 τροφὸς
3448 2991 3727 3044 θάλπουσα

2150 3087 2220 3141 τὰ
2250 3086 2450 3156 ἑαυτῆς
2474 3084 2643 3138 τέκνα
2669 3083 2890 3137 θάλπων
2923 3083 3141 3147 αὐτοὺς,
3202 3083 3280 3136 τό’
3328 3100 3346 3134 ι
3377 3081 3519 3136 Γάλα
3577 3082 3726 3152 ὑμᾶς

2153 3179 2401 3241 ἐπότισα.
2438 3179 2498 3232 οὐ
2538 3176 2754 3248 βρῶμα⁹
2783 3174 2938 3228 οὔπω
2966 3175 3078 3247 γὰρ
3105 3173 3386 3246 ἠδύνασθε.
3422 3194 3440 3228 ι
3475 3174 3582 3228 Εἶτ’
3608 3176 3734 3228 ἐπεὶ

2152 3274 2200 3326 ot
2229 3269 2557 3342 μνησθέντες
2595 3266 2980 3336 εὐαγγελισταὶ
3010 3265 3122 3320 τῶν
3155 3265 3298 3320 κατὰ
3329 3265 3418 3320 τὸν
3447 3266 3631 3329 τόπον,
3653 3266 3736 3319 ὅτι

2079 3336 2120 3392 C
2155 3336 2277 3433 μὲν,
2425 3361 2453 3413 6
2483 3359 2760 3422 Ματθαῖός
2811 3377 3004 3431 φησι,‹
3028 3357 3372 3431 προσηνέχθη
3419 3355 3610 3412 παιδία
3657 3357 3735 3427 τῷ

2165 3451 2447 3524 Ἰησοῦ,›ἢ,
2475 3451 2551 3514 ὡς
2573 3453 2600 3503 6
2621 3451 2866 3521 Μάρκος,
2893 3470 2910 3501 ι
2931 3450 3272 3522 προσέφερον
3299 3449 3448 3520 αὐτῷ
3481 3448 3574 3502 καὶ
3611 3450 3732 3522 βρέ-

2155 3560 2228 3612 φη
2268 3541 2433 3614 (11),›
2475 3540 2811 3612 ἀνέγραψαν,
2873 3540 2978 3596 ὑπὸ
3027 3541 3174 3603 τίνος
3205 3539 3263 3593 δὲ
3301 3539 3663 3612 προσηνέχθη,
3697 3539 3731 3610 ἦ

2153 3635 2301 3698 τίνες
2331 3634 2693 3707 προσέφερον,
2733 3633 2850 3703 ἅμα
2883 3631 3368 3704 παραλελοίπασιν,
3399 3633 3532 3702 ἡμῖν
3565 3648 3728 3683 κατα-

2150 3727 2398 3789 λιπόντες
2437 3727 2710 3792 ἐξετάζειν
2757 3725 2818 3777 τὸ
2857 3723 3380 3794 παραλελειμμένον,
3430 3721 3577 3786 ἄξιον
3607 3721 3730 3774 ίδεῖν

2150 3818 2380 3889 πότερον
2415 3817 2557 3871 κατὰ
2591 3820 2881 3890 συντυχίαν
2930 3816 3035 3869 ὑπὸ
3067 3815 3174 3869 τῶν
3212 3813 3376 3886 τριῶν
3406 3814 3467 3867 τὸ
3497 3813 3728 3867 τοιοῦτον

2152 3909 2600 3980 παραλέλειπται,
2633 3909 2947 3982 δυναμένων
2993 3907 3329 3979 ἀναγράψαι,
3374 3905 3724 3979 Προσηνέχοη

2152 4000 2298 4070 αὑτῴ
2318 3999 2428 4054 ἀπὸ
2454 4000 2562 4055 τῶν
2587 4001 2811 4070 γονέων,
2840 4003 2872 4072 ἢ
2899 4001 3006 4056 ἀπὸ
3031 3999 3138 4053 τῶν
3172 3999 3443 4072 μητέρων,
3470 3997 3527 4069 ἢ,
3559 4000 3727 4070 Προσ-

1681 4115 1914 4172 VETUS
1952 4113 2249 4170 INTEBPR
2261 4113 2532 4170 ETATIO.

471 4224 614 4271 mea,
645 4217 696 4264 et
719 4209 980 4279 elegerunt
1009 4225 1131 4278 quae
1161 4211 1305 4275 volo,
1333 4225 1434 4279 ego
1463 4210 1606 4264 dabo
1634 4209 1717 4264 eis
1747 4211 1804 4263 in
1851 4210 2018 4264 domo
2046 4225 2168 4264 mea
2218 4210 2398 4265 locum
2427 4211 2658 4264 electum
2711 4218 2766 4263 et
2792 4210 3132 4264 nominatum
3160 4249 3175 4273 ,
3208 4218 3260 4264 et
3289 4209 3563 4264 meliorem
3605 4209 3724 4265 ﬁliis

469 4291 525 4334 ct
556 4277 842 4334 ﬁliabus.)
879 4277 1088 4350 Bonum
1121 4288 1360 4348 estergo
1386 4277 1686 4350 Secundum
1736 4280 2101 4350 mysterialem
2133 4282 2312 4334 locum
2347 4295 2741 4350 necigenerare
2784 4281 2836 4332 iu
2872 4279 3196 4350 Babylonia,
3235 4281 3328 4350 sed
3361 4281 3476 4333 sine
3513 4281 3719 4334 semine

473 4365 618 4411 esse.
655 4358 919 4419 quantum
947 4350 1012 4403 ad
1045 4347 1429 4420 Babyloniam,
1463 4350 1605 4405 sicut
1640 4347 1864 4414 Daniel,
1893 4359 1952 4404 ut
1987 4364 2306 4418 generemus
2331 4351 2397 4405 de
2445 4349 2651 4418 Spiritu
2697 4360 2908 4415 sancto,
2939 4347 3082 4405 sicut
3108 4358 3163 4404 et
3196 4349 3286 4403 ille
3307 4358 3361 4404 et
3383 4350 3474 4420 qui
3507 4366 3632 4404 cum
3659 4364 3723 4405 eo

472 4423 717 4481 fuerunt,
748 4420 986 4473 visiones
1012 4427 1066 4472 et
1096 4419 1428 4488 prophetias,
1456 4429 1511 4474 et
1541 4430 1736 4474 caetera
1777 4434 1942 4488 opera
1979 4420 2142 4473 bona.

540 4492 592 4545 6.
644 4509 661 4540 ι
695 4489 736 4543 Τ
745 4505 848 4544 unc
878 4489 1044 4544 oblati
1071 4487 1198 4543 sunt
1229 4488 1276 4541 ei
1299 4489 1486 4558 pueri,
1523 4496 1583 4542 ut
1616 4487 1918 4558 manusfeis
1947 4489 2268 4558 imponeret.
2313 4489 2571 4557 Discipuli
2605 4497 2784 4543 autem
2821 4489 3175 4558 increpabant
3213 4504 3326 4544 eos.
3361 4487 3521 4544 Jesus
3547 4497 3724 4542 autem

466 4560 841 4615 dixit:Sinite
874 4573 1092 4628 pueros,
1131 4566 1186 4612 et
1223 4557 1391 4610 nolite
1433 4559 1743 4627 prohibere.
1789 4557 2003 4612 Talium
2028 4557 2128 4613 cst
2157 4561 2301 4613 enim
2353 4574 2579 4628 regnum
2621 4560 2904 4628 emlorum.
2964 4557 3028 4612 Et
3064 4559 3349 4628 imponens
3393 4559 3472 4613 eis
3513 4575 3722 4624 manus,

467 4632 601 4685 abiit
633 4633 774 4685 inde.
808 4649 828 4682 ι
867 4629 1158 4684 Sciendum
1203 4629 1464 4699 quoniam
1499 4643 1607 4682 non
1638 4637 1722 4682 est
1742 4629 1960 4698 quando
2002 4629 2446 4699 nonroﬁ‘cruntur
2469 4629 2620 4698 pueri
2647 4627 2776 4684 Jesu
2806 4630 2872 4683 de
2907 4629 3107 4699 quibus
3136 4627 3286 4691 dicit,
3317 4629 3473 4696 quasi
3507 4629 3724 4698 deposi-

469 4714 580 4755 tum
613 4701 915 4770 suscipiens
951 4716 980 4770 a
1010 4699 1158 4754 Deo:
1195 4696 1382 4770 (Ecce
1423 4713 1524 4768 ego
1557 4696 1792 4770 etgpueri
1829 4714 1968 4768 quos
2019 4698 2166 4753 dedit
2208 4699 2345 4770 mihi
2373 4696 2545 4770 Deus.
2570 4717 2588 4750 ι
2635 4696 2941 4770 Puerorum
2972 4707 3156 4770 autem
3183 4699 3456 4770 iustorum
3505 4696 3723 4767 quidam

466 4771 684 4838 quidem
725 4767 853 4824 sunt
887 4769 1164 4824 infantes:
1199 4769 1290 4822 alii
1347 4767 1528 4822 autem
1579 4767 2162 4836 dicuntur’lactentes,
2197 4769 2354 4838 quasi
2391 4767 2680 4824 inferiores
2723 4768 3039 4823 infantibus.
3117 4767 3193 4838 Et
3234 4769 3495 4822 Dominus
3526 4779 3729 4838 gnoster

466 4837 662 4909 exiore
699 4850 1055 4908 utrorumque
1097 4838 1344 4909 percipit
1372 4838 1621 4909 laudem,
1652 4848 1723 4909 ιιι
1763 4846 2154 4909 cognoscentes
2196 4837 2302 4893 alia
2349 4839 2608 4893 beneﬁcia
2653 4838 2772 4908 ejus
2807 4839 2864 4892 in
2894 4838 3118 4909 pueris,
3151 4837 3398 4892 dicamus
3426 4855 3442 4894 :
3473 4857 3491 4888 ι
3523 4837 3600 4891 Ex
3631 4853 3729 4892 ore

469 4908 760 4964 infantium
793 4919 846 4963 et
878 4907 1192 4964 lactentium
1226 4907 1501 4979 perfecisti
1540 4907 1778 4963 laudem.
1823 4907 1853 4960 i
1888 4908 2094 4964 Pueros
2130 4918 2311 4965 autem
2347 4909 2603 4976 dicimus,
2639 4907 2734 4978 qui
2761 4909 2940 4964 adhuc
2983 4909 3036 4962 in
3061 4907 3281 4963 Christo
3311 4909 3557 4962 carnales
3595 4917 3728 4962 sunt

538 5050 581 5080 ⁵⁸
605 5045 793 5102 Matth.
831 5061 946 5112 χιιι,
973 5047 1060 5111 15,
1090 5047 1175 5101 15.
1253 5045 1422 5102 "°lsa.
1464 5063 1582 5114 vnt,
1615 5047 1714 5115 18;
1753 5047 1916 5104 Hebr.
1945 5065 2008 5116 ιι,
2037 5051 2053 5104 1

2201 5049 2246 5082 ⁷⁸
2270 5047 2418 5104 Psal.
2443 5062 2564 5115 vut,
2597 5047 2650 5102 ὅ.
2725 5047 2772 5080 ⁷³
2798 5047 2821 5102 l
2847 5044 2975 5101 Cor.
3008 5061 3091 5108 nt.
3124 5046 3175 5100 1.
3251 5041 3554 5099 "IThess.
3573 5060 3638 5110 ιι,
3670 5043 3724 5097 7.

538 5120 586 5150 ⁷⁵
619 5117 636 5170 Ι
665 5116 791 5171 Cor.
821 5131 904 5183 ιιι,
933 5117 987 5172 ‘2.
1063 5117 1107 5148 ⁷⁵
1135 5116 1302 5172 Marc.
1332 5133 1386 5184 Χ,
1421 5119 1508 5172 15.

540 5257 665 5328 (10),
697 5258 780 5328 Οθ
816 5255 1212 5326 προσφέρεται
1257 5258 1464 5312 παιδία
1508 5258 1634 5328 ,τὴν
1677 5259 1915 5328 ψυχὴν,
1964 5260 2044 5326 τῷ

479 5323 703 5396 Ἰήσοῦ.
746 5323 1005 5393 Quamvis
1034 5323 1083 5380 id
1122 5329 1354 5384 habeant
1386 5323 1544 5384 codd.
1579 5323 1645 5382 ll.
1677 5323 1731 5383 et
1757 5323 2046 5385 [{fnihilo}

468 5401 652 5452 minus
699 5401 829 5468 quin
877 5413 1109 5472 ea_vox,
1151 5400 1246 5472 τὴν
1285 5399 1483 5472 ψυχήν,
1537 5399 1778 5472 e__limbo
1822 5400 1875 5454 in
1914 5417 2044 5455 con-

468 5477 674 5522 textum
721 5469 1030 5536 irrepserit,
1082 5469 1263 5522 nullus
1307 5469 1514 5524 dubito.
1566 5469 1729 5524 Vetus
1775 5472 2038 5538 interpr.:

474 5557 492 5590 ι
523 5538 811 5608 Sciendum
831 5539 1088 5608 quoniam
1115 5554 1220 5592 non
1250 5548 1335 5592 est
1358 5541 1575 5608 quando
1603 5556 1706 5594 non
1735 5539 2040 5602 offeruntur

473 5608 624 5680 pueri
647 5607 794 5680 Jesu,
827 5607 1030 5680 p’inft'a,
1057 5608 1138 5680 ἀ
1164 5607 1386 5680 τοιαῦτα
1402 5610 1465 5679 δὴ
1483 5610 1671 5680 παιδία
1692 5608 2036 5680 προσηνέχθη

470 5677 587 5728 τότε
608 5716 642 5748 ,ν
677 5679 770 5729 καὶ
815 5678 900 5748 ᾀεὶ
927 5678 1260 5748 προσάγεται
1291 5677 1367 5747 τῷ
1401 5677 1596 5748 Ἰησοῦ.
1629 5677 1892 5732 Ηυετιυέ.

540 5747 653 5817 (Η)
693 5748 776 5811 Ἠ,
810 5747 889 5813 ὡς
930 5751 960 5800 0'
995 5746 1252 5814 Μάρκος,
1293 5767 1310 5798 ι
1341 5746 1714 5816 προινὲεεεγιον
1745 5748 1904 5815 αὐτῷ
1939 5750 2033 5804 καὶ

2151 5261 2359 5330 ϐρέφη.
2396 5279 2415 5311 ι
2449 5257 2828 5330 VerbaAMarco
2853 5257 3063 5330 tribuit,
3093 5272 3212 5330 qua!
3229 5256 3535 5330 Lucmsunt
3557 5270 3722 5330 _X_Vll_|,

2151 5323 2235 5394 13,
2255 5323 2333 5385 ea
2354 5341 2533 5384 tamen
2563 5327 2705 5382 infra
2731 5337 2986 5382 accurate
3013 5323 3303 5394 distinguit
3333 5344 3346 5380 :
3373 5325 3532 5380 Κατὰ
3552 5325 3608 5376 δὲ
3631 5323 3724 5376 τὸν

2146 5399 2794 5473 Μάρκον’ᾼ”ίνα-ἆψηται
2843 5397 3025 5473 αὐτόχ·
3075 5394 3451 5473 κατὰ-δὲκτὸν
3495 5394 3723 5473 είπόγτα

2149 5463 2322 5542 βρέφη
2354 5469 2494 5524 αὐτὰ
2531 5463 2666 5522 εἶναι
2693 5463 2927 5521 Ἀουκᾶνυ
2965 5467 3080 5542 Ἵνα
3121 5466 3298 5542 αὐτῶν
3325 5466 3581 5542 ᾆπτηται.
3613 5463 3723 5515 La-

2147 5535 2416 5595 cunosnm
2449 5541 2623 5609 magis
2663 5540 2842 5609 locum
2885 5536 3348 5609 cred_iderim,_qui
3374 5535 3463 5609 _sic
3490 5535 3724 5609 fortasse

2134 5611 2526 5686 ~resarciernlus
2543 5601 2628 5686 est
2660 5627 2673 5662 :
2697 5608 2910 5686 ἢκὼςέ
2934 5606 3177 5686 Μάρκοςο
3212 5601 3552 5686 Προσέφεροχ
3575 5601 3725 5686 αὐτῷ

2146 5680 2354 5803 ῧαιδία,
2385 5679 2438 5749 ἦ,
2460 5679 2534 5742 ὡς
2554 5681 2580 5731 6
2603 5673 2834 5740 Λουκᾶςο
2865 5673 3206 5748 Προσέτερον
3229 5674 3377 5745 αὐτῷ
3403 5673 3497 5730 καὶ
3522 5673 3719 5744 βρέφη.

2197 5765 2411 5803 uenus.
2749 5765 2756 5770 '

2197 5765 2411 5805 UETIUS.
2749 5765 2756 5770 '
