4032 6308
330 409 475 465 ηδε)

1285 400 1636 459 COMMENT.
1675 399 1743 455 ΙΝ
1781 393 2197 455 MATTILEUM
2241 389 2484 449 TOMUS
2521 386 2638 444 XV.

3462 378 3605 436 1270

334 524 532 595 ἁφερον
549 518 696 590 αὐτῷ
719 514 892 591 βρέφη
918 514 953 586 ἦ
972 516 1159 571 παιδία
1183 516 1490 588 αεμητέρες
1513 512 1712 569 αὐτῶν·
1730 512 1767 584 ἢ
1783 509 1917 580 γνὼ-

2030 521 2153 562 rum
2190 512 2429 567 matres;
2469 516 2539 555 an
2567 499 2619 554 id
2648 504 2799 553 certo
2827 504 2881 550 et
2906 492 3159 566 prudenti
3202 492 3432 574 consilio
3456 496 3603 550 fece-

334 629 478 677 σεως
503 609 748 682 λογισμῷ
775 609 870 662 καὶ
898 608 1064 679 σοφίᾳ
1089 606 1152 660 τὸ
1182 605 1819 677 τοιοῦτονρπεποιήκασιν
1838 603 1917 666 εἰς

332 703 680 775 παράστασιν
706 698 823 765 τοῦ,
850 699 934 752 ὅτι
966 696 1354 770 προσελθόντες
1375 695 1595 765 ἄγγελοι
1621 694 1700 766 τῷ
1741 691 1915 764 Ἰησοῦ

330 794 431 848 καὶ
457 791 828 856 διακονοῦντες
857 789 1027 861 αὐτῷ,
1080 789 1232 843 αὐτοὶ
1284 788 1362 859 νῷ
1396 787 1652 859 θειοτέρῳ
1680 786 1777 851 τὰς
1810 784 1918 839 τῶν

320 884 563 941 παιδίων
600 882 839 956 ὁρῶντες
889 879 1151 952 διαφορὰς
1199 879 1232 950 ἢ
1285 877 1522 951 βρεφῶν,
1568 876 1741 930 οἴδασι
1767 876 1919 938 τινας

320 976 668 1051 προσφέρειν
699 973 878 1044 δεῖτῷ
924 972 1120 1043 Ἰησοῦ,
1151 972 1238 1024 ἵνα
1285 968 1734 1042 προσενεχθέντες
1770 966 1920 1037 αὐτῴ

319 1066 784 1141 χειρπονηθῶσιν
827 1062 1131 1127 ὑπἀὐτοῦ,
1182 1063 1275 1116 καὶ
1305 1062 1458 1115 πότε·
1514 1060 1688 1115 οῐδασι
1721 1059 1779 1112 δὲ
1827 1059 1919 1112 καὶ

320 1162 479 1224 τινας
511 1161 571 1213 οὐ
602 1160 729 1231 χρὴ,
768 1159 800 1230 ἢ
836 1160 918 1212 ὅτι
950 1157 1044 1212 ἔπι
1067 1156 1189 1211 τίνα
1214 1155 1403 1226 χρόνον
1437 1155 1498 1207 οὐ
1541 1154 1669 1225 χρή.
1702 1152 1776 1206 06
1810 1149 1919 1222 γὰρ

322 1249 461 1320 ἄτερ
493 1249 735 1321 ἡγοῦμαι
763 1247 1060 1318 ἀγγελικῆς
1092 1246 1402 1315 οἰκονομίας
1429 1243 1494 1297 τὰ
1527 1242 1763 1297 τοσαῦτα
1788 1258 1917 1295 παι-

320 1341 416 1394 δία
471 1340 869 1413 προσέρχεσθαι
925 1339 1004 1411 τῷ
1046 1338 1243 1410 Ἰησοῦ.
1297 1337 1369 1390 Τὸ
1416 1336 1474 1389 δὲ
1521 1334 1768 1406 βούλημα
1811 1335 1919 1389 τῶν

333 1432 754 1504 προσφερόντων
803 1431 873 1485 τὰ
919 1431 1107 1485 παιδία
1142 1431 1281 1495 ἐστὶ,
1335 1429 1477 1488 κατὰ
1524 1428 1622 1499 μὲν
1654 1432 1745 1482 τὸν
1769 1429 1920 1483 Ματ-

333 1524 510 1589 θαῖον,
545 1542 567 1576 ι
608 1523 723 1578 Ἵνα
747 1524 847 1588 τὰς
886 1526 1075 1596 χεῖρας
1122 1522 1285 1595 ἐπιθῇ
1320 1522 1504 1585 αὐτοῖς
1525 1519 1554 1573 ό
1591 1519 1797 1588 Ἰησοῦς
1824 1521 1919 1574 καὶ

333 1617 751 1690 προσεύξηται·›
811 1616 950 1671 κατά
990 1616 1049 1670 δὲ
1082 1616 1172 1669 τὸν
1215 1615 1464 1687 Μάρκον,
1509 1632 1528 1665 ι
1560 1612 1676 1667 Ἵνα
1715 1612 1918 1684 ἅψηται

334 1705 575 1762 αὐτῶν»
603 1707 741 1761 κατὰ
758 1706 814 1759 δὲ
848 1707 939 1760 τὸν
977 1706 1197 1759 εἰπόντα
1230 1704 1406 1777 βρέφη
1450 1702 1589 1758 αὐτά
1620 1697 1761 1756 εἶναι
1780 1703 1917 1755 Λου-

335 1799 464 1861 κᾶν,
498 1817 518 1851 ι
544 1799 660 1851 Ἵνα
688 1797 870 1852 αὐτῶν
914 1798 1205 1870 ἅπτηταιί
1243 1799 1309 1868 τῇ
1354 1796 1464 1869 γὰρ
1514 1798 1789 1869 προσευχῇ
1822 1793 1918 1848 τοῦ

2025 603 2155 666 rint,
2209 608 2271 655 ιιι
2319 596 2643 653 accedentes
2677 591 2742 646 ad
2772 589 2981 667 lesum,
3024 587 3238 658 ipsique
3289 587 3608 642 ministran-

2026 701 2106 748 tes
2160 691 2384 760 angelus
2433 686 2630 742 callere
2699 682 3040 737 declararent
3073 678 3152 744 ⁷⁸,
3202 677 3424 748 quinam
3473 677 3604 734 Jesu

2024 784 2180 855 pueri
2229 780 2489 837 efferendi
2537 779 2676 845 sint,
2737 785 2797 830 ut
2841 787 3039 828 manus
3089 771 3172 827 eis
3227 770 3504 840 imponat,
3554 782 3609 827 et

2026 874 2283 945 quando;
2315 881 2430 927 tum
2458 878 2508 925 et
2535 868 2629 939 qui
2666 863 2929 921 offereudi
2964 876 3073 916 non
3102 861 3231 925 sint,
3266 868 3321 916 et
3342 875 3451 930 quo
3478 871 3609 915 tem-

2027 982 2188 1037 pore;
2227 972 2415 1035 utpote
2446 961 2541 1032 qui
2573 958 2833 1014 diviniori
2863 965 3044 1011 mente
3071 968 3365 1025 puerorum
3385 994 3398 1017 ,
3431 952 3609 1007 infan-

2028 1063 2258 1126 tiumve,
2305 1056 2637 1114 differentias
2682 1054 3016 1108 intueantur.
3047 1046 3158 1103 Nec
3207 1045 3352 1102 enim
3403 1044 3608 1112 absque

2026 1154 2345 1224 angelorum
2378 1145 2685 1203 ministerio
2738 1152 2821 1198 tot
2858 1155 3059 1213 pueros
3086 1137 3214 1195 .lesu
3245 1133 3427 1191 offerri
3461 1135 3609 1189 arbi-

2026 1253 2170 1299 tror.
2193 1240 2458 1296 Voluntas
2483 1245 2663 1292 autem
2694 1249 2884 1289 eorum
2916 1231 3008 1303 qui
3036 1244 3233 1301 pueros
3258 1225 3386 1283 Jesu
3418 1224 3610 1281 oﬂere-
3674 1263 3681 1303 ἦ

2026 1337 2176 1400 haut,
2222 1333 2383 1404 juxta
2412 1330 2725 1385 Matthamm
2776 1325 3019 1396 quidem,
3055 1331 3172 1378 erat
3193 1321 3237 1353 ⁷⁷
3269 1338 3282 1374 :
3325 1337 3344 1371 ι
3384 1316 3456 1373 Ut
3486 1332 3601 1371 ma-

2026 1443 2133 1484 nus
2176 1427 2257 1481 eis
2305 1424 2652 1492 imponeret,
2706 1428 2761 1475 et
2810 1425 3021 1483 oraret;
3088 1434 3106 1467 ι
3159 1413 3311 1485 juxta
3361 1410 3605 1466 Marcum

2025 1536 2153 1576 vero
2181 1519 2229 1551 ⁷⁸
2262 1536 2276 1572 :
2308 1534 2326 1566 ι
2364 1512 2437 1568 Ut
2469 1521 2715 1586 tangeret
2746 1511 2902 1576 illos;
2927 1528 2945 1562 ι
2985 1517 3040 1563 at
3066 1506 3222 1577 juxta
3259 1503 3485 1568 Lucam,
3511 1502 3605 1572 qui

2027 1612 2265 1668 infantes
2298 1626 2395 1667 eos
2441 1623 2564 1666 esse
2597 1605 2735 1661 dixit
2772 1602 2817 1634 "°
2866 1621 2880 1657 :
2945 1619 2963 1653 ι
3023 1597 3094 1652 Ut
3141 1603 3544 1666 cos-tangeret.
3583 1614 3602 1645 ι

2029 1702 2166 1759 Nam
2199 1719 2294 1773 per
2319 1701 2621 1757 orationem
2646 1695 2798 1760 Jesu,
2824 1693 3102 1764 ipsiusque
3127 1685 3528 1756 tactum,.pueri
3554 1694 3610 1739 et

2029 1797 2265 1852 infantes
2290 1811 2355 1850 ea
2393 1792 2637 1849 nondum
2680 1788 2870 1844 audire
2903 1786 3178 1852 valentes,
3223 1798 3346 1855 qua:
3378 1781 3608 1837 audiunt

346 1888 546 1959 Ἰησοῦ,
583 1891 677 1943 καὶ
701 1891 767 1961 τῇ
796 1889 906 1960 ἁφῇ
941 1887 1128 1954 αὑτοῦ,
1163 1888 1234 1942 τὰ
1273 1888 1464 1942 παιδία
1491 1889 1586 1942 καὶ
1618 1886 1688 1941 τὰ
1714 1885 1911 1958 βρέφη,

2024 1888 2119 1959 qui
2142 1885 2457 1959 spirituales
2490 1891 2640 1946 sunt,
2674 1880 2938 1936 auxilium
2968 1878 3217 1947 accipere
3244 1883 3515 1947 possunt,
3541 1889 3608 1927 ac

331 1980 395 2034 οὐ
426 1980 698 2053 δυνάμενα
730 1981 970 2046 ἀκούειν,
1007 1981 1151 2052 ἆπερ
1199 1979 1487 2034 ἀκούουσιν
1518 1980 1569 2032 οἱ
1614 1978 1717 2050 ἥδη
1755 1994 1918 2031 πνευ-

336 2074 577 2144 ματικοὶ,
612 2075 862 2146 ἀρκεῖται
893 2075 974 2137 εἰς
1023 2073 1295 2146 βοήθειαν,
1332 2073 1424 2126 καὶ
1457 2073 1524 2143 ἢν
1555 2075 1725 2147 χωρεῖ
1770 2072 1917 2143 ὠφέ-

330 2161 503 2217 λειαν·
556 2164 786 2219 ἅπτεται
837 2165 948 2236 γὰρ
978 2163 1158 2218 αὐτῶν
1193 2165 1226 2234 ἡ
1261 2163 1492 2234 δύναμις
1527 2162 1725 2233 Ἰησοῦ,
1760 2162 1918 2233 μόνον

328 2260 521 2329 χεῖρας
552 2256 835 2320 ἐπιθέντος
874 2256 973 2320 τὰς
1005 2257 1104 2329 τῆς
1136 2254 1331 2309 ἑαυτοῦ
1375 2253 1683 2325 ἐπισκοπῆς
1713 2255 1916 2319 αὐτοῖς,

328 2348 428 2402 καὶ
457 2347 643 2401 οὐκέτι
677 2346 859 2401 αὐτῶν
891 2346 1126 2401 ἅπτεταί
1159 2365 1211 2401 τι
1234 2345 1343 2400 τῶν
1376 2346 1658 2418 χειρόνων.
1684 2347 1837 2418 Τάχα
1863 2346 1919 2400 δὲ

334 2437 450 2502 καὶ,
485 2437 560 2501 ὡς
595 2437 732 2508 πρὸς
780 2437 843 2490 τὸ
893 2436 1077 2509 ῥητὸν,
1119 2437 1179 2490 τὸ
1237 2435 1487 2507 βούλημα
1533 2435 1642 2491 τῶν
1672 2452 1918 2508 προσφε-

330 2531 536 2602 ρόντων
565 2531 714 2602 αὐτῷ
739 2530 914 2611 βρέφη
944 2529 1036 2583 καὶ
1067 2529 1253 2583 παιδία
1279 2528 1517 2584 τοιοῦτον
1531 2524 1920 2600 ἦν,διαλαὸόν-

329 2639 458 2688 των,
495 2623 578 2677 ὅτι
607 2625 707 2695 οὐχ
757 2617 868 2676 οἷόν
896 2639 956 2675 τε
995 2616 1065 2692 ἦν
1121 2622 1400 2693 ἁψαμένου
1444 2622 1558 2692 (12)
1597 2620 1771 2691 Ἰησοῦ
1805 2620 1926 2691 βρε-

330 2714 450 2786 φῶν
478 2717 511 2787 ἦ
541 2715 794 2779 παιδίων,
828 2715 922 2768 καὶ
952 2714 1183 2785 δύναμιν
1234 2713 1325 2768 διὰ
1351 2714 1451 2785 τῆς
1483 2714 1629 2783 ἁφῆς
1673 2713 1922 2782 ὲναφιέν-

330 2823 423 2869 τος
452 2808 656 2870 αὐτοῖς,
687 2806 1024 2877 σύμπτωμα,
1059 2806 1094 2877 ἦ
1119 2806 1413 2877 δαιμόνιον,
1447 2805 1555 2876 ῆτι
1590 2803 1828 2875 ἅψασθαι
1857 2797 1919 2857 οὗ

333 2896 550 2965 φθάσας
578 2899 608 2951 ό
655 2896 864 2969 Ἰησοῦς
894 2898 1089 2969 ἥψατο.

402 3069 572 3142 Οἶμαι
625 3072 669 3124 δ’
704 3073 786 3126 ὅτι
829 3073 923 3126 καὶ
961 3072 1086 3127 ἐπεὶ
1135 3072 1327 3127 πολλαὶ
1386 3073 1623 3145 πονηραὶ
1663 3072 1922 3145 δυνάμεις

328 3161 458 3234 περὶ
510 3163 610 3233 τὴν
658 3162 1010 3236 ἀνθρωπίνην
1054 3164 1230 3235 ψυχὴν
1275 3163 1515 3235 ἀρχῆθεν
1566 3164 1921 3236 ἀσχολοῦνται

2020 1979 2422 2049 adjumeutum,
2447 1975 2605 2044 cujus
2629 1973 2730 2042 ipsi
2760 1985 2991 2041 capaces
3013 1976 3139 2024 sunt
3178 1986 3191 2022 :
3223 1966 3430 2039 invadit
3456 1965 3602 2021 enim

2018 2086 2114 2127 eos
2148 2072 2322 2125 virtus
2363 2066 2515 2132 Iesu,
2561 2074 2848 2135 postquam
2891 2061 3243 2130 inspectionis
3269 2072 3383 2113 suae
3408 2070 3608 2111 manus

2020 2162 2089 2218 iis
2138 2164 2408 2218 duntaxat
2451 2157 2744 2228 imposuit,
2794 2170 2896 2211 nec
2926 2154 2992 2209 ad
3022 2168 3117 2209 eos
3158 2152 3458 2223 quidquam
3488 2164 3601 2203 am-

2020 2254 2164 2323 plius
2217 2251 2422 2306 malum
2492 2246 2779 2318 pervenire
2846 2252 3044 2315 potest.
3112 2240 3371 2297 Fortasse
3418 2241 3607 2304 etiam,

2020 2353 2190 2415 prout
2224 2357 2284 2399 se
2302 2342 2469 2396 habet
2497 2340 2794 2409 Scriptura:
2815 2344 3124 2400 contextus,
3141 2334 3247 2389 hoc
3270 2340 3389 2387 erat
3412 2345 3613 2385 eorum

2023 2435 2318 2493 consilium
2353 2434 2450 2503 qui
2499 2429 2737 2487 infantes
2768 2439 2822 2485 et
2863 2443 3063 2500 pueros
3090 2426 3220 2482 Jesu
3267 2424 3625 2492 offerebant;

2020 2529 2057 2584 ii
2087 2526 2571 2582 nimirumianimo
2600 2526 2752 2595 prius
2797 2523 3040 2578 futurum
3079 2520 3490 2591 judicaverant,
3522 2526 3611 2584 ut,

2021 2628 2314 2690 postquam
2343 2616 2584 2673 infantes
2610 2624 2659 2670 et
2692 2630 2893 2685 pueros
2924 2613 3188 2683 tetigisset
3219 2611 3400 2679 Jesus,
3426 2621 3482 2668 et
3502 2612 3609 2667 vir-

2021 2720 2197 2766 tutem
2227 2726 2386 2767 suam
2416 2711 2527 2765 hoc
2550 2715 2806 2764 contactu
2842 2705 2899 2760 in
2937 2720 3034 2760 eos
3066 2703 3389 2771 infudisset,
3423 2704 3608 2760 nullus

2022 2811 2209 2871 posset
2237 2816 2401 2856 casus
2435 2800 2712 2865 invadere,
2740 2813 2918 2868 neque
2943 2796 3298 2863 daamonium,
3329 2812 3430 2853 nec
3458 2797 3606 2852 aliud

2022 2894 2258 2965 quidvis,
2291 2908 2456 2964 quem
2494 2893 2609 2963 ipse
2638 2892 2806 2949 semel
2835 2892 3120 2960 tetigisset.

2119 3077 2287 3149 660
2358 3077 2410 3132 7.
2465 3075 2735 3143 Quoniam
2788 3083 2969 3152 autem
3030 3072 3255 3129 nefariae
3307 3081 3612 3144 potestates

2028 3169 2451 3239 quamplurimas
2489 3167 2540 3221 in
2575 3167 2743 3222 variis
2793 3166 2992 3220 animae
3033 3166 3289 3220 humanae
3329 3164 3607 3220 struendis

326 3253 591 3318 ποικίλως
624 3254 763 3325 αὐτῇ
796 3255 1263 3309 ἐπιϐουλεύουσαν
1319 3254 1409 3309 διὰ
1438 3255 1597 3311 τοῦτο
1617 3257 1693 3321 ὡς
1715 3256 1816 3329 ἤδη
1855 3259 1917 3311 ὲκ

2028 3260 2098 3314 ab
2126 3260 2280 3314 initio
2318 3259 2532 3316 insidiis
2559 3267 2934 3329 occupantur;
2970 3264 3257 3328 propterea
3287 3257 3379 3327 qui
3409 3254 3608 3312 Serva-

324 3344 437 3400 τῶν
463 3346 741 3418 προτέρων
762 3346 859 3418 τὴν
881 3346 1108 3419 δύναμιν
1129 3348 1295 3402 αὐτοῦ
1321 3347 1585 3419 μαθόντες
1607 3349 1658 3402 οἱ
1685 3349 1917 3420 προσφέ-

2024 3351 2130 3406 tori
2179 3350 2418 3406 infantes
2469 3350 2805 3417 offerebant,
2859 3347 3142 3420 perspecta
3182 3358 3361 3404 -antea
3407 3348 3608 3403 virtute

329 3455 516 3510 ροντες
543 3437 622 3509 τῷ
657 3439 867 3510 Σωτῆρι
916 3438 986 3492 τὰ
1035 3439 1233 3512 βρέφη,
1269 3439 1415 3494 τοῦτ’
1450 3440 1689 3506 ἐποίουν,
1722 3441 1809 3494 ἵνα
1832 3440 1917 3494 διὰ

2024 3443 2197 3513 ipsius
2224 3459 2288 3499 ac
2318 3444 2561 3514 potentia
2586 3485 2602 3511 ,
2638 3443 2692 3497 id
2725 3442 2931 3498 fecisse
2949 3442 3204 3497 existimo
3231 3481 3245 3505 ,
3282 3449 3342 3496 ut
3370 3455 3466 3510 per
3492 3455 3607 3494 ma-

324 3529 428 3599 τῆς
462 3528 756 3594 ἐπιθέσεως
774 3529 883 3584 τῶν
915 3532 1113 3603 χειρῶν
1139 3531 1328 3596 αὐτοῦ,
1359 3534 1455 3586 καὶ
1475 3532 1577 3603 τῆς
1629 3533 1759 3604 περὶ
1790 3550 1917 3587 παι-

2024 3550 2197 3589 unum
2244 3534 2420 3604 ipsius
2464 3533 2896 3603 impositionem,
2928 3540 2983 3586 et
3008 3534 3311 3587 orationem
3343 3546 3442 3601 pro
3467 3546 3603 3600 pue-

314 3618 456 3689 i‘iiwv
489 3620 712 3674 καὶτῶν
742 3620 957 3693 βρεφῶν
990 3624 1177 3694 εὐχῆς,
1207 3624 1297 3678 διὰ
1318 3624 1414 3694 τῆς
1436 3624 1579 3694 ἁφῆς
1607 3622 1917 3695 ἀπελαύνη-

2024 3625 2157 3679 rulis
2182 3633 2236 3680 et
2260 3623 2564 3679 infantibus
2589 3621 2767 3678 fusam
2790 3663 2806 3689 ,
2852 3629 3140 3677 contactus
3176 3635 3281 3691 ope
3310 3621 3453 3676 mala
3482 3621 3605 3675 abi-

324 3725 420 3766 ται
454 3712 551 3784 μὲν
583 3712 652 3768 τὰ
706 3714 946 3785 χείρονα,
980 3713 1208 3785 δύναμις
1260 3715 1317 3767 δὲ
1371 3714 1695 3785 ἐγγινομένη
1732 3714 1917 3783 διαφέ-

2024 3724 2307 3786 gerentur;
2364 3714 2566 3769 eximia
2602 3722 2784 3768 autem
2834 3713 3011 3769 virtus
3042 3712 3097 3767 in
3124 3728 3220 3769 eos
3266 3710 3483 3779 infusa,
3516 3722 3606 3767 ut-

1546 3829 1780 3886 VETUS
1819 3827 2399 3885 IN'I‘EBPRETATIO.

321 3931 385 3979 et
410 3925 664 3996 infantes,
691 3926 879 3995 quales
895 3940 1016 3982 esse
1033 3925 1348 3981 Corinthios
1364 3925 1656 3995 Apostolus
1673 3924 2080 3996 sciensidicebat
2104 3942 2117 3978 :
2149 3943 2168 3976 ι
2195 3924 2261 3980 Ει
2284 3941 2385 3996 ego
2400 3939 2508 3979 non
2526 3923 2674 3996 potui
2692 3923 2846 3996 vobis
2866 3923 3010 3992 loqui
3031 3922 3189 3996 quasi
3216 3922 3602 3996 isptri‘tualibus

334 3995 431 4066 sed
458 3995 613 4066 quasi
642 3992 1151 4065 carnalibus.quasi
1176 3992 1486 4065 parvulis'in
1512 3996 1751 4051 Christo.
1779 4015 1798 4048 ι
1827 3995 1985 4050 Tales
2004 4004 2193 4050 autem
2221 3992 2375 4066 pueri
2394 4004 2456 4066 et
2474 3992 2601 4050 tunc
2622 3994 2954 4066 oblatisunt,
2973 3992 3281 4066 etquotidie
3301 3992 3603 4066 offeruntur

321 4061 490 4136 Jesu.'
524 4064 756 4136 Signum»
797 4075 976 4120 autem
1012 4061 1311 4121 ioblationis
1353 4081 1666 4136 puerorum,
1707 4074 1837 4120 sunt
1883 4066 2035 4120 multi
2067 4061 2243 4136 quiin
2274 4065 2495 4121 Christo
2534 4065 2746 4136 parvuli
2780 4061 3083 4136 constituti,
3128 4073 3292 4136 atque
3340 4064 3602 4136 lactentes

322 4143 382 4206 et
408 4135 545 4206 lacte
575 4133 712 4206 opus
746 4134 1028 4198 habentes.
1057 4152 1163 4192 non
1192 4152 1314 4190 esca
1347 4133 1604 4204 perfecta,
1633 4135 1897 4190 accedunt
1926 4137 1991 4190 ad
2025 4133 2182 4190 fidem
2210 4151 2233 4206 :7
2254 4136 2322 4191 de
2349 4133 2549 4206 quibus
2575 4134 2724 4200 dicit,
2759 4134 2862 4206 qui
2880 4134 3018 4188 dixit
3043 4152 3056 4187 :
3083 4152 3104 4206 ι
3129 4133 3602 4206 Quemadmodum

325 4205 375 4257 si
404 4204 583 4258 nutrix
619 4204 798 4259 foveat
831 4205 968 4260 filios
1001 4203 1411 4275 suosmotriens
1444 4206 1682 4269 eos,alac
1706 4206 1861 4259 vobis
1900 4214 2084 4275 potum
2116 4205 2274 4272 dedi,
2314 4203 2422 4259 non
2466 4219 2647 4260 eseam
2677 4220 2691 4257 :
2723 4203 2961 4258 nendum
3005 4204 3152 4275 enim
3181 4204 3465 4275 poteratis,
3505 4203 3603 4258 sed

324 4288 432 4328 nec
469 4290 653 4347 usque
698 4276 878 4347 adhuc
920 4275 1168 4345 potestis.
1202 4294 1221 4326 ›
1269 4274 1618 4347 Exponentes
1664 4284 1843 4328 autem
1889 4272 2236 4347 evangelista).
2278 4276 2424 4347 hunc
2460 4276 2662 4341 locum,
2698 4272 3235 4347 quoniamquidem
3263 4272 3429 4328 oblati
3471 4282 3602 4328 sunt

327 4344 480 4410 pueri
508 4340 659 4411 Iesu,
699 4340 1025 4417 retulerunt,
1062 4361 1170 4399 non
1215 4340 1394 4399 autem
1433 4344 1929 4417 ‘mauifestaveruut
1980 4362 2009 4399 a
2032 4340 2244 4417 quibus
2283 4346 2447 4401 oblati
2482 4352 2628 4406 sunt.
2664 4340 2820 4399 nobis
2850 4340 3098 4417 videlicet
3144 4345 3604 4417 relinquentesut

322 4428 637 4485 quaaramus
668 4412 813 4485 quod
841 4416 909 4470 ab
939 4415 1044 4470 illis
1062 4425 1147 4470 est
1179 4414 1623 4483 praetermissum,
1660 4423 1841 4468 utrum
1879 4412 2222 4485 evangelista;
2259 4431 2451 4471 omnes
2475 4424 2671 4470 eventu
2717 4414 3187 4485 praatermiserint.
3224 4412 3371 4485 cuin,
3393 4412 3603 4485 possint

323 4482 898 4540 conscribere'utrum
941 4500 971 4538 a
1012 4482 1327 4554 parentibus
1360 4487 1472 4540 sint
1513 4484 1701 4554 oblati,
1747 4501 1815 4538 an
1854 4502 1882 4539 a
1920 4482 2190 4542 matribus
2218 4503 2234 4539 :
2267 4501 2336 4539 an
2364 4486 2576 4541 ratione
2599 4482 2782 4540 divina
2829 4494 2882 4541 et
2914 4484 3176 4554 sapientia
3209 4485 3314 4540 hoc
3350 4482 3602 4547 fecerint,

321 4560 385 4606 ut
410 4554 700 4633 ostendant
737 4557 996 4623 quoniam
1014 4553 1378 4633 quiefferunt
1409 4570 1609 4624 pueros
1655 4553 1814 4609 Jesus
1842 4557 2018 4633 angeli
2058 4565 2187 4633 sunt
2213 4557 2306 4628 qui
2341 4557 2608 4633 accedunt
2642 4566 2697 4633 et
2727 4553 3043 4611 ministrant
3080 4555 3172 4633 ei:
3203 4555 3461 4633 quoniam
3498 4554 3604 4623 ipsi

323 4623 619 4697 sapienter;
653 4634 993 4693 cognoscunt
1031 4623 1867 4697 differentiam’puerorum_\‘el
1913 4623 2250 4697 infantium;
2301 4627 2489 4696 quales
2532 4625 2754 4682 Christo
2803 4633 3019 4697 oportet
3071 4623 3288 4697 offerri.
3335 4623 3603 4680 Voluntas

322 4699 507 4771 autem
540 4692 881 4771 offerentium
911 4710 1109 4771 pueros
1146 4703 1250 4760 est,
1284 4705 1354 4771 _ut
1393 4692 1592 4750 manus
1638 4696 1719 4751 eis
1760 4695 2006 4771 imponat
2035 4695 2188 4764 Jesu,
2234 4692 2294 4771 et
2318 4692 2469 4771 'orct.
2503 4697 2690 4771 Oratio
2724 4692 2874 4771 enim
2919 4694 3284 4771 Jesuufihristj
3328 4704 3383 4751 et
3423 4703 3601 4771 tactus

322 4764 701 4843 ejus_.._.pueris
751 4772 804 4818 ct
858 4765 1159 4843 infantibus
1205 4766 1299 4843 qui
1339 4781 1448 4843 non
1485 4773 1718 4843 possunt
1768 4764 1958 4843 audire
2004 4782 2129 4843 quae
2170 4767 2402 4843 audiunt
2443 4766 2555 4837 jam
2605 4766 2901 4836 spiritales,
2954 4764 3169 4843 sollicit_
3207 4765 3275 4843 ad
3331 4766 3597 4843 auxilium

322 4782 467 4829 ejus.
515 4782 701 4831 pllerls
751 4782 804 4818 ct
858 4782 1159 4822 Inlanunus
1245 4782 1299 4820 ut
1339 4782 1448 4821 non
1485 4782 1718 4836 possunt
1768 4782 1958 4821 aumre
2004 4782 2129 4837 quae
2170 4782 2402 4822 audiunt
2443 4782 2555 4837 jam
2605 4782 2901 4836 spiritales,
2954 4782 3152 4821 sument
3207 4782 3275 4820 au
3331 4782 3597 4820 auxmum

318 4832 646 4888 eruditionis
680 4848 888 4915 eorum.
919 4782 1284 4915 Apprehengit
1326 4838 1471 4891 enim
1512 4851 1609 4891 eos
1651 4836 1822 4915 virtus
1850 4835 2022 4915 gesu‘s
2062 4837 2268 4893 Christi
2331 4852 2455 4892 cum
2510 4851 2732 4915 manus_
2757 4852 2871 4892 sua:
2909 4835 3334 4915 speculationis“
3351 4837 3600 4915 posuerit

320 4916 488 4982 spper
516 4917 632 4969 eos,
658 4913 712 4958 et
739 4905 855 4982 jam
901 4905 1112 4982 nullum
1154 4905 1356 4982 malum
1391 4922 1490 4982 eos
1529 4906 1816 4982 contingit.
1849 4905 2101 4982 Forsitan
2133 4918 2341 4982 autem,
2364 4918 2631 4982 quantum
2668 4906 2736 4982 ad
2769 4905 3002 4982 textum,
3043 4905 3207 4960 etiam
3253 4905 3597 4962 oﬂ‘e’rentium

320 4971 371 5055 ei
406 4981 709 5055 pueroset.
737 4971 972 5055 infantes
1012 4974 1264 5055 voluntas
1282 4974 1625 5055 _hujusmodi
1676 4971 1797 5055 erat
1847 4971 2341 5055 considerantium:
2363 4971 2623 5055 quoniam
2674 4977 3032 5055 impossibile
3062 4985 3147 5031 est
3193 4986 3253 5055 ιιι
3302 4986 3597 5055 postquam

320 5038 1080 5167 golmmusdetigcrittpueros
1110 5045 1196 5099 vel
1217 5038 1476 5112 infantes,
1506 5055 1559 5102 et
1585 5060 1682 5116 per
1716 5053 1918 5101 tactum
1950 5048 2156 5103 dederit
2183 5050 2264 5104 eis
2292 5038 2531 5103 divinam
2570 5038 2850 5112 virtutem,
2882 5056 2977 5102 aut
3002 5038 3334 5104 daemonium
3371 5038 3593 5118 aliquod

419 5128 543 5167 aere
568 5129 664 5167 eos
692 5128 839 5167 nossr
871 5152 885 5167 .

344 5126 543 5183 angere
568 5129 664 5167 eos
692 5126 885 5183 possrt.

395 5180 443 5263 ἶ.
489 5180 755 5266 βξίειξιῖιο
782 5193 962 5266 aptam
988 5184 1248 5266 quoniam
1288 5184 1471 5266 multae
1509 5187 1762 5259 malignae
1787 5187 2200 5266 virtutes_eirea
2243 5190 2491 5266 auimam_
2517 5188 2758 5266 hominis
2793 5189 2866 5266 _ah
2904 5188 3060 5244 initio
3094 5198 3351 5266 vacantes
3388 5188 3594 5266 jugitetj

320 5257 404 5336 etm
406 5253 747 5336 insidiantes,
787 5253 909 5308 ideo
943 5253 1349 5336 pfl‘efebantnut
1384 5253 1797 5336 tangeret'eos,
1841 5259 1997 5328 quasi
2016 5258 2145 5336 ⁵,ἱιιιιι
2181 5276 2251 5336 ex_
2285 5258 2718 5331 praecedentibus
2756 5259 3011 5336 virtutem
3059 5260 3179 5329 ejus
3227 5253 3480 5336 experti:
3501 5257 3596 5336 qui

322 5320 622 5378 offerebant
645 5338 847 5394 pueros
876 5324 959 5379 vel
991 5323 1226 5381 infantes
1261 5320 1534 5380 Salvatori
1562 5341 1575 5377 :
1600 5320 1981 5400 quoniam'per
2014 5320 2418 5401 impositionem
2446 5344 2708 5384 manuum
2741 5329 2883 5400 ejus,
2917 5338 2972 5385 et
3008 5320 3108 5401 per
3137 5320 3455 5386 orationem
3470 5320 3601 5398 ejus

390 5460 436 5491 "
457 5460 646 5519 Matth.
678 5479 753 5529 ιν,
782 5463 868 5518 Η.
945 5462 993 5494 ⁷⁷
1022 5460 1212 5516 Matth.
1249 5478 1360 5531 nx,
1386 5464 1472 5517 15.
1549 5464 1595 5497 ⁷⁸
1625 5462 1791 5520 Marc.
1823 5480 1878 5532 χ,
1912 5486 1917 5519 έ

2077 5467 2123 5501 ⁷⁸
2149 5466 2282 5525 Luc.
2330 5470 2608 5538 xvm,15.
2686 5528 2689 5535 ,

390 5581 516 5669 μᾷ)Δ
536 5583 666 5669 ’ᾨτε
679 5586 799 5669 ρῠχ
828 5578 961 5669 old?-
993 5600 1056 5638 τε
1086 5579 1167 5654 ἦν
1190 5583 1524 5669 ἁψαμένου,
1547 5593 1656 5669 _etc.
1688 5582 1897 5669 Nempe

2024 5593 2351 5669 :onymus__in
2381 5592 2613 5669 epistola
2641 5591 2713 5669 ad
2740 5591 3150 5669 Ctesiphonem,
3183 5589 3362 5669 capite
3394 5607 3594 5647 secun-

318 5652 409 5734 illa
440 5652 522 5707 est
561 5652 796 5736 ἀπάθεια
824 5663 878 5709 et
916 5652 1439 5736 ἀναμαρτησίαιιιιιι
1465 5656 1768 5736 .robot'atos
1794 5652 1893 5711 ho-

2024 5652 2180 5736 lo,'et
2213 5664 2336 5736 aliis
2381 5652 2535 5730 locis,
2562 5665 2655 5734 qui
2701 5665 2756 5719 in
2811 5652 3148 5735 Origenianis
3184 5652 3393 5720 nostris
3417 5678 3591 5719 exeus

317 5723 496 5795 mines
540 5722 810 5795 perfectos
856 5722 1038 5779 nullis'
1067 5722 1410 5795 peccatorum
1463 5726 1732 5782 illecebris
1772 5742 1894 5795 per-
2002 5722 2229 5788 tiu'ntur.
2259 5722 2521 5790 llueinus.‘

317 5794 436 5849 εαυί
471 5809 635 5863 posse
660 5792 920 5864 Origenes
952 5792 1228 5851 cenSebat.
1264 5794 1375 5851 Hoc
1409 5796 1512 5866 ipsi
1549 5796 1737 5869 ohjieit
1769 5792 1893 5853 llic-

3641 5426 3675 5479 τ,
