4032 6308
299 396 440 452 1275

1252 396 1605 454 COMMENT.
1643 398 1709 453 IN
1746 397 2166 455 MATTIIASUM
2207 397 2443 454 'l‘OMUS
2479 397 2596 455 XV.

3410 430 3547 488 ηπ

295 513 725 585 ἐξουδενωμένα,
768 514 866 570 καὶ
912 515 983 570 τὰ
1014 516 1206 589 ἀγενῆ,
1243 521 1341 575 καὶ
1369 521 1460 577 διὰ
1512 521 1669 576 τοῦτο
1695 521 1872 593 λεχθη-

1985 519 2143 575 multi
2173 520 2428 576 nobiles:
2470 519 2565 574 sed
2601 532 2722 589 quae
2769 515 2934 572 stulta
2985 524 3114 572 sunt
3159 517 3349 573 mundi
3397 522 3556 590 elegit

300 605 507 677 σάμενα
536 606 604 661 ἂν
640 607 734 662 καὶ
756 607 965 672 παιδία,
1001 610 1098 663 καὶ
1151 609 1363 681 βλέπων
1415 613 1750 684 ἐπιτιμάτω,
1798 614 1874 679 ὡς

296 696 539 767 ἀκρίτως
573 697 841 763 ποιοῦντι,
884 699 966 771 τῷ
1017 701 1379 779 προσφέροντι
1423 703 1726 775 τηλικούτῳ
1758 705 1874 757 Σω-

293 789 424 860 τῆρι
463 789 555 843 καὶ
586 790 891 864 διδασκάλῳ
928 792 1103 865 βρέφη
1131 795 1225 849 καὶ
1260 796 1466 850 παιδία·
1500 797 1597 851 καὶ
1640 797 1875 869 πρόσχες

293 882 343 933 εί
378 880 455 952 μὴ
489 882 720 954 ἁρμόζει
743 883 1037 958 ἀναφέρειν
1064 887 1133 941 τὰ
1162 886 1258 941 νῦν
1296 888 1655 961 ἐξεταζόμενα
1685 890 1779 943 ἐπὶ
1804 889 1875 944 τὰ

290 968 538 1036 τοιαῦτα,
571 972 681 1026 τῶν
716 973 814 1044 μὲν
843 975 1258 1047 προσφερόντων
1288 977 1497 1041 παιδία,
1525 978 1614 1031 ἵνα
1631 979 1732 1042 τὰς
1770 980 1877 1049 χεῖ-

298 1078 396 1132 ρας
431 1061 613 1126 αὐτοῖς
645 1063 809 1136 ἐπιθῇ
847 1065 1074 1138 Ἰησοῦς,
1121 1069 1216 1122 καὶ
1254 1069 1641 1141 προσεύξηται,
1675 1070 1781 1125 τῶν
1816 1070 1874 1124 δὲ

295 1153 562 1224 μαθητῶν
607 1154 990 1227 ἐπιτιμώντων
1026 1158 1227 1223 αὐτοῖς·
1261 1160 1403 1213 είποι
1423 1160 1467 1212 δ’
1489 1159 1555 1215 ἂν
1588 1160 1725 1231 πρὸς
1746 1162 1875 1225 ’τοὺς

292 1245 662 1316 ἐπιτιμῶντας
687 1247 779 1299 ἐπὶ
811 1248 1045 1312 παιδίοις
1097 1251 1529 1322 προσαγομένοις
1563 1251 1642 1323 τῷ
1700 1251 1872 1324 Ἰησοῦ

290 1336 634 1402 διδάσκαλος,
684 1338 778 1392 καί
811 1339 1021 1411 Σωτὴρ,
1070 1341 1165 1394 καὶ
1217 1341 1439 1411 Κύριος⁸
1506 1361 1525 1394 ι
1560 1342 1761 1412 ’Δφετε
1804 1343 1875 1397 τὰ

293 1430 509 1494 παιδία,
534 1431 629 1486 καὶ
661 1430 737 1502 μὴ
769 1430 1004 1485 κωλύετε
1031 1432 1174 1487 αὐτὰ
1203 1432 1376 1487 ἐλθεῖν
1412 1432 1550 1506 πρὸς
1585 1435 1708 1506 μέ.»
1740 1431 1872 1488 Εἶτα

302 1520 632 1591 προτρέπων
656 1520 766 1590 (l6)
791 1523 914 1584 τοὺς
946 1521 1194 1593 μαθητὰς
1231 1523 1391 1587 ὄντας
1440 1523 1638 1597 ἄνδρας
1668 1541 1872 1594 συγκα-

288 1608 572 1664 τασαίνειν
609 1614 677 1682 τῇ
707 1611 946 1682 ὠφελείᾳ
975 1612 1082 1666 τῶν
1133 1612 1381 1680 παιδίων,
1422 1614 1570 1679 ὅπως
1608 1613 1872 1685 γένωνται

288 1703 406 1765 τοῖς
435 1701 670 1766 παιδίοις
705 1703 914 1762 παιδία,
954 1702 1042 1757 ἵνα
1076 1702 1146 1756 τὰ
1199 1704 1387 1758 παιδία
1415 1705 1744 1778 κερδήσωσι,
1783 1705 1874 1759 λε-

291 1792 441 1861 γέτω
487 1794 516 1846 ὁ
562 1793 752 1864 Σωτὴρ
780 1794 859 1847 τό·
901 1813 920 1845 ι
944 1794 1064 1848 Τῶν
1096 1794 1205 1866 γὰρ
1239 1795 1495 1850 τοιούτων
1526 1796 1678 1850 ἐστὶν
1705 1798 1739 1868 ή
1774 1796 1872 1868 βα-

1978 612 2145 677 Deus,
2176 621 2231 668 et
2252 628 2316 667 ea
2343 627 2466 682 quae
2497 626 2605 665 non
2636 619 2789 676 sunt,
2810 617 2870 663 ut
2895 623 2959 663 ea
2981 624 3102 679 quae
3127 620 3275 678 sunt,
3302 611 3553 668 destrue-

1974 714 2076 762 ret.
2124 723 2146 758 ι
2184 703 2387 759 Eorum
2439 702 2606 774 igitur
2652 702 2743 770 qui
2788 702 3158 757 ecclesiastica
3192 714 3456 773 praecepta
3499 715 3555 761 et

1975 796 2278 853 doctrinam
2308 797 2520 851 tradere
2563 811 2621 850 se
2653 795 3007 864 profitentur,
3042 796 3352 865 quempiam
3403 798 3554 867 aspi-

1975 887 2083 942 ciat
2104 888 2323 957 aliquis,
2350 887 2511 942 stulta
2543 888 2755 951 mundi,
2779 895 2834 941 et
2862 896 3172 957 contempta
3192 928 3207 948 ,
3248 898 3303 943 et
3338 889 3554 959 ignobi-

1975 980 2069 1047 lia,
2097 989 2151 1035 et
2186 994 2481 1050 puerorum
2513 988 2803 1049 propterea
2855 979 3075 1035 nomine
3106 978 3387 1035 allicienda
3420 981 3556 1036 offe-

1973 1079 2217 1138 rentem;
2249 1079 2303 1126 et
2344 1072 2618 1142 aspiciens
2651 1071 2890 1140 increpet
2924 1085 3048 1125 eum
3076 1112 3092 1138 ,
3144 1072 3301 1142 quasi
3352 1081 3555 1130 temere

1974 1176 2242 1237 agentem,
2273 1183 2396 1222 cum
2428 1176 2579 1222 tanto
2602 1168 2918 1238 sospitatori
2944 1179 2999 1223 et
3030 1170 3293 1239 magistro
3319 1170 3555 1227 infantes

1974 1266 2029 1311 et
2065 1273 2261 1328 pueros
2292 1257 2450 1313 offert
2482 1278 2495 1313 :
2532 1274 2597 1314 ac
2623 1259 2746 1314 vide
2771 1275 2953 1314 annon
2985 1276 3108 1329 qua:
3137 1269 3435 1318 tractamus
3463 1277 3553 1318 re-

1973 1345 2116 1403 ferre
2136 1363 2236 1418 par
2263 1348 2335 1403 sit
2387 1349 2453 1404 ad
2486 1364 2573 1405 res
2599 1349 2907 1419 ejusmodi,
2959 1365 3146 1405 eorum
3182 1353 3400 1421 quidem
3457 1353 3553 1424 qui

1972 1453 2175 1508 pueros
2205 1438 2462 1502 offerunt,
2497 1449 2561 1495 ut
2593 1456 2790 1495 manus
2829 1440 2963 1510 ipsis
3004 1443 3246 1512 imponat
3282 1442 3463 1511 Jesus,
3498 1452 3555 1500 et

1974 1537 2123 1595 oret;
2169 1527 2562 1599 discipulorum
2590 1545 2721 1586 vero
2758 1531 2851 1602 qui
2894 1533 3043 1602 ipsos
3077 1534 3396 1604 increpant:
3432 1551 3552 1590 ma-

1973 1620 2141 1690 gister
2161 1630 2343 1676 autem
2376 1633 2430 1677 et
2460 1623 2739 1687 Servator,
2762 1633 2818 1678 et
2846 1622 3112 1680 Dominus
3144 1626 3228 1681 his
3262 1627 3429 1693 dicat,
3457 1626 3553 1696 qui

1973 1719 2195 1779 propter
2234 1726 2434 1780 pueros
2484 1709 2612 1766 Jcsu
2666 1711 2878 1767 oblatos
2922 1711 3356 1784 objurgationem
3393 1713 3551 1766 adhi-

1975 1803 2103 1858 bent
2134 1803 2182 1835 ⁸⁸
2218 1819 2232 1855 :
2274 1823 2293 1855 ι
2334 1802 2507 1858 Sinite
2538 1803 2813 1872 parvulos,
2845 1811 2899 1856 et
2943 1803 3113 1858 nolite
3135 1817 3231 1857 eos
3262 1803 3553 1872 prohibere

289 1880 466 1936 σιλεία
525 1883 635 1938 τῶν
667 1884 968 1956 οὐρανῶνί
1008 1886 1103 1939 καὶ
1157 1885 1266 1958 γὰρ
1309 1887 1471 1951 αὐτὸς
1524 1905 1544 1935 ⁸
1580 1889 1639 1943 ὲν
1687 1888 1869 1959 μορφῇ

1972 1896 2037 1950 ad
2071 1910 2159 1950 me
2183 1895 2397 1962 venire;
2436 1913 2456 1946 ι
2497 1894 2693 1949 deinde
2747 1910 2877 1949 vero
2908 1894 3207 1964 discipulos
3253 1895 3554 1951 adhortans

286 1973 426 2028 θεοῦ
479 1975 762 2048 ὑπάρχων,
819 1977 916 2048 ούχ
973 1978 1263 2049 ἁρπαγμὸν
1293 1978 1637 2050 ἡγησάμενος
1665 1978 1779 2051 (17)
1811 1980 1870 2033 τὸ

286 2062 429 2120 εἶναι
463 2066 553 2120 ῐσα
580 2066 749 2139 Θεῷ,ι
815 2067 1003 2137 γέγονε
1034 2069 1269 2135 παιδίον,
1305 2068 1445 2123 ὥστε
1482 2070 1730 2141 λελέχθαι
1757 2075 1871 2136 τοῖς

286 2157 500 2227 Μάγοις
528 2158 632 2211 ὑπὸ
659 2158 754 2212 τοῦ
797 2158 1036 2231 Ἡρώδου
1069 2162 1198 2233 περὶ
1223 2160 1409 2214 αὐτοῦ’
1449 2179 1468 2213 ι
1506 2161 1870 2233 Πορευθέντες

290 2250 537 2319 ἀκριϐῶς
575 2251 869 2318 ἐξετάσατε
902 2253 1028 2324 περὶ
1058 2252 1154 2307 τοῦ
1185 2254 1451 2318 παιδίου,ι
1492 2253 1587 2307 καὶ
1618 2254 1723 2307 ύπὺ
1774 2251 1868 2306 τοῦ

286 2341 587 2395 Ματθαίουο
621 2343 724 2406 ὅτι,
770 2361 788 2394 ι
840 2343 898 2396 '0
950 2344 1127 2414 ἀστὴρ
1155 2344 1214 2398 δν
1245 2341 1386 2399 εἶδον
1412 2346 1471 2397 ἐν
1497 2343 1563 2412 τῇ
1594 2344 1867 2415 Ἀνατολῇν

287 2432 530 2504 προῆγεν
566 2433 783 2498 αὐτοὺς,
816 2433 921 2498 ἕως
945 2429 1006 2489 οὗ
1036 2434 1205 2488 ἐλθὼν
1225 2434 1429 2505 ἐστάθη
1459 2428 1521 2488 οὗ
1550 2428 1620 2506 ἦν
1644 2434 1706 2489 τὺ
1745 2452 1872 2489 παι-

279 2521 450 2575 δίον·›
485 2523 579 2576 καὶ
614 2524 730 2594 μετ’
755 2523 932 2593 ὀλίγα,
963 2542 982 2575 ι
1021 2524 1352 2588 Ἐλθόντες,ι
1391 2525 1577 2596 φησὶν,
1618 2543 1636 2576 ι
1660 2527 1740 2588 εἰς
1768 2525 1870 2597 τὴν

279 2613 485 2678 οἰκίαν,
527 2610 665 2668 εἶδον
705 2615 769 2670 τὸ
795 2615 1006 2668 παιδίον
1050 2615 1163 2687 (18)
1203 2616 1341 2688 μετὰ
1376 2617 1596 2686 Μαρίας
1625 2616 1728 2686 τῆς
1761 2632 1868 2688 μη·-

280 2705 414 2774 τρδς
438 2704 657 2759 αὑτοῦ.»
692 2708 802 2761 Καὶ
837 2709 867 2759 ὁ
919 2708 1108 2776 φανεὶς
1159 2706 1216 2760 δὲ
1251 2706 1332 2778 τῷ
1398 2706 1597 2778 Ἰωσὴφ
1636 2706 1867 2776 ἄγγελος

283 2797 499 2850 παιδίον
531 2798 758 2851 ἐκάλεσε
812 2798 905 2853 τὸν
942 2797 1261 2869 τηλικοῦτον
1310 2798 1467 2870 ἡμῶν
1521 2800 1750 2872 Σωτῆρα
1788 2804 1868 2856 εἰ-

286 2885 427 2941 πών’
466 2906 487 2939 ι
522 2888 801 2960 Ἐγερθεὶς
865 2891 1148 2963 παράλαϐε
1218 2890 1279 2944 τὸ
1340 2891 1551 2946 παιδίον
1613 2892 1708 2946 acad.
1768 2893 1867 2966 τὴν

287 2978 502 3049 μητέρα
534 2980 721 3046 αὐτοῦ,
751 2982 844 3035 καὶ
886 2982 1053 3052 φεῦγε
1087 2983 1166 3046 είς
1194 2982 1487 3050 Αἴγυπτον.
1537 3002 1557 3035 ι
1598 2983 1770 3039 Πάλιν
1805 3000 1866 3038 τε

279 3064 350 3122 αὖ
386 3069 809 3142 τελευτήσαντος
824 3071 920 3125 τοῦ
956 3070 1196 3145 Ἡρώδου
1226 3073 1456 3142 ἄγγελος
1507 3074 1712 3145 Κυρίου
1743 3075 1865 3129 κατ’

277 3161 415 3233 ιναρ
449 3161 702 3229 φαίνεται
725 3161 802 3232 τῷ
829 3162 1025 3233 Ἰωσὴφ
1044 3165 1102 3216 ἐν
1121 3162 1383 3234 Αἰγύπτῳ
1409 3163 1601 3232 λέγων’
1627 3182 1647 3215 ι
1682 3163 1866 3236 Ἐγερ-

1972 1985 2038 2039 ad
2070 1985 2479 2055 obsequendum
2506 1999 2798 2054 puerorum
2844 1984 3147 2039 commodis
3186 1990 3266 2048 ut,
3298 1984 3555 2054 quamvis

1976 2076 2081 2131 viri
2116 2085 2318 2141 essent,
2366 2076 2432 2129 ad
2468 2091 2667 2146 pueros
2705 2073 3146 2137 lucrifaciendos,
3170 2074 3354 2143 pueris
3397 2076 3553 2144 pueri

1971 2166 2164 2221 fierent
2195 2167 2265 2232 ⁸⁵,
2299 2167 2446 2221 dicat
2481 2164 2737 2221 Servator
2760 2166 2806 2198 ⁸⁸
2836 2183 2851 2219 :
2889 2183 2909 2217 ι
2945 2164 3158 2219 Talium
3187 2164 3442 2221 est'enim
3467 2180 3556 2220 re-

1971 2274 2139 2330 gnum
2171 2259 2432 2314 calorum
2460 2276 2476 2324 ;
2510 2278 2529 2311 ι
2554 2274 2680 2313 nam
2710 2270 2766 2313 et
2794 2259 2909 2327 ipse
2941 2276 2961 2308 ι
3004 2272 3128 2313 cum
3157 2258 3211 2311 in
3245 2257 3422 2312 forma
3457 2256 3555 2313 Dei

1970 2358 2143 2415 esset,
2173 2367 2176 2370 ’
2207 2366 2316 2405 non
2371 2351 2617 2420 rapinam
2665 2349 2963 2404 arbitratus
3010 2363 3134 2404 esse
3181 2364 3241 2404 se
3285 2348 3547 2420 aequalem

1973 2439 2086 2495 Deo
2115 2440 2160 2473 ⁸⁷
2185 2482 2202 2508 ,
2240 2458 2261 2492 ι
2305 2440 2485 2496 factus
2507 2449 2592 2495 est
2613 2456 2768 2510 puer,
2802 2442 2940 2495 adeo
2973 2449 3032 2495 ut
3051 2441 3118 2495 de
3147 2441 3239 2496 illo
3279 2441 3454 2510 magis
3486 2440 3559 2495 ab

1969 2524 2198 2587 Herode
2221 2531 2428 2588 dictum
2462 2533 2534 2588 sit
2560 2533 2606 2565 ⁸⁸
2642 2551 2658 2587 :
2690 2551 2708 2583 ι
2746 2531 2840 2599 Ite,
2878 2542 2932 2587 et
2967 2534 3300 2605 interrogate
3331 2531 3558 2601 diligen-

1969 2631 2055 2679 ter
2090 2625 2158 2681 de
2187 2638 2380 2694 puero,
2414 2644 2433 2678 ι
2466 2635 2521 2680 et
2546 2640 2575 2679 a
2605 2624 2857 2679 Matthmo
2891 2641 2903 2678 :
2945 2642 2964 2677 ι
2999 2624 3163 2681 Stella
3189 2640 3373 2695 quam
3407 2622 3559 2677 vide-

1968 2724 2093 2772 rant
2115 2716 2170 2770 in
2190 2716 2431 2783 Oriente,
2458 2718 2811 2772 antecedebat
2837 2732 2955 2783 eos,
2976 2732 3152 2786 usque
3168 2716 3298 2771 dum
3329 2714 3558 2770 veniens

1969 2814 2139 2863 staret
2175 2824 2340 2878 supra
2367 2808 2459 2863 ubi
2485 2816 2605 2863 erat
2637 2823 2813 2877 puer;
2851 2828 2870 2861 ι
2904 2817 2958 2862 et
2994 2808 3159 2878 paulo
3203 2816 3329 2878 post
3365 2825 3380 2863 :
3423 2825 3441 2858 ι
3471 2806 3559 2860 ln-

1967 2904 2197 2961 trantes,
2236 2898 2435 2968 inquit,
2472 2898 2719 2963 domum,
2755 2896 3010 2957 viderunt
3031 2911 3260 2967 puerum
3292 2911 3416 2950 eum
3444 2893 3559 2950 Ma-

1966 2988 2048 3043 ria
2085 2997 2260 3043 matre
2292 2988 2458 3060 662
2497 2987 2638 3057 ejus.
2678 3004 2698 3039 ι
2729 2986 2871 3052 Quin
2892 2995 2948 3042 et
2975 2987 3205 3057 angelus
3243 3002 3271 3040 a
3318 2984 3561 3055 Josepho

1965 3079 2138 3144 visus,
2183 3086 2395 3132 tantum
2450 3086 2698 3133 nostrum
2735 3076 3076 3132 Servatorem
3110 3092 3339 3147 puerum
3377 3076 3560 3145 appel-

1965 3169 2119 3234 lavit,
2154 3168 2343 3225 dicens
2364 3170 2410 3203 ⁸⁹
2448 3187 2461 3223 :
2500 3187 2520 3220 ι
2562 3169 2755 3240 Surge,
2783 3178 2837 3224 et
2866 3169 3049 3238 accipe
3074 3178 3303 3223 matrem
3339 3177 3393 3223 et
3422 3181 3558 3237 pue-

280 3224 397 3317 θεὶς
426 3224 707 3324 παράλαϐε
722 3224 783 3307 et
806 3224 1018 3309 παιδίον
1037 3256 1133 3309 καὶ
1152 3224 1249 3327 την
1269 3224 1493 3328 μητέρα.
1508 3254 1675 3310 αὐτοῦ
1691 3224 1859 3329 (li-DZ.
1890 3224 1931 3280 Ο

277 3345 392 3399 Καὶ
426 3348 457 3400 ὁ
490 3346 698 3418 Ἰησοῦς
727 3341 819 3402 οὖν
844 3348 905 3400 οὐ
938 3349 1099 3419 μόνον
1132 3348 1275 3403 κατὰ
1305 3347 1403 3420 τὴν
1439 3350 1702 3421 ἱστορίαν,
1728 3348 1864 3404 ἀλλὰ

278 3437 377 3492 καὶ
414 3438 556 3493 κατὰ
611 3439 712 3511 τὴν
780 3439 1092 3512 ἀναγωγὴν,
1147 3440 1509 3495 ἐταπείνωσεν
1548 3440 1742 3496 ἐαυτὸν
1788 3441 1866 3507 ὡς

1971 3445 2020 3500 ln
2053 3443 2262 3501 somnis
2291 3441 2531 3512 Josepbo
2563 3450 2790 3513 apparet
2819 3442 3009 3498 dicens
3042 3457 3057 3493 :
3096 3459 3116 3493 ι
3150 3439 3344 3512 Surge,
3376 3447 3432 3496 et
3456 3453 3549 3494 ac-

280 3528 512 3593 παιδίον,
547 3528 677 3583 ὥστ’
713 3530 778 3584 ἃν
806 3533 982 3586 εἰπεῖν
1020 3531 1097 3595 ὡς
1140 3531 1221 3585 τόο
1264 3550 1283 3583 ι
1316 3531 1533 3585 mace—.5
1571 3533 1667 3585 ἀπ’
1703 3531 1862 3603 ἐμοῦ,

1971 3535 2086 3606 cipe
2135 3549 2364 3606 puerum
2417 3542 2472 3588 et
2504 3542 2737 3589 matrem
2769 3533 2910 3603 ejus.
2946 3551 2967 3585 ι
3001 3531 3068 3586 Ει
3115 3531 3363 3602 profecto
3389 3530 3559 3587 Jesus

274 3619 363 3673 ὅτι
391 3621 564 3693 πρᾷός
592 3624 728 3694 είμι,
769 3622 862 3676 καὶ
892 3622 1147 3686 ταπεινὸς
1174 3624 1242 3693 τῇ
1293 3622 1544 3694 καρδίᾳ,›
1569 3622 1742 3686 οὕτως
1770 3625 1866 3678 καὶ

1971 3639 2082 3681 non
2136 3626 2294 3696 juxta
2348 3625 2638 3680 historiam
2674 3625 2963 3689 duntaxat,
3022 3623 3115 3678 sed
3149 3631 3205 3678 et
3248 3623 3554 3678 secundum

272 3711 358 3765 που
403 3712 622 3767 Μάθετε
681 3714 776 3768 ἀπ’
825 3711 960 3784 ἐμοῦ
996 3712 1288 3783 γενομένου
1335 3714 1412 3778 ὡς
1468 3713 1680 3767 παιδίον
1700 3753 1715 3778 ,
1751 3713 1868 3777 πῶς

1972 3717 2330 3786 anagogieum
2356 3729 2605 3782 sensum,
2629 3715 2871 3785 seipsmn
2900 3713 3043 3768 haud
3054 3728 3221 3769 secus
3235 3728 3301 3767 ac
3324 3728 3557 3783 puerum

274 3800 422 3872 λέγω
450 3804 530 3858 τό·
573 3824 593 3857 ι
617 3806 738 3859 Τῶν
769 3804 881 3877 γὰρ
906 3803 1162 3857 τοιούτων
1193 3804 1344 3857 ἐστὶν
1402 3806 1436 3876 ἡ
1472 3804 1719 3876 βασιλεία
1754 3804 1864 3858 τῶν

1971 3806 2191 3877 abjeeit,
2220 3804 2357 3861 adeo
2393 3814 2452 3859 ut
2494 3805 2956 3876 quemadmodum
2989 3804 3129 3859 dixit
3169 3805 3253 3856 ὀι
3293 3821 3311 3854 ι
3350 3802 3555 3859 Discite

277 3893 578 3968 οὐρανῶν,›
633 3896 889 3951 τοιούτων
919 3895 1080 3949 ὁποῖά
1114 3895 1231 3949 ἐστι
1263 3895 1337 3951 τὰ
1388 3896 1597 3960 παιδία,
1635 3897 1763 3969 περὶ
1791 3890 1867 3951 ὧν

1973 3913 2007 3951 a
2036 3911 2122 3951 me
2148 3896 2275 3966 quia
2306 3895 2455 3951 mitis
2483 3910 2606 3950 sum
2644 3904 2700 3952 et
2725 3895 2950 3951 humilis
2976 3895 3165 3962 cordae,
3194 3913 3216 3947 ι
3236 3893 3314 3948 ita
3343 3902 3398 3948 et
3421 3894 3557 3951 illud

1476 4005 1566 4061 VE
1582 4005 1713 4063 ΗΕΒ
1748 4005 2337 4062 INTERPRETATIO.

280 4101 555 4159 Salvatori
582 4115 783 4173 pueros
830 4109 885 4155 et
923 4099 1178 4156 infantes.
1243 4097 1355 4173 Nec
1386 4099 1539 4173 enim
1575 4107 1805 4168 possunt
1842 4098 2379 4173 magisspecialiori
2421 4113 2674 4173 sermone
2701 4113 2799 4173 eos
2838 4098 3069 4173 nutrire,
3103 4112 3265 4173 quam
3298 4099 3543 4173 postuiat

278 4182 459 4230 status
493 4169 709 4242 angusti
750 4187 946 4242 sensus
989 4186 1202 4235 eorum,
1234 4169 1549 4242 qui_dicere
1577 4177 1809 4242 possunt
1850 4169 1995 4242 sicut
2028 4169 2123 4242 ille
2140 4170 2236 4238 qui
2270 4169 2408 4242 dixit
2434 4185 2458 4242 Δι
2503 4187 2523 4221 ι
2567 4169 2771 4242 Graecis
2810 4183 2874 4223 ac
2908 4169 3558 4242 barba‘ris,‘sapientlbus

278 4252 338 4299 et
373 4237 754 4313 insipientibus
802 4241 1011 4313 debitor
1059 4256 1203 4313 sum.
1246 4237 1267 4292 ἱ
1312 4238 1416 4313 _His
1465 4237 1596 4313 ergo
1635 4238 1988 4313 oll'erentibus
2037 4237 2303 4313 Saluatori
2354 4239 2684 4313 hujusmodi
2719 4253 2918 4313 pueros
2965 4247 3023 4313 et_
3066 4237 3337 4313 infantes,
3381 4240 3433 4294 id
3474 4248 3560 4296 est

277 4308 517 4369 novitios
552 4312 676 4374 fidei
700 4321 753 4366 et
784 4312 965 4365 minus
996 4310 1238 4365 eruditos
1261 4309 1459 4372 adhuc,
1495 4308 1589 4378 qui
1619 4308 1872 4363 videntur
1903 4324 2026 4364 esse
2069 4308 2441 4378 perfectiores
2456 4308 2771 4365 doctoribus
2827 4309 2937 4364 illis
2978 4308 3451 4378 simpiicioribus:
3499 4319 3556 4366 et

277 4383 404 4440 ideo
435 4392 562 4438 sunt
581 4382 832 4450 discipuli
866 4379 1017 4447 Jesu,
1046 4379 1366 4450 priusquam
1399 4379 1612 4450 discant
1630 4379 1897 4450 rationem
1922 4378 2148 4449 justitiae
2181 4381 2249 4434 de
2276 4380 2458 4450 pueris
2494 4387 2550 4434 et
2576 4378 2877 4450 infantibus
2904 4378 3122 4450 talibus,
3144 4379 3559 4450 reprehendunt

275 4468 376 4510 eos
393 4456 482 4523 qui
510 4448 828 4521 simpliciter
854 4448 1069 4523 docent,
1113 4448 1292 4523 et‘per
1325 4449 1625 4523 simplicem
1654 4449 2186 4523 doctrinam‘pueros
2212 4448 2541 4523 et'infautes
2563 4448 2815 4523 offerunt
2842 4448 3084 4507 Christo.
3138 4448 3422 4523 manifeste
3453 4465 3555 4505 au-

280 4536 389 4579 tem
412 4518 726 4587 "intelligere
752 4521 954 4591 poteris
992 4523 1115 4587 hoc,
1145 4518 1652 4575 si‘consideraveris
1679 4520 1824 4589 quod
1849 4519 1925 4591 ait
1954 4518 2251 4591 Apostolus
2284 4536 2299 4573 :
2346 4538 2366 4572 ι
2400 4519 2588 4591 Videte
2639 4519 2983 4591 uocationem
3011 4527 3247 4575 vestram
3272 4558 3304 4591 ,_
3331 4518 3553 4587 fratres,

275 4593 408 4663 quia
437 4608 545 4663 non
576 4592 728 4663 multi
752 4588 1035 4660 sapientes
1067 4591 1366 4663 secundum
1395 4605 1639 4653 carnem,
1680 4588 1788 4645 non
1820 4589 1974 4644 multi
2010 4590 2201 4657 fortes,
2249 4605 2358 4644 non
2410 4589 2568 4663 multi
2605 4590 2838 4656 nobiles,
2874 4589 3150 4663 sed__qua:
3199 4588 3365 4644 stulta
3425 4599 3558 4663 sunt

274 4658 469 4718 mundi
495 4662 656 4730 elegit
685 4658 851 4727 Deus,
882 4671 935 4715 et
963 4676 1085 4732 qua:
1114 4660 1352 4732 inﬁrma,
1403 4669 1457 4715 et
1504 4675 1625 4732 qua:
1674 4675 1784 4715 non
1816 4669 1965 4732 sunt,
1997 4668 2059 4714 ut
2086 4675 2148 4715 ea
2178 4675 2300 4732 qua:
2353 4669 2484 4715 sunt
2515 4661 2840 4732 destrueret.
2880 4679 2899 4713 ι
2957 4658 3014 4714 Si
3040 4658 3225 4732 videat
3269 4673 3398 4732 ergo
3418 4660 3557 4732 _quis

274 4747 470 4789 eorum
506 4728 606 4800 qui
625 4732 931 4786 doctrinam
955 4728 1382 4786 ecclesiasticam
1416 4728 1757 4799 profitentur,
1789 4728 2103 4801 oﬂ'erentem
2138 4728 2376 4801 aliquem
2412 4731 2685 4801 quosdam
2710 4731 2909 4785 stultos
2939 4730 3148 4801 mundi,
3206 4737 3262 4801 et
3287 4728 3557 4801 ignobiles

276 4812 335 4858 et
367 4799 636 4866 inﬁrmos,
660 4800 1006 4871 quipropter
1034 4802 1424 4871 hoc_appellati
1457 4809 1587 4855 sunt
1615 4801 1768 4870 pueri
1793 4808 1847 4853 et
1874 4799 2111 4855 infantes
2147 4819 2162 4853 :
2202 4799 2391 4871 videns
2423 4799 2530 4855 non
2562 4800 2862 4871 prohibeat
2884 4800 3043 4869 quasi
3079 4799 3200 4854 sine
3218 4800 3431 4871 judicio
3465 4800 3551 4855 fa-

275 4874 509 4929 cientem
531 4886 656 4926 eum
679 4869 962 4940 'quiol'l‘ert
977 4873 1113 4926 tales
1137 4869 1405 4926 salvatori
1433 4880 1596 4941 atque
1617 4869 1903 4941 magistro
1942 4886 2142 4940 pueros
2189 4880 2244 4926 et
2273 4870 2530 4926 infantes.
2560 4869 2624 4924 Et
2651 4870 2776 4941 vide
2819 4869 2867 4941 si
2913 4883 3019 4924 non
3053 4870 3313 4941 convenit
3345 4869 3552 4927 referre

274 4959 401 5011 quae
435 4936 754 5002 tractamus,
787 4943 853 4995 ad
891 4941 1191 5011 discipulos
1224 4960 1238 4998 :
1267 4936 1534 5010 quosdam
1564 4936 1786 5010 quide'm
1827 4936 2117 4996 oﬁ‘efentes
2147 4957 2366 5008 pueros,
2411 4949 2472 4995 ut
2507 4956 2705 5011 manus
2733 4939 2812 5011 eis
2848 4939 3093 5011 imponat
3125 4936 3286 4995 Jesus
3306 4948 3380 5011 _et
3402 4951 3546 5010 oret,

274 5009 418 5068 alios
444 5022 625 5068 autem
657 5012 1004 5081 prohibentes
1033 5009 1150 5076 eos,
1184 5021 1243 5066 ut
1264 5009 1411 5068 dicat
1432 5012 1498 5066 ad
1530 5009 1624 5066 eos
1655 5011 1747 5080 qui
1779 5011 2071 5080 prohibent
2100 5010 2389 5065 offerentes
2416 5025 2612 5081 pueros
2641 5010 2885 5071 Christo,
2923 5010 3186 5081 magister
3215 5019 3270 5065 et
3300 5009 3558 5081 Salvator

273 5092 332 5138 et
362 5082 623 5138 Dominus
655 5079 672 5136 Ξ
709 5100 727 5133 ‹
765 5081 937 5135 Sinite
964 5096 1182 5151 pueros,
1213 5091 1269 5137 et
1294 5083 1461 5137 nolite
1495 5079 1907 5149 proliiliere'eos
1939 5081 2127 5136 ven-ire
2157 5081 2225 5135 ad
2254 5097 2360 5136 me.
2403 5079 2429 5133 ί
2454 5079 2586 5137 Post
2626 5081 2732 5134 hoc
2758 5079 3056 5143 cohortans
3094 5080 3412 5151 discipulos,
3437 5081 3551 5150 jam

274 5154 425 5208 viros
457 5153 813 5222 constitutos,
842 5152 1279 5208 condescendere
1320 5151 1647 5222 utilitatibus
1692 5166 2009 5222 puerorum,
2039 5159 2098 5204 ut
2144 5152 2275 5206 fiant
2298 5152 2485 5221 pueris
2508 5151 2672 5222 quasi
2708 5151 2884 5222 pueri,
2910 5159 2972 5205 ut
3004 5165 3207 5222 pueros
3248 5152 3552 5216 luerentur,

273 5224 409 5277 dicit
440 5222 638 5278 Iesus:
679 5241 697 5273 ι
732 5221 945 5275 Talium
986 5230 1071 5276 est
1101 5222 1246 5276 enim
1283 5236 1509 5292 regnum
1545 5219 1832 5292 calorum.
1873 5239 1893 5273 ι
1922 5221 2056 5274 Nam
2092 5240 2113 5273 ι
2144 5238 2268 5277 cum
2296 5219 2351 5277 et
2383 5219 2577 5292 ipsein
2614 5219 2790 5276 ferina
2826 5219 2917 5276 Dei
2948 5219 3126 5289 esset,
3152 5236 3266 5276 non
3304 5222 3554 5290 rapinam

277 5294 575 5349 arbitratus
601 5301 827 5348 estesse
864 5308 923 5347 se
950 5293 1216 5362 aequalem
1254 5291 1387 5357 Deo,
1424 5311 1444 5344 ι
1478 5292 1574 5347 sed
1602 5291 1779 5346 factus
1799 5300 1883 5346 est
1905 5306 2062 5361 puer,
2083 5293 2303 5348 utdicat
2330 5291 2486 5348 de’eo
2515 5292 2819 5359 Mattheus,
2848 5292 3108 5362 quoniam
3144 5312 3164 5343 ‹
3198 5291 3353 5347 stella
3386 5305 3553 5360 quam

1966 3276 2088 3316 rum
2120 3261 2264 3331 ejus,
2299 3270 2354 3316 et
2406 3259 2533 3332 fuge
2565 3261 2621 3315 in
2677 3259 2996 3332 Egyptum.
3042 3277 3061 3312 ι
3124 3258 3365 3314 Rursum
3417 3273 3550 3314 vero

1965 3360 2185 3408 mortuo
2234 3349 2447 3407 Herode
2473 3350 2700 3422 angelus
2736 3349 2953 3406 Domini
2994 3348 3049 3403 in
3081 3347 3318 3420 Egypto
3349 3349 3550 3404 iterum

276 5382 925 5520 ,ῃιῖἓιιιᾞῇῇίὦιὲῇ
1066 5383 1194 5489 Cor.
1227 5401 1303 5453 Ix,
1325 5385 1414 5440 22.
1481 5383 1530 5417 “
1558 5382 1749 5439 Matth.
1773 5400 1888 5450 xix,
1913 5383 2000 5442 M.
2069 5387 2113 5420 ⁸⁷
2129 5385 2365 5458 Philipp.
2392 5403 2454 5455 ιι,
2472 5385 2525 5441 6.
2588 5386 2635 5418 ⁸⁸
2657 5383 2847 5441 Matth.
2879 5402 2939 5455 ιι,
2966 5384 3020 5453 8,
3055 5384 3215 5454 9,10.
3290 5382 3337 5417 ⁸⁸
3356 5381 3553 5440 Matth.

354 5543 979 5625 (_lli)_l1pqtpértmr.“8ic
1012 5548 1174 5625 habet
1204 5547 1371 5604 editio
1407 5547 1609 5625 ﬂuetii,
1640 5549 1770 5606 licet
1800 5551 1853 5606 in

1971 5552 2155 5625 Syrus,
2209 5562 2263 5625 et
2318 5551 2515 5618 Arabs,
2536 5561 2610 5625 Aet
2641 5549 2828 5625 Persa,
2863 5559 2927 5625 _et
2948 5549 3225 5625 ‘jEthiops
3256 5564 3270 5602 :
3302 5558 3359 5603 at
3389 5549 3555 5621 vulgo

277 5614 644 5695 coddLIl‘eglo
665 5618 1044 5695 et_An_glica_no
1070 5620 1283 5695 legatur
1310 5614 1639 5693 προτρέπον.

1971 5614 2160 5695 editur,
2187 5616 2372 5695 εὗρον,
2406 5614 2551 5695 quod
2579 5624 2826 5692 sequitur
2863 5614 3407 5695 Vulgata._Hua'rtus.

355 5686 467 5767 ΗΕ.)
492 5685 673 5767 ἓίὲίέεκ
703 5685 1317 5767 Πρείῖιενέῖγησᾲῐιενοςτ
1357 5685 1369 5693 ’
1452 5685 1465 5693 ’
1548 5750 1551 5753 -
1594 5760 1606 5767 .

1995 5765 2003 5767 _
2034 5685 2355 5767 (19)7‘(_)odex_
2388 5685 2741 5767 Anglicanus,
2774 5685 3059 5767 παράλᾶϐε
3085 5692 3184 5764 τὴν
3216 5691 3430 5767 μητέρα
3456 5692 3554 5747 καὶ

298 5756 462 5831 ⁶,(18)
494 5751 676 5831 ζζῖδογ
714 5751 1078 5831 τὸᾊτᾳίδίὸτλ
1104 5751 1180 5831 [ζει
1208 5751 1430 5829 antiqua
1458 5751 1643 5817 omnia
1671 5775 1857 5815 exem-

1971 5765 2021 5820 τὸ
2039 5751 2264 5820 ’παιδίον
2294 5751 2483 5818 αὺτοῡὶ

280 5825 453 5898 pluria
500 5825 691 5882 Matth.
735 5842 796 5895 tt,
828 5829 929 5898 ll;
982 5828 1055 5884 ita
1108 5825 1455 5901 Eutltytuius,
1505 5842 1557 5887 et
1590 5833 1858 5902 interpres
