4032 6308
501 371 640 431 12⁵15

1986 377 2311 436 ORIGENIS

3631 383 3774 438 1276

500 492 681 546 dicere
728 491 917 560 possit,
964 489 1162 546 Discite
1206 507 1236 545 τι
1265 508 1372 559 me,
1407 494 1501 564 qui
1547 494 1723 552 factus
1773 513 1893 553 sum
1939 499 2076 553 sicut

2183 498 2280 550 ούκ
2301 499 2584 572 ἐπιτρέπει
2617 504 2742 567 τοὺς
2778 503 3025 576 μαθητὰς
3070 505 3328 576 ἐπιτιμᾷν
3355 507 3470 568 τοῖς
3523 507 3764 576 προσφέ-

497 596 657 650 puer,
687 581 961 651 quomodo
994 581 1109 637 haec
1137 584 1313 638 dicam
1347 603 1358 638 :
1393 603 1411 638 ι
1453 585 1667 642 Talium
1698 601 1781 644 est
1801 589 1949 644 enim
1988 604 2074 644 re—

497 689 663 743 gnum
694 673 980 738 caelorum,
1014 691 1031 723 ι
1088 674 1279 729 talium
1312 692 1506 748 nempe
1556 680 1746 750 quales
1781 689 1911 735 sunt
1945 694 2075 750 pue-

494 763 632 829 ruli,
665 777 898 833 quorum
932 765 1106 833 gratia
1141 767 1412 837 increpari
1455 785 1562 826 non
1613 771 1744 831 sinit
1773 787 1803 826 a
1836 772 2076 842 discipu-

495 853 581 918 lis,
615 855 706 923 qui
749 870 844 910 eos
901 856 1158 912 oderunt.
1196 858 1507 924 Quinetiam
1568 860 1774 917 Paulus
1814 865 1858 898 ⁹¹
1893 867 2076 922 sciens

454 1001 456 1003 ,
492 968 509 997 ι
551 947 737 1000 talium
770 963 889 1002 esse
920 964 1145 1019 regnum
1175 950 1456 1017 caelorum,
1495 969 1514 1001 ι
1544 967 1669 1006 cum
1705 961 1890 1022 posset
1915 953 2072 1008 oneri

445 1039 458 1064 "
487 1054 630 1102 esse,
668 1046 727 1092 ut
753 1037 952 1094 Christi
977 1040 1271 1110 apostolus,
1301 1040 1475 1094 factus
1498 1051 1580 1095 est
1608 1057 1762 1111 puer,
1788 1052 1845 1096 et
1868 1041 2069 1100 nutrici

489 1130 698 1193 similis,
729 1129 932 1184 foventi
964 1131 1134 1184 ﬁlium
1164 1145 1344 1199 suum,
1373 1138 1428 1185 et
1465 1146 1756 1201 puerorum
1788 1147 2072 1188 sermones

489 1221 648 1290 pueri
678 1236 850 1284 causa,
863 1221 1123 1290 loquenti.

563 1312 617 1366 8.
650 1311 732 1366 Ad
761 1311 876 1368 haec
913 1329 1042 1383 ergo
1085 1313 1372 1384 diligenter
1422 1313 1807 1368 attendendum
1861 1323 1968 1377 est,
2004 1330 2072 1370 ne

490 1403 769 1472 sapientia:
789 1412 841 1458 et
869 1405 1205 1459 excellentia:
1232 1404 1508 1474 Opinione,
1543 1405 1635 1474 qui
1669 1405 1818 1474 parvi
1861 1413 1990 1459 sunt
2017 1407 2072 1459 in

491 1492 737 1550 Ecclesia
792 1502 847 1549 et
877 1496 1113 1565 pueruli,
1162 1510 1278 1560 eos,
1313 1496 1471 1566 quasi
1526 1497 1700 1551 simus
1731 1497 2070 1565 grandiores,

491 1596 874 1650 aspernemur,
905 1583 997 1637 sed
1025 1583 1219 1638 horum
1256 1584 1547 1638 verborum
1586 1600 1807 1640 sensum
1855 1587 2074 1655 capien-

492 1681 572 1724 tes
598 1673 641 1703 "
677 1689 690 1725 :
730 1690 748 1723 ι
791 1671 1004 1729 Talium
1026 1687 1107 1728 est
1141 1675 1285 1729 enim
1306 1691 1532 1745 regnum
1565 1677 1854 1739 caelorum,
1894 1698 1912 1729 ι
1941 1679 2074 1733 tales

492 1763 709 1827 fiamus,
738 1772 796 1818 ut
826 1779 921 1833 per
952 1781 1052 1820 nos
1083 1768 1247 1820 etiam
1276 1767 1428 1836 pueri
1456 1767 1592 1820 salvi
1635 1769 1788 1821 liant.
1838 1768 1954 1823 Non
1985 1786 2075 1824 so-

492 1849 604 1904 lum
639 1861 818 1906 autem
858 1869 920 1908 ea
954 1853 1082 1909 Jcsu
1123 1847 1305 1910 offerri
1343 1857 1614 1922 sinentes,
1652 1873 1752 1912 nec
1785 1873 1848 1912 ea
1881 1860 2074 1913 dunta-
2113 1849 2151 1902 Β

492 1952 584 1996 xat
613 1943 742 1998 huic
770 1944 950 1998 oﬂ'erri
982 1960 1088 2000 non
1119 1947 1496 2014 impedientes,
1520 1947 1614 2001 sed
1639 1947 1740 2016 ipsi
1765 1951 1926 2002 etiam
1951 1966 2074 2004 cum

491 2035 676 2102 pueris
706 2034 876 2090 eﬂ‘ecti
905 2037 1079 2105 pueri,
1113 2037 1379 2092 voluntati
1403 2037 1530 2092 Jesu
1563 2053 1770 2094 morem
1800 2057 2074 2111 geramus,

491 2133 551 2178 ut
578 2126 760 2194 pueris
798 2142 891 2196 per
920 2143 1016 2182 nos
1055 2127 1189 2182 tales
1225 2128 1449 2184 cﬂectos
1477 2130 1709 2186 salutem
1743 2137 2072 2203 consecutis,

488 2229 614 2269 cum
640 2230 740 2270 nos
767 2215 869 2284 ipsi
907 2215 1364 2287 depresserimns,
1401 2233 1430 2272 a
1461 2218 1568 2273 Deo
1616 2223 1976 2292 extollamur;
2023 2227 2074 2280 ii

486 2307 632 2361 enim
659 2305 733 2361 ita
762 2307 935 2377 accipi
969 2317 1147 2377 potest
1171 2309 1217 2341 ³³
1249 2329 1261 2364 :
1309 2329 1328 2361 ι
1362 2311 1465 2378 Qui
1503 2329 1563 2369 se
1597 2314 1882 2383 humiliat,
1929 2319 2078 2372 exal-

486 2397 693 2452 labitur
719 2437 734 2462 ,
771 2414 792 2450 ι
823 2413 949 2454 cum
988 2401 1294 2469 praesertim
1350 2418 1516 2474 supra
1562 2407 1830 2476 scriptum
1884 2407 1955 2462 sit
1984 2409 2072 2463 οδε

491 2505 511 2540 ι
549 2487 872 2560 Quicunque
903 2505 1033 2562 ergo
1067 2493 1437 2550 humiliaverit
1487 2512 1566 2561 se,
1613 2497 1756 2553 sicut
1813 2501 2076 2570 parvulus

489 2578 611 2645 iste,
646 2581 736 2636 hic
763 2581 938 2652 major
969 2593 1052 2640 est
1081 2585 1136 2639 in
1164 2602 1332 2656 regno
1379 2588 1665 2644 caelorum.
1700 2609 1720 2642 ι
1756 2592 1934 2662 Atque
1960 2593 2077 2649 haec

488 2671 708 2742 quidem
741 2671 1026 2743 discipulis
1058 2676 1210 2730 utilia
1249 2677 1380 2742 sint,
1414 2693 1510 2734 eos
1541 2679 1950 2751 increpantibus
1979 2684 2075 2754 qui

488 2777 685 2831 pueros
713 2759 842 2816 Jcsu
872 2760 1125 2818 oﬂerunt.
1155 2762 1420 2830 Quamvis
1451 2773 1632 2820 autem
1665 2768 1857 2836 pueri,
1888 2779 2077 2839 utpote

488 2853 580 2923 qui
613 2854 764 2922 pueri
797 2854 924 2920 sint,
959 2870 1302 2926 quaecunque
1349 2856 1616 2913 dicuntur
1657 2859 1822 2931 663
1851 2861 2076 2918 minime

487 2946 765 3000 intellectu
799 2947 1060 3017 consequi
1087 2947 1319 3017 possint,
1353 2949 1528 3004 sciant
1569 2950 1646 3004 illi
1679 2949 1864 3006 Jesum
1893 2953 2076 3022 pueris

487 3037 710 3106 quidem
743 3053 936 3093 manus
969 3038 1320 3109 imposuisse,
1351 3051 1405 3094 at
1441 3057 1564 3096 cum
1614 3043 1965 3113 imposuisset
1996 3045 2076 3102 eis

490 3145 688 3186 manus
723 3131 926 3187 abiisse
959 3133 1103 3196 inde,
1127 3143 1180 3188 et
1202 3149 1298 3202 per
1319 3143 1630 3189 contactum
1663 3134 1842 3191 infusa
1866 3135 1918 3188 in
1945 3151 2076 3205 pue-

489 3239 580 3279 ros
604 3224 820 3288 virtute,
870 3239 897 3276 a
930 3227 1115 3294 pueris
1156 3225 1343 3283 Jesum
1374 3230 1518 3284 haud
1560 3231 1786 3299 perinde
1820 3241 1877 3286 ut
1904 3231 2076 3285 disci-

487 3317 602 3388 puli
642 3316 797 3386 sequi
833 3317 1162 3384 valentibus,
1199 3322 1517 3377 recessisse.
1565 3320 1846 3392 Siquidem
1893 3331 2075 3377 autem

495 3427 515 3461 ι
555 3410 773 3479 eloquia
805 3411 1018 3465 Domini
1052 3431 1071 3464 ι
1098 3423 1226 3467 sunt
1265 3422 1320 3468 et
1347 3415 1682 3483 evangelica,
1716 3425 1769 3470 et
1805 3433 1823 3467 ι
1858 3416 2077 3486 eloquia

488 3508 662 3564 casta,
713 3510 997 3570 argentum
1047 3501 1171 3572 igne
1205 3505 1602 3571 examinatum,
1645 3507 1959 3575 probatum,
2022 3507 2078 3560 in

490 3599 692 3645 terram
726 3593 980 3660 missum,
1012 3593 1251 3663 perfecte
1280 3607 1591 3667 purgatum,
1623 3607 1676 3653 et
1706 3599 1904 3668 septies
1935 3599 1980 3630 ³⁸
2006 3615 2022 3665 ;
2049 3616 2069 3650 ι

488 3700 558 3738 an
591 3683 772 3754 aliqua
805 3684 1030 3740 subesse
1055 3693 1234 3754 potest
1267 3703 1424 3757 :equa
1456 3689 1618 3752 ratio,
1650 3698 1870 3758 propter
1911 3705 2076 3760 quam

489 3785 810 3846 praesentem
868 3776 1152 3833 historiam
1209 3795 1444 3834 narrans
1495 3779 1807 3848 Matthzeus,
1861 3783 2076 3837 duabus

2183 602 2370 658 ρουσιν
2395 589 2556 642 αὑτά.
2593 591 2701 643 Καὶ
2755 593 2968 656 Παῦλος
3012 593 3069 646 δὲ
3125 595 3201 658 ὡς
3256 596 3620 666 ἐπιστάμενος
3677 596 3758 651 τ6”

2188 703 2207 735 ι
2241 684 2359 736 Τῶν
2385 684 2494 755 γὰρ
2514 685 2771 738 τοιούτων
2796 687 2944 741 ἐστὶν
2969 689 3002 758 ἡ
3029 682 3282 758 βασιλεία
3301 689 3413 742 τῶν
3435 689 3703 760 οὐρανῶν,
3736 710 3760 745 ι

2180 777 2474 846 δυνάμενος
2511 779 2568 830 ἐν
2608 777 2762 847 βάρει
2800 773 2960 844 εἶναι,
2999 779 3076 842 ὡς
3115 779 3354 850 Χριστοῦ
3405 780 3765 849 ’Δτ-υόστολος,

2185 870 2400 936 ἐγένετο
2439 869 2632 938 νήπιος
2671 869 2814 940 (20),
2853 871 2948 923 καὶ
2986 871 3370 942 παραπλήσιος
3405 875 3588 946 τροφῷ
3628 876 3766 930 θαλ-

2187 961 2362 1033 πούσῃ
2403 961 2462 1014 τὸ
2514 963 2711 1034 ἑαυτῆς
2757 964 3009 1029 παιδίον,
3050 965 3143 1017 καὶ
3188 965 3418 1038 λαλούσῃ
3454 966 3645 1037 λόγους
3683 970 3767 1033 ὡς

2187 1054 2397 1108 παιδίον
2433 1055 2518 1110 διὰ
2559 1055 2620 1108 τὸ
2658 1056 2888 1110 παιδίον.

2250 1305 2475 1359 Τούτων
2501 1305 2556 1358 δὲ
2579 1303 2854 1376 ἐπιμελῶς
2903 1302 3219 1366 ἀκουστέον,
3248 1303 3338 1357 ἵνα
3369 1303 3443 1374 μὴ
3492 1303 3769 1373 φαντασίᾳ

2182 1397 2392 1466 σοφίας,
2419 1397 2512 1450 καὶ
2543 1396 2635 1449 τοῦ
2685 1395 3086 1464 διαϐεϐηκέναι,
3110 1394 3540 1464 καταφρονῶμεν
3558 1393 3633 1457 ὡς
3678 1412 3770 1464 μευ

2179 1489 2331 1557 γάλοι
2357 1487 2466 1542 τῶν
2498 1490 2554 1542 ἐν
2588 1489 2652 1558 τῇ
2689 1487 2988 1558 Ἐκκλησία
3011 1484 3222 1556 μικρῶν
3253 1486 3348 1536 καὶ
3380 1483 3604 1536 παιδίων
3628 1483 3759 1552 (2|),

2179 1581 2293 1634 ἀλλ’
2336 1581 2536 1643 ειδότες
2583 1579 2700 1643 πῶς
2749 1579 2965 1649 εἴρηται
3009 1577 3090 1629 τό·
3145 1595 3161 1628 ι
3197 1578 3317 1630 Τῶν
3345 1576 3454 1649 γὰρ
3509 1576 3766 1629 τοιούτων

2181 1673 2328 1724 ἐστὶν
2359 1674 2392 1742 ή
2418 1671 2670 1742 βασιλεία
2709 1671 2824 1724 τῶν
2846 1669 3143 1742 ούρανῶν,ι
3184 1668 3417 1722 τοιοῦτοι
3455 1666 3764 1738 γενώμεθα,

2183 1767 2268 1820 ἵνα
2295 1767 2389 1820 καὶ
2418 1767 2484 1819 δι’
2505 1766 2665 1838 ἡμῶν
2694 1764 2933 1836 σώζηται
2955 1764 3024 1817 τὰ
3050 1764 3256 1816 παιδία.
3292 1763 3368 1817 Ού
3407 1761 3566 1834 μόνον
3587 1761 3643 1814 δὲ
3667 1763 3770 1815 οὐκ

2181 1859 2432 1929 ἀφιέντες
2464 1859 2531 1912 τὰ
2569 1859 2761 1912 παιδία
2806 1857 3214 1929 προσφέρεσθαι
3259 1855 3338 1926 τῷ
3405 1854 3602 1925 Ἰησοῦ,
3649 1856 3770 1909 οὐδὲ

2183 1951 2342 2020 μόνον
2373 1949 2445 2021 μὴ
2479 1949 2778 2012 κωλύοντες
2821 1947 2961 2002 αὐτὰ
2990 1945 3398 2019 προσφέρεσθαι
3434 1943 3604 2014 αύτῷ,
3633 1943 3770 1996 ἀλλὰ

2179 2042 2274 2094 καὶ
2299 2041 2452 2094 αὐτοὶ
2489 2039 2626 2110 μετὰ
2673 2038 2782 2091 τῶν
2842 2037 3074 2091 παιδίων
3120 2035 3404 2105 γενόμενοι
3447 2035 3656 2098 παιδία,
3708 2035 3771 2086 τδ

2181 2132 2430 2202 βούλημα
2457 2131 2549 2184 τοῦ
2571 2131 2821 2202 Σωτῆρος
2848 2131 3187 2201 ποιήσωμεν,
3217 2127 3650 2198 ἵνασωξομένων
3673 2128 3768 2180 καὶ

2177 2224 2244 2277 δι’
2273 2226 2424 2294 ἡμᾶς
2444 2222 2717 2285 τοιούτους
2757 2222 3086 2292 γενομένους
3118 2219 3227 2273 τῶν
3278 2219 3536 2283 παιδίων,
3569 2220 3645 2283 ῶς
3669 2238 3767 2274 τα-

2183 2315 2550 2378 πεινώσαντες
2583 2314 2826 2376 ἑαυτοὺς,
2859 2310 2964 2366 ὑπὸ
2996 2310 3088 2365 τοῦ
3141 2309 3276 2363 Θεοῦ
3320 2309 3644 2380 ὑψωθῶμενο
3677 2310 3768 2365 κὰ

2175 2407 2412 2461 τοιοῦτον
2439 2409 2547 2477 γάρ
2568 2425 2620 2460 τι
2649 2404 2908 2460 δύνασθαι
2929 2403 3040 2474 (22)
3066 2401 3306 2457 νοεῖσθαι
3330 2404 3410 2466 εἰς
3435 2400 3514 2454 τό·
3542 2421 3561 2453 ι
3600 2402 3765 2463 Πᾶςὸ

2176 2498 2446 2553 ταπεινῶν
2487 2497 2678 2552 ἐαυτὸν
2715 2496 3118 2566 ὑψωθήσεται,›
3159 2492 3394 2564 μάλιστα
3417 2494 3540 2547 ἐπεὶ
3565 2494 3622 2547 ἐν
3657 2495 3765 2550 τοῖς

2177 2590 2438 2662 ἀνωτέρω
2469 2589 2779 2660 γέγραπται
2809 2587 2888 2640 τό·
2920 2605 2938 2637 ι
2965 2587 3154 2650 Ὅστις
3171 2581 3263 2638 οῦν
3293 2583 3622 2638 ταπεινώσει
3652 2584 3775 2636 ἐαυρ

2178 2683 2289 2746 τὸν,
2329 2682 2406 2745 ὡς
2428 2680 2489 2733 τὸ
2522 2679 2738 2733 παιδίον
2771 2677 2952 2740 τοῦτο,
2988 2672 3141 2738 οὗτός
3168 2678 3318 2729 ἐστιν
3341 2676 3370 2728 ὁ
3395 2675 3598 2746 μείζων
3623 2675 3679 2726 ἐν
3703 2675 3768 2744 τῇ

2179 2774 2427 2846 βασιλείᾳ
2445 2771 2833 2842 τῶνόύρανῶν.
2849 2789 2867 2821 ι
2893 2771 3002 2822 Καὶ
3023 2768 3196 2822 ταῦτα
3236 2767 3334 2839 μὲν
3359 2768 3499 2821 ἔστω
3520 2766 3764 2838 χρήσιμα

2180 2866 2319 2938 πρὸς
2344 2867 2468 2928 τοὺς
2495 2863 2864 2933 ἐπιτιμῶντας
2901 2859 3147 2932 μαθητὰς
3199 2857 3426 2913 παιδίων
3463 2874 3778 2929 προσφερον

2182 2959 2359 3031 μένων
2390 2957 2466 3029 τῷ
2507 2955 2682 3028 Ἰησοῦ
2734 2958 2845 3019 τοῖς
2903 2951 3323 3024 προσφέρουσιν.
3387 2953 3547 3004 Ἰστω
3586 2951 3642 3002 δὲ
3693 2951 3769 3002 τὰν

2179 3051 2388 3115 παιδία,
2417 3049 2518 3103 κᾶν
2551 3049 2623 3120 μὴ
2653 3049 2839 3111 πᾶσιν,
2880 3047 2956 3109 ῶς
2982 3044 3184 3108 παιδία,
3217 3040 3638 3113 παρακολουθεῖν
3666 3039 3759 3092 δύο

2180 3161 2341 3215 νηται
2387 3146 2501 3207 τοῖς
2532 3141 2868 3212 λεγομένοις,
2908 3140 2989 3192 ὄτι
3012 3137 3239 3207 ἐπέθηκε
3263 3136 3357 3205 μὲν
3384 3135 3494 3198 τοῖς
3521 3132 3758 3196 παιδίοις

2181 3235 2211 3288 ὁ
2251 3231 2457 3304 Ἰησοῦς
2492 3231 2589 3294 τὰς
2616 3232 2825 3301 χεῖρας,
2879 3227 3091 3291 ἐπιθεὶς
3135 3227 3188 3279 δὲ
3218 3223 3486 3295 ἐπορεύθη
3527 3221 3762 3286 ἐκεῖθεν,

2181 3325 2277 3378 καὶ
2325 3323 2552 3394 δύναμιν
2602 3321 2823 3389 ἐναφεὶς
2870 3321 2981 3382 τοῖς
3041 3318 3272 3380 παιδίοις
3317 3316 3406 3369 διὰ
3464 3315 3563 3385 τῆς
3599 3313 3764 3384 ἁφῆς,

2183 3415 2456 3488 ἐπορεύθη
2490 3413 2599 3467 ἀπὸ
2631 3412 2739 3465 τῶν
2797 3411 3048 3474 παιδίων,
3087 3409 3161 3480 μὴ
3183 3407 3520 3478 δυνηθέντων
3568 3406 3768 3478 ὁμοίως

2181 3512 2296 3571 τοῖς
2321 3506 2588 3578 μαθηταῖς
2607 3503 2920 3558 ἀκολουθεῖν
2953 3500 3030 3572 τῷ
3075 3499 3274 3572 Ἰησοῦ.
3328 3500 3502 3571 Εἴπερ
3529 3499 3585 3552 δὲ
3623 3517 3640 3548 ι
3679 3496 3768 3550 λό-

2185 3618 2278 3669 για
2299 3600 2504 3672 Κυρίου
2536 3618 2553 3650 ι
2624 3597 2742 3650 ἐστὶ
2776 3598 2871 3649 καὶ
2916 3596 2986 3649 τὰ
3021 3593 3371 3662 εὐαγγελικὰ,
3405 3594 3499 3646 καὶ
3554 3610 3572 3642 ‹
3613 3591 3766 3660 λόγια

2182 3690 2342 3758 ἁγνὰ,
2377 3709 2395 3740 ι
2422 3688 2518 3741 καὶ
2558 3706 2574 3738 ι
2605 3685 2867 3757 ἀργύριον
2913 3683 3328 3755 πεπυρωμένον,
3359 3682 3626 3752 δοκίμιον,
3665 3683 3768 3734 ἀπ-

2182 3781 2513 3852 εσταλμένον
2540 3782 2606 3850 τῇ
2630 3782 2722 3849 γῇ,
2741 3797 2757 3828 ι
2782 3778 2877 3832 καὶ
2917 3797 2934 3827 ι
2970 3779 3154 3847 ἄκρως
3201 3775 3610 3846 κεκαθαρμένον
3635 3773 3764 3844 (25),

487 3869 708 3938 quidem
739 3869 804 3924 de
832 3871 1014 3926 causis
1046 3872 1263 3928 oblatos
1288 3871 1460 3928 fuisse
1491 3871 1622 3928 Jesu
1667 3890 1869 3942 pueros
1913 3876 2073 3941 dixit,

2183 3875 2275 3929 καὶ
2303 3872 2705 3935 ἐπταπλασίως,
2721 3892 2739 3923 ι
2773 3870 2976 3938 ὀφείλει
2999 3887 3083 3932 τις
3105 3864 3244 3922 εἶναι
3270 3868 3492 3937 εὕλογος
3517 3869 3682 3933 αἰτία,
3700 3869 3766 3921 δι’

489 3974 677 4013 verum
713 3975 833 4029 qua:
864 3973 1169 4031 sequuntur
1195 3962 1260 4018 ad
1298 3963 1543 4032 geminas
1574 3964 1694 4019 illas
1729 3981 1928 4021 causas
1970 3966 2076 4020 mi-

2183 3967 2248 4037 ἧν
2283 3965 2630 4036 ἐκτιθέμενος
2660 3963 2730 4016 τὰ
2782 3964 2922 4016 κατὰ
2951 3962 3040 4015 τὸν
3069 3961 3231 4016 τόπον
3287 3963 3314 4014 ὀ
3347 3960 3649 4026 Ματθαῖος,
3677 3959 3766 4013 δύο

490 4052 638 4108 nime
684 4054 907 4108 retulit?
963 4052 1082 4110 Non
1126 4055 1271 4109 enim
1333 4064 1621 4126 propterea
1673 4059 1850 4112 solum
1911 4059 2076 4114 oblati

2194 4058 2292 4130 μὲν
2326 4054 2447 4110 εἷπε
2479 4056 2547 4110 τὰ
2582 4055 2896 4128 βουλήματα
2943 4053 3038 4108 τοῦ
3086 4053 3514 4126 προσενηνέχθαι
3547 4053 3625 4124 τῷ
3669 4054 3767 4122 ’1η-

1699 4171 1931 4230 VETUS
1972 4170 2570 4230 INTERPRETATIO.

492 4265 740 4345 viderant
761 4265 813 4345 i_n
827 4265 1064 4345 Oriente.
1105 4266 1605 4345 pi-zecedebat_eos,_
1627 4266 1800 4320 donec
1833 4283 2074 4345 VCIHCIIS_
2089 4270 2234 4345 stetit
2258 4270 2347 4323 ubi
2372 4276 2491 4324 erat
2523 4282 2675 4335 puer.
2717 4286 2735 4318 ι
2768 4265 2886 4320 Νοη
2911 4265 3087 4318 solum
3121 4262 3428 4345 hlattlireus,
3475 4263 3568 4317 sed
3603 4262 3759 4345 etiam

491 4339 609 4404 ipse
635 4339 857 4412 angelus
889 4337 980 4404 qui
1013 4331 1256 4405 apparuit
1284 4335 1503 4406 Joseph,
1538 4337 1698 4412 talem
1720 4346 1773 4390 et
1795 4346 2008 4412 tantum
2043 4338 2380 4412 Sal_vatorem
2417 4331 2695 4412 nostrum,
2725 4352 2952 4405 puerum
2978 4334 3290 4412 appellavit,
3316 4334 3505 4387 dicens
3536 4351 3600 4412 τ’(
3628 4331 3758 4386 Sur-

491 4403 626 4476 gens
673 4403 860 4486 accipe
907 4403 1134 4486 puerum
1171 4416 1224 4459 et
1278 4403 1505 4486 matrem
1536 4407 1675 4486 ejus,
1710 4416 1763 4460 et
1811 4409 1946 4462 vade
1997 4409 2051 4461 in
2088 4406 2406 4486 {Egyptunu
2445 4427 2462 4460 ›
2498 4403 2804 4486 lin-miliens
2836 4422 2964 4486 ergo
2998 4403 3059 4459 se
3091 4403 3266 4459 factus
3314 4412 3398 4486 est
3425 4403 3584 4470 quasi
3610 4417 3750 4470 puer,

491 4473 638 4552 recte
659 4473 814 4552 dicat
846 4495 858 4529 :
893 4473 915 4526 ι
950 4475 1147 4552 Sinite,
1181 4483 1235 4529 et
1277 4477 1444 4552 nolite
1469 4477 1758 4552 prohibere
1787 4493 1986 4548 pueros
2011 4473 2416 4552 venire-adnue
2447 4494 2460 4530 :
2502 4477 2692 4552 talium
2727 4487 2811 4530 est
2837 4473 2980 4552 enim
3015 4490 3242 4552 regnum
3277 4473 3565 4552 caelorum.
3603 4491 3622 4524 ›
3668 4541 3679 4552 .
3719 4541 3729 4551 _

562 4547 614 4622 _8.
655 4545 782 4622 llaec
810 4561 940 4615 ergo
972 4545 1233 4602 debemus
1266 4541 1551 4622 diligenter
1578 4541 2043 4622 attende're_ut_ne‘
2058 4549 2424 4622 aestimatione
2450 4548 2737 4622 sapientia}
2769 4541 3170 4622 excellentioris
3204 4555 3259 4622 et
3283 4541 3557 4622 profectus
3603 4541 3746 4622 spiri-

488 4618 699 4672 talioris
737 4612 1152 4691 contemnamus
1179 4612 1553 4691 quasim'magni
1587 4617 1815 4691 pusillos
1838 4617 2153 4691 Ecclesia};
2186 4619 2280 4674 sed
2314 4612 2552 4691 scientes
2583 4617 2728 4685 quod
2757 4615 2963 4669 dictum
3006 4624 3128 4670 est:
3167 4633 3193 4691 ι⁵
3218 4612 3428 4666 Talium
3482 4621 3586 4691 est_
3615 4612 3759 4691 enim

493 4703 718 4756 regnum
755 4687 1041 4764 caelorum,
1071 4703 1090 4736 ι
1131 4681 1266 4764 tales
1292 4681 1610 4764 eiliciafnur—2
1655 4695 1708 4764 u_l
1735 4689 1899 4741 etiam
1931 4689 2338 4764 par_vuli_sen_su
2370 4681 2646 4764 salventur
2671 4701 2900 4764 per__nos
2929 4701 2940 4736 :
2974 4701 3082 4764 non
3115 4685 3291 4764 solum
3324 4699 3430 4764 non
3471 4681 3760 4764 prohiben-

491 4751 792 4833 tespuel'os
823 4758 890 4811 ad
937 4754 1124 4833 Jesum
1151 4756 1248 4818 ire,
1277 4755 1372 4833 sed
1399 4756 1561 4833 etiam
1596 4755 1698 4823 ipsi
1741 4771 1864 4812 cum
1899 4751 2084 4833 pueris
2109 4759 2284 4833 eﬂ'ecti
2311 4759 2493 4833 pueri,
2525 4751 2916 4833 in_humilitat_e
2947 4756 3282 4833 voluntatem
3335 4751 3563 4833 Domini.
3585 4752 3760 4805 adim-

491 4823 756 4907 plcamus,
798 4837 858 4881 ut
880 4827 1184 4908 exaltemur
1213 4823 1406 4907 a.Deo.
1441 4823 1587 4906 Scito
1612 4834 1792 4907 autem
1831 4823 2092 4908 quoniam
2124 4830 2278 4908 pueri
2311 4823 2650 4908 huiusmodi,
2682 4825 3091 4908 quanwisunon
3117 4825 3310 4908 _omnia
3354 4838 3484 4908 quae
3512 4823 3766 4908 dicuntur

492 4896 648 4960 senui
671 4909 900 4974 possunt
929 4897 1086 4974 quasi
1121 4896 1298 4966 pueri,
1330 4904 1508 4974 tamen
1543 4895 1804 4974 imposuit
1833 4895 1913 4974 eis
1935 4895 2140 4974 manus
2164 4898 2344 4974 Jesus.
2386 4898 2606 4953 Ponens
2629 4905 2842 4974 __autem
2871 4895 3185 4974 ab_iit_iride,
3221 4903 3276 4947 et
3317 4895 3570 4974 virtutem
3603 4895 3767 4974 reiin:

536 4964 680 5038 uens
702 4967 755 5038 in
792 4964 994 5035 pueris,
1023 4964 1497 5038 periactumahiit
1521 4980 1550 5018 a
1575 4967 1779 5034 pueris,
1804 4967 2059 5038 videlicet
2087 4970 2271 5038 pueris
2303 4985 2410 5022 non
2442 4965 2767 5038 potentibus
2795 4967 2946 5034 sequi
2986 4964 3293 5028 Christum,
3334 4964 3480 5016 sicut
3503 4970 3558 5016 et
3585 4964 3765 5016 caeteri

536 4981 668 5019 uens
702 4983 755 5019 In
792 4983 994 5035 pueris,
1023 4981 1120 5034 per
1153 4981 1333 5020 actum
1364 4981 1497 5019 aunt
1521 4981 1550 5018 a
1575 4981 1779 5034 pueris,
1804 4981 2059 5022 vruencet
2087 4985 2271 5038 pueris
2303 4985 2410 5022 non
2442 4981 2752 5036 patentibus
2795 4981 2946 5034 sequ:
2986 4981 3293 5028 uiriswm,
3334 4981 3480 5016 sicut
3503 4981 3558 5016 et
3585 4981 3765 5016 cwtcr!

493 4981 747 5116 ﬂiscipuli
776 5037 895 5105 ejus
921 5035 1166 5116 perfecti.
1202 5036 1482 5116 Siquidem
1510 5045 1703 5116 autem
1729 5056 1760 5116 ς.
1783 5037 1999 5108 eloquia
2028 5039 2242 5116 Domini
2280 5059 2298 5091 ι
2333 5037 2640 5116 evangelica
2668 5054 2695 5116 ι.
2720 5035 2937 5116 eloquia
2965 5055 2984 5116 ξ
3011 5043 3139 5088 sunt
3170 5053 3187 5084 ι
3217 5045 3386 5116 casta,
3398 5052 3428 5116 ι.
3445 5041 3496 5086 et
3525 5050 3543 5083 ι
3575 5046 3767 5116 argen-

493 5115 609 5161 tum
636 5102 758 5175 igue
781 5102 1172 5177 examinatum,
1205 5102 1488 5177 argentum
1513 5107 1819 5176 probabile,
1856 5102 2244 5164 transmissum
2276 5119 2433 5164 terra:
2455 5102 2502 5172 ,⁷
2520 5115 2581 5177 et
2613 5105 2769 5159 valde
2818 5102 3165 5169 inundamur,
3199 5112 3265 5177 ‘et
3295 5103 3496 5177 septies
3529 5102 3762 5177 munda-

493 5189 609 5234 tum
641 5171 718 5242 ξ»
757 5177 876 5232 sine
899 5175 1064 5231 dubio
1089 5177 1246 5232 debet
1270 5171 1390 5232 ésse
1437 5171 1621 5247 aliqua
1653 5171 1846 5233 idonea
1881 5195 2052 5235 causa
2077 5189 2300 5250 propter
2325 5171 2491 5250 quam
2538 5176 2826 5231 Matthqu
2863 5189 3147 5246 exponens
3198 5171 3593 5242 hunc’locum,
3625 5171 3761 5225 duas

565 5344 606 5376 θ’
640 5345 660 5397 Ι
694 5341 889 5398 Thess.
920 5359 982 5410 ιι,
1009 5342 1062 5396 7.
1139 5345 1186 5376 "
1216 5343 1407 5399 Matth.
1441 5360 1558 5412 xix,
1595 5343 1680 5402 l4.
1751 5345 1798 5377 ⁹³
1823 5343 1957 5401 Luc.
1987 5362 2076 5400 xw

2183 5348 2216 5401 Ι.
2295 5344 2341 5380 ⁸⁵
2369 5343 2562 5399 Matth.
2599 5357 2756 5408 xvm,
2794 5341 2848 5394 4.
2923 5340 2968 5372 ⁸⁸
3003 5337 3148 5393 Psal.
3181 5354 3258 5403 ιιι,
3289 5338 3344 5392 7.

2252 5490 2362 5559 (9.1)
2393 5487 2634 5556 Μικρῶν
2661 5485 2760 5538 καὶ
2789 5483 3059 5536 παιδίων.
3094 5481 3152 5535 In
3185 5481 3374 5535 codice
3415 5477 3587 5548 Regio
3616 5475 3760 5533 deest

2182 5562 2365 5696 καίέὶὲ)
2396 5630 2715 5682 Δύνασθαι.
2749 5625 2887 5695 Lege
2909 5623 3164 5696 δύναται.

2257 5687 2367 5772 ζὲὖ)
2391 5701 2571 5756 Codex
2608 5687 3103 5766 chiusfo’zxpzﬁég
3137 5687 3622 5762 κεκαθαρισμένον.

567 5490 678 5559 (‘20)
721 5491 983 5559 Ἐγένετο
1017 5489 1252 5556 νήπιος.
1285 5489 1521 5544 lThess.
1557 5505 1630 5555 ιι,
1658 5489 1690 5541 7
1723 5507 1736 5544 :
1781 5489 1920 5542 Ἀλλ’
1952 5489 2072 5557 ἐγε-

567 5510 678 5559 (ZU)
727 5510 769 5542 νη
816 5510 983 5544 ενετο
1017 5510 1252 5556 νηπιος.
1287 5510 1303 5544 ι
1341 5510 1521 5544 llleSS.
1557 5510 1630 5555 ll,
1669 5510 1684 5541 Ι
1723 5510 1736 5544 Ξ
1797 5510 1916 5542 ΑΛΛ⁷
1952 5510 2070 5557 εγε-

495 5562 735 5632 νήθημεν
772 5510 942 5632 {mou
988 5560 1065 5632 ita
1106 5561 1299 5631 Syrus,
1331 5570 1385 5632 et
1417 5561 1632 5632 Arabs:
1673 5561 1855 5629 aliqua
1889 5570 2070 5613 tamen

496 5630 826 5700 ctetnplaria
875 5630 1516 5700 ρκιιίὺθιιιέγενήθημεν
1549 5631 1758 5700 νήπιοι,
1789 5645 2073 5699 perperam

495 5699 774 5772 duplicato
806 5719 852 5752 ν.
888 5701 978 5755 Sic
1017 5702 1201 5772 legunt
1248 5699 1503 5770 Aithiups
1557 5699 1824 5771 interpres
1869 5711 1922 5756 ct
1958 5701 2076 5754 vul-

499 5777 679 5839 gatus.
718 5767 981 5834 llvsnus,
