4032 6308
272 370 441 427 12ἷῖ
1282 362 1636 423 COMMENT.
1676 364 1742 422 lN
1772 367 1894 423 MA'I

1998 368 2195 427 UEUM
2228 366 2468 428 TOMUS
2494 366 2612 425 XV.
3448 366 3594 425 1278

272 489 388 543 σοῦ
416 490 502 545 τὰ
545 489 752 556 παιδία,
775 486 961 542 οὐκέτι
984 486 1042 540 δὲ
1065 486 1201 557 πρὸς
1226 484 1295 540 τὰ
1327 486 1421 541 δύο
1450 487 1519 541 τὰ
1556 487 1685 558 ἑξῆς
1713 487 1894 558 ἐπιφέ-

2007 496 2134 544 sunt
2157 490 2334 560 pueri,
2388 497 2448 544 ut
2473 503 2670 544 manus
2723 486 2856 556 ipsis
2910 483 3071 543 Iesus
3122 486 3446 559 imponeret,
3497 488 3589 542 sed

275 598 414 654 ρει;
452 581 885 656 Προσενηνέχθη
935 580 1036 651 μὲν
1081 581 1193 653 γὰρ
1223 580 1292 634 τὰ
1342 582 1532 638 παιδία
1564 582 1696 654 (24),
1726 583 1894 637 οὐκέτι

2012 588 2273 651 praeterea
2302 578 2465 634 etiam
2496 586 2555 633 ut
2583 592 2679 648 pro
2704 576 2812 632 illis
2836 586 3040 631 oraret.

271 674 378 728 ἵνα
402 677 597 747 μόνον
623 675 724 739 τὰς
771 676 962 746 χεῖρας
1014 673 1198 739 αὐτοῖς
1229 673 1395 747 ἐπιθῇ
1443 677 1473 729 ὁ
1517 675 1747 748 Ἰησοῦς,
1775 676 1911 731 ἀλλὰ

270 766 439 840 πρὸς
469 767 657 838 τούτῳ
686 767 773 821 ἵνα
796 767 893 820 καὶ
917 764 1305 839 προσεύξηται.

354 860 706 931 Γέγραπται
742 858 821 925 δὲ,
856 860 962 924 ὅτι,
1002 878 1021 911 ι
1063 859 1160 913 καὶ
1193 859 1406 925 ἐπιθεὶς
1448 859 1545 926 τὰς
1582 863 1772 934 χεῖρας
1808 864 1908 917 αύο

270 953 432 1017 τοῖς,
475 951 769 1024 ἐπορεύθη
799 949 1029 1004 ἐκεῖθενο
1077 969 1095 1002 ι
1133 951 1195 1004 οὐ
1242 949 1352 1021 γὰρ
1385 951 1716 1023 προσέθηκε,
1752 971 1771 1002 ι
1813 952 1908 1006 καὶ

270 1044 761 1116 προσευξάμενος
784 1060 798 1074 ο
835 1062 855 1095 ι
883 1041 1113 1112 ἠδύνατο
1132 1041 1240 1115 γὰρ
1263 1041 1530 1113 λελέχθαι·
1563 1044 1674 1098 Καὶ
1697 1043 1907 1108 ἐπιθεὶς

269 1134 392 1200 τὰς
469 1140 673 1210 χεῖρας
728 1137 824 1191 καὶ
876 1134 1319 1209 προσευξάμενος
1363 1135 1567 1201 αὐτοῖς,
1634 1136 1904 1209 ἐπορεύθη

273 1227 551 1285 ἐκεῖθεν.
591 1230 736 1303 Ὅρα
772 1223 868 1284 οὖν
901 1231 950 1283 εἰ
978 1227 1203 1283 δύνασαι
1240 1226 1450 1299 μείζοσι
1486 1228 1585 1300 μὲν
1617 1227 1728 1281 τῶν
1774 1245 1904 1282 παι-

270 1318 426 1374 δίων
463 1323 666 1392 τηρεῖν
710 1321 810 1392 τὴν
842 1321 1153 1393 προσευχὴν
1197 1319 1291 1373 τοῦ
1348 1320 1544 1391 Ἰησοῦ,
1585 1320 1905 1392 δυναμένοις

272 1412 565 1484 χωρῆσαι
594 1412 690 1467 καὶ
716 1413 816 1483 τὴν
849 1411 1092 1466 ἐπίθεσιν
1118 1409 1229 1464 τῶν
1270 1410 1473 1482 χειρῶν
1501 1411 1667 1466 αὐτοῦ
1695 1412 1781 1465 ἐπ’
1807 1412 1905 1466 αύ-

271 1504 451 1567 τοὺς,
488 1505 590 1558 καὶ
622 1503 718 1576 τὴν
751 1504 879 1576 περὶ
916 1502 1095 1558 αὐτῶν
1127 1502 1264 1575 πρὸς
1300 1503 1394 1558 τὸν
1437 1504 1661 1576 Πατέρα
1707 1505 1897 1577 εὐχήν·

246 1586 412 1659 τοῖς
447 1595 515 1649 δὲ
548 1596 784 1660 παιδίοις
811 1596 1002 1667 ἀρκεῖν
1036 1594 1218 1663 λέγειν
1250 1595 1348 1666 τὴν
1375 1594 1621 1649 ἐπίθεσιν
1651 1595 1760 1650 τῶν
1791 1613 1894 1667 χει-

2003 1602 2132 1642 vero
2163 1588 2399 1658 quod-ad
2431 1604 2493 1643 ea
2518 1589 2751 1659 pertinet
2776 1590 2824 1622 ³⁷
2859 1608 2871 1642 :
2912 1607 2930 1641 ι
2973 1588 3188 1644 Talium
3217 1600 3301 1645 est
3329 1591 3473 1644 enim
3505 1607 3591 1646 re-

280 1685 410 1758 ρῶν
442 1686 643 1741 αὐτοῦ.
678 1689 772 1752 Είς
804 1687 860 1741 δὲ
891 1687 959 1741 τὰ
993 1685 1360 1758 ἀποδεδομένα
1400 1689 1530 1760 περὶ
1564 1687 1657 1742 τοῦ
1677 1705 1692 1719 ·
1721 1706 1741 1739 ι
1779 1687 1894 1742 Τῶν

2003 1694 2169 1749 gnum
2211 1681 2474 1736 cmlorum
2499 1723 2513 1748 ,
2564 1699 2584 1733 ι
2619 1696 2742 1751 qua;
2768 1681 2854 1736 vel
2895 1680 3361 1751 sapientissimum
3393 1683 3591 1737 adhor-

276 1777 406 1851 γὰρ
453 1779 720 1833 τοιούτων
744 1778 949 1851 ἐστὶνή
980 1779 1227 1851 βασιλεία
1267 1780 1375 1835 τῶν
1405 1779 1672 1855 οὐρανῶν,
1703 1797 1722 1832 ι
1761 1797 1894 1853 προ-

2001 1780 2208 1838 tantur,
2235 1781 2293 1829 ut
2323 1775 2416 1843 qui
2451 1773 2506 1828 in
2536 1773 2778 1830 Ecclesia
2805 1775 2957 1844 parvi
2991 1782 3120 1829 sunt
3153 1774 3378 1829 minime
3407 1775 3591 1843 despi-

2007 1863 2107 1885 ,,,.
2168 1878 2264 1885 μ,
2300 1865 2556 1885 ___-___.--
2589 1871 2635 1885 _.
2667 1864 2712 1885 ε--
2746 1864 2961 1885 μω-.-
2990 1864 3224 1885 ,με-η.--
3261 1872 3564 1885 --μω-,ι

276 1868 629 1940 τρεπόμενα
663 1871 757 1923 καὶ
786 1870 877 1924 τὸν
919 1870 1227 1940 σοφώτατον
1267 1872 1341 1944 μὴ
1373 1872 1744 1946 ύπερηφανεῖν
1773 1873 1894 1936 τοὺς

2002 1863 2132 1931 ciat,
2167 1878 2268 1918 nec
2299 1865 2558 1934 puerulos
2584 1871 2638 1919 et
2666 1864 2719 1918 in
2745 1864 2966 1919 Christo
2990 1864 3226 1919 infantes
3255 1872 3588 1933 contemnat,

281 1959 352 2014 ἐν
406 1963 485 2033 τῇ
545 1962 845 2034 Ἐκκλησία
893 1964 1143 2036 μικροὺς,
1199 1964 1334 2036 μηδὲ
1376 1967 1736 2038 καταφρονεῖν
1792 1965 1894 2020 τῶν

2005 1955 2137 2010 utile
2179 1954 2346 2011 fuerit
2394 1956 2447 2010 id
2493 1971 2559 2009 ex
2613 1955 2907 2027 Evangelio
2955 1958 3115 2012 Luca:
3169 1956 3585 2026 depromere“:

289 2049 554 2107 παιδίων
594 2054 690 2108 καὶ
722 2054 933 2126 νηπίων
967 2057 1025 2109 ἐν
1056 2055 1298 2126 Χριστῷ,
1345 2056 1613 2127 χρήσιμον
1651 2053 1894 2127 παραλα-

2009 2064 2029 2097 ι
2047 2044 2218 2099 Amen
2242 2045 2365 2102 dico
2393 2045 2569 2111 vobis,
2590 2048 2903 2117 quicunque
2935 2062 3040 2101 non
3072 2047 3586 2117 acceperitregnum

285 2144 418 2199 δεῖν
450 2145 568 2200 ἀπὸ
597 2144 691 2199 τοῦ
729 2146 873 2200 κατὰ
902 2147 1118 2200 Λουκᾶν
1157 2145 1219 2200 τό
1237 2162 1257 2199 ⁸,
1294 2164 1314 2198 ι
1364 2147 1540 2218 Ἀμὴν
1576 2146 1721 2214 λέγω
1748 2147 1894 2217 ὑμῖν,

2003 2136 2120 2202 Dei,
2142 2137 2472 2207 sicutpuer,
2516 2156 2535 2190 ι
2574 2138 2668 2209 qui
2701 2153 2838 2208 puer
2865 2139 3084 2209 quidem
3116 2155 3223 2195 non
3253 2149 3356 2205 est,
3379 2139 3473 2195 sed
3504 2143 3589 2195 vir

284 2237 355 2302 ὃς
386 2236 497 2293 ἐὰν
544 2237 619 2310 μὴ
648 2237 868 2309 δέξηται
898 2236 1001 2310 τὴν
1044 2236 1323 2307 βασιλείαν
1351 2237 1445 2291 τοῦ
1478 2236 1615 2291 Θεοῦ
1641 2237 1718 2301 ὡς
1771 2254 1894 2292 παι-

2002 2230 2095 2301 qui
2126 2229 2353 2300 puerilia
2387 2230 2643 2298 abolevit,
2663 2246 2797 2300 puer
2822 2231 3007 2300 pueris
3028 2230 3287 2299 factus”,
3305 2241 3359 2288 et
3377 2233 3485 2287 illis
3501 2232 3588 2287 di-

284 2326 441 2392 δίον,
474 2345 497 2381 ι
520 2328 551 2380 δ
571 2328 632 2382 οὐ
654 2328 865 2382 παιδίον
901 2327 1000 2400 μὲν
1025 2326 1123 2396 ὢν,
1153 2326 1290 2382 ἀλλὰ
1317 2326 1457 2399 ἀνὴρ
1480 2326 1549 2381 τὰ
1573 2326 1668 2381 τοῦ
1698 2329 1895 2400 νηπίου

285 2418 688 2491 καταργήσας,
722 2417 1007 2488 γινόμενος
1036 2416 1093 2471 δὲ
1124 2419 1238 2481 τοῖς
1272 2413 1507 2480 παιδίοις
1535 2416 1770 2483 παιδίον,
1801 2417 1898 2471 καὶ

282 2507 485 2578 λέγων
509 2510 692 2575 αὐτοῖς
710 2525 724 2541 ·
755 2528 775 2562 ι
805 2509 919 2563 οὐκ
937 2507 1214 2581 ἠδυνήθην
1234 2507 1364 2580 ὑμῖν
1388 2507 1619 2579 λαλῆσαι
1640 2507 1718 2572 ὼς
1743 2525 1901 2562 πνευ-

276 2605 587 2670 ματικοῖς,
615 2600 730 2656 ἀλλ’
760 2600 838 2666 ὡς
868 2600 1168 2672 σαρκίνοις,
1204 2600 1281 2663 ὡς
1309 2600 1526 2671 νηπίοις
1558 2599 1617 2653 ὲν
1648 2597 1893 2672 Χριστῷ,

272 2690 434 2760 γάλα
494 2694 639 2764 ὑμᾶς
670 2693 919 2758 ἐπότισα,
943 2692 1004 2747 οὐ
1050 2685 1319 2766 βρῶμα.)
1359 2692 1493 2765 Ὅλη
1522 2692 1655 2763 γοῦν
1684 2697 1718 2767 ἡ
1760 2693 1899 2766 σύμ-

270 2799 440 2853 φρασ
469 2801 517 2849 ις
543 2783 653 2857 (25)
676 2784 769 2839 τοῦ
795 2784 938 2839 κατὰ
955 2786 1173 2840 Λουκᾶν
1203 2785 1425 2858 τοιαύτη
1455 2785 1624 2840 ἐστίν·
1661 2806 1687 2838 ι
1713 2787 1897 2859 Προσο

274 2874 510 2946 έφερςιν
554 2874 612 2930 δὲ
643 2876 793 2947 αὐτῷ
836 2876 933 2932 καὶ
965 2876 1139 2950 βρέφη
1161 2919 1177 2943 ,
1211 2877 1300 2932 ἵνα
1340 2876 1519 2933 αὐτῶν
1553 2877 1791 2950 ἅπτηται
1815 2917 1830 2943 ,
1870 2897 1889 2930 ι

273 2966 380 3020 καὶ
413 2967 507 3023 τὰ
529 2967 676 3039 ἑξῆς,
706 2968 810 3033 ἕως
832 2967 949 3022 τοῦ*
984 2987 1003 3020 ι
1039 2971 1136 3034 Ὃς
1156 2967 1251 3023 ἐὰν
1279 2967 1354 3042 μὴ
1374 2969 1592 3040 δέξηται
1611 2969 1712 3041 τὴν
1734 2968 1892 3040 βασι-

271 3057 458 3110 λείαν
487 3057 580 3111 τοῦ
604 3058 739 3112 Θεοῦ
761 3058 836 3123 ὼς
864 3058 1169 3124 παιδίον,οὐ
1197 3059 1273 3131 μὴ
1292 3059 1506 3132 εἰσέλθῃ
1528 3061 1608 3125 είς
1635 3061 1826 3133 αὐτήν.
1865 3080 1886 3113 ι

282 3147 498 3219 Σχεδὸν
529 3148 587 3202 δὲ
619 3151 741 3212 ταῖς
770 3149 962 3213 αὐταῖς
992 3149 1172 3241 λέξεσι
1202 3150 1296 3203 καλ⁴
1335 3151 1364 3204 ὁ
1395 3150 1623 3223 Μάρκος
1656 3151 1892 3223 μάλιστα
1916 3182 1960 3241 C

291 3241 367 3296 τὰ
394 3240 678 3295 τελευταῖα
706 3240 971 3306 ὡσαύτως
995 3229 1231 3307 ἐξέθετο.

2080 861 2134 916 9.
2171 861 2239 916 At
2263 861 2525 931 scriptum
2553 868 2640 916 est
2666 860 2732 927 '°,
2772 877 2792 911 ι
2825 859 2962 915 Cum
2987 858 3341 929 imposuisset
3366 859 3447 916 eis
3469 875 3582 915 ma-

2008 966 2147 1017 nus,
2175 953 2374 1009 abiisse
2400 953 2578 1017 inde”
2618 967 2718 1007 nec
2734 952 2878 1006 enim
2911 951 3137 1018 addidit,
3173 970 3192 1002 ο
3221 959 3272 1005 et
3294 967 3414 1007 cum
3436 967 3590 1007 oras-

2008 1051 2122 1109 set;
2144 1062 2164 1096 ι
2205 1053 2415 1114 poterat
2447 1045 2592 1100 enim
2617 1043 2799 1099 dicere
2835 1061 2849 1098 :
2888 1041 2955 1095 Et
2984 1058 3107 1097 cum
3134 1042 3483 1112 imposuisset
3509 1044 3589 1099 eis

2006 1147 2225 1201 manus,
2259 1145 2313 1190 et
2341 1143 2571 1201 orasset,
2598 1134 2732 1189 abiit
2766 1134 2909 1188 inde.
2944 1133 3077 1187 Vide
3103 1148 3232 1204 ergo
3265 1149 3395 1187 num
3427 1149 3592 1204 grau-

2005 1223 2251 1281 dioribus
2272 1227 2475 1295 pueris,
2500 1227 2592 1296 qui
2622 1235 2676 1280 et
2701 1241 2961 1280 manuum
2996 1224 3170 1296 ipsius
3203 1225 3587 1295 impositionis,

2005 1323 2060 1369 et
2082 1328 2303 1382 precum
2331 1330 2430 1387 pro
2466 1332 2525 1372 se
2564 1316 2632 1371 ad
2664 1315 2878 1370 Patrem
2914 1316 3159 1372 fusarum
3203 1331 3431 1387 capaces
3459 1318 3587 1384 sint,

2005 1404 2308 1459 orationem
2351 1404 2478 1461 Jesu
2511 1421 2793 1462 reservare
2819 1423 2833 1471 ;
2859 1407 3132 1475 'puerulis
3172 1422 3303 1462 vero
3346 1407 3591 1463 suilicere

2004 1495 2487 1567 manuum'ipsius
2536 1498 2939 1567 impositionem
2996 1498 3179 1553 dicere
3227 1514 3416 1569 queas.
3467 1497 3588 1554 Jam

2002 2336 2133 2378 cens
2164 2322 2180 2353 ¹
2207 2340 2220 2376 :
2257 2340 2277 2374 ι
2306 2320 2426 2376 Non
2449 2323 2602 2392 potui
2631 2323 2786 2377 vobis
2813 2323 2962 2393 loqui
2993 2324 3149 2394 quasi
3184 2324 3583 2395 spirituaiibus,

2003 2410 2100 2466 sed
2132 2411 2294 2481 quasi
2321 2411 2666 2480 carnalibus,
2700 2422 2957 2483 tanquam
2988 2413 3231 2483 parvulis
3258 2413 3311 2467 in
3341 2412 3582 2480 Christo,

2002 2502 2088 2558 lac
2112 2502 2267 2559 vobis
2297 2511 2483 2573 potum
2513 2502 2659 2571 dedi,
2705 2518 2812 2559 non
2839 2518 3045 2560 escam.
3086 2522 3106 2557 ι
3144 2503 3314 2560 Totus
3334 2518 3465 2575 ergo
3495 2503 3586 2559 ille

2001 2594 2156 2650 locus
2205 2594 2291 2651 his
2334 2594 2478 2665 apud
2516 2592 2722 2650 Lucam
2769 2597 3080 2651 continetur
3111 2598 3132 2629 ³
3164 2615 3178 2651 :
3218 2615 3237 2649 ι
3278 2596 3587 2652 Aﬂ’erebaut

1980 2688 2184 2741 autem
2216 2684 2284 2740 ad
2312 2684 2466 2740 illum
2486 2693 2541 2741 et
2567 2685 2825 2753 infantes,
2850 2694 2912 2741 ut
2941 2702 3035 2743 eos
3064 2696 3326 2760 tangeret,
3371 2708 3389 2742 ι
3421 2688 3589 2762 664

2000 2786 2056 2833 et
2081 2783 2297 2844 caetera,
2335 2762 2511 2848 usque
2538 2776 2605 2833 ad
2646 2777 2698 2833 id
2727 2777 2749 2809 ³
2776 2791 2793 2832 :
2829 2797 2848 2830 ι
2881 2777 3202 2848 Quicunque
3234 2794 3338 2833 non
3362 2794 3588 2849 accepe-

1999 2867 2072 2923 rit
2099 2880 2326 2937 regnum
2356 2864 2452 2921 Dei
2489 2866 2633 2922 sicut
2660 2881 2814 2937 puer,
2851 2881 2960 2921 non
3010 2866 3235 2922 intrabit
3276 2867 3330 2921 in
3365 2866 3517 2921 illud.
3555 2883 3578 2920 ι

1999 2958 2061 3012 1n
2100 2956 2295 3012 iisdem
2327 2962 2510 3011 autem
2554 2957 2949 3028 propemodum
2985 2956 3186 3024 verbis,
3220 2966 3274 3013 et
3315 2957 3580 3028 posterio-

1997 3062 2113 3105 rem
2139 3047 2484 3120 potissimum
2516 3058 2724 3120 partem
2758 3048 2976 3107 Marcus
3005 3051 3274 3121 exposuit.

294 3352 445 3424 Περὶ
472 3354 585 3427 τοῦ
608 3353 1108 3427 ἐπερωτήσαντα
1130 3355 1438 3427 πλουσίου
1468 3356 1595 3427 τὸν,
1619 3359 1885 3427 Ἰησοῦν,
1967 3394 1973 3404 ε

320 3427 425 3482 καὶ
453 3424 746 3492 είπόντος·
778 3445 797 3477 ι
858 3424 1197 3480 Διδάσκαλε
1226 3424 1430 3496 ἀγαθὲ,
1468 3445 1488 3479 ι
1518 3426 1615 3481 καὶ
1638 3424 1707 3483 τὰ
1733 3424 1880 3504 ἑξῆς.

374 3537 397 3571 ‹
422 3519 538 3574 Καὶ
578 3518 686 3573 ἰδοὺ
729 3513 810 3583 εἷς
846 3516 1164 3590 προσελθὼν
1189 3512 1342 3571 εἶπεν
1370 3517 1538 3589 αύτῷ·
1569 3520 1887 3587 Διδάσκαλε,

288 3610 346 3665 τί
373 3609 584 3681 ἀγαθὸν
603 3610 812 3681 ποιήσω
828 3610 918 3664 ἵνα
943 3608 1056 3681 σχῶ
1072 3609 1216 3680 ζωὴν
1241 3608 1459 3664 αἰώνιον
1486 3608 1620 3681 (26);
1662 3629 1681 3663 ι
1708 3613 1803 3666 καὶ
1820 3613 1890 3667 τὰ

2139 3361 2217 3417 De
2253 3362 2532 3435 dirit_e_qui
2558 3363 2899 3435 interrogavit
2929 3362 3133 3430 Iesum,
3170 3371 3220 3418 et
3247 3359 3382 3416 dixit
3411 3371 3432 3409 ἱ

2318 3451 2338 3484 ‹
2376 3432 2631 3500 Magister
2656 3432 2819 3501 bone,
2860 3453 2879 3486 ι
2916 3444 2971 3489 et
2997 3444 3220 3489 caetera.

2063 3521 2151 3576 10.
2203 3540 2224 3574 ι
2274 3520 2341 3577 Et
2376 3537 2502 3578 ecce
2551 3538 2694 3579 unus
2741 3523 3004 3579 accedens
3048 3522 3124 3579 ait
3157 3522 3233 3576 illi
3274 3521 3578 3595 :Magister

1986 3613 2151 3681 boue,
2196 3613 2328 3684 quid
2371 3612 2500 3667 boui
2554 3612 2775 3679 faciam,
2824 3623 2886 3667 ut
2928 3612 3156 3666 habeam
3202 3613 3368 3666 vitam
3417 3622 3575 3667 aster-

289 3703 454 3777 ἑξῆς,
497 3703 603 3767 ἓως
635 3701 728 3757 τοῦ
752 3720 767 3735 ο
811 3721 830 3754 ι
871 3702 1067 3757 Πολλοὶ
1096 3702 1155 3756 δὲ
1179 3701 1392 3756 ἔσονται
1415 3701 1622 3773 πρῶτοι
1649 3702 1886 3774 ἔσχατοι,

288 3794 389 3851 καὶ
440 3794 656 3866 ἔσχατοι
718 3793 947 3868 πρῶτοι.
991 3813 1011 3846 ι
1066 3794 1154 3847 Ἐν
1205 3794 1303 3864 μὲν
1358 3792 1628 3863 Ψαλμοῖς
1679 3794 1886 3867 γέγρα-

285 3903 455 3953 πται,
500 3885 576 3950 ὡς
621 3884 919 3957 δυναμένου
948 3882 1042 3938 τοῦ
1096 3883 1385 3955 ἀνθρώπου
1433 3886 1609 3936 ποιεῖν
1651 3884 1878 3957 ἀγαθὸν,

286 3978 395 4043 ὅτι,
439 3996 458 4029 ι
507 3978 565 4032 '0
621 3977 791 4031 θέλων
838 3975 1005 4049 ζωὴν,
1056 3975 1287 4046 ἀγαπῶν
1320 3975 1536 4048 ἡμέρας
1574 3976 1699 4029 ἰδεῖν
1740 3979 1881 4046 ἀγαε

1986 3720 2113 3760 nam
2143 3704 2204 3759 εἳ
2248 3723 2270 3757 ι
2302 3713 2357 3759 et
2396 3704 2603 3772 reliqua
2635 3703 2700 3757 ad
2738 3702 2790 3757 id
2825 3716 3001 3772 usque
3034 3702 3056 3734 ⁸
3099 3721 3112 3756 :
3147 3721 3165 3752 ι
3203 3701 3357 3756 Multi
3391 3711 3571 3757 autem

1986 3803 2147 3849 erunt
2188 3794 2389 3864 primi,
2445 3794 2770 3859 novissimi;
2828 3800 2884 3846 et
2921 3792 3245 3858 novissimi,
3307 3794 3490 3863 primi.
3548 3811 3569 3845 ι

1988 3884 2260 3955 Scriptum
2315 3892 2492 3940 exstat
2543 3886 2598 3938 in
2636 3883 2873 3939 Psalmis
2901 3924 2916 3949 ,
2968 3900 3033 3940 ac
3069 3885 3116 3941 si
3156 3885 3320 3939 homo
3367 3886 3572 3940 bonum

1988 3975 2166 4031 facere
2203 3976 2376 4045 possit
2413 3994 2427 4030 :
2468 3994 2485 4026 ι
2522 3972 2626 4041 Qui
2655 3976 2771 4029 vult
2806 3976 2994 4039 vitam,
3029 3985 3083 4032 et
3123 3976 3298 4046 diligit
3342 3976 3458 4033 dies
3491 3977 3572 4031 vi-

1504 4084 1736 4142 VETUS
1774 4086 2359 4144 INTERPRETATIO.

284 4207 744 4283 quide_m_causas
769 4208 1006 4283 ostendit
1033 4206 1290 4283 oﬂ'erendi
1326 4221 1548 4283 pueros,
1584 4222 1690 4262 non
1722 4216 1930 4283 autem~
1954 4210 2019 4264 ad
2070 4210 2207 4264 duas
2265 4208 2630 4283 praecedentes
2673 4223 2869 4264 causas
2918 4209 3103 4266 intulit
3148 4226 3272 4282 quae
3305 4225 3551 4283 sequun-

285 4287 398 4350 tur.
440 4277 615 4350 leati
649 4288 776 4333 sunt
800 4279 943 4332 enim
975 4279 1127 4347 pucri
1160 4293 1266 4350 non
1297 4278 1473 4331 solum
1501 4285 1560 4350 ut
1588 4292 1783 4350 manus
1806 4279 1887 4335 eis
1918 4281 2188 4350 imponat,
2219 4277 2313 4335 sed
2343 4281 2506 4334 etiam
2542 4288 2596 4333 ut
2627 4291 2765 4334 oret.

360 4349 424 4403 9.
457 4346 731 4418 Scriptum
763 4356 847 4403 est
871 4346 1050 4418 autem
1088 4355 1210 4417 post
1244 4348 1366 4409 hoc,
1390 4347 1647 4417 quoniam
1681 4366 1700 4399 ‹
1736 4346 2022 4417 imponens
2049 4351 2129 4405 eis
2161 4365 2356 4404 manus
2389 4350 2521 4404 abiit
2546 4350 2689 4415 inde,
2724 4369 2742 4401 ι
2771 4358 2951 4406 etnon
2984 4349 3155 4415 addit,
3191 4369 3210 4403 ι
3237 4358 3293 4406 et
3316 4366 3507 4418 orans;
3542 4371 3563 4407 ι

281 4418 470 4492 potuit
496 4419 638 4472 enim
662 4418 840 4473 dicere
877 4436 890 4470 :
926 4417 991 4470 Et
1014 4417 1298 4492 imponens
1321 4418 1402 4492 eis
1429 4432 1624 4492 manus
1654 4427 1707 4492 et
1739 4434 1906 4474 orans
1933 4420 2065 4474 abiit
2098 4420 2239 4474 inde.
2270 4419 2333 4474 Et
2362 4420 2484 4474 vide
2509 4420 2554 4492 si
2591 4421 2950 4492 poteﬁsdicere
2977 4422 3233 4491 quoniam
3266 4417 3569 4492 majoribus

286 4486 516 4563 quidem
544 4502 835 4563 puerorum
849 4486 1109 4563 servatur
1139 4486 1565 4563 oratio_Christi,
1589 4488 1682 4557 qui
1717 4498 1949 4563 possunt
1970 4504 2164 4563 capere
2190 4505 2298 4543 non
2327 4492 2510 4563 solum
2530 4486 2928 4563 impositionem
2971 4486 3231 4546 manuum
3259 4486 3379 4561 ejus
3402 4508 3569 4563 super

285 4571 369 4632 se,
405 4557 498 4611 sed
532 4556 694 4611 etiam
725 4558 1023 4632 orati_on_em
1051 4557 1170 4627 ejus
1201 4556 1511 4632 ad_Patrem
1549 4556 1648 4627 pro
1681 4556 1768 4632 se;
1800 4556 2106 4632 minoribus
2146 4571 2324 4614 autem
2361 4560 2546 4629 pueris
2579 4556 2778 4616 sufﬁcit
2817 4562 3094 4632 impositio
3124 4556 3386 4632 manu'um
3420 4556 3564 4631 ejus.

284 4626 493 4702 D_ice_ns
524 4637 704 4702 autem
735 4644 749 4680 :
786 4646 803 4676 ι
845 4626 1055 4681 Talium
1086 4626 1177 4702 est
1200 4627 1345 4702 enim
1382 4626 1606 4702 regnum
1639 4629 1928 4702 caelorum,
1973 4647 1996 4683 ι
2028 4631 2278 4702 hortatur
2311 4626 2375 4684 ut'
2394 4646 2556 4685 nemo
2582 4632 2833 4701 quamvis
2861 4626 2933 4687 sit
2958 4633 3175 4702 sapiens
3209 4633 3263 4685 in
3296 4626 3562 4701 Ecclesia,

285 4694 561 4765 glorietur
602 4697 867 4772 adversus
912 4698 1169 4772 parvulos
1200 4697 1404 4772 Christi
1438 4694 1467 4751 ἶ
1488 4697 1748 4772 quoniam
1797 4713 1904 4772 non
1940 4714 2131 4755 eorum
2176 4701 2366 4755 talium
2404 4694 2697 4772 puerofum
2746 4711 2829 4772 est
2861 4694 3087 4772 regnum
3126 4702 3390 4757 caelorum
3415 4741 3430 4766 ,
3467 4694 3564 4759 sed

282 4779 479 4819 eorum
523 4766 618 4841 qui
664 4780 759 4834 per
792 4766 1335 4841 humilitatemfacti
1387 4766 1516 4822 sunt
1553 4768 1876 4841 sicutgpueri
1911 4784 2037 4825 eum
2073 4779 2260 4841 essent
2291 4766 2455 4826 sensu
2489 4770 2735 4841 perfecti.
2770 4766 3134 4826 Hancvautem
3164 4772 3558 4841 expositionem

283 4837 805 4912 commendatapud
835 4835 1039 4892 Lucam
1073 4837 1284 4912 positus
1306 4835 1812 4912 _sernio,__quoniam
1841 4852 1966 4893 cum
1980 4839 2212 4912 dixisset
2250 4859 2265 4895 :
2301 4860 2319 4893 ι
2359 4835 2679 4912 Oll'erebant
2698 4843 2747 4895 ei
2782 4857 2980 4912 pueros
3005 4850 3060 4896 et
3089 4835 3323 4897 infantes
3351 4851 3413 4897 ut
3442 4851 3562 4898 tau-

284 4913 441 4981 geret
467 4920 583 4970 eos,
612 4905 855 4981 videntes
879 4905 1341 4981 autem’discipuli
1370 4905 1735 4981 prohibébaut
1765 4924 1884 4981 eos;
1922 4927 1942 4962 ι
1973 4908 2132 4967 Jesus
2165 4920 2346 4966 autem
2373 4911 2511 4967 dixit
2541 4929 2555 4965 :
2590 4929 2608 4962 ι
2648 4905 2822 4966 δίιιίιέ
2873 4916 3073 4981 pueros
3114 4914 3300 4967 venire
3339 4914 3406 4967 ad
3446 4928 3557 4978 me,

285 4975 475 5050 talium
503 4986 588 5050 est
615 4977 761 5050 enim
796 4991 1019 5046 regnum
1052 4975 1341 5050 caelorum,
1372 4975 1397 5028 ἰ
1435 4979 1618 5050 statim
1645 4980 1802 5048 quasi
1835 4975 2210 5035 cenvenientia
2247 4982 2430 5036 sensui
2470 4982 2789 5050 praecedenti
2826 4975 3052 5046 addidit,
3080 4982 3306 5038 dicens:
3335 5001 3355 5035 ι
3383 4975 3558 5040 Amen

283 5044 418 5117 dico
437 5046 615 5111 vobis,
643 5045 735 5116 qui
767 5044 879 5099 non
903 5047 1166 5117 receperit
1192 5061 1429 5117 regnum,
1452 5045 1566 5105 Dei.
1591 5044 1732 5103 sicut
1760 5062 1913 5117 puer,
1949 5064 2056 5103 nou
2088 5051 2310 5106 intrabit
2342 5052 2396 5105 in
2432 5044 2586 5106 illud.
2621 5069 2641 5102 ›

359 5114 448 5169 it).
496 5134 516 5166 ι
560 5114 938 5190 interrogavit
983 5114 1168 5190 Iesum
1218 5114 1364 5190 unus
1396 5116 1662 5190 deturba
1688 5114 2210 5190 dicensaMagistcr
2237 5126 2399 5186 bone,

2482 5120 2573 5175 uid
2618 5120 2748 5175 boui
2782 5120 2996 5188 faciam,
3040 5133 3099 5178 ut
3129 5125 3356 5181 habeam
3385 5124 3552 5179 vitam

283 5186 577 5240 aeternam?
602 5186 705 5252 Qui
736 5185 868 5242 dicit
891 5186 941 5240 ei
982 5204 995 5241 :
1022 5186 1164 5252 Quid
1188 5201 1275 5241 me
1305 5186 1441 5241 dicis
1479 5186 1720 5241 bonum?
1744 5185 1916 5243 Nemo
1943 5185 2121 5245 bou'us
2146 5192 2254 5246 nisi
2284 5206 2426 5246 unus
2456 5185 2622 5245 Deus.
2658 5211 2676 5243 ι
2703 5190 2841 5246 Cum
2872 5185 3134 5263 scriptum
3169 5198 3241 5250 sit
3279 5206 3334 5249 ct.
3359 5195 3554 5250 ilellio-

421 5302 610 5379 Matth.
642 5321 754 5376 xix,
788 5304 878 5361 {5.
915 5304 996 5379 *ξ’
1024 5303 1167 5379 ἰὶιίιξἰ
1191 5304 1280 5379 id.
1353 5304 1402 5337 ⁸³
1435 5304 1570 5379 Luc.
1599 5320 1775 5379 xviii,
1796 5306 1891 5379 17.

1998 5309 2006 5340 ’
2037 5306 2060 5363 Ι
2087 5307 2216 5365 Cor.
2253 5324 2375 5376 xm,
2405 5309 2492 5363 11.
2571 5309 2586 5340 ¹
2623 5308 2643 5362 Ι
2676 5308 2804 5365 Cor.
2842 5326 2924 5375 ιιι,
2960 5313 3012 5376 1,
3040 5312 3095 5366 2.
3173 5314 3194 5345 ⁸
3225 5311 3358 5366 Luc.
3394 5328 3549 5379 xviii,

343 5373 462 5427 15..
505 5376 526 5406 ³
559 5372 693 5432 Luc.
723 5392 880 5435 xvm.
907 5373 994 5429 17.
1075 5374 1308 5430 ‘Mattli.
1342 5390 1456 5440 xtx,
1487 5377 1574 5430 16.
1661 5376 1685 5408 ⁸
1707 5376 1836 5432 ibid.
1876 5376 1969 5433 50.

503 5489 682 5547 Codex
738 5491 965 5562 Regius,
998 5485 1345 5564 προσηνέχθη
1398 5491 1507 5599 γὰρ
1563 5492 1745 5557 αὐτοῖς
1793 5493 1864 5548 τὰ

1974 5509 2072 5569 xix
2122 5496 2181 5569 in
2221 5493 2424 5569 Joattn.
2457 5509 2553 5569 vni
2588 5510 2602 5546 :
2641 5495 2827 5569 Οὕτως
2865 5495 3102 5569 οὖνκαὶ
3146 5496 3242 5552 ἐπὶ
3279 5494 3343 5551 τὺ
3376 5494 3551 5569 παρὸν

1970 5565 2101 5639 ῂ-μίν
2132 5563 2479 5637 ζητουμένων
2522 5567 2587 5618 ἐκ
2631 5568 2729 5638 τῆς
2768 5567 3133 5639 συμφράσεως
3165 5563 3546 5631 κατανοητέον.

283 5695 297 5707 ρ
352 5630 465 5707 (25)
487 5631 637 5707 -Ὅεζη
667 5630 815 5707 trer
849 5633 1300 5707 ai‘otiftgpamq.
1329 5630 1613 5685 Postrema
1659 5646 1727 5707 ca
1756 5649 1859 5688 vox

1998 5630 2237 5707 'l'ua'rtu's.

282 5699 337 5752 in
364 5699 517 5755 Codd.
560 5699 626 5753 11.
657 5699 711 5756 ct
742 5701 784 5754 ιι
829 5699 1131 5757 ιιιὲίιιιιιιιαιὲι
1169 5712 1287 5756 erat
1320 5718 1333 5753 :
1364 5717 1482 5755 eam
1520 5703 1859 5759 assentimus

285 5766 457 5836 ipsius
484 5770 735 5842 Origenis
770 5774 1091 5829 auctoritate
1128 5773 1260 5838 nixi,
1288 5772 1380 5838 qui
1415 5787 1478 5826 ea
1514 5771 1686 5827 utitur
1723 5784 1855 5829 tom.

2060 5706 2151 5776 26)
2179 5706 2357 5763 Codex
2391 5706 2614 5781 Regius,
2642 5707 2787 5781 ζωὴν
2819 5705 3035 5763 αἰώνιον
3064 5708 3469 5784 κληρονομήσω.
