4032 6308
235 390 412 445 “€28!
1257 389 1613 446 COMMENT.
1657 390 1721 445 IN
1760 391 1866 445 MA‘

1974 389 2178 447 L‘EUM
2218 389 2356 444 T0)!
2370 391 2456 446 US
2495 390 2608 446 XV.
3420 405 3561 459 ηερ.

259 513 369 562 καὶ
420 529 442 560 ς
493 511 604 582 τῆς
646 507 980 578 ἀγαθότητος
1009 505 1173 559 αὑτοῦ
1203 505 1384 561 εἰκώνο
1415 527 1433 559 ι
1470 508 1564 562 καὶ
1594 508 1795 572 παντὸς
1822 508 1866 562 δὲ

1983 507 2052 562 tis
2074 507 2218 560 illius
2245 515 2327 561 est
2353 508 2430 572 11;
2471 527 2488 558 ι
2521 508 2623 562 alia
2657 517 2739 562 est
2765 518 2945 565 autem
2977 515 3129 569 vocis
3155 515 3317 586 hujus
3344 559 3360 585 ,
3394 541 3411 571 ι
3456 523 3556 577 bu-

257 601 367 652 τοῦ
397 602 806 671 ὕποδεεστέρου
832 593 876 667 ᾧ
902 599 1324 670 ὲφαρμόζεταιή
1355 619 1374 650 ι
1403 600 1625 668 ἀγαθὸν,
1653 619 1672 651 ι
1707 600 1857 671 φωνὴ

1984 615 2136 662 num,
2159 617 2180 650 θ
2211 599 2561 668 significatio,
2596 616 2718 653 cum
2740 599 2982 655 inferiori
3017 605 3191 660 cuivis
3213 610 3554 677 applicatur:

258 692 406 746 ἄλλο
430 694 846 765 σημαινόμενον
865 692 981 762 ἔχει
1003 692 1063 744 τὸ
1086 692 1170 761 ἐφ’
1189 691 1356 744 αὐτοῦ
1378 692 1690 762 λεγόμενον·
1721 692 1866 764 εἴπερ

1982 690 2026 743 si
2054 691 2215 742 modo
2240 701 2482 758 respectu
2517 689 2713 755 Patris,
2741 692 2918 762 imago
2952 705 3036 747 est
3069 697 3326 754 bonitatis
3359 702 3552 768 ipsius,

257 784 344 847 ὡς
400 786 512 856 μὲν
548 786 688 857 πρὸς
713 786 802 838 τὸν
828 784 1048 855 Πατέρα
1065 783 1228 836 εἰκὼν
1251 783 1397 836 ἐστιν
1416 781 1772 852 ἀγαθότητος,
1805 782 1866 844 ὡς

1982 791 2034 835 et
2069 797 2188 834 eam
2217 781 2380 834 habet
2420 798 2546 850 erga
2597 783 2804 851 reliqua
2846 787 3028 837 omnia
3069 788 3352 853 rationein,
3388 810 3550 861 quam

260 877 326 930 δὲ
368 878 527 948 πρὸς
564 879 634 931 τὰ
663 876 844 940 λοιπὰ,
878 877 1014 947 ὅπερ
1057 877 1090 945 ή
1119 873 1214 927 τοῦ
1253 874 1468 944 Πατρὸς
1496 872 1771 944 ἀγαθότης
1803 875 1866 936 είς

1982 872 2198 930 bonitas
2229 871 2404 926 Patris
2429 891 2553 942 erga
2590 874 2789 942 ipsum,
2837 877 2919 929 vel
2953 881 3113 932 etiam
3147 887 3552 951 proportionem

252 971 447 1025 αὐτόν
477 973 625 1042 (50)’
653 973 686 1042 ἢ
709 973 804 1024 καὶ
823 969 1021 1042 μᾶλλον
1051 969 1167 1022 ἐστί
1194 986 1315 1022 τινα
1334 968 1622 1038 ἀναλογίαν
1639 970 1866 1040 προσεχῑ

1983 963 2275 1032 quamdam
2310 965 2518 1018 attinent
2547 966 2719 1031 magis
2750 979 2802 1020 et
2834 971 3191 1039 propinquam
3229 976 3370 1029 inter
3395 977 3558 1033 boni-

268 1066 412 1119 ἰδεῖν
451 1067 558 1119 ἐπὶ
585 1065 921 1137 ἀγαθότητος
953 1063 1044 1117 τοῦ
1069 1063 1202 1117 Θεοῦ
1233 1063 1370 1134 πρὸς
1383 1064 1474 1117 τὸν
1504 1064 1731 1134 Σωτῆρα
1754 1063 1883 1116 ὄντα

265 1157 474 1212 εἰκόνα
503 1159 612 1230 τῆς
638 1156 970 1227 ἀγαθὸτητος
995 1154 1184 1219 αὐτοῦ,
1217 1155 1361 1226 ’ήπερ
1389 1155 1481 1206 ἐπὶ
1511 1154 1605 1207 τοῦ
1629 1140 1879 1224 Σωτῆρος

267 1250 423 1322 πρὸς
451 1250 670 1318 ἀγαθὸν
689 1248 786 1302 ἀνθ
796 1264 994 1320 ρωπον,
1017 1249 1112 1300 καὶ
1137 1245 1340 1315 ἀγαθὸν
1359 1245 1537 1318 ἔργον,
1555 1247 1650 1299 καὶ
1674 1244 1879 1312 ἀγαθὸν

263 1341 539 1414 δένδρον·
571 1342 754 1394 πλεῖον
786 1341 893 1410 γὰρ
925 1341 958 1409 ή
988 1337 1228 1409 ὑπεροχὴ
1265 1339 1372 1408 (51)
1406 1337 1543 1410 πρὸς
1563 1336 1633 1390 τὰ
1659 1337 1882 1389 ὑποδεέ-

272 1452 468 1507 στερα
508 1432 696 1503 ἀγαθά
735 1436 791 1485 ὲν
820 1431 896 1502 τῷ
929 1432 1162 1502 Σωτῆρι,
1204 1430 1339 1484 καθό
1383 1432 1532 1483 ἐστιν
1577 1427 1740 1482 εἰκὼν
1781 1429 1882 1498 τῆς

268 1525 642 1598 ἀγαθότητος
683 1523 847 1578 αὑτοῦ
891 1521 987 1575 τοῦ
1033 1520 1190 1586 Θεοῦ,
1238 1523 1382 1594 ήπερ
1422 1525 1456 1594 ή
1502 1521 1741 1593 ὑπεροχὴ
1787 1520 1880 1574 τοῦ

267 1617 424 1672 Θεοῦ
467 1619 632 1681 ὄντος
663 1615 869 1684 ἀγαθοῦ
916 1615 1054 1686 πρὸς
1090 1615 1182 1669 τὸν
1209 1615 1431 1668 εἰπόντα
1464 1615 1712 1686 Σωτῆρω
1753 1632 1772 1665 ι
1825 1613 1882 1665 '0

270 1713 487 1784 Πατὴρ
538 1715 567 1765 6
592 1710 812 1781 πέμψας
843 1726 907 1781 με
946 1706 1146 1779 μείζων
1195 1723 1296 1778 μου
1331 1706 1500 1770 ἐστὶν,
1537 1725 1556 1758 ι
1592 1707 1720 1759 ὄντα
1744 1704 1881 1776 πρὸς

270 1804 522 1876 ἑτέρους
553 1803 650 1856 καὶ
689 1801 871 1855 εἰκόνα
901 1802 1001 1870 τῆς
1041 1798 1374 1870 ὰγαθότητος
1413 1797 1505 1852 τοῦ
1543 1798 1700 1851 Θεοῦ.
1727 1797 1880 1866 Τάχα

263 1894 332 1948 δὲ
360 1893 468 1948 τοῦ
507 1894 842 1965 βουλήματος
877 1891 1057 1962 ἔχεται
1081 1889 1189 1943 τῶν
1219 1889 1558 1960 λελεγμένων
1590 1889 1698 1960 (52)
1742 1889 1878 1960 πρὸς

274 1979 377 2032 τό·
426 1999 446 2030 ι
490 1980 561 2032 Τί
591 1979 793 2048 ἀγαθὸν
827 1981 1066 2050 ποιήσω,
1106 1997 1124 2029 ι
1161 1977 1408 2048 λελέχθαι
1437 1978 1493 2030 δὲ
1536 1979 1672 2050 πρὸς
1709 1977 1872 2030 αὑτό·

280 2091 301 2124 ι
338 2072 411 2124 Τί
449 2089 523 2144 με
554 2073 761 2144 ἐρωτᾷς
808 2073 935 2141 περὶ
968 2070 1061 2124 τοῦ
1101 2071 1343 2139 ἀγαθοῦ;
1374 2065 1454 2134 εἷς
1499 2071 1644 2123 ἐστιν
1677 2073 1706 2122 6
1738 2071 1876 2138 ἀγα-

264 2167 402 2230 θὸς,
449 2185 470 2217 ›
512 2165 608 2218 τό·
645 2185 662 2215 ι
703 2166 870 2218 Ὅταν
904 2166 1164 2235 ποιήσητε
1199 2163 1375 2218 πάντα
1416 2162 1483 2216 τά
1525 2161 1876 2232 διαταχθέντα

275 2259 448 2330 ὑμῖν,
481 2257 726 2326 ὀφείλετε
755 2255 933 2323 λέγειν
963 2256 1096 2326 (55),
1130 2256 1211 2308 ὅτι
1240 2255 1416 2308 δοῦλοι
1449 2255 1654 2327 ἀχρεῖοί
1687 2258 1872 2325 ἐσμεν

276 2352 308 2405 ὃ
337 2351 638 2420 ὀφείλομεν
665 2350 905 2420 ποιῆσαι,
947 2348 1324 2418 πεποιήκαμεν
1345 2364 1358 2379 ·
1401 2366 1420 2398 ›
1455 2348 1550 2401 ἐὰν
1589 2347 1697 2418 γάρ
1723 2349 1878 2419 ποιή-

271 2461 486 2515 σωμεν
519 2443 695 2496 πάντα
735 2443 804 2495 τὰ
838 2439 1210 2511 διαταχθέντα,
1251 2440 1358 2492 οὐδ’
1397 2438 1591 2502 οὕτως,
1623 2439 1698 2502 ὡς
1741 2441 1876 2511 πρὸς

277 2538 388 2601 τὰς
437 2537 627 2591 ἐνθάδε
670 2535 861 2600 λέξεις,
905 2534 1107 2603 ἀγαθόν
1142 2552 1192 2586 τι
1226 2535 1637 2605 πεποιήκαμεν·
1677 2535 1777 2586 οὐκ
1811 2534 1875 2587 ἂν

271 2631 424 2701 γὰρ,
461 2628 688 2696 ἀγαθῶν
734 2627 900 2681 ὅντων
929 2620 1002 2678 ὧν
1038 2624 1317 2696 ποιοῦμεν,
1359 2626 1609 2679 ἐλέλεκτο
1645 2625 1755 2679 δεῖν
1791 2625 1877 2678 λέ-

269 2737 410 2789 γειν
444 2720 541 2771 ἐπὶ
572 2718 647 2788 τῷ
692 2717 971 2785 γεγονέναι
1007 2715 1076 2768 τὰ
1119 2713 1469 2784 διαταχθέντα
1511 2714 1588 2767 τό·
1633 2733 1651 2766 ι
1690 2713 1876 2767 Δοῦλοι

272 2810 512 2880 ἀχρεῖοί
533 2813 716 2880 ἐσμεν.
744 2829 761 2861 ι
797 2811 949 2862 Ἔστι
971 2809 1026 2861 δὲ
1056 2807 1507 2880 καταχρηστικῶς
1533 2807 1672 2861 αὐτά
1702 2810 1876 2862 εἰπεῖν

283 2901 434 2956 εἶναι
467 2901 669 2971 ἀγαθὰ,
696 2901 894 2971 ὁμοίως
919 2900 1014 2970 τῷ·
1046 2918 1064 2950 ι
1105 2898 1388 2952 Ἔκκλινον
1421 2898 1526 2951 ἀπὸ
1555 2897 1749 2964 κακοῦ,
1782 2899 1875 2951 καὶ

282 2995 526 3064 ποίησον
557 2991 779 3060 ἀγαθόν.
820 3011 837 3041 ι
883 2989 1051 3060 Οἶμαι
1082 2991 1128 3043 δ’
1162 2992 1243 3043 ὅτι
1285 2993 1314 3043 6
1340 2988 1509 3042 ποιῶν
1546 2989 1607 3042 τὺ
1648 3006 1876 3059 προστε-

283 3105 394 3154 ταγ
406 3086 570 3156 μένον
601 3089 657 3138 ὲν
695 3085 770 3155 τῷ
790 3102 802 3114 ·
846 3103 864 3135 ι
904 3082 1190 3136 Ἒκκλινον
1223 3082 1330 3135 ἀπὸ
1361 3081 1551 3146 κακοῦ,
1588 3083 1682 3135 καὶ
1715 3081 1874 3153 ποίη-

1983 1063 2145 1112 tatem
2176 1053 2290 1118 Dei,
2325 1066 2566 1123 respectu
2593 1057 2733 1123 Filii,
2769 1061 2860 1128 qui
2886 1061 3144 1118 bonitatis
3178 1067 3349 1135 ipsius
3377 1071 3556 1142 imago

1981 1159 2083 1211 est,
2120 1150 2410 1203 observare
2445 1150 2590 1215 licet,
2639 1167 2804 1220 quam
2841 1152 3147 1210 Servatoiis
3179 1173 3426 1228 respectu
3454 1162 3555 1218 ho-

1982 1242 2146 1295 minis
2173 1241 2323 1306 boui,
2355 1243 2438 1296 vel
2469 1243 2594 1296 boui
2621 1245 2822 1312 operis,
2860 1247 2939 1301 vel
2961 1249 3174 1304 arboris
3200 1252 3356 1307 bona:
3389 1272 3402 1308 :
3429 1259 3554 1322 plus

1981 1334 2179 1387 etenim
2219 1334 2565 1390 inferioribus
2599 1336 2756 1392 bonis
2795 1336 3048 1394 Servator
3078 1355 3318 1410 przestal,
3360 1358 3554 1417 quate-

1983 1441 2086 1479 nus
2117 1426 2296 1494 imago
2326 1435 2409 1480 est
2440 1426 2699 1482 bonitatis
2725 1427 2816 1482 Dei
2848 1430 3039 1498 ipsius,
3071 1450 3234 1502 quam
3267 1436 3432 1505 Deus,
3457 1442 3552 1509 qui

1982 1517 2159 1570 bonus
2185 1525 2289 1579 est,
2317 1515 2594 1571 Servatori
2629 1518 2719 1586 qui
2755 1519 2892 1574 dixit
2914 1520 2957 1552 “
2991 1539 3006 1576 :
3038 1542 3058 1574 ι
3089 1523 3248 1580 Pater
3279 1529 3372 1598 qui
3405 1531 3556 1587 misit

1983 1624 2088 1674 me,
2118 1609 2291 1678 major
2318 1623 2405 1664 me
2432 1619 2565 1675 est,»
2592 1611 2683 1679 qui
2713 1619 2766 1665 et
2797 1612 3029 1668 aliorum
3058 1618 3263 1675 ratione
3292 1632 3372 1678 est
3394 1623 3552 1678 boni-

1983 1704 2107 1755 tatis
2134 1702 2226 1756 Dei
2260 1703 2458 1773 imago.
2509 1701 2757 1759 Fortasse
2789 1721 2918 1761 vero
2949 1723 3072 1762 cum
3113 1725 3300 1766 eorum
3342 1715 3550 1785 signifi-

1980 1796 2193 1850 catione
2219 1812 2340 1867 qua:
2368 1798 2508 1852 dicta
2537 1806 2665 1852 sunt
2695 1813 2860 1869 super
2883 1815 2949 1854 eo
2981 1802 3058 1856 '3:
3093 1821 3112 1855 ι
3145 1803 3283 1868 Quid
3312 1805 3440 1862 boui
3471 1807 3552 1864 fa-

1979 1888 2157 1943 ciam?
2192 1908 2211 1939 ι
2245 1889 2328 1960 (ea
2354 1898 2531 1943 autem
2561 1889 2702 1944 dicta
2733 1901 2900 1945 sunt:
2938 1911 2956 1944 ι
2991 1893 3131 1960 Quid
3174 1912 3261 1951 me
3313 1900 3548 1954 interro-

1980 1997 2074 2051 gas
2095 1981 2163 2034 de
2193 1980 2371 2035 bono?
2397 1997 2537 2035 unus
2563 1990 2645 2034 est
2675 1981 2870 2054 bonus)
2905 2002 2921 2034 ι
2970 1987 3361 2043 connexionem
3387 1991 3552 2047 habet

1978 2072 2108 2125 illud
2142 2072 2186 2104 ³³⁵
2218 2090 2232 2127 :
2267 2092 2285 2122 ι
2315 2072 2453 2126 Cum
2492 2071 2730 2127 feceritis
2761 2075 2942 2130 omnia
2981 2092 3102 2145 quae
3122 2094 3383 2151 praecepta
3420 2093 3552 2140 sunt

1975 2166 2151 2230 Vobis,
2179 2164 2388 2220 debetis
2419 2166 2600 2221 dicere
2633 2184 2645 2219 :
2683 2164 2838 2221 Servi
2881 2169 3097 2225 inutiles
3145 2187 3368 2241 smnus;
3405 2178 3546 2246 quod

1977 2257 2264 2311 debuimus
2303 2256 2502 2322 facere,
2544 2256 2792 2314 iecimus.
2836 2278 2854 2310 ι
2903 2259 3034 2314 Nam
3060 2262 3104 2316 si
3133 2279 3470 2334 quaecunque
3491 2267 3547 2321 in

1977 2349 2248 2402 mandatis
2275 2349 2625 2403 habuerimus
2665 2366 2696 2402 a
2728 2352 2884 2406 nobis
2918 2362 3066 2421 gesta
3105 2353 3325 2421 fuerint,
3357 2373 3423 2411 ne
3467 2360 3548 2413 sic

1975 2440 2213 2509 quidem,
2233 2439 2384 2508 juxta
2419 2441 2521 2493 loci
2548 2441 2708 2508 hujus
2729 2442 3200 2511 signiﬁcationem,
3237 2448 3361 2501 boni
3391 2449 3552 2517 quid-

1975 2545 2138 2599 quam
2166 2529 2489 2596 fecerimus;
2521 2547 2644 2585 nam
2676 2534 2720 2587 si
2747 2534 2888 2590 bona
2917 2545 3099 2606 essent
3128 2553 3250 2606 qua:
3291 2538 3548 2606 facimus,

1976 2620 2202 2675 minime
2247 2630 2372 2690 post
2427 2637 2630 2676 morem
2677 2625 2947 2681 mandatis
2992 2636 3220 2697 gestum,
3257 2631 3549 2688 dicendum

1977 2711 2030 2764 id
2055 2726 2176 2766 esse
2201 2713 2529 2767 scriberetur
2563 2731 2576 2767 :
2615 2734 2632 2764 ι
2667 2715 2820 2771 Servi
2852 2717 3069 2774 inutiles
3097 2737 3304 2777 sumus.
3346 2741 3364 2775 ι
3391 2725 3460 2779 At
3483 2741 3547 2779 ea

1977 2801 2120 2856 bona
2163 2817 2284 2856 esse
2318 2819 2414 2872 per
2451 2807 2766 2862 abusionem
2817 2809 3000 2865 dicere
3044 2812 3190 2878 licet,
3242 2817 3464 2883 perinde
3483 2833 3548 2872 ac

1977 2892 2108 2946 illud
2137 2894 2178 2926 ¹⁸
2206 2913 2220 2949 :
2245 2913 2263 2945 ι
2297 2894 2554 2950 Divertea
2586 2900 2750 2962 malo,
2782 2911 2834 2955 et
2859 2900 2944 2957 fac
2966 2902 3187 2958 bonum.
3218 2925 3236 2958 ι
3261 2906 3370 2977 Ego
3384 2909 3550 2982 666

1975 3000 2108 3039 vero
2131 2986 2384 3040 existimo
2415 3003 2538 3041 eum
2581 2990 2676 3058 qui
2727 2991 2779 3045 id
2828 2992 3047 3049 facessit
3093 2999 3236 3065 quod
3289 2998 3390 3055 hoc
3428 3002 3547 3055 loco

1976 3078 2289 3132 mandatum
2317 3088 2400 3133 cst
2437 3097 2450 3134 :
2494 3099 2515 3131 l
2552 3080 2766 3136 Divcrtc
2807 3100 2837 3138 a
2879 3087 3041 3150 malo,
3073 3097 3127 3142 et
3156 3089 3240 3145 fac
3263 3091 3488 3154 bonum,
3520 3113 3542 3145 ι

284 3197 382 3232 σον
433 3177 657 3247 ἀγαθὸν,
716 3197 734 3228 ι
770 3178 845 3240 ὼς
877 3177 973 3247 μὲν
1003 3176 1139 3247 πρὸς
1167 3174 1237 3227 τὰ
1264 3174 1368 3227 ὑπὸ
1399 3173 1508 3227 τῶν
1546 3173 1748 3227 λοιπῶν
1779 3175 1866 3228 ἀν-

1975 3168 2199 3223 ratione-
2235 3170 2453 3240 quidem
2489 3186 2680 3226 eorum
2726 3190 2847 3244 qua:
2894 3192 2924 3230 a
2980 3179 3204 3250 reliquis
3235 3181 3548 3240 hominibus

284 3271 532 3343 Optbnwv
566 3269 953 3339 ἐπιτελούμενα
986 3271 1129 3321 ποιεί
1168 3267 1400 3336 ἀγαθόν·
1433 3266 1508 3330 ὡς
1535 3265 1592 3319 δὲ
1635 3267 1772 3339 πρὸς
1811 3268 1872 3320 τὸ

271 3363 511 3432 ἀληθῶς
543 3362 765 3430 ἀγαθὸν,
798 3361 989 3431 ὥσπερ
1031 3379 1049 3411 ι
1093 3359 1154 3412 οὐ
1187 3358 1613 3430 δικαιωθήσεται
1639 3359 1870 3411 ἐνώπιον

282 3457 386 3510 τοῦ
433 3455 568 3509 Θεοῦ
599 3457 706 3518 πᾶς
733 3453 861 3517 ζῶν,
893 3472 911 3505 ι
941 3452 1122 3521 πάσης
1155 3449 1504 3522 ἀνθρωπίνης
1523 3449 1869 3521 δικαιοσύνης

280 3549 658 3620 ἐλεγχομένης
689 3548 764 3611 ὡς
793 3548 852 3600 οὐ
878 3543 1244 3614 δικαιοσύνης,
1271 3542 1410 3596 έπάν
1434 3542 1682 3614 θεωρηθῇ
1707 3545 1740 3613 ή
1771 3540 1867 3596 τοῦ

1978 3273 2232 3329 aguntur,
2286 3263 2488 3317 bonum
2545 3263 2720 3320 facere
2771 3285 2784 3320 :
2837 3277 2893 3321 at
2933 3281 3179 3339 respectu
3224 3274 3334 3328 veri
3394 3276 3544 3342 boni,

1976 3354 2435 3422 quemadmodum
2492 3375 2512 3407 ι
2565 3373 2670 3411 non
2716 3358 3102 3427 justiticabitur
3151 3363 3205 3418 in
3252 3377 3544 3437 conspectu

1976 3443 2072 3499 Dei
2100 3447 2279 3502 omnis
2305 3449 2493 3503 vivens
2525 3451 2588 3515 “,
2626 3470 2646 3502 ι
2680 3467 2803 3504 cum
2836 3452 3072 3508 humana
3099 3438 3279 3511 amitis
3308 3458 3543 3526 justitia,

1969 3539 2178 3610 justitia
2211 3558 2318 3596 non
2357 3559 2477 3598 esse
2510 3545 2963 3614 deprehendatur,
3005 3559 3294 3615 postquam
3331 3551 3543 3620 justitia

1495 3740 1724 3797 VETUS
1761 3740 2344 3796 INTERPRETATIO.

277 3904 486 3966 bonus,
533 3899 634 3953 nisi
667 3915 808 3954 unus
854 3897 1019 3968 Deus,
1059 3915 1077 3947 ι
1109 3893 1326 3968 utiliori
1361 3892 1646 3949 conﬁrmet
1684 3891 1828 3968 quod
1869 3890 2008 3968 _al_ibi_
2037 3890 2214 3968 dicit_:
2254 3907 2272 3939 ι
2304 3887 2440 3968 Cum
2479 3887 2664 3968 omnia
2692 3887 2928 3968 feceritis
2961 3905 3084 3968 qua:
3114 3899 3543 3968 prteceptasunt

280 3957 701 4037 vobis,'debetis
724 3969 904 4023 dicere
942 3986 955 4021 :
989 3966 1142 4037 Servi
1173 3965 1390 4037 inutiles
1421 3979 1647 4029 sumus;
1681 3957 2136 4037 quoddebuimus
2171 3958 2365 4037 facere,
2393 3957 2641 4037 fecimus,
2667 3977 2704 4037 ι»
2728 3957 2869 4037 _Nam
2907 3957 3235 4037 etsi_9niuia_
3250 3957 3541 4037 fecerimus

279 4058 410 4111 qua:
435 4027 701 4111 praecepta
742 4047 870 4111 sunt
903 4036 1082 4111 nobis,
1120 4051 1222 4111 nec
1259 4035 1360 4099 sic,
1416 4027 1794 4111 quantum—ad
1833 4031 1948 4111 haec
1995 4031 2182 4111 verba,
2209 4030 2428 4096 .bonum
2478 4028 2680 4096 aliquid
2706 4028 2972 4111 fecimus.
3013 4027 3121 4083 Nec
3150 4030 3292 4111 enim
3331 4035 3375 4086 si
3413 4047 3542 4111 vero

283 4099 646 4166 Iiona'esseu't
672 4125 792 4178 quze
821 4099 1078 4169 facimus,
1117 4106 1380 4178 scriptum
1403 4099 1625 4178 fuisset,
1660 4112 1717 4156 ut
1745 4101 2003 4178 facientes
2033 4101 2375 4178 ea_dicamus
2405 4113 2528 4153 esse
2567 4099 2921 4178 positio-tiles
2964 4115 3183 4165 servos,
3229 4102 3278 4178 si_
3324 4103 3540 4178 proprie

278 4181 606 4237 conveniret
640 4168 949 4232 hominibus
975 4168 1264 4245 appellatio
1290 4174 1546 4229 bonitatis
1583 4191 1598 4227 :
1634 4171 2310 4245 quoniamomnebonum
2344 4178 2612 4232 nostrum,
2647 4168 2872 4245 abusive
2889 4178 2943 4223 et
2964 4183 3070 4245 non
3099 4168 3541 4240 proprie—dicitur

280 4255 514 4306 bonum.
557 4249 692 4303 Vere
717 4249 860 4302 enim
897 4239 1116 4316 quando
1137 4245 1473 4316 declinamus
1501 4259 1529 4297 a
1562 4239 1707 4316 malo
1733 4250 1797 4316 et_
1821 4241 2051 4296 facimus
2076 4240 2316 4316 bonum,
2346 4250 2610 4316 quantum
2635 4241 2699 4292 ad
2727 4239 3184 4316 comparationem
3204 4239 3534 4316 exterarum

283 4323 574 4376 hominum
604 4308 1199 4373 nolentium-declinare
1232 4331 1262 4370 a
1295 4314 1438 4370 malo
1477 4323 1530 4368 et
1568 4313 1746 4368 facere
1783 4311 2016 4374 bonum,
2057 4311 2312 4364 dicuntur
2346 4310 2485 4379 bona
2517 4324 2636 4378 quae
2669 4308 2880 4378 agimus
2912 4329 2925 4364 :
2962 4320 3225 4379 quantum
3262 4320 3438 4365 autem
3469 4313 3537 4366 ad

281 4393 592 4452 veritatem,
627 4390 926 4444 set-mnium
960 4389 1105 4456 quod
1127 4387 1327 4442 dicitur
1356 4387 1410 4440 in
1454 4385 1559 4456 hoc,
1589 4385 1710 4438 loco
1732 4383 1862 4456 quia
1903 4396 2045 4436 unus
2078 4389 2162 4435 est
2195 4381 2391 4456 bonus,
2427 4378 2628 4434 bonum
2668 4389 2915 4456 nostrum
2948 4378 3055 4434 non
3091 4389 3174 4456 est
3207 4382 3440 4456 bonum,
3471 4381 3538 4456 Et

284 4464 432 4516 sicut
467 4479 486 4512 ι
527 4450 632 4514 non
675 4450 1002 4526 justiﬁeatur
1041 4459 1096 4512 in
1145 4468 1438 4525 conspectu
1473 4454 1566 4509 Dei
1596 4450 1775 4526 omnis
1796 4452 2006 4526 vivens,
2060 4470 2077 4503 ι
2112 4451 2392 4526 quoniam,
2421 4459 2682 4526 quantum
2719 4450 2783 4502 ad
2817 4452 3280 4526 comparationem
3305 4451 3539 4526 justitiae

283 4532 424 4598 Dei,
466 4531 644 4585 onmis
671 4519 881 4598 iustitia
911 4527 1195 4583 hominum
1232 4519 1504 4582 invenitur
1536 4539 1716 4596 neque
1746 4523 1951 4595 iustitia
1985 4519 2148 4577 esse:
2186 4521 2267 4576 sic
2299 4536 2398 4575 nec
2443 4520 2618 4575 bonus
2650 4519 2925 4574 invenitur
2959 4521 3248 4591 quisquam
3301 4519 3357 4576 in
3404 4539 3537 4577 conn

358 4683 401 4714 ¹¹
429 4679 556 4752 Sap.
591 4698 686 4749 vn,
710 4680 800 4736 26.
877 4685 921 4716 ¹³
945 4682 1103 4739 Joan.
1135 4699 1244 4752 ιιν,
1273 4682 1365 4738 28.
1442 4683 1487 4715 ¹³
1516 4681 1706 4740 Matth.
1735 4697 1852 4750 xxx,

1998 4678 2085 4736 17.
2188 4679 2231 4710 ίδ
2265 4677 2400 4734 Luc.
2437 4693 2574 4745 xvu,
2607 4677 2696 4733 10.
2747 4676 3257 4746 ¹⁸Ρεθὶ.ιιχιιι,15.
3306 4681 3350 4712 ’⁸
3388 4677 3533 4734 Psal.

279 4766 452 4818 CXLII,
481 4751 534 4803 ‘2.

280 4911 533 4963 videatur
573 4905 626 4959 in
663 4904 828 4978 Filio;
875 4904 1276 4978 nequeﬂaliqua
1300 4901 1725 4978 dissimilitudo,
1758 4913 1855 4956 aut
1885 4907 1929 4959 Ι)
1961 4919 2066 4978 non
2113 4903 2528 4978 substantialem
2571 4903 2625 4958 in
2672 4918 2731 4978 se
2775 4903 3109 4978 continentia
3153 4905 3474 4978 bonitatem.
3511 4925 3528 4956 ι

283 4980 539 5034 distantia
570 4977 827 5030 bonitatis
876 4975 929 5027 in
964 4973 1116 5029 Filio
1159 4984 1261 5028 est.
1300 4973 1529 5042 Propter
1561 4974 1703 5042 quod
1741 4987 1851 5026 non

281 5051 442 5103 debet
465 5049 605 5100 velut
640 5045 986 5114 blasphemia:
1023 5045 1241 5113 aliquod
1279 5059 1450 5112 genus
1480 5044 1660 5114 putari
1694 5044 1850 5114 in_eo

281 5119 427 5186 quod
463 5117 665 5170 dictqu
699 5111 781 5170 est
809 5133 822 5168 :
853 5113 1021 5167 Nemo
1060 5111 1380 5186 bonus,_nisi
1413 5111 1548 5165 unus
1572 5113 1714 5186 Deus
1738 5111 1851 5186 Pa-

284 5182 395 5252 fer;
429 5198 486 5241 ut
513 5197 794 5258 propterea
836 5191 1056 5258 putetur
1095 5186 1176 5238 vel
1209 5184 1479 5258 Christus,
1503 5183 1588 5236 vel
1617 5182 1850 5258 Spiritus

283 5254 528 5312 sanctus'
555 5254 739 5328 negari
775 5255 947 5328 quod
975 5256 1150 5328 bonus
1184 5254 1448 5328 sit;_scd,
1497 5261 1555 5306 ut
1579 5255 1852 5328 superius

282 5328 542 5397 diximus,
587 5322 1149 5397 principaiisbouitas
1192 5325 1245 5376 in
1297 5322 1733 5397 Deoseutienda
1769 5327 1853 5376 est

281 5396 462 5462 Patre,
489 5413 553 5451 ex
587 5393 696 5466 quo
741 5393 795 5451 et
826 5395 996 5450 Filius
1030 5403 1217 5466 natus,
1263 5404 1330 5466 et,
1350 5393 1584 5461 Spiritus
1623 5402 1847 5466 sanctus

282 5462 742 5536 procedens,'sine
777 5467 941 5521 dubio
989 5465 1246 5520 bonitatis
1285 5465 1687 5536 ejusquaturam
1716 5462 1845 5536 re_ti-

283 5531 432 5599 nent,
470 5553 591 5605 quae
618 5549 702 5592 est
727 5538 781 5591 iu
822 5553 886 5591 eo
928 5536 1074 5590 fonte
1107 5538 1172 5589 de
1199 5531 1426 5604 quove]
1458 5543 1616 5605 n_atus
1645 5543 1728 5588 est
1756 5531 1845 5605 Fit

283 5608 408 5670 lius,
441 5601 522 5658 vel
571 5608 868 5675 procedens
922 5605 1156 5675 Spiritus
1193 5601 1436 5660 sanctus.
1475 5601 1594 5675 Jam
1640 5617 1767 5675 vero
1796 5601 1843 5656 si

281 5693 385 5744 qua
425 5674 706 5731 bona’alia
740 5679 792 5729 in
837 5674 1133 5746 Scripturis
1163 5675 1440 5732 dicuntur.
1475 5674 1559 5727 vel
1595 5674 1840 5746 angelus,

282 5743 364 5800 vel
395 5748 577 5811 homo,
606 5749 688 5800 vel
724 5743 1031 5811 thesaurus,
1066 5747 1150 5800 vel
1188 5761 1281 5800 cor
1310 5747 1532 5808 bonum,
1564 5745 1646 5797 vel
1680 5743 1844 5796 arbor

282 5817 454 5882 bona;
484 5816 596 5872 haec
641 5818 822 5871 omnia
865 5817 1087 5871 abusive
1125 5817 1400 5881 dicuntur,
1428 5813 1837 5880 aecizlcntalcm,

1956 4973 2134 5042 Atque
2173 4975 2286 5028 haec
2336 4976 2402 5028 ad
2450 4976 2790 5044 purgandum
2837 4973 3122 5044 Origenem
3170 4975 3441 5039 valerent,
3486 4977 3533 5030 si

1956 5058 2066 5096 non
2106 5044 2368 5097 librorum
2406 5043 2621 5098 illorum
2653 5045 2792 5111 Περὶ
2836 5043 3038 5113 ἀρχῶν
3072 5044 3336 5115 interpres
3381 5044 3530 5099 Ruti~

1956 5128 2063 5167 nus
2101 5115 2154 5166 in
2184 5116 2398 5182 przefixa
2434 5117 2542 5169 iliis
2573 5116 2889 5183 piml'atioue
2920 5118 3172 5169 lectorem
3203 5119 3528 5180 monuisset,

1955 5198 2018 5237 ea
2043 5201 2100 5238 se
2121 5185 2203 5238 vel
2235 5186 2670 5253 prietermisissc,
2700 5186 2779 5238 νει
2811 5197 3072 5251 mutasse,
3098 5187 3299 5254 quibus
3331 5186 3387 5240 S.
3417 5184 3534 5238 Tri-

1955 5254 2139 5308 nitatis
2170 5257 2428 5328 majestas
2451 5257 2568 5328 belli
2596 5257 2897 5328 videbatur.
2925 5254 3021 5310 llic
3050 5273 3178 5327 ergo
3210 5256 3532 5328 Origeniana

1955 5336 2139 5379 nostra
2175 5327 2387 5379 consuli
2416 5327 2600 5379 velim.
2638 5325 2898 5379 IiUETiUS.

2031 5395 2140 5464 (50)
2169 5399 2272 5462 Εἰς
2302 5397 2509 5466 αὐτόν.
2541 5397 2720 5466 Codex
2760 5396 2975 5466 lit-gius,
3002 5396 3138 5466 πρὸς
3169 5394 3348 5466 αὐτόν.

2023 5467 2134 5538 (51)
2180 5468 2362 5538 Codex
2399 5464 2628 5536 Regius,
2663 5465 2840 5519 πλεῖον
2885 5465 2991 5538 γὰρ
3021 5464 3055 5536 ή
3087 5465 3341 5536 ὑποδοχή.
3385 5464 3528 5534 Lege

1951 5534 2149 5609 πλείων
2175 5535 2288 5609 γὰρ
2314 5539 2346 5608 ἡ
2380 5534 2642 5609 ὑπεροχή.

2018 5606 2135 5675 (52)
2180 5605 2361 5678 Codex
2390 5605 2645 5678 Regius,
2673 5606 3001 5677 λεγομένων.
3047 5605 3218 5660 Paulo
3246 5616 3370 5676 post
3408 5606 3526 5677 lege

1949 5675 2195 5730 λέλεκται
2225 5677 2280 5730 δὲ
2307 5677 2442 5749 πρὸς
2475 5675 2626 5749 αὐτὸ,

2022 5748 2134 5819 (55)
2179 5746 2468 5815 Ὀρείλετε
2497 5748 2715 5818 λέγειν,
2747 5757 2849 5806 etc,
2877 5746 3008 5806 Luc.
3040 5748 3171 5817 xvii,
3200 5747 3286 5816 10,
3314 5747 3516 5819 λέγετε.
