4032 6308
551 384 691 444 128⁸5

2008 380 2344 459 ,οιιιοιεκιε

3672 386 3815 446 ﬂii-1

551 505 647 563 Dei
686 508 742 563 in
792 514 1087 577 conspectu
1130 502 1321 568 fuerit;
1371 503 1443 558 ita
1498 519 1681 559 coram
1712 506 1856 560 bono
1888 505 2110 560 Deobo-

2221 504 2352 557 Θεοῦ
2395 504 2731 576 δικαιοσύνη·
2775 503 2947 569 οὕτως
2994 503 3117 559 οὐδὲ
3167 505 3366 574 ἀγαθὸς
3410 503 3814 577 χρηματίσειεν

552 616 681 654 nun.
710 612 1051 668 nequaquam
1076 595 1404 666 appellatum
1437 596 1523 663 iri,
1557 597 1651 665 qui
1694 612 1819 651 cum
1852 595 2122 652 inferiori-

550 689 651 743 bus
685 694 1051 756 comparatus,
1082 686 1209 741 boni
1243 701 1441 741 nomen
1478 687 1788 742 meruisset.

618 778 704 830 Η.
742 776 822 831 Ac
853 776 1000 831 dicat
1040 775 1276 832 fortasse
1320 777 1517 848 aliquis
1555 785 1967 847 cognoscentem
1994 775 2123 832 Ser-

545 875 786 921 vatorem
840 867 1231 937 interrogantis
1277 867 1619 922 aﬂ‘ectionem
1667 877 1722 922 et
1762 868 2118 935 voluntatem,

542 973 664 1029 qua:
702 958 935 1014 multum
978 959 1165 1013 aberat
1213 965 1275 1012 ut
1326 958 1529 1012 bonum
1589 972 1751 1013 omne
1788 957 1841 1011 in
1884 956 2120 1014 hominis

542 1058 807 1119 potestate
857 1048 1097 1119 positum
1150 1056 1453 1118 praestaret,
1507 1048 1861 1118 interroganti
1908 1048 1958 1103 ei
2016 1048 2059 1080 ¹⁷
2101 1065 2117 1104 :

545 1159 566 1191 ι
597 1140 741 1207 Quid
771 1141 899 1195 boni
932 1140 1171 1196 faciam?
1210 1158 1230 1191 ι
1262 1139 1613 1210 respondisse
1649 1157 1663 1193 :
1698 1157 1717 1190 ι
1748 1137 1890 1205 Quid
1926 1155 2014 1195 me
2042 1139 2122 1194 in-

540 1240 785 1303 terrogas
829 1233 897 1288 de
946 1232 1127 1287 bono?
1182 1251 1202 1285 ›
1240 1246 1306 1286 ac
1348 1232 1395 1286 si
1434 1230 1709 1286 dixisset:
1744 1229 1815 1287 lis
1851 1232 2118 1287 obeundis

537 1323 824 1392 praeceptis
852 1336 977 1392 quae
1007 1322 1075 1376 de
1106 1322 1252 1377 bono
1286 1319 1388 1375 tibi
1422 1320 1657 1389 tradam,
1691 1320 2117 1392 haudquaquam

536 1419 784 1480 paratus,
826 1410 1031 1480 quaeris
1078 1411 1212 1480 quid
1258 1411 1387 1465 boni
1419 1410 1625 1469 faciens
1657 1414 1821 1470 vitam
1858 1423 2116 1471 aeternam

534 1505 912 1574 consequeris.
946 1502 1152 1558 Deinde
1183 1519 1353 1558 unum
1382 1519 1511 1560 vere
1541 1506 1744 1560 bonum
1774 1521 1897 1563 esse
1936 1508 2116 1573 docet,

536 1597 604 1651 de
628 1611 740 1666 quo
769 1597 821 1651 id
846 1596 924 1650 ait
951 1595 1039 1650 lex
1070 1595 1115 1629 η
1151 1614 1165 1650 :
1203 1614 1222 1647 ι
1252 1596 1416 1664 Audi,
1447 1596 1635 1665 Israel,
1667 1597 1933 1656 Dominus
1970 1599 2115 1656 Deus

535 1694 742 1750 noster,
777 1684 1045 1740 Dominus
1066 1700 1210 1741 unus
1243 1695 1363 1753 est;
1402 1706 1421 1738 ι
1451 1688 1664 1758 proprie
1691 1691 1834 1744 enim
1863 1688 2116 1746 Servator

535 1777 626 1831 ille
651 1786 752 1843 est,
785 1777 1004 1848 pr0prie
1025 1775 1314 1845 Dominus,
1356 1787 1411 1833 et
1447 1780 1664 1849 proprie
1693 1780 1890 1849 bonus,
1930 1797 1960 1835 a
2001 1796 2111 1852 quo

2223 592 2453 646 ἐνώπιον
2481 592 2576 646 τοῦ
2607 592 2812 662 ἀγαθοῦ
2859 591 2995 647 Θεοῦ
3020 596 3129 659 πᾶς
3159 594 3217 658 ὃς
3252 595 3389 666 πρὸς
3417 593 3534 667 (54)
3569 594 3642 650 τὰ
3676 596 3811 650 ὑπο-

2219 682 2475 755 δεέστερα
2509 684 2793 756 συγκρίσει
2826 686 3048 740 ἐκείνων
3072 686 3275 755 ἀγαθὸς
3302 686 3365 740 ἂν
3387 686 3635 759 λεχθείη.

2289 775 2514 844 Λέγοιτο
2543 776 2588 829 δ’
2619 776 2686 831 ἂν
2715 777 2821 830 ὑπό
2850 795 3014 845 τινος,
3054 779 3131 842 ὡς
3168 778 3277 851 ἀρα
3304 779 3595 848 γινώσκων
3637 783 3667 835 ὁ
3690 783 3808 836 Σω-

2218 866 2324 939 τὴρ
2365 866 2466 940 τὴν
2514 868 2610 922 τοῦ
2678 869 3082 941 πυνθανομένου
3139 869 3255 936 ἒξιν
3308 871 3405 923 καὶ¹
3452 871 3801 944 προαίρεσιν,

2219 956 2361 1012 πάνυ
2404 957 2737 1014 ἀποδέουσαν
2776 960 2869 1013 τοῦ
2909 963 3084 1017 ποιεῖν
3124 958 3186 1014 τὸ
3230 961 3454 1030 ἐφικτὸν
3490 961 3803 1035 ἀνθρώποις

2218 1050 2422 1118 ἀγαθὸν
2444 1092 2459 1117 ,
2522 1047 2674 1106 εἶπεν
2722 1051 2872 1122 αὐτῷ
2925 1053 3341 1125 πυνθανομένῳ·
3408 1072 3429 1105 ι
3477 1055 3538 1108 Τί
3578 1057 3796 1125 ἀγαθὸν

2219 1144 2459 1214 ποιήσω;
2499 1162 2517 1195 ι
2553 1144 2614 1198 τό
2633 1158 2647 1175 ·
2683 1164 2703 1196 ι
2730 1144 2795 1197 Τί
2819 1161 2886 1215 με
2903 1146 3185 1218 ὲπερωτᾷς
3211 1147 3341 1218 περὶ
3367 1146 3465 1200 τοῦ
3490 1147 3683 1215 ἀγαθοῦ
3705 1167 3721 1215 ;
3754 1170 3778 1203 ι

2215 1233 2348 1287 ὡσεὶ
2378 1234 2550 1304 ἔλεγε·
2577 1237 2668 1307 Μὴ
2697 1239 3215 1309 παρεσκευασμένος
3243 1237 3318 1291 ὢν
3348 1239 3487 1310 πρὸς
3508 1240 3579 1293 τὰ
3593 1239 3793 1318 λεχθῇ--⁸

2217 1324 2420 1397 σόμενα
2478 1326 2544 1382 ἂν
2589 1329 2718 1401 περὶ
2756 1329 2851 1383 τοῦ
2897 1329 3135 1398 ἀγαθοῦ,
3191 1331 3438 1407 πυνθάνῃ
3485 1331 3543 1385 τί
3592 1333 3779 1400 ἀγαθὴν

2215 1419 2468 1495 ποιήσας,
2509 1418 2654 1491 ζωὴν
2695 1418 2913 1473 αἰώνιον
2961 1421 3388 1493 κληρονομήσεις
3406 1461 3420 1475 .
3468 1418 3610 1476 Εἶτα
3651 1422 3787 1475 διδα-

2216 1528 2356 1574 σκει,
2400 1513 2481 1566 ὅτι
2529 1512 2746 1584 ἀληθῶς
2787 1513 2991 1582 ἀγαθὸς
3031 1510 3113 1579 εἷς
3158 1517 3295 1581 ἐστι,
3344 1518 3472 1587 περὶ
3519 1510 3583 1570 οὗ
3628 1516 3720 1568 καὶ
3761 1516 3789 1569 ὁ

2213 1601 2377 1672 νόμος
2403 1601 2555 1670 λέγει
2585 1602 2675 1655 τό·
2735 1621 2755 1654 ι
2791 1604 3012 1669 Ἀκουε,
3071 1603 3304 1676 Ἰσραήλ·
3341 1605 3548 1676 Κύριος
3592 1607 3623 1658 ὁ
3664 1604 3788 1669 Θεὸς

2211 1694 2369 1766 ἡμῶν
2397 1694 2600 1768 Κύριός
2623 1697 2740 1749 ἐστι
2766 1694 2877 1768 (55)
2899 1713 2913 1728 ·
2952 1716 2972 1750 ι
3004 1697 3209 1768 κυρίως
3242 1698 3349 1769 γὰρ
3377 1700 3405 1751 ὁ
3437 1697 3653 1771 Σωτὴρ,
3698 1698 3790 1754 καὶ

2212 1786 2414 1858 κυρίως
2445 1788 2675 1860 Κύριος,
2700 1787 2795 1841 καὶ
2830 1788 3036 1857 κυρίως
3074 1788 3277 1858 ἀγαθὸς
3319 1784 3474 1852 οὗτός
3518 1791 3690 1855 ἐστιν,
3728 1791 3789 1846 ὃν

534 1869 717 1924 omnia
748 1879 809 1924 ut
846 1870 988 1924 bona
1021 1869 1137 1925 fieri
1184 1885 1505 1940 persuasum
1537 1872 1729 1928 habeo.
1762 1872 1983 1940 Quaeres
2015 1891 2110 1930 au-

2217 1876 2473 1949 πείθομαι
2508 1879 2685 1933 πάντα
2711 1878 2788 1942 ὡς
2813 1878 3014 1947 ἀγαθὸν
3043 1881 3236 1932 ποιεῖν.
3268 1880 3534 1950 Ζητήσεις
3575 1880 3635 1934 δὲ
3675 1880 3786 1944 πῶς

536 1970 642 2018 tem
666 1962 941 2033 quomodo
968 1961 1265 2017 bonitatem
1291 1962 1436 2019 illius
1461 1978 1525 2018 ea
1550 1965 1711 2019 etiam
1733 1966 1962 2035 spirent,
1989 1982 2111 2037 quae

533 2055 698 2109 abiis
734 2053 960 2108 minime
992 2052 1393 2124 intelliguntur,
1422 2055 1519 2126 qui
1556 2054 1728 2111 Deum
1756 2056 1913 2127 legis,
1936 2074 2112 2130 quan-

532 2156 647 2201 tum
681 2146 736 2200 in
768 2161 828 2202 se
872 2154 979 2211 est,
1028 2146 1454 2212 calumniantur,
1492 2161 1731 2218 eumque
1769 2148 1875 2203 hoc
1924 2150 2111 2205 crimi-

529 2246 733 2293 nantur
754 2236 996 2303 nomine,
1037 2250 1147 2306 quo
1174 2249 1244 2291 ne
1271 2234 1549 2290 hominem
1572 2235 1790 2306 quidem
1825 2237 2115 2308 reprehen-

527 2334 657 2389 dere
676 2340 986 2404 promptum
1024 2331 1184 2388 foret.
1225 2332 1320 2388 Sic
1347 2332 1493 2387 enim
1521 2331 1765 2387 animum
1813 2348 1995 2388 meum
2027 2334 2110 2388 in-

526 2427 692 2493 duco,
734 2440 844 2480 non
887 2425 1071 2481 minus
1114 2425 1170 2480 id
1200 2424 1297 2481 Dei
1344 2424 1644 2480 bonitatem
1678 2424 1987 2494 signiﬁcare
2019 2425 2060 2458 "
2091 2442 2105 2480 :

530 2536 553 2571 ι
591 2517 704 2589 Ego
726 2516 992 2583 occidam,
1046 2535 1065 2569 ι
1121 2525 1286 2587 atque
1318 2516 1450 2571 illud
1481 2533 1496 2572 :
1533 2535 1552 2567 ι
1592 2514 1661 2570 Ει
1687 2530 1788 2586 ego
1814 2516 1997 2572 vivere
2028 2516 2109 2571 fa-

526 2609 703 2675 ciam;
740 2627 759 2661 ι
814 2609 942 2664 item
984 2608 1223 2664 ethoc:
1268 2625 1287 2660 ι
1338 2607 1676 2675 Percutiam;
1716 2626 1735 2659 ι
1776 2608 1917 2663 haud
1948 2623 2107 2664 secus

526 2718 593 2758 ac
622 2720 638 2757 :
667 2720 688 2756 ι
731 2701 796 2758 Ει
832 2717 934 2774 ego
982 2701 1209 2758 sanabo.
1261 2719 1282 2755 ι
1316 2699 1472 2769 Quod
1508 2702 1551 2757 si
1598 2702 1805 2757 doloris
1841 2702 1930 2756 ille
1968 2717 2107 2756 non-

524 2810 808 2866 nunquam
838 2804 1028 2851 auctor
1066 2802 1169 2859 est,
1214 2793 1500 2850 sciendum
1532 2803 1616 2850 est
1664 2793 1936 2849 medicum
1967 2809 2107 2865 quo-

522 2904 634 2959 que
662 2903 806 2958 saepe
841 2885 1047 2942 doloris
1080 2893 1356 2940 auctorem
1390 2886 1577 2941 esse”
1613 2904 1625 2939 :
1660 2893 1719 2940 at
1747 2884 1990 2940 dolorem
2022 2885 2105 2939 in-

524 2980 739 3034 cutiens
766 2978 930 3044 Deus,
960 2993 1157 3034 rursus
1187 2976 1409 3033 sanitati
1449 2977 1723 3044 rcStituit;
1767 2977 1841 3032 ita
1886 2985 1943 3032 et
1966 2991 2105 3047 quos

522 3070 815 3141 percussit,
867 3070 1112 3126 bonitate
1155 3083 1256 3124 sua
1302 3068 1572 3124 adductus
1611 3069 1903 3138 percussit.
1953 3068 2102 3135 Quos

521 3161 671 3216 enim
700 3159 962 3230 corripit:
986 3177 1006 3211 ι
1036 3158 1319 3227 Tanquam
1347 3156 1472 3214 [iliis
1502 3173 1561 3213 se
1586 3157 1747 3212 offert
1777 3157 1951 3224 Deus;
1978 3157 2104 3229 quis

2213 1968 2310 2038 τῆς
2335 1968 2669 2040 ἀγαθότητος
2703 1969 2867 2023 αὐτοῦ
2902 1972 3026 2023 πνεῖ
3055 1970 3149 2023 καὶ
3188 1969 3256 2024 τὰ
3291 1969 3365 2041 μὴ
3393 1970 3664 2041 νοούμενα
3684 1969 3785 2026 ὑπὸ

2209 2057 2319 2111 τῶν
2347 2059 2471 2112 ὅσον
2503 2061 2588 2129 ἐφ’
2615 2061 2829 2124 ἑαυτοῖς
2857 2060 3334 2129 συκοφαντούντων
3371 2061 3460 2115 τὸν
3502 2060 3599 2114 τοῦ
3623 2063 3784 2133 νόμου

2210 2146 2342 2203 Θεὸν
2366 2149 2501 2222 (⁵56),
2552 2151 2648 2205 καὶ
2698 2152 3148 2225 κατηγορούντων
3189 2150 3352 2206 αὐτοῦ
3401 2153 3438 2207 ἃ
3486 2155 3609 2209 οὐδὲ
3662 2154 3785 2229 rapi

2209 2239 2497 2312 ἀνθρώπου
2523 2243 2729 2314 ταχέως
2756 2243 2866 2315 (57)
2895 2244 3072 2313 λέγειν
3098 2243 3320 2298 εὔκολόν
3348 2247 3465 2299 ἐστι
3484 2261 3500 2276 ·
3531 2246 3786 2318 πείθομαι

2208 2331 2318 2403 γὰρ
2348 2331 2483 2386 Θεοῦ
2515 2332 2849 2406 ἀγαθότητος
2898 2338 3054 2389 πνεῖν
3115 2336 3212 2390 καὶ
3257 2336 3352 2389 τό·
3397 2356 3417 2387 ι
3464 2336 3608 2406 Ἐγὼ
3655 2340 3786 2392 ἀπο-

2209 2423 2403 2491 κτενῶ,
2430 2444 2448 2477 ι
2477 2425 2579 2479 οὐκ
2599 2425 2820 2481 ἔλαττον
2835 2426 2948 2481 τοῦ·
2974 2446 2992 2480 ι
3015 2428 3125 2482 Καὶ
3147 2427 3247 2499 ζῇν
3279 2429 3511 2500 ποιήσω·
3535 2448 3555 2481 ι
3584 2430 3785 2502 ὁμοίως

2206 2514 2263 2568 δὲ
2295 2515 2390 2569 καὶ
2420 2515 2510 2569 τό·
2559 2534 2578 2568 ι
2608 2516 2863 2583 Πατάξω,
2905 2537 2925 2570 ι
2958 2518 3056 2589 οὐχ
3082 2514 3244 2591 ἦττον
3274 2518 3369 2571 τοῦ
3391 2535 3406 2549 ·
3456 2537 3477 2570 ι
3512 2518 3684 2589 Κάγὼ
3707 2521 3785 2574 ia-

2208 2624 2393 2679 σομαι.
2440 2627 2458 2660 ι
2505 2610 2569 2662 Et
2602 2608 2660 2663 δὲ
2699 2611 2792 2663 καὶ
2839 2610 3004 2675 αὐτὸς
3048 2609 3234 2678 ἀλγεῖν
3270 2611 3435 2676 ποιεῖ,
3490 2611 3663 2664 ίστέον
3702 2611 3785 2664 ὅτι

2205 2699 2464 2764 πολλάκις
2490 2701 2584 2754 καὶ
2612 2700 2796 2771 ἰατρὸς
2826 2699 3012 2770 ἀλγεῖν
3044 2703 3206 2754 ποιεῖ·
3239 2702 3471 2773 ποιήσας
3505 2700 3564 2754 δὲ
3584 2702 3771 2772 ἀλγεῖν

2202 2793 2233 2846 ὁ
2264 2792 2416 2860 Θεὸς,
2454 2793 2617 2848 πάλιν
2644 2792 3099 2864 ἀποκαθίστησιν·
3143 2790 3288 2846 οὕτω
3311 2792 3368 2846 δὲ
3394 2793 3489 2847 καὶ
3518 2792 3626 2846 ἀπὸ
3646 2794 3785 2862 ἀγα-

2204 2882 2451 2956 θότητος,
2479 2882 2575 2947 οὓς
2603 2883 2850 2948 ἔπαισεν,
2882 2882 3126 2936 ἔπαισεν·
3163 2900 3182 2933 ι
3228 2882 3317 2945 Ὠς
3353 2881 3461 2954 γὰρ
3492 2883 3627 2946 υἱοῖς
3669 2886 3783 2948 τοῖς

2202 2974 2622 3047 παιδευομένοις
2650 2973 3021 3047 προσφέρεται
3059 2973 3089 3026 ὁ
3126 2972 3260 3037 Θεός
3278 2990 3295 3004 ·
3324 2973 3406 3037 τίς
3444 2974 3548 3046 γὰρ
3579 2973 3692 3038 υίὸς
3714 2975 3777 3028 δν

2201 3065 2265 3120 οὐ
2285 3067 2532 3121 παιδεύει
2559 3066 2779 3138 πατήρ;
2814 3085 2834 3118 ι
2873 3064 3036 3118 Ἀλλά
3063 3063 3160 3118 καὶ
3186 3082 3204 3116 ι
3228 3066 3369 3118 πᾶσα
3398 3062 3610 3117 παιδεία
3630 3065 3768 3135 πρὸς

2201 3155 2263 3211 τὸ
2292 3157 2465 3229 παρὸν
2494 3159 2555 3212 οὐ
2595 3158 2742 3211 δοκεῖ
2770 3158 2944 3228 χαρᾶς
2969 3152 3134 3217 εἶναι.
3175 3154 3305 3211 ἀλλὰ
3327 3154 3518 3226 λύπης·
3542 3154 3771 3228 ὕστερον

521 3253 668 3309 enim
701 3252 846 3307 ﬁlius
871 3266 1033 3322 quem
1066 3263 1175 3304 non
1205 3249 1432 3319 corripit
1460 3257 1614 3319 pater
1631 3249 1654 3302 ?
1672 3269 1690 3300 ι
1710 3247 1913 3304 Verum
1936 3267 1955 3302 ι
1980 3264 2102 3305 om-

2213 3249 2261 3304 Βὲ
2294 3251 2504 3323 καρπὸθ
2539 3249 2814 3323 εἰρηνικὸν
2845 3252 2958 3314 τοῖς
2999 3249 3067 3303 δι’
3102 3250 3269 3321 αὐτῆς
3307 3247 3776 3319 γεγυμνασμένοις

522 3345 610 3400 nis
636 3341 926 3414 disciplina
962 3342 1016 3397 in
1048 3341 1303 3411 praesenti
1343 3339 1563 3412 quidem
1598 3339 1815 3395 videtur
1841 3356 1948 3396 non
1976 3356 2100 3400 esse

2213 3341 2493 3397 ἀποδίδωσι
2516 3342 2881 3414 δικαιοσύνης.
2917 3361 2935 3395 ι
2972 3341 3173 3413 Διόπερ
3200 3341 3274 3405 ὡς
3298 3340 3521 3395 έπαισεν
3562 3342 3592 3394 ὁ
3623 3340 3776 3408 Θεὸς,

521 3430 685 3502 667
721 3428 924 3501 gaudii,
954 3429 1049 3484 sed
1076 3428 1331 3484 motroris
1364 3447 1380 3483 :
1416 3437 1604 3498 postea
1645 3436 1828 3485 autem
1861 3429 2098 3487 fructum

2213 3429 2379 3495 οὕτως
2418 3432 2513 3486 καὶ
2559 3432 2765 3487 ἰάσατο·
2808 3430 3005 3503 ἀληθὲς
3044 3430 3153 3501 γάρ
3193 3429 3280 3483 τό·
3330 3446 3351 3480 ι
3391 3426 3645 3492 Ἕπαισε,
3686 3428 3780 3483 καὶ

519 3523 931 3592 pacatissimum
957 3518 1266 3576 exercitatis
1286 3535 1380 3590 per
1395 3534 1517 3575 eam
1546 3520 1723 3576 reddit
1738 3520 1966 3590 justitize
1993 3522 2095 3578 “.r

2213 3524 2261 3576 αἱ
2311 3525 2491 3594 χεῖρες
2532 3521 2696 3576 αὑτοῦ
2742 3522 2981 3576 ίάσαντο.
3013 3540 3031 3572 ι
3066 3521 3131 3574 Et
3166 3520 3261 3573 καὶ
3295 3518 3599 3590 παράδοξον
3627 3518 3685 3571 δὲ
3718 3517 3779 3570 τὸ

519 3613 730 3669 Idcirco
752 3613 1213 3682 quemadmodum
1239 3613 1508 3683 percussit
1536 3611 1703 3681 Deus,
1746 3613 1821 3669 ita
1856 3622 1910 3669 et
1937 3629 2098 3671 sana-

2213 3615 2618 3688 λεχθησόμενον,
2652 3616 2803 3685 ὅμως
2829 3613 3169 3685 λεχθήσεται.
3225 3611 3461 3680 Ἀγαθοῦ
3490 3610 3627 3665 Θεοῦ
3665 3612 3776 3664 ὀνο-

517 3706 628 3773 vit;
654 3720 840 3761 verum
874 3705 1020 3760 enim
1051 3704 1184 3760 illud
1219 3713 1303 3760 est
1324 3706 1370 3736 ”
1399 3721 1412 3760 :
1444 3723 1464 3757 ‹
1496 3702 1791 3773 Percussit,
1817 3713 1873 3761 et
1902 3721 2098 3763 manus

2213 3707 2513 3779 μαξάμενος
2542 3706 2713 3778 θυμὸς
2743 3706 2904 3777 ἔργον
2939 3704 3201 3776 σωτήριον
3227 3705 3374 3756 ποιεῖ
3400 3702 3659 3772 ἐλέγχων,
3687 3700 3775 3755 καὶ

519 3799 640 3869 ejus
667 3806 1014 3855 sanaverunt.
1055 3816 1074 3850 ι
1112 3798 1183 3852 At
1207 3797 1459 3868 quamvis
1486 3805 1681 3868 praeter
1709 3798 1953 3853 omnium
1980 3799 2100 3870 opi-

2213 3800 2240 3871 ἡ
2286 3797 2551 3870 λεγομένη
2602 3797 2740 3869 ὀργὴ
2783 3796 2971 3860 αὐτοῦ,
3015 3795 3153 3849 ἐπει.
3180 3799 3328 3850 ἐστιν
3367 3795 3575 3866 ἀγαθοῦ
3621 3797 3772 3862 Θεοῦ,

519 3889 740 3943 nionem
769 3889 839 3944 sit
867 3888 1013 3960 quod
1068 3888 1301 3955 dicetur,
1333 3888 1547 3945 dicetur
1589 3896 1805 3956 tamen;
1840 3888 1969 3944 boni
2002 3889 2096 3944 Dei

2213 3891 2470 3945 παιδεύει.
2505 3890 2684 3945 Πολλὰ
2713 3889 2757 3944 δ’
2798 3890 2864 3945 ἂν
2895 3889 3105 3959 λέγοιτο
3137 3890 3272 3962 πρὸς
3295 3888 3423 3952 τοὺς
3451 3889 3772 3961 δυναμένους

1726 4004 1961 4062 VETUS
1996 4007 2579 4065 INTERPRETATIO.

517 4132 703 4199 specto
737 4122 854 4199 Dei,
887 4133 1148 4199 quantum
1182 4126 1248 4199 ad
1279 4125 1740 4199 comparationem
1785 4125 2045 4182 bonitatis
2073 4125 2238 4195 illius,
2274 4128 2525 4199 quamvis
2567 4135 2830 4198 quantum
2862 4125 2929 4181 ad
2960 4124 3427 4195 comparationem
3458 4132 3767 4179 ceterorum

521 4193 807 4266 hominum
842 4193 1017 4249 bonus
1046 4193 1532 4266 quis'appellétur.

554 4262 913 4349 ποις-βω
932 4272 1124 4349 autem
1151 4261 1350 4335 poterit
1372 4269 1517 4349 quis,
1548 4268 1809 4349 quoniam
1848 4266 2028 4349 sciens
2059 4266 2721 4349 Dominuspropositumn
2740 4263 3296 4349 interrogantissatis
3332 4262 3632 4349 abesse_ut
3658 4261 3769 4349 fa-

518 4331 629 4385 ciat
650 4332 736 4385 vel
758 4331 1059 4407 humanum
1093 4331 1317 4407 bonum,
1362 4331 1501 4391 dixit
1539 4331 1589 4390 ei
1624 4337 1982 4407 interroganti
2018 4356 2031 4391 :
2082 4355 2100 4389 ι
2142 4337 2289 4407 Quid.
2324 4331 2471 4392 b'oni'
2488 4336 2721 4407 faciam?
2763 4335 2904 4407 Quid
2953 4331 3044 4390 ine
3079 4336 3385 4407 interrogas
3415 4334 3484 4389 de
3535 4332 3763 4407 bonan

518 4409 777 4477 tanquam
799 4401 850 4477 si
886 4402 1031 4456 dicat
1061 4421 1073 4456 :
1108 4403 1244 4458 Cum
1272 4407 1349 4459 sis
1389 4406 1688 4477 imparatus
1717 4407 1784 4460 ad
1812 4401 1877 4477 ea
1913 4422 2034 4476 quae
2063 4401 2320 4462 dicuntur
2355 4409 2523 4472 bona,
2557 4406 2691 4477 quid
2739 4421 2824 4460 me
2856 4406 3159 4477 interrogas
3188 4405 3255 4459 de
3286 4401 3449 4468 bono,
3478 4402 3609 4473 quid
3648 4401 3770 4477 boni

517 4469 724 4546 faciens
761 4472 928 4546 vitam
970 4480 1226 4546 aeternam
1252 4469 1560 4544 posside'bis
1588 4494 1601 4530 :
1626 4486 1681 4531 et
1711 4477 1792 4531 sic
1819 4469 1977 4531 docet
2000 4478 2261 4546 quoniam
2285 4493 2410 4533 vere
2442 4469 2589 4532 un'us'
2609 4485 2692 4532 est
2719 4477 2918 4530 bonus.
2955 4469 3258 4546 Considera
3289 4482 3471 4546 autem
3496 4469 3769 4542 quomodo

524 4542 822 4615 bonitatem
854 4541 975 4611 ejus
997 4542 1181 4597 omnia
1213 4541 1434 4612 sperant
1460 4546 1624 4615 etiam
1672 4561 1738 4600 ea
1769 4560 1892 4615 quae
1910 4541 2163 4602 videntur
2192 4549 2464 4603 contraria
2500 4562 2622 4601 esse
2647 4565 2661 4600 :
2687 4547 2847 4615 quale
2873 4553 2957 4599 cst
2984 4566 2994 4599 :
3035 4564 3053 4596 ι
3094 4543 3207 4615 Ego
3247 4541 3639 4615 percutiam,“
3678 4556 3771 4615 ego

527 4613 772 4688 occidam
796 4631 811 4674 ;
845 4631 864 4664 ι
892 4627 1000 4688 non
1027 4617 1209 4668 Illll'tllS
1237 4629 1399 4688 quam
1427 4614 1573 4688 quod
1596 4616 1728 4669 dicit
1762 4613 1826 4688 ες(
1854 4614 1920 4688 Ει
1949 4617 2133 4688 νει-ονε
2154 4618 2368 4688 faciam,
2393 4628 2447 4672 et
2466 4632 2566 4688 ego
2600 4613 2857 4688 sanatio.)
2882 4616 2952 4688 lit
2975 4615 3020 4668 si
3048 4613 3163 4688 ipse
3187 4613 3317 4668 facit
3342 4613 3613 4688 dolorem,
3638 4613 3771 4688 seire

515 4683 777 4739 debemus
802 4682 1058 4752 quoniam
1082 4693 1137 4738 et
1167 4683 1410 4739 medicus
1437 4682 1750 4753 frequenter
1780 4685 1913 4739 facit
1943 4687 2211 4741 dolorem.
2248 4682 2478 4743 Fac‘iens
2501 4682 2660 4741 'enim
2689 4684 2837 4740 Deus
2865 4682 3108 4740 dolorem
3140 4684 3333 4738 iterum
3377 4682 3635 4753 restituit.
3686 4682 3770 4753 Sic

515 4761 569 4806 et
595 4768 662 4807 ex
691 4751 932 4809 bonitate
967 4768 1107 4823 quos
1133 4754 1386 4823 percutit,
1415 4751 1651 4824 percutit
1697 4756 1855 4823 quasi
1888 4755 2050 4811 filios.
2090 4775 2108 4809 ι
2148 4756 2283 4824 Quis
2310 4758 2456 4813 enim
2485 4767 2568 4813 est
2598 4756 2743 4810 filius
2792 4769 2953 4824 quem
2990 4770 3099 4808 non
3135 4754 3361 4824 corripit
3392 4752 3641 4824 pater?!
3672 4751 3769 4805 Sed

515 4832 571 4877 et
594 4840 612 4897 ι
635 4825 815 4897 omnis
832 4822 1119 4897 disciplina
1134 4822 1216 4879 ’ad
1240 4822 1479 4897 praesens
1505 4832 1614 4880 nOu
1638 4822 1852 4897 videtur
1865 4840 1986 4880 esse
2010 4822 2215 4897 gaudii,
2241 4828 2336 4883 sed
2354 4828 2608 4884 maeroris
2632 4843 2647 4882 :
2670 4822 3016 4896 postmodum
3034 4832 3215 4897 autem
3229 4822 3466 4878 fructum
3488 4822 3768 4897 pacificum

518 4892 709 4973 reddet
744 4894 825 4948 eis
853 4893 950 4973 qui
968 4889 1065 4963 per
1092 4909 1215 4973 eam
1240 4889 1632 4973 exercitantur.
1666 4913 1685 4947 ι
1715 4889 2036 4966 Propterea;
2073 4889 2218 4973 sicu_t
2237 4901 2472 4973 percutit
2504 4889 2687 4973 Deus;
2700 4897 2781 4950 sic
2810 4904 2865 4950 et
2898 4903 3079 4973 sanat.
3111 4892 3308 4973 Verum
3338 4901 3422 4973 est
3455 4889 3601 4946 enim
3624 4889 3771 4973 quod

515 4962 817 5035 scribitur:
854 4961 881 5013 ι
912 4961 1207 5035 Percussit,
1239 4973 1296 5019 et
1328 4980 1525 5020 manus
1572 4965 1691 5034 ejus
1723 4961 2075 5022 sanaverunt.
2124 4987 2143 5020 ι
2178 4961 2253 5022 Et
2282 4969 2329 5023 si
2359 4983 2560 5024 novum
2587 4961 2802 5020 videtur
2838 4965 2981 5035 quod
3009 4964 3191 5018 dicere
3217 4963 3362 5030 volo,
3389 4970 3570 5016 tamen
3593 4961 3728 5035 dico
3755 4976 3770 5014 :

512 5030 769 5108 BoniDci
798 5040 881 5094 est
910 5032 1025 5108 ipse
1058 5050 1277 5108 quoque
1300 5037 1409 5108 qui
1431 5030 1635 5108 dicitur
1666 5035 1820 5108 furor
1854 5036 1974 5105 ejus
2012 5055 2026 5092 :
2072 5040 2330 5108 quoniam
2374 5054 2514 5108 cpus
2545 5030 3022 5108 salutisgopératur
3050 5048 3287 5108 arguens
3314 5051 3329 5100 ;
3356 5040 3556 5108 etquae
3572 5031 3770 5108 dicitur

512 5108 592 5160 ira
629 5102 769 5178 ejus,
795 5100 1053 5178 quoniam
1075 5100 1164 5160 est
1188 5100 1313 5160 boni
1333 5100 1466 5178 'Dei,
1489 5106 1718 5178 corripit
1735 5115 1800 5178 ut
1827 5100 2105 5162 emendet:
2135 5108 2200 5163 Et
2244 5100 2426 5162 multa'
2447 5116 2681 5178 possunt
2717 5100 2827 5178 dici
2858 5104 2925 5158 de
2949 5100 3193 5178 bonitate
3216 5103 3336 5170 ejus
3356 5101 3437 5178 ad
3458 5100 3770 5156 aedificatio-

510 5192 633 5231 nem
670 5171 974 5240 hominum,
1003 5182 1061 5227 ut
1085 5189 1192 5230 non
1215 5177 1614 5232 conturbentur
1640 5171 1708 5231 de
1734 5176 1974 5232 bonitate
2000 5179 2191 5248 ipsius.
2223 5178 2390 5233 Multa
2419 5171 2563 5233 enim
2591 5174 3056 5247 justerabscondit
3083 5187 3112 5226 a
3157 5172 3477 5227 timentibus
3508 5180 3689 5238 se,»ut
3709 5182 3770 5223 ne

510 5352 555 5382 ῃ
620 5294 658 5326 ιτ
685 5289 880 5348 Matth.
918 5304 1034 5362 XIX,
1066 5292 1153 5360 16,
1201 5295 1286 5348 17.
1401 5294 1444 5327 ιο
1472 5293 1628 5350 Dem"
1673 5311 1749 5362 Ἡ,
1799 5296 1854 5350 4.
1963 5298 2004 5329 η
2033 5296 2105 5352 De

578 5363 683 5421 Job
707 5381 761 5421 v.
789 5361 882 5419 t8.

2239 5314 2413 5362 xxxii,
2444 5297 2534 5353 '59.
2647 5294 2692 5326 ³ο
2720 5290 2821 5348 Job
2888 5307 2942 5355 v,
2977 5290 3064 5344 18.
3171 5290 3214 5322 ³⁸
3243 5287 3407 5343 Hebr.
3466 5302 3568 5353 xu,
3601 5285 3655 5354 7,
3689 5285 3765 5341 tt.

583 5500 690 5573 (54)
716 5502 841 5569 Πᾶς
868 5499 941 5567 ὃς
968 5500 1138 5573 πρός,
1167 5506 1272 5554 etc.
1311 5496 1387 5553 Ita
1427 5498 1493 5573 ad
1536 5513 1686 5573 oram
1724 5497 1888 5573 habet
1916 5498 2084 5573 codex

511 5569 866 5638 Anglicanus,
894 5582 954 5628 at
990 5570 1045 5624 in
1080 5577 1361 5633 contextu,
1397 5570 1505 5632 πᾶς
1543 5570 1593 5631 ὁ,
1624 5569 2085 5632 Quemadmodum

510 5644 943 5779 eti§§§uir§pw¢
985 5712 1144 5767 ἐστι.
1191 5709 1404 5763 Denter.
1449 5723 1533 5779 vt,
1560 5708 1626 5772 4,
1658 5697 1801 5761 LXX
1846 5709 2090 5763 habent:

512 5775 712 5844 Κύριος
737 5775 825 5841 εἷς
850 5775 984 5847 ἐστι,
1014 5796 1064 5837 et
1106 5779 1369 5833 editiones
1402 5778 1687 5833 universae.
1725 5779 1982 5834 llus'nus.

1963 5298 2004 5329 ι’
2033 5296 2186 5353 Deut.
2239 5314 2413 5362 xxxii,
2444 5297 2534 5353 '59.

2270 5501 2380 5573 (56)
2410 5500 3096 5573 Συκοφαντούντωνᾷτὸν
3132 5498 3238 5573 τοῦ
3270 5498 3458 5566 νόμου
3485 5495 3654 5573 Sacr.
3690 5492 3769 5549 Si-

2199 5567 2585 5633 moniauoruni
2627 5573 2908 5639 videlicet,
2960 5569 3456 5626 Saturnilianorum
3509 5567 3764 5621 aliorum-

2200 5641 2672 5784 ηυῖἐῖέθῶαχέως.
2698 5712 2880 5770 Codex
2905 5711 3105 5781 Regius
3131 5709 3288 5780 τάχα,
3321 5722 3431 5763 non
3462 5706 3622 5761 male.
