4032 6308
245 394 396 453 ιέὃὲε
1235 405 1591 462 COMMENT.
1634 404 1698 458 IN
1738 401 1848 457 MN

1954 400 2153 461 UEUM
2194 403 2434 462 TOMUS
2465 405 2579 461 XV.
3399 411 3537 467 £296

240 514 321 585 μὴ
351 514 707 586 βλάπτεσθαι
732 523 862 593 περὶ
890 522 1226 594 ἁγαθότητος
1252 521 1411 589 Θεοῦ,
1434 525 1528 578 καὶ
1558 543 1577 575 ι
1600 523 1693 577 τοῦ
1720 523 1848 594 πλή-

1955 522 2126 589 furor,
2188 525 2267 578 uti
2323 524 2483 595 vulgo
2509 524 2833 595 appellatur,
2885 541 2997 579 rem
3042 526 3171 583 facit
3220 529 3539 594 salutarem,

237 606 373 669 υους
408 613 518 685 τῆς
552 612 916 686 χρηστότητος
952 614 1141 682 αὐτοῦ,
1178 634 1199 668 ι
1228 617 1294 686 ἢν
1318 615 1554 684 εὐλόγως
1595 633 1615 666 ι
1652 615 1848 688 ἔκρυψε

1962 629 2085 667 cum
2110 614 2337 683 corripit
2363 632 2377 668 :
2405 626 2459 669 et
2485 631 2607 685 qua:
2634 614 2806 683 ipsius
2831 615 2910 669 ira
2938 616 3158 679 dicitur,
3193 620 3542 689 quandoqui-

236 699 358 760 τοῖς
400 705 769 777 φοϐουμένοις
785 705 969 769 αὑτὸν,
995 706 1083 762 ἵνα
1108 708 1182 778 μὴ
1215 706 1309 761 τοῦ
1341 707 1570 762 πλούτου
1599 708 1701 779 τῆς
1720 725 1848 780 χρη·

1962 701 2082 755 detn
2121 702 2246 757 boni
2295 702 2389 757 Dei
2437 712 2539 768 est,
2586 704 2653 757 ad
2702 706 3138 760 emendationem
3175 710 3423 778 castigat.
3463 711 3544 762 Ac

239 786 527 866 ττότητος
552 794 742 863 αὑτοῦ,
765 800 860 849 καὶ
874 795 973 867 τῆς
990 797 1214 867 ἀνοχῆς,
1237 793 1331 850 καὶ
1363 797 1454 867 τῆς
1472 796 1848 869 μακροθυμίας

1962 795 2133 850 multa
2172 795 2391 864 quidem
2425 796 2493 850 iis
2525 811 2665 865 quos
2712 812 2776 851 ea
2816 813 2904 852 res
2944 798 3167 852 minime
3222 799 3540 867 oﬂ'enderct,

238 890 797 960 καταφρονήσαντες,
833 887 975 941 κατὰ
1004 887 1101 959 τὴν
1120 888 1328 942 ἑαυτῶν
1351 887 1716 961 σκληρότητα,
1752 890 1846 942 καὶ⁹

241 978 637 1050 ἀμετανόητον
687 978 917 1049 καρδίαν
960 978 1368 1050 θησαυρίσωσιν
1417 980 1632 1043 ἑαυτοῖς
1677 980 1846 1051 ὀργὴν

245 1069 511 1139 πλείονα,
550 1091 571 1124 ι
597 1071 665 1142 ἢν
690 1070 792 1124 οὐκ
835 1070 902 1124 ἂν
932 1068 1292 1143 ὲθησαύριζον
1332 1070 1712 1143 κρυπτομένου
1756 1070 1847 1123 τοῦ

243 1160 500 1234 πλήθους
536 1162 640 1233 τῆς
664 1163 1036 1235 χρηστότητος
1067 1162 1160 1218 τοῦ
1187 1162 1322 1216 Θεοῦ
1349 1162 1553 1225 αὐτοῖς.
1582 1162 1719 1233 Περῖ¹
1753 1161 1850 1232 μὲν

240 1249 343 1307 οὖν
366 1253 469 1307 τοῦ
492 1270 508 1285 ο
548 1273 568 1305 ι
609 1255 706 1319 Τίς
730 1256 758 1308 ὁ
779 1254 1003 1325 ἀγαθὸς,
1033 1274 1052 1307 ι
1080 1254 1175 1309 καὶ
1198 1254 1335 1328 πρὸς
1356 1253 1446 1307 τό’
1486 1273 1505 1305 ι
1549 1253 1615 1306 Τί
1645 1251 1851 1322 ἀγαθὸν

243 1349 511 1420 ποιήσω;
540 1368 560 1401 ι
597 1347 835 1420 λελέχθω
855 1347 892 1402 ἃ
921 1347 1258 1419 δεδυνήμεθα
1281 1348 1363 1410 εἰς
1382 1345 1473 1399 τὸν
1500 1346 1663 1399 τόπον
1699 1345 1848 1398 ἰδεῖν.

1954 885 2021 938 de
2073 884 2315 940 bonitate
2359 884 2451 939 Dei
2509 887 2616 941 diei
2657 898 2898 956 possent,
2941 898 2995 943 ct
3033 890 3099 944 de
3137 909 3157 940 ι
3197 891 3543 945 multitudine

1954 975 2259 1030 dulcedinis
2284 976 2537 1046 ipsius",
2575 997 2593 1028 ι
2626 994 2789 1048 quam
2824 996 2930 1034 non
2973 981 3090 1034 siue
3120 981 3327 1035 ratione
3359 999 3379 1031 ι
3417 983 3545 1038 abs-

1954 1069 2141 1124 condit
2201 1068 2519 1123 timentibus
2544 1084 2622 1134 se,
2652 1084 2720 1123 ne
2745 1070 2948 1126 divitiis
2975 1070 3234 1124 bonitatis
3259 1070 3378 1140 ejus
3412 1088 3542 1126 cun-

1955 1162 2197 1231 temptis,
2230 1170 2284 1214 et
2326 1160 2609 1230 patientia,
2674 1169 2728 1214 et
2776 1161 3189 1231 longanimitate
3240 1164 3540 1217 secundum

1957 1252 2215 1307 duritiam
2267 1267 2420 1306 suam
2482 1260 2538 1306 et
2589 1251 2936 1321 imptenitens
2987 1268 3111 1316 cor,
3169 1254 3543 1310 thesaurizent

1960 1342 2066 1402 sibi
2092 1343 2352 1411 majorem
2385 1343 2522 1396 iram
2550 1346 2593 1378 ’⁵
2616 1361 2814 1417 squam
2838 1344 3174 1399 absconditis
3200 1343 3303 1398 sibi
3333 1346 3539 1399 divitiis

245 1443 530 1500 bonitatis
579 1443 706 1512 Dei,
764 1444 991 1499 minime
1050 1442 1539 1500 thesaurizassent.
1579 1440 1662 1497 Ad
1708 1440 1851 1495 hanc
1886 1454 2017 1508 ergo
2059 1439 2443 1509 quaestionem,
2503 1439 2755 1508 quisnam
2806 1439 2985 1494 bonus
3036 1441 3140 1505 sit,
3188 1449 3301 1494 tum
3363 1440 3431 1494 ad
3482 1441 3542 1495 il-

243 1540 344 1595 lud
381 1560 395 1595 :
448 1559 469 1593 ‹
512 1514 652 1607 Quid
692 1541 821 1595 boni
862 1539 1094 1596 faciam?
1135 1559 1155 1593 ι
1198 1555 1262 1596 ea
1299 1555 1328 1594 a
1365 1539 1520 1594 nobis
1565 1537 1708 1593 dicta
1742 1537 1850 1592 sint
1885 1551 2006 1606 qum-
2031 1550 2196 1604 super
2225 1534 2328 1588 hoc
2357 1535 2478 1588 loco
2505 1535 2815 1603 excogitare
2843 1536 3142 1603 potuimus.

334 1636 505 1709 Ἑξῆς
542 1637 600 1691 δέ
647 1639 765 1690 ἐστι
786 1636 1074 1709 θεωρῆσαι
1113 1636 1232 1701 πῶς
1263 1636 1478 1708 εἴρηται
1510 1634 1603 1688 τό·
1648 1652 1668 1685 ι
1696 1634 1760 1686 Εἰ
1792 1632 1849 1685 δὲ

245 1727 434 1792 θέλεις
464 1731 548 1793 είς
582 1729 680 1801 τὴν
712 1727 856 1800 ζωὴν
883 1728 1418 1800 είσελθεῖν,τήρησον
1448 1726 1547 1791 τὰς
1576 1725 1846 1787 ἐντολὰς.»

2031 1629 2121 1686 12.
2161 1628 2426 1698 Deinceps
2453 1644 2581 1683 vero
2614 1629 2743 1683 illud
2775 1629 3163 1698 disputandum
3192 1633 3358 1694 venit,
3384 1647 3536 1702 qure-

1962 1738 2085 1778 nam
2120 1722 2193 1777 sit
2233 1722 2427 1777 horum
2458 1722 2728 1778 sententia
2757 1738 2769 1772 :
2807 1740 2825 1772 σ
2856 1722 2911 1776 Si
2941 1732 3121 1777 autem
3160 1722 3241 1776 vis
3271 1724 3336 1777 ad
3366 1727 3533 1778 vitam

246 1820 309 1872 ὲν
341 1814 388 1889 ᾧ
420 1822 667 1893 πρόσχες
690 1863 705 1888 ,
741 1821 822 1874 ὅτι
851 1820 926 1885 ὡς
960 1818 1066 1886 ἔξω
1092 1821 1192 1891 τῆς
1221 1819 1367 1891 ζωῆς
1409 1819 1490 1872 ἔτι
1531 1817 1848 1888 τυγχάνοντι

1957 1812 2162 1882 ingredi
2183 1851 2197 1874 ,
2232 1827 2387 1866 serva
2426 1812 2777 1872 mandata",
2809 1829 2828 1861 ι
2864 1811 2917 1865 in
2948 1812 3147 1881 quibus
3180 1813 3230 1867 id
3265 1814 3494 1868 observa
3518 1854 3535 1875 ,

248 1908 331 1979 τῷ
367 1909 764 1981 πυνθανομένῳ
799 1911 927 1985 περὶ
955 1909 1051 1963 τοῦ
1082 1908 1289 1980 ἀγαθοῦ
1334 1926 1469 1980 φησι
1497 1909 1558 1962 τό
1577 1926 1589 1939 ·
1629 1928 1647 1959 ι
1675 1910 1738 1961 Εἰ
1766 1907 1855 1961 θέ-

249 2000 373 2065 λεις
398 2003 484 2065 είς
506 2002 605 2073 τὴν
622 2002 766 2074 ζωὴν
796 2002 1077 2057 εἰσελθεῖν.
1095 2022 1113 2054 ι
1145 2002 1315 2056 Ἔνθα
1332 2001 1396 2073 δὴ
1426 2001 1707 2074 προσεχῶς
1736 2002 1852 2053 ἐστι

252 2090 456 2161 νοῆσαι
482 2091 595 2163 (58)
628 2091 708 2155 τὸ,
737 2091 841 2158 ἔξω
868 2093 965 2163 τῆς
996 2091 1140 2163 ζωῆς
1172 2086 1331 2153 εἶναι,
1359 2092 1455 2143 καὶ
1481 2091 1563 2153 τὸ,
1593 2089 1852 2143 εἰσελθεῖν

253 2184 337 2247 είς
372 2183 478 2255 τὴν
517 2184 686 2255 ζωήν.
718 2185 944 2254 Μήποτε
988 2180 1081 2237 οὖν
1111 2182 1234 2236 καθ’
1260 2182 1360 2236 ἕνα
1392 2182 1492 2253 μὲν
1519 2182 1720 2254 τρόπον
1750 2181 1854 2246 ἔξω

249 2275 354 2344 τῆς
382 2273 536 2344 ζωῆς
556 2276 705 2328 ἐστιν
727 2276 755 2328 ὁ
780 2274 885 2339 ἔξω
910 2274 1195 2345 τυγχάνων
1222 2274 1316 2327 τοῦ
1344 2274 1589 2336 εἰπόντος
1607 2290 1620 2302 ·
1651 2293 1669 2324 ι
1714 2273 1853 2342 Ἐγώ

252 2368 375 2436 ειμι
410 2369 447 2437 ή
483 2367 596 2439 ζωὴ
620 2407 634 2429 ,
671 2386 690 2419 ι
734 2368 829 2420 καὶ
857 2367 1137 2438 ἀλλότριος
1164 2364 1239 2419 ὢν
1278 2365 1474 2419 αὐτοῦ·
1514 2365 1635 2418 καθ’
1668 2364 1853 2437 ἓτερον

250 2458 311 2512 δὲ
344 2461 461 2522 πᾶς
501 2462 528 2513 ὁ
558 2461 650 2513 ἐπὶ
680 2460 783 2530 γῆς
802 2498 817 2521 ,
866 2460 971 2514 κᾶν
1002 2459 1343 2522 δικαιότατος
1374 2453 1443 2532 ᾗ,
1481 2457 1708 2511 δύναται
1755 2459 1852 2529 μὲν

252 2546 400 2603 εἶναι
442 2550 501 2601 ἐν
543 2554 608 2623 τῇ
651 2552 777 2621 σκιᾷ
809 2550 909 2621 τῆς
942 2549 1107 2620 ζωῆς,
1137 2548 1338 2617 λέγων’
1368 2567 1386 2600 ι
1417 2547 1640 2619 Πνεῦμα
1673 2567 1846 2621 προσ-

251 2640 416 2693 ώπου
471 2642 627 2711 ἡμῶν
658 2641 894 2713 Χριστὸς
933 2640 1177 2712 Κύριος,
1219 2634 1282 2694 οὗ
1321 2641 1582 2711 εἴπομεν·
1648 2642 1736 2695 Ἑν
1783 2643 1849 2714 τῇ

255 2734 393 2801 σκιᾷ
427 2733 594 2787 αὐτοῦ
628 2732 906 2804 ζησόμεθα
943 2733 1002 2785 ὲν
1038 2735 1151 2795 τοῖς
1199 2730 1444 2797 ἔθνεσιν,
1486 2750 1505 2781 ›
1546 2731 1605 2784 οὐ
1649 2730 1755 2804 μὴν
1793 2733 1853 2784 ὲν

254 2823 403 2891 αὐτῇ
433 2826 503 2894 τῇ
536 2824 647 2895 ζωῇ
671 2866 685 2890 ,
721 2823 815 2877 ἅτε
854 2824 1012 2895 σῶμα
1045 2822 1277 2877 θανάτου
1308 2823 1723 2894 περικείμενος,
1754 2822 1852 2877 καὶ

253 2912 470 2981 λέγων’
505 2933 522 2965 ‹
547 2915 644 2979 Τίς
673 2932 741 2986 με
769 2913 992 2987 ῥύσεται
1014 2915 1081 2968 ἐκ
1105 2912 1200 2968 τοῦ
1224 2913 1475 2985 σώματος
1494 2912 1589 2967 τοῦ
1618 2913 1850 2967 θανάτου

240 3002 487 3070 τούτους
518 3025 535 3056 ι
573 3005 695 3058 καί’
731 3029 751 3056 ι
780 3005 1102 3077 Καθήμενος
1129 3007 1187 3059 ὲν
1213 3004 1368 3077 χώρᾳ
1404 3006 1499 3059 καὶ
1536 3006 1663 3075 σκιᾷ
1689 3003 1851 3058 θανά-

1955 1904 2110 1971 quasi
2138 1913 2292 1957 extra
2323 1903 2487 1956 vitam
2521 1902 2821 1957 constituto
2869 1903 2916 1956 ei
2943 1903 3034 1972 qui
3082 1906 3149 1958 de
3193 1904 3337 1959 bono
3369 1905 3537 1959 inter-

1954 2005 2111 2064 rogat
2134 2035 2148 2059 ,
2182 1996 2388 2049 dictqu
2434 1993 2604 2049 fuisse
2636 2013 2648 2048 :
2683 2014 2699 2045 ι
2732 1993 2788 2048 Si
2817 1994 2900 2049 vis
2927 1996 2991 2047 ad
3042 1996 3203 2050 vitam
3240 1996 3470 2068 ingredi.
3510 2019 3529 2049 ι

1956 2082 2055 2139 llic
2097 2094 2278 2139 autem
2319 2094 2527 2140 attente
2560 2086 2867 2155 perspicere
2902 2086 3027 2141 licet
3055 2087 3186 2156 quid
3231 2088 3336 2148 sit.
3378 2099 3534 2145 extra

1953 2175 2115 2229 vitam
2147 2192 2268 2231 esse
2292 2216 2308 2239 ,
2345 2186 2398 2231 et
2432 2177 2559 2246 quid
2585 2218 2600 2242 ,
2654 2178 2707 2230 in
2756 2177 2918 2230 vitam
2976 2178 3206 2247 ingredi.
3238 2178 3373 2235 Vide
3403 2195 3534 2251 ergo

1952 2281 2134 2321 annon
2165 2283 2269 2321 una
2294 2268 2513 2337 quidem
2558 2270 2770 2323 ratione
2801 2278 2955 2323 extra
2987 2270 3153 2323 vitam
3201 2271 3532 2326 constitutus

1953 2359 2047 2420 sit,
2073 2358 2165 2426 qui
2190 2368 2342 2413 extra
2374 2375 2499 2414 eum
2529 2368 2614 2415 est
2645 2360 2739 2429 qui
2765 2361 2903 2415 dixit
2924 2363 2990 2414 ’πε
3020 2379 3040 2412 ι
3068 2361 3178 2432 Ego
3212 2378 3333 2417 sum
3362 2365 3528 2428 vita,»

1951 2458 2005 2502 et
2045 2450 2114 2503 ab
2145 2450 2238 2505 illo
2268 2451 2480 2504 alienus
2524 2460 2645 2517 est;
2681 2452 2785 2506 alia
2822 2468 2951 2507 vero
2984 2453 3228 2516 ratione,
3277 2454 3534 2524 quisquis

1954 2556 2118 2609 super
2146 2550 2344 2595 terram
2381 2542 2548 2612 degit,
2577 2542 2793 2597 etiamsi
2817 2542 3162 2610 justissimus
3190 2544 3282 2611 sit,
3330 2544 3383 2598 in
3417 2560 3532 2599 um-

1953 2632 2050 2686 bra
2086 2631 2303 2700 quidem
2335 2631 2457 2687 vita:
2488 2648 2612 2688 esse
2653 2643 2851 2703 potest,
2909 2634 3095 2690 dicens
3112 2635 3156 2665 ’⁷
3185 2653 3197 2688 :
3241 2653 3260 2685 ‹
3292 2633 3532 2705 Spiritus

1952 2722 2065 2777 oris
2086 2723 2259 2777 nostri
2290 2722 2543 2778 Christus
2577 2710 2863 2791 Dominus,
2897 2725 2985 2780 cui
3014 2726 3254 2782 diximus
3280 2743 3292 2778 :
3316 2726 3375 2781 lu
3409 2744 3530 2781 um-

1940 2812 2053 2881 ,bra
2090 2823 2179 2868 tua
2212 2816 2460 2870 vivemus
2486 2816 2538 2869 in
2571 2818 2843 2886 gentibus,
2874 2836 2892 2869 ι
2928 2826 2984 2871 at
3019 2832 3126 2872 non
3163 2819 3215 2872 in
3247 2819 3362 2889 ipsa
3394 2819 3526 2886 vita,

1950 2912 2139 2974 utpote
2182 2907 2275 2976 qui
2307 2908 2498 2962 mortis
2527 2923 2759 2977 corpore
2792 2909 3018 2965 indutus
3058 2913 3158 2975 sit,
3185 2919 3239 2966 et
3270 2914 3414 2967 dicat
3437 2912 3482 2945 "‘
3509 2931 3523 2967 :

1956 2995 2121 3062 «Quis
2151 3013 2235 3051 me
2262 2998 2511 3053 liberabit
2530 3000 2597 3053 de
2628 3014 2856 3069 corpore
2883 3001 3075 3055 mortis
3098 3001 3293 3072 hujus?
3316 3022 3335 3053 ι
3366 3004 3485 3059 tt"
3512 3022 3527 3059 :

244 3109 367 3156 του,
398 3112 433 3143 ιι
464 3096 558 3148 καὶ
591 3096 817 3166 μηδέπω
850 3095 1021 3149 ἐλθὼν
1055 3096 1148 3148 ἐπὶ
1180 3096 1278 3167 τήν
1309 3095 1419 3149 τῶν
1450 3093 1669 3159 ζώντων
1700 3095 1807 3165 γῆν
1830 3111 1845 3125 ο

1957 3102 1981 3139 ‹
2016 3086 2214 3143 Sedeat
2258 3090 2313 3143 in
2346 3090 2566 3160 regione
2608 3100 2662 3146 et
2695 3092 2884 3147 umbra
2917 3093 3130 3160 mortis,
3156 3111 3174 3145 ο
3222 3102 3275 3147 ct
3299 3094 3352 3148 in
3381 3095 3531 3150 vivo-

252 3182 353 3236 7.3.1
378 3182 496 3255 γὰρ
525 3186 557 3254 ἡ
590 3183 703 3255 ζωὴ
740 3184 801 3237 οὐ
836 3183 999 3254 μόνον
1028 3184 1139 3238 τῶν
1183 3183 1402 3254 φαύλων
1425 3223 1440 3248 ,
1467 3182 1605 3237 ἀλλὰ
1633 3184 1728 3238 καὶ
1755 3182 1848 3237 τοῦ

1952 3196 2074 3236 rum
2109 3190 2307 3237 terram
2334 3184 2576 3239 nondum
2609 3185 2950 3254 pervenerit;
2987 3185 3092 3240 \ita
3122 3186 3391 3257 siquidem
3418 3204 3528 3243 non

259 3274 358 3328 ἐπὶ
394 3275 497 3345 γῆς
539 3274 752 3329 Παύλου
777 3317 792 3342 ,
825 3275 921 3329 καὶ
951 3274 1061 3329 τῶν
1100 3275 1443 3340 ἀποστόλων,
1490 3274 1851 3347 κεκρυμμένη

256 3364 328 3440 ἦν
358 3370 418 3421 ὲν
446 3367 524 3439 τῷ
551 3367 689 3439 Θεῷ.
715 3368 854 3440 Φησὶ
882 3368 1012 3438 γοῦν
1032 3384 1045 3398 ·
1079 3386 1098 3419 ι
1137 3369 1202 3421 Ἥ
1225 3366 1338 3439 ζωὴ
1367 3367 1521 3439 ὑμῶν
1542 3367 1850 3439 κέκρυπται

258 3460 361 3513 σὺν
386 3457 466 3529 τῷ
484 3457 702 3531 Χριστῷ
723 3459 780 3513 ὲν
802 3458 880 3531 τῷ
897 3459 1045 3532 Θεῷο
1064 3460 1191 3514 ὅταν
1219 3460 1248 3512 ὁ
1270 3458 1504 3531 Χριστὸς
1536 3457 1846 3530 φανερωθῇ,

255 3553 292 3625 ὴ
325 3552 445 3624 ζωὴ
477 3552 664 3624 ἡμῶν,
704 3552 826 3606 τότε
858 3552 955 3606 καὶ
998 3552 1156 3623 ὑμεῖς
1197 3552 1293 3604 σὺν
1343 3548 1493 3620 αὐτῷ
1530 3548 1849 3620 φανερωθή-

258 3640 425 3696 σεσθε
446 3643 505 3695 ὲν
525 3642 669 3714 δόξῃ.
686 3662 704 3694 ι
727 3643 806 3713 Τη
816 3642 1004 3713 ρήσεις
1016 3640 1073 3694 δὲ
1089 3640 1268 3694 πάντα
1286 3639 1357 3692 τὰ
1374 3637 1613 3710 περὶτοῦ
1637 3657 1656 3690 ι
1681 3634 1839 3703 tam,»

254 3734 353 3789 καὶ
382 3733 484 3787 τοῦ
520 3753 537 3785 ι
558 3733 684 3801 ἔξω,
711 3752 729 3784 ι
762 3734 850 3786 ἵνα
886 3731 1121 3805 ἀναλέξῃ
1149 3731 1218 3785 τὰ
1244 3727 1559 3800 κατάλληλα
1590 3726 1670 3799 τῷ
1690 3744 1704 3758 ο
1739 3745 1757 3779 ι
1781 3728 1846 3780 El

254 3825 445 3890 θέλεις
469 3827 548 3890 εἰς
576 3824 674 3896 τὴν
708 3823 850 3896 ζωήν
877 3821 1168 3886 εἰσελθεῖν,
1202 3841 1219 3873 ι
1252 3816 1363 3874 οἷον
1382 3836 1396 3849 ·
1431 3838 1450 3871 ι
1486 3817 1727 3891 Δεήθητε
1753 3813 1845 3872 οὖν

253 3916 348 3972 τοῦ
384 3916 598 3989 Κυρίου
638 3914 732 3969 τοῦ
767 3912 1030 3986 θερισμοῦ
1053 3952 1068 3979 ,
1115 3912 1202 3966 ῐνα
1247 3910 1453 3984 ἐκϐάλῃ
1498 3909 1736 3981 ἐργάτας
1766 3909 1848 3979 είς

253 4009 349 4064 τὸν
402 4007 663 4079 θερισμὸν
711 4005 904 4061 αὑτοῦ·
934 4025 953 4058 ›
1010 4005 1266 4077 ζητήσεις
1313 4001 1456 4073 γὰρ,
1497 3999 1704 4074 ὲκόάλῃ
1750 3998 1847 4053 πό-

255 4099 353 4156 θεν
383 4099 500 4171 (59)
524 4116 539 4166 ;
566 4100 659 4152 καὶ
684 4098 842 4169 εἴπερ
870 4095 1060 4150 ἐνθάδε
1086 4094 1225 4148 εἰσὶν
1248 4095 1297 4147 οἱ
1331 4093 1559 4164 ἐργάται
1584 4090 1845 4162 ἐκϐεϐλη-

260 4193 420 4263 μένοι
454 4194 533 4254 είς
554 4190 645 4243 τὸν
673 4188 931 4260 θερισμὸν
964 4186 1060 4240 τοῦ
1095 4185 1326 4258 Κυρίου,
1349 4183 1454 4249 ἔξω
1481 4184 1617 4239 εἰσὶν
1646 4175 1708 4237 οὗ
1731 4182 1847 4248 ἐξε-

258 4284 543 4359 ϐλήθησαν
570 4282 768 4356 χωρίου
792 4298 807 4314 ·
840 4281 935 4335 καὶ
966 4278 1038 4333 τὰ
1058 4277 1151 4334 τοῦ
1178 4276 1441 4350 θερισμοῦ
1472 4277 1655 4341 καλῶς
1686 4276 1845 4347 ποιή-

1949 3272 2244 3344 impiorum
2279 3276 2628 3332 solummodo
2652 3317 2669 3344 ,
2716 3276 2810 3332 sed
2839 3275 2992 3332 Pauli
3021 3278 3185 3333 etiam
3226 3294 3392 3350 super
3420 3288 3529 3336 ter-

1947 3380 2067 3420 ram
2114 3365 2401 3438 degentis,
2447 3377 2503 3423 et
2542 3368 2916 3438 apostolorum
2950 3369 3007 3423 in
3048 3368 3161 3425 Deo
3201 3381 3320 3426 erat
3360 3373 3531 3445 668

1948 3456 2287 3513 abscondita.
2310 3458 2401 3513 Ait
2427 3473 2559 3530 ergo
2584 3458 2630 3491 ³⁸
2654 3477 2668 3514 :
2698 3477 2717 3511 ι
2742 3457 2863 3514 \‘ita
2889 3470 3068 3515 vestra
3096 3468 3180 3516 est
3207 3462 3527 3519 abscondita

1951 3564 2075 3603 cum
2099 3547 2318 3606 Christo
2349 3549 2403 3604 in
2435 3548 2546 3605 Deo
2568 3590 2584 3616 ,
2608 3564 2732 3604 cum
2764 3548 3017 3605 Christus
3039 3554 3385 3620 apparuerit,
3416 3554 3526 3609 vita

1950 3650 2160 3707 nostra,
2187 3649 2317 3695 tunc
2341 3649 2393 3698 et
2426 3654 2525 3695 vos
2548 3641 2879 3710 apparebitis
2904 3656 3031 3697 cum
3061 3642 3180 3712 ipso
3209 3644 3261 3698 in
3293 3647 3520 3716 gloria.»

1950 3725 2300 3798 Quaecunque
2324 3736 2503 3782 autem
2535 3730 2604 3782 ad
2636 3746 2654 3779 ι
2687 3729 2828 3783 intra
2858 3747 2878 3781 ι
2909 3737 2964 3785 et
2988 3731 3055 3785 ad
3092 3750 3111 3783 ι
3147 3744 3299 3788 extra
3340 3753 3357 3787 ι
3398 3752 3523 3804 per-

1950 3819 2125 3872 tinent
2155 3817 2474 3874 observabis
2497 3857 2512 3882 ,
2568 3827 2629 3873 ut
2657 3835 2781 3890 quae
2805 3819 2891 3876 bis
2919 3832 3231 3892 congruunt
3260 3842 3273 3878 :
3306 3844 3324 3875 ι
3357 3824 3414 3880 Si
3440 3828 3524 3882 vis

1952 3911 2019 3965 ad
2052 3910 2217 3965 vitam
2272 3912 2502 3983 ingredi,
2534 3932 2553 3965 ι
2591 3913 2756 3968 simul
2784 3914 3044 3986 colligas;
3073 3917 3221 3971 verbi
3253 3933 3416 3985 causa
3432 3919 3477 3953 ἰ
3506 3934 3522 3969 :

1957 4020 1976 4054 ι
2006 4000 2213 4073 Rogate
2242 4018 2371 4074 ergo
2394 4002 2686 4059 Dominum
2718 4005 2933 4068 messis,
2962 4015 3021 4061 ut
3046 4007 3227 4062 mittat
3245 4012 3521 4077 Operatios

1944 4095 2000 4150 in
2033 4111 2263 4152 messem
2296 4112 2485 4162 suam;
2519 4117 2538 4150 ι
2575 4114 2789 4169 quaeres
2815 4101 2983 4166 enim,
3019 4102 3165 4157 unde
3214 4102 3431 4171 mittat;
3467 4116 3516 4160 et

1947 4186 2213 4256 siquidem
2237 4188 2328 4243 hic
2349 4188 2457 4243 sint
2483 4191 2717 4260 operarii
2749 4191 2901 4246 missi
2941 4192 2994 4245 in
3025 4208 3255 4248 messem
3284 4194 3517 4262 Domini,

1947 4288 2099 4334 extra
2128 4294 2253 4333 eum
2291 4280 2470 4335 locum
2506 4289 2637 4336 sunt
2667 4297 2699 4338 e
2741 4298 2850 4353 quo
2905 4281 3128 4339 fuerunt
3169 4286 3382 4343 dimissi
3406 4327 3421 4352 ,
3463 4299 3518 4343 et

1458 4388 1694 4449 VETUS
1731 4389 2319 4449 INTERPRETATIO.

265 4522 543 4601 «_divitias
567 4520 830 4601 bonitatis
857 4520 997 4601 ejus,
1024 4517 1535 4601 et‘longanimitatis
1572 4536 1593 4570 ι
1628 4525 2117 4601 contemnentes“
2154 4517 2457 4601 secundum
2494 4517 2752 4601 duritiam
2783 4518 2965 4601 cordis
2996 4518 3101 4601 sui,
3139 4527 3194 4601 e_t
3231 4519 3511 4601 sine_poa_-

261 4594 491 4648 nitentia
517 4592 698 4647 cordis
728 4587 1099 4647 thesaurizent
1127 4587 1230 4646 sibi
1253 4590 1412 4655 iram,
1446 4608 1465 4641 ι
1502 4603 1669 4659 quam
1698 4603 1808 4643 non
1848 4587 2293 4643 thesaurizabunt
2325 4590 2370 4642 si
2410 4589 2676 4645 absconsa
2719 4588 2884 4644 fuerit
2924 4589 3215 4644 multitudo
3251 4587 3518 4646 bonitatis

259 4664 387 4732 ejus
413 4663 495 4732 ab_
509 4662 607 4716 eis.

338 4732 427 4786 12.
468 4730 600 4785 Post
626 4729 729 4786 hoc
761 4739 942 4786 autem
986 4729 1155 4786 dicit:
1190 4749 1209 4782 ι
1238 4728 1296 4784 Si
1324 4728 1407 4784 vis
1432 4728 1500 4783 ad
1530 4728 1696 4783 vitam
1728 4727 1966 4798 intrare,
2001 4743 2157 4784 serva
2197 4728 2471 4785 mandata.
2510 4747 2531 4781 ι
2565 4727 2669 4783 Ubi
2718 4729 2999 4784 considera
3028 4728 3285 4798 quoniam
3331 4731 3511 4786 adhuc

260 4802 425 4872 quasi
454 4809 607 4855 extra
632 4801 810 4872 _vitam
842 4801 1140 4872 constituto
1186 4800 1236 4872 ei
1264 4799 1356 4869 qui
1393 4799 1761 4872 interrogabat
1796 4799 1864 4853 de
1887 4797 2066 4872 bono,
2100 4799 2174 4872 ita
2203 4799 2526 4872 respondit:
2559 4818 2576 4850 ι
2611 4798 2666 4852 Si
2699 4801 2780 4854 vis
2812 4801 3017 4872 intrare
3050 4797 3102 4852 in
3132 4801 3319 4854 vitam.
3351 4819 3370 4853 ι
3418 4800 3513 4855 llic

261 4868 445 4927 autem
492 4869 713 4939 requiro
739 4872 1013 4939 quomodo
1040 4870 1163 4940 quis
1191 4869 1263 4925 sit
1281 4868 1442 4940 extra
1482 4868 1647 4940 vitam
1672 4908 1690 4935 ,
1721 4876 1788 4928 et
1828 4868 2298 4940 quomodogintret
2331 4869 2385 4922 in
2426 4870 2593 4940 _vitam
2622 4887 2635 4923 :
2665 4880 2719 4923 et
2746 4884 2812 4921 ne
2843 4868 2980 4940 forte
3002 4872 3310 4940 secundum
3344 4887 3512 4926 unum

261 4941 481 5011 quidem
519 4937 737 4994 modum
758 4937 841 4994 _sit
872 4940 1035 4995 homo
1058 4937 1210 5011 extra
1235 4938 1434 5011 _vitam,
1457 4939 1548 5008 qui
1576 4948 1659 4993 est
1699 4937 1856 5011 extra
1881 4953 2007 4992 eum
2034 4938 2127 5007 qui
2156 4939 2293 4994 dixit
2318 4955 2341 5011 :_
2369 4957 2390 5011 ι
2426 4937 2536 5010 Ego
2566 4954 2685 4993 sum
2704 4940 2848 5011 vita.
2877 4957 2896 4989 ι
2930 4938 3080 5011 Alias
3108 4948 3289 4995 autem
3328 4943 3511 4996 omnis

262 5008 357 5079 qui
390 5025 555 5080 super
586 5020 785 5064 terram
817 5018 918 5075 est,
953 5009 1202 5078 quamvis
1227 5008 1566 5080 justissimus
1598 5022 1720 5080 esse
1746 5008 2013 5080 videatur,
2044 5018 2225 5077 potest
2253 5008 2574 5080 quidem'in
2604 5010 2793 5063 umbra
2828 5023 2949 5080 esse
2979 5009 3133 5073 vitse,
3179 5025 3286 5064 non
3320 5021 3500 5065 autem

264 5077 318 5133 in
355 5077 474 5190 ipsa
502 5080 641 5144 vita;
672 5096 795 5134 cum
833 5081 905 5133 sit
928 5077 1159 5160 cerpure
1189 5079 1379 5132 mortis
1408 5077 1801 5141 circumdatus,
1829 5086 1885 5131 et
1918 5078 2107 5132 dicens
2139 5096 2153 5133 :
2195 5097 2213 5130 ι
2244 5078 2379 5144 Quis
2408 5094 2494 5133 me
2524 5079 2772 5133 liberabit
2817 5078 2884 5132 de
2912 5093 3137 5146 corpore
3174 5082 3367 5134 mortis
3407 5082 3513 5134 hu-

266 5150 352 5190 ius
425 5170 442 5190 ι
477 5159 527 5190 nl
555 5169 567 5180 -
601 5170 616 5190 ι
650 5148 818 5190 Sullae
849 5150 899 5190 in
931 5164 1148 5190 rpmmm
1175 5156 1224 5190 pl
1260 5149 1312 5190 in
1344 5148 1532 5190 umhrn
1567 5148 1775 5190 mni-lie
1808 5165 1826 5190 ι
1854 5162 1920 5190 ρο
1945 5148 2089 5190 nnml
2120 5150 2357 5190 nnmlnm
2388 5149 2531 5190 vpnil
2561 5150 2613 5190 in
2641 5158 2839 5190 lm-rnm
2862 5149 3125 5190 vium-nm-
3147 5147 3389 5190 ῐιιιιιηίιιίι
3416 5167 3513 5190 2m-

260 5147 393 5217 jus‘l
425 5170 442 5202 ι
477 5159 530 5205 et
554 5169 567 5204 :
601 5170 619 5201 ι
650 5148 818 5205 Sedes
846 5150 901 5203 in
930 5147 1148 5219 regione
1175 5156 1229 5203 et
1257 5149 1312 5219 in
1344 5148 1779 5219 untbragmortis,
1807 5165 1826 5198 ι
1854 5162 1920 5202 eo
1945 5148 2089 5219 quod
2120 5150 2357 5203 nomium
2388 5149 2532 5203 venit
2561 5150 2613 5202 in
2641 5158 2840 5202 terram
2862 5149 3127 5219 vivorum.
3147 5147 3395 5205 lutroibit
3415 5167 3513 5203 au-

267 5229 373 5272 tem
407 5222 530 5289 quis
559 5221 610 5273 in
634 5222 828 5285 vitam,
857 5217 1140 5275 abstinens
1175 5218 1394 5289 quidem
1423 5232 1482 5271 se
1507 5217 1575 5270 ab
1590 5217 1852 5289 operibus
1879 5217 2131 5289 mortuis,
2158 5229 2420 5289 appetens
2454 5228 2633 5289 autem
2667 5217 3003 5289 operaviva.
3030 5219 3193 5289 etiam
3231 5235 3509 5288 nunquam

265 5285 483 5357 quidem
513 5299 725 5344 mortua
758 5290 1007 5359 loquens,
1038 5290 1130 5343 sed
1163 5285 1461 5343 secundum
1493 5286 1715 5341 verbum
1747 5285 1842 5340 Dei
1894 5287 2081 5341 vivum
2119 5285 2307 5343 vivens
2329 5327 2344 5353 ,
2388 5297 2442 5344 et
2476 5304 2583 5343 non
2615 5285 2949 5358 babensjam
2979 5288 3334 5357 cogitationes
3361 5285 3511 5343 inor-

338 5428 384 5459 ”
403 5427 544 5485 Psal.
570 5446 700 5493 xxx,
723 5430 814 5488 20.
886 5428 934 5462 ⁸⁵
966 5427 1126 5483 Rom.
1158 5443 1219 5493 ιι,
1253 5427 1306 5488 4.
1334 5426 1385 5481 5.
1478 5425 1523 5457 "
1562 5423 1750 5480 Matth.
1788 5439 1907 5491 xu,
1937 5424 2021 5482 l7.

2126 5427 2173 5459 “
2207 5426 2366 5485 Joan.
2402 5443 2491 5493 xt,
2518 5428 2608 5495 25,
2638 5436 2692 5483 et
2731 5444 2843 5496 xiv,
2872 5428 2929 5486 6.
3004 5428 3049 5460 "’
3080 5426 3280 5482 Threu.
3319 5442 3390 5493 tv,
3417 5426 3508 5485 20.

267 5497 314 5529 ³⁸
346 5496 504 5555 Rom.
535 5515 630 5566 vn,
662 5501 752 5556 24.
830 5500 876 5532 ¹⁹
915 5497 1105 5553 Matth.
1138 5514 1212 5563 IV,
1252 5496 1344 5554 16.
1416 5496 1463 5529 ⁸⁰
1496 5495 1615 5551 Col.
1647 5511 1729 5562 ιιι,
1755 5495 1809 5562 5,
1839 5523 1848 5542 ι

1970 5497 2013 5528 ³¹
2043 5495 2232 5552 Matth.
2267 5514 2344 5565 Ix,
2373 5498 2463 5553 58.

337 5611 449 5685 ('58)
503 5612 684 5668 Codex
728 5612 929 5737 Regius
973 5629 987 5666 :
1033 5612 1199 5667 Ἔνθα
1251 5613 1315 5684 δὴ
1362 5611 1509 5683 ζητῶ
1556 5610 1836 5683 προσεχῶς

337 5701 379 5736 τι
407 5684 610 5737 νοῆσαι.
648 5684 752 5737 Sed
776 5702 806 5736 τ
852 5724 867 5737 .
898 5682 1045 5737 ἔτιτῶ
1064 5724 1079 5737 .
1111 5683 1396 5737 παρέλκει.
1427 5681 1519 5737 Vel
1545 5682 1832 5737 legendum

1952 5612 2037 5679 [ι.,
2069 5610 2232 5666 πόθεν
2265 5612 2644 5686 παροξυτόνως
2677 5614 2909 5683 habent,
2952 5616 3096 5687 quod
3129 5614 3511 5687 interrogatio-

1952 5699 2065 5737 nem
2102 5692 2276 5737 notat.
2308 5685 2412 5737 Sed
2443 5684 2488 5737 si
2516 5683 2807 5737 Βαούτονον
2835 5688 2929 5737 sit.
2961 5703 3069 5737 non
3098 5687 3240 5737 male
3269 5699 3394 5737 cum
3425 5704 3510 5737 se-

269 5681 379 5753 ξστι
407 5681 610 5753 voﬁcat.
648 5684 752 5739 Sed
776 5702 803 5736 τ

266 5752 534 5825 ζητοῦντι.
567 5752 833 5825 Hunnus.

340 5825 450 5898 (59)
488 5824 778 5895 Ζητήσεις
812 5824 942 5895 γὰρ,
972 5822 1200 5895 ἐκϐάλῃ
1238 5825 1439 5880 πόθεν.
1472 5821 1645 5880 Codd.
1680 5818 1747 5877 Η.
1779 5830 1834 5878 et

898 5682 1045 5756 ζητῶ
1064 5724 1079 5749 ,
1111 5681 1396 5755 παρέλκει.
1418 5681 1519 5737 Ὓει
1545 5681 1832 5753 legendam

1952 5699 2065 5740 nem
2102 5692 2276 5757 notat.
2308 5681 2412 5757 seu
2443 5683 2807 5757 sipapdvovov
2835 5681 2929 5756 sit,
2961 5681 3069 5742 non
3098 5687 3240 5744 male
3269 5681 3394 5743 cuin
3425 5704 3510 5744 se-
3590 5739 3595 5745 .

1940 5754 2237 5825 quentibus
2268 5754 2688 5813 cobarebit.'lo.
