4032 6308
382 408 520 466 ιαοτ

1366 403 1723 462 ΟΟΜΜΕΝΤ.
1763 401 1827 457 IN
1864 398 2279 457 MATTﬂzEUM
2314 399 2554 458 TOMUS
2590 397 2705 455 XV.

3501 398 3639 453 1298

376 523 429 577 cl
473 521 865 586 πιστεύσαντες
891 521 984 576 ἐπὶ
1013 520 1075 576 τὸ
1098 521 1252 589 αύτδ,
1294 517 1442 594 εἶχον
1483 522 1700 578 ἃπαντα
1732 523 1907 585 κοινὰ,
1944 539 1962 573 ι

2072 520 2322 576 ctendam
2357 522 2538 586 fidem,
2567 527 2623 576 et
2658 518 2824 573 vitam
2869 513 3189 588 perfectam,
3220 524 3274 572 et
3299 514 3641 575 documentis

376 614 560 668 καὶτὰ
582 613 732 684 ἑξῆς,
751 612 856 677 ἕως
875 611 990 666 τοῦ·
1004 631 1023 665 ι
1060 613 1346 678 Αῐνοῦντες
1368 612 1460 667 τὸν
1475 612 1628 677 Θεὸν,
1650 612 1746 667 καλ⁹
1756 612 1962 683 ἔχοντες

2068 610 2196 668 Jesu
2249 628 2547 669 consonam
2601 608 2991 667 instituendam
3058 611 3382 665 auctoritate
3432 626 3532 666 sua
3588 618 3644 664 ct

376 704 539 777 χάριν
565 704 703 775 πρὸς
726 703 847 757 ὅλον
872 702 962 758 τὸν
993 702 1141 759 λαόν·
1183 723 1202 757 ι
1236 704 1329 758 καὶ
1361 704 1477 775 μετ’
1519 702 1675 772 eam
1719 702 1881 755 πάλιν
1909 703 1968 754 ὲν

374 795 442 865 τῇ
492 793 629 864 αὐτῇ
681 792 992 864 γέγραπται
1038 793 1228 865 βίϐλῳ,
1260 794 1340 847 ὃτι
1384 812 1403 846 ι
1458 792 1554 846 τοῦ
1589 792 1823 865 πλήθους
1859 791 1967 845 τῶν

378 884 744 938 πιστευόντων
769 879 839 956 ἦν
865 883 1063 957 καρδία
1090 886 1187 940 καὶ
1210 885 1354 956 ψυχὴ
1387 883 1505 957 μία,
1545 903 1563 935 ι
1602 885 1696 938 aut
1723 883 1793 937 τὰ
1818 881 1964 951 ἑξῆς,

373 972 481 1036 ἕως
506 971 623 1025 τοῦ·
662 991 682 1024 ι
727 973 941 1043 Ἥγαγε
984 974 1047 1028 τὸ
1083 975 1292 1046 χρῆμα,
1332 975 1427 1029 καὶ
1467 974 1631 1047 ἔθηκε
1664 974 1818 1046 παρά
1841 975 1967 1037 τοὺς

371 1061 709 1128 ἀποστόλους
738 1062 872 1136 (55).
904 1083 923 1116 ι
951 1062 1085 1120 Εἶτα
1117 1067 1437 1139 ἐπιφέρεται
1482 1066 1693 1131 τούτοις
1729 1066 1798 1120 τὰ
1836 1065 1967 1137 περὶ

371 1154 467 1208 τοῦ
511 1155 758 1209 ’Δνανίου
801 1156 894 1210 καὶ
942 1160 1042 1230 τῆς
1088 1159 1427 1232 Σαπφείρας,
1468 1159 1817 1231 ἀποδομένων
1865 1161 1965 1231 μὲν

373 1247 562 1318 κτῆμα
580 1248 814 1314 ἑαυτῶν,
843 1252 1257 1323 νοσφισαμένων
1283 1251 1341 1305 δὲ
1375 1251 1484 1305 ἀπὸ
1515 1252 1616 1323 τῆς
1642 1253 1832 1323 τιμῆς,
1871 1253 1967 1306 καὶ

372 1338 474 1408 οὐχ
489 1337 632 1404 ὅλον,
657 1339 794 1394 ἀλλά
824 1340 989 1413 μέρος
1019 1342 1374 1413 ἀποθεμένων
1396 1341 1679 1414 παρά.τοῐς
1698 1342 1806 1396 τῶν
1831 1343 1967 1396 ἀπο-

374 1429 577 1484 στόλων
605 1432 754 1495 ποσὶ,
787 1434 882 1487 καὶ
921 1433 1014 1488 διὰ
1051 1432 1211 1487 τοῦτο
1259 1433 1353 1487 ἐπὶ
1396 1431 1644 1505 ἁμαρτίᾳ
1687 1431 1963 1487 παθόντων

372 1521 443 1575 τὰ
499 1524 1018 1598 άναγεγραμμέναυ
1055 1525 1196 1593 ἄξιοι
1239 1525 1348 1596 γάρ
1394 1521 1535 1597 ἦσαν
1565 1523 1659 1577 τοῦ
1709 1525 1774 1577 ὲκ
1816 1522 1965 1589 θείας

372 1615 681 1688 ἐπισκοπῆς
717 1617 1013 1673 ἀπολαϐεῖν
1070 1616 1305 1672 ἐνταῦθα
1356 1616 1417 1670 τὸ
1448 1616 1833 1688 ἡμαρτημένον
1875 1615 1964 1670 διὰ

370 1706 688 1778 νοσφισμὸν,
738 1709 824 1761 ἵνα
875 1707 1248 1780 καθαρώτεροι
1294 1706 1679 1776 ἀπαλλαγῶσιν
1712 1707 1821 1761 ἀπὸ
1864 1706 1961 1760 τοῦ

372 1794 511 1865 βίου,
534 1798 940 1871 τιμωρηθέντες
964 1803 1031 1871 τῇ
1063 1800 1421 1871 ἀπαντησάσῃ
1458 1800 1645 1863 αὐτοῖς
1681 1796 1961 1852 παιδεύσει

2071 703 2271 759 virtute
2299 704 2697 775 compellebant
2725 719 2739 755 :
2777 701 2858 758 sic
2885 708 3065 755 autem
3109 715 3167 756 se
3201 700 3401 756 habent
3432 701 3520 756 illa
3550 702 3591 733 ³¹
3624 717 3637 753 :

2076 809 2095 843 ι
2130 790 2334 848 Omnes
2362 793 2525 848 etiam
2559 792 2655 863 qui
2702 792 3046 847 crediderant
3090 789 3325 861 pariter,
3372 791 3644 846 habebant

2067 888 2249 942 omnia
2274 887 2611 953 communia,
2648 906 2667 939 ι
2691 894 2746 941 et
2766 895 2959 941 caetera
2987 898 3160 953 usque
3186 883 3252 938 ad
3283 882 3334 937 id
3358 883 3404 915 ⁸³
3435 900 3490 936 ει
3519 882 3644 938 Col-

2067 979 2352 1034 laudantes
2403 976 2572 1034 Deum
2596 1017 2609 1041 ,
2652 985 2707 1033 et
2752 975 3025 1031 habentes.
3050 973 3280 1046 gratiam
3317 972 3384 1027 ad
3422 988 3640 1027 omnem

2066 1070 2299 1141 plebem.
2336 1088 2355 1121 ι
2394 1067 2461 1124 Ει
2504 1083 2724 1123 rursum
2777 1067 2941 1136 paulo
2986 1073 3112 1136 post
3163 1064 3239 1118 in.
3265 1062 3456 1118 eodem
3502 1062 3643 1117 libro

2066 1162 2330 1231 scriptum
2378 1168 2463 1216 est
2492 1159 2580 1217 ”:
2622 1157 3044 1214 «multitudinis
3095 1155 3431 1211 credentium
3473 1153 3644 1210 fuisse

2065 1268 2160 1308 cor
2187 1261 2242 1308 ct
2270 1252 2508 1307 animam
2554 1267 2741 1319 unam,
2778 1269 2795 1303 ι
2827 1259 2880 1306 et
2929 1248 3136 1320 reliqua
3166 1247 3235 1302 ad
3275 1248 3388 1302 haec
3422 1262 3638 1317 usqum:

2071 1360 2091 1395 ι
2138 1342 2338 1399 Attulit
2374 1342 2643 1413 pretium,
2682 1352 2743 1398 et-
2770 1342 2951 1412 posuit
2996 1351 3121 1395 ante
3159 1339 3456 1410 apostolos.
3492 1358 3510 1391 I
3548 1337 3642 1393 llis

2064 1433 2321 1505 deinceps
2367 1434 2596 1489 Ananiae
2637 1431 3022 1501 et-Sapphinae
3082 1431 3309 1486 historia
3368 1430 3644 1486 subnecti-

2066 1534 2173 1594 tur,
2207 1527 2301 1598 qui
2346 1526 2751 1597 possessionem
2799 1524 3017 1592 quidem
3068 1538 3222 1578 suam
3266 1522 3640 1583 vendiderant.

2064 1617 2303 1688 aliquam
2349 1628 2529 1673 autem
2576 1615 2739 1687 pretii
2786 1624 3016 1686 partcmv
3044 1614 3492 1677 interverterunt;
3543 1629 3644 1668 nuc

2064 1704 2296 1773 pretium
2324 1711 2536 1770 totum,
2552 1702 2646 1759 sed
2674 1702 3184 1774 portionemipsius
3222 1702 3490 1757 duntaxat
3515 1712 3643 1758 ante

2062 1794 2228 1864 pedes
2289 1795 2661 1865 apostolorum
2729 1794 3126 1864 deposuerant;
3176 1803 3230 1848 et
3278 1792 3482 1850 idcirco
3542 1809 3644 1862 pro

370 1886 430 1939 ὲν
456 1886 620 1958 κοινῷ
658 1887 893 1960 θανάτῳ,
931 1889 1021 1943 διὰ
1053 1889 1115 1943 τὸ
1137 1890 1233 1944 καὶ
1268 1888 1714 1953 πεπιστευκέναι,
1744 1888 1839 1943 καὶ
1870 1887 1962 1959 μέ-

2066 1894 2286 1956 peccato
2316 1885 2370 1941 id
2402 1884 2618 1941 fuerant
2651 1884 2892 1954 perpessi
2938 1884 3086 1955 quod
3132 1883 3328 1939 litteris
3383 1884 3640 1940 traditum

373 1992 468 2047 ρος
489 1994 542 2031 τι
586 1976 736 2050 παρὰ
762 1980 889 2043 τοὺς
927 1979 1094 2044 πόδας
1133 1980 1242 2033 τῶν
1275 1978 1588 2034 ἀποστόλων
1633 1978 1959 2033 τεθεικέναι.

373 2070 535 2123 Δοκεῖ
566 2070 624 2123 δέ
668 2087 779 2142 μοι,
813 2071 895 2124 ὅτι
935 2071 1149 2125 ἀκούων
1192 2072 1442 2136 Ἀνανίας
1467 2073 1593 2135 τοὺς
1621 2071 1814 2140 λόγους
1839 2070 1962 2126 τού-

371 2177 528 2239 τους,
568 2161 656 2217 διὰ
695 2161 854 2216 τοῦτο
895 2162 1076 2217 πεσὼν
1118 2162 1413 2233 ἀπέψυξεν,
1467 2163 1589 2216 ἐπεὶ
1624 2163 1726 2217 οὐκ
1763 2163 1964 2234 ἤνεγκε

372 2252 463 2304 τὸν
492 2250 734 2323 ἔλεγχον,
762 2252 896 2306 ἀλλὰ
933 2252 1355 2325 βασανιζόμενος
1384 2254 1637 2308 τοσοῦτον
1670 2253 1960 2325 ἐκολάσθη,

374 2342 469 2395 καὶ
492 2341 570 2406 ὡς
595 2341 847 2413 ὲκψύξαι,
884 2344 1257 2415 καθικομένων
1287 2343 1393 2398 τῶν
1423 2343 1594 2414 λόγων
1623 2345 1831 2417 Πέτρου
1864 2345 1965 2416 τῆς

372 2432 552 2504 ψυχῆς
581 2433 767 2489 αὐτοῦ.
803 2436 911 2488 Καὶ
944 2436 1006 2489 οὐ
1053 2436 1257 2506 Πέτρον
1295 2453 1362 2505 γε
1407 2436 1693 2508 νομιστέον
1730 2436 1963 2491 ἐνταῦθα

372 2524 474 2595 ἀνη
483 2524 707 2595 ρηκέναι
745 2524 836 2580 τὸν
880 2525 1145 2592 Ἁνανίαν,
1177 2526 1293 2580 ἀλλ’
1326 2528 1533 2581 ἐκεῖνον
1576 2526 1650 2599 μὴ
1686 2527 1965 2598 ὑπομεμε-

372 2614 595 2685 νηκέναι
619 2616 718 2688 τὴν
740 2616 1080 2692 σφοδρότητα
1108 2615 1200 2670 τοῦ
1224 2617 1471 2680 εἰπόντος
1500 2617 1636 2690 πρὸς
1670 2618 1834 2673 αὑτὸν
1859 2618 1964 2672 Πέ-

372 2721 524 2777 τρου’
573 2725 592 2758 ι
633 2706 735 2760 Διὰ
763 2706 817 2759 τί
864 2708 1184 2780 ἐπλήρωσεν
1225 2710 1255 2762 ὁ
1297 2709 1542 2772 Σατανᾶς
1584 2708 1684 2781 τὴν
1734 2709 1961 2782 καρδίαν

373 2812 499 2862 eoa;
530 2817 548 2848 ι
586 2799 681 2852 καὶ
705 2798 773 2853 τὰ
808 2799 956 2870 ἑξῆς,
984 2799 1089 2864 ἕως
1111 2798 1225 2852 τοῦ·
1252 2818 1271 2852 ι
1295 2800 1405 2853 Καὶ
1435 2800 1653 2870 ἐγένετο
1681 2801 1845 2871 φόϐος
1875 2801 1966 2875 μέ-

373 2908 477 2961 γας
508 2893 600 2946 ἐπὶ
628 2893 833 2960 πάντας
861 2895 989 2959 τοὺς
1008 2896 1323 2961 ἀκούοντας.
1366 2916 1385 2949 ι
1409 2898 1571 2961 Εἰκὸς
1598 2897 1657 2951 δὲ
1691 2897 1831 2969 πρὸς
1861 2896 1962 2969 τὴν

373 2984 468 3038 τοῦ
506 2985 749 3040 Ἀνανίου
781 2987 1055 3054 ἀπόδοσιν,
1084 2990 1142 3044 ὲν
1234 2990 1362 3062 περλ⁵
1402 2989 1493 3044 τοῦ
1523 2991 1732 3063 Πέτρου
1762 2991 1961 3045 ἀπελο-

372 3075 684 3147 γησάμεθα,
704 3078 1067 3150 ἐνστήσασθαι
1093 3081 1201 3152 (56)
1221 3099 1343 3135 τινα
1364 3082 1452 3135 διά
1471 3083 1808 3154 Σάπφειραν,
1837 3084 1961 3137 ἐπεὶ

2065 1986 2181 2043 est;
2220 1992 2345 2031 nam
2377 1976 2522 2047 quod
2551 1975 2930 2041 credidissent,
2974 1983 3028 2029 et
3071 1983 3275 2044 partem
3301 1976 3540 2046 aliquam
3571 1976 3642 2031 ad

2065 2066 2230 2137 pedes
2254 2065 2626 2135 apostolorum
2654 2063 3000 2130 detulissent,
3023 2063 3202 2117 meriti
3228 2071 3374 2119 certe
3399 2063 3642 2131 fuerant,

2068 2166 2126 2213 ut
2151 2157 2204 2212 in
2234 2172 2331 2213 eos
2356 2155 2796 2212 animadvertens
2821 2153 2963 2211 Deus
2989 2153 3099 2209 illic
3133 2154 3340 2224 peccati
3375 2171 3470 2225 per
3493 2155 3643 2211 frau-

2063 2248 2337 2305 dationem
2372 2247 2598 2303 admissi
2625 2248 2798 2303 vicem
2834 2246 3169 2317 rependeret,
3200 2257 3261 2303 ut
3306 2246 3510 2303 inflicto
3536 2248 3641 2304 sibi

2065 2355 2161 2411 per
2186 2349 2414 2397 mortem
2448 2354 2797 2395 communem
2842 2339 3111 2409 supplicio
3148 2340 3347 2411 puniti,
3389 2341 3642 2397 mundio-

2064 2446 2155 2487 res
2182 2446 2250 2486 ex
2284 2429 2388 2487 hac
2413 2430 2521 2486 vita
2564 2430 2881 2501 migrarent.
2913 2428 3209 2500 Propterea
3237 2439 3433 2486 autem.
3453 2433 3642 2487 audito

2063 2521 2171 2577 hoc
2205 2536 2460 2578 sermone
2491 2521 2792 2591 collapsum
2838 2520 3109 2577 Ananiam
3157 2523 3466 2594 exspirasse
3491 2541 3638 2588 rear,

2064 2613 2211 2684 quod
2258 2613 2520 2669 indicium
2577 2612 2827 2670 criminis
2872 2612 3013 2670 ferre
3066 2630 3175 2670 non
3229 2619 3493 2687 potuerit,
3544 2624 3639 2676 scel

2063 2705 2364 2776 quaestione
2389 2705 2459 2762 de
2497 2705 2590 2761 illo
2618 2705 2799 2761 habita
2840 2721 3016 2775 usque
3055 2707 3192 2762 adeo
3220 2710 3520 2782 castigatus
3546 2715 3639 2779 sic;

2064 2807 2124 2852 ut
2170 2806 2442 2869 pungente
2490 2796 2661 2867 ipsius
2704 2797 2945 2852 animam
2988 2795 3132 2853 Petri
3175 2814 3427 2857 sermone
3457 2806 3642 2875 exspi-

2062 2892 2216 2944 rarit.
2240 2886 2350 2945 Nec
2376 2904 2507 2945 sane
2527 2889 2795 2945 Ananiam
2825 2907 2855 2945 a
2881 2888 3042 2946 Petro
3068 2893 3231 2946 morti
3261 2894 3446 2949 datum
3472 2896 3642 2953 fuisse

2061 2981 2485 3039 existimandum
2510 2990 2614 3048 est,
2650 2981 2745 3037 sed
2783 2980 2925 3039 ferre
2962 3001 3086 3041 eum
3124 3002 3231 3042 non
3269 2987 3512 3057 p0tuissc
3546 3005 3642 3043 vc-

2062 3070 2391 3127 bementiam
2422 3069 2568 3127 Petri
2596 3070 2828 3127 dicentis
2845 3073 2893 3104 “
2923 3092 2935 3127 :
2963 3093 2983 3126 ι
3012 3074 3122 3131 Cur
3150 3078 3379 3132 tentavit
3407 3076 3641 3137 Satanas

368 3164 532 3239 αὕτη,
570 3185 589 3218 ι
624 3167 699 3239 μὴ
731 3168 904 3223 εἰδυῖα
928 3170 990 3222 τὸ
1010 3172 1253 3240 γεγονὸς,
1282 3172 1518 3244 εἰσῆλθε.
1550 3168 1660 3226 Καὶ
1684 3174 1956 3248 ἀπεκρίθη

2064 3175 2164 3217 cor
2198 3159 2389 3215 tuum?
2429 3178 2449 3212 ι
2486 3168 2539 3215 et
2585 3160 2814 3230 reliqua,
2857 3177 3033 3233 usque
3071 3164 3140 3219 ad
3178 3164 3231 3220 id
3266 3182 3281 3220 :
3312 3183 3332 3218 ι
3365 3164 3433 3220 Et
3452 3166 3642 3223 .factns

371 3257 511 3330 πρὸς
541 3259 711 3331 αὐτὴν
741 3261 770 3314 ό
801 3261 1005 3333 Πέτρος
1037 3262 1228 3333 λέγων·
1277 3264 1340 3317 Εἰ
1382 3264 1641 3318 τοσούτου
1673 3265 1734 3319 τὸ
1761 3266 1959 3339 χωρίον

370 3350 669 3418 ἀπέδοσθε;
699 3352 972 3425 Εἰπούσης
1000 3355 1189 3426 αὐτῆς,
1218 3356 1509 3411 Τοσούτουο
1542 3358 1572 3411 ὁ
1598 3357 1806 3429 Πέτρος
1824 3358 1960 3432 πρὸς

371 3445 541 3515 αὐτήν
589 3460 740 3515 φησι·
776 3445 842 3499 Τί
885 3446 965 3500 ὅτι
1000 3447 1354 3519 συνεφωνήθη
1403 3449 1534 3519 ύμῖν
1586 3450 1848 3522 πειράσαι
1896 3450 1959 3505 τὸ

378 3535 603 3605 Πνεῦμα
624 3534 853 3606 Κυρίου;
885 3536 1015 3592 Ἰδοὺ
1043 3538 1093 3593 οἱ
1120 3538 1282 3602 πόδες
1298 3539 1407 3592 τῶν
1435 3538 1721 3609 θαψάντων
1749 3539 1841 3594 τὸν
1864 3542 1959 3595 ἀν-

368 3626 471 3696 δρα
507 3643 599 3681 σου
648 3627 741 3680 ἐπὶ
770 3630 837 3700 τῇ
880 3627 1021 3701 θύρᾳ.
1052 3628 1184 3700 (57),
1224 3632 1320 3684 καὶ
1368 3630 1638 3696 ὲξοίσουσί
1683 3648 1762 3683 σε·
1796 3631 1959 3685 ἔπεσε

370 3719 480 3790 γὰρ
506 3721 847 3792 παραχρῆμα
872 3722 964 3775 καὶ
986 3721 1124 3792 αὐτὴ
1157 3721 1293 3794 πρὸς
1312 3723 1438 3786 τοὺς
1465 3722 1629 3786 πόδας
1649 3722 1835 3784 αὑτοῦ,
1865 3726 1959 3779 καὶ

369 3809 644 3880 ἑξέῷυξεν.
690 3832 708 3863 ι
756 3812 915 3867 ’Λλλᾶ
935 3813 1151 3885 λεχθείη
1185 3813 1270 3876 ἂν,
1305 3814 1385 3866 ὅτι
1410 3813 1656 3885 κάκείνη,
1688 3815 1958 3887 ὲπιπλησ-

373 3903 574 3974 σομένη
628 3904 722 3957 καὶ
768 3904 1068 3976 βαρηθᾶσα
1099 3902 1197 3975 τὴν
1228 3903 1427 3975 ψυχὴν,
1465 3903 1541 3976 πὴ
1578 3906 1676 3975 μὲν
1721 3906 1827 3959 ὑπὸ
1861 3907 1957 3961 τοῦ

369 3995 466 4047 ἰπὶ
517 3997 582 4067 τῇ
628 3996 875 4068 ἁμαρτίᾳ
913 3994 1164 4065 ἐλέγχου,
1203 3995 1280 4065 πὴ
1332 3994 1389 4048 δὲ
1418 3997 1511 4049 ἐπὶ
1540 3999 1606 4069 τῇ
1637 3996 1732 4051 τοῦ
1766 3997 1983 4071 ἀνδρὸς

372 4083 647 4155 συμφορᾷ,
696 4083 789 4137 καὶ
844 4082 987 4155 λύπῃ
1040 4086 1107 4155 τῇ
1164 4086 1296 4156 περὶ
1344 4083 1534 4149 αὐτοῦ,
1571 4086 1647 4159 πὴ
1687 4085 1863 4140 stent
1890 4090 1956 4160 τῇ

370 4173 512 4227 κατὰ
535 4174 627 4228 τὸν
656 4174 789 4227 Θεὸν
823 4173 989 4246 λύπῃ,
1016 4173 1263 4244 ὲξέψυξε,
1294 4177 1710 4247 προεωρακότος
1738 4177 1834 4231 τοῦ
1862 4179 1959 4231 Πέ-

368 4278 500 4334 τρου
544 4262 622 4334 τῷ
664 4263 931 4334 πνεύματι
964 4263 1025 4316 τὸ
1070 4264 1516 4334 ἀπαντησόμενον
1564 4266 1721 4338 αὐτῇ.
1772 4266 1959 4320 Ταῦτα

369 4357 429 4411 δὲ
484 4360 613 4430 ἡμῖν
658 4357 755 4411 ὅλα
790 4356 1027 4430 εἴρηται,
1068 4356 1408 4427 βουλομένοις
1456 4359 1864 4413 κατασκευάσαι
1897 4360 1958 4413 τὸ

374 4448 600 4503 δυνατὸν
634 4443 772 4501 εἶναι
801 4447 1131 4519 βουληθέντα
1164 4445 1287 4499 τινὰ
1318 4446 1520 4501 τέλειον
1538 4448 1823 4519 γενέσθαι,
1847 4467 1959 4504 πει-

2061 3260 2147 3307 est
2178 3250 2342 3306 timor
2368 3266 2600 3320 magnus
2621 3265 2785 3320 super
2815 3266 3007 3309 omnes
3029 3255 3122 3324 qui
3149 3253 3460 3312 audierunt.
3496 3275 3517 3310 ι
3539 3256 3642 3313 His

2060 3355 2243 3403 autem
2269 3363 2393 3418 quae
2421 3347 2489 3402 de
2509 3346 2721 3402 Anania
2756 3346 3330 3419 674traditatsunt,
3354 3352 3407 3406 in
3439 3352 3663 3422 quibus~

2058 3437 2207 3495 Petri
2257 3452 2481 3494 causam
2529 3436 2907 3506 defendimus,
2940 3439 3365 3497 intercessurum
3398 3443 3636 3513 aliquem

2059 3543 2283 3603 propter
2331 3529 2655 3600 Sapphiram
2702 3532 3000 3588 verisimile
3040 3543 3144 3599 cst,
3192 3538 3635 3608 quandoquidem

2060 3622 2174 3688 illa,
2204 3640 2225 3674 ί
2274 3621 2525 3677 nesciens
2565 3620 2711 3689 quod
2757 3619 2962 3675 factum
3006 3621 3216 3692 fuerat,
3272 3626 3539 3683 introivit.
3570 3628 3637 3684 Et

2056 3712 2337 3781 respondit
2362 3711 2410 3766 ei
2439 3710 2634 3769 Petrus
2663 3712 2851 3768 dicens
2879 3731 2891 3768 :
2931 3709 2986 3765 Si
3014 3714 3145 3769 tanti
3176 3731 3367 3785 agrum
3392 3719 3638 3773 vendidi-

2058 3804 2193 3859 stis?
2221 3805 2291 3858 At
2332 3819 2457 3859 cum
2501 3804 2732 3859 dixisset
2776 3803 2905 3858 illa:
2946 3803 3143 3871 Tanti;
3176 3804 3369 3863 Petrus
3401 3808 3478 3864 ait
3510 3810 3586 3864 illi
3615 3826 3631 3867 :

2061 3893 2203 3960 Quid
2250 3895 2438 3965 utique
2471 3895 2727 3951 convenit
2759 3896 2916 3952 vobis
2962 3904 3172 3952 tentare
3211 3897 3474 3968 Spiritum
3524 3900 3631 3955 Do-

2058 3985 2231 4042 mini?
2277 3984 2417 4041 Ecce
2463 3986 2627 4056 pedes
2678 4001 2871 4042 eorum
2928 3987 3023 4059 qui
3077 3988 3407 4060 sepelierunt
3453 3991 3634 4047 virum

2058 4086 2214 4133 tuum
2268 4077 2339 4133 ad
2381 4077 2605 4145 ostium,
2649 4087 2703 4134 et
2749 4077 2977 4135 ederent
3012 4087 3085 4136 te.
3142 4080 3444 4138 Confestim
3483 4083 3630 4139 enim

2059 4169 2257 4225 cecidit
2296 4178 2352 4224 et
2400 4169 2491 4224 illa
2544 4177 2669 4224 ante
2701 4169 2875 4239 pedes
2913 4170 3055 4241 ejus,
3086 4180 3142 4227 et
3172 4173 3471 4243 exspiravit
3502 4175 3568 4230 ".
3608 4195 3628 4228 ι

2059 4261 2265 4318 Verum
2289 4261 2395 4317 dici
2439 4270 2618 4332 potest
2646 4262 2838 4317 animo
2865 4264 3243 4320 conturbatam
3278 4265 3420 4322 hanc
3445 4276 3501 4323 et
3533 4281 3634 4338 op-

2060 4369 2326 4426 pressam,
2357 4362 2471 4409 tum
2516 4354 2660 4424 quod
2689 4356 2897 4424 peccati
2925 4355 3405 4426 manifestaforet,
3433 4365 3635 4430 parum

2058 4456 2280 4520 propter
2312 4447 2427 4503 viri
2448 4447 2815 4504 calamitatem
2847 4459 2902 4505 et
2928 4462 3246 4523 conceptum
3277 4451 3403 4508 inde
3436 4467 3637 4508 mmro-

373 4540 564 4610 σθῆναι
593 4537 671 4608 τῷ
712 4536 885 4609 Ἰησοῦ
916 4537 1143 4605 λέγοντιο
1174 4554 1193 4587 ι
1232 4536 1466 4606 Ὕπαγε,
1494 4536 1742 4608 πώλησόν
1773 4557 1866 4593 σου
1890 4540 1962 4595 τὼ

2064 4555 2201 4606 rem,
2236 4540 2433 4611 partim
2474 4540 2638 4595 etiam
2680 4540 2827 4610 quod
2860 4543 3067 4611 peccati
3108 4544 3162 4598 in
3203 4543 3373 4600 Deum
3415 4543 3649 4599 conscia.

372 4630 709 4701 ὑπάρχοντα,
746 4629 839 4681 καὶ
859 4628 948 4692 δὸς
971 4632 1226 4700 πτωχοῖς.
1256 4649 1274 4682 ι
1295 4630 1563 4684 Γενναίων
1592 4630 1640 4684 8‘
1663 4626 1836 4702 οἶμαι,
1862 4633 1957 4687 καὶ⁵

2063 4633 2405 4689 vehementer
2454 4642 2767 4703 angeretur,
2794 4634 2958 4689 vitam
3004 4651 3129 4691 cum
3173 4645 3346 4692 morte
3388 4651 3635 4691 commu-

371 4719 603 4790 ἑχόντων
652 4721 720 4775 τὰ
769 4720 1239 4793 χαρακτηρίξοντα
1284 4722 1374 4777 τδν
1402 4721 1699 4777 ἐπίσκοπον
1746 4724 1962 4791 πάντα,.

2063 4735 2230 4793 tasse;
2266 4739 2391 4780 cum
2420 4723 2575 4795 prius
2603 4740 2767 4783 casus
2797 4726 2873 4782 illi
2903 4727 3275 4798 impendentes
3303 4727 3498 4785 Petrus
3524 4729 3638 4799 spi.

1568 4838 1803 4898 VETUS
1851 4836 2434 4896 INTERPRETATIO.

374 4928 573 5004 fecisse
594 4936 820 5004 propter!
851 4931 1160 5004 libertatem
1190 4933 1386 4989 anima:
1415 4950 1549 5000 suto,
1583 4944 1638 4990 et
1657 4935 1965 5004 exemplum
1997 4934 2125 4990 vitae
2181 4934 2443 4991 facilioris
2476 4953 2492 4990 :
2547 4943 2603 4992 et
2628 4936 2892 4991 volentem
2920 4950 2979 4992 se
3008 4935 3236 4990 beatum
3257 4936 3636 4994 demonstrare

373 5000 648 5074 gentibus,
671 5009 725 5055 et
750 5002 884 5056 nihil
915 5003 1105 5074 mundi
1129 5004 1288 5060 istius
1319 5020 1455 5073 opus
1488 5005 1797 5069 habentem,
1819 5000 2122 5061 tradidisse
2148 5020 2367 5061 omnem
2400 5006 2765 5061 substantiam
2795 5022 2952 5062 suam
2983 5008 3183 5074 populo
3223 5005 3636 5063 Thebanorum.

335 5124 343 5156 ,_
374 5069 433 5156 ξιξ
457 5085 587 5139 ergo
613 5083 829 5156 propter
863 5072 1186 5156 sapientiam
1213 5069 1476 5156 gentium.
1502 5084 1557 5128 et
1581 5075 1835 5156 dogmata
1861 5075 2151 5156 liberantia
2203 5076 2468 5156 animam,
2488 5076 2632 5132 sicut
2670 5076 2746 5129 illi
2796 5069 3099 5156 putabant}.
3121 5076 3223 5156 hoc
3256 5076 3434 5156 facere
3464 5080 3637 5156 potuit

338 5152 344 5160 ‘
375 5143 539 5216 homo
571 5141 808 5216 gentilis,
832 5141 1109 5216 quomodo
1150 5158 1257 5216 non
1289 5142 1505 5216 facilius
1533 5141 1712 5215 potest
1730 5144 1907 5216 facere
1938 5146 2033 5213 qui
2064 5145 2413 5216 concupiscit
2454 5147 2508 5200 iu
2548 5160 2608 5202 se
2658 5141 2941 5215 suscipere
2970 5145 3183 5216 Christi
3214 5141 3637 5216 perfectionem?

376 5209 432 5284 _S_i
466 5209 644 5284 autem
673 5220 728 5284 et
748 5210 823 5284 de
844 5209 1045 5284 divinis
1076 5211 1375 5284 Scripturis
1409 5209 1612 5282 placari
1646 5215 1771 5283 quis
1795 5214 1913 5267 vult
1955 5209 2217 5284 quoniam
2246 5209 2533 5284 'possibilc
2560 5225 2644 5269 est
2672 5209 2830 5283 quod
2856 5216 3105 5284 prtacepit
3146 5209 3420 5281 Christus,
3449 5217 3637 5269 audiat

376 5280 663 5356 historiam
691 5280 759 5336 de
789 5282 1011 5356 Actibus
1041 5280 1426 5356 apostolorum
1454 5284 1525 5337 ita
1549 5280 1910 5356 conscriptam
1940 5280 2250 5356 :‘c_(_)xnncs
2274 5280 2458 5340 autem
2499 5287 2592 5356 qui
2646 5280 3068 5356 crediderantin
3099 5285 3331 5355 idipsum
3366 5286 3637 5356 habebant

374 5350 919 5424 onnii_a__eounnunia,
947 5364 998 5407 ct
1024 5350 1499 5424 possessiones,et
1522 5350 1859 5424 substantias
1893 5351 2221 5424 vendebant,
2270 5364 2326 5408 et
2357 5350 2672 5410 dividebant
2721 5364 2877 5422 prout
2923 5350 3193 5424 quisque'
3214 5370 3352 5423 opus
3379 5354 3631 5409 habebat.

374 5418 624 5486 Quotidie
647 5430 828 5477 autem
854 5418 1234 5492 permanentes
1269 5422 1323 5477 in
1360 5422 1596 5493 idipsum
1628 5422 1682 5477 in
1714 5424 1935 5494 templo,
1965 5430 2022 5477 et
2060 5418 2399 5496 frangentes.
2430 5426 2483 5479 in
2526 5418 2778 5480 domibus
2810 5418 3025 5494 panem,
3054 5418 3424 5495 percipi'ebant
3449 5424 3632 5479 cibum

442 5550 487 5583 ⁸⁸
520 5551 639 5608 Act.
674 5569 735 5623 tt,
767 5556 858 5613 Η.
934 5559 981 5591 ⁸⁸
1006 5558 1138 5613 ibid.
1161 5557 1252 5614 47.
1327 5558 1374 5591 ³³
1399 5557 1519 5614 Act.
1547 5574 1621 5626 Iv,
1654 5557 1845 5614 52-57.
1921 5559 1969 5593 "‘
1992 5560 2110 5618 Act.
2139 5575 2191 5628 v,
2225 5559 2279 5625 5,
2301 5558 2356 5615 5.
2432 5559 2479 5591 "
2511 5557 2643 5613 ibid.
2673 5557 2787 5626 7,.8
2815 5567 2868 5614 ct
2890 5574 3003 5628 seq.

442 5670 556 5743 (55)
595 5674 810 5753 ξ’ῌγαγε
845 5678 920 5753 ’τὸ
970 5677 1187 5753 χρῆμα,
1232 5678 1332 5753 xui
1375 5679 1761 5753 ἔθηκε-πειρᾷ
1810 5680 1951 5753 τοὺς

2100 5679 2243 5753 Δ(56)
2294 5678 2755 5746 Ἐνστιξσιισθαι.
2808 5676 2972 5733 Forte
3020 5676 3101 5747 leg
3137 5676 3337 5745 udum,
3379 5676 3631 5753 ἐνστήσεη

371 5744 570 5822 Sirae:
594 5747 643 5797 il
666 5744 775 5822 Inc.
809 5744 1097 5822 _t\tt._:iv,'
1122 5751 1189 5822 δί
1216 5744 1496 5822 suum:
1539 5748 1599 5802 τὸ
1641 5744 1826 5822 χρῆμα
1858 5744 1950 5805 καὶ

2063 5744 2204 5822 σθαι,

371 5814 532 5874 Edax:
565 5814 717 5886 παρὰ
744 5819 867 5882 τοὺς
894 5814 1064 5885 πόδας
1088 5819 1192 5875 τῶν
1226 5814 1557 5874 ἀποστόλων.
1734 5814 1764 5822 ’⁷

2133 5818 2246 5893 {57)
2271 5819 2452 5877 Cod-:x
2487 5816 2711 5904 Regius,
2745 5816 2842 5891 τὴν
2872 5817 3061 5893 θύραν.
