4032 6308
458 393 604 449 1503

1936 379 2258 437 OBlGENlS

3575 366 3717 423 l3!”

461 484 714 555 apostoli,
748 491 806 536 ut
836 478 1055 548 sapiens
1077 476 1132 530 in
1152 473 1391 539 Christo,
1418 480 1473 529 et
1503 469 1683 540 fortis,
1706 479 1761 527 et
1794 471 2033 542 prudens

2143 471 2229 525 καὶ
2257 472 2307 523 οἱ
2340 467 2625 523 ἀπόστολοι
2651 465 2745 520 τοῦ
2788 461 3043 536 Χριστοῦ,
3070 462 3205 533 πρὸς
3235 461 3294 513 τὸ
3337 459 3587 528 γενέσθαι
3622 478 3722 513 σο-

462 584 518 631 et
554 574 701 630 omni
738 570 930 625 aﬂ’ectu
969 579 1176 621 vacuus
1203 563 1488 619 efﬁciatur.
1522 563 1593 618 At
1625 563 1718 633 qui
1763 561 2033 634 ejusmodi

457 663 875 737 explicationem
907 656 1091 713 tuendi
1117 656 1283 726 hujus
1307 656 1409 711 loci
1440 656 1614 727 gratia
1645 654 1903 726 proferet,
1926 655 2028 707 mi.

462 760 609 812 nime
637 751 1003 808 necessarium
1053 763 1177 804 esse
1206 748 1370 814 dicet,
1401 757 1461 803 ut
1503 748 1622 818 ipso
1653 746 1741 802 die
1764 761 1874 816 quo
1911 745 2035 816 quis

457 849 600 903 bona
631 859 728 900 sua
758 842 1021 903 vendidit,
1047 849 1102 896 et
1131 841 1463 912 pauperibus
1497 838 1797 907 distribuit,
1822 838 1873 893 id
1898 853 2036 893 con~

459 936 667 1005 tingere
702 932 861 987 nobis
906 930 1091 984 animo
1135 931 1427 1001 tingamus,
1459 929 1552 985 sed
1584 929 1652 983 ab
1684 929 1775 983 illo
1807 927 2035 982 fortasse

457 1027 547 1081 die
578 1026 724 1080 hunc
753 1024 819 1078 ad
846 1037 911 1078 ea
947 1022 1213 1078 deducere
1241 1022 1425 1077 divina
1452 1036 1584 1076 cura
1613 1020 1870 1091 incipiet;
1917 1020 2037 1073 lau-

457 1118 691 1172 dabilem
726 1116 873 1169 illam
914 1114 985 1168 ab
1035 1112 1320 1168 allectibus
1370 1111 1769 1166 immunitatem
1813 1110 1937 1165 dico
1983 1116 2037 1163 et

457 1209 805 1279 omnigenam
850 1205 1105 1259 virtutem
1138 1221 1153 1258 :
1186 1202 1381 1258 deinde
1412 1216 1543 1255 vero
1572 1210 1832 1270 tanquam
1884 1198 2037 1253 Isaac

457 1301 747 1373 proﬁciens
776 1306 832 1353 et
866 1296 1194 1361 crescens",
1217 1306 1438 1365 propter
1461 1292 1716 1348 collatum
1744 1291 1846 1362 ipsi
1873 1306 1904 1345 a
1925 1290 2036 1345 Deo

457 1395 513 1449 in
547 1391 766 1449 Christo
792 1389 1189 1459 adiumentum,
1218 1386 1394 1456 major
1416 1385 1540 1451 erit,
1566 1384 1741 1439 donec
1781 1383 1835 1438 in
1883 1382 2035 1438 omni

455 1485 658 1539 virtute
685 1483 1081 1536 incrementum
1107 1477 1353 1547 capiens,
1381 1491 1536 1532 erasa
1559 1490 1624 1530 ex
1654 1474 1827 1545 ipsius
1855 1474 2036 1528 anima

455 1574 606 1627 onini
646 1571 910 1642 nequitia,
945 1569 1105 1624 valde
1153 1567 1311 1622 valde
1356 1582 1590 1634 magnus
1629 1564 1874 1619 exsistat.
1926 1561 2038 1618 Nec

456 1681 589 1719 vero
616 1664 708 1734 qui
734 1661 1130 1732 expositionem
1162 1659 1304 1714 hanc
1336 1656 1639 1721 tradiderit,
1670 1654 1853 1711 dicere
1878 1671 2037 1726 coge-

457 1767 549 1811 tur
577 1755 852 1810 hominem
886 1750 1090 1822 alioqui
1120 1749 1359 1822 peccatis
1401 1748 1641 1805 deditum
1669 1763 1733 1804 eo
1757 1747 1877 1817 ipso
1915 1761 2037 1817 ρει-η

458 1849 661 1903 fertum
700 1846 950 1901 evadere.
1426 1834 1427 1837 “

533 1939 620 1993 18.
667 1938 818 1992 Alter
859 1945 1040 1990 autem
1082 1933 1136 1989 in
1181 1932 1286 1988 fide
1334 1930 1565 1988 fortasse
1597 1947 1704 1987 non
1745 1938 2035 1994 constans,

459 2045 658 2087 scusns
683 2027 996 2083 reconditos
1024 2022 1342 2096 penetrandi
1371 2023 1574 2086 studio,
1612 2020 1837 2077 forsitan
1873 2020 2037 2074 etiam

461 2121 852 2191 cogitationum
885 2118 997 2172 Deo
1040 2117 1332 2187 dignarum
1383 2113 1718 2170 sublimitate
1756 2126 1921 2181 super
1954 2109 2041 2165 his

459 2213 601 2269 locis
632 2211 859 2283 quaesita
888 2209 957 2264 ab
984 2222 1049 2263 eo
1074 2216 1129 2262 et
1156 2214 1385 2277 reperta,
1415 2205 1604 2262 relicta
1629 2203 1811 2258 littera
1839 2202 1906 2257 ad
1931 2211 2043 2256 tro-

461 2304 737 2377 pologiam
777 2300 1054 2367 ascendet,
1085 2308 1138 2355 et
1166 2298 1312 2355 dicet
1340 2298 1483 2354 bona
1510 2293 1948 2365 uniuscujusque
1976 2306 2040 2345 ea

460 2406 586 2449 esse
610 2390 775 2463 677
807 2404 930 2459 quae
955 2389 1109 2443 illum
1138 2397 1263 2459 post
1283 2401 1571 2442 excessum
1597 2391 2041 2454 consequuntur;

461 2486 600 2546 adeo
631 2495 687 2540 ut
726 2483 861 2555 justi
893 2482 1055 2537 bonis
1083 2480 1309 2535 afﬂuant
1341 2478 1717 2544 facultatibus,
1749 2474 2043 2532 contrariis

460 2591 591 2631 vero
624 2573 882 2644 improbi.
922 2570 1022 2626 Hic
1048 2586 1179 2641 ergo
1209 2569 1430 2624 divitem
1476 2568 1644 2622 multa
1674 2564 2041 2637 possidentem

460 2667 607 2723 bona
656 2675 842 2736 typum
889 2664 1009 2734 ejus
1051 2677 1175 2718 esse
1221 2662 1366 2717 dicet
1412 2660 1508 2730 qui
1551 2657 1811 2730 nequitiis
1854 2655 2044 2711 multis

462 2758 739 2825 abundat;
766 2757 908 2811 inter
933 2770 1071 2826 quas
1099 2753 1411 2808 divitiarum
1456 2766 1632 2817 amor,
1671 2749 1858 2820 gloriae
1890 2747 2044 2818 cupi-

461 2852 628 2913 ditas.
658 2859 711 2905 et
741 2865 827 2906 res
855 2849 975 2903 alia:
1004 2855 1231 2902 terrena:
1257 2845 1416 2901 bonis
1445 2842 1894 2914 vituperabilibus
1922 2840 2043 2893 ani-

463 2960 607 2999 mam
662 2942 835 3012 ipsius
887 2940 1154 3008 replentcs
1213 2935 1421 2992 censeri
1470 2943 1717 3006 possunt.
1772 2932 2042 2999 Quoniam

462 3050 593 3104 ergo
634 3033 726 3102 qui
764 3048 826 3087 ea
861 3031 1075 3086 ratione
1116 3029 1268 3085 dives
1301 3036 1406 3092 est,
1440 3042 1470 3081 a
1515 3024 1874 3095 pravitatibus
1918 3022 2044 3092 qui.

2137 559 2238 629 φὺς
2268 561 2327 613 ὲν
2368 558 2613 630 Χριστῷ,
2658 557 2753 610 καὶ
2783 554 3047 626 ἀνδρεῖος,
3078 552 3171 605 καὶ
3207 550 3434 614 δίκαιος,
3467 550 3563 602 καὶ
3606 548 3721 603 σώ-

2136 668 2309 723 φρων,
2344 650 2440 704 καὶ
2474 649 2631 712 ἐκτὸς
2661 646 2863 709 παντὸς
2903 643 3129 706 πάθους.
3170 643 3337 712 Φήσει
3380 641 3439 694 δὲ
3477 643 3509 694 ό
3543 639 3723 704 οὕτως

2135 743 2590 815 ἀπολογούμενος,
2633 742 2715 795 ὅτι
2744 741 2845 793 οὐκ
2873 738 3089 809 ἀνάγκη
3136 736 3295 790 τοῦτο
3330 735 3592 807 νοηθῆναι
3623 735 3728 788 αὐ-

2134 837 2235 907 τῆς
2288 835 2501 907 ἡμέρας
2546 832 2856 901 ἀπαντῆσαι
2904 830 2981 900 τῷ
3021 826 3396 898 ἀποδεδομένῳ
3436 827 3507 879 τά
3550 826 3732 897 ὑπάρ-

2136 945 2319 1001 χοντα,
2366 929 2461 981 καὶ
2512 926 2708 980 διδόντι
2755 925 3011 993 πτωχοῖς.
3046 920 3159 974 ἀλλ’
3201 920 3331 983 ἴσως
3369 921 3465 972 ἀπ’
3501 918 3723 989 ἐκείνης

2140 1022 2239 1094 μὲν
2270 1021 2368 1092 τῆς
2399 1019 2612 1091 ἡμέρας
2640 1016 2862 1089 ἄρξεται
2882 1017 2916 1086 ή
2947 1014 3069 1067 θεία
3097 1011 3365 1081 ὲπισκοπὴ
3392 1011 3486 1063 ἐπὶ
3510 1010 3581 1063 τὰ
3609 1027 3727 1063 τοι·

2136 1112 2276 1167 αὔτα
2304 1112 2467 1165 αὐτὸν
2510 1111 2695 1178 ἀγεινο
2732 1108 2875 1176 λέγω
2910 1105 2968 1158 δὲ
2998 1104 3094 1176 τὴν
3122 1104 3409 1174 ἐπαινετὴν
3448 1102 3725 1157 ἀπάθειαν

2136 1205 2231 1258 καὶ
2279 1204 2460 1257 πᾶσαν
2491 1200 2587 1272 τὴν
2633 1200 2836 1272 ἀρετήν
2859 1214 2874 1229 ο
2910 1195 3216 1269 προϐαίνων
3258 1194 3317 1247 δὲ
3353 1194 3430 1258 ὡς
3471 1196 3501 1247 ό
3535 1193 3722 1248 Ἰσαὰκ

2136 1296 2225 1350 διὰ
2252 1296 2351 1366 τήν
2378 1293 2486 1346 ἀπὸ
2517 1291 2612 1345 τοῦ
2635 1291 2771 1345 Θεοῦ
2796 1290 2878 1353 είς
2906 1288 3067 1342 αὐτὸν
3100 1290 3159 1341 ὲν
3186 1285 3405 1356 Χριστῷ
3446 1284 3722 1356 βοήθειαν,

2141 1384 2338 1458 μείζων
2382 1383 2555 1446 ἔσται,
2598 1382 2702 1444 ἓως
2733 1375 2795 1435 οὗ
2824 1380 3069 1445 αὐξάνων
3111 1377 3283 1448 μέγας
3325 1377 3552 1446 γένηται
3586 1377 3722 1446 σφό-

2137 1478 2239 1547 δρα
2285 1476 2491 1547 σφόδρα
2530 1475 2588 1527 ὲν
2627 1474 2779 1546 πάσῃ
2819 1474 3010 1545 ἀρετῇ,
3051 1470 3231 1541 πάσης
3271 1468 3723 1539 ὲξαφανισθείσης

2136 1568 2236 1639 τῆς
2277 1567 2476 1629 κακίας
2507 1566 2616 1620 ἀπὸ
2646 1566 2747 1636 τῆς
2778 1564 2956 1634 ψυχῆς
2983 1560 3170 1615 αὑτοῦ.
3211 1562 3320 1614 Καὶ
3350 1562 3451 1613 οὐκ
3483 1561 3724 1627 ἀναγκα-

2140 1659 2396 1732 σθήσεταί
2429 1676 2493 1728 γε
2533 1660 2561 1711 ό
2593 1657 2795 1727 ταύτην
2829 1652 3186 1716 ἀποδεδωκὼς
3225 1652 3321 1724 τὴν
3364 1653 3620 1723 διήγησιν
3647 1655 3726 1706 εί·-

2139 1754 2261 1805 πεῖν
2294 1751 2496 1804 τέλειον
2536 1750 2667 1820 παρ’
2702 1747 2834 1802 αὐτὸ
2867 1746 3025 1800 τοῦτο
3057 1743 3307 1817 γενέσθαι
3335 1743 3622 1816 ἄνθρωπον
3655 1741 3727 1798 τά

2139 1843 2273 1898 ἄλλα
2307 1843 2705 1914 ἁμαρτάνοντα.

2212 1936 2438 2006 Ἕτερος
2472 1933 2552 1993 δὲ,
2593 1932 2694 1985 οὐκ
2738 1926 2858 1985 οῖδα
2911 1931 3007 2001 μὲν
3059 1931 3107 1983 εί
3157 1928 3371 1994 σκάζων
3415 1933 3481 2000 τῇ
3522 1932 3723 1993 πίστει,

2141 2027 2410 2097 φαντασίᾳ
2440 2024 2534 2078 τοῦ
2570 2023 2871 2078 διαϐαίνειν
2903 2023 2996 2076 ἐπὶ
3030 2022 3131 2094 τὴν
3165 2021 3446 2093 φρόνησιν,
3481 2022 3583 2074 οὐκ
3608 2017 3724 2075 οἶδα

2140 2117 2197 2170 δὲ
2227 2120 2275 2170 εί
2300 2116 2394 2170 καὶ
2427 2113 2654 2187 μέγεθός
2676 2131 2729 2166 τι
2756 2113 3001 2184 ζητήσας
3032 2113 3125 2166 καὶ
3158 2112 3333 2184 εὑρὼν
3380 2115 3460 2177 εἰς
3494 2114 3620 2176 τοὺς
3642 2113 3723 2165 τό·

2144 2229 2277 2275 πους
2309 2210 2595 2282 νοημάτων
2623 2208 2789 2276 ἀξίων
2812 2206 2906 2260 τοῦ
2932 2205 3090 2273 Θεοῦ,
3117 2204 3429 2258 καταλιπὼν
3456 2206 3555 2274 τὴν
3582 2204 3725 2268 λέξιν

2143 2304 2235 2356 ἐπὶ
2292 2300 2647 2374 τροπολογίαν
2698 2298 3025 2370 ἀναϐήσεται
3053 2338 3067 2363 ,
3116 2297 3209 2351 καὶ
3254 2299 3370 2368 ἐρεῖ
3413 2297 3726 2368 ὑπάρχοντα

2143 2394 2357 2464 ἑκάστῳ
2390 2389 2623 2447 εἶναιτὰ
2656 2390 2899 2461 ἑπόμενα
2933 2387 3083 2459 αὐτῷ
3120 2387 3257 2459 μετά
3292 2387 3390 2458 τὴν
3422 2386 3624 2451 ἔξοδον,
3651 2387 3725 2451 ὡς

2143 2480 2281 2538 εἶναι
2309 2484 2416 2537 τῶν
2442 2482 2797 2556 ὑπαρχόντων
2827 2481 3057 2543 δικαίοις
3096 2479 3195 2550 μὲν
3229 2477 3443 2548 ἀγαθὴν
3470 2476 3723 2549 ὓπαρξιν,

2145 2576 2369 2646 φαύλοις
2400 2575 2458 2628 δὲ
2487 2575 2587 2647 τὴν
2618 2573 2886 2628 ἐναντίαν.
2926 2571 3186 2624 Ἐνταῦοα
3211 2566 3304 2624 οὖν
3332 2587 3465 2640 φησι
3491 2569 3601 2639 (64)
3634 2568 3724 2622 τὸν

2145 2667 2315 2722 πολλὰ
2350 2668 2540 2738 ἔχοντα
2570 2668 2825 2738 κτήματα
2873 2665 3123 2719 πλούσιον
3160 2664 3222 2716 σύ
3231 2663 3425 2734 μὸολον
3467 2658 3606 2716 εἶναι
3632 2661 3724 2716 τοῦ

2147 2761 2316 2815 πολλά
2349 2759 2688 2832 κεκτημένου
2724 2758 2924 2828 φαῦλα,
2956 2759 3014 2811 ἐν
3042 2751 3122 2821 οἷς
3155 2752 3294 2809 εἶναι
3322 2754 3544 2808 δύναται
3574 2754 3669 2808 καὶ
3690 2754 3725 2824 ἡ

2148 2852 2517 2923 φιλοπλουτία,
2552 2853 2646 2905 καὶ
2678 2852 2711 2922 ή
2751 2849 3044 2919 φιλοδοξία,
3079 2849 3173 2902 καὶ
3203 2846 3338 2902 ἀλλα
3379 2848 3546 2918 γήῖνα
3588 2845 3736 2917 πρά·

2147 2961 2333 3016 γματα
2371 2942 2769 3015 πεπληρωκότα
2799 2941 2962 2995 αὐτοῦ
2995 2940 3092 3012 τὴν
3121 2934 3301 3011 ψυχὴν
3328 2938 3531 3009 ψεκτοῦ
3562 2932 3732 2990 πλούὲν

2148 3052 2263 3088 του.
2299 3036 2450 3088 Ἐπεὶ
2474 3031 2566 3088 οὖν
2596 3032 2821 3088 δύναταί
2870 3049 2998 3086 ποτε
3029 3034 3058 3085 ὁ
3086 3031 3259 3095 οὕτως
3301 3030 3545 3092 πλούσιος
3580 3027 3705 3082 ἀπέ.

464 3119 693 3173 busdam
740 3118 951 3171 alienus
983 3130 1104 3170 esse
1145 3123 1344 3186 potest,
1373 3114 1522 3168 velut
1561 3113 1629 3168 ab
1672 3110 1963 3179 adulterio,
1989 3120 2040 3166 et

2145 3123 2332 3195 χεσθαι
2382 3123 2481 3195 μέν
2520 3139 2682 3176 τινων
2711 3122 2949 3192 φαύλων,
2994 3122 3069 3186 ὼς
3113 3120 3375 3192 μοιχείας,
3407 3120 3496 3173 καὶ
3532 3118 3715 3186 φόνου,

464 3207 780 3273 homicidio,
810 3215 865 3261 et
903 3206 1067 3270 furto,
1110 3213 1171 3260 ct
1199 3204 1322 3260 falsi
1361 3204 1662 3259 testimonii
1700 3202 1963 3267 dictione,
1992 3211 2046 3258 et

464 3302 590 3355 cum
627 3300 837 3354 honore
870 3298 1055 3368 aliquo
1091 3313 1217 3369 erga
1264 3305 1515 3367 parentes
1551 3295 1730 3351 cilicio
1770 3292 2042 3366 perfungi,

465 3403 581 3447 tum
629 3399 683 3446 et
732 3391 785 3444 in
833 3390 1116 3460 proximos
1161 3391 1435 3445 humanus
1483 3403 1626 3455 esse,
1667 3395 2044 3445 verumtamen

466 3501 575 3539 non
605 3482 912 3553 perfectus;
952 3482 1215 3551 ejusmodi
1260 3481 1469 3539 homini
1505 3497 1603 3552 per
1630 3480 1875 3553 symbola
1904 3496 2045 3552 prae-

463 3575 596 3646 cipit
644 3574 900 3629 Servator
947 3583 1007 3628 ut
1048 3574 1254 3633 nefaria
1302 3574 1418 3629 haec
1467 3573 1610 3629 bona
1661 3572 1937 3639 divendat,
1990 3581 2046 3628 et

464 3667 624 3736 quasi
660 3666 836 3720 tradat
875 3666 1236 3734 potestatibus
1283 3681 1345 3721 ea
1391 3665 1765 3736 operantibus,
1794 3667 2041 3721 omnium

463 3760 651 3829 egenis
677 3760 969 3823 bonorum,
999 3767 1395 3829 preptereaque
1419 3758 1599 3814 minas
1633 3773 1741 3813 non
1774 3757 2049 3812 sustineno

464 3853 636 3918 tibus,
660 3850 818 3922 juxta
868 3851 918 3905 id
953 3851 1096 3921 quod
1133 3850 1398 3921 scriptum
1442 3835 1630 3905 est”:
1667 3869 1686 3901 ι
1725 3848 1830 3917 Qui
1862 3857 2043 3904 autem

463 3957 670 4013 panper
719 3950 825 4009 est,
877 3941 1305 4011 int-repationem
1363 3955 1473 3995 non
1527 3939 1783 3996 sustinet.
1818 3958 1837 3991 ι
1896 3937 2048 3994 Hanc

463 4049 629 4104 porro
651 4034 1065 4103 explicationem
1090 4033 1243 4087 valde
1265 4040 1508 4088 coactam
1547 4033 1725 4087 visum
1756 4031 1821 4087 iri
1846 4046 1912 4088 ac
1932 4031 2048 4086 vio-

462 4123 667 4177 lentam
695 4131 842 4178 certo
870 4123 1007 4189 scio,
1041 4139 1162 4194 quae
1192 4123 1530 4194 propositam
1561 4124 1782 4194 quidem
1822 4123 1891 4179 de
1922 4139 2048 4194 per-

464 4214 700 4270 fectione
728 4216 1084 4285 quaestionem
1109 4231 1216 4271 non
1250 4218 1447 4272 inscite
1478 4217 1684 4283 solvat;
1728 4231 1835 4271 non
1862 4224 2043 4271 autem

463 4307 763 4379 nequitiam
797 4308 1093 4378 deponere,
1137 4316 1335 4380 etquae
1374 4324 1404 4364 a
1451 4308 1692 4379 nequitia
1716 4311 2046 4380 proveniunt

2145 3215 2240 3270 καὶ
2285 3214 2512 3284 κλοπῆς,
2540 3214 2635 3267 καὶ
2675 3213 3171 3284 ψευδομαρτυρίας,
3204 3212 3299 3265 καὶ
3327 3210 3637 3282 καθήκοντα
3664 3209 3722 3262 δὶ

2147 3304 2454 3360 ἀποδιδόναι
2475 3304 2611 3377 πρὸς
2639 3307 2818 3373 γονεῖς
2851 3303 2991 3375 μετά
3014 3320 3161 3365 τινος
3188 3303 3375 3375 τιμῆς,
3399 3297 3536 3355 εἶναι
3560 3301 3617 3354 δέ
3645 3314 3726 3366 τις

2148 3396 2244 3451 καὶ
2278 3390 2656 3469 φιλάνθρωπος
2686 3397 2823 3469 πρὸς
2862 3395 2954 3449 τὸν
2988 3395 3236 3465 πλησίον,
3282 3395 3343 3448 οὐ
3389 3395 3495 3465 μὴν
3525 3395 3620 3448 καὶ
3647 3395 3724 3449 τέ-

2147 3487 2310 3553 λειος,
2350 3487 2695 3560 συμϐολικῶς
2724 3487 2802 3559 τῷ
2829 3487 3054 3557 τοιούτῳ
3102 3487 3431 3559 προστάσσει
3471 3489 3501 3540 ό
3541 3487 3729 3558 Σωτὴρ

2148 3577 2443 3633 ἀποδόσθαι
2483 3578 2552 3632 τὰ
2585 3577 2834 3650 μοχθηρά
2864 3578 3196 3649 ὑπάρχοντα,
3225 3577 3319 3631 καὶ
3352 3577 3596 3650 ὡσπερεὶ
3622 3595 3726 3631 πα-

2147 3668 2403 3742 ραδοῦναι
2450 3669 2589 3723 αὐτὰ
2638 3673 2760 3733 ταῖς
2815 3669 3197 3741 ὲνεργηκυίαις
3248 3668 3388 3722 αὐτὰ
3444 3668 3726 3740 δυνάμεσι,

2146 3763 2552 3832 πτωχευούσαις
2591 3761 2791 3825 παντὸς
2824 3760 3012 3825 καλοῦ,
3057 3761 3150 3814 καὶ
3179 3759 3268 3813 διὰ
3303 3759 3462 3814 τοῦτο
3503 3760 3578 3831 μὴ
3610 3761 3730 3831 ὑφι-

2150 3851 2445 3923 σταμέναις
2503 3850 2602 3923 τὴν
2664 3850 2927 3923 ἀπειλὴν,
2984 3851 3125 3904 κατά
3186 3851 3249 3904 τὸ
3299 3850 3683 3922 γεγραμμένον
3709 3866 3723 3881 ·

2155 3957 2174 3992 ι
2200 3940 2421 4011 Πτωχὸς
2458 3939 2516 3993 δὲ
2557 3940 2656 4010 οὐχ
2692 3940 2983 4010 ὑφίσταται
3031 3941 3282 4012 ἀπειλήν.
3316 3959 3334 3992 ι
3385 3939 3523 3993 Ἀλλ’
3551 3936 3610 3993 εὖ
3636 3935 3726 3993 οἷδ’

2150 4033 2233 4086 ὅτι
2268 4033 2472 4104 σφόδρα
2518 4032 2693 4104 βίαιος
2738 4028 2876 4087 εἶναι
2925 4032 3066 4098 δόξει
3107 4035 3140 4105 ἡ
3192 4032 3411 4104 τοιαύτη
3457 4033 3726 4096 ἀπόδοσις,

2150 4125 2354 4179 λύουσα
2387 4125 2486 4195 μὲν
2518 4124 2618 4178 οὐκ
2658 4124 2902 4193 ἀγεννῶς
2927 4125 2997 4179 τὰ
3025 4127 3153 4198 περὶ
3186 4126 3521 4198 τελειότητος
3561 4125 3728 4195 ηὐπο-

2155 4215 2395 4288 ρημένα·
2451 4217 2513 4271 οὐ
2559 4217 2699 4271 πάνυ
2751 4218 2809 4271 δὲ
2856 4217 3119 4272 πείθουσά
3167 4235 3283 4282 πως
3331 4218 3393 4271 τὸ
3433 4214 3726 4271 ἀποθέσθαι

2149 4308 2248 4381 τὴν
2289 4308 2509 4375 κακίαν,
2539 4311 2634 4366 καὶ
2659 4311 2758 4383 τὴν
2787 4310 2897 4364 ἀπὸ
2929 4309 3125 4375 κακίας
3154 4309 3446 4366 ἀποδόσθαι
3474 4307 3723 4381 ὓπαρξιν,

1669 4425 1902 4483 VETUS
1933 4426 2524 4484 INTERPRETATIO.

464 4521 551 4603 vis
579 4521 797 4603 aliquas.
820 4518 988 4603 (quod
1016 4519 1450 4603 buranumhest)
1482 4519 1739 4603 habuerit
1763 4521 2065 4603 passiones,
2093 4532 2146 4578 et
2172 4523 2217 4578 si
2258 4524 2381 4594 quis
2412 4524 2714 4603 aliu_s_hanc
2744 4525 2980 4595 inapiam
3007 4540 3202 4594 passus
3236 4522 3417 4603 fuerit,
3449 4530 3501 4577 et
3534 4537 3725 4603 magna

463 4590 736 4672 adjutorio
768 4590 935 4672 fuerit
967 4590 1276 4672 adjuvatus,
1306 4590 1420 4672 Pco
1446 4590 1770 4645 exaudiente
1816 4602 2087 4672 tantorum
2115 4590 2411 4672 pauperum
2447 4590 2884 4672 refrigeratornin
2917 4590 3105 4665 preces
3136 4613 3149 4648 :
3177 4595 3268 4662 qui
3315 4603 3493 4647 tamen
3527 4593 3728 4672 similes

464 4659 595 4742 sunt
622 4661 908 4742 apostolis,
930 4671 1023 4742 aut
1051 4660 1211 4741 paulo
1240 4659 1547 4742 inferiores,
1572 4676 1847 4742 pauperes
1878 4662 2093 4730 quidem
2115 4659 2183 4718 'in
2220 4659 2607 4742 corporalibus
2630 4666 2772 4720 sicut
2811 4659 3130 4742 iliifdivitcs
3158 4659 3337 4742 autem
3376 4664 3438 4742 in.
3469 4662 3726 4742 spiritali-

463 4732 726 4815 buszh‘ut
760 4730 986 4815 ita..lstc
1013 4730 1105 4812 qui
1143 4730 1512 4815 mutavit'pro.
1552 4731 1760 4815 divitiis
1793 4742 2169 4815 paupertatem
2195 4730 2378 4815 utﬁt-int
2413 4735 2704 4803 perfectus,
2739 4736 2969 4815 credens
3008 4735 3353 4815 sermonibus
3380 4730 3605 4797 Christi,
3635 4731 3726 4787 ad-

460 4801 744 4882 juvabitur
774 4803 984 4882 ratione
1024 4802 1167 4882 sicut
1196 4800 1427 4882 apostoli
1453 4800 1680 4882 (l‘hristi,
1706 4810 1765 4854 ut
1792 4803 2131 4882 sapi_ens_fi_at
2157 4805 2211 4856 in
2242 4800 2483 4882 Christ-9,
2519 4813 2578 4859 ut
2608 4806 2990 4882 magnanimis,
3022 4814 3083 4882 ιιι
3121 4805 3324 4882 justus,
3346 4811 3418 4882 _ut
3442 4811 3647 4868 castus,
3678 4809 3729 4855 ct

466 4867 672 4952 absque
712 4871 863 4952 omni
905 4873 1128 4952 onmino
1175 4867 1602 4952 passione-LNon
1640 4880 1818 4952 mmet:
1857 4867 1949 4925 'sic
1998 4870 2267 4952 debemus
2294 4867 2615 4952 intelligere,
2651 4867 2726 4928 ut'
2755 4877 2808 4929 in
2860 4880 2974 4945 ipsa
3003 4867 3232 4941 die,'vel
3257 4875 3310 4927 in
3344 4874 3464 4943 ipso
3491 4867 3729 4952 tempore

465 4953 578 5020 quo
609 4940 1072 5021 ιιοιιιὶἰόεειίιδιιυιιιι⁸
1092 4940 1567 5021 sua_|)attperib'tts,
1603 4939 1865 5021 efﬁciatur
1893 4942 2118 5021 omnino
2145 4942 2436 5021 perfectus.
2473 4939 2592 4997 'Scd
2638 4939 3037 5021 consequenter
3068 4939 3131 4999 ex
3155 4944 3254 5021 illa
3289 4939 3506 5013 quidem
3540 4939 3731 5021 diein-

465 5008 630 5089 cipivt
654 5010 952 5089 speculati-0
984 5008 1076 5062 Dei
1106 5008 1377 5089 adducere
1410 5026 1533 5089 cum
1566 5011 1630 5063 ad
1662 5024 1857 5065 omnes
1877 5012 2124 5089 virtutes,
2147 5008 2215 5067 ιιι
2247 5013 2471 5089 incipiat
2505 5029 2586 5089 ex_
2600 5028 2664 5068 eo
2695 5008 2958 5083 proli—cere
2986 5016 3127 5069 sicut
3155 5008 3731 5089 Isaac'proptcradjn-

468 5077 665 5131 torium
699 5077 796 5162 flevi.
823 5079 1277 5162 collatum'inse,
1310 5091 1365 5134 et
1392 5081 1758 5162 ntagis‘atque
1807 5077 2374 5162 ιιιουκ-ἰε-νριὍεοειηιξοιδ
2408 5084 2656 5162 singulos
2695 5077 2843 5150 'dies,
2880 5086 3054 5141 donec
3071 5077 3509 5162 _adjutus'.sicut
3560 5077 3732 5142 Isaac,

465 5164 697 5230 magnus
717 5147 1229 5230 t'lliciztttn-valdc_in
1260 5150 1409 5230 otnni
1433 5147 1649 5215 virtute,
1669 5147 1825 5204 omni
1858 5151 2103 5230 videlicet
2134 5147 2342 5230 malitia
2375 5147 2562 5230 avulsa
2598 5154 2664 5208 de
2697 5147 2877 5230 anima
2902 5155 3040 5221 ejus.
3071 5153 3134 5209 Et
3165 5147 3245 5212 sic
3271 5152 3363 5223 qui
3387 5154 3536 5230 hanc
3565 5166 3731 5219 expo-

465 5220 719 5273 sitionem
755 5219 1044 5299 defendere
1075 5220 1423 5299 vtt_lt,__dicere
1459 5236 1565 5274 non
1595 5230 1817 5291 cogetur
1841 5219 2141 5290 perfectum
2181 5222 2295 5276 fieri
2331 5223 2605 5279 hominem
2635 5239 2730 5294 per
2763 5225 2867 5281 hoc
2898 5219 3075 5295 ipsum
3103 5224 3249 5294 quod
3283 5219 3567 5278 tradiderit
3589 5222 3728 5275 bona

465 5305 562 5345 sua
592 5290 941 5359 pauperibus,
970 5288 1103 5360 alias
1126 5290 1550 5360 dulinqucntem.

466 5429 478 5442 .
539 5361 625 5442 id:
657 5361 809 5413 Alter
846 5368 1026 5438 autem
1060 5359 1609 5442 forsitan‘abundans
1637 5359 2023 5442 fide‘etstudio
2051 5364 2372 5442 transeundi
2401 5365 2476 5442 a_d_
2505 5364 2815 5442 subtiliora,
2852 5374 2904 5420 ct
2930 5364 2995 5419 ad
3036 5364 3462 5442 magnitudinem
3490 5361 3730 5442 aliquam

464 5429 840 5510 intellectuunt
875 5432 1228 5510 eminentium
1263 5439 1316 5510 et
1360 5430 1673 5510 dignior-uin
1716 5429 1957 5510 Christo,
1991 5431 2303 5510 relinquens
2328 5436 2478 5490 verbi
2514 5435 2922 5507 simplicitatem
2960 5444 3014 5491 et
3037 5429 3434 5502 expositionem
3464 5431 3727 5488 moralem

469 5501 743 5564 tansibit,
778 5502 966 5554 dicens
1009 5501 1376 5555 substantiam
1420 5514 1541 5554 esse
1571 5499 2005 5570 uniuscujusque
2041 5499 2238 5557 animm
2265 5513 2422 5559 actus
2455 5499 2638 5576 ipsius'
2657 5514 2780 5575 post
2806 5505 3037 5571 exitum,
3081 5499 3140 5557 ιιί
3164 5504 3236 5559 sit
3264 5501 3569 5559 substantia
3601 5500 3728 5571 qui-

537 5615 583 5645 ”
608 5614 741 5669 Gen.
765 5618 1018 5683 xxvi,15.
1105 5616 1151 5648 ⁸⁹
1194 5615 1355 5671 Prov.
1387 5632 1510 5682 xm,
1547 5617 1598 5672 8.

541 5706 653 5775 ((B4)
703 5708 988 5763 Ἐνταῦθα
1015 5708 1129 5764 οὖν
1157 5728 1328 5779 φησι,
1359 5720 1463 5768 etc.
1507 5710 1644 5783 L030.
1684 5714 1864 5785 φήσει,
1897 5729 2040 5786 supr:

469 5774 958 5849 Thmphylactum.
998 5778 1258 5834 HL‘ETII'S.

2143 5713 2429 5772 ναϐήσεται
2473 5715 2566 5771 καὶ
2593 5716 2744 5787 ἐρεῖ.
2775 5715 3042 5770 Caeterum
3081 5714 3198 5769 vide
3239 5711 3622 5783 Hieronymum
3672 5715 3731 5765 et

576 5814 722 5845 Alfi-1
737 5814 958 5832 ιιυυιηιιιο
1000 5814 1110 5834 ιιιῑ.
1127 5814 1142 5834 ι
1159 5814 1195 5834 ιι
1216 5814 1258 5834 De
