4032 6308
356 366 500 423 1505

1311 368 1669 429 COMMENT.
1695 373 1765 430 ΙΝ
1790 374 2208 435 ΜΑΤΤΗΕΠΜ
2242 377 2481 435 TOMUS
2504 378 2619 435 XV.

3482 391 3619 447 1506

356 486 454 541 καὶ
478 483 661 540 δοῦναι
695 488 947 558 πτωχοῖς.
992 488 1081 541 Ἐν
1109 487 1335 559 τοιούτῳ
1367 492 1927 565 προσκατειλημμένος

2042 497 2326 555 facultates
2362 500 2595 555 vendere
2643 507 2698 554 ct
2748 501 3079 571 pauperibus
3122 520 3346 576 erogare
3391 523 3620 579 persua-

350 576 508 648 τόπῳ
527 580 557 631 6
584 577 751 651 ταύτῃ
785 579 1192 652 παριστάμενος
1223 579 1333 651 (65)
1363 586 1428 654 τῇ
1460 582 1609 655 δόξῃ,
1646 587 1808 657 φήσει
1842 604 1940 640 πε-

322 686 328 690 ε
354 664 674 736 πληρῶσθαι
706 667 797 719 τὸν
830 667 1152 738 ἁμαρτωλὸν
1175 671 1504 741 πνευμάτων
1526 673 1667 726 κατὰ
1692 675 1793 747 τὴν
1815 677 1943 732 ἀνα-

350 756 542 826 λογίαν
567 758 674 811 τῷν
720 760 1131 833 ἁμαρτημάτων
1150 778 1163 793 ’
1201 756 1312 819 οἷον
1350 765 1398 817 εἰ
1440 767 1636 837 πόρνος
1678 767 1762 840 εἰη
1783 810 1798 833 ,
1843 770 1936 824 τοῦ

348 846 647 920 λεγομένου
681 852 740 904 ὲν
781 854 898 917 τοῖς
939 856 1249 926 προφήταις
1296 855 1606 927 πνεύματος
1649 861 1934 932 πορνείας·

345 941 395 992 si
426 939 483 992 δὲ
512 939 767 1012 θυμικὸς,
794 943 1104 1015 πνεύματος
1132 945 1304 1016 Θυμοῦ
1325 964 1338 977 ο
1370 946 1513 1001 οὐτω
1544 948 1601 1002 δὲ
1636 951 1730 1003 καὶ
1754 954 1801 1004 εἰ
1834 970 1936 1006 κα-

340 1030 597 1095 τάλαλος,
628 1033 940 1104 πνεύματος
964 1036 1314 1101 καταλαλιᾶς.
1340 1038 1527 1093 Ταῦτα
1560 1036 1652 1094 οὖν
1673 1060 1758 1106 τις
1783 1045 1939 1115 ἐκτή-

343 1135 477 1173 σατο
498 1121 571 1176 τὰ
601 1122 917 1194 ὑπάρχοντα
934 1125 1136 1195 φαῦλος
1150 1126 1247 1190 ὣν,
1276 1128 1371 1181 καὶ
1398 1129 1687 1201 γενόμενος
1712 1134 1776 1202 τῇ
1810 1150 1936 1202 μετ-

336 1213 439 1282 οχῇ
490 1211 604 1266 τῶν
647 1216 904 1286 χειρόνων
941 1219 1269 1288 πνευμάτων
1297 1219 1555 1289 Τυφῶνος
1587 1221 1936 1276 πολυπλοκώ-

334 1317 502 1373 τερος
541 1302 675 1375 (66).
718 1305 927 1378 Ὥσπερ
973 1307 1018 1359 δ’
1057 1309 1331 1379 ἐκτήσατο
1378 1311 1540 1379 αὐτὰ,
1583 1312 1933 1384 ὠνησάμενος

338 1393 668 1465 προαιρέσει
700 1396 1066 1468 εἰκούσητοϊς
1095 1398 1340 1468 φαύλοις,
1375 1401 1548 1466 οὕτως
1580 1404 1832 1459 ἀποδοῖτο
1866 1404 1932 1459 ἂν

334 1478 421 1548 οἷς
445 1483 595 1538 θέλει
622 1488 651 1539 6
682 1486 837 1556 λόγος
858 1484 1014 1554 οὗτος
1042 1495 1279 1563 πτωχοῖς
1304 1492 1391 1546 διά
1414 1493 1508 1547 τοῦ
1544 1494 1825 1561 πείθεσθαι
1855 1498 1932 1569 τῷ

349 1574 531 1644 Ἰηπῦ
552 1592 567 1607 ’
594 1575 670 1639 ὡς
694 1576 802 1649 γάρ
825 1578 856 1648 ή
890 1581 1078 1653 εἰρήνη
1108 1583 1215 1636 τῶν
1244 1583 1558 1639 ἀποστόλων
1578 1586 1714 1658 πρὸς
1735 1588 1931 1652 αὐτοὺς

332 1667 712 1740 ἀνακάμπτει,
733 1671 827 1725 ὲάν
852 1673 927 1745 μὴ
948 1675 1062 1738 υἱὸς
1085 1677 1308 1748 εἰρήνης
1330 1677 1480 1748 τύχοι
1498 1674 1633 1732 εἶναι
1660 1681 1687 1732 ό
1716 1680 1929 1734 ἀκούων

330 1758 397 1813 τό
418 1776 433 1789 ·
466 1779 486 1812 1
522 1762 730 1834 Εἰρήνη
759 1764 919 1835 ὑμῖν·
953 1785 972 1818 1
1003 1766 1174 1833 οὕτως
1198 1770 1232 1840 ή
1264 1770 1510 1841 πορνεία,
1537 1773 1631 1824 καὶ
1658 1772 1833 1826 πάντα
1858 1771 1928 1825 τὰ

2039 588 2185 644 deat.
2220 589 2322 654 Qui
2358 591 2599 659 opinioni
2633 590 2759 645 huic
2785 592 3093 648 assenticns
3123 596 3215 651 hie
3242 596 3619 670 lueritdepre-

2040 681 2265 745 hensus,
2302 697 2401 750 pro
2432 693 2777 747 peccatorum
2828 699 3054 740 suorum
3085 687 3296 743 ratione
3330 692 3614 759 spiritibus

2038 773 2302 842 repletum
2347 788 2469 829 esse
2511 783 2854 843 peccatorem
2903 776 3076 844 dicet;
3128 787 3185 832 ut
3230 780 3276 833 si
3322 792 3613 852 scortator,

2036 864 2187 917 verbi
2213 879 2400 930 causa,
2445 865 2628 932 fuerit,
2682 867 3031 923 scortationis
3070 870 3213 924 dicto
3255 887 3285 924 a
3335 874 3614 943 prephetis

2038 954 2233 1020 spiritu
2267 954 2341 1019 ⁶⁰;
2383 956 2428 1010 si
2478 955 2795 1018 iracundus,
2847 958 3040 1027 Spiritu
3078 960 3395 1028 iracundiae,
3430 964 3475 1017 si
3514 965 3615 1020 ob-

2040 1056 2318 1112 trectator,
2350 1048 2542 1117 spiritu
2571 1049 3005 1106 obtrectationis.
3048 1051 3158 1106 Has
3202 1068 3331 1122 ergo
3370 1055 3617 1123 possidet

2035 1136 2324 1193 facultates
2370 1139 2465 1207 qui
2512 1140 2689 1194 malus
2735 1151 2840 1208 est,
2891 1151 2946 1197 et
2989 1144 3309 1212 nequiorum
3361 1161 3615 1202 commu-

2035 1228 2199 1281 nione
2231 1229 2524 1297 spirituum
2569 1228 2831 1299 Typhone
2876 1229 3186 1284 mutabilior
3209 1241 3313 1285 est.
3337 1230 3403 1287 Et
3423 1250 3616 1303 quem-

2035 1317 2325 1371 admodum
2374 1319 2653 1373 voluntate
2686 1320 2843 1375 malis
2884 1320 3293 1391 obtemperante
3326 1339 3389 1377 ea
3422 1340 3610 1381 emcns

2034 1406 2136 1461 sibi
2178 1407 2543 1475 comparavit;
2575 1407 2649 1461 ita
2679 1405 2808 1462 Jcsu
2841 1422 3046 1461 morem
3088 1410 3325 1478 gerendo
3356 1409 3442 1464 his
3471 1426 3611 1479 pau-

2032 1499 2253 1568 peribus
2281 1498 2368 1551 illa
2396 1499 2671 1562 divendat,
2702 1499 2796 1569 qui
2830 1499 2933 1553 isto
2960 1500 3129 1570 678
3151 1517 3406 1556 sermone
3435 1504 3609 1573 signi-

1987 1652 1993 1658 ,
2033 1590 2284 1644 ﬁcantur.
2316 1590 2388 1645 Ut
2414 1590 2558 1644 enim
2598 1590 2971 1660 apostolorum
3001 1607 3101 1659 pax
3143 1592 3209 1646 ad
3255 1593 3405 1661 ipsos
3430 1609 3612 1648 rever-

2032 1682 2183 1744 titur,
2214 1682 2259 1737 si
2302 1683 2451 1751 pacis
2480 1681 2618 1738 forte
2644 1682 2790 1739 ﬁlius
2840 1699 2945 1737 non
2983 1682 3167 1748 fuerit,
3200 1684 3294 1753 qui
3328 1684 3457 1738 illud
3507 1700 3610 1738 au-

2030 1774 2108 1829 dit
2133 1774 2208 1829 ":
2254 1793 2272 1824 ι
2318 1773 2428 1829 Pax
2469 1776 2653 1842 vobis;
2692 1794 2710 1827 ι
2747 1775 2820 1830 ita
2847 1776 3130 1842 scortatio,
3162 1784 3217 1830 et
3248 1777 3452 1845 reliqua
3491 1791 3613 1831 om-

335 1849 740 1924 ἁμαρτήματα,
769 1857 946 1910 πάντα
969 1857 1289 1930 ἀνακάμψαι
1321 1861 1389 1915 ἂν
1413 1862 1548 1933 πρὸς
1572 1864 1700 1927 τούς
1720 1863 1927 1928 αἰτίους

2030 1866 2121 1921 nia
2160 1875 2381 1937 peccata
2421 1866 2489 1921 ad
2538 1882 2805 1937 pauperes
2847 1876 3212 1935 revertentur,
3256 1868 3350 1938 qui
3382 1883 3607 1924 causam

331 1942 446 1997 τῶν
495 1945 913 2018 ἁμαρτημάτων
946 1951 1212 2021 πτωχούς.
1262 1953 1374 2006 Καὶ
1412 1953 1526 2008 ἔστι
1570 1953 1645 2026 μὴ
1677 1954 1926 2009 διστάσαι

331 2037 469 2109 περὶ
487 2036 584 2090 τοῦ
613 2038 818 2094 τέλειον
845 2039 1088 2108 γίνεσθαι
1104 2041 1195 2095 τὸν
1222 2041 1366 2096 οὐτω
1394 2043 1721 2116 πωλήσαντα
1750 2046 1929 2100 πάντα

330 2126 405 2181 τὰ
447 2127 817 2200 ἀποδεδομένα
853 2131 1187 2203 ὑπάρχοντα,
1239 2135 1334 2187 καὶ
1363 2133 1521 2187 δόντα
1564 2138 1822 2206 πτωχοῖς.
1863 2134 1928 2191 Εἰ

330 2215 393 2271 δὲ
426 2217 605 2291 χρόνῳ
648 2220 828 2293 πολλῷ
860 2222 1169 2277 ἀποδίδοται
1198 2223 1268 2278 τὰ
1297 2225 1630 2298 ὑπάρχοντα,
1666 2228 1761 2281 καὶ
1795 2227 1926 2281 πολ-

333 2309 431 2363 ),οὕ
464 2311 637 2366 δεῖται
681 2315 872 2384 χρόνου
902 2315 1041 2385 πρὸς
1080 2315 1140 2368 τὸ
1182 2315 1365 2370 δοῦναι
1402 2316 1540 2370 αὐτὰ
1578 2312 1659 2381 οἷς
1700 2319 1927 2390 εἴπομεν

331 2404 597 2470 πτωχοῖς,
631 2403 786 2458 οὐδὲν
829 2403 895 2458 ἂν
941 2405 1202 2459 κωλύοιτο
1249 2408 1279 2460 ό
1322 2407 1479 2476 λόγος
1520 2407 1698 2479 χρόνῳ
1729 2409 1924 2477 διδοὺς,

329 2491 458 2543 κατ’
502 2493 798 2562 ἀναλογίαν
837 2488 913 2549 ὧν
944 2496 1261 2551 ἀποδέδοται
1294 2501 1411 2562 τοῖς
1432 2502 1690 2570 πτωχοῖς,
1722 2501 1928 2558 τέλειον

327 2581 583 2650 γίνεσθαι
610 2585 704 2639 τὸν
724 2586 898 2640 ταῦτα
923 2587 1179 2642 ποιοῦντα
1195 2605 1209 2619 θ
1246 2589 1433 2659 σαφῶς
1458 2590 1516 2644 δὲ
1543 2591 1572 2644 6
1592 2591 1765 2646 ταῦτα
1792 2594 1928 2665 πρά-

326 2671 429 2739 ξας
467 2675 583 2741 ἔξει
611 2677 882 2749 θησαυρὸν
928 2679 986 2733 ὲν
1026 2679 1260 2752 οὐρανῷ,
1304 2683 1396 2735 καὶ
1436 2683 1599 2749 αὐτὸς
1641 2687 1926 2760 γινόμενος

326 2764 694 2836 ἐπουράνιος·
726 2764 838 2833 οἷος
880 2771 980 2840 μὲν
1019 2770 1128 2843 γὰρ
1170 2774 1199 2827 ό
1246 2773 1449 2845 χοῖκδς,
1479 2779 1507 2830 ό
1558 2779 1795 2851 πονηρὸς
1825 2780 1923 2853 δη·-

325 2855 493 2928 λαδὴ,
525 2858 756 2913 τοιοῦτοι
789 2862 883 2914 καὶ
924 2864 972 2915 οἰ
1001 2863 1175 2932 χοϊκοί
1195 2881 1209 2894 ο
1241 2865 1336 2919 καὶ
1376 2861 1487 2931 οἷος
1516 2870 1544 2921 6
1578 2871 1921 2944 ἐπουράνιος,

325 2949 612 3003 τουτέστιν
636 2953 664 3004 ό
699 2952 952 3023 Χριστὸς,
994 2953 1222 3007 τοιοῦτοι
1250 2956 1341 3009 καὶ
1369 2957 1419 3009 οἰ
1451 2958 1784 3031 ἐπουράνιοι.
1833 2963 1923 3018 Ἐν

326 3036 408 3108 τῷ
431 3035 528 3092 οὖν
556 3040 719 3093 αὐτοῦ
754 3042 910 3113 μέρει
956 3044 1171 3115 οὐρανῷ
1200 3044 1310 3110 ἕξει
1355 3032 1629 3119 Θησαυρὸν
1666 3051 1695 3103 6
1727 3050 1920 3122 βουλη-

328 3126 447 3191 θεὶς
471 3128 677 3193 τέλειος
707 3130 983 3198 γενέσθαι,
1018 3133 1112 3185 καὶ
1151 3134 1410 3206 πωλήσας
1433 3136 1610 3191 πάντα
1637 3138 1707 3192 τὰ
1743 3141 1918 3213 ὑπάρ-

2025 1958 2133 2014 illis
2166 1960 2534 2029 praebuerunt.
2559 1956 2672 2014 Nec
2704 1960 2932 2014 dubium
2970 1976 3092 2017 esse
3122 1969 3303 2030 potest
3324 1961 3458 2030 quin
3490 1958 3609 2014 elli-

2026 2050 2205 2106 ciatur
2247 2049 2520 2121 perfectus
2560 2050 2655 2121 qui
2702 2051 2989 2107 facultates
3038 2066 3252 2111 omnes.
3283 2066 3422 2116 quas
3461 2049 3610 2106 dixi-

2026 2155 2171 2207 mus,
2207 2141 2528 2206 vendiderit,
2570 2149 2626 2197 et
2663 2144 2849 2212 egenis
2888 2141 3050 2196 fuerit
3091 2141 3340 2211 largitus.
3369 2141 3525 2209 Quod
3559 2142 3609 2196 si

2026 2233 2286 2289 diuturno
2312 2242 2556 2305 tempore
2582 2235 2889 2289 venduntur
2913 2232 3198 2289 facultates
3222 2242 3274 2288 et
3297 2234 3364 2288 ad
3388 2248 3451 2289 ea
3482 2249 3610 2304 pau-

2025 2325 2248 2395 peribus
2293 2341 2432 2398 quos
2476 2325 2739 2390 diximus,
2782 2326 3077 2397 eroganda,
3126 2324 3349 2396 longum
3395 2334 3609 2393 tempus

2025 2417 2396 2485 desideratur;
2440 2434 2552 2473 non
2597 2417 2851 2487 impediet
2896 2415 3144 2488 profecto
3187 2416 3304 2471 haec
3351 2415 3611 2472 distribu-

2025 2504 2193 2561 tionis
2217 2506 2571 2573 diuturnitas,
2598 2506 2897 2577 quominus
2939 2505 3031 2576 qui
3061 2506 3162 2562 ista
3199 2504 3348 2571 facit,
3385 2519 3484 2575 pro
3521 2520 3611 2560 re-

2023 2611 2147 2650 rum
2180 2611 2211 2651 a
2262 2610 2322 2652 se
2357 2596 2543 2668 egenis
2588 2594 3006 2651 distributarum
3052 2595 3284 2661 ratione,
3332 2592 3608 2665 perfectus

2023 2686 2251 2754 evadat;
2291 2685 2537 2741 futurum
2572 2695 2752 2765 autem
2802 2693 2862 2740 ut
2898 2685 3216 2740 thesaurum
3250 2683 3304 2737 in
3339 2683 3478 2739 cmlo
3508 2682 3609 2737 ha-

2022 2776 2166 2843 beat,
2193 2777 2433 2833 caelestis
2471 2786 2526 2832 et
2570 2776 2686 2847 ipse
2714 2775 2964 2840 edoctus,
3002 2775 3095 2846 qui
3132 2775 3248 2831 haec
3281 2773 3451 2845 egerit
3481 2788 3610 2843 per-

2023 2869 2274 2939 spicuum
2322 2876 2449 2925 est:
2487 2869 2665 2940 qualis
2711 2870 2858 2924 enim
2895 2875 3146 2924 terrenus
3188 2874 3294 2934 est,
3319 2865 3499 2921 malus
3523 2862 3611 2919 vi-

2021 2958 2236 3023 delicet,
2269 2960 2407 3015 tales
2432 2968 2560 3016 sunt
2587 2960 2899 3026 et-tcrreni;
2932 2966 2986 3013 et
3011 2957 3190 3028 qualis
3221 2965 3308 3013 est
3342 2955 3599 3022 coelestis,

2022 3064 2215 3119 nempe
2247 3048 2522 3113 Christus,
2546 3048 2686 3102 tales
2714 3055 2844 3103 sunt
2873 3055 2926 3101 et
2963 3046 3232 3101 caelestes.
3266 3045 3324 3100 In
3358 3043 3608 3115 portione

2021 3154 2152 3209 ergo
2201 3155 2322 3201 sua.
2369 3141 2512 3195 crelo
2555 3139 2827 3204 videlicet,
2873 3138 3194 3193 thesaurum
3244 3136 3464 3192 habebit
3511 3135 3608 3205 qui

326 3236 516 3291 χοντα,
557 3222 650 3274 καὶ
692 3222 817 3286 δοὺς
858 3227 972 3287 τοῖς
1019 3202 1475 3296 πτωχοῖςίἋλλά
1521 3228 1597 3301 μὴ
1641 3202 1920 3306 ὐπσλάόᾖς

2026 3202 2295 3299 perfectus
2320 3230 2432 3285 fieri
2461 3230 2713 3294 voluerit,
2738 3239 2792 3284 et
2813 3202 2973 3283 bona
3005 3244 3103 3283 sua
3142 3227 3326 3283 omnia
3352 3202 3611 3282 vendide-

326 3311 424 3365 τὸν
452 3308 781 3383 ’τηλικοῦτον
823 3313 1082 3369 δύνασθαι
1126 3317 1185 3370 ὲν
1233 3320 1347 3381 τοῖς
1397 3318 1537 3372 κατά
1582 3319 1653 3374 τά
1689 3321 1918 3393 βιωτικά

2026 3319 2116 3383 rit,
2141 3329 2195 3374 et
2227 3320 2553 3389 pauperibus
2586 3319 2964 3388 impertivcrit.
2998 3316 3199 3373 Verum
3240 3334 3309 3372 ne
3339 3318 3480 3371 inter
3509 3316 3609 3369 ho-

328 3400 603 3465 πλουσίοις
636 3402 921 3475 εὐρεθῆναι
943 3420 957 3434 ’
984 3404 1070 3469 τίς
1095 3405 1204 3478 γὰρ
1238 3408 1417 3462 αὐτῶν
1441 3409 1670 3464 ἀπέδοτο
1697 3411 1798 3483 τὴν
1829 3430 1919 3482 φι-

2026 3410 2203 3465 mines
2228 3411 2415 3466 mundi
2446 3412 2609 3479 hujus
2634 3410 2840 3466 divitiis
2868 3410 3150 3465 afﬂuentes
3176 3418 3387 3463 tantum
3424 3408 3603 3462 virum

327 3493 670 3557 ὶοπλουτίαν,
717 3495 812 3548 καὶ
858 3493 988 3567 τὴν,
1040 3496 1106 3551 ἵν’
1148 3497 1324 3563 οὕτως
1370 3499 1652 3571 ὀνομάσω,
1703 3502 1919 3573 φιλοκο-

2026 3501 2251 3571 reperiri
2283 3517 2440 3570 posse
2470 3501 2786 3568 existimes;
2828 3501 2954 3570 quis
2985 3501 3132 3555 enim
3178 3499 3395 3555 illorum
3440 3496 3602 3568 cupi-

330 3584 498 3655 σμίαν
522 3601 537 3649 ;
571 3584 667 3649 Τίς
697 3585 755 3639 δὲ
786 3585 961 3655 πάντη
992 3585 1221 3640 ἀπέδοτο
1247 3587 1308 3641 τὸ
1332 3587 1549 3659 πνεῦμα
1574 3590 1674 3660 τῆς
1701 3590 1914 3644 κενοδο-

2026 3590 2243 3646 ditatem
2272 3591 2609 3656 divitiarum,
2642 3602 2697 3644 et
2739 3590 2927 3659 hujus,
2972 3600 3031 3645 ut
3073 3591 3145 3644 ita
3174 3590 3377 3654 dicam,
3414 3588 3602 3643 mundi

326 3671 471 3742 ξίας,
501 3676 586 3729 ἴνα
609 3678 833 3748 χωρήσῃ
863 3678 921 3730 ὲν
953 3674 1032 3747 τῷ
1069 3676 1261 3730 ἑαυτοῦ
1289 3677 1503 3750 οὐρανῷ
1539 3677 1810 3750 Θησαυρὸν
1832 3679 1919 3731 δό-

2026 3694 2266 3732 amorcm
2303 3679 2585 3733 vendidit?
2609 3678 2743 3745 Quis
2769 3680 2949 3735 inanis
2980 3680 3165 3751 gloria:
3186 3680 3426 3735 studium
3450 3678 3606 3749 peni-

1534 3769 1769 3826 VETUS
1819 3769 2403 3827 INTERPRETATIO.

322 3859 450 3916 dem
475 3859 752 3929 iustorum
782 3860 910 3915 boni
946 3868 1123 3922 actus.
1146 3859 1392 3931 ipsorum
1428 3868 1611 3931 autem
1649 3862 1941 3928 malorum,
1968 3860 2120 3917 mali.
2154 3860 2254 3914 Hic
2282 3876 2413 3929 ergo
2438 3859 2572 3915 dicit
2610 3876 2736 3915 eum
2766 3859 2859 3931 qui
2893 3860 3094 3915 multas
3123 3859 3359 3914 habebat
3382 3873 3602 3926 posses-

324 3932 534 3991 siones.
562 3932 784 3984 divitem
827 3932 997 3985 fuisse
1030 3931 1084 3984 in
1118 3930 1377 4001 mysterio
1404 3930 1524 4000 ejus
1562 3932 1655 4001 qui
1689 3933 1860 3985 multa
1885 3932 2125 4000 possidet
2152 3946 2315 4000 opera
2346 3931 2507 3988 mala.
2544 3932 2597 3985 in
2633 3930 2832 4001 quibds
2858 3940 3037 4000 potest
3073 3946 3196 3986 esse
3229 3939 3284 3984 et
3314 3944 3470 3983 amor
3511 3943 3605 3997 pc-

325 4002 640 4065 cnniarum,
684 4012 737 4055 et
766 4001 1215 4071 concupiscentia
1249 4000 1454 4070 gloriae,
1499 4009 1553 4056 et
1582 4000 1719 4056 alite
1750 4017 1837 4056 res
1870 4012 2101 4057 terrena:
2144 4002 2413 4071 replentcs
2447 4000 2688 4071 animam
2736 4001 2879 4071 ejus.
2929 4001 3196 4066 Quoniam
3228 4013 3391 4071 ergo
3426 4007 3604 4071 potest

326 4072 626 4141 aliquando
646 4073 738 4140 qui
772 4072 875 4125 hoc
903 4068 1077 4141 modo
1108 4068 1273 4125 dives'
1291 4077 1375 4141 est
1408 4072 1682 4127 abstinere
1709 4072 1927 4140 quidem
1957 4085 2016 4125 se
2043 4086 2073 4125 a
2102 4068 2260 4125 malis
2280 4070 2630 4140 quibusdam,
2659 4068 2869 4141 utpnta,
2906 4072 2983 4141 ab
3003 4068 3414 4132 homicidio,'ab
3439 4068 3600 4121 adul-

327 4144 492 4219 tet-io,
528 4156 558 4194 a
608 4139 776 4219 furto,
813 4156 869 4219 a_
894 4139 1035 4219 falso
1082 4140 1499 4219 t_esti_monio,_et
1528 4157 1651 4219 qua;
1680 4139 2013 4197 conveniunt
2049 4139 2365 4209 parentibus
2383 4139 2794 4219 _reddere_ctim
2844 4140 3082 4219 quodam
3131 4142 3374 4219 honore:
3413 4145 3604 4219 _potest

328 4211 495 4264 etiam
539 4224 663 4264 esse
704 4210 906 4279 aliquis
928 4218 984 4264 et
1031 4209 1349 4265 misericors
1381 4210 1448 4264 ad
1495 4209 1794 4280 proximos,
1826 4227 1932 4263 non
1978 4219 2240 4264 tamenet
2282 4213 2592 4279 perfectus:
2637 4211 2759 4266 ideo
2791 4209 3089 4265 coiisilians
3136 4210 3448 4280 hujusmodi
3482 4209 3602 4261 vito

326 4281 561 4349 imperat
586 4280 841 4335 Christus
872 4280 1108 4335 vendere
1135 4296 1353 4336 omnem
1403 4278 1767 4336 substantiam
1802 4282 2025 4342 malam,
2053 4290 2107 4333 et
2136 4278 2296 4348 quasi
2328 4280 2539 4334 tradere
2565 4297 2683 4334 eam
2731 4281 3026 4335 virtutibus
3069 4278 3421 4349 operantibus
3453 4292 3597 4338 eam,

327 4366 452 4421 qn_:e
489 4352 559 4404 ab
604 4352 753 4404 omni
795 4351 940 4405 bono
970 4358 1427 4421 pauperessunt,
1463 4359 1521 4421 et
1550 4361 1769 4420 propter
1816 4352 1921 4404 hoe
1949 4366 2057 4404 non
2093 4349 2358 4421 suli‘erunt
2406 4352 2607 4412 minas,
2648 4352 2947 4405 secundum
2983 4351 3129 4419 quod
3163 4350 3423 4421 scriptum
3458 4358 3598 4421 _e_st:

330 4417 362 4491 ξ
387 4419 600 4489 Pauper
628 4432 809 4475 autem
842 4417 1414 4491 11011_'suﬂ'ert,1uinas.
1436 4438 1455 4472 ι
1499 4417 1603 4475 Séd
1631 4417 1746 4475 seio
1770 4424 1898 4490 quia
1935 4420 2090 4474 valde
2119 4419 2354 4474 violenta
2386 4420 2655 4474 videbitur
2682 4417 3109 4491 expositioiSta,
3138 4419 3357 4491 solvens
3378 4417 3600 4486 quidem

326 4490 557 4561 honeste
581 4506 703 4559 qua:
734 4492 800 4544 de
839 4489 1172 4561 perfectione
1213 4489 1531 4554 suntdicta,
1555 4506 1663 4544 non
1696 4489 1873 4545 autem
1906 4491 2061 4561 valde
2094 4491 2449 4561 persuadens,
2485 4500 2541 4544 ut
2574 4489 2851 4560 deponens
2886 4490 3011 4561 quis
3039 4506 3161 4560 qua:
3195 4489 3599 4561 n1alitia:_s_unt,

323 4560 565 4631 vendere
588 4557 1339 4631 intelligatursubstantiam,
1367 4570 1421 4615 et
1442 4561 1573 4615 dare
1603 4562 1952 4631 pauperibus.
1982 4557 2150 4626 Quasi
2180 4560 2233 4612 in
2266 4560 2356 4614 tali
2393 4569 2572 4631 autem
2615 4557 2920 4631 praeventus
2945 4557 3307 4615 loeo'dicam:
3339 4558 3433 4626 qui
3459 4557 3602 4611 hanc

321 4628 723 4698 expositionem
752 4601 1745 4712 defenditJdit:t_21:e“po’tes't“quoriiamr
1758 4632 1959 4712 plenus
1976 4601 2060 4712 (ξι
2089 4641 2340 4712 peccator
2363 4601 2653 4711 spiritibus
2670 4601 2966 4712 secupddm
3001 4644 3318 4712 mensuram
3339 4601 3601 4712 Iieecato-

324 4697 457 4770 rum
486 4713 708 4770 suorum
738 4717 752 4753 :
793 4708 982 4769 utputa
1015 4697 1367 4763 fornicarius,
1400 4697 1701 4755 secundum
1733 4697 1877 4770 quod
1908 4697 2110 4755 dicitur
2137 4701 2189 4754 in
2216 4697 2537 4765 Scripturis,
2574 4701 2769 4770 spiritu
2798 4700 3212 4770 fornicationis;
3248 4697 3597 4770 furibundus,

324 4768 524 4839 Spiritu
551 4767 750 4847 furoris
775 4787 788 4823 :
819 4766 871 4824 et
897 4770 1024 4847 mali
1048 4770 1270 4847 loquax,
1301 4770 1495 4847 spiritu
1520 4766 1942 4847 c_rimi_naii_onis.
1969 4770 2525 4847 Istamsnlistantiam
2551 4766 2845 4847 acquisivit
2870 4771 2965 4847 q_u_i
2986 4770 3165 4824 malus
3188 4768 3312 4834 fuit,
3336 4776 3392 4822 et
3421 4766 3597 4847 factus

325 4847 418 4916 est
443 4839 857 4909 participatione
887 4840 1155 4916 malorum
1184 4839 1476 4916 spirituum
1507 4840 1874 4916 abundantior
1900 4849 1956 4895 et
1989 4840 2356 4916 _multiplicior
2396 4842 2450 4896 in
2493 4839 2838 4916 ipsismalis.
2887 4839 3042 4895 Sicut
3081 4846 3278 4916 autem
3300 4839 3597 4916 acquisivit

325 4907 602 4981 quisieam
632 4907 822 4964 eniens
846 4910 1076 4981 arbitrio
1101 4907 1323 4979 proprio
1351 4911 1699 4981 complacens
1738 4912 1924 4981 malis,
1959 4910 2038 4967 sic
2064 4907 2410 4981 venditeam,
2441 4919 2496 4966 et
2514 4907 2609 4981 dat
2642 4912 2842 4967 talibus
2868 4910 3224 4981 pauperibus,
3248 4909 3315 4963 de
3336 4907 3595 4978 qualibus

326 4979 781 5056 loquitu_r_sermo
809 4994 905 5056 per
938 4980 1044 5056 hoc
1065 4983 1226 5056 quod
1254 4979 1489 5056 credidit
1513 4980 1942 5056 verbis‘Christi,
1971 4990 2025 5036 et
2071 4980 2291 5056 reliquit
2328 4995 2470 5036 eam.
2507 4979 2659 5036 Sicut
2699 4981 2845 5036 enim
2870 4979 3384 5056 pax‘apostolorum
3411 4992 3597 5056 rever:

322 5048 460 5105 nm.-
481 5050 548 5105 ad
584 5050 748 5119 ipsos,
789 5048 895 5104 nisi
942 5048 1106 5103 fuerit
1147 5049 1293 5106 filius
1322 5052 1515 5121 pacis:
1564 5052 1646 5106 sic
1688 5050 2000 5117 fornicatio,
2032 5060 2088 5105 et
2135 5048 2390 5121 universa
2436 5061 2657 5120 peccata
2702 5048 3058 5106 revertuntur
3084 5049 3151 5104 ad
3194 5062 3461 5121 pauperes
3504 5048 3597 5121 qui

326 5130 580 5192 auctores
603 5128 732 5192 sunt
760 5129 1132 5192 peccatorum,
1163 5135 1287 5175 cum
1322 5119 1443 5192 non,
1459 5120 1622 5175 fuerit
1651 5130 1811 5177 utens
1841 5121 2000 5177 malis
2027 5119 2338 5192 corum.AEt
2366 5119 2451 5176 sic
2478 5137 2655 5192 neque
2684 5121 2950 5177 dubitatio
2982 5122 3087 5176 erit
3111 5121 3258 5192 quin
3273 5119 3466 5192 statim
3507 5119 3602 5169 tiat

325 5190 601 5260 perfectus
628 5190 722 5260 qui
768 5191 848 5245 sic
880 5190 1122 5261 vendidit
1150 5205 1363 5261 omnes,
1401 5191 1545 5245 sicut
1582 5192 1928 5257 tradidimus,
1957 5192 2205 5261 proprias
2242 5190 2547 5257 facultates,
2566 5190 2637 5247 'et
2666 5192 2817 5248 dedit
2842 5192 3194 5261 pauperibus.
3227 5190 3284 5243 Si
3330 5196 3510 5261 autem
3542 5194 3599 5239 et

328 5257 571 5339 tempore
602 5257 776 5339 multo
812 5260 1129 5339 hujusmodi
1166 5258 1456 5339 facultates
1501 5262 1812 5339 vendantur
1855 5270 1909 5339 et
1946 5257 2177 5339 multum
2208 5270 2423 5339 tempus
2454 5257 3035 5339 necessariu1n'esfut
3072 5257 3596 5339 tratla11111r_qu.b11s

327 5329 818 5401 dixipauperibus,
847 5331 983 5385 nihil
1008 5331 1348 5401 contrarium
1374 5340 1459 5386 est
1485 5349 1498 5385 :
1536 5332 1630 5385 sed
1670 5332 1971 5387 secundum
1998 5329 2416 5387 azstimation'em
2447 5331 2772 5386 traditarum
2817 5333 3092 5387 malorum
3140 5329 3475 5401 pauperibus
3500 5340 3594 5394 per

327 5397 648 5470 temporalit
675 5401 949 5472 perfectus
971 5401 1067 5471 qui
1099 5401 1225 5456 talia
1250 5399 1397 5456 fecit.
1431 5400 1783 5456 Manifestum
1810 5411 1896 5458 est
1928 5411 2135 5469 autem,
2170 5411 2230 5456 ut
2260 5401 2355 5471 qui
2386 5401 2514 5457 talia
2542 5403 2875 5475 egithabeat
2902 5397 3220 5458 thesaurum
3252 5397 3314 5452 iu
3342 5397 3506 5462 caelo,
3540 5405 3595 5451 et

399 5492 445 5525 '9
482 5490 607 5548 Ose.
642 5510 716 5559 1v,
750 5493 836 5562 i2,
869 5502 923 5549 et
946 5510 999 5557 v,
1029 5494 1083 5549 4.
1161 5494 1204 5527 ⁶²
1245 5494 1380 5551 Luc.
1416 5512 1474 5564 ι,
1503 5496 1557 5552 6.

2016 5587 2399 5666 κὼτεροερκαὶ
2428 5586 2737 5666 μᾶλλον-ἔτι
2769 5586 3178 5666 τετυφωμένοι·
3217 5583 3595 5666 quent‘locum

2018 5654 2214 5740 repetit
2235 5654 2585 5723 Plutarchus,
2610 5658 2876 5740 {Adversus
2910 5654 3092 5713 'Co'lot.
3128 5654 3329 5739 Sextus
3361 5655 3596 5779 Em‘pir”

2018 5729 2106 5783 hb.
2134 5742 2208 5784 v11
2235 5728 2497 5782 Adversus
2522 5727 2741 5784 Ionicos.
2772 5743 2892 5784 cap.
2921 5728 2988 5782 de
3008 5725 3191 5784 110111..
3217 5726 3438 5784 Sutdas.
3498 5740 3596 5784 uo-

2012 5727 2106 5783 lin
2134 5742 2208 5785 vtt
2235 5728 2497 5788 Adversus
2522 5727 2741 5799 logicos,
2772 5743 2892 5796 cap.
2921 5728 2988 5782 de
3008 5727 3191 5795 110111.,
3217 5727 3598 5798 Suidas,Apo—

2014 5798 2229 5866 stolius,
2257 5796 2552 5871 Gregorius
2582 5799 2748 5873 Cypr.
2786 5796 3051 5855 Hunnus.

398 5582 519 5654 (65)
554 5585 1018 5657 Παριστὰμενος.
1058 5586 1241 5644 Codex
1282 5586 1508 5658 Regius,
1552 5589 1911 5662 παραστησά-

327 5671 510 5796 ίωῖἕίξί
553 5722 828 5796 Τυφῶνος
851 5728 1414 5796 πολυπλοκώτερος.
1445 5729 1617 5796 Plato,
1656 5730 1709 5784 in
1744 5730 1901 5785 Plue-

322 5794 424 5851 ατο
444 5809 464 5850 :
490 5794 617 5851 Εἴτε
642 5812 694 5851 τι
726 5794 909 5868 θηρίον
951 5797 1026 5853 ὢν
1065 5794 1318 5870 τυγχάνω
1349 5794 1611 5870 Τυφῶνος
1635 5799 1903 5856 πολυπλο-
