4032 6308
395 347 531 403 ιδιι

1865 332 2188 389 οιιιοΕΝιδ

3530 319 3673 376 ιειε

391 485 524 542 dum
551 483 605 539 in
644 480 758 553 lege
804 479 1134 550 perhibetur,
1169 478 1263 533 sed
1312 478 1475 533 etiam
1518 480 1664 550 quod
1710 477 1965 532 universo

2070 472 2246 539 δαξεν,
2269 471 2403 527 άλλά
2425 470 2519 525 καὶ
2545 469 2643 542 τήν
2671 469 2801 539 ὃλην
2833 463 2998 520 αὑτοῦ
3022 461 3345 535 σκολιότητα
3374 461 3511 533 (70)·
3542 462 3575 531 ἡ
3605 459 3670 553 δὲ

394 588 622 644 corpore
653 581 930 627 tortuosus
952 570 1040 624 sit.
1086 568 1155 623 At
1170 569 1433 623 caelorum
1461 584 1683 638 regnum
1710 567 1964 622 foramini

393 683 527 722 acus
550 664 902 726 assimilatur,
946 670 1005 716 ut
1033 670 1316 732 augustam
1350 676 1471 715 esse
1508 672 1719 731 portam
1750 659 1966 729 utrique

391 756 567 819 diviti,
604 764 658 809 et
680 763 891 809 arctum
918 753 1066 825 regni
1092 753 1353 807 caelorum
1399 752 1605 806 aditum
1632 751 1967 806 demonstre-

388 858 499 903 tur.
536 844 783 901 Ostendit
811 854 990 898 autem
1018 844 1132 897 fieri
1161 859 1254 913 per
1297 858 1416 898 sese
1443 844 1667 898 minime
1702 857 1861 912 posse
1904 850 1966 896 ιιι

389 937 632 993 camelos
686 951 782 1006 per
834 934 1075 988 foramen
1120 949 1252 988 acus
1313 933 1476 988 intret
1521 952 1535 988 :
1588 950 1713 989 cum
1775 942 1961 988 autem

294 1020 295 1025 “
389 1027 574 1086 omnia
594 1029 647 1081 in
663 1036 926 1096 potestate
948 1026 1038 1080 Dei
1059 1026 1165 1079 sita
1184 1026 1310 1090 sint,
1343 1024 1584 1095 profecto
1605 1034 1657 1079 et
1682 1026 1812 1079 illud
1833 1025 1963 1078 dum

390 1119 649 1175 ineffabili
679 1120 877 1173 virtute
927 1117 1156 1187 improbi
1204 1117 1509 1172 crassitiem
1557 1125 1833 1181 attenuat,
1883 1117 1965 1171 vel

386 1212 571 1265 aditus
595 1210 903 1279 angustiam
930 1209 1030 1278 ipsi
1057 1208 1368 1278 amplificat.
1416 1209 1767 1274 Quodautem
1821 1208 1966 1263 fora-

387 1301 552 1355 minis
567 1309 621 1356 et
646 1300 838 1355 cameli
857 1300 1105 1371 exemplo
1125 1316 1257 1354 usus
1279 1300 1369 1363 sit,
1399 1308 1458 1354 ut
1483 1300 1796 1354 ostenderet
1829 1298 1965 1353 difli-

387 1393 493 1447 cile
512 1391 729 1462 quidem
750 1407 873 1447 esse
892 1391 944 1445 in
967 1391 1229 1446 caelorum
1252 1406 1477 1461 regnum
1495 1390 1715 1445 divitem
1735 1392 1960 1457 intrare,

387 1491 445 1537 at
468 1482 805 1553 impossibile
836 1497 944 1536 non
969 1498 1114 1545 esse,
1141 1498 1206 1536 ex
1233 1498 1298 1536 eo
1322 1492 1534 1537 constat
1559 1482 1703 1552 quod
1726 1483 1966 1551 discipu-

386 1573 456 1628 lis
484 1574 792 1629 dicentibus
814 1573 855 1605 “"
884 1591 898 1627 :
939 1591 957 1624 ι
988 1571 1122 1638 Quis
1147 1588 1277 1641 ergo
1308 1573 1503 1642 poterit
1529 1574 1715 1628 salvus
1741 1573 1907 1627 esse?
1939 1593 1956 1626 ι

384 1665 548 1736 681
594 1677 919 1732 responsum
968 1662 1042 1718 sit
1075 1661 1161 1715 “z
1202 1680 1221 1711 ι
1251 1661 1406 1731 Apud
1436 1661 1685 1717 homines
1721 1663 1823 1716 hoc
1862 1662 1965 1716 im-

386 1751 647 1824 possibile
678 1759 795 1812 est.
839 1751 979 1820 apud
1022 1750 1190 1804 Deum
1237 1759 1417 1805 autem
1455 1750 1639 1805 omnia
1687 1752 1961 1821 possibilia

387 1853 535 1896 sunt.
568 1861 588 1893 ι
623 1839 763 1894 Fieri
821 1840 1003 1910 itaque
1050 1848 1228 1909 potest
1271 1848 1330 1893 ut
1373 1841 1613 1896 camelus
1660 1840 1823 1894 etiam
1872 1857 1968 1912 per

388 1933 630 1987 foramen
669 1947 801 1985 acus
839 1939 1102 1995 transeat,
1128 1939 1184 1984 at
1212 1930 1263 1985 id
1302 1929 1356 1984 iu
1396 1930 1676 1985 hominum
1709 1940 1974 2000 potestate

390 2038 501 2077 non
530 2030 642 2086 est;
679 2022 750 2076 ita
782 2029 836 2076 et
868 2030 925 2075 ut
956 2021 1010 2075 in
1040 2037 1266 2092 regnum
1298 2020 1389 2076 Dei
1429 2021 1581 2076 dives
1612 2022 1970 2090 ingrediatur.

388 2112 638 2179 Quanam
662 2128 792 2166 vero
816 2113 1027 2168 ratione
1051 2128 1138 2167 res
1164 2112 1432 2180 ejusmodi
1465 2112 1754 2181 possibilcs
1777 2113 1975 2168 clliciat

389 2202 564 2265 Deus,
601 2204 718 2273 ipse
754 2203 1000 2269 noverit,
1034 2203 1313 2273 ipsiusque
1347 2202 1628 2265 Christus,
1667 2212 1723 2257 et
1758 2202 1846 2258 cui
1885 2203 1976 2258 Fi-

386 2292 494 2349 lius
531 2297 652 2363 ejus
697 2295 1035 2350 revelaveril.
1074 2297 1176 2361 Qui
1213 2311 1342 2363 ergo
1376 2296 1428 2348 in
1471 2295 1734 2365 sapientia
1767 2304 1822 2351 et
1854 2312 1971 2352 ser-

387 2397 546 2437 mone
570 2384 805 2448 excellit,
834 2400 999 2453 super
1033 2400 1157 2447 acu,
1195 2385 1475 2455 ipsiusque
1522 2386 1812 2454 foramine,
1846 2387 1972 2457 plu-

384 2473 538 2529 ribus
585 2477 942 2529 commentari
1003 2477 1270 2533 audebit:
1325 2493 1423 2531 nos
1468 2484 1648 2531 autem
1698 2479 1973 2548 quomodo

389 2580 504 2619 rem
542 2573 743 2619 tantam
785 2566 1215 2635 explicabimus?
1252 2568 1510 2632 quoniam
1548 2578 1676 2622 suut
1719 2569 1968 2639 quaedam

386 2655 442 2709 in
493 2655 640 2724 lege,
688 2673 811 2726 qua:
847 2657 979 2711 fiunt
1017 2666 1131 2712 arte
1163 2659 1365 2713 sutozis
1405 2674 1507 2714 acu
1553 2660 1874 2729 indigentis,
1914 2671 1974 2716 ut

381 2746 538 2816 juxta
594 2749 918 2816 sapientiam
977 2748 1066 2802 Dei
1105 2766 1267 2820 opera
1308 2751 1443 2806 artis
1477 2752 1605 2807 edat
1634 2769 1797 2822 quam
1851 2770 1972 2808 am-

385 2836 576 2903 plexus
614 2846 713 2891 est.
761 2836 881 2904 Quo
923 2854 1052 2908 ergo
1093 2840 1255 2893 modo
1300 2842 1506 2897 sutoris
1539 2842 1777 2912 opilicia,
1812 2851 1975 2913 atque

387 2925 480 2979 illa
518 2940 673 2991 acus,
709 2929 898 2982 eodem
944 2939 996 2983 et
1038 2945 1100 2982 ea
1134 2930 1502 3002 intelligentur
1545 2949 1666 3003 quae
1707 2933 1795 2990 hic
1847 2950 1976 2990 nar-

391 3025 619 3083 rantur;
660 3034 782 3086 qua-
815 3032 960 3073 nunc
987 3034 1258 3088 exponere
1292 3030 1345 3074 et
1387 3021 1660 3076 illustrare
1693 3022 1835 3079 vires
1865 3023 1976 3079 for-

2071 567 2179 619 τῶν
2212 563 2457 637 οὐρανῶν
2492 561 2735 633 βασιλεία
2768 557 3041 631 τρυμαλιᾷ
3072 554 3313 626 ῥαςςίδος,
3350 555 3429 617 εἰς
3479 551 3666 623 παρά-

2071 677 2261 715 στασιν
2308 658 2402 712 τοῦ
2454 658 2595 711 πάνυ
2649 655 2839 725 στενὴν
2883 647 3041 713 εἶναι,
3094 649 3187 703 καὶ
3230 649 3311 711 εἰς
3346 645 3666 719 ὑπερϐολὴν

2066 749 2431 822 τεθλιμμένην
2465 748 2564 820 τὴν
2607 749 2689 811 εἰς
2730 744 2838 799 τῶν
2865 739 3111 814 οὐρανῶν
3144 738 3424 811 βασιλείαν
3454 736 3671 790 εἴσοδον

2067 843 2145 913 τῷ
2183 841 2429 913 ἑκατέρῳ
2464 839 2722 908 πλουσίῳ.
2767 836 2931 907 Δηλοῖ
2960 835 3003 888 δ’
3037 835 3119 888 ὅτι
3153 831 3377 886 αὐτόθεν
3415 831 3516 901 μὲν
3545 830 3665 901 (7|)

2071 934 2331 990 ἀδύνατον
2367 932 2467 1002 τὴν
2497 929 2741 1001 κάμηλον
2773 927 2863 981 διὰ
2893 924 3194 999 τρυμαλιᾶς
3230 922 3452 995 ῥαφίδος
3479 921 3664 975 εἰσελ-

2068 1029 2178 1083 θεῖν
2194 1044 2206 1058 ·
2234 1025 2312 1096 τῷ
2338 1026 2394 1078 δὲ
2419 1023 2620 1078 δυνατὰ
2642 1018 2881 1092 εἶναιτῷ
2908 1019 3025 1090 Θεῷ
3049 1020 3246 1083 πάντα,
3273 1014 3449 1070 καὶτὸ
3476 1013 3667 1069 τοιοῦο

2064 1131 2154 1167 τον
2195 1112 2344 1184 αὐτῷ
2390 1111 2614 1165 δυνατόν
2649 1112 2816 1171 ἐστιν,
2853 1108 3044 1179 ἀφάτῳ
3078 1107 3306 1177 δυνάμει
3338 1105 3440 1176 τὴν
3476 1104 3665 1175 παχύ-

2063 1222 2202 1276 τητα
2240 1204 2334 1258 τοῦ
2372 1203 2572 1274 φαύλου
2604 1201 2958 1264 λεπτύνοντος
3000 1198 3134 1269 (72),
3168 1197 3201 1269 ἢ
3237 1195 3527 1268 στενότητα
3555 1197 3667 1268 τῆς

2065 1296 2269 1349 εἰσόδου
2302 1292 2554 1366 χωρητὴν
2585 1291 2733 1363 αὐτῷ
2763 1291 3065 1355 ποιοῦντος.
3096 1291 3219 1344 Ὀτι
3255 1288 3366 1361 γάρ
3396 1289 3492 1343 τοῦ
3530 1290 3663 1344 δυσ-

2066 1387 2240 1450 κόλως
2274 1385 2537 1439 εἰσελθεῖν
2574 1387 2655 1448 εἰς
2700 1383 2799 1455 τὴν
2833 1381 3110 1453 βασιλείαν
3138 1380 3246 1435 τῶν
3274 1381 3524 1452 οὐρανῶν
3562 1381 3662 1434 τὸν

2066 1478 2320 1533 πλούσιον
2355 1477 2707 1549 παράδειγμα
2744 1475 2904 1529 ἔλαϐε
2935 1475 3035 1546 τὴν
3065 1471 3396 1544 τρυμαλιὰν,
3430 1474 3524 1527 καὶ
3555 1476 3659 1544 τὴν

2066 1570 2333 1642 κάμηλον,
2385 1568 2498 1623 ἀλλ’
2550 1569 2611 1622 οὐ
2651 1567 2745 1621 τοῦ
2788 1566 3069 1633 ἀδυνάτου,
3103 1565 3260 1632 δῆλον
3294 1567 3359 1619 ὲκ
3390 1565 3485 1619 τοῦ
3520 1566 3662 1637 πρὸς

2064 1661 2193 1725 τοὺς
2230 1658 2476 1731 μαθητὰς
2502 1655 2753 1729 εἰρῆσθαι
2779 1656 3055 1727 φήσαντας
3078 1671 3092 1686 θ
3128 1674 3145 1705 ι
3177 1654 3274 1716 Τίς
3299 1654 3406 1724 ἄρα
3433 1652 3661 1707 δύναται

2069 1752 2307 1822 σωθῆναι
2328 1769 2342 1816 ;
2372 1771 2388 1802 ι
2415 1750 2496 1803 τό’
2525 1768 2543 1801 ι
2568 1746 2729 1821 Παρά
2753 1744 3058 1819 ἀνθρώποις
3074 1746 3232 1800 τοῦτο
3247 1745 3502 1799 ἀδύνατόν
3516 1747 3657 1799 ἐστι’

2074 1843 2224 1916 παρὰ
2252 1843 2309 1895 δὲ
2336 1842 2454 1912 Θεῷ
2471 1841 2650 1895 πάντα
2675 1839 2894 1893 δυνατά.
2923 1858 2942 1891 ι
2971 1837 3180 1891 Οὐκοῦν
3207 1836 3428 1891 δυνατὸν
3448 1838 3542 1890 καὶ
3558 1836 3661 1909 τὴν

2074 1936 2317 2007 κάμηλον
2362 1932 2619 1987 εἰσελθεῖν
2658 1931 2745 1984 διὰ
2793 1928 3097 2001 τρυμαλιᾶς
3144 1928 3388 2000 ῥαφίδος,
3430 1928 3548 1984 ἀλλ’
3595 1929 3660 1981 οὔ

2075 2029 2227 2101 παρὰ
2259 2026 2567 2097 ἀνθρώποις
2590 2023 2815 2077 δυνατόν
2837 2040 2852 2054 ·
2875 2021 3049 2084 οὕτως
3070 2021 3127 2074 δὲ
3159 2021 3253 2075 καὶ
3282 2021 3375 2074 τὸν
3401 2020 3659 2076 πλούσιον

2074 2124 2153 2184 εἰς
2179 2120 2277 2192 τὴν
2310 2116 2582 2189 βασιλείαν
2614 2115 2709 2169 τοῦ
2739 2114 2895 2168 Θεοῦ.
2927 2112 3038 2177 Τὰς
3065 2112 3122 2167 δὲ
3151 2112 3373 2181 ἐφόδους
3401 2113 3515 2177 τοῦ,
3538 2115 3659 2178 πῶς

2073 2212 2140 2266 ἂν
2182 2209 2252 2264 τά
2293 2207 2519 2262 τοιαῦτα
2548 2206 2769 2275 ποιήσαι
2797 2207 2824 2258 ὁ
2868 2203 2999 2266 Θεὸς
3030 2202 3249 2265 δυνατά,
3287 2203 3448 2266 αὐτὸς
3479 2202 3544 2257 ἂν
3578 2206 3659 2256 εἱ-

2072 2301 2208 2373 δείη,
2244 2300 2338 2353 καὶ
2371 2301 2400 2353 ὁ
2431 2296 2667 2369 Χριστὸς
2714 2293 2903 2360 αὐτοῦ,
2946 2293 3040 2347 καί
3065 2287 3110 2362 ᾧ
3139 2293 3236 2364 μὲν
3270 2293 3597 2364 ἀποκαλύψῃ
3629 2296 3659 2348 ὁ

2075 2391 2202 2454 Υἱὸς
2237 2388 2423 2444 αὐτοῦ.
2474 2389 2534 2441 'O
2572 2388 2671 2457 μὲν
2717 2382 2812 2440 οὖν
2856 2383 3194 2455 διαϐεϐηκὼς
3236 2385 3295 2437 ἐν
3352 2385 3514 2456 σοφία
3559 2387 3659 2439 καὶ

2072 2482 2217 2554 λόγῳ
2247 2479 2603 2551 ὲπιτολμήσαι
2631 2479 2698 2532 ἂν
2730 2477 2825 2530 ἐπὶ
2855 2477 3037 2530 πλεῖον
3059 2476 3153 2529 καὶ
3179 2478 3243 2547 τῇ
3276 2477 3405 2547 περὶ
3429 2477 3526 2547 τῆς
3557 2480 3658 2549 ῥα..

2075 2576 2243 2645 φίδος,
2273 2572 2496 2643 καὶτῆς
2540 2568 2843 2642 τρυμαλιᾶς
2890 2568 3058 2638 αὐτῆς
3098 2567 3348 2638 διηγήσει
3373 2584 3387 2597 ⁸
3436 2568 3555 2631 πῶς
3599 2567 3658 2621 δὲ

2074 2664 2323 2720 τοσοῦτον
2370 2659 2838 2733 παραθησόμεθα;
2878 2659 2959 2712 ὅτι
2988 2658 3103 2711 ὲστί
3146 2675 3267 2712 τινα
3310 2659 3369 2710 ὲν
3397 2657 3473 2728 τῷ
3506 2660 3657 2730 νόμῳ

2074 2753 2331 2823 γινόμενα
2370 2737 2533 2822 τέχνῃ
2583 2746 2904 2821 ῥαφιδευτοῦ
2949 2747 3240 2820 χρῄζοντος
3287 2747 3525 2819 ῥαφίδος,
3569 2748 3659 2801 ἵνα

2075 2842 2217 2899 κατὰ
2240 2841 2426 2911 σοφίαν
2451 2839 2586 2894 Θεοῦ
2609 2841 2809 2913 ποιήσῃ
2833 2839 2903 2892 τὰ
2922 2838 3058 2912 ἔργα
3076 2834 3145 2907 ἧς
3163 2839 3418 2910 ἀνείληφε
3438 2840 3655 2913 τέχνης·

2073 2936 2150 3000 ὡς
2175 2932 2268 2990 οὖν
2299 2933 2517 3005 νοηθείη
2561 2932 2631 2986 τὰ
2674 2930 2768 2986 τοῦ
2806 2929 3124 3003 ῥαφιδευτοῦ
3173 2929 3327 3003 ἔργα,
3356 2932 3579 3001 κάκείνη
3612 2934 3647 3003 ἡ

2078 3028 2259 3101 ῥαφὶς,
2291 3026 2611 3097 νοηθήσεται
2641 3024 2734 3077 καὶ
2762 3023 2832 3077 τά
2859 3023 2984 3094 τῇδε
3026 3023 3340 3095 λελεγμένα,
3375 3023 3513 3094 ειπερ
3546 3023 3650 3077 νῦν

390 3113 538 3158 tasse
568 3116 786 3160 nostras
827 3118 1082 3175 superat;
1117 3118 1168 3162 et
1199 3120 1258 3162 ut
1291 3126 1350 3164 ea
1404 3111 1679 3166 intellectu
1725 3128 1967 3183 compre-

2074 3121 2270 3190 λέγειν,
2294 3119 2388 3174 καὶ
2416 3116 2751 3188 σαφηνίζειν,
2768 3117 2908 3187 τάχα
2941 3117 3036 3187 μὲν
3061 3117 3155 3169 καὶ
3175 3115 3307 3186 ὑπὲρ
3333 3114 3477 3185 ἡμᾶς
3498 3116 3645 3167 ἐστι·

392 3194 705 3261 benderem,
741 3196 954 3265 longam
1007 3197 1235 3253 fortasse
1265 3209 1318 3254 et
1354 3200 1719 3269 importunam
1755 3201 1966 3270 digres-

390 3284 603 3340 sionem
634 3289 996 3341 continerent.
1022 3286 1158 3341 Cum
1189 3289 1297 3343 duo
1327 3288 1491 3359 igitur
1531 3291 1807 3359 proposita
1835 3292 1966 3354 sint,

385 3376 653 3431 camelum
690 3393 789 3448 per
831 3376 1074 3433 foramen
1115 3395 1268 3445 acus,
1295 3390 1350 3436 et
1381 3381 1602 3435 divitem
1651 3383 1705 3435 iu
1749 3382 1970 3437 caeleste

387 3483 613 3538 regnum
652 3470 877 3535 intrare,
915 3467 1130 3525 facilius
1164 3487 1286 3527 esse
1332 3473 1487 3542 prius
1518 3473 1648 3528 illud
1678 3474 1855 3528 duret.
1889 3474 1969 3530 Ac

389 3558 532 3614 inter
564 3560 812 3617 homines
840 3561 1058 3632 quidem
1092 3563 1260 3617 alium
1292 3565 1560 3619 camelum
1596 3581 1692 3636 per
1728 3565 1968 3620 foramen

386 3666 518 3705 acus
561 3650 890 3719 intrantem,
926 3663 977 3708 et
1023 3655 1189 3708 alLum
1240 3654 1498 3723 divitem,
1543 3667 1737 3727 prater
1786 3658 1967 3712 homi-

386 3759 538 3811 num,
571 3754 627 3798 at
659 3762 765 3800 non
793 3745 889 3800 Dei
916 3755 1259 3816 potestatem,
1292 3747 1346 3801 in
1376 3764 1601 3818 regnum
1632 3748 1725 3803 Dei
1759 3750 1969 3805 intrau-

2069 3215 2210 3286 τάχα
2230 3212 2289 3265 δὲ
2320 3211 2416 3264 καί
2440 3208 2516 3280 τῷ
2533 3208 2719 3273 εἰδότι,
2751 3207 2952 3278 πολλῆς
2980 3208 3045 3261 ἂν
3079 3207 3174 3260 καὶ
3207 3205 3431 3277 ἀκαίρου
3473 3204 3655 3270 ἔχοιτο

2070 3304 2481 3378 παρεκϐάσεως.
2518 3301 2622 3355 Δύο
2639 3301 2698 3354 δὲ
2733 3300 3128 3372 προκειμένων,
3162 3298 3254 3352 τοῦ
3287 3297 3528 3368 κάμηλον
3563 3298 3655 3352 διὰ

2067 3390 2370 3465 τρυμαλιᾶς
2389 3390 2609 3461 ῥαφίδος
2640 3389 2921 3454 εἰσελθεῖν,
2954 3390 3047 3442 καὶ
3070 3386 3159 3441 τοῦ
3184 3387 3433 3442 πλούσιον
3453 3390 3534 3451 εἰς
3551 3389 3656 3459 τὴν

2074 3482 2350 3554 βασιλείαν
2388 3480 2482 3534 τοῦ
2517 3479 2674 3545 Θεοῦ,
2700 3479 3073 3550 εὐκοπώτερον
3106 3475 3243 3533 εἷναί
3274 3495 3406 3550 φησι
3439 3477 3498 3531 τὸ
3521 3475 3658 3549 πρό-

2073 3590 2251 3645 τερον.
2285 3572 2398 3625 Καὶ
2423 3571 2677 3642 ζητήσεις
2702 3587 2766 3639 γε
2799 3570 2856 3623 ἐν
2888 3572 3001 3633 τοῖς
3030 3567 3339 3641 ἀνθρώποις
3365 3566 3521 3623 ἄλλον
3554 3568 3655 3637 μὲν

2074 3664 2166 3718 τὸν
2212 3662 2458 3733 κάμηλον
2504 3661 2882 3732 εἰσερχόμενον
2930 3659 3018 3713 διά
3058 3659 3363 3733 τρυμαλιᾶς
3409 3659 3654 3731 ῥαφίδος,

2073 3752 2230 3806 ἄλλον
2259 3753 2315 3806 δὲ
2341 3751 2430 3806 τὸν
2459 3751 2713 3805 πλούσιον
2754 3749 3029 3813 ἀδυνάτως
3060 3748 3384 3821 ἀνθρώποις,
3414 3746 3658 3812 δυνατῶς

1584 3870 1818 3927 VETUS
1853 3870 2439 3927 INTERPRETATIO.

387 3999 792 4065 congregatam,
827 4001 1043 4065 quaeres
1073 3987 1461 4065 quomodovel
1487 4004 1634 4065 eum
1687 3988 2000 4065 difﬁcultate
2051 3991 2299 4065 introibit
2349 3990 2499 4047 dives
2532 3991 2620 4065 _in_
2664 4005 2888 4065 regnum
2926 3989 3214 4065 caelorum.
3268 3984 3652 4065 Dillicultapm

389 4065 572 4130 autem
606 4055 862 4109 introitus
891 4055 1180 4130 utriusque
1211 4057 1397 4113 divitis
1435 4059 1501 4130 ad
1518 4059 1761 4130 salutem
1792 4060 2105 4115 manifestat
2131 4062 2374 4130 subjecta
2401 4060 2656 4130 parabola
2682 4055 2869 4114 dicens
2900 4077 2963 4130 ιι
2998 4058 3233 4113 Facilius
3266 4064 3343 4110 est
3379 4055 3654 4130 camelum

391 4139 488 4191 per
519 4123 763 4200 foramen
797 4140 931 4179 acus
968 4123 1189 4200 intrare,
1221 4142 1384 4200 quam
1422 4128 1647 4200 divitem
1680 4128 1733 4182 in
1772 4144 1997 4200 regnum
2028 4123 2315 4185 cceloru'm.
2348 4150 2367 4183 ι
2399 4123 2456 4184 lu
2492 4145 2597 4199 qua
2623 4130 2874 4200 parabola
2897 4128 3047 4200 dives
3070 4134 3417 4200 comparatur
3439 4125 3655 4178 camelo

333 4207 358 4225 ἰ
391 4208 512 4272 non
536 4193 713 4272 solum
746 4202 966 4261 propter
994 4193 1396 4272 inununditiam
1427 4198 1713 4272 animalis,
1738 4193 1881 4253 sicut
1908 4200 2101 4272 docuit
2114 4201 2231 4272 lex,
2266 4201 2361 4256 sed
2390 4193 2553 4272 etiam
2582 4193 2800 4269 propter
2829 4198 2993 4254 totius
3024 4193 3273 4272 corporis
3298 4196 3416 4272 ejus
3443 4202 3654 4248 tortuo-

390 4262 630 4315 sitatem.
667 4261 926 4336 Regnum
948 4275 1129 4318 autem
1160 4266 1425 4321 emlorum
1461 4261 1715 4321 foramini
1753 4283 1886 4323 acu..-
1917 4261 2277 4332 assimilatur,
2316 4278 2376 4323 ut
2401 4261 2809 4324 demonstretur
2829 4285 2892 4322 ex
2921 4283 2987 4321 eo
3008 4261 3269 4336 quoniam
3297 4261 3431 4336 satis
3457 4274 3652 4336 areius

391 4338 495 4410 est,
524 4338 580 4384 et
601 4345 773 4410 supra
803 4333 1025 4410 _modum
1051 4336 1451 4410 contribulatns
1480 4337 1632 4410 regni
1662 4337 2209 4410 cmlestisgiutroitus.
2243 4338 2491 4394 Ostendit
2521 4352 2705 4410 autem
2735 4338 2996 4410 quoniam
3027 4333 3093 4390 ex
3123 4336 3348 4410 seipso
3395 4334 3654 4402 impossi-

394 4400 504 4481 bile
532 4408 615 4454 est
643 4401 1037 4481 caineluurper
1066 4403 1305 4481 foramen
1342 4400 1720 4481 acus_inlrare,
1756 4408 2014 4476 possibile
2042 4418 2222 4481 autem
2252 4409 2613 4481 quantumagl
2653 4400 2846 4463 Deum.
2878 4408 2972 4461 Sic
3006 4414 3059 4459 et
3105 4400 3350 4481 divitem,
3375 4400 3641 4481 quantum.

390 4471 456 4523 ad
492 4471 665 4538 ipSum
703 4471 1324 4547 pet'tinet,_impossihile
1354 4485 1437 4530 est
1471 4476 1676 4530 intrare
1705 4471 1771 4529 in"
1791 4493 2018 4547 regnum
2050 4471 2341 4543 caelorum,
2373 4478 2631 4546 possibile
2662 4488 2843 4532 autem
2886 4485 3149 4547 quantum
3198 4476 3264 4529 ad
3312 4471 3503 4536 Deum,
3539 4471 3650 4547 _qui

391 4549 583 4620 puteus
615 4549 704 4620 est
726 4540 980 4620 iueﬂ'abili
1012 4557 1109 4595 sua
1138 4543 1355 4620 virtute,
1385 4556 1480 4620 aut
1528 4540 1958 4601 crassitudinem
2008 4549 2278 4620 malorum
2329 4540 2460 4620 mali
2512 4548 2752 4620 hominis
2809 4540 3095 4602 sulitiliare
3119 4584 3135 4606 ,
3193 4552 3308 4620 aut_
3339 4542 3651 4620 angustiam

391 4609 646 4664 introitus
678 4609 858 4665 facere
883 4610 933 4664 ei
959 4626 1235 4681 capacem.

1262 4613 1529 4685 Quoniam
1563 4623 1744 4669 autem
1777 4626 1993 4685 propter
2018 4618 2386 4672 difficultatem
2429 4618 2720 4680 introitus,
2770 4628 2824 4670 et
2875 4631 2982 4670 non
3020 4623 3246 4685 propter
3295 4611 3650 4685 impossibili-

391 4687 554 4732 Iatem
585 4682 792 4754 accepit
815 4681 884 4754 _ad
917 4681 1221 4754 cremplum
1253 4682 1496 4737 foramen
1523 4695 1577 4738 et
1604 4681 1893 4752 camelum,
1921 4688 2089 4741 claret
2121 4703 2188 4742 ex
2218 4703 2285 4741 eo
2335 4688 2480 4754 quod
2531 4687 2596 4741 ad
2636 4685 2936 4754 discipulos
2978 4681 3220 4738 dicentes
3246 4701 3259 4736 :
3295 4701 3312 4732 ι
3344 4682 3648 4754 Quisergo

390 4757 566 4868 potest
597 4750 708 4803 fieri
747 4750 978 4804 salvus?
1013 4769 1032 4803 ι
1068 4755 1359 4819 respondet
1389 4773 1402 4807 :
1443 4773 1462 4804 ι
1493 4753 1647 4823 Apud
1684 4750 1931 4810 homines
1960 4757 2300 4826 impossibile
2330 4750 2432 4820 est,
2465 4757 2605 4824 apud
2638 4750 2807 4811 Deum
2837 4766 3019 4808 autem
3063 4754 3244 4807 omnia
3277 4750 3583 4821 possibilia.
3616 4767 3641 4802 ι

410 4832 532 4868 ί.ιίιο
555 4820 811 4868 possibile
835 4829 919 4868 est
943 4821 1210 4868 camelum
1240 4838 1334 4868 nel-
1359 4822 1599 4868 fm‘nmen
1626 4840 1757 4868 along
1785 4827 1988 4868 inlmrn
2040 4843 2146 4868 mm
2175 4836 2353 4868 lnmpn
2388 4826 2528 4868 nnml
2559 4826 2808 4868 lmminnc
2853 4825 2945 4868 92ml
2974 4825 3114 4868 amid
3144 4823 3334 4868 “rum-
3360 4819 3641 4868 (htmnoda

410 4819 532 4886 ilrgo
555 4820 812 4895 possibile
835 4829 919 4875 est
943 4821 1210 4895 camelum
1240 4838 1334 4895 p_er
1356 4819 1600 4895 foramen
1626 4840 1757 4880 acus
1784 4827 2006 4895 intrare,
2040 4819 2146 4880 non
2175 4836 2354 4881 tamen
2388 4819 2528 4895 apud
2559 4826 2828 4886 homines,
2853 4825 2945 4878 sed
2974 4825 3122 4895 apud
3144 4819 3334 4895 Deum.
3360 4819 3650 4895 Quomodo

389 4897 587 4966 autem.
606 4887 769 4969 faciat
800 4890 913 4969 haec
942 4890 1222 4959 possibilia
1242 4887 1430 4969 ξῡιέιιε,Δ
1451 4894 1564 4969 ipse
1588 4895 1715 4969 scit,
1741 4903 1795 4949 et
1829 4887 2085 4969 Christus
2123 4897 2262 4969 ejus,
2293 4905 2347 4948 et
2379 4887 2479 4969 cui
2499 4897 2758 4969 revelavit
2783 4887 3057 4969 Christus.
3091 4892 3192 4958 Qui
3223 4900 3399 4969 autem
3432 4889 3653 4969 prolicit

390 4959 446 5036 in
476 4959 736 5036 sapientia
768 4967 820 5011 et
847 4976 1116 5036 sermone,
1154 4962 1374 5036 audebit
1406 4959 1632 5018 forsitan
1669 4965 2033 5036 abundantius
2063 4976 2116 5019 et
2145 4959 2211 5020 de
2234 4982 2356 5028 acu,
2375 4977 2425 5019 et
2451 4967 2516 5019 de
2541 4964 2809 5036 foramine
2829 4964 2947 5036 ejus
2998 4976 3288 5036 exponere.
3316 4959 3425 5036 Nos
3458 4967 3646 5036 autern

391 5026 496 5078 “"0
551 5026 839 5093 “llic-imus
883 5030 1073 5104 _SOIUIII
1107 5072 1132 5104 ,ί
1159 5033 1415 5104 quoniam
1447 5042 1576 5104 sunt
1603 5035 1847 5102 quaedam
1872 5051 1992 5104 quae
2024 5036 2158 5089 fiunt
2189 5036 2241 5089 in
2278 5026 2391 5104 lege
2419 5034 2651 5088 artificio
2675 5026 2951 5104 consuiili,
2976 5026 3339 5087 necessariam
3386 5029 3645 5104 habentia

388 5106 659 5176 acunttut
691 5098 989 5175 secundum
1020 5098 1356 5176 sapientiam
1373 5101 1463 5157 Dei
1501 5098 1664 5157 faciat
1693 5120 1856 5176 opera
1884 5098 2007 5175 quis
2033 5106 2271 5169 artificii,
2314 5098 2459 5174 quod
2492 5106 2751 5176 suscepit.
2797 5103 3259 5176 Qualitercunque
3309 5115 3437 5176 ergo
3485 5098 3576 5176 ili“
3598 5098 3645 5150 ι’

389 5165 527 5219 lecta
565 5166 768 5246 fuerint
802 5165 1307 5246 operaronsntilia,
1344 5172 1460 5246 ipsa
1487 5165 1783 5246 consutura
1811 5165 1960 5229 dabit
2009 5165 2307 5246 intelligere
2334 5165 2473 5246 'qu:e
2514 5165 2741 5244 intelligi
2793 5165 3034 5246 debeant
3070 5173 3123 5226 iu
3171 5165 3278 5246 hoc
3323 5170 3463 5246 loco.
3511 5167 3646 5232 Qtue

389 5249 537 5289 nunc
562 5236 744 5314 dicere
768 5245 819 5289 et
853 5236 1457 5314 utanifestareforsitau
1490 5243 1707 5311 quidem
1737 5255 1791 5298 et
1822 5260 1985 5311 supra
2021 5261 2121 5300 nos
2149 5236 2252 5308 est,
2285 5236 2511 5299 foi'silan
2551 5236 2733 5314 autem
2761 5252 2815 5296 et
2846 5242 3062 5314 scienti
3087 5241 3316 5294 multum
3348 5249 3401 5293 et
3430 5239 3649 5314 impor-

394 5321 585 5359 .unum
620 5307 825 5359 exitum
857 5307 1055 5362 habere
1086 5311 1371 5365 videbitur.
1408 5307 1631 5366 Duobus
1660 5329 1789 5383 ergo
1820 5307 2129 5384 propositis,
2163 5314 2429 5368 camelum
2469 5330 2563 5384 per
2592 5313 2840 5368 foramen
2885 5327 3018 5367 acus
3051 5310 3276 5377 intrare,
3317 5320 3370 5364 et
3413 5307 3641 5362 divitem

459 5421 502 5451 ""
541 5419 731 5474 Matth.
767 5436 880 5483 Xix,
910 5421 1002 5476 25.
1078 5422 1122 5454 ⁸⁸
1163 5423 1350 5478 Matth.
1384 5441 1496 5491 xu,
1530 5424 1616 5478 26.

462 5534 574 5615 (70)
624 5538 799 5594 Ἀλλὰ
854 5539 1319 5615 excisurum-qr
1359 5543 1545 5597 αὐτοῦ
1578 5545 1958 5610 σκολιότητα.

393 5602 673 5686 Origenes,
701 5618 877 5686 _tiart.
911 5610 984 5663 ‘25
1019 5602 1072 5663 ἱιι
1099 5602 1299 5686 _Mulllt.
1335 5628 1353 5665 :
1376 5631 1418 5686 Δι
1450 5614 1730 5686 Quomodo
1779 5602 1962 5686 autum

395 5687 503 5754 non
556 5679 935 5754 esistitncntur
984 5682 1134 5743 cmci,
1178 5698 1325 5754 quos
1375 5683 1501 5736 latet
1552 5684 1869 5752 magnitudo
1914 5691 1967 5736 rt

398 5748 711 5800 termositas
761 5749 1114 5814 camelorum,
1175 5752 1223 5804 id
1271 5762 1353 5806 est
1401 5748 1965 5823 acluumvpencrsow

2068 5543 2227 5597 l‘lllll?
2259 5563 2275 5594 ι
2312 5539 2575 5596 Ηιτετιυε.

2141 5612 2250 5687 (Zl)
2289 5610 2724 5687 Codex‘llcgius,
2756 5608 2887 5687 αρτὸ
2920 5606 3040 5687 μέν.
3143 5672 3157 5687 .
3302 5671 3324 5687 ι
3453 5667 3467 5687 ο

2143 5671 2255 5749 (7:2)
2295 5671 2723 5743 Αεπτύνοφλτοςζ
2767 5671 2932 5734 Forte
2973 5672 3255 5749 legendum
3302 5671 3642 5742 λεπτῠνυντι,

2073 5761 2123 5811 cl
2158 5754 2318 5820 paulo
2345 5759 2485 5821 post,
2524 5749 2779 5802 ποιοῦντι.
