4032 6308
302 414 457 473 1313

1234 405 1590 462 COMMENT.
1630 404 1702 461 IN
1736 402 2154 461 MATTHIEUM
2195 402 2434 460 TOMUS
2465 401 2583 457 XV.

3463 398 3603 460 ιδιά

299 530 363 585 δὲ
385 531 482 605 ’τῷ
504 529 626 601 Θεῷ
655 526 1032 599 εἰσερχόμενον
1058 524 1138 587 εἰς
1173 522 1272 595 τὴν
1308 522 1581 595 βασιλείαν
1608 522 1704 577 τοῦ
1728 521 1862 576 Θεοῦ
1889 539 1902 553 ·

2012 529 2121 577 tem
2153 535 2411 591 quaeres;
2450 520 2522 573 ita
2550 527 2601 572 et
2631 516 2698 572 de
2732 514 3001 574 foramine
3036 534 3191 586 acus,
3231 523 3489 592 quoniam
3532 524 3603 579 ab

300 621 491 689 οὕτως
534 623 593 677 δὲ
638 621 733 676 καὶ
760 618 853 673 ἐπὶ
896 619 995 689 τῆς
1041 616 1347 689 τρυμαλιᾶς
1395 615 1508 688 (75)
1548 615 1791 686 ῥαφίδος,
1825 616 1908 669 ὃτι

302 715 583 771 ἀδύνατον
629 712 727 784 μὲν
770 708 1099 780 ἀνθρώποις,
1135 708 1286 772 ὅστις
1329 707 1527 762 ποτοῦν
1564 707 1662 762 ὲάν
1708 707 1905 780 εὑρεθῇ

302 806 584 879 κάμηλος.
628 803 719 856 καὶ
747 802 802 856 εἴ
822 818 906 864 τις
929 795 1022 854 οὖν
1049 798 1146 853 ὲάν
1175 799 1371 871 εὑρεθῇ
1400 798 1668 871 κάμηλος,
1703 816 1911 871 τρυμα-

301 898 399 953 λιά
435 896 677 970 ῥαφίδος,
705 894 740 966 ἡ
771 892 1136 947 εἰσελεύσεται
1163 892 1230 946 δι’
1256 891 1473 962 ἐκείνης
1489 909 1511 939 ·.
1532 892 1685 964 παρά
1711 891 1769 945 δὲ
1791 890 1910 963 Θεῷ

302 989 407 1044 καὶ
435 988 596 1043 τοῦτο
624 985 867 1041 δυνατόν.
899 986 963 1038 Ei
1007 984 1063 1037 δὲ
1105 983 1362 1054 ὲμφαίνει
1402 982 1577 1037 ταῦτα
1621 984 1714 1037 καὶ
1766 999 1909 1055 παρ-

306 1081 498 1151 ίστησι
541 1078 732 1133 τελικά
778 1095 901 1131 τινα
959 1077 1234 1148 μυστήρια
1289 1075 1424 1146 (74),
1484 1075 1579 1129 καὶ
1610 1075 1703 1129 ἐπὶ
1758 1074 1911 1138 τέλος

301 1171 518 1242 ἄγοντα
561 1172 651 1226 διά
680 1187 845 1224 τινων
873 1169 1008 1223 ὁδῶν
1038 1168 1159 1240 Θεῷ
1192 1167 1339 1240 μόνῳ
1371 1166 1633 1233 δυνατῶν,
1667 1168 1701 1239 ἢ
1752 1166 1849 1239 μὴ,
1882 1169 1911 1222 6

298 1263 615 1335 δυνάμενος
649 1258 971 1327 ἐξεταζέτω.

391 1357 555 1427 Ἐξῆς
594 1357 741 1410 ἔστιν
777 1355 902 1407 ἰδεῖν
930 1351 999 1406 τὰ
1031 1352 1159 1424 περὶ
1190 1349 1284 1405 τοῦ
1310 1367 1324 1381 ο
1363 1369 1383 1404 ι
1423 1351 1558 1405 Τότε
1591 1351 1910 1424 ἀποκριθεὶς

298 1448 332 1503 ὁ
368 1448 585 1521 Πέτρος
609 1442 764 1501 εἶπεν
791 1444 940 1516 αὐτῷ
959 1462 972 1476 ·
1017 1444 1149 1497 Ἰδοὺ
1183 1445 1342 1515 ήμεῖς
1390 1444 1680 1516 ἀφήκαμεν
1710 1445 1908 1507 πάντα,

301 1542 404 1595 καὶ
435 1538 887 1611 ἠκολουθήσαμέν
934 1553 1052 1589 σοι·
1110 1536 1164 1588 τί
1198 1535 1307 1607 άρα
1338 1534 1489 1589 ἔσται
1530 1538 1692 1607 ήμῖν;
1730 1556 1748 1587 ι
1798 1537 1911 1590 Καὶ

301 1631 490 1684 ταῦτα
518 1630 575 1685 δὲ
600 1630 629 1682 6
661 1629 760 1700 μέν
802 1644 884 1690 τις
914 1627 1145 1697 τηρήσει
1178 1624 1319 1678 κατά
1351 1624 1450 1696 τήν
1476 1624 1620 1691 λέξιν
1642 1642 1654 1653 ·
1686 1625 1714 1677 6
1744 1623 1801 1676 δέ
1826 1640 1910 1687 τις

302 1721 698 1783 ἀνασκευάσας
715 1717 774 1771 τὸ
789 1719 886 1789 τῆς
909 1716 1128 1783 λέξεως,
1145 1715 1221 1780 ὡς
1242 1715 1301 1768 οὐ
1336 1714 1696 1786 μεγαλοφυὲς,
1714 1731 1911 1787 τροπο-

301 1811 567 1883 λογήσειο
603 1815 632 1866 6
667 1813 765 1882 μὲν
807 1807 900 1864 οὖν
954 1812 1020 1880 τῇ
1056 1809 1201 1875 λέξει
1253 1807 1652 1879 παριστάμενος
1685 1808 1911 1862 τοιαῦτα

2017 612 2335 677 hominibus
2364 612 2585 682 quidem
2617 609 2730 664 fieri
2773 611 2995 680 nequit;
3038 615 3353 684 quicunque
3380 617 3599 671 tandem

2012 705 2319 776 reperiatur
2348 704 2614 772 camelus,
2648 712 2703 759 et
2734 703 2976 758 foramen
3008 721 3160 771 acus,
3214 707 3258 762 si
3310 710 3473 762 modo
3502 710 3603 766 alio

2010 798 2136 869 quis
2167 807 2418 868 repertus
2457 796 2622 852 fuerit
2665 799 2910 854 camelus
2957 799 3050 868 qui
3097 814 3194 869 per
3232 799 3363 854 illud
3399 800 3597 870 intret;

2012 900 2066 945 at
2095 905 2123 944 a
2162 890 2273 946 Deo
2299 890 2349 944 id
2388 890 2501 946 fieri
2537 900 2735 961 potest.
2776 890 3056 956 Disquirat
3084 899 3266 947 autem
3311 893 3404 962 qui
3446 905 3604 965 pote-
3633 928 3647 938 ι

2012 984 2084 1038 rit
2130 1000 2199 1039 au
2236 986 2491 1057 mysteria
2541 986 2790 1057 quaedam
2836 987 2901 1042 ad
2948 988 3107 1043 tinem
3162 988 3513 1058 pertinentia,
3545 998 3603 1046 et

2010 1090 2108 1145 per
2139 1085 2315 1133 certas
2343 1076 2610 1147 quasdam
2653 1077 2770 1132 vias
2800 1077 2853 1132 in
2886 1077 2979 1133 Dei
3011 1080 3182 1135 solius
3223 1088 3489 1150 potestate
3523 1087 3601 1138 si-

2020 1176 2106 1223 tas
2144 1169 2210 1222 ad
2242 1167 2400 1224 fmem
2432 1169 2755 1225 deducentia
2792 1171 2907 1227 lucc
2952 1171 3266 1239 exhibeant,
3311 1188 3505 1241 necne,
3537 1190 3603 1231 ac

2012 1259 2341 1328 significent.

2081 1350 2173 1408 2|.
2219 1349 2480 1420 Deinceps
2512 1367 2642 1407 vero
2667 1367 2729 1406 ea
2759 1351 3100 1407 discutienda
3129 1355 3454 1426 sunt,682
3480 1372 3603 1425 qua:

2011 1442 2079 1497 ad
2110 1443 2160 1496 id
2195 1444 2468 1511 pertinent
2490 1444 2575 1499 “z
2609 1464 2626 1496 ι
2660 1443 2815 1500 Tunc
2848 1448 3184 1514 respondens
3222 1446 3418 1503 Petrus
3462 1448 3603 1504 dixit

2011 1532 2058 1587 ei
2093 1551 2104 1586 :
2136 1531 2275 1587 Ecce
2307 1547 2405 1587 nos
2439 1533 2763 1603 reliquimus
2791 1536 2999 1599 omnia,
3024 1545 3074 1590 et
3106 1537 3276 1590 secuti
3309 1552 3503 1593 sumus
3528 1549 3597 1592 te.

1972 1662 1992 1679 .
2012 1621 2152 1689 Quid
2181 1639 2313 1692 ergo
2337 1623 2442 1677 erit
2468 1624 2665 1678 nobis?
2696 1644 2715 1677 ι
2749 1626 2926 1696 Atque
2960 1627 3076 1681 haec
3109 1628 3328 1697 quidem
3360 1630 3425 1682 ad
3474 1645 3601 1682 vcr-

2012 1713 2141 1768 hum
2175 1713 2626 1784 interpretabitur
2652 1716 2924 1787 quispiam
2944 1735 2959 1783 ;
2982 1717 3125 1773 alius
3150 1728 3331 1773 autem
3362 1720 3600 1776 litteram

2013 1815 2272 1875 tanquam
2317 1821 2426 1860 non
2472 1807 2608 1861 satis
2656 1807 2946 1863 sublimem
2997 1818 3052 1863 et
3095 1809 3352 1866 eximiam
3406 1813 3604 1867 confu-

302 1875 462 1977 ὲρεῖί
500 1875 709 1974 Ὥσπερ
743 1902 835 1956 ἐπὶ
861 1902 963 1971 τῆς
996 1875 1201 1964 δόσεως
1243 1900 1305 1953 οὐ
1334 1875 1414 1952 -τδ
1443 1875 1740 1971 διδόμενον,
1772 1899 1902 1953 ἀλλά

2010 1909 2152 1961 tans,
2198 1894 2263 1949 ad
2310 1895 2698 1967 tropologicum
2731 1898 3128 1967 expositionem
3178 1909 3444 1956 recurret.
3494 1902 3600 1968 Qui

301 1997 410 2069 τὴν
471 1995 793 2069 προαίρεσιν
842 1993 1237 2063 ἀποδεχόμενος
1282 1992 1311 2043 ὁ
1357 1990 1510 2056 Θεὸς,
1562 1990 1769 2045 δικαιοῖ
1811 1993 1907 2046 καὶ

304 2086 638 2157 ἀποδέχεται
686 2084 779 2139 τὸν
836 2085 898 2139 τὸ
947 2084 1166 2139 ἔλαττον
1223 2084 1543 2156 προαιρέσει
1595 2083 1907 2156 τελειοτέρᾳ

304 2178 606 2239 δεδωκότα,
644 2176 796 2246 παρά
821 2178 912 2231 τὸν
945 2176 1005 2230 τὸ
1042 2176 1224 2230 πλεῖον
1256 2179 1319 2229 ὲκ
1352 2177 1633 2242 πλειόνων,
1668 2178 1761 2232 καὶ
1790 2177 1906 2232 δια-

306 2267 462 2322 θέσει
510 2267 893 2339 ὑποδεεστέρᾳ,
937 2266 1013 2330 ὡς
1063 2265 1221 2336 δῆλόν
1263 2268 1409 2319 ἐστιν
1450 2266 1515 2320 ἐκ
1551 2266 1661 2320 τῶν
1709 2268 1907 2336 ἀναγε-

308 2360 657 2431 γραμμένων
694 2359 823 2429 περὶ
847 2357 949 2428 τῆς
987 2356 1187 2420 δόσεως
1215 2356 1323 2409 τῶν
1352 2356 1644 2423 πλουσίων,
1671 2360 1765 2412 καὶ
1796 2358 1904 2412 τῶν

309 2451 413 2505 δύο
448 2450 682 2516 λεπτῶν,
721 2451 879 2504 ἆτινα
901 2450 935 2520 ή
973 2450 1117 2521 χήρα
1146 2451 1224 2512 εἰς
1247 2448 1403 2517 λόγον
1438 2451 1686 2522 πενήτων
1714 2450 1903 2505 ἔϐαλεν

307 2546 394 2607 εἰς
438 2542 499 2595 τὸ
542 2539 984 2610 γαζοφυλάκιονο
1020 2538 1195 2602 οὕτως
1244 2538 1337 2592 καὶ
1383 2538 1478 2591 ἐπὶ
1522 2537 1630 2592 τῶν
1678 2539 1768 2593 διά
1805 2540 1904 2613 τὴν

309 2631 454 2702 πρὸς
498 2630 559 2683 τὸ
603 2630 757 2683 Θεῖον
800 2630 1022 2700 ἀγάπην
1070 2627 1478 2682 καταλιπόντων
1521 2628 1557 2683 ἂ
1588 2629 1903 2700 κέκτηνται,

308 2722 404 2774 ἶνα
433 2721 853 2793 ἀπερισπάστως
883 2720 1217 2774 ἀκολουθῶσι
1254 2719 1331 2790 τῷ
1364 2720 1583 2792 Χριστῷ
1616 2720 1711 2774 τοῦ
1741 2721 1898 2788 Θεοῦ,

311 2809 497 2862 πάντα
525 2810 854 2878 πράττοντες
897 2810 1036 2864 κατά
1064 2810 1157 2864 τὸν
1183 2810 1340 2879 λόγον
1367 2809 1530 2863 αὑτοῦ
1555 2829 1566 2843 ·
1590 2810 1650 2864 οὐ
1685 2812 1903 2875 πάντως

316 2898 527 2969 μᾶλλον
576 2902 869 2965 ἀπόδεκτος
911 2904 940 2955 6
971 2902 1040 2956 τά
1083 2901 1305 2956 πλείονα
1345 2901 1662 2957 καταλιπὼν
1700 2903 1795 2957 τοῦ
1834 2903 1901 2958 τά

311 2991 596 3051 ἐλάττονα.
629 2995 723 3048 καὶ
751 2994 983 3065 μάλιστα
1011 2995 1099 3047 ὅτε
1132 2993 1285 3065 τύχοι
1314 2994 1409 3065 ὅλῃ
1435 2994 1581 3066 ψυχῇ
1609 3012 1695 3059 τις
1732 3012 1903 3049 κατα-

309 3082 491 3137 λιπὼν
538 3084 605 3138 τά
651 3085 927 3148 ἐλάττονα,
954 3084 1106 3156 παρά
1146 3085 1238 3137 τὸν
1265 3084 1524 3137 δοκοῦντα
1554 3101 1903 3156 καταπεφρο-

2010 1986 2176 2060 igitur
2210 1988 2402 2043 litterae
2433 1989 2701 2044 rationem
2748 1989 2986 2057 habebit,
3026 1992 3141 2048 haec
3181 1994 3367 2049 dicet:
3399 1993 3603 2062 Quem-

2006 2079 2301 2134 admodum
2340 2080 2392 2134 in
2421 2080 2715 2134 donatione
2740 2097 2846 2135 non
2883 2082 3061 2151 ipsum
3094 2098 3317 2149 munus,
3363 2086 3459 2141 sed
3507 2102 3601 2140 vo-

2008 2172 2273 2227 luntatem
2312 2186 2377 2225 ae
2408 2171 2650 2225 studium
2685 2171 2915 2226 laudans
2944 2184 2994 2227 et
3024 2175 3265 2244 probans
3311 2174 3470 2243 Deus,
3499 2164 3600 2232 ex-

2004 2274 2165 2320 cusat
2212 2274 2266 2317 et
2312 2264 2672 2333 acceptiorem
2725 2264 2892 2319 habet
2936 2266 3029 2336 qui
3066 2267 3322 2336 pauciora
3357 2269 3597 2338 quidem,

2009 2358 2102 2413 sed
2131 2349 2456 2427 perfectiore
2486 2356 2691 2423 studio,
2740 2372 2903 2427 quam
2954 2359 3048 2428 qui
3097 2360 3251 2429 plura
3290 2376 3357 2415 ex
3402 2362 3597 2431 majori

2004 2447 2196 2517 copia,
2248 2445 2342 2501 sed
2405 2446 2619 2500 minore
2668 2446 2862 2501 affectu
2914 2447 3093 2515 dedit;
3134 2461 3188 2503 ut
3224 2449 3392 2520 liquet
3430 2468 3495 2505 ex
3531 2453 3599 2508 iis

2005 2553 2128 2607 quae
2159 2537 2225 2591 de
2265 2536 2494 2590 divitum
2536 2536 2825 2606 largitione
2871 2540 3176 2610 conscripta
3213 2550 3363 2608 sunt,
3404 2550 3458 2596 et
3491 2545 3597 2596 mi-

2006 2627 2153 2682 nutis
2183 2626 2398 2681 duobus
2427 2641 2550 2695 (line
2581 2626 2739 2681 vidua
2772 2627 2824 2681 in
2856 2630 3303 2701 gazophylaciqu
3341 2648 3439 2701 pro
3461 2649 3598 2703 pzttl-

2004 2719 2227 2788 paribus
2266 2719 2542 2783 mittebat;
2591 2718 2732 2773 idem
2764 2728 2819 2774 et
2857 2721 2926 2774 iis
2959 2723 3223 2792 tontingit
3247 2765 3262 2788 ,
3293 2724 3385 2794 qui
3426 2725 3597 2781 facul-

2005 2806 2207 2861 tatibus
2233 2806 2347 2860 suis
2372 2806 2630 2861 omuibus
2654 2823 2762 2876 pra:
2791 2824 2978 2864 amore
3009 2808 3099 2865 Dei
3131 2815 3380 2867 nuntium
3408 2819 3598 2872 remit-

2006 2906 2158 2965 tunt;
2184 2898 2322 2952 nihil
2354 2913 2461 2952 non
2481 2898 2638 2968 juxia
2668 2915 2976 2957 sermonem
3006 2902 3209 2960 Christi
3225 2904 3318 2960 Dei
3344 2916 3589 2978 agentes,

2004 3000 2065 3044 ut
2093 3008 2219 3046 eum
2265 2991 2632 3046 indissolubili
2664 3008 2807 3048 nexu
2849 2993 3116 3051 hmrentes
3149 2997 3590 3070 subsequantur;

2004 3082 2164 3151 plane
2193 3084 2465 3151 acceptior
2494 3084 2585 3139 ille
2628 3099 2737 3139 non
2785 3096 2870 3142 est
2916 3088 3008 3159 qui
3052 3089 3230 3158 plura,
3284 3107 3448 3161 quam
3496 3095 3592 3162 qui

314 3175 548 3246 νηκέναι
592 3175 697 3229 τῶν
754 3175 1032 3230 πλειόνων.
1059 3176 1126 3229 Ei
1160 3176 1253 3229 καὶ
1290 3175 1462 3248 μικρά
1513 3171 1607 3228 οὗν
1654 3176 1749 3229 καὶ
1812 3176 1902 3229 εὑ-

2009 3172 2262 3242 pauciora
2296 3173 2596 3243 reliquerit,
2625 3178 2926 3246 praesertim
2962 3178 3007 3233 si
3037 3177 3365 3237 ferventiore
3410 3183 3594 3238 studio

310 3265 445 3336 τελῆ
492 3265 603 3337 (75)
644 3266 672 3317 6
719 3266 923 3338 Πέτρος
964 3265 1350 3319 καταλέλοιπεν
1407 3265 1523 3335 ἄμα
1569 3264 1647 3336 τῷ
1687 3264 1902 3336 ἀδελφῷ

2009 3264 2265 3333 pauciora
2322 3264 2633 3334 reliquerit,
2687 3283 2851 3338 quam
2907 3269 2999 3339 qui
3060 3271 3216 3341 plura
3269 3285 3595 3343 aspernatus

307 3357 479 3412 αὐτοῦ
506 3358 616 3430 (76)
665 3358 903 3431 Ἀνδρέᾳ,
942 3357 1104 3430 ήνξκα
1135 3357 1468 3421 ἀκούσαντες
1496 3357 1797 3429 ἀμφότεροι
1816 3358 1896 3411 τό·

2009 3354 2179 3412 fuisse
2222 3356 2453 3413 videtur.
2500 3356 2762 3424 Quamvis
2796 3374 2927 3430 ergo
2964 3363 3254 3434 perexigua
3298 3376 3501 3434 essent,
3540 3380 3595 3423 ct

316 3469 337 3503 ι
378 3450 548 3504 Δεῦτε
601 3451 944 3505 ἀκολουθεῖτέ
990 3469 1099 3523 μοι,
1144 3450 1238 3505 καὶ
1279 3451 1487 3521 ποιήσω
1534 3451 1680 3520 ὑμᾶς
1732 3448 1902 3514 ἀλιεῖς

2009 3449 2212 3504 nullius
2245 3448 2356 3505 fere
2382 3452 2541 3521 pretii
2573 3468 2695 3522 quae
2718 3450 2914 3508 Petrus
2941 3470 3047 3509 una
3095 3471 3220 3510 cum
3265 3456 3433 3513 fratre
3479 3460 3593 3514 Au-

307 3540 650 3613 ἀνθρώπων,
693 3541 895 3606 εὐθέως
940 3541 1169 3612 ἀφέντες
1199 3539 1268 3593 τά
1299 3539 1491 3595 δίκτυα
1529 3539 1902 3611 ἠκολούθησαν

2009 3540 2137 3596 drea
2171 3542 2406 3612 reliquit,
2439 3558 2563 3597 eum
2596 3554 2822 3614 uterque
2856 3546 2945 3600 his
2993 3547 3193 3603 auditis
3230 3549 3277 3581 ’°
3308 3571 3318 3605 :
3350 3569 3370 3601 ι
3402 3548 3594 3608 Venite

310 3629 487 3701 αὐτῷ,
525 3650 544 3683 ι
579 3632 692 3685 ἀλλ’
721 3633 781 3685 οὐ
813 3632 985 3704 μικρά
1014 3632 1319 3701 λελόγισται
1346 3630 1498 3702 παρά
1524 3630 1604 3701 τῷ
1635 3629 1773 3700 Θεῷ,
1802 3648 1902 3684 κα-

2009 3641 2131 3702 post
2157 3648 2263 3700 me,
2293 3642 2347 3687 et
2388 3632 2584 3688 faciam
2631 3651 2731 3690 vos
2768 3637 2882 3690 fieri
2928 3638 3227 3706 piscatores
3271 3642 3587 3710 hominum,

307 3724 661 3794 τανοήσαντι,
692 3726 774 3778 ὃτι
805 3724 913 3779 ἀπὸ
950 3725 1115 3790 ἕξεως
1145 3724 1278 3778 αὐτὸ
1306 3725 1562 3795 τοιαύτης
1600 3724 1902 3792 πεποιήκα-

2009 3724 2272 3777 continuo
2309 3723 2513 3780 relictis
2546 3726 2754 3781 retibus
2798 3729 2970 3783 secuti
3012 3740 3141 3784 sunt
3180 3748 3335 3800 cum;
3369 3753 3388 3786 ι
3415 3747 3468 3788 ιιι
3502 3737 3588 3790 illa

1522 3834 1754 3890 VETUS
1788 3835 2373 3891 INTERPRETATIO.

310 3950 365 4005 iu
403 3967 629 4029 regnum
661 3953 947 4029 caelorum,
985 3951 1199 4008 facilius
1228 3967 1349 4029 esse
1382 3952 1519 4006 dixit
1554 3951 1812 4029 primum.
1844 3950 2042 4029 Quaere
2083 3961 2264 4029 autem
2315 3953 2477 4029 inter_
2505 3954 2754 4029 homines
2778 3998 2793 4021 ,
2840 3957 3005 4011 alium
3059 3958 3277 4029 quidem
3313 3961 3582 4017 camelum

309 4023 678 4097 constitutum
705 4039 797 4091 per
822 4023 1067 4077 foramen
1086 4040 1218 4077 acus
1242 4022 1745 4097 intranti-nimiunn
1779 4033 1961 4097 autem
1986 4023 2213 4077 divitem
2235 4024 2645 4097 impossiliiliter
2664 4028 2905 4094 quidem,
2931 4022 3194 4097 quantum
3222 4031 3288 4084 ad
3314 4031 3584 4097 homines,

310 4091 650 4167 possibiliter
674 4102 880 4167 autem,
907 4103 1172 4167 quantum
1190 4093 1265 4167 ad
1285 4092 1800 4167 DetuuLintrantem
1829 4093 1882 4167 in
1914 4108 2153 4167 regnum
2174 4095 2459 4167 caelorum.
2491 4091 2814 4167 Quicunque
2838 4091 2968 4167 ergo
2996 4101 3244 4154 iuventus
3272 4099 3438 4156 fuerit
3461 4091 3587 4159 esse

310 4163 585 4225 cantelus,
635 4173 689 4237 e_t
723 4161 1090 4237 quodcunque
1119 4163 1449 4237 intellectum
1480 4161 1643 4237 fuerit
1669 4178 1804 4216 acus
1836 4161 2107 4237 foramen,
2141 4162 2369 4237 intrabit
2399 4179 2494 4232 per
2521 4166 2674 4219 illud.
2717 4161 2856 4221 Puto
2899 4161 3140 4237 gentium
3177 4171 3462 4226 introitum
3527 4175 3584 4229 in

311 4247 546 4302 regnum
578 4230 841 4287 caelorum
871 4230 1165 4288 faciliorem
1198 4232 1483 4287 ostendere
1517 4233 1725 4296 volens,
1756 4248 1921 4302 quam
1949 4230 2260 4302 ludzeorum
2294 4230 2522 4288 divi—tum
2545 4275 2560 4300 ,
2613 4236 2752 4291 hanc
2802 4230 3219 4294 sinﬁlitudiuem
3260 4241 3581 4298 introduxit.

314 4300 609 4373 inquibus
642 4315 821 4357 autem
854 4313 1043 4373 gentes
1072 4303 1392 4357 dicebantur
1420 4317 1706 4373 pauperes,
1738 4300 1793 4356 in
1830 4301 1916 4356 his
1948 4300 2120 4356 Judaei
2152 4303 2346 4357 divites
2380 4313 2556 4360 erant.
2596 4302 2792 4361 Utrum
2841 4318 3021 4362 autem
3067 4309 3413 4365 manifestent
3466 4314 3584 4370 huic

312 4371 458 4427 ﬁnes
484 4374 696 4452 aliquos
719 4371 1019 4452 semiudum
1053 4373 1309 4443 mysteria
1336 4371 1586 4452 quiedam
1616 4372 1948 4427 adducentes
1976 4373 2044 4426 ad
2065 4374 2203 4427 lines
2225 4374 2438 4443 aliquos
2461 4391 2556 4444 per
2579 4379 2843 4446 quasdam
2869 4382 2982 4434 vias
3006 4378 3116 4434 Deo
3142 4382 3241 4434 soli
3265 4382 3578 4452 possibiles,

314 4458 511 4509 necne,
542 4443 799 4497 discutiat
828 4443 919 4512 qui
956 4444 1227 4498 discutere
1255 4451 1450 4512 potest.

388 4512 479 4585 2|.
527 4531 544 4564 ι
578 4512 635 4566 in
677 4514 768 4568 illo
803 4510 1471 4585 tempore,__dixit’Simon
1505 4510 1701 4585 Petrus
1731 4512 1796 4567 ad
1830 4511 2055 4585 Iesum:
2091 4510 2227 4566 Ecce
2261 4529 2359 4585 nos
2392 4514 2711 4584 reliquimus
2741 4517 2947 4585 omnia,
2984 4530 3038 4572 ct
3070 4520 3241 4574 secuti
3285 4537 3476 4577 sumus
3508 4532 3579 4580 te.

314 4580 617 4660 Quidprgo
645 4585 762 4660 erit
783 4580 978 4660 nobis?
1009 4602 1027 4634 ι
1051 4580 1185 4660 _l_ioc
1215 4584 1415 4660 poterit
1437 4584 1561 4660 quis
1581 4580 1914 4660 _simplic_iter
1945 4584 2312 4660 interpretari,
2338 4594 2397 4660 _et
2430 4580 2743 4660 inoraliter.
2791 4589 2895 4655 Qui
2933 4580 3076 4659 ergo
3116 4591 3437 4660 simpliciter
3470 4594 3583 4649 vult

316 4650 800 4731 intelligere,“lalia
835 4653 1017 4731 dicet:
1048 4650 1369 4731 Sicutenim
1402 4650 1624 4707 iu'datis
1670 4650 1775 4707 non
1808 4655 1982 4731 ipsum
2012 4650 2224 4712 datum.
2258 4654 2351 4708 Sed
2388 4653 2639 4709 affectum
2676 4650 2858 4731 dantis
2894 4650 3165 4731 aspiciens
3198 4650 3340 4717 Deus
3370 4661 3579 4731 justiti-

314 4729 428 4795 eat,
464 4730 517 4774 et
547 4722 740 4777 melius
770 4722 998 4795 suscipit
1030 4739 1190 4795 parva
1227 4723 1446 4778 dantem
1481 4738 1605 4777 cum
1634 4722 2093 4795 magnoalfectu,
2141 4739 2306 4792 quam
2350 4740 2545 4794 magna
2589 4743 2654 4781 ex
2699 4728 2893 4783 aflet-tu
2931 4722 3168 4795 modico,
3214 4722 3580 4787 sicut'mani-

316 4791 345 4839 1·
373 4799 517 4843 stum
548 4800 635 4874 est
658 4793 856 4874 .exnhis
877 4791 1011 4874 quae
1032 4791 1357 4874 scribuntur
1400 4803 1619 4863 propter
1664 4791 1788 4874 data
1819 4792 2016 4874 divitis
2066 4791 2367 4874 rliagiia,_et
2415 4791 2525 4874 duo
2560 4798 2786 4874 minuta
2827 4800 3000 4853 viduae
3031 4817 3044 4853 :
3077 4791 3164 4854 sic
3187 4808 3241 4855 et
3267 4802 3322 4874 in
3359 4801 3445 4857 his
3483 4803 3580 4874 qui

313 4871 541 4949 promer
578 4859 672 4949 Dei
712 4859 1051 4945 dilectionem
1086 4864 1370 4919 dimittunt
1397 4859 1521 4946 qua:
1552 4863 1850 4949 possident,
1886 4859 2723 4949 utinsepa—t'labiliter.Christum
2776 4877 3097 4949 sequantur,
3131 4873 3354 4949 _om_nia_
3378 4859 3579 4949 segu'n-

313 4929 447 4984 dum
481 4931 705 4987 verbum
736 4933 857 5002 ejus
884 4945 1125 5004 agentes,
1163 4948 1271 4987 non
1307 4929 1480 5003 magis
1513 4929 1863 5004 acceptabilis
1889 4932 1993 4988 erit
2022 4929 2116 5003 qui
2146 4936 2303 5003 plura
2338 4934 2639 5005 reliquerit,
2678 4952 2744 4992 eo
2778 4929 2872 5009 qui
2920 4929 3093 5008 parva
3111 4940 3401 4999 dimiserit.
3429 4941 3578 5015 Ergo

308 5042 311 5049 ·
387 5025 432 5057 ⁶⁰
469 5022 660 5078 Matth.
692 5039 810 5088 xu,
839 5025 930 5079 27.
1006 5025 1051 5056 ⁷⁸
1091 5022 1281 5078 Matth.
1314 5040 1387 5090 tv,
1418 5025 1505 5090 l9,
1535 5023 1625 5078 20.

696 5211 1063 5338 ,παρίστησι
1116 5255 1326 5338 τετιικά
1377 5253 1890 5338 τιναῃμζυοςτήρια.

316 5328 607 5398 Μυστήρια
633 5327 826 5382 τελικά
853 5330 983 5398 quid
1020 5328 1147 5398 sint,
1178 5329 1299 5398 ipse
1342 5327 1565 5398 exponit
1602 5327 1890 5398 Origenes,

314 5344 607 5478 eius:
633 5344 1893 5478 esset:_Excussisse;uitis:

317 5465 467 5530 baut,
503 5467 639 5521 bona
667 5464 734 5522 ad
766 5468 927 5522 finem
958 5464 1207 5521 ultimum
1238 5466 1573 5535 pertinentia.
1617 5464 1885 5535 Laertius,

316 5535 421 5607 lib.
450 5551 521 5590 vn
540 5535 818 5607 AinAZenon
836 5538 981 5607 εἘτι
1013 5537 1120 5591 τῶν
1146 5530 1365 5606 ἀγαθῶν
1384 5534 1467 5607 7τά
1499 5535 1599 5607 μὲν
1632 5530 1768 5588 εἶναι
1795 5551 1886 5587 τε-

314 5604 463 5671 λικὰ,
496 5605 645 5680 τὰ
672 5604 1556 5680 ποιητικάΩυιε-ειιίιιειηιιιιὶΔείιιι
1588 5605 1882 5680 ipse_dein_-

315 5691 443 5745 ceps
469 5676 703 5745 explicat
737 5695 751 5731 ε
782 5674 1066 5741 etCicero,
1092 5674 1188 5732 lib.
1220 5692 1280 5730 ιιι
1316 5675 1386 5730 De
1412 5675 1561 5745 ﬁnib.
1589 5674 1656 5729 εἰ
1690 5674 1884 5745 Sequi-

316 5754 407 5800 tur
445 5746 532 5800 illa
562 5746 780 5810 divisio,
812 5757 870 5801 ut
908 5748 1177 5802 bonorum
1209 5747 1315 5801 alia
1351 5747 1459 5801 sint
1503 5746 1569 5801 ad
1607 5745 1735 5800 illud
1765 5746 1884 5800 ulti-

1999 5115 2671 5200 euntqr.1_0njgepes,in
2724 5120 2863 5200 mgf.
2910 5124 3238 5200 Iv,_6:K§v
3282 5127 3449 5200 diggév
3493 5131 3576 5184 ία-

1997 5189 2206 5256 τρικοϊς
2251 5186 2308 5241 δὲ
2358 5186 2668 5275 βοηθήμασι
2714 5190 2886 5273 ταιξτα
2938 5186 3162 5276 λέγοιτο⁵
3203 5186 3403 5265 ἀγαθὰ,
3539 5201 3574 5273 ὴ

1997 5255 2378 5322 ἐκλαμϐάνειν,
2399 5274 2480 5311 οτι
2504 5261 2605 5314 οὐκ
2628 5261 2720 5313 επὶ
2741 5261 2930 5316 τελικά
2953 5266 3203 5322 ἰατρικης
3221 5267 3421 5322 ἀγαθά.
3438 5217 3574 5322 ἀλλά

2134 5267 2378 5338 μοάνειν,
2397 5267 2720 5338 δτι-οὐκέτι).
2741 5267 2939 5338 τελικὰ.
2953 5267 3203 5338 ἰατρικῆς
3221 5267 3421 5338 ἀγαθά,
3434 5267 3576 5338 ἀλλᾶ

1997 5326 2287 5413 ποιητικά·
2334 5328 2548 5413 τελικὸν
2708 5333 2849 5384 κατά
2891 5332 2988 5405 τὴν
3033 5326 3281 5409 ἰατρικὴν
3312 5326 3513 5406 ἀγαθὸν
3539 5340 3575 5413 ἡ

1995 5398 2366 5468 τοῦῌσιῦματος
2394 5398 2589 5468 ὑγίεια.
2605 5400 2867 5468 liuentis.

2066 5464 2179 5547 (75)
2198 5464 2285 5520 ἘΙ
2303 5468 2401 5547 καὶ
2421 5464 2603 5537 μικρὰ
2630 5466 2743 5526 οὖν
2768 5472 2863 5525 καὶ
2890 5473 3128 5547 εἰιτελῆ,
3163 5484 3267 5532 etc.
3309 5475 3573 5547 Augusti-

1992 5551 2097 5614 nus
2146 5538 2372 5614 in‘psanl.
2418 5552 2549 5614 ctu,
2596 5538 3159 5614 eooeamicregor.
3212 5538 3467 5602 homil.‘5
3515 5548 3570 5603 in

1993 5605 2272 5686 lgvangel;
2313 5606 2491 5686 Brevis
2547 5613 2837 5679 enarratio,
2884 5605 3286 5685 Chry§ostomo
3344 5617 3569 5686 tributa,

1988 5673 2336 5748 Eutiijinjus.
2370 5677 2445 5730 lu.

2059 5745 2172 5826 (ibi)
2211 5745 2394 5826 (inde:
2436 5747 2638 5826 Regius
2695 5760 2749 5809 et
2795 5752 3126 5826 Anglicanus
3166 5754 3354 5819 αὐτοῦ.
3390 5754 3573 5816 Editio

321 5832 465 5872 mum
516 5816 876 5889 pertinentia;
918 5817 996 5872 sic
1021 5818 1166 5873 enim
1198 5816 1558 5890 appelloquae
1584 5814 1775 5873 τελικά
1799 5816 1883 5873 di-
1993 5813 2174 5874 ﬂuetii
2204 5815 2374 5890 αὐτῷ,
2406 5813 2565 5876 male.
