4032 6308
561 318 705 376 1515

2049 317 2208 373 ORIG
2220 317 2372 372 ENIS

3727 323 3846 379 1516

559 459 589 498 a
626 443 735 496 Deo
767 441 914 512 pax-vi
957 439 1221 494 aestimata
1269 450 1373 489 non
1417 445 1566 498 sunt,
1602 437 1696 508 qui
1747 439 1860 494 haec
1909 453 2004 494 eos
2047 439 2132 494 tali

2249 455 2353 502 σιν,
2380 437 2455 504 ὡς
2478 439 2525 492 εἰ
2548 439 2641 492 καί
2669 440 2962 510 ἐκέκτηντο
2991 438 3160 494 πολλὰ
3186 442 3460 512 κτήματα,
3484 443 3596 496 καὶ
3622 441 3846 496 πλεῖστα

557 536 752 590 affectu
805 533 1002 587 fecisse
1058 529 1424 599 intelligebat,
1472 538 1533 584 ut
1579 531 1626 586 si
1674 531 1922 601 pluribus
1973 531 2139 586 etiam

2245 530 2581 602 ὑπάρχοντα,
2621 531 2695 602 μὴ
2731 532 2797 586 ἂν
2849 533 2942 584 ὑπ’
2989 533 3168 586 αὐτῶν
3211 533 3662 603 κατασχεθῆναι,
3725 536 3846 606 μηδὲ

558 628 788 681 fuissent
825 623 1032 694 praediti
1078 622 1428 679 facultatibus
1457 633 1510 679 et
1552 623 1743 689 bonis,
1783 624 1833 678 id
1866 623 1946 677 cis
1974 637 2132 678 mora!

2242 623 2630 695 έμποδισθῆναι
2655 624 2751 696 τὴν
2779 625 2956 696 ὁρμὴν
2984 623 3314 695 βουλομένην
3334 624 3445 694 (77)
3466 624 3848 696 ἀκολουθῆσαι

555 727 610 771 et
655 715 1046 786 impedimento
1089 716 1512 788 haudquaquam
1571 714 1798 782 fuisset,
1844 717 2141 786 quominus

555 809 863 864 vehementi
928 805 1114 864 Jesum
1187 810 1449 880 sequendi
1510 808 1782 864 desiderio
1854 814 2135 878 parerent;

553 911 718 972 atque
747 902 874 956 huic
909 902 1102 972 opinor
1126 901 1392 957 alacritati
1441 900 1625 972 potius
1654 915 1718 956 ac
1741 901 1945 964 studio,
1975 915 2138 970 quam

553 1008 736 1047 rerum
772 1008 800 1048 a
840 1008 900 1048 se
945 993 1256 1047 relictarum
1298 991 1554 1048 sordibus
1594 993 1864 1048 conlisum
1917 991 2138 1049 Petrum

553 1081 904 1139 dixisselesu
927 1101 940 1138 :
963 1102 981 1135 ‹
1003 1082 1142 1138 Ecce
1165 1100 1266 1139 nos
1293 1084 1615 1155 reliquimus
1643 1085 1850 1150 omnia,
1877 1097 1931 1139 et
1963 1081 2136 1140 secuti

552 1191 745 1232 sumus
768 1186 836 1229 te.
863 1174 1003 1242 Quid
1029 1191 1156 1246 ergo
1187 1175 1506 1231 eritnobis?
1534 1195 1552 1228 ι
1592 1175 1662 1229 At
1695 1191 1819 1230 eum
1859 1190 1966 1230 non
2000 1177 2137 1230 retia

553 1269 766 1333 solum,
824 1267 916 1322 sed
966 1273 1018 1322 et
1067 1266 1291 1322 domum
1355 1264 1644 1338 reliquisse
1694 1267 1992 1322 verisimile
2040 1267 2133 1335 fit,

549 1361 714 1431 683
746 1370 798 1415 et
833 1373 1082 1426 uxorem,
1104 1359 1264 1429 cujus
1295 1368 1469 1415 mater
1501 1358 1627 1415 Jesu
1665 1376 1766 1429 ope
1797 1359 1933 1415 febri
1959 1359 2138 1416 fuerat

550 1453 868 1519 exoluta";
901 1451 1031 1522 quin
1061 1461 1114 1506 et
1137 1450 1341 1506 liberos
1373 1452 1519 1507 hunc
1545 1449 1777 1506 forsitan
1826 1450 2131 1521 reliquisse,

551 1553 608 1598 ct
659 1543 913 1615 exiguam
960 1543 1202 1614 aliquam
1233 1546 1635 1614 possessionem
1693 1543 1889 1614 conjici
1934 1554 2176 1614 potest.’

552 1631 748 1705 Ingens
775 1648 904 1706 ergo
938 1635 1142 1704 aliquid
1173 1635 1239 1689 de
1275 1633 1436 1689 Petro
1465 1635 1747 1706 ipsiusque
1770 1633 1937 1690 fratre
1964 1638 2133 1708 signi-

555 1728 771 1792 ficatur,
822 1727 1090 1797 siquidem
1139 1725 1206 1783 iis
1235 1727 1536 1783 auditis":
1581 1747 1600 1780 ί
1632 1726 1822 1783 Venite
1868 1738 1991 1799 post
2021 1746 2128 1795 me,

2239 715 2319 787 τῷ
2354 716 2550 789 Ἰησοῦ’
2576 717 2671 771 καὶ
2691 717 2928 790 θαρρῶν,
2953 713 3127 788 οἶμαι,
3151 717 3242 770 ἐπὶ
3270 721 3335 788 τῇ
3361 718 3704 790 προαιρέσει
3729 719 3848 788 μᾶ).⁸

2241 809 2330 863 λον
2359 810 2393 881 ἢ
2417 812 2482 881 τῇ
2506 808 2605 881 ὖλῃ
2633 803 2708 864 ὧν
2733 809 3119 863 καταλέλοιπεν
3152 811 3180 862 ὁ
3211 809 3415 881 Πέτρος
3447 813 3845 881 παρρησιασά-

2244 919 2422 973 μενος,
2451 899 2573 955 εἷπε
2616 901 2694 973 τῷ
2744 902 2919 973 Ἰησοῦ
2965 902 3057 955 τόδ
3104 919 3124 952 ι
3184 901 3313 956 Ἰδοὺ
3344 905 3506 973 ἡμεῖς
3535 903 3848 972 ἀφήκαμεν

2241 994 2437 1059 πάντα,
2469 993 2562 1046 καὶ
2588 992 3036 1063 ἠκολουθήσαμέν
3063 1010 3144 1046 σοι
3161 1007 3174 1022 °
3216 992 3268 1044 τί
3295 992 3402 1062 ἄρα
3427 992 3585 1045 ἔσται
3622 993 3797 1062 ἡμίν;
3825 1010 3842 1042 ι

2239 1084 2402 1150 Εἰκὸς
2428 1086 2484 1140 δὲ
2521 1086 2616 1139 καλ⁸
2646 1084 2720 1156 μὴ
2749 1084 2938 1138 δίκτυα
2969 1085 3129 1156 μόνον
3161 1084 3322 1138 αὑτὸν
3358 1084 3846 1148 καταλελοιπέναι,

2239 1177 2374 1232 ἀλλὰ
2412 1177 2506 1231 καὶ
2538 1172 2706 1242 οἷκον,
2744 1178 2838 1230 καὶ
2873 1180 3108 1246 γυναῖκα
3137 1176 3270 1246 (78),
3314 1172 3440 1248 ἧςή
3487 1178 3691 1248 μήτηρ
3726 1178 3842 1230 ἑπι-

2195 1311 2198 1313 .
2241 1270 2464 1334 στάντος
2513 1269 2606 1323 τοῦ
2658 1270 2835 1341 Ἰησοῦ
2882 1269 3226 1341 ἀπήλλακται
3258 1269 3351 1322 τοῦ
3391 1269 3640 1340 πυρετοῦ
3666 1285 3681 1298 ·
3725 1286 3844 1322 crto-

2239 1361 2464 1432 χάσαιτο
2495 1361 2540 1413 δ’
2568 1360 2633 1414 ἄν
2671 1378 2774 1425 τις,
2822 1361 2903 1414 ὃτι
2933 1359 3163 1414 δυνατὸν
3200 1361 3292 1412 καὶ
3324 1359 3490 1412 τέκνα
3527 1357 3707 1413 αὐτὸν
3746 1378 3838 1411 xa-

2236 1449 2610 1503 ταλελοιπέναι
2657 1450 2788 1520 (79),
2824 1451 2925 1502 οὐκ
2969 1447 3228 1502 ἀδύνατον
3257 1449 3313 1501 δὲ
3360 1449 3456 1502 καί⁷
3485 1449 3695 1519 κτῆσίν
3725 1466 3841 1502 τινα

2238 1542 2516 1615 βραχεῖαν.
2557 1543 2716 1612 Μέγα
2754 1539 2847 1596 οὖν
2887 1541 3141 1613 δηλοῦται
3188 1541 3315 1612 περί
3348 1539 3442 1594 τοῦ
3475 1541 3704 1611 Πέτρου
3749 1542 3837 1592 καὶ

2235 1633 2328 1687 τοῦ
2361 1633 2590 1702 ἀδελφοῦ
2624 1633 2810 1698 αύτοῢ,
2847 1634 3078 1704 ἐπείπερ
3110 1631 3437 1696 ἀκούσαντες
3469 1632 3568 1684 τόο
3616 1651 3635 1680 ι
3679 1630 3837 1682 Δεῦτε

2236 1725 2574 1778 ἀκολουθεῖτέ
2601 1743 2708 1795 μοι,
2733 1726 2826 1778 καὶ
2855 1729 3064 1796 ποιήσω
3084 1726 3229 1795 ὑμᾶς
3251 1722 3421 1787 ἁλιεῖς
3444 1724 3543 1778 ἀνθ
3555 1722 3784 1794 ρώπων,
3815 1742 3830 1773 ι

554 1829 607 1873 et
661 1818 857 1873 faciam
905 1831 1002 1872 ves
1048 1819 1161 1874 fieri
1218 1819 1521 1889 piscatores
1564 1821 1886 1886 hominum,
1919 1841 1937 1873 ι
1995 1822 2128 1876 nihil

2242 1816 2404 1887 μηδὲν
2421 1794 2865 1886 ἀναϐαλλόμενοι,
2896 1835 2913 1866 ι
2942 1794 3143 1878 εὐθέως
3161 1814 3389 1883 ἀφέντες
3409 1814 3474 1866 τὰ
3490 1814 3697 1866 δίκτυα
3716 1814 3839 1880 ἠκο-

553 1911 829 1975 ennctatl,
884 1909 1187 1965 «continuo
1243 1910 1450 1965 relictis
1516 1911 1726 1967 retibus
1776 1912 1948 1967 Secuti
2005 1923 2134 1968 sunt

551 2017 710 2067 eum;
748 2021 765 2052 ι
805 2014 929 2055 cum
959 2014 1064 2056 non
1091 2001 1232 2057 idem
1261 2003 1500 2074 egissent
1533 2021 1599 2059 ac
1633 2002 1722 2060 ille
1751 2005 1844 2074 qui
1881 2007 2017 2061 dixit
2042 2007 2128 2061 7‘:

558 2111 578 2144 ι
607 2092 676 2146 At
709 2093 943 2163 primum
983 2095 1232 2162 permitte
1281 2095 1450 2160 mihi,
1493 2104 1553 2149 ut
1587 2095 1639 2150 in
1676 2095 1898 2150 domum
1952 2113 2128 2153 meam

551 2185 776 2250 abeam,
828 2196 881 2240 et
911 2186 1218 2241 renuntiem
1259 2186 1341 2243 his
1379 2203 1503 2258 quae
1533 2188 1680 2244 domi
1724 2204 1860 2244 meae
1905 2199 2072 2258 sunt;
2105 2211 2124 2243 ι

552 2289 654 2332 nec
681 2276 787 2332 tale
802 2278 933 2348 quid
964 2277 1222 2335 fecissent
1246 2295 1309 2336 ac
1329 2281 1424 2352 qui
1449 2280 1646 2336 dixit"
1668 2300 1681 2336 :
1703 2300 1721 2333 ι
1760 2279 2017 2337 Permitte
2043 2299 2128 2337 me

551 2369 787 2440 primum
828 2370 929 2435 ire,
969 2380 1025 2426 et
1074 2372 1304 2443 sepelire
1347 2383 1555 2443 patrem
1598 2389 1804 2429 meum.
1834 2393 1852 2426 ι
1889 2375 1967 2430 Ac
1999 2375 2129 2429 illud

551 2459 840 2532 diligenter
893 2463 1146 2531 observa,
1195 2479 1293 2520 eos
1339 2481 1446 2520 non
1488 2465 1834 2521 mediocriter
1874 2467 2131 2521 mandato

550 2548 700 2615 Jesu,
733 2554 1018 2624 ipsiusque
1049 2555 1440 2625 pollicitatione
1474 2557 1776 2627 perculsos,
1808 2567 1970 2628 atque
1998 2559 2131 2614 illud

550 2643 837 2701 credentes
867 2645 1132 2710 futurum,
1158 2656 1214 2703 ut
1244 2647 1440 2718 exiguo
1463 2649 1568 2704 hoc
1588 2649 1882 2718 piscatorio
1917 2659 2130 2721 quaestu

552 2736 777 2801 relicto,
829 2736 1080 2792 homines
1122 2736 1188 2791 ad
1238 2737 1468 2792 salutem
1505 2748 1824 2808 captarent,
1873 2755 1939 2795 ac
1987 2740 2131 2796 velut

551 2847 843 2905 percussos
887 2849 952 2889 ca
994 2849 1090 2904 spe
1145 2829 1249 2890 sibi
1278 2835 1347 2889 ab
1381 2833 1474 2890 illo
1508 2832 1684 2902 facta,
1732 2833 1892 2904 Jesu,
1947 2835 2129 2890 homi-

554 2924 826 2994 nibusque
867 2924 1252 2990 ministrandi,
1303 2925 1434 2980 dum
1483 2925 1733 2982 homines
1766 2925 2128 2997 piscarentur,

558 3033 578 3066 ι
615 3015 879 3070 continuo
921 3015 1124 3072 relictis
1174 3017 1418 3086 retibus;
1451 3037 1470 3071 ι
1509 3027 1563 3074 et
1593 3034 1782 3074 eorum
1825 3035 1947 3090 qua:
1981 3019 2128 3074 domi

549 3104 909 3174 possidebant
942 3107 1144 3162 oblitos
1165 3148 1179 3173 ,
1211 3125 1230 3159 ι
1255 3117 1472 3164 secutos
1504 3121 1625 3164 esse
1660 3124 1786 3164 eum
1808 3150 1822 3173 ,
1849 3128 1868 3161 ι
1907 3109 2044 3164 adeo
2072 3119 2131 3165 ut

553 3195 849 3262 repentium
865 3197 1028 3267 hujus
1050 3199 1346 3254 voluntatis
1360 3199 1624 3256 beneﬁcio
1640 3201 1838 3271 dignus
1861 3204 2132 3260 exstiterit

553 3281 774 3355 Petrus,
808 3287 902 3357 qui
931 3304 1051 3343 sese
1092 3288 1326 3356 eﬂerret,
1357 3300 1412 3346 et
1441 3307 1562 3362 quae
1596 3307 1760 3362 supra
1795 3308 2130 3350 commemo-

553 3386 678 3432 rata
715 3387 864 3443 sunt,
895 3378 1150 3449 jactaret.
1177 3378 1352 3436 Simul
1385 3383 1551 3438 etiam
1587 3383 2127 3440 animadvertendum

551 3477 637 3522 cst
665 3469 717 3523 id
741 3469 946 3526 dixisse
991 3469 1234 3540 Petrum,
1273 3489 1396 3529 cum
1433 3475 1753 3531 attendisset
1799 3477 2016 3547 quidem
2063 3476 2129 3534 ad

554 3559 695 3613 hanc
742 3559 834 3615 Dei
891 3562 1248 3619 orationem"
1289 3581 1303 3618 :
1344 3581 1362 3617 ι
1411 3563 1469 3619 Si
1513 3567 1595 3622 vis
1645 3567 1917 3638 perfectus
1969 3585 2128 3636 esse,

549 3653 706 3716 vade,
745 3655 918 3709 vende
951 3672 1073 3726 qua:
1100 3656 1292 3723 habes,
1317 3666 1372 3712 et
1400 3658 1468 3712 da
1501 3660 1854 3729 pauperibus,
1879 3669 1934 3715 et
1963 3661 2130 3716 hahe-

553 3744 638 3799 his
676 3748 1000 3802 thesaurum
1049 3749 1102 3802 in
1154 3751 1326 3816 coelo,
1371 3759 1426 3804 et
1473 3751 1630 3816 veni,
1674 3765 1902 3820 sequere
1947 3768 2067 3817 me;
2104 3773 2122 3804 ι

549 3835 950 3893 adolescentem
1001 3849 1184 3894 autem
1222 3841 1318 3911 qui
1351 3840 1404 3896 id
1433 3840 1697 3907 audierat,
1737 3857 1862 3897 eum
1897 3858 2129 3897 llltBl‘Ot'e

549 3925 837 3982 abeuntem
890 3931 1304 4000 perspexisset,
1358 3932 1620 4004 quoniam
1676 3941 1921 3988 terrenas
1979 3949 2120 3989 com-

2238 1906 2505 1980 λούθησαν
2573 1905 2757 1976 αύτῷ,
2801 1927 2818 1958 ι
2856 1906 2915 1959 ού
2992 1905 3362 1976 μιμησάμενοι
3427 1903 3521 1956 τὸν
3572 1903 3831 1956 εἰπόντα·

2244 2017 2263 2052 ι
2332 1997 2494 2051 Ἀλλὰ
2541 1994 2757 2070 πρῶτον
2809 1996 3100 2068 ἐπίτρεψόν
3159 2014 3248 2066 μοι
3284 1997 3362 2059 εἰς
3399 1996 3490 2048 τὸν
3540 1993 3701 2048 οἶκόν
3739 2011 3834 2064 μου

2238 2090 2512 2153 ἀπελθεῖν,
2545 2090 2639 2142 καὶ
2672 2088 3042 2153 ἀποτάξασθαι
3073 2091 3183 2151 τοῖς
3212 2090 3291 2150 εἰς
3322 2086 3413 2140 τὸν
3445 2083 3600 2140 οἶκόν
3631 2101 3770 2156 μου’
3811 2104 3827 2136 ι

2237 2183 2358 2236 οὐδὲ
2392 2181 2771 2254 παραπλήσιόν
2794 2199 2848 2234 τι
2875 2183 3198 2251 ποιήσαντες
3230 2178 3308 2248 τῷ
3335 2178 3569 2246 λέγοντι·
3613 2199 3632 2230 ι
3689 2177 3834 2230 Ἐπί-

2237 2273 2434 2346 τρεψόν
2476 2291 2565 2344 μοι
2602 2273 2818 2347 πρῶτον
2850 2271 3124 2338 ἀπελθεῖν,
3156 2275 3252 2327 καὶ
3283 2273 3448 2343 θάψαι
3476 2273 3573 2326 τὸν
3616 2271 3829 2340 πατέρα

2241 2384 2364 2439 μου.
2410 2384 2428 2419 ι
2465 2368 2576 2421 Καὶ
2617 2367 2849 2439 πρόσχες
2895 2367 3190 2438 ἐπιμελῶς,
3229 2368 3310 2420 ὅτι
3343 2366 3648 2434 ἀξιολόγως
3692 2363 3829 2434 πλη-

2237 2461 2426 2530 γέντες
2451 2459 2556 2513 ὑπὸ
2582 2460 2681 2531 τῆς
2709 2459 3054 2530 προστάξεως
3076 2459 3170 2512 τοῦ
3209 2457 3382 2529 Ἰησοῦ
3409 2459 3503 2511 καὶ
3523 2457 3627 2527 τῆς
3660 2457 3828 2521 ἐπαγ-

2237 2552 2425 2622 γελίας
2455 2550 2641 2615 αὑτοῦ,
2681 2552 2776 2604 καί
2799 2550 3208 2613 πιστεύσαντες,
3233 2551 3334 2615 ὅτι,
3364 2549 3550 2616 ὀλίγην
3587 2549 3825 2600 ἁλιευτι-

2239 2644 2341 2716 κὴν
2391 2643 2782 2706 καταλιπόντες
2830 2641 2931 2714 τὴν
2976 2643 3193 2714 ἰχθύων,
3236 2641 3554 2713 ἀνθρώπους
3601 2638 3825 2710 ἔμελλον

2239 2731 2492 2803 ἀγρεύειν
2531 2733 2668 2805 πρὸς
2711 2732 3002 2804 σωτηρίαν,
3036 2734 3132 2786 καὶ
3178 2733 3338 2786 οἰονεί
3383 2731 3691 2803 τρωθέντες
3724 2727 3827 2782 ύπὸ

2237 2841 2296 2879 τε
2327 2826 2407 2890 εἰς
2433 2823 2525 2879 τὸν
2562 2824 2770 2896 Ἰησοῦν
2801 2825 2893 2877 καί
2922 2820 2990 2896 ἦς
3022 2825 3388 2896 ἐπηγγείλατο
3426 2824 3612 2886 αὐτοῖς
3640 2823 3822 2875 διακο-

2238 2916 2357 2982 νίας
2389 2914 2793 2987 φιλανθρώπου,
2841 2915 3120 2986 μέλλουσιν
3176 2913 3492 2986 ἀνθρώπους
3545 2913 3815 2985 θηρεύειν,

2243 3029 2261 3063 ι
2303 3009 2505 3073 εὐθέως
2537 3009 2765 3079 ἀφέντες
2793 3008 2862 3060 τὰ
2894 3009 3104 3071 δίκτυα,
3145 3027 3164 3058 ι
3214 3009 3306 3061 καὶ
3348 3007 3585 3078 ὡσπερεὶ
3623 3005 3809 3060 ἐπιλα-

2239 3102 2453 3175 θόμενοι
2491 3100 2601 3155 τῶν
2632 3103 2793 3164 οἴκοι,
2834 3121 2852 3152 ι
2896 3100 3269 3172 ἠκολούθησαν
3300 3101 3468 3171 αύτῷ,
3512 3120 3530 3153 ι
3566 3101 3639 3164 ὡς
3672 3099 3818 3162 ἄξιον

2237 3195 2515 3266 γεγονέναι
2549 3194 2634 3248 ἐπ’
2685 3195 2866 3265 ἐκείνῃ
2909 3197 2975 3266 τῇ
3015 3195 3159 3265 ὁρμῇ
3191 3194 3282 3248 τὸν
3315 3194 3521 3264 Πέτρον
3553 3192 3818 3264 σεμνύνα-

2238 3291 2383 3356 σθαι,
2411 3293 2505 3345 καὶ
2531 3290 2809 3364 εἰρηκέναι
2837 3290 2898 3343 τὸ
2933 3290 3349 3362 προειρημένον.
3381 3291 3445 3341 Ἀ
3457 3308 3532 3360 μα
3557 3288 3616 3341 δὲ
3643 3303 3820 3359 παρα·

2235 3381 2520 3453 τηρητέον,
2565 3381 2646 3434 ὅτι
2697 3378 2854 3432 τοῦτο
2903 3379 3122 3450 εἴρηκεν
3166 3381 3194 3432 ὁ
3231 3379 3436 3450 Πέτρος
3479 3380 3820 3448 κατανοήσας

2241 3474 2338 3545 μὲν
2370 3472 2488 3545 τὴν,
2526 3490 2544 3524 ι
2588 3473 2649 3525 Εἰ
2686 3470 2858 3534 θέλεις
2890 3471 3093 3534 τέλειος
3127 3467 3285 3533 εἶναι,
3326 3491 3344 3522 ι
3382 3471 3679 3542 εἰρημένην
3719 3465 3823 3521 ὑπὸ

2236 3567 2330 3621 τοῦ
2373 3567 2549 3638 Ἰησοῦ
2580 3566 2783 3635 φωνὴν,
2834 3583 2852 3616 ι
2901 3564 3099 3633 ὕπαγε,
3138 3564 3386 3636 πώλησόν
3421 3581 3512 3617 σου
3553 3564 3620 3618 τὰ
3647 3563 3822 3632 ύπάρσ

2237 3678 2418 3731 χοντα,
2456 3661 2548 3713 καὶ
2585 3661 2672 3722 δὸς
2712 3661 2964 3729 πτωχοῖς,
2998 3659 3091 3711 καὶ
3130 3657 3275 3724 ’έξεις
3317 3657 3588 3729 θησαυρὸν
3618 3659 3676 3709 ἐν
3726 3655 3818 3708 ού-

2239 3750 2403 3822 ρανῷ,
2445 3751 2537 3804 καὶ
2568 3750 2758 3822 δεῦρο,
2802 3751 3083 3805 ἀκολούθει
3130 3767 3251 3820 μοι·
3312 3768 3330 3800 ι
3385 3749 3715 3818 θεασάμενος
3761 3743 3818 3798 δὲ

2237 3842 2330 3894 καὶ
2374 3842 2465 3894 τὸν
2505 3842 2811 3896 ἀκούσαντα
2860 3841 3140 3895 νεανίσκον
3177 3842 3273 3894 καὶ
3316 3838 3455 3910 μετὰ
3491 3839 3665 3909 λύπης
3714 3840 3819 3892 ἀπο

2235 3934 2547 4002 εληλυθὸτα,
2601 3935 2831 4006 ἐπείπερ
2863 3933 3217 4004 προκεκρίκει
3267 3933 3334 3986 τὰ
3373 3931 3544 3986 πολλὰ
3588 3934 3678 3986 ἐπὶ
3719 3931 3816 4000 τῆς

1769 4046 1952 4103 YETU
1965 4049 2001 4102 S
2035 4047 2241 4101 INTER
2253 4046 2616 4102 PilETATlO.

551 4167 608 4234 et
635 4156 680 4234 si
718 4159 966 4234 minima,
1001 4171 1055 4216 et
1082 4162 1510 4234 contemptibilia
1539 4161 1733 4218 Petrus
1776 4179 1896 4218 cum
1932 4163 2098 4220 fratre
2131 4179 2230 4219 suo
2269 4165 2506 4234 reliquit,
2559 4165 2779 4234 quando
2810 4164 3092 4218 audientes
3121 4183 3133 4218 :
3174 4181 3193 4214 ι
3230 4161 3420 4216 Venite
3457 4171 3575 4231 post
3606 4179 3708 4234 me,
3757 4170 3810 4215 et

553 4228 765 4300 faciant
785 4247 882 4285 vos
909 4233 1212 4300 piscatores
1248 4228 1554 4295 hominum,
1594 4235 1776 4288 statim
1811 4235 2014 4290 relictis
2049 4237 2254 4290 retibus
2290 4228 2460 4289 secuti
2492 4228 2619 4288 Sunt
2641 4251 2787 4297 eum,
2823 4254 2840 4284 ι
2872 4236 2963 4288 sed
2994 4251 3099 4289 non
3134 4235 3350 4287 minima
3388 4228 3513 4284 sunt
3540 4233 3807 4284 aestimata

551 4300 698 4374 apud
740 4295 1406 4374 Deurn',_considerantem
1435 4304 1692 4372 quoniam
1725 4319 1787 4374 ex
1823 4312 1970 4358 tanta
2007 4305 2340 4374 plenitudine
2366 4305 2675 4360 dilectionis
2705 4295 2792 4358 illa
2823 4304 3048 4358 minima
3091 4305 3437 4373 reliquerunt,
3469 4310 3525 4374 ut
3561 4303 3719 4374 etiam
3755 4302 3803 4354 si

555 4369 756 4444 multas
802 4370 1122 4444 habuissent
1161 4369 1558 4444 possessiones,
1604 4373 1788 4444 omnia
1834 4377 1951 4428 sine
1997 4369 2162 4444 dubio
2210 4376 2582 4444 reliquissent,
2616 4390 2715 4429 nec
2748 4375 2817 4428 ah
2859 4375 3093 4444 eisgnllo
3124 4369 3280 4427 modo
3307 4373 3518 4444 __reteuti
3555 4371 3804 4434 fuissent,

552 4438 924 4514 autimpediti
957 4441 1024 4514 ab
1059 4438 1263 4509 impetu
1290 4441 1598 4514 dilectionis
1632 4442 1966 4514 huiusmodi.
2003 4443 2065 4496 Et
2099 4453 2229 4511 puto
2257 4438 2413 4514 quod
2433 4445 2606 4514 magis
2633 4445 2910 4499 conlidens
2940 4442 3134 4498 Petrus
3161 4445 3225 4499 de
3265 4440 3454 4496 aﬂ‘cetu
3477 4457 3610 4514 suo.
3641 4455 3806 4510 quam

558 4508 778 4584 deipsa
809 4508 1329 4584 quantitate'rerunj
1371 4508 1718 4574 relictarum,
1743 4512 2065 4567 liducialitcr
2092 4508 2230 4584 dixit
2259 4508 2289 4568 ε’
2327 4534 2344 4564 ι
2377 4508 2646 4569 Εοοιξίιοε
2675 4514 2996 4584 reliquimus
3025 4515 3206 4567 omnia
3238 4523 3291 4566 et
3319 4513 3488 4584 secuti
3516 4508 3703 4584 sumus
3733 4520 3807 4564 te.

552 4576 692 4642 Quid
720 4576 850 4654 ergo
878 4580 980 4633 erit
1011 4578 1208 4654 nobis?
1239 4597 1257 4630 ι
1287 4579 1643 4654 consequens
1675 4591 1755 4634 est
1793 4593 1970 4654 autem
2018 4583 2242 4648 sentire,
2295 4586 2552 4654 quoniam
2597 4600 2704 4638 nou
2756 4576 2931 4654 solum
2981 4584 3134 4644 retia.
3174 4584 3266 4639 sed
3299 4583 3461 4654 etiam
3492 4583 3716 4654 domum
3757 4587 3811 4634 et

553 4662 802 4724 uxorenL
810 4647 948 4703 forte
979 4649 1219 4724 reliquit,
1267 4658 1318 4703 et
1351 4647 1511 4724 filios,
1543 4657 1597 4704 et
1629 4653 2007 4724 possessiones
2056 4647 2342 4724 quasdani
2369 4655 2470 4708 etsi
2529 4669 2746 4723 parvas.
2789 4653 3042 4724 Magnum
3073 4669 3204 4722 ergo
3238 4653 3443 4721 aliquid
3473 4652 3808 4724 demonstra-

551 4727 644 4771 tur
674 4718 740 4770 de
767 4716 949 4794 Petro,
981 4727 1033 4773 ct
1166 4717 1332 4774 fratre
1362 4719 1555 4794 ipsius,
1591 4716 1846 4794 quoniam
1888 4716 2171 4794 audientes
2199 4741 2210 4776 :
2244 4741 2269 4794 ι
2307 4722 2492 4778 Venite
2524 4716 2647 4794 post
2692 4739 2800 4786 me,
2833 4716 2907 4777 et'
2929 4716 3262 4778 faciam'vos
3305 4716 3604 4794 piscatores
3637 4721 3810 4794 bomi-f

551 4801 708 4862 num,
756 4805 774 4837 ι
813 4789 949 4842 nihil
988 4789 1304 4862 cogitantes
1337 4808 1355 4841 ι
1388 4789 1579 4844 Statim
1608 4789 1816 4862 relictis
1847 4793 2053 4846 retibus
2083 4793 2254 4847 secuti
2283 4802 2411 4848 sunt
2435 4789 2582 4859 eum,
2618 4813 2636 4846 ι
2667 4809 2765 4848 nec
2795 4804 2922 4848 sunt
2960 4794 3150 4848 imitati
3185 4789 3425 4862 eum—qni
3450 4793 3623 4846 dixit:
3654 4810 3673 4842 ι
3705 4789 3808 4843 Sed

548 4856 787 4936 primum
830 4856 1234 4936 permitte—mihi
1259 4860 1338 4915 ire
1357 4869 1412 4914 et
1444 4861 1760 4936 renuntiare
1796 4862 1878 4916 eis
1905 4863 1998 4930 qui
2025 4871 2152 4916 sunt
2178 4865 2232 4916 in
2275 4866 2470 4936 domo;
2504 4856 2657 4936 inec
2693 4865 2868 4918 simile
2899 4865 3099 4932 aliquid
3133 4856 3380 4936 fecerunt
3407 4863 3455 4936 ei
3498 4862 3588 4932 qui
3628 4861 3806 4936 dixit:

557 4923 1040 5006 iPermitt'e‘mihi
1095 4934 1331 4999 primum
1381 4939 1443 4984 ut
1493 4923 2009 5006 sepeliant_pat_retn
2065 4948 2267 5006 meum.
2305 4953 2324 4985 ι
2367 4923 2765 5000 ΕιίΙὶΙὶςοηιετ
2817 4923 3081 5006 attende,
3125 4935 3384 5004 quoniam
3431 4923 3810 5006 honestissime

547 4997 798 5074 percussi
834 4997 1037 5074 Christi
1085 4997 1376 5074 praecepto,
1424 5009 1478 5056 et
1531 4997 1990 5074 promissiouibus
2033 5004 2174 5071 ejus,
2206 5013 2261 5058 et
2302 4997 2587 5060 credentes
2625 5006 2884 5074 quoniam
2941 4997 3208 5057 modicam
3261 5017 3540 5074 capturam
3582 5003 3809 5068 piscium

550 5063 945 5146 relinquentes,
995 5063 1938 5146 homines'piscaturifuerantad
1991 5063 2259 5146 salutent,
2298 5063 2734 5146 statimgrelietis
2785 5076 3022 5146 retibus,
3065 5083 3118 5146 et
3169 5063 3342 5143 quasi
3382 5073 3535 5146 obliti
3582 5063 3806 5146 suorum

549 5140 836 5204 omnium,
869 5140 1043 5193 secuti
1093 5147 1226 5195 sunt
1274 5157 1400 5195 eum
1439 5151 1494 5197 ut
1541 5142 1690 5212 digiti
1720 5142 2025 5197 eﬂiciantur
2061 5144 2163 5197 hac
2199 5144 2647 5214 interrogatione,
2691 5161 2855 5215 quam
2905 5145 3030 5198 fecit
3067 5140 3294 5199 dicens:
3329 5161 3347 5194 ι
3379 5141 3518 5196 Ecce
3549 5156 3651 5195 nos
3685 5140 3808 5194 reli-

620 5229 668 5263 "
707 5230 900 5287 Matth.
930 5246 1051 5299 vm,
1084 5235 1171 5290 14.
1247 5237 1292 5268 ⁷³
1331 5235 1522 5290 Matth.
1555 5251 1628 5300 tv,
1669 5232 1756 5301 19,
1791 5234 1882 5288 20.
1957 5237 2003 5268 ’³
2044 5234 2178 5292 Luc.
2217 5253 2293 5301 tx,
2326 5237 2415 5291 6|.

649 5325 737 5401 2:7)
773 5328 1190 5401 paeleum»an
1223 5329 1384 5385 Forte
1414 5329 1695 5401 legendum
1731 5329 2091 5401 βουλομένων;

649 5327 716 5378 77
773 5328 1180 5398 Βουλομένην.
1223 5329 1384 5385 Forte
1414 5329 1695 5397 legendum
1731 5329 2091 5400 βουλοιιένωνε

648 5327 737 5468 Ἱεζ
785 5398 961 5452 Ἀλλὰ
993 5401 1092 5454 καὶ
1126 5397 1313 5466 οἷκον,
1349 5401 1447 5453 καὶ
1479 5399 1752 5470 ῃοναῖκα.
1773 5399 1864 5454 Vel
1894 5379 2128 5454 .uxorem

549 5462 724 5537 igitur
749 5482 857 5522 non
891 5471 1134 5533 retinuit,
1187 5471 1267 5524 vel
1298 5462 1342 5526 si
1369 5462 1514 5534 eam'.
1548 5471 1936 5534 circumduxit,
1973 5480 2028 5523 ut
2063 5485 2130 5524 ex

2494 5237 2541 5268 ⁷⁵
2582 5237 2713 5291 ibid.
2743 5239 2832 5293 59.

2236 5330 2487 5402 Clemens
2537 5331 3085 5402 Alexandrinus,lib.
3117 5345 3173 5382 ιιι
3210 5328 3432 5394 Strom.,
3461 5337 3516 5382 et
3548 5327 3806 5402 Hierony-

2229 5413 2376 5464 mus,
2412 5401 2505 5454 lib.
2537 5416 2551 5453 ι
2583 5402 2634 5454 in
2667 5399 2938 5454 Jormian.
2971 5400 3228 5454 Hunnus.

2299 5471 2409 5542 (i9)
2450 5473 2557 5525 Kal
2591 5468 2787 5542 ,τέκνα
2831 5471 3018 5542 αὑτὸν
3062 5466 3580 5542 καταρζελοιπέέναι.
3623 5467 3806 5542 Petro-

2913 5238 2959 5268 ⁷⁸
2999 5236 3189 5290 Matth.
3227 5252 3344 5303 xu,
3367 5237 3459 5290 21.

552 5534 736 5611 ι’(ξον.
784 5553 862 5601 ιι,
893 5540 948 5602 5,
991 5539 1325 5596 concludunt
1357 5540 1624 5604 nonnulli,
1657 5555 1764 5595 non
1795 5549 1854 5594 ut
1880 5555 2128 5603 uxorem,
2227 5534 2412 5594 nillani
2436 5556 2564 5608 ergo
2589 5541 2875 5611 ignorabat
2899 5540 3277 5611 Origenes,7de
3306 5555 3413 5608 qua
3442 5541 3804 5609 Augustinus,

554 5605 650 5679 sed
676 5612 932 5679 tanquam
967 5626 1238 5679 sororem,
1266 5625 1360 5666 seu
1394 5612 1764 5675 συνείσακτον,
1789 5626 1885 5665 seu
1917 5612 2132 5678 ἀγαπη-

551 5673 654 5742 τήν
679 5673 950 5753 (εὶοίεειίιη
972 5673 1238 5753 ⁸ιιιιιίξθινξεζ
1273 5681 1377 5753 illae
1401 5673 1857 5753 appellabantur),
1882 5673 2132 5753 abdicato

556 5745 706 5797 enim
736 5745 1008 5815 coniugali
1035 5748 1234 5820 ofﬁcio,
1268 5745 1508 5805 retinuit.
1544 5749 1598 5806 Id
1639 5745 1898 5820 praeclare
1938 5749 2130 5806 astruit

2229 5621 2415 5664 contra
2441 5610 2806 5681 Adimantum,
2844 5625 2894 5665 c.
2928 5610 3014 5674 17,
3045 5626 3109 5665 ex
3148 5610 3287 5663 libro
3317 5612 3808 5681 quodarn_apoery-

2230 5681 2359 5804 Rho,
2408 5681 2501 5751 qui
2552 5680 2786 5762 fortasse
2827 5695 2896 5734 an
2927 5681 3154 5750 cpistola
3185 5686 3268 5735 est
3293 5678 3805 5761 pSeudooblarce-lli;

2259 5750 2682 5804 iartvroloatum
2715 5749 3044 5804 Romanum.
3081 5748 3364 5804 Usuardus
3393 5760 3444 5804 et
3473 5751 3590 5804 aln.
3615 5751 3690 5804 In.

2259 5748 2682 5823 tartyrologium
2715 5748 3044 5821 Romanum,
3081 5748 3364 5808 Usuardus
3393 5760 3444 5805 et
3473 5750 3590 5805 alii.
3615 5751 3690 5805 In.
