4032 6308
507 373 650 431 1319

1949 358 2109 417 ORIG
2118 358 2271 415 ENIS

3638 366 3776 424 1320

506 503 560 549 et
580 502 849 563 quatenus
874 487 1163 551 veritas,et
1191 491 1463 555 quatenus
1480 483 1566 539 via
1598 483 1667 541 ad
1691 483 1858 539 Deum
1882 481 2080 547 ferens,

2188 481 2281 536 τοῦ
2313 481 2671 551 ἀγωνοθέτου,
2705 484 2755 535 εἱ
2787 480 2940 553 τύχοι
2974 481 3047 557 μὴ
3079 482 3439 553 ἐπιστάμενος
3466 483 3534 537 τὰ
3573 484 3667 538 ἐπὶ
3693 484 3774 557 τῷ

505 594 561 639 et
589 591 857 653 quatenus
888 591 1012 632 vera
1048 577 1177 629 vita.
1213 574 1418 631 Idcirco
1458 574 1914 645 quemadmodum
1958 581 2083 643 post

507 684 784 730 certamen
820 669 989 739 pugil,
1016 667 1064 722 si
1101 667 1241 721 forte
1269 682 1390 736 qua-
1410 667 1630 736 praemia
1664 666 1927 720 victorem
1962 678 2078 718 ma-

507 771 695 821 neant,
730 761 964 829 ignorat,
992 758 1373 828 agonothetam
1399 758 1734 827 interrogat;
1763 756 1835 810 ita
1868 756 2030 811 rebus
2050 770 2081 810 a

509 872 569 912 se
610 854 867 925 praeclare
910 851 1074 922 gestis
1110 849 1350 905 conlisus
1396 848 1738 904 Servatorem
1787 856 2082 919 perconta-

507 957 595 1000 tur
615 944 662 977 ⁸⁵
683 960 696 999 :
724 942 891 1010 «Quid
919 957 1047 1011 ergo
1066 941 1170 995 erit
1189 941 1382 995 nobis?
1403 959 1421 992 ι
1442 938 1569 995 Etsi
1586 955 1906 1009 responsum
1922 938 2082 992 Petro

505 1039 716 1100 datum,
752 1034 1035 1104 ipsiusque
1079 1033 1560 1103 interrogationem
1589 1047 1691 1087 nos
1734 1031 1837 1101 ipsi
1879 1029 2082 1085 referre

504 1128 757 1193 velimus,
785 1125 950 1197 685
976 1126 1160 1179 omnia
1189 1124 1375 1179 itidem
1407 1123 1798 1192 relinquamus,
1827 1137 1934 1176 non
1965 1136 2083 1175 am-

505 1219 652 1289 plius
686 1217 964 1287 nequiti:e,
1000 1215 1281 1284 ipsiusque
1331 1213 1588 1284 operibus
1636 1213 1992 1277 adhaerentes,
2029 1221 2084 1267 et

504 1308 732 1364 verbum
802 1306 897 1362 Dei
941 1320 1274 1376 sequamur,
1320 1312 1382 1359 ut
1424 1304 1601 1367 nobis,
1663 1304 1885 1374 suisque
1931 1318 2083 1360 asse-

504 1401 604 1455 clis
630 1397 887 1454 omnibus
919 1412 981 1452 ea
1031 1397 1178 1450 dicat
1202 1411 1325 1466 qua:
1375 1395 1777 1451 subnectuntur
1827 1395 1911 1449 his
1954 1410 2082 1449 ver-

504 1491 589 1546 bis
619 1490 662 1522 ⁸¹
696 1508 711 1544 :
746 1508 765 1541 Ι
810 1487 970 1543 Iesus
992 1496 1173 1541 autem
1206 1486 1344 1540 dixit
1372 1486 1481 1542 illis
1514 1504 1528 1539 :
1560 1486 1733 1541 Amen
1759 1486 1880 1541 dico
1908 1487 2079 1550 vobis,

503 1579 648 1650 quod
677 1595 775 1634 vos
812 1578 906 1648 qui
955 1577 1125 1632 secuti
1169 1575 1301 1631 estis
1349 1591 1454 1639 me,
1519 1595 1538 1628 ι
1598 1584 1653 1630 et
1699 1577 1928 1645 reliqua,
1961 1592 2083 1646 quae

504 1669 894 1739 simpliciorem
948 1675 1002 1721 et
1049 1666 1165 1736 ipsa
1213 1667 1491 1722 continent
1522 1668 1866 1734 sententiam,
1897 1670 1963 1723 ad
1996 1686 2084 1723 re-

504 1758 796 1829 linquenda
817 1757 962 1811 bona
992 1771 1092 1811 nos
1123 1757 1524 1822 adhortantem,
1556 1757 1650 1812 scd
1676 1767 1726 1812 et
1766 1758 2083 1828 profundio-

506 1865 622 1904 rem
661 1848 822 1904 etiam
858 1855 1118 1918 prteterea
1146 1849 1600 1917 complectuntur.
1637 1847 1740 1914 Qui
1769 1864 1897 1918 ergo
1937 1850 2083 1903 hunc

508 1938 784 2009 Evangelii
839 1937 1018 1991 locum
1071 1937 1138 1990 ad
1190 1938 1415 1992 verbum
1468 1937 1932 2006 interpretabitur,
1968 1939 2083 1994 haec

509 2030 673 2094 dicet,
709 2027 1009 2098 unicuique
1033 2027 1269 2082 edixisse
1299 2030 1549 2094 verbum,
1580 2040 1639 2082 ιιι
1668 2028 1853 2084 Jesum
1888 2045 2083 2099 sequa-

508 2130 615 2186 tur,
656 2135 845 2175 vcrum
888 2134 983 2173 eos
1028 2118 1120 2188 qui
1170 2120 1399 2188 apostoli
1447 2129 1576 2175 tunc
1619 2121 1877 2191 temporis
1905 2129 2079 2188 erant,

508 2211 993 2281 apustolorumque
1023 2210 1249 2278 similes,
1278 2211 1369 2280 qui
1407 2227 1531 2267 eum
1566 2221 1882 2268 constanter
1908 2214 2080 2268 secuti

505 2311 637 2358 sunt
709 2302 1103 2371 compellasse;
1165 2313 1413 2372 posteros
1485 2312 1663 2359 autem
1724 2305 1808 2359 his
1876 2303 2083 2374 signiti-

506 2410 662 2451 casse
695 2395 741 2426 ⁸⁸
774 2413 787 2449 :
830 2412 851 2445 ‹
885 2393 950 2448 Ει
975 2392 1155 2448 omnis
1186 2395 1277 2463 qui
1310 2396 1592 2465 reliquerit
1632 2394 1847 2461 fratres,
1882 2396 1966 2449 vel
1995 2412 2084 2451 so-

504 2501 677 2549 rores,
717 2504 736 2536 ι
772 2496 826 2540 et
861 2494 1075 2541 caetera.
1122 2485 1194 2540 At
1241 2486 1492 2540 vocabuli
1535 2485 1718 2556 hujus,
1769 2504 1788 2537 ‹
1842 2487 2019 2556 sequi,
2056 2505 2074 2540 r

504 2576 896 2647 expositionem
954 2574 1114 2645 quasi
1166 2575 1457 2630 violentam
1509 2575 1812 2631 eonfutabit
1858 2576 2079 2643 aliquis,

504 2669 573 2723 de
621 2668 875 2722 omnibus
930 2667 1061 2720 illud
1134 2666 1341 2721 dictum
1395 2681 1516 2721 esse
1577 2666 1913 2721 contendens
1976 2667 2083 2723 hoc

505 2765 627 2820 loco
654 2763 701 2797 ⁸³
742 2781 756 2796 ο
799 2782 818 2815 ι
853 2763 957 2830 Qui
998 2779 1107 2818 non
1143 2762 1428 2819 sustulerit
1454 2776 1670 2817 crucem
1717 2777 1892 2826 suam,
1919 2771 1972 2816 et
1997 2777 2084 2818 se-

504 2866 666 2913 cutus
709 2852 873 2912 fuerit
906 2872 1012 2924 me,
1040 2871 1150 2910 non
1175 2864 1258 2910 est
1285 2855 1483 2925 dignus
1510 2854 1604 2924 qui
1630 2869 1783 2909 meus
1817 2853 1889 2909 sit
1915 2854 2083 2909 disci-

505 2949 687 3018 pulus.
727 2966 747 3000 ι
786 2946 888 3013 Qui
922 2962 1051 3018 ergo
1086 2945 1430 3001 Servatorem
1465 2943 1637 3000 secuti
1673 2942 1896 3007 fuerint,
1926 2945 2081 2999 sede-

505 3040 643 3094 bunt
668 3053 826 3108 super
853 3038 1079 3092 thronos
1111 3035 1420 3101 duodecim,
1444 3034 1756 3104 iudicantes
1788 3036 2077 3090 duodecim

2181 574 2351 644 ἀγῶνι
2395 569 2568 638 ἆθλα,
2608 572 2935 627 πυνθάνεται
2980 573 3075 626 τοῦ
3120 573 3371 645 Σωτῆρος
3410 572 3587 640 λέγων
3633 575 3771 645 μετά

2180 666 2278 738 τὴν
2307 667 2401 720 ἐπὶ
2431 668 2542 731 τοῖς
2566 666 3022 738 ἀνδραγαθήμασι
3050 667 3360 738 παρρησίαν
3386 668 3476 721 τό·
3511 687 3531 720 ί
3565 669 3631 722 Τί
3661 669 3772 743 ἄρα

2181 758 2332 811 ἔσται
2366 759 2529 829 ήμίν;
2569 777 2584 809 ο
2631 758 2739 811 Καὶ
2782 756 2942 828 εἴπερ
2978 755 3278 827 βουλόμεθα
3302 756 3370 811 τὰ
3400 759 3537 830 πρὸς
3561 758 3772 832 Πέτρον

2182 851 2445 922 εἰρημένα
2486 852 2580 905 καὶ
2623 849 2721 922 τὴν
2762 849 2955 904 πεῦσιν
2998 847 3162 902 αὐτοῦ
3209 850 3305 903 καὶ
3369 851 3523 905 αὐτοὶ
3556 850 3767 917 λαϐεῖν,

2183 939 2409 1010 ἀφῶμεν
2442 939 2614 1003 οὕτως
2642 940 2840 1003 πάντα,
2881 940 3077 1010 μηκέτι
3118 940 3496 1011 περιεχόμενοι
3523 941 3625 1012 τῆς
3663 959 3767 997 κα-

2185 1032 2326 1096 κίας,
2367 1031 2589 1102 καὶτῆς
2621 1032 2741 1084 κατ’
2785 1030 2953 1102 αὐτὴν
2997 1032 3300 1103 ἐνεργείας,
3337 1032 3432 1085 καὶ
3465 1033 3767 1106 ἀκολουθήο

2184 1140 2365 1193 σωμεν
2398 1121 2475 1193 τῷ
2508 1121 2603 1175 τοῦ
2651 1121 2786 1176 Θεοῦ
2828 1122 2992 1193 λόγῳ,
3046 1123 3132 1177 ἵνα
3163 1125 3292 1193 ἡμῖν
3335 1124 3461 1195 εἴπῃ
3492 1124 3587 1179 καὶ
3631 1128 3765 1180 πᾶσι

2181 1216 2293 1278 τοῖς
2350 1213 2774 1285 ἀκολουθήσασιν
2831 1215 2980 1287 αὐτῷ
3031 1215 3102 1269 τὰ
3159 1216 3529 1288 ἐπιφερόμενα
3593 1217 3768 1283 οὕτως

2182 1304 2404 1377 ἔχοντα·
2446 1326 2464 1358 ι
2529 1306 2586 1361 Ὀ
2621 1308 2678 1361 δὲ
2720 1305 2928 1379 Ἰησοῦς
2975 1302 3125 1360 εἶπεν
3157 1307 3369 1371 αὐτοῖς·
3421 1309 3592 1382 ’Δμὴν
3620 1308 3765 1376 λέγω

2183 1398 2332 1469 ὑμῖν,
2384 1398 2465 1451 ὅτι
2499 1399 2656 1470 ὑμεῖς
2709 1399 2758 1452 οί
2816 1398 3278 1470 ἀκολουθήσαντές
3313 1417 3425 1470 μοι,
3486 1419 3504 1451 ι
3555 1401 3648 1453 καὶ
3693 1403 3763 1455 τὰ

2182 1486 2328 1558 ἑξῆς,
2351 1487 2492 1559 ἅπερ
2532 1487 2626 1541 καὶ
2651 1487 2788 1541 αὐτὰ
2819 1489 2923 1542 καὶν
2941 1488 3305 1560 ἁπλούστερον
3340 1489 3452 1560 ἔχει
3485 1488 3605 1542 τινὰ
3631 1507 3763 1560 προ-

2180 1574 2470 1645 τρεπτικὺν
2522 1577 2614 1628 ἐπί
2662 1575 2723 1629 τὸ
2767 1577 3084 1631 καταλιπεῖν
3127 1578 3195 1631 τὰ
3241 1579 3554 1650 ὑπάρχοντα
3603 1581 3758 1644 νοῦν,

2182 1665 2274 1717 καὶ
2302 1664 2487 1737 ἕτερον
2524 1666 2671 1737 παρὰ
2701 1667 2888 1720 τοῦτον
2924 1667 3237 1741 βαθύτερον.
3284 1670 3343 1722 '0
3379 1670 3475 1740 μὲν
3505 1666 3597 1722 οὖν
3623 1670 3762 1724 κατὰ

2182 1754 2278 1824 τὴν
2303 1755 2445 1820 λέξιν
2477 1757 2792 1828 ἑρμηνεύων
2822 1758 2913 1812 τὸν
2951 1759 3111 1812 τόπον
3140 1759 3234 1812 τοῦ
3279 1760 3610 1829 Εὐαγγελίου
3654 1779 3763 1814 τοι-

2183 1846 2321 1900 αὕτα
2349 1851 2497 1918 ὲρεῖο
2534 1849 2742 1913 Πάντας
2769 1845 2919 1902 εἶπεν
2946 1850 3255 1903 ἀκολουθεῖν
3287 1851 3364 1922 τῷ
3410 1851 3583 1921 Ἰησοῦ
3612 1852 3641 1905 ό
3670 1852 3760 1906 λό’

2183 1948 2298 2005 γός,
2332 1938 2464 1992 ἀλλὰ
2498 1941 2619 2002 τοὺς
2643 1941 2739 2011 μὲν
2766 1940 2884 1994 τότε
2918 1941 3263 2006 ἀποστόλους,
3288 1942 3382 1995 καὶ
3402 1943 3620 2012 ὁμοίους
3646 1942 3756 2013 (89.)

2184 2029 2413 2092 ἐκείνοις
2454 2031 2725 2100 ὲπιμόνως
2764 2031 2911 2102 αὑτῷ
2942 2032 3411 2105 ἀκολουθήσαντας
3446 2034 3754 2105 ὠνόμασεν·

2182 2119 2276 2184 οὒς
2307 2121 2363 2174 δὲ
2398 2123 2886 2193 μεταγενεστέρους
2926 2125 3194 2196 ἐδήλωσε’
3248 2147 3277 2175 σ
3311 2126 3421 2179 Καὶ
3462 2129 3569 2191 πᾶς
3613 2128 3760 2190 ὅστις

2182 2212 2390 2283 ἀφῆκεν
2429 2214 2708 2283 ἀδελφοὺς,
2751 2215 2783 2286 ἢ
2820 2214 3076 2285 ἀδελφὰς,
3123 2235 3141 2268 ι
3195 2218 3287 2271 καὶ
3323 2234 3392 2271 τα
3429 2219 3576 2290 ἑξῆς.
3620 2220 3755 2272 Ἀλλ’

2183 2301 2258 2366 ὡς
2277 2302 2460 2372 βιαίως
2478 2304 2876 2376 διηγησάμενον
2900 2307 2977 2371 τὸ,
3006 2326 3023 2357 ‹
3049 2307 3375 2373 ἀκολουθεῖν,
3407 2328 3426 2360 υ
3459 2311 3755 2381 ἀνατρέιζρει

2181 2411 2266 2458 τις
2295 2393 2465 2463 λέγων
2496 2397 2624 2467 περὶ
2658 2397 2873 2452 πάντων
2906 2397 3157 2470 εἰρῆσθαι
3186 2398 3266 2462 τὸ,
3307 2416 3325 2448 ι
3357 2397 3688 2461 ἀκολουθεῖν,
3729 2420 3748 2451 r

2182 2484 2241 2536 ὲν
2293 2484 2402 2555 θεῷ’
2443 2506 2461 2537 ι
2522 2489 2619 2551 Ὃς
2660 2487 2726 2542 ἂν
2778 2489 2851 2560 μὴ
2889 2489 2995 2560 ἄρῃ
3028 2489 3118 2543 τὸν
3162 2489 3392 2560 σταυρὸν
3438 2490 3623 2554 αὑτοῦ,
3663 2492 3756 2544 καὶ

2182 2573 2521 2651 ἀκολουθήσῃ
2552 2578 2725 2631 ὀπίσω
2754 2596 2876 2649 μου,
2906 2579 3007 2632 οὐκ
3034 2579 3149 2632 ἔστι
3183 2597 3284 2650 μου
3312 2580 3460 2647 ἄξιος
3499 2577 3634 2636 εἶναι
3659 2600 3757 2655 μα-

2182 2671 2368 2742 θητής.
2413 2688 2432 2721 ι
2478 2671 2539 2723 Οἱ
2588 2671 2766 2724 τοίνυν
2800 2671 3259 2744 ἀκολουθήσαντες
3288 2673 3366 2744 τῷ
3407 2674 3618 2747 Σωτῆρι
3659 2691 3756 2728 κα-

2183 2758 2454 2813 θεδοῦνται
2487 2761 2579 2814 ἐπὶ
2604 2759 2810 2816 δώδεκα
2842 2760 3082 2833 θρόνους,
3121 2763 3391 2835 κρίνοντες
3422 2764 3521 2828 τὰς
3558 2764 3623 2817 ιδ’
3658 2782 3755 2833 φυ-

2180 2849 2278 2913 λὰς
2308 2849 2402 2904 τοῦ
2451 2849 2688 2923 Ἰσραὴλ,
2722 2852 2816 2907 καὶ
2851 2851 3054 2925 ταύτην
3091 2852 3351 2924 λήψονται
3381 2852 3478 2924 τὴν
3512 2853 3755 2919 ἐξουσίαν

2181 2946 2239 2997 ὲν
2265 2946 2328 3014 τῇ
2358 2943 2652 2997 ἀναστάσει
2682 2944 2790 2997 τῶν
2821 2944 3061 3016 νεκρῶν·
3096 2944 3234 3014 αὕτη
3262 2945 3370 3016 γάρ
3401 2945 3546 2997 ἐστιν
3578 2947 3609 3015 ἠ
3646 2964 3754 2999 πα..

2180 3035 2487 3106 λιγγενεσία
2527 3036 2687 3106 καινή
2720 3053 2803 3099 τις
2832 3035 3043 3103 γένεσις
3072 3032 3226 3096 οὖσα,
3255 3035 3343 3088 ὅτε
3377 3034 3602 3105 οὐρανὸς
3630 3052 3750 3089 και-

508 3129 683 3184 tribus
718 3127 902 3193 Israel,
935 3135 1100 3197 atque
1135 3126 1276 3179 hanc
1304 3125 1358 3178 in
1390 3125 1787 3179 resurrectione
1828 3134 2076 3179 mortuo-

2181 3125 2288 3190 νὸς,
2320 3127 2413 3181 καὶ
2442 3129 2476 3198 ἡ
2506 3127 2578 3198 γῆ
2617 3126 2776 3197 καινὴ
2807 3130 2920 3190 τοῖς
2951 3127 3176 3190 ἑαυτοὺς
3206 3124 3602 3181 ἀνακαινώσασι
3634 3130 3752 3181 κτί-

506 3232 629 3273 rum
654 3218 991 3286 potestatem
1034 3213 1318 3284 accipient.
1367 3213 1542 3283 Atque
1575 3214 1688 3267 haec
1726 3222 1812 3268 est
1851 3214 2071 3283 quidem

507 3305 840 3378 regeneratio
889 3321 1011 3375 qua:
1057 3319 1230 3359 novus
1276 3303 1496 3373 quidam
1527 3311 1681 3357 ortus
1725 3312 1827 3368 est,
1855 3303 2075 3372 quando

2181 3216 2351 3283 ζεται,
2380 3220 2473 3273 καὶ
2495 3218 2670 3290 Καινὴ
2688 3219 2930 3290 Διαθήκη
2959 3220 3332 3291 παραδίδοται,
3365 3221 3458 3274 καὶ
3494 3222 3557 3275 τὸ
3587 3222 3754 3292 ποτή-

2184 3325 2297 3378 ριον
2324 3309 2513 3380 αὐτῆς.

506 3411 710 3452 novum
734 3396 933 3451 caelum
961 3401 1016 3450 et
1037 3409 1177 3449 nova
1204 3402 1347 3449 terra
1385 3392 1451 3448 iis
1477 3392 1750 3456 conditur,
1785 3402 1839 3448 et
1867 3391 2078 3450 Novum
2118 3399 2352 3452 traditur
2393 3398 2828 3468 Testamentum,
2863 3399 3141 3471 ipsiusque
3193 3399 3355 3466 calix,
3409 3400 3503 3473 qui
3546 3415 3609 3458 se
3650 3400 3754 3470 ipsi

506 3496 927 3544 renovaverunt.

578 3584 667 3639 25.
703 3582 876 3655 Hujus
904 3593 1083 3639 autem
1112 3582 1244 3639 illud
1280 3583 1492 3638 initium
1520 3592 1625 3647 est,
1658 3582 1802 3651 quod
1836 3599 1867 3638 a
1905 3581 2078 3640 Paulo

505 3676 778 3732 lavacrum
829 3674 1254 3747 regenerationis
1296 3674 1595 3744 appellatur
1634 3675 1702 3740 ⁸³,
1737 3677 1991 3745 quodque
2020 3677 2073 3730 in

506 3765 611 3820 bac
655 3765 897 3818 novitate
945 3764 1222 3818 lavacrum
1278 3761 1707 3833 regenerationis
1745 3762 1798 3816 in
1856 3763 2073 3818 lavacro

506 3855 874 3913 renovationis
928 3855 1152 3925 spiritus
1194 3854 1458 3924 sequitur.
1493 3852 1556 3908 Et
1592 3854 1824 3910 fortasse
1852 3855 2070 3925 quidem

507 3949 561 4004 in
594 3948 939 4020 generatione
969 3966 988 4001 ι
1016 3962 1176 4004 nemo
1203 3962 1234 4002 a
1255 3946 1508 4003 sordibus
1530 3949 1762 4003 mundus
1787 3967 1806 4000 ι
1828 3958 1931 4013 est,
1956 3967 1975 3999 ι
2007 3964 2074 4004 ne

2268 3581 2514 3652 Ἑκείνης
2544 3580 2601 3634 δὲ
2626 3579 2727 3650 τῆς
2757 3578 3174 3648 παλιγγενεσίας
3197 3579 3305 3651 (83)
3326 3580 3611 3652 προοίμιόν
3635 3580 3750 3633 ἔστι

2180 3671 2240 3725 τὸ
2270 3669 2601 3740 καλούμενον
2648 3667 2799 3739 παρά
2838 3667 2915 3739 τῷ
2947 3668 3141 3739 Παύλῳ
3177 3668 3399 3739 λουτρὸν
3433 3669 3754 3738 παλιγγενε-

2181 3765 2321 3828 σίας,
2352 3764 2445 3816 καὶ
2489 3760 2701 3832 ἐκείνης
2744 3762 2844 3831 τῆς
2893 3761 3209 3831 καινότητος
3248 3761 3310 3813 τὸ
3362 3763 3752 3833 ἐπιφερόμενον

2176 3855 2253 3926 τῷ
2311 3852 2520 3925 λουτρῷ
2571 3852 2674 3922 τῆς
2732 3851 3152 3920 παλιγγενεσίας
3202 3844 3261 3904 ὲν
3318 3851 3397 3922 τῷ
3452 3851 3754 3906 ἀνακαινώ-

2182 3963 2316 4010 σεως
2344 3945 2453 4016 (84)
2490 3943 2813 4015 πνεύματος.
2850 3945 3001 4014 Τάχα
3030 3943 3085 3996 δὲ
3116 3943 3208 3997 καὶ
3243 3943 3385 3997 κατά
3418 3944 3517 4015 μὲν
3546 3944 3643 4017 τὴν
3667 3942 3752 4015 γέ-

1698 4059 1932 4116 VETUS
1966 4058 2548 4116 INTERPRETATIO.

508 4157 807 4228 luctamen,
836 4154 1217 4228 agonothetam
1265 4155 1562 4228 interrogat
1592 4170 1712 4225 qua:
1751 4156 1859 4211 sint
1886 4158 2106 4226 praemia
2133 4156 2448 4228 certaminis
2473 4154 2809 4228 huiusmodi,
2850 4153 3190 4228 qu:e__adltuc
3226 4154 3520 4228 nesciebat.
3554 4173 3574 4206 ι
3606 4152 3746 4228 Quid

511 4226 704 4295 utique.
734 4226 838 4279 erit
870 4223 1064 4297 nobis?
1086 4245 1105 4278 ι
1142 4224 1206 4279 Ει
1239 4240 1340 4282 nos
1373 4227 1417 4281 si
1453 4223 1708 4280 volumus
1738 4223 2016 4296 percipere
2048 4242 2169 4297 quae
2190 4237 2318 4282 sunt
2346 4226 2507 4281 Petro
2534 4223 2834 4297 promissa,
2856 4223 3104 4297 similiter
3134 4225 3318 4278 omnia
3349 4224 3745 4297 relinquamus,

512 4305 572 4350 ut
594 4293 660 4349 de
689 4303 887 4350 extero
911 4295 1058 4366 nulla
1082 4303 1364 4351 teneamur
1392 4296 1618 4361 malitia,
1653 4293 1831 4365 neque
1855 4293 2130 4366 aliquibus
2156 4298 2412 4365 operibus
2435 4293 2573 4363 eius,
2599 4296 2690 4348 sed
2727 4295 2950 4366 verbum
2978 4293 3069 4366 Dei
3100 4307 3413 4366 sequamur,
3445 4302 3501 4346 ut
3524 4293 3749 4366 dicatur

508 4373 564 4418 et
589 4365 767 4429 nobis,
800 4372 854 4436 et
874 4364 1130 4419 omnibus
1171 4367 1527 4436 sequentibus
1549 4380 1698 4436 eum;
1726 4361 1846 4435 quae
1871 4367 1923 4420 in
1949 4361 2305 4436 sequentibus
2338 4361 2509 4436 dicit:
2540 4383 2558 4415 ι
2592 4367 2763 4436 Amen
2795 4363 2917 4436 dico
2943 4362 3119 4425 vobis,
3151 4361 3295 4436 quod
3325 4376 3418 4416 vos
3446 4362 3538 4430 qui
3568 4361 3747 4416 secuti

509 4435 650 4505 estis
674 4448 781 4505 me,
813 4435 866 4486 in
894 4431 1400 4505 generatione'cum
1433 4435 1637 4491 sederit
1659 4431 1829 4490 Filius
1874 4431 2112 4491 hominis
2152 4451 2314 4505 super
2349 4435 2533 4490 sedem
2570 4433 2873 4504 maiestatis
2901 4431 3327 4505 suze,_sedebitis
3363 4440 3534 4505 et_vos
3579 4445 3749 4499 super

508 4502 794 4578 duodecim
814 4500 1079 4578 thronos,
1117 4504 1425 4578 iudicantes
1455 4504 1737 4578 duodecim
1775 4505 1945 4578 tribus
1975 4504 2163 4578 Israel.
2197 4500 2235 4557 ι’
2252 4505 2406 4570 Quod
2453 4515 2507 4560 et
2549 4500 2727 4578 ipsum
2772 4512 2826 4557 ct
2878 4502 3178 4578 simplicem
3222 4501 3382 4578 habet
3423 4500 3748 4569 interpreta-

511 4570 712 4644 tionem
742 4570 1131 4644 exhortantem
1151 4574 1455 4643 relinqnere
1485 4575 1623 4627 bona
1658 4574 1837 4629 saeculi
1866 4585 2083 4644 propter
2108 4575 2406 4641 Christum,
2428 4583 2482 4629 et
2511 4570 2833 4644 spiritalem,
2864 4583 2918 4625 et
2941 4573 3209 4644 altiorem.
3250 4570 3355 4636 Qui
3384 4584 3514 4644 ergo
3550 4585 3747 4644 secun-

511 4643 641 4697 dum
675 4642 910 4714 litteram
944 4643 1058 4695 vult
1083 4636 1399 4714 intelligere,
1432 4644 1560 4697 talia
1583 4644 1763 4714 dicere
1787 4662 1800 4697 :
1829 4636 1947 4698 Non
1967 4636 2167 4699 omnes
2209 4644 2340 4699 dicit
2369 4636 2521 4714 sequi
2541 4636 2840 4714 'Christunt
2860 4657 3062 4714 sermo,
3090 4641 3185 4696 sed
3215 4655 3311 4694 eos
3339 4636 3434 4708 qui
3455 4636 3597 4714 tunc
3629 4641 3746 4714 fue-

512 4721 640 4765 runt
672 4712 929 4780 apostoli,
952 4712 1122 4782 etqui
1151 4707 1399 4782 similiter
1429 4714 1508 4768 eis
1540 4714 1709 4767 secuti
1742 4713 1959 4768 fuerant
1986 4730 2133 4779 eum,
2173 4724 2388 4769 secutos
2419 4707 2476 4768 se
2493 4713 2796 4782 appellavit.
2823 4712 3157 4782 Posteriores
3177 4707 3745 4782 autcm’manifestavit

511 4796 607 4853 per
629 4778 776 4853 illud
810 4784 955 4851 quod
998 4778 1170 4853 dixit:
1205 4800 1222 4833 ι
1257 4781 1324 4836 Et
1358 4783 1537 4838 omnis
1570 4783 1662 4852 qui
1701 4785 1981 4853 reliquerit
2022 4778 2239 4849 fratres,
2273 4793 2369 4837 aut
2398 4778 2636 4845 sorores,
2670 4801 2688 4835 ι
2723 4791 2777 4836 ει
2817 4792 3034 4853 caetera.
3081 4779 3358 4853 Quiergo
3403 4778 3745 4853 secutisuut

512 4849 974 4921 Christnm,'non_
990 4852 1259 4921 quaedam,
1285 4854 1378 4907 sed
1409 4849 1602 4906 omnia
1621 4849 2008 4921 relinquentes,
2036 4853 2299 4907 sedebunt
2327 4868 2490 4921 super
2513 4853 2795 4906 duodecim
2829 4852 3052 4906 thronos
3072 4892 3087 4911 .
3124 4849 3432 4919 iudicantes
3457 4849 3739 4904 duodecim

514 4918 690 4993 tribus
720 4919 905 4993 Israel.
937 4918 1173 4993 Et'hanc
1199 4932 1517 4993 potestatem
1548 4918 1812 4989 accipient
1836 4925 1886 4975 in
1919 4924 2313 4977 resurrectione
2348 4918 2721 4989 mortuorum;
2758 4924 2872 4990 ipsa
2907 4931 2990 4976 est
3023 4918 3166 4975 enim
3198 4922 3498 4993 generatio,
3525 4929 3580 4973 et
3607 4932 3743 4970 nova

507 4987 760 5054 quaedam
794 4990 1048 5061 nativitas
1088 4987 1401 5056 constituta,
1446 4987 1752 5061 quandoet
1787 4993 1981 5047 caelum
2032 5007 2254 5060 novum,
2282 5000 2338 5047 et
2370 5001 2512 5046 terra
2543 5006 2686 5047 nova
2709 4987 2933 5047 creatur
2979 4993 3086 5055 his,
3127 4987 3225 5060 qui
3261 4991 3473 5059 seipsos
3510 5001 3740 5042 renova-

511 5064 814 5130 verunt,_et
840 5056 1049 5112 Novum
1078 5062 1307 5117 traditur
1337 5056 1763 5125 Testamentum,
1790 5072 1845 5117 et
1868 5063 2008 5116 calix
2040 5063 2230 5130 ipsius.

585 5124 678 5202 25.
715 5125 863 5202 Illius
891 5138 1070 5202 autem
1097 5132 1523 5200 regenerationis
1558 5124 1834 5199 praemium
1871 5142 1973 5193 est,
2004 5124 2147 5200 quod
2179 5132 2321 5202 apud
2366 5130 2594 5185 Paulum
2625 5141 2853 5186 vocatur
2886 5131 3164 5186 lavacrum
3211 5125 3654 5202 regenerationis.
3689 5133 3744 5177 οι

517 5194 662 5253 illius
718 5198 977 5253 novitatis
1003 5194 1323 5271 mysterium
1353 5211 1437 5256 est
1484 5194 1600 5254 haic
1649 5203 1928 5256 renovatio
1962 5194 2307 5270 spiritusfls't
2340 5202 2569 5256 forsitan
2620 5203 2835 5271 quidem
2886 5204 3182 5256 secundum
3235 5194 3374 5271 hanc
3404 5201 3740 5271 nativitatem

515 5285 537 5319 ι
580 5282 740 5322 nemo
764 5276 847 5323 est
878 5261 1114 5324 mundus
1147 5286 1177 5326 a
1209 5272 1387 5335 sorde,
1420 5271 1522 5326 etsi
1553 5270 1716 5325 unius
1740 5271 1847 5324 diei
1873 5272 1945 5326 sit
1968 5261 2076 5327 vita
2101 5272 2239 5341 eius,
2274 5292 2292 5324 ι
2320 5279 2537 5341 propter
2559 5261 2858 5327 nativitatis
2891 5280 3090 5325 nostra:
3111 5270 3347 5326 carnalis
3373 5268 3732 5340 mysterium:

579 5359 626 5393 "
664 5358 854 5414 Matth.
893 5360 1122 5427 xnx,27.
1192 5362 1236 5395 ⁸⁸
1274 5362 1462 5418 Matth.
1501 5377 1613 5426 κισ,
1641 5361 1731 5415 28.
1805 5361 1851 5392 ⁸²
1890 5361 2021 5416 ibid.
2052 5361 2142 5418 29.
2212 5363 2258 5395 ⁸³
2292 5361 2425 5417 Luc.
2456 5379 2567 5427 xrv,
2596 5362 2682 5416 27.
2757 5362 2805 5394 ⁸⁸
2840 5360 2946 5416 Tit.
2988 5377 3071 5427 Ill,
3100 5361 3152 5415 5.

581 5453 693 5525 (82)
731 5454 914 5510 Codex
951 5455 1170 5527 ltegius,
1200 5457 1420 5526 ὁμοίως,
1467 5471 1575 5510 non
1618 5455 1777 5521 male,
1805 5456 1967 5527 modo
1994 5456 2070 5527 le_-
2176 5456 2370 5511 Matth.
2401 5457 2663 5513 llumws.

511 5522 682 5591 gatur'
710 5528 861 5598 τοὺςΔ
884 5522 1084 5598 ὁμοίως
1116 5522 1560 5598 ἐκείνοιςαΡευιο
1591 5536 1714 5594 post
1742 5527 1861 5598 loco
1891 5526 1984 5593 οὓς
2011 5525 2067 5577 δὲ

2245 5528 2356 5598 (84)
2408 5523 2894 5598 Ἀνακαινώσεως.
2936 5525 3152 5598 Codex;
3182 5524 3382 5598 Regius
3401 5562 3426 5598 ,_
3464 5522 3745 5598 ἀνακαινί-

514 5593 1026 5667 μεταγενεστὲρόυς,
1056 5599 1175 5667 lege
1203 5600 1330 5667 τοὺς
1359 5596 1416 5650 δὲ
1454 5593 1989 5667 μεταγενεστέρους·Δ
2034 5665 2045 5667 _

2181 5593 2563 5660 σεωςζιιήιιειη
2596 5597 2664 5650 ad
2695 5600 2807 5667 haec
2839 5596 3011 5667 verba
3037 5615 3049 5650 :
3081 5596 3233 5666 Τάχα
3262 5593 3319 5648 ἃ
3345 5595 3611 5667 καὶμκατῆ
3630 5593 3743 5667 ,μεν

584 5662 693 5730 (85)
732 5662 1006 5738 -Ὲκείτςης
1040 5662 1782 5738 δίτῆςςστῌιᾷητνὲσίας,
1812 5662 1937 5738 etc._
1956 5663 2073 5720 Ori-

2181 5666 2273 5738 Ὲὴν
2309 5667 2539 5735 γένεσιν,
2589 5674 2692 5724 etc.
2731 5665 2933 5721 Confer
2979 5662 3230 5736 Origenis
3262 5668 3412 5722 hom.
3446 5664 3479 5720 8
3506 5675 3554 5719 et
3590 5662 3662 5717 l2
3687 5662 3744 5714 in

514 5745 695 5798 genes,
732 5733 878 5786 hom.
906 5735 939 5787 8
960 5748 1013 5790 et
1043 5737 1125 5790 12.
1153 5733 1221 5792 in
1259 5733 1731 5802 Levit.;‘l’iilarius,
1764 5751 1885 5790 can.
1913 5736 1983 5790 ‘20
2015 5738 2068 5789 in
2177 5733 2485 5789 Lévut’cum.
