4032 6308
274 413 434 476 1⁸521

1283 414 1636 476 COMMENT.
1674 417 1738 473 IN
1777 410 2193 474 MA'I‘THJEUM
2230 412 2469 474 TOMUS
2509 412 2620 473 XV.

3403 423 3540 480 1322

269 554 444 592 νεσιν
482 557 499 588 ι
540 537 713 601 οὐδείς
755 538 866 589 ἐστι
913 535 1149 607 καθαρὸς
1180 537 1289 591 ἀπὸ
1327 536 1522 607 ῥύπου,
1554 535 1661 588 οὐδ’
1693 536 1741 587 εί
1773 533 1869 605 μία

1970 534 2014 587 si
2049 532 2159 587 vita
2201 533 2417 602 quidem
2457 532 2577 602 ejus
2607 532 2771 586 unius
2796 531 2900 587 diei
2946 531 3111 587 fuerit
3148 534 3216 599 ⁸⁵,
3256 554 3276 588 ι
3322 548 3541 609 propter

269 627 479 698 ἡμέρα
515 630 597 700 εἴη
628 629 660 698 ἡ
703 626 814 696 ζωὴ
844 627 1029 689 αὐτοῦ,
1068 648 1085 677 ι
1116 626 1201 681 διὰ
1230 627 1291 679 τὸ
1324 627 1451 698 περὶ
1478 626 1577 696 τῆς
1603 624 1867 694 γενέσεως

271 723 616 792 μυστήριον,
644 719 727 788 ἐφ’
839 718 901 771 τὸ
933 718 1038 771 ὑπὸ
1081 717 1174 771 τοῦ
1207 717 1371 772 Δαυῒδ
1407 719 1466 770 ὲν
1515 715 1869 787 πεντηκοστῷ

270 809 494 883 ψαλμῴ
521 806 845 880 λελεγμένον
870 809 1099 872 ἕκαστος
1144 810 1359 862 πάντων
1388 810 1468 872 είς
1495 809 1708 877 γένεσιν
1745 807 1867 878 ὲληο

271 900 529 955 λυθότων
552 899 719 966 λέγοι,
750 899 870 969 ἕχον
901 898 1099 962 οὕτως’
1137 918 1156 950 ι
1193 901 1316 953 Ὅτι
1340 901 1400 953 ὲν
1423 898 1675 969 ἀνομίαις
1713 914 1867 951 συνεο

269 988 527 1060 λήφθην,
556 991 650 1043 καὶ
669 991 727 1043 ὲν
745 989 1037 1061 ἁμαρτίαις
1056 989 1310 1060 ὲκίσσησέ
1335 1006 1405 1058 με
1431 990 1465 1059 ἡ
1486 990 1666 1059 μήτηρ
1687 1005 1810 1059 μου·
1843 1005 1861 1037 ι

272 1080 437 1132 κατὰ
460 1080 518 1133 δὲ
548 1079 644 1150 τὴν
669 1082 733 1132 ἐκ
755 1077 979 1150 λουτροῦ
1009 1078 1425 1147 παλιγγενεσίαν
1449 1080 1557 1141 πᾶς
1585 1077 1684 1148 μὲν
1708 1076 1871 1131 καθα-

273 1169 384 1241 ρὸς
417 1170 529 1225 ἀπὸ
571 1171 765 1242 ῥύπου,
798 1171 827 1222 6
866 1169 1147 1240 γεννηθεὶς
1198 1169 1403 1223 ἄνωθεν
1437 1168 1496 1233 ἐξ
1540 1168 1728 1231 ὓδατος
1774 1167 1869 1220 καὶ

275 1263 622 1334 πνεύματος,
671 1263 756 1315 ἵνα
799 1263 1071 1333 τολμήσας
1114 1263 1270 1325 εἴπω,
1302 1261 1540 1333 καθαρὸς
1580 1279 1599 1310 ι
1645 1259 1711 1312 δι’
1752 1258 1872 1311 ὲσό-

274 1371 498 1425 πτρου,
560 1356 655 1408 καὶ
706 1357 764 1408 ὲν
806 1353 1121 1425 αἰνίγματι·
1168 1373 1187 1405 ι
1237 1354 1376 1407 κατὰ
1443 1353 1500 1406 δὲ
1559 1351 1658 1423 τὴν
1705 1351 1869 1422 ἄλλην

276 1443 735 1512 παλιγγενεσίαν,
778 1462 796 1495 ι
836 1444 963 1498 ὅταν
996 1445 1195 1518 καθίσῃ
1224 1446 1254 1497 6
1295 1443 1428 1507 Υἱὸς
1456 1442 1550 1496 τοῦ
1582 1439 1868 1514 ἀνθρώπου

274 1535 384 1587 ἐπὶ
415 1534 603 1604 θρόνου
632 1534 789 1605 δόξης
828 1535 1014 1601 αὑτοῦ,
1064 1555 1081 1586 ι
1119 1537 1229 1598 πᾶς
1259 1536 1288 1587 6
1320 1536 1400 1597 είς
1431 1534 1529 1604 τὴν
1562 1534 1620 1585 ὲν
1648 1530 1871 1602 Χριστῷ

275 1624 713 1693 παλιγγενεσίαν
760 1624 974 1695 ἐκείνην
1030 1625 1240 1695 φθάσας
1285 1622 1671 1696 καθαρώτατός
1722 1624 1870 1675 ἐστιν

272 1716 398 1767 ἀπὸ
429 1714 600 1787 ῥύπου
631 1733 649 1763 ι
691 1713 977 1784 πρόσωπον
1015 1714 1150 1784 πρὸς
1181 1713 1488 1785 πρόσωπον,
1522 1731 1543 1762 ι
1575 1713 1668 1765 καὶ
1709 1710 1870 1772 αὐτὸς

270 1805 376 1857 διὰ
407 1800 631 1875 λουτροῦ
668 1802 1084 1871 παλιγγενεσίας
1132 1801 1347 1872 φθάνων
1388 1802 1474 1857 ἐπ’
1515 1800 1730 1871 εκείνην
1770 1800 1869 1870 τὴν

1969 620 2338 690 generationis
2377 629 2577 674 nostra:
2633 620 2971 690 mysterium,
3001 636 3168 691 super
3213 641 3321 693 qua
3371 645 3541 683 ιηιιιε-

1968 710 2200 779 quisque
2230 726 2463 765 nascens
2506 724 2771 779 usurpare
2817 719 2995 779 potest
3036 713 3182 781 quod
3236 715 3289 768 in
3332 718 3542 785 psalmo

1968 799 2419 869 quinquagesimo
2455 800 2531 853 ait
2566 797 2728 853 David
2768 800 2853 855 his
2886 801 3065 857 verbis
3088 803 3135 834 “
3166 821 3183 859 :
3216 822 3234 854 ι
3268 804 3536 872 Quoniam

1967 891 2203 962 683m
2227 891 2603 961 iniquitatibus
2632 902 2927 961 conceptus
2950 909 3090 957 sum,
3130 902 3187 949 et
3212 896 3264 950 in
3300 898 3538 966 peccatis

1968 981 2215 1051 concepit
2242 997 2329 1036 me
2353 992 2525 1035 mater
2547 996 2686 1048 mea;
2713 1001 2732 1031 ι
2754 990 2811 1035 at
2843 984 2895 1036 in
2925 984 3330 1053 regenerationc
3349 1002 3444 1055 per
3466 989 3543 1043 ta-

1968 1087 2211 1135 vacrum,
2234 1073 2546 1142 quicunque
2568 1081 2856 1141 generatus
2873 1072 3037 1128 fuerit
3058 1089 3292 1145 superne
3312 1092 3379 1131 ex
3398 1093 3543 1148 aqua

1970 1171 2023 1213 et
2052 1162 2269 1230 spiritu,
2296 1163 2535 1215 mundus
2567 1163 2671 1217 erit
2717 1177 2748 1216 a
2780 1164 3054 1228 sordibus,
3085 1174 3159 1231 et,
3191 1174 3249 1220 ut
3284 1168 3544 1222 audacter

1970 1252 2182 1321 loquar,
2214 1254 2451 1307 mundus
2480 1272 2497 1303 ι
2524 1269 2619 1323 per
2642 1254 2923 1322 speculum
2946 1263 3000 1308 et
3020 1255 3072 1308 in
3097 1253 3382 1328 ainigmate
3406 1257 3486 1325 3";
3518 1278 3538 1311 ι

1973 1356 2158 1394 verum
2193 1341 2246 1395 in
2276 1341 2381 1396 alia
2419 1344 2848 1411 regeneratioiie,
2899 1362 2918 1395 ι
2955 1359 3080 1398 cum
3125 1346 3327 1400 sederit
3372 1346 3544 1404 Filius

1972 1430 2211 1486 hominis
2229 1432 2281 1485 in
2302 1434 2500 1486 throno
2523 1434 2822 1502 majestatis
2840 1451 2952 1489 sua:
2976 1435 3056 1503 ‘9;
3096 1456 3115 1488 ι
3136 1438 3449 1508 quicunque
3475 1442 3542 1495 ad

1973 1516 2115 1571 hanc
2156 1520 2207 1572 in
2254 1517 2475 1574 Christo
2510 1524 2974 1591 regenerationem
3015 1529 3344 1593 pervenerit,
3385 1546 3546 1585 mun-

1970 1608 2234 1662 dissimus
2260 1611 2364 1663 erit
2384 1625 2415 1663 a
2447 1612 2700 1666 sordibus
2724 1630 2741 1663 ι
2774 1612 2909 1668 facie
2936 1614 3002 1668 ad
3036 1614 3226 1670 faciem
3266 1618 3334 1685 ”,
3368 1639 3386 1671 ι
3417 1637 3541 1677 cum

1971 1684 2024 1751 et
2056 1698 2170 1767 ipse
2206 1700 2346 1754 hanc
2385 1703 2844 1770 regenerationem
2878 1720 2973 1774 per
3015 1707 3290 1762 lavacrum
3321 1726 3542 1781 regene-

1975 1790 2203 1845 rationis
2235 1789 2399 1845 fuerit
2441 1792 2689 1861 adeptus.
2734 1793 2828 1848 Sin
2871 1798 3145 1851 lavacrum
3188 1799 3317 1853 illud
3359 1802 3545 1857 animo

276 1871 730 1964 παλιγγενεσίαν.
759 1895 820 1946 Ei
840 1893 896 1946 δὲ
921 1892 1103 1963 βούλει
1125 1892 1186 1944 τὸ
1214 1891 1435 1963 λουτρὸν
1460 1892 1634 1944 ἐκεῖνο
1658 1891 1865 1961 νοῆσαι,

1971 1879 2273 1950 intelligere
2305 1882 2409 1944 vis,
2446 1882 2568 1936 vide
2606 1885 2881 1952 qttntttodn
2925 1884 3166 1943 Joannrs
3211 1907 3230 1941 ι
3267 1890 3545 1961 baptizans

273 1984 449 2048 σύνες
477 1985 593 2048 πῶς
631 1984 903 2053 Ἰωάννης,
928 2002 951 2034 ι
987 1981 1092 2036 ὀὲν
1122 1982 1273 2036 ὕδατι
1306 1982 1580 2053 βαπτίζων
1603 1984 1683 2045 εὶς
1705 1982 1872 2051 μετά-

271 2093 464 2136 νοιαν.
496 2095 514 2128 ι
551 2076 700 2145 λέγει
725 2077 853 2147 περὶ
888 2074 983 2128 τοῦ
1021 2075 1273 2146 Σωτῆρος
1310 2073 1401 2127 to"
1452 2092 1476 2125 ‹
1511 2073 1683 2136 Αὐτὸς
1726 2074 1872 2145 ὑμᾶς

271 2168 543 2237 βαπτίσει
572 2168 633 2219 ὲν
676 2167 954 2236 Πνεύματι
984 2165 1124 2235 ἁγίῳ
1150 2166 1245 2219 καὶ
1274 2164 1422 2237 πυρί.
1463 2183 1484 2217 ι
1534 2165 1622 2217 Ἐν
1652 2165 1748 2235 μὲν
1777 2159 1871 2218 οὖν

272 2260 350 2327 τῇ
388 2256 475 2310 διὰ
505 2257 733 2328 λουτροῦ
767 2256 1159 2326 παλιγγενεσία
1207 2256 1587 2327 συνετάφημεν
1619 2256 1698 2325 τῷ
1738 2256 1871 2327 Χριο

276 2346 421 2418 στῷ.
451 2366 469 2398 ι
504 2346 889 2418 Συνετάφημεν
916 2346 1024 2416 γὰρ
1050 2346 1220 2415 αὐτῷ,
1263 2365 1281 2397 ι
1314 2346 1456 2400 κατὰ
1484 2345 1574 2399 τὸν
1617 2347 1873 2400 Ἀπόστο-

274 2436 400 2504 λον,
440 2459 458 2491 ι
504 2437 592 2493 διὰ
622 2437 716 2492 τοῦ
759 2438 1164 2510 βαπτίσματοςο
1205 2457 1224 2489 ι
1258 2439 1316 2491 ὲν
1343 2437 1401 2491 δὲ
1427 2440 1493 2509 τῇ
1522 2437 1614 2491 τοῦ
1645 2438 1733 2492 διὰ
1768 2454 1874 2491 πυ-

278 2532 384 2603 ρὸς
413 2533 506 2585 καὶ
536 2531 841 2603 πνεύματος
870 2530 1095 2603 λουτροῦ
1128 2528 1535 2601 παλιγγενεσία,
1562 2529 1873 2601 σύμμορφοι

279 2623 552 2693 γινόμεθα
576 2623 655 2695 τῷ
700 2625 914 2694 σώματι
941 2626 1039 2695 τῆς
1066 2622 1223 2694 δόξης
1267 2621 1363 2675 τοῦ
1402 2621 1661 2695 Χριστοῦ,
1710 2620 1874 2675 καθε-

281 2712 502 2784 ζομένῳ
551 2715 643 2766 ἐπὶ
671 2712 859 2783 θρόνου
897 2711 1055 2783 δόξης
1095 2711 1285 2775 αὑτοῦ,
1329 2713 1426 2767 καὶ
1462 2712 1618 2766 αὐτοὶ
1647 2712 1874 2778 καθεζό-

282 2818 442 2871 μενοι
483 2801 576 2854 ὲπὶ
619 2799 684 2853 ιϐ’
712 2799 962 2872 θρόνους·
1004 2802 1054 2854 εἰ
1079 2800 1176 2854 καὶ
1210 2799 1442 2869 ἀφέντες
1470 2799 1646 2853 πάντα
1683 2800 1876 2852 ὁποτε-

287 2887 520 2958 ρωσοῦν,
556 2888 755 2958 μᾶλλον
793 2888 851 2941 δὲ
880 2887 1020 2942 κατὰ
1051 2887 1112 2941 τὸ
1153 2884 1397 2958 λουτρὸν,
1431 2882 1874 2956 ἠκολουθήσαμέν

287 2993 397 3032 σοι.
430 2978 563 3031 Τότε
608 2979 664 3032 δὲ
703 2979 831 3031 ὅταν
863 2977 1061 3052 καθίσῃ
1093 2980 1121 3031 ὀ
1170 2978 1297 3041 Υἱὸς
1323 2976 1417 3029 τοῦ
1446 2974 1732 3048 ἀνθρώπου
1779 2974 1875 3026 ὲπί

283 3060 480 3137 θρόνου
504 3064 664 3137 δόξης
686 3066 873 3131 αὐτοῦ,
901 3067 1205 3138 πληροῦται
1228 3070 1261 3135 ἡ
1288 3066 1522 3133 λέγουσα
1548 3062 1869 3135 προφητεία·

288 3175 308 3206 ι
356 3149 522 3208 Εἶπεν
565 3157 595 3207 6
627 3154 829 3226 Κύριος
859 3154 936 3225 τῷ
962 3156 1152 3227 Κυρίῳ
1192 3173 1321 3226 μου·
1365 3154 1547 3207 Κάθου
1577 3157 1641 3206 ὲκ
1683 3152 1873 3219 δεξιῶν

284 3263 416 3316 μου,
434 3246 539 3310 ἓως
567 3245 634 3300 ἂν
662 3245 739 3299 θῶ
765 3248 891 3310 τοὺς
930 3246 1159 3318 ἐχθρούς
1191 3263 1285 3299 σου
1320 3245 1606 3298 ὑποπόδιον
1635 3244 1746 3298 τῶν
1771 3261 1867 3297 πο-

281 3342 395 3395 δῶν
428 3359 521 3395 σου
541 3358 554 3371 ·
595 3360 613 3392 ι
653 3342 747 3396 καὶ
775 3341 861 3394 τό’
901 3360 919 3392 ι
954 3343 1046 3395 Δεῖ
1072 3341 1233 3395 αὐτὸν
1265 3339 1589 3411 βασιλεύειν,
1620 3338 1778 3409 ἄχρις
1807 3332 1867 3392 οὒ

282 3432 353 3487 ἂν
384 3433 449 3505 θῇ
482 3433 688 3496 πάντας
708 3433 834 3497 τοὺς
873 3432 1101 3505 ἐχθροὺς
1142 3432 1247 3485 ὑπὸ
1270 3432 1396 3496 τοὺς
1430 3431 1598 3495 πόδας
1625 3428 1809 3493 αὑτοῦ,
1844 3448 1862 3480 ι

282 3522 394 3586 ἕως
423 3515 484 3575 οὗ
516 3542 534 3574 ι
571 3524 599 3575 6
618 3522 842 3592 ἔσχατος
868 3522 978 3593 (85)
1008 3521 1200 3594 ἐχθρὸς
1224 3520 1448 3584 θάνατος
1470 3519 1810 3591 καταργηθῇ,
1843 3538 1861 3572 ι

281 3607 349 3665 οὗ
381 3613 835 3684 καταργηθέντος,
878 3613 1061 3666 οὐκέτι
1103 3612 1255 3666 ἔσται
1298 3613 1406 3683 πρὸ
1438 3609 1732 3682 προσώπου
1758 3610 1867 3664 τῶν

284 3703 611 3773 σωζομένων
636 3703 866 3767 θάνατος
895 3703 1029 3773 (86),
1063 3701 1200 3756 ἀλλὰ
1238 3701 1372 3772 μόνη
1406 3699 1520 3770 ζωὴ
1554 3702 1588 3770 ἡ
1621 3716 1871 3752 πιστευο-

285 3793 463 3865 μένη·
526 3792 754 3846 θανάτου
805 3793 904 3865 μὲν
933 3792 1038 3864 γὰρ
1085 3792 1237 3854 ὄντος
1287 3789 1396 3863 πρὸ
1440 3789 1761 3863 προσώπου,
1800 3789 1869 3841 δι’

285 3886 498 3940 ἐκεῖνον
526 3885 837 3939 ἀπιστεῖται
863 3884 969 3940 ὑπὸ
1004 3882 1113 3936 τῶν
1153 3882 1537 3955 κρατουμένων
1580 3882 1671 3934 ὑπ’
1704 3879 1868 3934 αὐτοῦ

1974 1967 2028 2021 iu
2064 1984 2204 2039 aqua
2229 1970 2281 2023 in
2312 1971 2686 2039 pa‘nitentiam
2715 1974 2783 2039 ὀ,
2820 1992 2839 2024 ι
2871 1975 2935 2028 de
2968 1973 3258 2033 Servatorc
3295 1979 3490 2035 dicit"
3524 1999 3542 2037 :

1980 2078 2000 2112 ι
2038 2058 2158 2130 Ipse
2179 2076 2278 2115 vos
2303 2062 2599 2133 baptizabit
2629 2064 2682 2117 in
2718 2064 2923 2135 Spiritu
2953 2077 3145 2123 sancto
3175 2078 3228 2125 et
3261 2071 3392 2142 igni.
3426 2093 3446 2124 ι
3485 2072 3542 2127 In

1974 2152 2388 2219 regenerationc
2430 2168 2560 2222 ergo
2594 2169 2688 2222 per
2718 2154 2991 2209 lavacrum
3034 2173 3158 2212 cum
3194 2159 3413 2216 Christo
3452 2178 3544 2217 sc-

1972 2241 2109 2309 pulti
2139 2257 2328 2296 sumus
2355 2260 2369 2307 ;
2401 2261 2421 2293 ι
2458 2245 2760 2313 cousepulti
2789 2245 2932 2299 enim
2960 2263 3150 2302 sumus
3181 2264 3303 2304 cum
3336 2250 3428 2305 illo
3449 2265 3547 2322 per

1974 2333 2327 2402 baptismum,
2365 2354 2385 2386 υ
2414 2335 2568 2404 juxta
2604 2335 2920 2406 Apostolum
2950 2340 3016 2391 ".
3045 2338 3100 2393 In
3138 2340 3333 2396 lavacri
3362 2351 3544 2399 autent

1972 2427 2382 2494 regeneratione
2429 2442 2525 2497 per
2576 2428 2777 2495 ignem,
2829 2440 2882 2483 ct
2926 2429 3186 2499 Spiritum
3234 2431 3300 2497 ”,
3328 2440 3542 2505 corpori

1973 2516 2162 2586 gloria:
2182 2517 2407 2582 Christi,
2436 2518 2645 2572 sedenti
2676 2535 2841 2590 super
2865 2519 3047 2576 sedem
3076 2522 3379 2591 majestatis
3408 2540 3542 2591 suae,

1974 2623 2075 2663 nos
2095 2624 2332 2680 quoque,
2365 2614 2614 2669 sedentes
2650 2628 2813 2682 super
2838 2614 3121 2669 duodecim
3148 2615 3395 2682 thronos,
3414 2633 3548 2673 oon-

1975 2698 2178 2756 fortnes
2230 2702 2530 2770 eﬂicimur;
2585 2704 2632 2760 si
2695 2706 2859 2759 modo
2904 2708 3161 2763 omnibus
3217 2725 3547 2781 quacunque

1974 2793 2192 2848 tandem
2222 2795 2453 2858 ratione.
2477 2797 2572 2851 sed
2600 2798 2872 2867 praecipue
2902 2815 2997 2868 per
3021 2800 3290 2854 lavacrum
3321 2801 3544 2862 relictis.

1976 2893 2027 2938 te
2051 2884 2316 2941 fuerimus
2348 2888 2540 2943 secuti.
2586 2887 2741 2944 Tunc
2772 2897 2952 2943 autem
2991 2910 3010 2940 ι
3060 2906 3183 2945 cum
3220 2892 3422 2947 sederit
3458 2893 3548 2948 Fi-

1973 2976 2083 3033 lius
2119 2978 2354 3034 hominis
2379 2980 2432 3034 in
2475 2980 2603 3035 sede
2637 2981 2939 3049 majestatis
2962 2998 3075 3037 sua:
3100 2983 3165 3045 ⁸³,
3198 3002 3217 3035 ι
3250 2984 3547 3054 explicabi-

1975 3076 2064 3122 tur
2088 3070 2368 3139 prophetia
2413 3072 2603 3127 dicens
2643 3072 2733 3126 ηε
2771 3091 2790 3123 ι
2835 3072 2978 3127 Dixit
3022 3073 3285 3128 Dominus
3318 3074 3549 3129 Domino

1900 3192 1942 3245 ο
1977 3176 2100 3214 meo
2130 3180 2145 3215 :
2183 3161 2321 3215 Sede
2364 3177 2394 3216 a
2425 3164 2630 3217 dextris
2674 3163 2830 3227 meis,
2860 3164 3035 3219 donec
3071 3180 3267 3234 ponam
3297 3165 3550 3222 inimicos

1977 3259 2099 3302 tuos
2115 3249 2411 3303 scabellum
2437 3252 2633 3320 pedum
2666 3261 2914 3318 tuorum;
2943 3274 2961 3304 ι
2990 3265 3042 3308 et
3065 3254 3195 3307 illud
3212 3255 3259 3285 ”
3287 3274 3301 3307 :
3327 3273 3345 3305 ι
3375 3255 3549 3324 Opor-

1974 3348 2048 3393 tet
2074 3340 2225 3395 illum
2259 3356 2509 3411 regnare,
2543 3342 2719 3397 donec
2751 3350 2916 3412 ponat
2946 3359 3138 3399 omnes
3171 3344 3421 3400 inimicos
3446 3347 3550 3402 sub

1974 3433 2200 3503 pedibus
2222 3435 2395 3503 ejus,»
2425 3435 2599 3491 donec
2620 3453 2640 3486 ι
2671 3436 2964 3490 novissima
2984 3436 3202 3490 inimica
3234 3438 3549 3493 destruatur

1973 3539 2159 3590 mors;
2200 3545 2218 3578 ι
2268 3541 2375 3594 qua
2418 3526 2697 3582 destructa
2741 3527 2855 3596 jam
2903 3542 3011 3581 non
3040 3529 3277 3596 amplius
3308 3538 3434 3583 ante
3469 3528 3547 3584 ia-

1972 3613 2111 3666 ciem
2145 3628 2335 3667 corum
2380 3615 2487 3668 erit
2521 3630 2690 3679 mors,
2730 3617 2825 3684 qui
2861 3616 3091 3669 salutem
3132 3617 3543 3685 adipiscuntur;

1972 3700 2066 3754 sed
2099 3701 2217 3754 sola
2258 3702 2368 3755 vita
2406 3717 2529 3771 quze
2556 3703 2797 3757 creditur
2830 3722 2844 3757 :
2884 3720 3009 3756 nam
3044 3719 3168 3757 cum
3195 3715 3322 3760 ante
3352 3706 3545 3761 faciem

1974 3805 2121 3845 mors
2153 3800 2260 3855 est,
2309 3793 2417 3845 vita
2463 3802 2685 3863 propter
2725 3794 2871 3847 illam
2904 3794 2976 3849 ab
3016 3796 3082 3850 iis
3131 3812 3237 3850 non
3288 3800 3544 3861 creditur,

1972 3881 2065 3952 qui
2128 3882 2181 3935 in
2223 3881 2416 3936 mortis
2474 3892 2739 3952 potestate
2787 3892 2951 3952 sunt;
3006 3893 3063 3940 at
3115 3898 3285 3943 morte
3331 3890 3548 3947 destru-

285 3973 434 4045 ζωή·
489 3975 928 4047 καταργηθέντος
978 3975 1034 4028 δὲ
1090 3973 1341 4037 θανάτου,
1395 3971 1708 4025 πιστεύεται
1766 3970 1869 4023 61:6

1975 3981 2061 4028 (Ila
2080 4013 2095 4037 τ
2120 3973 2284 4045 687
2313 3973 2422 4029 vita
2445 3975 2514 4028 ab
2537 3976 2795 4030 omnibus
2820 3977 3081 4033 creditur.
3138 3977 3194 4033 In
3224 3981 3337 4051 lege
3366 3995 3546 4038 autem

1515 4086 1746 4142 VETUS
1777 4083 2354 4141 INTERPRETA'I‘IO.

287 4203 593 4260 secundum
624 4203 769 4272 quod
798 4201 877 4256 ait
910 4201 1075 4276 David
1112 4217 1174 4276 es
1201 4217 1438 4276 persona
1465 4201 1708 4276 omnium
1741 4200 2082 4254 nascentium
2115 4215 2179 4254 ex
2220 4213 2385 4276 carne
2408 4208 2465 4276 _et
2495 4201 2762 4269 sanguine
2792 4219 2806 4255 :
2841 4220 2863 4276 ι
2896 4201 3163 4268 Quoniam
3201 4205 3544 4276 inriniqnita-

289 4277 440 4330 tibus
471 4269 769 4346 conceptus
796 4287 941 4337 sum,
975 4273 1101 4325 etin
1128 4269 1341 4346 delictis
1366 4270 1616 4346 concepit
1643 4285 1730 4324 me
1761 4278 1936 4346 mate_r
1969 4285 2112 4346 mea.
2160 4289 2178 4321 ι
2206 4269 2518 4346 Secundum
2552 4271 3017 4346 regenerationem
3046 4284 3225 4328 autem
3255 4269 3546 4346 baptisma-

290 4347 385 4406 tis.
414 4345 594 4397 omnis
622 4338 839 4411 quidem
868 4352 952 4396 est
981 4343 1219 4395 mundus
1246 4357 1275 4394 a
1300 4342 1479 4401 sorde,
1507 4340 1599 4410 qui
1639 4348 1865 4411 renatus
1892 4338 2055 4392 fuerit
2075 4356 2140 4411 ex
2173 4354 2317 4408 aqua
2357 4347 2411 4392 et
2439 4338 2634 4407 spiritu
2671 4357 2684 4392 :
2716 4349 2774 4394 ut
2806 4344 3065 4398 audacter
3109 4353 3289 4399 autem
3326 4338 3542 4411 'dicam,

292 4413 534 4469 mundus
561 4407 655 4466 est
678 4431 696 4461 ι
737 4428 832 4481 per
859 4412 1137 4478 speculum
1170 4411 1224 4463 iu
1256 4407 1561 4479 aenigmate.
1605 4427 1632 4481 ι
1658 4407 1966 4481 secundum
2003 4410 2215 4462 tertiam
2240 4407 2425 4481 autem
2462 4425 2499 4461 re
2521 4412 2949 4481 generationem,
2974 4416 3195 4481 quando
3226 4415 3426 4470 sederit
3455 4407 3546 4471 Fi-

294 4488 402 4538 lius
441 4483 678 4537 hominis
704 4477 757 4534 in
796 4477 923 4535 sede
956 4482 1140 4546 gloria:
1172 4495 1303 4545 suae,
1340 4477 1519 4533 omnis
1545 4479 1638 4549 qui
1681 4480 1734 4531 iu
1777 4477 1923 4532 illam
1957 4478 2419 4545 regenerationem
2449 4477 2658 4532 venerit
2684 4496 2806 4547 qua:
2834 4491 2918 4535 est
2941 4477 3005 4534 iu'
3031 4483 3271 4549 Christo,
3296 4488 3545 4542 mundis»

291 4555 469 4608 simus
494 4552 597 4605 erit
626 4567 655 4605 a
686 4551 868 4626 sorde,
898 4558 952 4603 ct
977 4550 1127 4626 facie
1151 4550 1203 4602 in
1230 4550 1422 4626 tacicm
1446 4550 1675 4626 -\_'_ideb_it,
1702 4557 1758 4602 et
1795 4549 1912 4617 ipse
1935 4564 2030 4626 per
2057 4551 2337 4626 lavacrum
2371 4550 2797 4626 regenerationis
2832 4551 3056 4626 veniens
3081 4554 3352 4626 adipsam
3391 4571 3544 4626 rege-

292 4624 651 4677 nerationem.
694 4620 750 4673 Si
784 4621 1090 4692 auteutvis
1116 4619 1414 4689 intelligere
1446 4619 1574 4692 illud
1610 4615 1909 4692 lavacrum,
1937 4615 2179 4692 intellige
2226 4618 2504 4692 quomod_o
2528 4615 2804 4692 _Joannes,
2846 4637 2865 4670 ι
2904 4622 2956 4674 in
2987 4637 3126 4692 aqua
3162 4615 3539 4692 baptizansvin

295 4692 698 4759 ptenitentiam,
744 4708 761 4762 ι
799 4688 928 4762 dicit
958 4691 1031 4762 de,
1058 4685 1360 4762 Salvatore,
1394 4689 1655 4762 quoniam
1695 4705 1714 4739 ι
1752 4685 1994 4762 Ipsevos
2024 4685 2318 4762 baptizabit
2353 4688 2406 4739 in
2434 4686 2654 4762 Spiritu
2686 4699 2877 4744 sancto
2900 4700 2966 4762 Aet
2997 4685 3054 4744 iii
3100 4685 3244 4762 igne.
3286 4712 3307 4745 ι
3349 4694 3404 4747 lu
3439 4698 3549 4751 ista-

293 4756 427 4828 ergo
456 4761 863 4829 regenerationc
890 4759 1237 4828 baptismatis
1270 4756 1575 4827 consepulti
1612 4773 1814 4829 sumus
1834 4756 2056 4811 Christo
2083 4757 2384 4829 secundum
2420 4756 2738 4829 Apostolum
2770 4775 2864 4827 per
2897 4756 3226 4829 baptism'um
3259 4780 3273 4817 :
3315 4763 3367 4817 iu
3392 4764 3539 4818 illius

295 4826 494 4903 autem
523 4826 1346 4903 regenerationc:baptistuatis,
1371 4826 1517 4903 quod
1546 4829 1648 4903 erit
1677 4829 1734 4903 in
1782 4826 1986 4896 Spiritu
2020 4835 2091 4903 et_
2119 4828 2350 4903 inigne,
2395 4826 2711 4903 conferines
2748 4826 3047 4903 edicieuutr
3090 4832 3303 4900 corpori
3352 4836 3542 4903 glorize

292 4897 499 4953 Christi
527 4898 766 4952 sedentis
792 4899 844 4951 in
872 4899 1000 4953 sede
1024 4897 1209 4968 gloriae
1234 4915 1364 4956 sum.
1386 4909 1441 4952 et
1469 4899 1571 4968 ipsi
1596 4898 1850 4968 sedentes
1881 4912 2043 4966 super
2062 4897 2347 4951 duodecim
2375 4897 2622 4968 thronos,
2655 4898 2703 4951 si
2735 4906 2914 4952 tamen
2939 4897 3306 4967 relinquentes
3335 4897 3540 4968 o'muia,

296 4968 600 5023 secundum
628 4976 915 5035 utramque
945 4964 1444 5036 iutérpretationem
1477 4964 1729 5036 superius
1756 4964 1978 5029 factam,
2010 4968 2183 5037 magis
2207 4976 2389 5021 autem
2417 4966 2573 5035 juxta
2603 4969 2922 5031 secundant,
2951 4964 3122 5022 secuti
3150 4986 3342 5026 sumus
3374 4964 3540 5027 Clu-ii-

298 5048 465 5110 stum,
508 5036 666 5110 :l‘uuc
704 5047 886 5110 autem
924 5052 1050 5091 cum
1104 5037 1271 5110 Filius
1320 5038 1558 5110 hominis
1605 5037 1810 5110 sederit
1854 5037 1907 5110 i_u
1956 5037 2084 5089 sede
2116 5036 2498 5110 'glorige‘suae,
2534 5037 3156 5110 iutplebiturpmplietia
3203 5057 3326 5110 qua:
3357 5044 3537 5097 dicit:

301 5125 322 5158 ο
343 5108 501 5177 Dixit
505 5106 767 5161 Dominus
790 5106 1021 5159 Domino
1046 5122 1200 5161 meo:
1228 5106 1366 5177 Sede
1393 5122 1423 5160 a
1441 5107 1648 5160 dextris
1673 5106 1829 5177 meis,
1852 5106 2025 5159 donec
2041 5121 2238 5177 ponam
2272 5106 2524 5160 inimicos
2546 5115 2669 5160 tuos
2700 5106 2994 5161 scabellum
3026 5106 3488 5177 pedum—tuorum;
3514 5130 3537 5164 ι

296 5188 345 5231 et
371 5195 384 5231 :
411 5196 430 5229 ι
462 5176 616 5231 Tunc
646 5185 861 5246 oportet
883 5192 1008 5230 eum
1038 5191 1285 5246 regnare,
1304 5175 1477 5228 donec
1505 5185 1667 5243 ponat
1692 5176 1836 5230 Deus
1865 5189 2057 5246 omnes
2077 5176 2327 5231 inimicos
2350 5190 2482 5229 suos
2510 5177 2613 5230 suh
2639 5177 2864 5244 pedibus
2881 5175 3216 5244 suis,_donec
3246 5175 3543 5236 novissima

300 5248 519 5312 inimica
567 5244 716 5299 mors
755 5244 1151 5300 destruatur.)
1190 5245 1305 5310 Qua
1338 5246 1635 5306 destructa,
1664 5246 1778 5312 jam
1809 5260 1914 5298 non
1942 5244 2046 5297 erit
2074 5259 2222 5299 mors
2264 5255 2390 5299 ante
2430 5246 2621 5299 faciem
2668 5246 3022 5312 salvatorum,
3054 5250 3146 5303 sed
3186 5250 3301 5303 sola
3332 5251 3539 5305 credita

368 5340 415 5373 "
452 5339 556 5396 Job
604 5357 716 5406 xnv,
744 5342 798 5407 4,
837 5341 889 5397 5.
965 5342 1014 5374 ⁸⁸
1048 5339 1191 5395 Psal.
1224 5356 1275 5401 L,
1311 5340 1365 5392 7.
1471 5339 1514 5370 ⁸⁷
1554 5339 1726 5393 lCor.
1762 5354 1869 5393 χιιι

1970 5341 1999 5392 Ξ.
2075 5338 2121 5370 ⁸⁸
2159 5337 2350 5393 Matth.
2379 5339 2608 5399 xrx.28.
2683 5339 2729 5371 δ’
2769 5338 3064 5403 lComuu,
3097 5341 3185 5396 12.
3259 5342 3304 5373 ’⁸
3346 5341 3545 5405 Matth.

301 5411 505 5476 1",“.
578 5412 769 5466 “ibid.
844 5409 1219 5477 "Rom.v1,4.
1297 5408 1542 5478 "Philip.
1574 5424 1654 5473 ιιι,
1682 5409 1773 5463 2i.
1851 5410 1869 5440 '

1970 5409 2103 5464 atth.
2134 5424 2250 5472 xu,
2275 5409 2364 5463 28.
2439 5409 2485 5439 "
2523 5410 2669 5465 Psal.
2700 5424 2816 5474 cux,
2852 5415 2900 5463 t.
2977 5412 3200 5464 κιὼν.
3227 5426 3315 5474 ιν,
3344 5411 3518 5475 2ἷ,Ξ’.6

371 5498 483 5579 (85)
498 5499 700 5579 _Codex
734 5500 955 5574 Regius,
983 5500 1089 5565 ἕως
1113 5494 1175 5554 οὗ
1197 5502 1226 5553 ὁ
1244 5499 1489 5569 ἔσχατος.
1513 5499 1866 5568 Anglicanus,

1973 5507 2223 5579 vertunt,
2274 5518 2293 5549 ι
2324 5515 2502 5579 mers;
2551 5500 2836 5579 ι-έιιιιίιο,
2886 5519 2905 5552 ι
2936 5505 3139 5579 pestis;
3179 5522 3199 5554 ι
3248 5501 3540 5579 Jnnathatt.

298 5566 473 5643 ἕωςρ
497 5569 741 5643 ἔσχατος.
1058 5638 1070 5643 ,
1513 5635 1538 5643 _
1606 5566 1624 5568 _
1716 5635 1746 5643 .,
1826 5637 1837 5643 -

1981 5586 1998 5619 ι
2031 5569 2255 5643 angelus
2275 5570 2501 5643 mortis;
2533 5589 2551 5643 ι
2574 5566 2714 5623 LXX
2739 5580 2918 5625 autem
2937 5566 2963 5626 ’ς
2993 5572 3106 5643 Πρὸ
3127 5566 3423 5643 προσωπτό
3449 5576 3546 5629 αὖ·

370 5638 482 5707 (³6)
512 5635 733 5710 ,οὐκέτι
767 5640 934 5695 ἔσται
964 5638 1077 5707 πρὸ
1106 5638 1424 5707 προσώπου
1460 5635 1585 5710 τῶν
1618 5635 1869 5710 σωζομέ-

1975 5639 2070 5692 τοῦ
2110 5635 2445 5710 ’πορεύσεται
2489 5639 2665 5707 λόγος,
2700 5635 3258 5710 ιιιιειῐιοιιιιιοὰιιιῐιίιι
3291 5642 3544 5700 Theodo-

301 5722 425 5781 νων
451 5708 724 5781 θάνατος,
765 5711 970 5764 Alludit
989 5711 1056 5781 ad
1096 5710 1297 5764 llabac.
1331 5724 1412 5774 Ill,
1456 5708 1490 5762 5
1512 5726 1587 5781 ιη(
1618 5709 1756 5762 Ante
1786 5709 1867 5760 fa-

1979 5710 2055 5762 tio
2075 5750 2092 5775 ,
2142 5720 2195 5762 et
2227 5708 2419 5761 Arabs.
2449 5720 2561 5768 '131
2590 5708 2804 5780 nempe,
2833 5726 2931 5779 pro
2956 5723 3279 5781 punctorum
3314 5716 3547 5771 Varieta-

303 5778 439 5831 ciem
482 5778 601 5846 ejus
650 5777 766 5841 ibit,
809 5798 826 5828 ι
870 5789 982 5838 ’ττι
1021 5778 1401 5849 Symmachus,
1431 5787 1481 5831 et
1512 5778 1871 5849 Hieronymus
1979 5789 2054 5846 te,
2090 5787 2390 5847 «mortem,
2421 5798 2439 5830 ι
2473 5792 2529 5835 et
2558 5797 2577 5831 ι
2610 5777 2883 5836 verbum)
2913 5777 3201 5852 significat.

628 5874 893 5934 ΡΑτιιοι..
941 5875 1055 5933 Gn.
1092 5874 1264 5935 XIII.

3152 5876 3232 5937 b2

3281 5801 3491 5842 UETlUSo
