4032 6308
519 407 661 462 Πνὶῦ

2012 387 2334 448 (lRlGENiS

3644 395 3810 452 1598

509 522 654 579 illud
695 533 911 590 quoque
959 515 1195 584 reperies
1216 502 1266 547 ’³⁷
1304 532 1317 567 :
1359 533 1376 567 ι
1408 512 1676 583 Proposui
1706 513 1759 567 in
1789 519 2083 581 conspectu

2191 508 2406 563 πάντων
2444 510 2477 581 ἡ
2512 506 2645 581 ζωή.
2704 510 2793 564 Ἑν
2840 508 2896 563 δὲ
2938 506 3017 581 τῷ
3049 509 3198 581 νόμῳ
3236 508 3493 581 εὑρήσεις
3543 512 3644 564 καὶ
3687 512 3805 565 τόο

519 626 615 669 tuo
658 613 823 668 vitam
867 617 919 664 et
969 615 1199 661 mortem
1227 646 1241 670 ,
1277 625 1295 658 ι
1329 615 1382 662 et
1413 607 1517 662 hoc
1547 607 1594 639 "'
1633 625 1646 660 :
1702 624 1721 658 ι
1758 604 1825 660 Ει
1848 606 1952 659 erit
1979 604 2085 657 vita

520 716 610 760 tua
644 702 801 773 quasi
828 699 1067 770 pendens
1090 706 1216 752 ante
1242 707 1312 763 te,
1349 716 1367 750 ι
1406 707 1460 754 et
1485 698 1628 753 istud
1653 698 1698 730 "
1730 714 1745 751 :
1779 715 1797 749 ι
1828 694 1945 750 Non
1969 710 2086 750 cre-

516 796 657 852 detis
680 793 806 848 vitae
839 799 1052 852 vestrae.
1092 810 1110 843 ι
1143 788 1307 845 Sedet
1332 798 1508 844 autem
1542 789 1595 843 in
1626 787 1754 845 sede
1786 786 2088 856 maiestatis

516 901 630 942 sum
655 883 828 939 Filius
855 881 1114 946 hominis,
1150 896 1275 936 cum
1308 881 1360 935 in
1394 881 1601 935 nullum
1626 879 1798 950 quiin
1829 878 1939 933 Deo
1968 879 2088 932 sine

510 979 724 1033 honore
749 990 813 1031 ac
850 973 1020 1046 gloria
1046 973 1139 1040 sit,
1174 971 1380 1027 obtinet
1413 972 1732 1042 imperium;
1776 982 1906 1026 tunc
1939 968 2085 1023 enim

512 1069 829 1140 quicunque
873 1064 1041 1136 gloria
1092 1064 1161 1118 ab
1203 1062 1517 1118 hominibus
1563 1061 1741 1118 ail‘ecti
1789 1077 1897 1115 non
1936 1067 2084 1127 sunt,

514 1174 692 1229 neque
736 1158 792 1212 in
836 1173 903 1213 eo
945 1156 1266 1218 laborarunt
1313 1165 1374 1211 ut
1417 1155 1643 1226 gloriam
1678 1154 1747 1209 ab
1772 1151 2087 1207 hominibus

511 1256 1019 1319 consequerentur,
1075 1248 1168 1303 sed
1219 1264 1240 1299 ι
1294 1246 1522 1317 gloriam
1570 1259 1691 1315 qua:
1736 1259 1766 1298 a
1808 1242 1926 1298 solo
1976 1239 2088 1294 Deo

512 1349 597 1395 est
631 1341 674 1405 ¹,
710 1358 730 1392 ι
784 1338 1176 1408 quaesiverunt,
1230 1336 1377 1393 illius
1410 1351 1577 1407 regno
1606 1333 1965 1405 subiicientur
1992 1330 2086 1400 qui

513 1430 664 1488 sedet
690 1433 743 1484 in
773 1430 900 1486 sede
925 1428 1229 1497 maiestatis
1252 1444 1365 1483 suae
1392 1446 1409 1482 :
1432 1437 1561 1482 tunc
1584 1435 1764 1481 autem
1792 1425 2091 1480 exaudiun-

515 1530 604 1575 tur
656 1527 783 1574 vota
835 1517 1146 1573 Serv-atoris
1191 1516 1421 1572 dicentis
1451 1517 1518 1569 ἐ
1558 1533 1575 1566 ι
1618 1514 1806 1579 Pater,
1852 1511 2089 1567 clarifica

511 1628 603 1669 me
628 1611 876 1667 claritate
901 1623 1068 1681 quam
1099 1607 1285 1675 habui,
1308 1607 1627 1678 priusquam
1657 1603 1894 1659 mundus
1921 1611 2085 1671 esset,

514 1704 657 1775 apud
685 1712 753 1757 te.
792 1720 812 1755 ι

587 1794 679 1849 24.
723 1790 818 1848 Sin
846 1806 977 1846 vero
1005 1789 1244 1845 Verbum
1283 1788 1468 1843 animo
1509 1783 1966 1857 comprehendere
1991 1799 2089 1855 po-

515 1894 596 1940 tes
622 1885 677 1938 in
707 1883 998 1956 pristinum
1027 1890 1228 1938 statum
1269 1879 1577 1935 restitutum
1600 1917 1615 1942 ,
1646 1885 1931 1946 postquam
1960 1890 2088 1931 caro

515 1976 717 2032 factum
766 1984 869 2040 est,
923 1987 1132 2029 necnon
1173 1979 1228 2028 et
1259 1983 1597 2041 quacunque
1646 1967 1961 2023 hominibus
2009 1964 2090 2020 fa-

514 2074 663 2121 ctum
693 2074 796 2132 est,
827 2080 951 2120 cum
973 2072 1046 2118 ~ut
1074 2077 1266 2118 omnes
1291 2061 1596 2115 lucraretur
1623 2058 1677 2113 id
1717 2057 1968 2114 eﬂectum
2005 2065 2091 2112 est

514 2154 658 2225 quod
689 2153 1063 2224 unusquisque
1090 2152 1303 2206 illorum
1347 2148 1482 2203 eiiiri
1510 2147 1757 2213 volebat;
1782 2156 1836 2201 et
1869 2145 2090 2201 restitu-

517 2257 663 2313 tum,
708 2253 769 2300 ut
808 2245 914 2299 tale
953 2242 1273 2309 eiliceretur,
1323 2241 1484 2312 quale
1518 2258 1537 2292 ι
1573 2250 1691 2296 erat
1721 2240 1776 2294 in
1822 2239 2088 2310 principio

514 2336 657 2409 apud
683 2335 853 2390 Deum
887 2334 928 2402 ³,
969 2353 988 2386 ι
1021 2349 1145 2388 eum
1181 2332 1324 2387 Deus
1359 2340 1477 2387 erat
1513 2347 1576 2387 ac
1603 2329 1840 2386 Verbum
1873 2330 1929 2384 in
1957 2343 2089 2400 pro-

515 2429 631 2499 pria
665 2426 835 2499 gloria
858 2465 873 2491 ,
919 2424 1077 2495 quasi
1115 2424 1236 2479 talis
1278 2421 1441 2478 Verbi
1477 2422 1683 2494 gloria;
1718 2419 1926 2475 videbis
1958 2418 2089 2474 illud

515 2520 712 2575 sedens
760 2518 813 2572 in
861 2516 993 2573 sede
1034 2514 1336 2586 maiestatis
1382 2529 1530 2578 suae,
1587 2527 1689 2568 nec
1729 2511 1895 2566 alium
1931 2509 2000 2564 ab
2025 2523 2091 2564 eo

517 2609 714 2665 Filium
746 2607 1020 2672 hominis,
1054 2606 1149 2677 qui
1192 2605 1245 2659 in
1270 2603 1398 2660 Iesu
1430 2604 1595 2658 homo
1622 2601 1980 2671 intelligitur;
2013 2599 2087 2653 ita

513 2699 660 2756 eltim
690 2714 859 2755 unum
890 2705 976 2754 est
1004 2711 1129 2752 cum
1171 2696 1367 2758 Verbo,
1400 2695 1558 2763 longe
1596 2693 1767 2763 magis
1795 2705 1958 2761 quam
1994 2689 2089 2759 qui

515 2807 657 2847 unus
703 2791 931 2862 spiritus
979 2786 1288 2845 eiliciuntur
1319 2801 1440 2841 eum
1478 2784 1708 2840 Domino
1732 2822 1748 2850 ,
1802 2788 2089 2852 propterea

512 2884 661 2957 quod
689 2883 767 2938 illi
793 2882 1106 2937 adhaereant
1131 2883 1174 2932 ⁵.
1241 2876 1396 2932 Tunc
1424 2885 1629 2943 autem,
1657 2873 1876 2945 quando
1900 2871 2091 2927 videli-

514 2985 601 3032 cet
627 2976 684 3030 in
715 2972 1021 3028 Servatoris
1069 2970 1470 3025 resurrectione
1516 2967 1630 3022 hac
1658 2966 1940 3032 evenient,
1993 2962 2089 3033 qui

514 3063 838 3133 reliquerint
861 3061 1047 3115 omnia
1069 3099 1084 3125 ,
1113 3066 1166 3113 et
1196 3059 1373 3127 ipsum
1404 3056 1577 3111 secuti
1617 3052 1852 3117 iuerint,
1905 3063 2090 3122 utpote

2193 624 2212 655 ι
2256 603 2488 658 Τέθεικα
2520 605 2620 676 τὴν
2647 604 2792 678 ζωὴν
2831 608 2925 661 καὶ
2957 607 3045 661 τὸν
3087 607 3314 662 θάνατον
3342 608 3451 681 πρὸ
3481 609 3805 679 προσώπου

2190 712 2305 759 σου,
2344 715 2362 745 ι
2399 696 2492 750 καὶ
2518 697 2598 750 τό·
2638 716 2656 746 ι
2700 698 2892 751 ’Ἔσται
2916 700 2949 768 ή
2977 698 3087 768 ζωή
3123 715 3216 752 σου
3252 699 3574 772 κρεμαμένη
3605 700 3804 755 ἀπέν-

2188 802 2308 839 αντι
2358 785 2466 841 τῶν
2506 786 2799 858 ὀφθαλμῶν
2854 786 3029 857 ὑμῶν,
3066 789 3240 859 »καῖ’
3281 809 3300 840 ι
3346 790 3422 843 Οὐ
3451 790 3525 861 μὴ
3556 790 3801 844 πιστεύ-

2189 893 2319 948 σητε
2357 879 2424 949 τῇ
2461 876 2574 950 ζωῇ
2604 878 2757 949 ὑμῶν
2780 896 2793 909 υ
2837 898 2855 931 ι
2891 879 3198 944 Καθέζεται
3229 880 3286 932 δὲ
3326 882 3355 933 ὁ
3394 881 3523 944 Υἱὸς
3549 880 3648 935 τοῦ
3683 883 3800 936 ἀν-

2188 967 2407 1039 θρώπου
2441 968 2533 1022 ἐπὶ
2576 968 2763 1040 θρόνου
2791 968 2950 1042 δόξης
2979 971 3166 1037 αὑτοῦ,
3206 970 3419 1035 οὐδενὸς
3447 972 3647 1045 ἀτίμου
3684 975 3797 1028 καὶ

2187 1059 2374 1126 ἀδόξου
2403 1061 2460 1113 ὲν
2486 1058 2604 1130 Θεῷ
2633 1059 3047 1131 βασιλευομένου
3075 1062 3166 1114 ὑπ’
3205 1061 3399 1115 αὐτοῦ’
3430 1062 3632 1127 πάντες
3668 1065 3797 1137 γὰρ

2187 1149 2310 1202 τότε
2333 1150 2382 1202 οἱ
2417 1149 2491 1220 μὴ
2518 1148 2674 1214 δόξαν
2699 1149 2851 1221 παρὰ
2882 1150 3185 1223 ἀνθρώπων
3212 1151 3602 1223 λαμϐάνοντες,
3639 1155 3792 1225 μηδὲ

2190 1239 2472 1305 ποιοῦντες
2506 1240 2642 1311 πρὸς
2679 1240 2738 1294 τὸ
2777 1241 3101 1311 δοξασθῆναι
3146 1240 3250 1295 ὑπὸ
3291 1240 3400 1295 τῶν
3450 1241 3790 1315 ἀνθρώπων,

2188 1332 2324 1386 ἀλλὰ
2366 1331 2464 1403 τὴν
2513 1332 2670 1399 δόξαν
2705 1335 2804 1405 τὴν
2835 1334 2942 1387 ἀπὸ
2982 1333 3072 1387 τοῦ
3117 1334 3277 1405 μόνου
3321 1332 3608 1405 ζητοῦντες
3636 1336 3788 1405 (87),

2190 1422 2675 1494 βασιλευθήσονται
2708 1425 2813 1477 ὑπὸ
2845 1423 2939 1479 τοῦ
2974 1425 3284 1495 καθημένου
3324 1425 3418 1478 ἐπὶ
3457 1424 3647 1496 θρόνου
3687 1426 3786 1480 δό-

2189 1513 2286 1585 ξης
2315 1513 2510 1568 αὐτοῦ’
2549 1516 2670 1569 τότε
2707 1514 2764 1569 δὲ
2793 1517 2887 1569 καὶ
2910 1515 3221 1570 ἀποδίδοται
3253 1516 3321 1569 τὰ
3351 1517 3452 1588 τῆς
3492 1517 3660 1587 εὐχῆς
3698 1518 3791 1588 τῷ

2187 1607 2400 1678 Σωτῆρι
2427 1606 2706 1678 εὐξαμένῳ
2739 1607 2833 1660 καὶ
2869 1606 3094 1660 εἰπόντι·
3139 1625 3157 1657 ι
3205 1607 3409 1679 Πάτερ,
3449 1606 3677 1674 δόξασόν
3709 1627 3783 1680 με

2187 1701 2253 1770 τῇ
2281 1699 2405 1769 δόξῃ
2496 1694 2639 1769 εἶχον
2671 1697 2823 1769 παρὰ
2851 1697 2935 1751 σοὶ
2963 1697 3068 1769 πρὸ
3089 1696 3182 1749 τοῦ
3206 1697 3296 1752 τὸν
3325 1700 3528 1770 κόσμον
3555 1695 3718 1754 εἶναι.
3753 1720 3780 1752 ι

2256 1790 2319 1842 Εἰ
2342 1789 2398 1842 δὲ
2424 1788 2648 1843 δύνασαι
2671 1790 2861 1860 νοῆσαι
2889 1788 2980 1842 τὸν
3001 1788 3169 1858 Λόγον
3190 1789 3641 1844 ἀποκαταστάντα
3676 1791 3785 1863 μὲν

2192 1880 2328 1952 μετὰ
2361 1881 2420 1933 τὸ
2443 1880 2724 1949 γεγονέναι
2750 1880 2910 1933 αὑτὸν
2932 1879 3131 1952 σάρκα,
3165 1880 3258 1933 καί⁸
3297 1881 3397 1933 ὅσα
3437 1881 3629 1951 γέγονε
3664 1886 3780 1947 τοῖς

2186 1973 2482 2043 γεννητοῖς,
2542 1971 2826 2041 γινόμενος
2881 1972 3065 2035 αὐτοῖς
3126 1972 3265 2043 ὅπερ
3314 1972 3547 2036 ἕκαστος
3596 1973 3784 2026 αὐτῶν

2188 2060 2386 2133 ἔχρῃζε
2422 2061 2702 2129 γενέσθαι,
2729 2061 2815 2115 ἵνα
2835 2062 2961 2126 τοὺς
2992 2062 3200 2126 πάντας
3227 2062 3488 2135 κερδήσῃ,
3518 2063 3613 2117 καὶ
3641 2064 3781 2117 ἀπο-

2188 2151 2554 2214 καταστάντα,
2583 2151 2672 2205 ἵνα
2702 2150 2923 2222 γένηται
2955 2153 3137 2215 ὁποῖος
3187 2171 3205 2202 ι
3241 2147 3308 2223 ἦν
3343 2153 3400 2205 ὲν
3448 2153 3591 2224 ἀρχῇ
3638 2154 3778 2224 πρὸς

2187 2242 2277 2298 τὸν
2304 2241 2457 2306 Θεὸν,
2491 2261 2509 2294 ι
2540 2242 2673 2307 Θεὸς
2706 2244 2800 2296 καὶ
2825 2243 2997 2312 Λόγος
3026 2242 3103 2298 ὢν
3132 2243 3243 2314 (88)
3276 2245 3334 2299 ὲν
3486 2245 3593 2316 ἰδίᾳ
3623 2245 3772 2319 δόξῃ,

2188 2338 2263 2401 ὡς
2295 2337 2468 2407 Λόγου
2495 2337 2733 2392 τοιούτου
2769 2337 2922 2411 δόξῃο
2953 2338 3072 2411 ὄψει
3101 2339 3263 2393 αὑτὸν
3295 2339 3657 2411 καθεζόμενον
3680 2343 3775 2396 ἐπὶ.

2190 2428 2377 2500 θρόνου
2398 2428 2554 2499 δόξης
2574 2429 2759 2493 αὑτοῦ,
2784 2429 2878 2483 καὶ
2894 2428 2990 2499 οὐχ
3007 2429 3193 2500 ἕτερον
3216 2429 3380 2484 αὑτοῦ
3403 2431 3494 2484 τὸν
3519 2431 3645 2485 Υίὸν
3661 2433 3771 2503 (89)

2189 2518 2284 2574 τοῦ
2317 2518 2626 2591 ἀνθρώπου,
2661 2520 2753 2574 τὸν
2777 2519 2918 2574 κατὰ
2947 2520 3039 2574 τὸν
3079 2520 3287 2591 Ἰησοῦν
3309 2519 3595 2592 ἄνθρωπον
3625 2522 3775 2576 vecti-

2194 2628 2351 2682 μενον
2369 2627 2382 2640 ’
2422 2611 2478 2664 ἓν
2499 2611 2608 2680 γὰρ
2633 2609 2805 2674 οὔτως
2834 2609 2912 2683 τῷ
2942 2611 3098 2682 Λόγῳ
3129 2610 3359 2682 γίνεται,
3389 2611 3607 2675 πάντως
3642 2613 3772 2684 μᾶλ-

2189 2701 2279 2755 λον
2303 2700 2432 2766 τῶν,
2459 2700 2546 2754 διὰ
2572 2701 2634 2754 τὸ
2665 2700 2958 2771 κολλᾶσθαι
2992 2701 3069 2772 τῷ
3099 2700 3290 2772 Κυρίῳ
3310 2741 3325 2765 ,
3369 2702 3671 2773 γινομένων
3715 2703 3773 2756 ἓν

2193 2790 2410 2862 πνεῦμα
2439 2790 2574 2863 πρὸς
2613 2790 2795 2844 αὐτόν.
2838 2792 2972 2845 Τότε
3003 2790 3083 2855 δὲ,
3123 2792 3286 2862 ἡνίκα
3323 2791 3389 2844 ἂν
3412 2791 3583 2845 ταῦτα
3615 2794 3672 2846 ὲν
3704 2795 3772 2865 τῇ

2191 2880 2632 2935 ἀποκαταστάσει
2666 2879 2762 2933 τοῦ
2796 2880 3051 2952 Σωτῆρος
3091 2881 3322 2950 γίνεται,
3367 2882 3463 2934 καὶ
3510 2882 3559 2936 oi
3611 2881 3772 2951 ἀφέν-

2190 2989 2283 3036 τες
2329 2973 2504 3027 πάντα
2553 2972 2646 3026 καὶ
2693 2970 3157 3043 ἀκολουθήσαντες
3202 2969 3352 3043 αὐτῷ
3401 2970 3768 3038 καθεδοῦνται,

2193 3065 2270 3126 ὡς
2314 3081 2332 3114 ι
2384 3063 2696 3135 σύμμορφοι
2742 3061 3022 3134 γενόμενοι
3080 3061 3158 3132 τῷ
3203 3060 3442 3133 σώματι,
3486 3082 3504 3114 ι
3550 3063 3642 3115 καὶ
3687 3060 3766 3133 τῷ

512 3153 607 3226 qui
642 3172 663 3205 ι
697 3149 1023 3221 contigurati
1049 3146 1266 3216 corpori
1293 3151 1348 3211 ³,
1386 3163 1405 3196 ι
1442 3152 1495 3198 et
1531 3145 1729 3199 throno
1769 3162 1789 3195 ι
1821 3144 2088 3198 claritatis

2194 3153 2368 3226 θρόνῳ
2403 3171 2422 3205 ι
2452 3154 2551 3224 τῆς
2572 3154 2729 3224 δόξης
2754 3152 2847 3208 τοῦ
2876 3152 3132 3224 Χριστοῦ,
3163 3154 3256 3207 ἐπὶ
3286 3153 3499 3226 θρόνους
3536 3152 3763 3218 δώδεκα,

513 3246 635 3316 eius
669 3263 687 3296 ι
727 3241 906 3298 eil‘ecti
939 3240 1080 3307 sint,
1135 3236 1400 3294 sedcbunt
1438 3254 1458 3288 ι
1494 3250 1660 3305 super
1693 3234 1852 3290 sedes
1877 3233 2084 3289 duode-

513 3338 643 3405 cim,
687 3336 999 3407 iudicantes
1050 3332 1335 3387 duodecim
1385 3329 1560 3384 tribus
1595 3326 1762 3383 Israel
1797 3328 1840 3383 ⁸.
1875 3346 1894 3380 ι
1948 3326 2086 3383 Tota

512 3427 660 3482 enim
700 3426 980 3496 iustorum
1026 3423 1137 3478 vita
1184 3420 1472 3477 duodecim
1522 3419 1696 3475 tribus
1723 3418 1884 3474 israel
1924 3417 2083 3473 ﬁdem

512 3516 741 3571 minime
783 3515 1063 3584 amplexas
1104 3512 1405 3583 iudicabit;
1457 3521 1511 3566 et
1554 3511 1786 3580 apostoli
1842 3510 2085 3580 quidem,

510 3608 716 3679 quique
761 3607 1116 3678 apostolicam
1145 3605 1310 3659 vitam
1347 3602 1587 3658 aemulati
1616 3608 1671 3656 et
1698 3602 1933 3657 assecuti
1970 3600 2090 3657 fue-

510 3700 653 3765 rint,
698 3697 1023 3768 iudicabunt
1089 3709 1404 3767 generosos,
1452 3693 1596 3764 quod
1643 3692 1902 3747 israelitze
1950 3693 2082 3757 sint,

508 3807 613 3849 nec
641 3807 728 3848 res
761 3790 1125 3861 generositate
1154 3803 1255 3844 sua
1292 3786 1487 3857 dignas
1511 3783 1779 3855 gesserint
1811 3801 1824 3838 :
1858 3798 1925 3839 ac
1953 3784 2087 3840 illud

506 3883 745 3939 fortasse
792 3881 940 3954 quod
985 3879 1286 3954 Corinthiis
1330 3878 1533 3933 dictum
1562 3884 1647 3931 est
1673 3877 1693 3908 ⁷
1727 3893 1742 3930 :
1781 3893 1800 3928 ι
1836 3873 1895 3928 in
1928 3875 2086 3931 vobis

502 3975 840 4047 iudicabitur
871 3973 1041 4045 688
1076 3971 1313 4026 mundus
1333 4012 1347 4037 ,
1382 3988 1401 4021 ι
1442 3969 1512 4024 iis
1538 3968 1738 4023 dicitur
1765 3966 1859 4036 qui
1887 3981 1919 4022 e
1949 3981 2082 4037 gen-

2188 3244 2467 3317 κρίνοντες
2502 3243 2602 3308 τὰς
2637 3243 2846 3299 δώδεκα
2886 3244 3060 3314 φυλάς
3085 3245 3177 3298 τοῦ
3219 3244 3456 3317 Ἰσραήλ.
3490 3263 3509 3297 ι
3552 3245 3611 3298 '0
3659 3244 3767 3317 γὰρ

2188 3335 2308 3400 ὅλος
2343 3333 2455 3404 βίος
2494 3331 2603 3386 τῶν
2640 3332 2863 3387 δικαίων
2905 3335 3083 3405 κρινεῖ
3104 3332 3202 3397 τὰς
3238 3333 3312 3405 μὴ
3352 3331 3771 3399 πεπιστευκυίας

2188 3423 2395 3479 δώδεκα
2422 3421 2593 3491 φυλὰς
2619 3422 2712 3475 τοῦ
2760 3422 2996 3494 Ἰσραήλ.
3030 3422 3142 3477 Καὶ
3176 3423 3422 3495 κρινοῦσι
3449 3441 3515 3493 γε
3552 3426 3602 3478 οἱ
3643 3423 3771 3478 ἁπό-

2193 3515 2390 3579 στολοι,
2416 3513 2511 3567 καί¹
2536 3514 2584 3566 οί
2616 3512 2708 3566 τὸν
2740 3513 3094 3568 ἀποστολικὺν
3137 3511 3472 3585 ἐζηλωκότες
3519 3514 3653 3585 βίον,
3680 3515 3771 3569 καὶ

2191 3606 2616 3678 κατωρθωκότες
2654 3607 2778 3671 τοὺς
2807 3605 3045 3675 εὐγενεῖς
3073 3605 3190 3677 μὲν,
3224 3605 3311 3660 διὰ
3338 3605 3397 3658 τὸ
3425 3602 3560 3661 εἶναι
3582 3607 3768 3670 αὐτοὺς

2207 3697 2547 3771 Ἰσραηλίτας
2569 3739 2584 3763 ,
2611 3698 2671 3751 οὐ
2702 3696 2771 3750 τὰ
2809 3696 2934 3762 ἄξια
2960 3698 3017 3751 δὲ
3041 3698 3138 3768 τῆς
3162 3698 3441 3764 εὐγενείας
3477 3698 3767 3769 πεποιηκό-

2189 3807 2309 3852 τας.
2348 3788 2501 3858 Τάχα
2527 3788 2585 3841 δὲ
2615 3787 2675 3842 τὸ
2703 3786 2829 3858 μέν·
2863 3807 2882 3838 ι
2918 3788 3005 3841 Ἐν
3029 3788 3155 3858 ὑμῖν
3175 3788 3421 3859 κρίνεται
3452 3787 3481 3839 ὁ
3502 3788 3719 3860 κόσμος,
3744 3797 3763 3828 ³

2187 3881 2326 3952 πρὸς
2357 3879 2676 3951 Κορινθίους
2703 3878 3045 3950 λελεγμένον,
3067 3878 3284 3947 λέγεται
3333 3879 3478 3951 πρὸς
3514 3881 3639 3944 τοὺς
3667 3880 3767 3934 ἀπὸ

2184 3971 2291 4025 τῶν
2328 3968 2526 4024 ὲθνῶνο
2576 3970 2637 4023 τὸ
2668 3969 2759 4023 δέ’
2801 3990 2819 4021 ι
2873 3969 3178 4025 Καθίσεσθε
3216 3970 3311 4024 καὶ
3351 3970 3506 4024 αὐτοὶ
3536 3972 3629 4025 ἐπὶ
3669 3970 3765 4023 δὼ-

503 4066 646 4121 tium
689 4077 918 4120 numero
962 4073 1122 4129 sunt;
1171 4060 1316 4117 istud
1370 4060 1544 4116 vero8
1583 4076 1596 4114 :
1642 4075 1661 4108 ι
1711 4057 1981 4112 Sedebitis
2026 4066 2083 4113 et

2191 4061 2314 4116 Βεκα
2325 4061 2569 4133 θρόνους,
2582 4078 2615 4113 κ
2624 4061 2856 4133 ρίνοντες
2869 4061 2966 4125 τὰς
2977 4059 3183 4116 δώδεκα.
3198 4060 3366 4132 φυλὰς
3382 4061 3478 4115 τοῦ
3493 4062 3721 4134 Ἰσραὴλ,
3738 4080 3759 4113 a

1728 4147 1955 4209 VETUS
1991 4148 2577 4210 INTERPRETATIO.

505 4247 643 4303 vita.
688 4243 861 4300 Morte
888 4244 1037 4300 enim
1090 4244 1392 4300 constituta
1426 4252 1555 4314 ante
1587 4242 1791 4314 faciem,
1832 4242 2140 4314 liomjnum,
2176 4260 2284 4299 non
2319 4244 2560 4300 creditur
2604 4243 2712 4297 vita
2761 4245 2831 4299 ab
2860 4244 2945 4300 his
2976 4244 3069 4314 qui
3099 4252 3350 4314 tenentur
3379 4258 3409 4299 a
3441 4252 3647 4309 morte;
3677 4243 3763 4299 de-

508 4325 880 4396 struetajero
903 4322 1097 4396 morte,
1127 4315 1196 4396 ab
1225 4314 1481 4396 omnibus
1512 4313 1620 4367 vita
1640 4312 1910 4396 greditur.
1941 4310 2075 4396 Tale
2120 4314 2325 4384 aliquid
2362 4315 2601 4396 positum
2632 4322 2715 4369 est
2744 4315 2803 4396 in
2849 4314 2965 4385 lege
2996 4310 3066 4368 ita
3103 4332 3116 4367 :
3154 4332 3172 4365 ι
3219 4312 3385 4368 Posui
3426 4323 3561 4396 ante.
3581 4314 3759 4396 faciem

507 4396 661 4441 tuam
688 4385 853 4453 vitam
897 4393 952 4438 et
1000 4392 1253 4439 mortem;
1299 4402 1327 4453 ε
1356 4382 1484 4437 item
1519 4399 1535 4437 :
1574 4399 1594 4433 ι
1624 4380 1755 4453 _Erit
1799 4381 1912 4436 vita
1950 4393 2131 4438 vestra
2165 4380 2429 4453 suspensa
2476 4391 2604 4437 ante
2636 4385 2825 4438 oculos
2859 4380 3092 4447 vestros,
3120 4392 3175 4438 et
3205 4400 3312 4437 non
3361 4384 3595 4440 credetis
3641 4386 3757 4438 vitae

508 4464 724 4512 vestrae.
760 4472 781 4507 ι
816 4452 1242 4524 ὃοᾱεῢηοιιιοςιι
1289 4452 1460 4507 Filius
1490 4450 1732 4524 hominis
1765 4466 1929 4524 super
1958 4452 2140 4524 sedem
2174 4450 2361 4524 gloriae
2393 4469 2529 4524 suae,
2564 4468 2689 4507 cum
2738 4453 2921 4508 nullus
2950 4453 3378 4524 contemptibilis
3416 4462 3471 4507 et
3504 4453 3757 4524 inglorius

509 4525 674 4583 fuerit
704 4526 761 4578 in
810 4538 983 4593 regno
1008 4522 1149 4593 eius.
1182 4520 1384 4593 Omnes
1415 4522 1561 4576 enim
1595 4531 1733 4593 tunc
1752 4521 1846 4593 qui
1876 4521 2104 4593 gloriam
2140 4520 2209 4578 ab
2245 4522 2560 4593 hominibus
2594 4537 2704 4576 non
2739 4531 3088 4589 acceperunt,
3120 4520 3221 4576 nec
3270 4523 3517 4593 iecerunt
3563 4520 3759 4591 aliquid

510 4605 572 4651 ut
602 4594 671 4651 ab
704 4590 1018 4650 hominibus
1039 4590 1512 4662 'gloriilcarentur,
1554 4591 1658 4662 sed
1687 4590 1919 4662 gloriam
1965 4591 2140 4662 solam
2185 4607 2308 4662 qua-
2339 4608 2406 4662 ex
2449 4591 2559 4662 Deo
2586 4601 2672 4646 est
2699 4593 3056 4662 quaesierunt,
3084 4591 3569 4662 gregenerabuntur
3601 4590 3670 4647 ab
3701 4608 3765 4648 eo

510 4665 609 4736 qui
641 4664 1030 4742 sederitsuper
1056 4658 1239 4742 sedem
1258 4660 1441 4742 gloriae
1465 4674 1598 4715 suae.
1617 4658 1773 4715 Tunc
1794 4658 2310 4742 implebituroratio.
2330 4661 2556 4742 Christi,
2582 4658 2745 4731 quam
2780 4661 2957 4716 oravit
2985 4672 3039 4717 et
3064 4658 3201 4717 dixit
3226 4678 3240 4717 :
3274 4679 3293 4714 ι
3329 4661 3513 4730 Pater,
3534 4663 3761 4733 εισι-ἰῆτο

510 4728 601 4791 the
625 4748 689 4790 ea
720 4733 890 4802 gloria
923 4728 1087 4802 quam
1123 4728 1310 4802 habui,
1336 4731 1656 4802 priusquam
1681 4728 1925 4802 mundus
1965 4728 2138 4802 ﬁeret,
2172 4732 2314 4802 apud
2354 4740 2425 4786 te.
2465 4750 2484 4783 ι

581 4803 676 4859 24.

763 4804 778 4857 i
816 4797 997 4857 autem
1042 4813 1197 4873 potes
1238 4797 1537 4873 intelligere
1569 4797 1809 4873 Verbum
1852 4800 2162 4873 restitutum
2199 4797 2699 4873 postquamlaetus
2741 4799 2919 4873 fuerat
2955 4814 3100 4866 caro,
3133 4811 3186 4856 et
3222 4801 3406 4857 omnia
3436 4816 3763 4872 quaecunque

511 4870 693 4941 factus
718 4880 823 4936 est,
861 4869 1161 4941 seeuudum
1191 4871 1338 4941 quod
1369 4869 2158 4941 unusquisqueneeessarium
2198 4869 2691 4941 ileri_habuit_eum
2732 4870 2840 4941 sibi
2871 4879 2930 4923 ut
2966 4885 3160 4926 omnes
3208 4869 3469 4935 lucretur,
3503 4883 3557 4927 et
3586 4869 3760 4941 posiea

511 4940 848 5019 restitutum,
872 4940 1069 5019 _ut_iiat
1107 4937 1284 5010 qualis
1302 4940 1422 5019 fuit
1461 4958 1482 4992 ι
1518 4937 1576 4994 in
1605 4937 1874 5019 principio
1907 4940 2049 5019 apud
2085 4938 2273 5019 Deum,
2306 4939 2449 4995 Deus
2478 4939 2622 5019 enim
2652 4949 2774 4994 erat
2798 4937 3060 5019 verbum,
3093 4958 3112 4992 ι
3167 4941 3220 5019 in
3256 4941 3426 5019 gloria
3464 4937 3616 5019 s_ua,_’_
3617 4943 3761 5019 quasi

515 5008 753 5090 γει-ἰξατο
797 5009 1006 5090 videbis
1050 5008 1174 5090 cum
1224 5009 1516 5090 sedentem.
1548 5008 1712 5079 super
1759 5008 1953 5090 sedem
1975 5009 2173 5090 gloriae
2199 5024 2342 5090 suae,
2378 5009 2597 5090 quando
2644 5023 2751 5062 non
2800 5010 2964 5090 aiium
2998 5010 3075 5090 .ab
3105 5026 3171 5065 eo
3208 5008 3763 5090 huicliexer’isFilium

512 5078 882 5161 homin‘ianui
921 5080 1219 5161 secundum
1248 5095 1459 5161 corpus
1501 5078 2152 5161 homocexistimab’at’ur.
2221 5078 2377 5133 Tunc
2425 5086 2607 5161 autem
2638 5094 2785 5161 _cum
2835 5080 2968 5161 haec
2998 5079 3052 5133 in
3084 5081 3427 5161 restitutione
3474 5080 3761 5136 Salvatoris

510 5149 718 5207 fuerint
762 5147 928 5215 facta,
968 5157 1022 5203 et
1059 5150 1153 5220 qui
1185 5147 1521 5220 reliquerunt
1558 5148 1764 5216 omnia,
1805 5159 1860 5204 et
1897 5149 2068 5204 secuti
2116 5160 2247 5205 sunt
2293 5163 2454 5215 eum,
2506 5148 2774 5203 sedebant
2813 5151 2972 5219 quasi
3021 5149 3333 5207 confer-mes
3368 5150 3497 5206 iacti
3528 5150 3760 5221 corporis

580 5287 626 5320 ⁸⁷
664 5287 882 5343 Deuter.
924 5286 1166 5349 xxx,15.
1241 5287 1289 5319 ’⁸
1328 5285 1548 5341 Deuter.
1581 5301 1772 5351 xxvm,
1811 5283 1899 5339 66.
1975 5284 2022 5318 ⁹⁹
2061 5283 2192 5340 ibid.

510 5356 538 5392 ι
569 5357 591 5413 ι
619 5357 747 5414 Cor.
776 5372 850 5420 vn,
883 5354 969 5411 i7.
1044 5356 1065 5388 ⁸
1103 5355 1299 5427 Philip.
1333 5372 1418 5422 ιιι,
1443 5358 1535 5413 21.
1610 5357 1631 5388 °
1669 5355 1858 5411 Matth.
1886 5369 2001 5422 xxx,
2034 5353 2127 5410 28.

581 5496 695 5638 (87g
735 5497 875 5619 Lege
902 5497 1061 5569 μόνου
1094 5495 1229 5550 Θεοῦ
1260 5494 1568 5576 ζητοῦντες.

582 5567 672 5638 (88
734 5571 808 5638 ρε
846 5588 878 5633 ς
909 5568 1007 5621 καὶ
1038 5566 1357 5638 Λόγος-ῶν.
1390 5566 1481 5621 Sic
1508 5564 1568 5638 ii.

582 5561 695 5639 (88)
734 5561 878 5639 ᾃεός
903 5561 1007 5621 καὶ
1038 5561 1357 5639 Λόγος-ὡκ.
1390 5566 1481 5621 Sic
1604 5565 1753 5633 θοὰς
1780 5574 1835 5618 at
1869 5561 1934 5616 Β.
1948 5561 2092 5639 θεὸς

511 5630 686 5705 Λόγος
736 5630 963 5705 ῶνῇριιί
1008 5630 1282 5691 consentit
1316 5644 1487 5705 vetus
1520 5630 1800 5705 interpret.
1835 5650 1847 5685 :
1885 5650 1904 5683 ι
1947 5630 2091 5686 Deus

513 5703 663 5776 enim
678 5716 800 5776 emt
824 5703 1069 5776 ‘Verbum
1105 5705 1159 5759 in
1190 5704 1363 5776 gloria
1386 5720 1505 5776 sua.
1537 5723 1557 5776 ι
1598 5703 1863 5776 Huerlus.

584 5773 694 5843 (89)
734 5772 839 5825 Καὶ
881 5777 993 5843 οὐχ
1031 5767 1235 5843 ἕτερῶ
1266 5773 1453 5825 αὐτοῦ
1494 5772 1598 5825 τὸν
1647 5774 1805 5839 Υιόν,
1849 5779 1955 5825 etc.
2002 5767 2096 5823 Sic

2296 5284 2312 5315 ¹
2352 5282 2511 5341 Joan.
2548 5300 2602 5351 ν,
2629 5284 2720 5339 44.
2763 5288 2818 5355 U‘
2856 5284 3018 5343 Joan.
3070 5301 3205 5350 avn,
3267 5288 3320 5342 5.
3397 5286 3419 5319 ⁸
3452 5285 3614 5345 Joan.
3647 5290 3743 5355 ιβ

2202 5355 2222 5386 ⁷
2260 5352 2277 5406 l
2306 5354 2433 5408 Cor.
2468 5371 2540 5422 vr,
2572 5356 2626 5409 2.
2702 5355 2724 5386 ⁸
2761 5352 2952 5410 Matth.
2988 5372 3100 5423 χιιι,
3126 5358 3217 5411 28.

2193 5492 2357 5548 habet
2404 5495 2588 5574 codex,
2627 5491 2864 5574 Regius,
2908 5510 3125 5574 necnon
3170 5494 3758 5574 Anglicanus,__qulbu_s

2194 5564 2468 5633 consentit
2508 5572 2664 5633 vetus
2687 5564 2937 5633 _interpr.
2977 5581 2989 5617 :
3033 5581 3051 5614 ι
3086 5564 3318 5633 Quando
3366 5580 3476 5620 non
3507 5564 3671 5620 alium
3697 5567 3757 5621 ab

2194 5645 2262 5685 eo
2308 5631 2640 5687 intellexeris
2686 5630 2883 5686 Filium
2932 5633 3191 5690 hominis.
3224 5652 3242 5684 ι
3284 5632 3463 5688 Editio
3488 5634 3665 5691 Huetii
3705 5636 3755 5693 in

2196 5708 2345 5780 testu
2381 5702 2592 5782 omisit,
2648 5701 2834 5767 αὐτοῦ,
2889 5703 3046 5773 quasi
3092 5703 3259 5775 desit~
3295 5704 3348 5759 iu
3401 5705 3589 5760 codice
3637 5704 3751 5769 Hel:

2199 5779 2419 5825 mensi.
3638 5779 3644 5783 ⁴
3742 5780 3747 5785 ’
