4032 6308
515 422 660 484 ι’ὂῖῖ

1972 423 2293 481 ORIGENIS

3678 420 3831 479 1328

502 563 834 622 persuasum
880 546 1173 609 habentes,
1239 544 1553 616 quicunque
1600 562 1733 603 suos
1786 547 2072 603 secundum

2188 544 2315 598 ἄλλο
2338 561 2412 609 τι,
2440 545 2555 599 ἀλλ’
2585 545 2769 604 ἕνεκεν
2804 545 2894 600 τοῦ
2920 546 3184 619 ὀνόματος
3218 546 3393 616 Ἰησοῦ
3416 585 3431 613 ,
3460 543 3830 598 πολλαπλα-

504 658 732 699 carnem
776 639 991 704 fratres,
1036 647 1092 692 et
1117 637 1235 694 solo
1257 654 1487 708 corpore
1527 648 1789 710 cognatas
1838 652 2078 704 sorores,

512 745 868 802 eorporumve
913 730 1220 799 genitores,
1270 738 1325 785 et
1351 731 1535 786 carnis
1564 731 1705 787 filios
1724 772 1738 797 ,
1773 746 1838 787 ac
1860 731 1996 786 sitos
2025 731 2079 785 in

512 826 614 878 hac
638 820 957 876 exsecrabili
987 829 1131 877 terra
1161 837 1323 893 agros
1343 862 1358 886 ,
1391 830 1445 876 et
1464 821 1656 876 domos
1674 863 1691 885 ,
1721 836 1831 875 non
1858 821 2080 877 alterius

507 914 751 985 cujusvis
794 914 874 970 rei
904 929 1093 980 causa,
1128 915 1220 970 sed
1263 923 1483 984 propter
1507 914 1683 969 solum
1716 912 1843 968 Iesu
1881 928 2078 967 nomen

508 1007 814 1077 reliquerit,
867 1006 1026 1077 longe
1071 1007 1228 1076 plura
1265 1015 1631 1076 recepturum.
1694 1005 1891 1076 Magno
1931 1005 2078 1061 enim

500 1114 759 1165 numero,
791 1106 867 1164 et,
915 1097 961 1152 si
990 1097 1062 1151 ita
1089 1096 1239 1167 loqui
1272 1095 1352 1151 fas
1373 1105 1487 1162 est,
1520 1097 1733 1152 infinito
1764 1112 1795 1151 a
1824 1096 2080 1166 spiritali-

509 1190 610 1243 bus
653 1186 958 1257 corporalia
1009 1195 1374 1256 superantur,
1427 1194 1483 1241 et
1522 1195 1879 1255 praeterquam
1930 1183 2077 1255 quod

507 1279 659 1348 plura
692 1277 935 1348 recipiet,
964 1277 1030 1332 ad
1053 1285 1333 1341 aeternam,
1360 1292 1467 1331 non
1497 1276 1761 1333 caducam
1791 1285 1846 1332 et
1872 1285 2079 1348 tempo-

502 1370 706 1426 rariam
732 1378 1021 1441 provectus
1052 1368 1255 1435 vitam,
1281 1383 1401 1423 eam
1431 1368 1746 1426 haereditate
1768 1371 2028 1426 sortietur
2061 1390 2073 1426 :

504 1461 662 1530 longe
689 1461 871 1531 plures
898 1459 1042 1513 enim
1071 1455 1266 1512 fratres
1288 1472 1354 1512 ac
1380 1472 1617 1526 sorores,
1641 1474 1805 1528 quam
1831 1460 1925 1531 qui
1957 1475 2078 1530 pro-

504 1557 623 1620 pter
662 1549 889 1605 verbum
925 1546 1016 1601 Dei
1047 1546 1217 1601 relicti
1260 1546 1406 1610 sint,
1459 1561 1889 1604 commemorare
1917 1547 2078 1605 facile

502 1649 590 1697 est
635 1658 652 1697 :
700 1640 756 1695 in
784 1639 887 1693 hoc
922 1638 1123 1708 quippe
1154 1637 1360 1692 mundo
1389 1637 1562 1693 multo
1592 1638 1775 1708 plures
1802 1648 1929 1696 sunt
1962 1640 2076 1696 fra-

507 1739 618 1784 tres
644 1725 943 1783 secundum
973 1725 1132 1780 fidem
1153 1764 1169 1790 ,
1203 1738 1368 1794 quam
1403 1739 1543 1794 quos
1589 1725 1928 1794 reliquerunt
1979 1727 2074 1797 qui

504 1822 663 1876 fidem
688 1818 919 1889 amplexi
947 1826 1106 1883 sunt;
1138 1818 1551 1888 irreprehensos
1575 1817 1825 1873 similiter
1856 1818 2074 1888 episeo-

2191 637 2340 690 σίονα
2365 636 2611 707 λήψεται·
2648 636 3078 691 πολλαπλασίονα
3104 638 3233 708 γὰρ,
3269 637 3381 701 καὶ,
3412 638 3460 689 εί
3491 635 3601 689 δεῖ
3635 632 3828 700 οὕτως

2186 726 2480 798 ὀνομάσαι,
2521 728 2982 800 ἀπειροπλασίονα
3018 728 3086 782 τὰ
3119 727 3464 799 πνευματικά
3511 726 3707 797 παρὰ
3758 726 3830 780 τὰ

2188 817 2496 889 σωματικά,
2519 820 2612 873 καὶ
2638 820 2775 890 πρὸς
2816 819 2877 873 τὸ
2925 819 3108 873 λαϐεῖν
3135 819 3247 892 (9f)
3303 817 3823 881 πολλαπλασίονα,

2186 910 2286 963 οὐκ
2318 911 2377 962 ὲν
2421 910 2742 981 προσκαίρῳ
2794 910 2944 983 ζωῇ,
2986 911 3102 965 ἀλλ’
3127 912 3186 965 ὲν
3211 912 3418 983 αἰωνίῳ
3452 910 3825 981 γενόμενος,

2185 1002 2580 1074 κληρονομήσει
2617 1004 2787 1075 αὐτήν
2829 1005 2940 1075 (92)
2957 1021 2983 1039 λ
3002 1003 3470 1068 πολλαπλασίονας
3519 1004 3652 1075 μὲν
3707 1002 3826 1075 γὰρ

2185 1096 2446 1166 ἀδελφοὺς
2468 1097 2560 1151 καὶ
2589 1095 2823 1166 ἀδελφὰς
2841 1090 2916 1150 ὧν
2939 1113 3024 1160 τις
3048 1096 3227 1167 ἀφῆκε
3252 1097 3342 1150 διὰ
3382 1095 3476 1149 τὸν
3514 1093 3640 1148 τοῦ
3670 1093 3823 1149 Θεοῦ

2183 1185 2360 1253 λόγον,
2401 1185 2626 1255 εὐχερὲς
2655 1184 3048 1255 διηγήσασθαι’
3101 1184 3195 1239 καὶ
3226 1184 3337 1256 γὰρ
3370 1185 3429 1237 ὲν
3455 1183 3549 1254 τῷ
3605 1182 3823 1254 κόσμῳ

2182 1274 2358 1346 τούτῳ
2376 1273 2484 1346 (95)
2512 1273 2947 1336 πολλαπλασίους
2978 1274 3027 1326 οἱ
3051 1272 3192 1327 κατά
3213 1273 3313 1343 τὴν
3338 1272 3528 1326 πίστιν
3566 1269 3820 1334 ἀδελφοὶ

2183 1367 2291 1420 τῶν
2315 1366 2402 1420 διὰ
2427 1367 2606 1419 πίστιν
2633 1364 3145 1436 καταλελειμμένων
3179 1363 3283 1417 ὑπὸ
3305 1363 3414 1416 τῶν
3446 1363 3819 1415 πιστευσάν-

2182 1475 2308 1511 των.
2340 1458 2495 1510 Οὕτω
2525 1456 2583 1509 δὲ
2625 1457 2720 1511 καὶ⁸
2747 1458 2923 1526 γονεῖς
2956 1456 3167 1519 πάντας
3203 1455 3328 1518 τοὺς
3366 1452 3814 1524 ἀνεπιλήπτους

2183 1549 2533 1611 ἐπισκόπους,
2562 1547 2795 1610 καὶτοὺς
2821 1545 3187 1618 ἀνεγκλήτους
3208 1544 3641 1616 πρεσϐυτέρους
3660 1542 3812 1613 λαμ-

2182 1638 2334 1693 6ἁνει
2365 1655 2469 1703 τις,
2495 1637 2611 1691 ἀνθ’
2638 1631 2714 1691 ὧν
2757 1635 3113 1691 καταλέλοιπε
3157 1634 3283 1689 δύοο
3319 1634 3528 1706 ὁμοίως
3585 1633 3654 1687 δὲ
3706 1633 3809 1687 καὶ

2181 1731 2366 1794 τέκνα,
2400 1730 2609 1794 πάντας
2634 1730 2757 1792 τοὺς
2788 1728 3010 1800 ήλικίαν
3042 1727 3261 1797 ἔχοντας
3292 1726 3520 1781 τέκνων.
3564 1725 3716 1790 Πῶς
3746 1726 3809 1781 δὲ

2182 1820 2644 1882 πολλαπλασίονας
2681 1818 2885 1889 ἀγροὺς
2915 1818 2949 1888 ἢ
2975 1817 3152 1880 οίκίας
3178 1809 3253 1869 ὧν
3281 1833 3365 1879 τις
3408 1815 3806 1870 καταλέλοιπε

505 1929 604 1986 pos
639 1926 829 1969 omnes
867 1918 922 1966 et
965 1909 1310 1980 presbyteros
1368 1907 1673 1978 inculpatos
1724 1908 1778 1963 in
1822 1918 2072 1979 parentes

2177 1912 2521 1983 κληρονομεῖ,
2554 1908 2737 1962 οὐκέτι
2768 1907 2970 1978 ὁμοίως
2999 1907 3294 1960 ἀποδοῦναι
3318 1905 3577 1969 δύναται,
3619 1904 3697 1959 ἂν
3722 1904 3803 1975 μὴ

504 2007 609 2063 sibi
655 2003 887 2061 assumit
914 2000 1210 2072 quispiam,
1241 2014 1340 2069 pro
1382 1999 1599 2056 duobus
1627 2000 1733 2055 illis
1759 2016 1897 2070 quos
1919 2000 2074 2056 dese-

504 2098 641 2163 ruit;
677 2111 746 2152 ac
787 2094 842 2149 in
891 2092 1091 2147 liberos
1134 2089 1358 2156 itidem,
1403 2089 1719 2161 quicunque
1767 2091 1869 2146 hac
1912 2096 2074 2145 aetate

503 2197 665 2253 sunt,
712 2195 776 2241 ut
808 2200 904 2256 pro
946 2182 1135 2239 liberis
1176 2180 1361 2236 haberi
1410 2190 1632 2251 queant.
1700 2182 1769 2237 At
1797 2182 2072 2253 quomodo

502 2291 756 2348 agrorum
802 2275 1159 2329 domorumve
1214 2270 1449 2340 plurium
1497 2269 1864 2325 [nereditatem
1891 2268 2062 2323 adibit

502 2368 722 2439 aliquis,
748 2381 912 2437 quam
963 2380 997 2419 a
1041 2378 1101 2418 se
1141 2364 1327 2418 relicta
1359 2370 1506 2423 sunt,
1542 2361 1918 2415 demonstrare
1963 2374 2069 2414 non

501 2461 723 2533 perinde
764 2456 1006 2528 proclive
1051 2466 1171 2522 est,
1211 2453 1315 2509 nisi
1363 2451 1489 2523 quis
1531 2450 1762 2507 fortasse
1795 2448 1901 2504 vim
1943 2448 2074 2504 afle-

505 2565 650 2615 rens,
683 2547 902 2603 brevem
934 2545 1010 2600 rei
1036 2543 1277 2615 proferat.
1298 2541 1716 2612 expositionem,
1747 2538 1890 2610 quod
1914 2537 2074 2594 facile

498 2649 646 2695 certe
676 2652 784 2699 non
816 2645 932 2704 est;
965 2635 1110 2705 agris
1137 2641 1317 2689 autem
1347 2648 1413 2688 ac
1441 2631 1693 2687 domibus
1733 2630 1785 2685 in
1816 2629 2071 2701 allegori-

500 2746 627 2785 cum
659 2743 878 2785 sensum
915 2726 1082 2782 semel
1124 2723 1377 2789 detortis,
1425 2721 1706 2793 superiora
1754 2735 1973 2792 quoque
2016 2721 2070 2776 in

497 2819 823 2877 sententiam
857 2831 1154 2872 consonam
1186 2812 1403 2870 flectere
1432 2820 1675 2884 cogetur.
1723 2809 1802 2865 Ex
1842 2812 1909 2868 iis
1942 2825 2072 2882 ergo

499 2911 595 2983 qui
643 2928 662 2962 ι
695 2922 1004 2965 mensuram
1051 2906 1228 2962 aetatis
1273 2903 1477 2961 Christi
1506 2922 1525 2955 ι
1578 2902 1861 2960 consecuti
1920 2914 2069 2970 sunt,

500 3002 814 3072 quicunque
860 3005 1217 3053 occurrerunt
1259 3014 1277 3047 ι
1311 2996 1365 3050 in
1413 2996 1590 3050 virum
1622 2994 2002 3065 perfectum“,
2046 3014 2066 3046 ι

498 3091 708 3147 sanctis
754 3104 819 3144 ac
872 3089 1047 3144 beatis
1094 3086 1458 3157 powstatibus
1487 3085 1706 3153 fratres,
1734 3085 1950 3156 opinor,
1992 3085 2071 3141 illi

2172 2005 2281 2077 ἄρα
2299 2019 2382 2066 τις
2401 2000 2727 2072 βιασάμενος
2744 2000 2829 2051 ἐπ’
2855 1997 3048 2066 ὀλίγων
3071 1997 3132 2050 τὸ
3146 1995 3382 2051 τοιοῦτον
3408 1997 3801 2068 παραστήσῃ,

2172 2097 2308 2167 ὅπερ
2357 2094 2457 2146 οὐκ
2516 2091 2735 2146 εὔκολον
2790 2090 2928 2163 (94)⁶
2980 2089 3128 2154 ἅπαξ
3163 2089 3221 2141 δὲ
3270 2088 3628 2161 ἀλληγορῶν,
3656 2088 3798 2151 τοὺς

2171 2184 2375 2256 ἀγροὺς
2409 2182 2505 2236 καὶ
2535 2182 2635 2247 τὰς
2661 2182 2856 2246 οἰκίας,
2882 2181 3362 2253 ἀναγκασθήσεται
3385 2179 3529 2233 κατά
3556 2178 3632 2233 τὸ
3658 2179 3797 2256 ἀκό-

2172 2255 2359 2329 λουθον
2398 2275 2493 2329 καὶ
2519 2274 2587 2326 τὰ
2610 2274 2870 2345 ἀνωτέρω
2896 2272 3100 2326 τούτων
3124 2269 3436 2324 ἀποδοῦναι.
3469 2269 3641 2323 Εἰσὶν
3665 2255 3797 2335 οὖν,

2172 2362 2346 2437 οἶμαι,
2387 2367 2445 2419 ὲν
2461 2368 2583 2429 ταῖς
2603 2364 2787 2433 ἁγίαις
2820 2364 2914 2418 καὶ
2945 2363 3244 2435 μακαρίαις
3275 2361 3575 2432 δυνάμεσιν
3616 2360 3789 2414 ἀδελ-

2173 2457 2264 2529 φοὶ
2292 2456 2342 2510 oi
2380 2475 2398 2507 ι
2430 2457 2510 2520 είς
2535 2455 2707 2528 ἄνδρα
2739 2455 2944 2508 τέλειον
2993 2474 3013 2507 ι
3070 2453 3472 2526 κατηντηκότες
3506 2452 3628 2507 τῶν
3658 2471 3681 2504 ι
3725 2450 3792 2504 τὸ

2176 2548 2372 2620 μέτρον
2404 2546 2502 2617 τῆς
2525 2545 2741 2616 ήλικίας
2772 2543 2868 2598 τοῦ
2899 2541 3135 2616 Χριστοῦ
3174 2563 3192 2596 ι
3225 2543 3658 2614 κεχωρηκότων,
3682 2543 3786 2596 καὶ

2172 2637 2398 2708 ἀδελφαὶ
2444 2636 2645 2700 πάντες
2693 2637 2743 2689 οἱ
2787 2634 3053 2707 παρθένος
3106 2633 3244 2705 ἀγνὴ
3285 2633 3786 2704 παραστησόμενοι

2172 2727 2392 2800 Χριστῷ
2420 2728 2519 2781 οὐκ
2541 2725 2634 2780 ἀπ’
2670 2725 2992 2798 ἀνθρώπων,
3033 2720 3206 2796 οἶμαι,
3250 2722 3409 2793 μόνον
3431 2762 3446 2784 ,
3482 2722 3625 2777 ἀλλά
3677 2723 3782 2776 καὶ

2172 2818 2281 2873 τῶν
2331 2817 2533 2872 λοιπῶν
2582 2816 2864 2888 δυνάμεων
2886 2830 2899 2845 '
2930 2816 3108 2883 γονεῖς
3153 2813 3210 2866 δὲ
3241 2810 3472 2866 τοιοῦτοι
3525 2808 3647 2867 εἷεν
3708 2812 3782 2865 ἄν

2172 2936 2337 2984 τινες,
2370 2918 2403 2989 ἢ
2431 2917 2561 2990 περὶ
2592 2909 2669 2970 ὧν
2701 2916 2912 2986 εἴρηται
2934 2913 3070 2984 πρὸς
3099 2912 3190 2966 τὸν
3229 2910 3512 2982 Ἀθραάμο
3552 2928 3570 2961 ι
3610 2909 3692 2962 Σὺ
3713 2908 3778 2961 δὲ

2175 3008 2450 3081 ἀπελεύσῃ
2478 3007 2615 3080 πρὸς
2636 3006 2763 3070 τοὺς
2786 3005 3031 3077 πατέρας
3061 3021 3154 3058 σου
3185 3001 3302 3075 μετ’
3340 3002 3579 3072 εἰρήνης,
3619 3014 3769 3070 τρα-

2176 3099 2297 3170 φεὶς
2329 3100 2388 3151 ὲν
2419 3100 2567 3170 γήρα
2591 3096 2740 3168 καλῷ
2775 3096 2882 3168 (95)
2908 3114 2923 3163 ;
2968 3116 2986 3148 ι
3014 3096 3077 3149 Εἰ
3106 3095 3163 3149 δὲ
3193 3092 3432 3164 γίνονταί
3454 3107 3576 3144 ποτε
3604 3084 3765 3143 οὗτοι

500 3190 663 3246 sunt;
694 3195 915 3237 sorores
944 3187 1145 3242 autem,
1180 3177 1491 3247 quicunque
1526 3191 1634 3231 non
1657 3194 1724 3232 ex
1755 3177 2071 3236 hominibus

2177 3188 2433 3258 ἀνάλογον
2485 3188 2714 3252 ἐκείνοις
2761 3190 2873 3250 τοῖς
2929 3186 3196 3257 πατράσιν
3252 3183 3451 3256 ἐτέρων
3499 3181 3766 3253 πατέρες,

499 3271 701 3336 solum,
742 3269 832 3324 sed
858 3278 911 3323 et
945 3266 1166 3337 reliquis
1197 3267 1561 3336 potestatibus
1598 3268 1751 3339 virgo
1779 3277 1931 3324 casta
1972 3285 2070 3325 ex-

500 3362 830 3418 hibebuntur
854 3357 1071 3413 Christo
1096 3359 1136 3388 ¹²
1162 3377 1181 3413 :
1215 3367 1443 3413 eruntne
1470 3367 1650 3413 autem
1687 3368 1869 3429 patres
1903 3361 2072 3431 aliqui

501 3454 656 3518 tales,
694 3458 888 3522 praeter
912 3463 1010 3504 eos
1031 3448 1098 3503 de
1120 3448 1321 3519 quibus
1345 3450 1659 3505 Abrahamo
1679 3452 1882 3507 dictum
1906 3462 1989 3508 est
2007 3453 2069 3509 "z

502 3562 526 3597 ι
553 3541 636 3598 Tu
676 3548 858 3597 autem
904 3540 1006 3595 ibis
1056 3540 1121 3595 ad
1172 3550 1355 3610 patres
1387 3549 1508 3598 tuos
1549 3541 1601 3596 in
1635 3557 1788 3612 pace,
1829 3544 2074 3613 sepultus

498 3638 554 3691 in
590 3642 864 3693 senectute
892 3631 1074 3689 bona?
1097 3651 1115 3683 ι
1150 3631 1306 3699 Quod
1342 3633 1389 3687 si
1420 3632 1656 3704 et690
1684 3634 1807 3691 illos
1838 3635 2071 3691 aliorum

497 3737 682 3798 patres
726 3725 1018 3797 aliquando
1051 3724 1164 3780 fieri
1193 3732 1407 3794 patrum
1442 3725 1672 3781 istorum
1717 3727 1892 3783 instar
1932 3744 2068 3784 eon-

495 3818 690 3889 tingat,
722 3816 894 3872 multo
926 3814 1108 3886 plures
1131 3813 1293 3869 etiam
1324 3822 1482 3872 natos
1517 3816 1741 3886 perinde
1787 3827 1848 3872 ut
1894 3819 2070 3876 Abra-

499 3913 625 3965 ham
656 3908 938 3978 recipient.
982 3905 1155 3977 Agros
1200 3920 1329 3961 vero
1366 3915 1420 3962 et
1457 3908 1650 3964 domos
1687 3910 1856 3964 multo
1885 3911 2069 3980 plures

496 4017 662 4071 quam
688 4014 810 4072 qua:
840 3999 1103 4055 abdicata:
1128 3996 1367 4067 fuerunt,
1406 3999 1461 4054 in
1504 3999 1672 4054 divini
1706 4002 1942 4071 paradisi
1986 4019 2073 4059 re-

495 4095 627 4165 quie
648 4091 1041 4157 animadverte,
1067 4098 1121 4145 et
1148 4090 1202 4146 in
1236 4091 1454 4147 civitate
1484 4091 1599 4158 Dei,
1631 4092 1698 4148 de
1730 4109 1839 4163 qua
1869 4094 2070 4165 glorio-

495 4199 559 4238 sa
583 4183 727 4238 dicta
763 4188 891 4236 sunt
914 4179 980 4248 ν’,
1013 4197 1033 4231 ι
1063 4179 1222 4248 cujus
1251 4180 1307 4234 in
1334 4179 1588 4236 domibus
1610 4180 1750 4237 Deus
1775 4197 2070 4252 cognosce-

2174 3279 2568 3334 πολλαπλάσιον
2627 3276 2736 3349 (96)
2789 3278 2882 3331 καὶ
2923 3278 3089 3331 τέκνα
3146 3276 3404 3348 λήψονται
3438 3274 3636 3345 ὁμοίως
3683 3271 3769 3342 τῷ

2185 3368 2459 3439 Ἀϐραάμ·
2491 3369 2585 3421 κα)⁸
2612 3367 2740 3431 τοὺς
2770 3367 2972 3439 ἀγροὺς
3000 3366 3057 3419 δὲ
3083 3367 3179 3420 καὶ
3215 3364 3312 3429 τὰς
3350 3365 3529 3429 οίκίας
3560 3363 3767 3418 πολλα-

2175 3460 2468 3522 πλασίονας
2498 3458 2608 3513 τῶν
2634 3458 3112 3528 καταλειπομένων
3145 3457 3255 3509 νόει
3298 3473 3387 3527 μοι
3431 3457 3491 3509 ὲν
3525 3458 3590 3527 τῇ
3622 3457 3765 3509 ἀνα-

2176 3550 2374 3607 παύσει
2401 3550 2496 3604 τοῦ
2520 3549 2665 3603 θείου
2701 3549 3054 3623 παραδείσου,
3086 3547 3181 3602 καὶ
3208 3549 3273 3619 τῇ
3305 3547 3459 3601 πόλει
3482 3546 3576 3600 τοῦ
3599 3544 3763 3606 Θεοῦ,

2175 3643 2303 3716 περὶ
2333 3638 2401 3716 ἧς
2439 3641 2804 3713 δεδοξασμὲνα
2841 3638 3109 3712 ἐλαλήθη,
3151 3658 3171 3692 ι
3213 3633 3280 3711 ἧς
3307 3638 3488 3701 ὁΘεὺς
3541 3639 3600 3691 ἐν
3640 3640 3765 3699 ταῖς

2179 3735 2370 3807 βάρεσι
2418 3734 2767 3805 γινώσκεται,
2813 3735 2941 3789 ὅταν
2989 3732 3453 3805 ἀντιλαμόἀνηται
3484 3731 3689 3802 αὑτῆς’
3741 3750 3759 3778 ι

2174 3826 2304 3881 ὥστ’
2342 3825 2408 3881 ἂν
2444 3829 2618 3881 εἰπεῖν
2662 3827 2799 3899 πρὸς
2831 3830 2958 3892 τοὺς
2996 3829 3094 3894 τὰς
3135 3830 3254 3883 ἐκεῖ
3287 3829 3464 3893 οἰκίας
3501 3828 3766 3900 κληρονο-

2177 3915 2448 3986 μοῦντας·
2481 3933 2500 3967 ι
2528 3915 2793 3987 Καθάπερ
2839 3916 3180 3989 ἠκούσαμεν,
3228 3918 3398 3980 οὕτως
3439 3918 3657 3988 εἴδομεν
3704 3918 3764 3969 ἐν

2176 4006 2328 4060 πόλει
2355 4007 2561 4078 Κυρίου
2577 4008 2684 4061 τῶν
2705 4007 3006 4080 δυνάμεων,
3026 4011 3083 4062 ὲν
3102 4009 3252 4063 πόλει
3278 4007 3369 4062 τοῦ
3388 4006 3522 4061 Θεοῦ
3537 4007 3722 4079 ήμῶν·
3735 4025 3758 4058 ι

2177 4099 2304 4170 περὶ
2331 4094 2398 4171 ἦς
2433 4098 2651 4168 λέγεται
2683 4100 2778 4153 καὶ
2818 4100 2909 4153 τό·
2939 4119 2959 4153 ι
2993 4100 3241 4154 Διέλεσθε
3277 4099 3376 4165 τὰς
3424 4099 3613 4171 βάρεις
3657 4099 3760 4152 αὐ-

2177 4189 2296 4259 τῆς.
2340 4208 2357 4241 ι
2418 4190 2541 4243 Ἐπὶ
2570 4189 2833 4255 τοιούτοις
2887 4190 2951 4263 δὴ
2992 4191 3346 4263 κληρονομεῖν
3391 4189 3490 4261 τὴν
3538 4189 3758 4244 αἰώνιον

1700 4275 1927 4335 VETUS
1976 4278 2556 4339 INTERPRETATIO.

499 4366 567 4422 Et
593 4366 773 4447 adhuc
804 4380 966 4447 supra
994 4365 1139 4435 quod
1153 4366 1487 4447 multiplicia
1521 4367 1731 4447 recipit,
1769 4383 1877 4423 non
1910 4369 1962 4423 in
1997 4372 2106 4426 vita
2141 4374 2242 4429 hac
2274 4376 2575 4447 temporali.
2609 4376 2704 4447 sed
2734 4376 2788 4431 in
2833 4376 2922 4430 illa
2951 4376 3056 4430 vita
3086 4384 3286 4447 aeterna
3321 4374 3512 4447 factus
3528 4375 3756 4443 recipiet

496 4453 581 4491 ea.
615 4435 1291 4522 Et'fnultiplricesquidem
1316 4435 1548 4522 fratres,
1578 4435 1651 4522 et
1679 4435 2425 4522 ‘sororeshexponerefacile
2468 4435 2571 4522 est.
2613 4445 2746 4500 Nam
2782 4457 2838 4501 et
2878 4447 2938 4522 in_
2973 4447 3103 4522 hoc‘
3119 4446 3455 4522 saeculompro
3489 4435 3753 4499 fratribus

499 4506 830 4588 carnalibus,
876 4519 1016 4588 quos
1055 4514 1275 4588 propter
1315 4506 1681 4588 infidelitatem
1730 4508 1969 4588 reliquit,
2013 4506 2213 4588 multos
2247 4514 2452 4588 invenit
2497 4515 2691 4588 fratres
2738 4514 3251 4588 secundumfldem.
3305 4506 3396 4570 Sic
3419 4524 3473 4569 et
3499 4524 3752 4584 parentes

498 4592 690 4654 omnes
735 4576 1237 4654 irreprehensibiles
1276 4577 1561 4654 episcopos
1603 4583 1677 4654 et_
1701 4579 2045 4654 presbyteros
2083 4581 2201 4636 sine
2242 4584 2472 4638 crimine
2511 4585 2839 4640 constitutos
2886 4585 3091 4639 invenit
3139 4585 3263 4654 quis
3299 4576 3516 4653 patres,
3552 4599 3652 4653 pro
3684 4598 3751 4638 eo

497 4646 643 4714 quod
673 4645 890 4714 reliquit
922 4644 1165 4716 infideles
1193 4644 1476 4716 parentes;
1503 4644 1767 4716 Similiter
1805 4644 2026 4703 et'fllios
2066 4664 2258 4707 omnes
2282 4662 2494 4708 aetatem
2541 4655 2821 4709 habentes.

2867 4653 3168 4721 Quomodo
3194 4663 3375 4708 autem
3416 4654 3751 4722 intelligatur

500 4716 823 4798 ηὶυιὲξβίίεθδ
848 4714 1363 4798 ,δενοεχθιέίοψοδ
1392 4731 1515 4798 θηίθ
1555 4714 1854 4784 reliquerit.
1897 4717 2162 4798 invenire,
2185 4738 2300 4798 non
2335 4724 2848 4798 similiter__tr_adere
2877 4714 3201 4798 possumus.
3252 4723 3393 4779 Sunt
3422 4738 3573 4793 ergo,
3590 4714 3750 4778 "sicut

498 4783 775 4864 cristimo,
801 4794 866 4864 et
899 4783 1108 4864 angelis
1148 4783 1343 4840 fratres
1372 4783 1427 4840 et
1455 4783 1687 4864 sorores
1719 4800 1912 4864 omnes
1940 4788 2032 4864 qui
2072 4783 2473 4864 exhibuerunt_
2487 4809 2546 4848 se
2569 4792 2790 4849 Christo
2830 4783 3013 4849 castas
3041 4794 3303 4864 virgines,
3337 4804 3446 4848 tam
3484 4783 3602 4864 istae
3624 4804 3750 4864 qua:

404 4876 415 4885 -
502 4854 767 4932 adhuein
796 4853 1270 4932 terrishabentur,
1297 4869 1460 4923 quam
1499 4854 1605 4908 illa:
1632 4870 1755 4932 quae
1783 4854 1894 4932 jam
1930 4853 2117 4913 vivunt
2139 4859 2206 4932 _in
2238 4863 2421 4932 rtelis.
2447 4862 2708 4917 Parentes
2735 4873 2916 4932 autem
2945 4853 3299 4932 quales'dicti'
3330 4873 3455 4918 sunt
3476 4853 3742 4932 Abrahae:

504 4922 636 5006 fn'l‘u
666 4922 769 5006 ihi‘s
798 4922 864 4977 ad
886 4931 1079 5006 patres.
1097 4932 1219 4980 tuos
1253 4922 1488 5006 inpace,
1520 4922 1758 5006 nutritus
1894 4936 2110 5006 senecta
2139 4929 2312 5006 bona.
2334 4950 2353 4983 ι
2401 4930 2460 4986 Si
2489 4942 2685 5006 autem
2708 4932 2835 4987 facti
2877 4922 3080 4987 fue'rint
3111 4933 3406 5002 aliquando
3444 4930 3744 5006 secundum

502 4993 626 5047 illos
664 5001 847 5061 patres
886 4993 973 5046 isti
1012 4993 1243 5048 aliorum
1290 4993 1492 5063 patres,
1527 4993 1896 5063 multipliciter
1937 4996 2205 5067 recipiunt
2244 5001 2409 5056 etiam
2446 5012 2623 5059 natos.
2659 5001 2833 5073 Agros
2879 5011 3061 5058 autem
3099 5011 3155 5057 et
3182 4993 3377 5057 domos
3420 5000 3745 5072 multiplices

575 5108 616 5142 “
658 5098 857 5177 Ephes.
886 5123 960 5175 tv,
992 5109 1075 5162 15.
1155 5111 1197 5142 η
1234 5110 1278 5165 ll
1315 5110 1440 5167 Cor.
1473 5127 1546 5179 χι,
1577 5111 1634 5166 2.
1711 5109 1753 5143 ¹³
1792 5111 1987 5169 Genes.
2019 5132 2072 5169 XV

2181 5118 2233 5172 5.
2312 5120 2356 5152 ¹¹⁶
2392 5120 2537 5177 Psal.
2566 5136 2791 5185 Lxxxw,
2819 5120 2871 5175 5.

572 5249 689 5319 (91)
727 5247 884 5314 Πρὸς
911 5244 976 5300 τὸ
999 5245 1223 5319 λαϐεῖν.
1260 5245 1405 5319 Lege
1430 5246 1566 5319 πρὸς
1598 5245 1674 5317 τῷ
1700 5245 1906 5319 λαϐεῖν.

510 5364 519 5371 .
576 5316 689 5391 (92)
725 5316 1176 5391 Κληρονομῄσει
1204 5316 1414 5391 αὑτήν.
1456 5316 1660 5385 Nempe
1693 5316 1857 5391 ζωήν.
1887 5319 1955 5391 At
1977 5335 2070 5391 ve-~

502 5386 598 5447 tus
641 5386 944 5458 interpres:
983 5406 1001 5438 ι
1032 5387 1275 5456 Recipiet
1316 5402 1401 5452 ea,
1439 5401 1632 5455 nempe
1675 5386 2071 5442 πολλαπλασίο-

503 5477 689 5599 Ῠίθὲι)
729 5526 839 5599 Καὶ
859 5528 970 5598 γὰρ
1007 5522 1179 5599 ἑνίτῷ
1209 5527 1414 5596 κόσμῳ
1444 5527 1649 5599 tacito),
1681 5534 1782 5599 etc.
1822 5524 2070 5582 Justinus

505 5594 730 5668 Martyr,
769 5598 848 5652 vel
866 5594 1135 5668 'quisquis
1169 5606 1252 5668 est.
1293 5594 1484 5652 auctor
1504 5594 1881 5668 ngstionum
1900 5608 1947 5650 et
1989 5612 2068 5648 re-

504 5664 843 5748 ,εροιιέὶωψω
882 5664 967 5748 ’ῥά
1016 5664 1220 5722 ὀνιΙιοά.
1272 5681 1415 5737 resp.
1457 5667 1578 5733 110,
1608 5664 2063 5736 Theophylactus,

506 5734 847 5804 Euthyinius.
882 5737 1140 5792 "UETIUS.
1360 5734 1380 5737 ‘
1770 5734 1775 5735 ί
1839 5734 1849 5736 -

577 5805 691 5874 ‘9“)
728 5804 911 5859 θοάει
934 5806 1153 5875 Regius,
1176 5803 1420 5858 εὔκολονο
1444 5802 1795 5877 Anglicanus.
1821 5802 2059 5875 εὔλογον..

2248 5253 2358 5323 (95)
2389 5256 2636 5331 qugstg
2658 5259 2889 5331 ένγήρςι
2911 5260 3094 5327 καλῷ.
3121 5259 3197 5331 ιω
3227 5257 3400 5331 infra._
3416 5257 3490 5311 Ita
3510 5264 3563 5310 et
3578 5253 3740 5331 axx,

2175 5322 2310 5404 Gen.
2342 5322 2431 5390 κν,
2604 5322 2675 5382 ita
2716 5322 3055 5404 Ambrosius
3070 5339 3135 5404 _e_t
3172 5327 3538 5404 Augustinus.
3585 5326 3653 5380 At
3685 5326 3738 5380 in

2172 5394 2412 5470 editione
2453 5395 2669 5470 Aldina,
2690 5399 2931 5470 ,τραφείς
2971 5394 3325 5470 desideratu].
3350 5395 3619 5470 Complut.
3646 5412 3735 5470 ται

2172 5462 2314 5537 (psic,
2340 5462 2797 5533 quemadmoduiu
2821 5462 2875 5522 et
2892 5462 3149 5532 Onkelos,
3174 5477 3230 5522 et
3263 5466 3452 5537 Syrus,
3469 5462 3524 5518 et
3543 5463 3736 5537 Arabs,

2170 5534 2318 5600 quod
2353 5549 2538 5589 verum
2565 5546 2649 5592 est
2681 5552 2697 5593 :
2728 5539 3023 5595 Hebraicus
3058 5541 3202 5592 enim
3232 5533 3517 5592 contextus
3557 5533 3735 5596 habet,

2169 5611 2351 5685 13pm.
2381 5602 2643 5662 HUETIUS.

2174 5692 2355 5816 σίέἓξ)
2386 5696 2873 5751 Πολλαπλάσιον.
2918 5695 3078 5750 Forte
3105 5694 3410 5765 legendum,
3436 5691 3738 5747 πολλαπλα-
