4032 6308
543 355 674 422 issi

1997 349 2318 408 ORIGENIS

3684 347 3817 401 1559.

545 483 636 540 illi-
658 492 838 538 autem
869 487 1087 552 prepter
1109 473 1568 539 incredulitatem,
1595 487 1719 530 cum
1741 473 1900 544 primi
1919 483 2122 536 essent,

2231 473 2398 542 κρίμα
2424 468 2500 540 τῷ
2533 470 2721 539 κόσμῳ
2776 467 3264 538 ἐπιδημήσαντος,ι
3309 465 3396 519 ἵνα
3430 463 3499 518 τὰ
3521 462 3664 534 ἔθνη
3710 483 3731 514 ι
3769 463 3814 518 0!

545 577 740 632 abona
775 575 912 629 oliva
949 570 1139 632 excisi,
1167 566 1426 637 postremi
1466 567 1596 622 facti
1633 577 1762 623 sunt
1790 569 1859 621 “.
1908 565 2122 621 Etenim

545 675 764 739 propter
815 665 1107 718 adventum
1166 660 1405 724 Christi,
1441 659 1536 728 qui
1573 676 1592 710 ι
1633 660 1688 713 in
1743 658 2012 729 judicium
2069 658 2123 710 in

544 759 690 811 hunc
712 751 976 808 mundum
1003 751 1172 816 venit,
1209 759 1263 804 ut
1302 751 1394 819 qui
1420 765 1528 803 non
1567 749 1752 803 vident
1773 749 1982 820 (gentes
2013 748 2124 802 sci-

545 845 690 915 licet)
741 845 994 909 videant;
1055 851 1110 896 et
1167 842 1261 912 qui
1316 841 1502 895 vident
1563 841 1794 911 (nempe
1846 837 2122 902 Israelita,

548 946 770 1008 propter
812 932 1268 1002 incredulitatem)
1320 931 1447 986 caeci
1483 933 1616 986 ﬂant
1647 934 1716 998 υ,
1767 951 1786 982 ι
1827 945 1929 986 nos
1981 941 2128 984 certe

545 1031 637 1098 qui
695 1027 927 1098 populus
972 1025 1179 1080 advena
1241 1038 1466 1089 sumus,
1527 1023 1700 1077 evecti
1763 1022 1828 1076 ad
1871 1036 2126 1090 suprema

547 1120 707 1189 primi
737 1119 1046 1184 evasimus;
1097 1117 1265 1172 Israel
1310 1129 1463 1176 vero,
1497 1115 1591 1183 qui
1630 1122 1753 1168 ante
1784 1128 1886 1166 nos
1915 1113 2127 1181 primus

545 1218 686 1274 erat,
717 1219 1031 1279 postremus
1053 1208 1301 1267 eﬂ'eetus,
1332 1215 1385 1260 et
1413 1205 1466 1260 in
1498 1205 1751 1258 ultimum
1785 1204 1965 1258 locum
1989 1203 2128 1272 reje-

546 1311 668 1357 ctus
709 1311 812 1356 est.
873 1295 1074 1354 Eodem
1132 1315 1353 1368 quoque
1413 1311 1578 1353 sensu
1630 1297 1818 1352 venire
1868 1305 2046 1366 potest
2073 1305 2130 1350 et

546 1393 677 1448 illud
705 1391 799 1445 “2
840 1407 858 1442 ι
911 1389 970 1445 Si
1011 1391 1136 1460 quis
1161 1391 1276 1444 vult
1305 1389 1515 1459 primus
1567 1403 1709 1452 esse,
1748 1387 1853 1442 erit
1881 1387 2125 1440 omnium

549 1482 915 1547 novissimus;
955 1499 975 1532 ι
1015 1496 1080 1535 ac
1111 1479 1156 1533 si
1189 1479 1460 1534 dixisset:
1492 1475 1942 1547 Quandoquidem
1976 1475 2070 1546 qui
2098 1491 2129 1530 e

549 1575 802 1644 gentibus
857 1572 1016 1626 tidem
1065 1585 1241 1624 meam
1285 1570 1711 1640 amplectuntur,
1747 1583 1872 1623 cum
1913 1576 2126 1636 postre-

549 1678 698 1717 muvu
731 1664 784 1715 in
816 1658 983 1716 Israel
1009 1660 1190 1715 locum
1225 1667 1411 1713 tenere
1465 1657 1792 1723 credantur,
1835 1672 1980 1711 nunc
2014 1655 2128 1725 pri.

551 1770 668 1810 mas
693 1752 907 1818 ierunt;
939 1751 1197 1821 postremi
1237 1762 1416 1804 autem
1461 1749 1732 1804 habentur
1777 1748 1918 1817 apud
1959 1747 2126 1803 Deum

549 1847 865 1917 quicunque
915 1857 982 1898 ex
1019 1841 1279 1898 lsraelitis
1330 1840 1488 1895 ﬁdem
1517 1847 1876 1910 respuerent,
1909 1838 2125 1894 etiamsi

550 1939 761 1994 ratione
788 1935 1048 2006 temporis
1078 1933 1237 2004 primi
1271 1947 1393 1987 esse
1440 1933 1772 1996 credantur;
1807 1933 1850 1986 si
1884 1932 2008 2000 quis
2037 1947 2102 1986 ve

549 2044 671 2086 rum
712 2030 1004 2098 primatum
1029 2026 1290 2096 consequi
1313 2026 1514 2088 studet,
1540 2024 1683 2078 inter
1707 2039 1803 2078 eos
1830 2023 2137 2077 collocetur

550 2121 644 2190 qui
668 2120 738 2173 ab
765 2117 934 2175 Israel
966 2118 1058 2188 qui
1091 2133 1235 2172 nunc
1269 2125 1373 2183 est,
1412 2115 1586 2170 intimi
1626 2130 1748 2170 esse
1787 2114 2125 2168 creduntur:

551 2208 794 2280 quandiu
816 2208 962 2263 enim
997 2208 1141 2262 inter
1180 2223 1276 2262 eos
1307 2206 1401 2277 qui
1428 2207 1637 2276 primos
1667 2220 1726 2260 se
1756 2219 1878 2259 esse
1912 2213 2126 2272 putant,

551 2309 850 2372 permanet,
887 2300 1124 2370 primatu
1176 2301 1241 2354 ad
1279 2309 1470 2370 gentes
1499 2297 1764 2352 translato
1806 2288 2039 2362 excidet,
2074 2304 2128 2351 et

550 2391 692 2448 inter
747 2401 1055 2462 postremos
1086 2391 1478 2446 recensebitur.
1518 2388 1760 2444 Gentiles
1808 2388 1953 2442 enim
2001 2403 2128 2457 pro-

551 2493 670 2554 pler
707 2483 866 2538 ﬁdem
898 2489 1061 2554 caput
1093 2482 1436 2547 eiliciuntur;
1502 2490 1560 2536 at
1589 2479 1900 2536 incredulus
1938 2479 2124 2545 Israel,

554 2583 772 2644 propter
823 2574 1282 2632 incredulitatem.
1333 2572 1527 2627 cauda.
1581 2567 1744 2625 Juxta
1785 2571 1928 2626 hanc
1955 2571 2126 2626 ratio-

554 2679 698 2727 nem,
725 2664 944 2734 plurimi
972 2664 1215 2734 quidem,
1249 2671 1305 2718 at
1339 2679 1447 2718 non
1479 2677 1691 2727 omnes,
1721 2676 1787 2716 ex
1813 2662 2007 2731 primis
2031 2676 2126 2732 ρος

553 2755 742 2809 stremi
775 2757 936 2818 tient;
969 2764 1023 2810 et
1057 2755 1213 2810 multi
1235 2767 1454 2809 rursum
1483 2767 1551 2808 ex
1582 2752 1790 2807 ultimis
1818 2751 1976 2822 primi
2003 2767 2130 2807 evao

553 2847 704 2901 dent.
734 2845 846 2901 Nec
873 2862 1002 2901 vero
1029 2847 1074 2902 si
1111 2845 1236 2916 quis
1269 2847 1410 2900 inter
1442 2844 1672 2915 gentiles
1716 2843 1874 2898 fidem
1926 2843 2120 2912 ample-

557 2953 656 2991 sos
682 2937 1027 2992 annumerari
1061 2938 1235 3002 visus,
1261 2945 1572 3007 postremus
1607 2934 1887 2989 Christum
1913 2933 2122 3005 protes-

555 3045 652 3084 aus
674 3039 776 3095 est,
815 3029 1017 3084 idcirco
1064 3030 1207 3084 inter
1229 3029 1436 3098 primos
1462 3027 1906 3096 computabitur;
1961 3028 2126 3097 primi

2231 562 2305 632 μὴ
2335 561 2622 630 βλέποντες
2681 558 2935 630 βλέψωσι,
2972 557 3066 610 καὶ
3103 559 3152 610 οἱ
3201 557 3487 627 βλέποντες
3521 572 3542 608 ι
3599 555 3817 626 Ἰσραὴλ

2233 671 2250 702 ι
2276 652 2466 720 τυφλοὶ
2498 651 2799 718 γένωνται»
2835 649 2926 702 διὰ
2958 649 3056 720 τὴν
3087 648 3368 710 ἀπιστίαν,
3402 648 3432 698 ὀ
3467 647 3568 717 μὲν
3607 648 3820 718 προσή-

2227 742 2290 794 λυ
2303 760 2386 805 to;
2411 745 2573 813 ἡμεῖς
2597 741 2724 804 λαὸς
2751 741 3054 811 γεγόναμεν
3095 740 3208 794 ἄνω
3244 739 3355 793 ἄνω
3387 739 3483 790 καὶ
3518 737 3762 808 πρῶτον
3790 741 3819 790 ὁ

2226 833 2283 886 δέ
2307 834 2411 904 πρὸ
2438 833 2592 904 ἡμῶν
2635 833 2849 905 Ἰσραὴλ
2876 835 2904 884 ό
2929 831 3146 903 πρῶτος
3166 831 3385 898 γέγονεν
3409 830 3670 900 ἔσχατος,
3729 838 3817 883 καὶ

2229 926 2378 979 κάτω
2401 925 2570 978 κάτω.
2609 923 2765 976 οὕτω
2793 924 2850 977 δέ
2883 923 3104 976 δύναται
3153 921 3390 975 νοεῖσθαι
3426 921 3522 974 καὶ
3551 921 3638 974 τό·
3701 939 3720 970 ι
3758 921 3820 975 EI

2226 1034 2308 1082 τις
2337 1017 2478 1070 θέλει
2507 1016 2722 1088 πρῶτος
2753 1011 2910 1081 εἶναι,
2957 1014 3108 1068 ἔσται
3159 1013 3378 1066 πάντων
3423 1013 3715 1082 ἔσχατοςοι
3746 1013 3818 1077 ὠς

2228 1109 2281 1160 εἰ
2317 1107 2519 1176 ἐλεγενο
2570 1107 2722 1160 Ἐπεὶ
2748 1107 2842 1160 νῦν
2878 1105 2946 1159 τὰ
2975 1106 3216 1178 πρωτεῖα
3242 1103 3617 1176 λαμϐάνουσιν
3643 1107 3693 1157 οἱ
3715 1105 3819 1157 ἀπὸ

2227 1198 2338 1252 τῶν
2373 1198 2541 1251 ἐθνῶν
2574 1199 2655 1260 εἰς
2686 1198 2787 1268 ἐμὲ
2818 1197 3184 1258 πιστεύοντες,
3216 1195 3433 1266 ἔσχατοι
3466 1196 3816 1266 νομιζόμενοι

2228 1291 2286 1344 ἐν
2304 1290 2382 1360 τῷ
2424 1289 2658 1361 Ἰσραήλ·
2708 1289 2926 1360 ἔσχατοι
2973 1288 3031 1341 δέ
3083 1288 3356 1358 κρίνονται
3389 1287 3542 1358 παρὰ
3594 1287 3677 1357 τῷ
3704 1287 3817 1357 Θεῷ

2227 1383 2348 1446 ὅλος
2375 1385 2404 1436 ὁ
2433 1383 2558 1445 λαὸς
2581 1381 2689 1434 τῶν
2717 1381 3130 1450 ἀπιστησάντων
3153 1383 3210 1433 ἐν
3247 1379 3481 1452 Ἰσραὴλ,
3525 1381 3638 1434 κᾶν
3670 1381 3814 1451 νομί-

2229 1475 2426 1540 ζωνται
2457 1475 2545 1529 διὰ
2577 1475 2667 1528 τὸν
2694 1474 2882 1545 χρόνον
2915 1468 3052 1525 εἶναι
3104 1472 3330 1543 πρῶτον
3383 1474 3438 1527 ei
3455 1490 3541 1537 τις
3571 1473 3818 1543 βούλεται

2229 1567 2290 1620 τὸ
2315 1567 2566 1638 ἀληθινὸν
2601 1567 2814 1639 πρῶτον
2836 1564 3146 1629 ἀναλαϐεῖν,
3181 1565 3422 1632 γενέσθω
3453 1567 3510 1620 ἐν
3546 1569 3668 1630 τοῖς
3717 1566 3814 1620 ὑπὸ

2227 1659 2322 1712 τοῦ
2355 1660 2452 1713 νῦν
2488 1657 2706 1730 Ἰσραὴλ
2739 1655 2990 1726 ἐσχάτοις
3040 1654 3182 1712 εἶναι
3228 1659 3667 1729 νενομισμένοις
3698 1661 3817 1712 ὅσον

2236 1751 2348 1824 γὰρ
2382 1752 2533 1822 μένει
2558 1753 2617 1806 ἐν
2645 1754 2759 1815 τοῖς
2781 1752 3048 1823 οἰομένοις
3082 1746 3220 1804 εἶναι
3274 1750 3530 1825 πρώτοις,
3562 1751 3679 1804 τῶν
3725 1750 3816 1820 μὲν

2231 1841 2514 1913 πρωτείων
2537 1843 2630 1896 ἐπὶ
2671 1842 2740 1896 τὰ
2780 1843 2907 1912 ἔθνη
2942 1842 3392 1914 μεταϐεϐηκὸτων
3430 1841 3811 1900 ἀποπεσεῖται.

2219 1935 2289 1986 ’ἐν
2320 1933 2377 1986 δέ
2399 1935 2646 2004 ἐσχάτοις
2677 1933 3129 2006 ἁριθμηθήσεται·
3185 1933 3280 1987 καὶ
3325 1932 3434 2004 γὰρ
3471 1935 3521 1986 ot
3586 1933 3690 2003 μὲν
3717 1932 3814 1986 ἀπὸ

2231 2026 2342 2080 τῶν
2368 2025 2538 2081 ἐθνῶν
2569 2025 2778 2098 κεφαλὴ
2812 2026 2888 2099 (9)
2933 2026 3023 2080 διὰ
3049 2027 3147 2098 τὴν
3170 2028 3352 2080 πίστιν
3402 2027 3673 2096 γίνονται·
3711 2030 3739 2081 6
3763 2028 3814 2080 δὲ

2231 2120 2458 2184 ἄπιστος
2501 2120 2718 2192 Ἰσραὴλ
2745 2120 2833 2174 διὰ
2857 2120 2957 2190 τὴν
2978 2120 3235 2174 ἀπιστίαν
3263 2121 3417 2192 οὐρά.
3447 2121 3610 2174 Κατὰ
3637 2119 3816 2173 τοῦτον

2230 2213 2323 2264 τὸν
2356 2211 2514 2281 λόγον
2544 2211 2728 2265 πολλοὶ
2756 2215 2873 2282 μὲν,
2909 2212 2970 2265 οὐ
2996 2211 3196 2272 πάντες
3219 2209 3296 2273 δὲ,
3328 2210 3540 2264 ἔσονται
3575 2212 3644 2262 ἐκ
3674 2207 3815 2281 πρώ-

2233 2320 2342 2357 των
2400 2304 2638 2374 ἔσχατον
2675 2304 2770 2359 καὶ
2830 2303 2992 2357 πάλιν
3029 2303 3216 2356 πολλοὶ
3267 2300 3364 2374 μὲν
3417 2301 3527 2355 τῶν
3573 2303 3814 2372 ἐσχάτων

2232 2391 2444 2447 ἔσονται
2473 2392 2696 2466 πρῶτοι.
2733 2394 2808 2446 Οὐ
2839 2395 2946 2464 μὴν
2978 2391 3033 2445 εῖ
3057 2411 3139 2457 τις
3169 2392 3393 2463 ἔσχατος
3422 2390 3810 2465 προσελήλυθε,

2234 2487 2348 2547 τοῖς
2374 2485 2482 2537 ἀπὸ
2503 2485 2611 2538 τῶν
2645 2485 2814 2538 ἐθνῶν
2870 2483 3187 2537 πιστεύουσι
3234 2483 3685 2554 συναριθμεῖσθαι
3729 2481 3810 2534 δο-

2235 2575 2369 2639 κῶν,
2403 2573 2577 2639 οὕτως
2633 2578 2690 2628 ὲν
2723 2575 2962 2647 πρώτοις
3020 2574 3415 2645 λογισθήσεται·
3451 2575 3559 2628 εἰσὶ
3589 2577 3697 2647 γὰρ
3725 2577 3810 2630 καὶ

2234 2667 2439 2739 πρῶτοι
2461 2667 2774 2738 πρῶτοι,ώς
2800 2667 2851 2719 οἱ
2876 2664 2972 2719 τοῦ
2993 2665 3230 2737 Χριστοῦ
3261 2665 3572 2729 ἀπόστολοι,
3611 2667 3810 2738 Ἰσραη-

2234 2756 2780 2828 λῖταιτυγχάνοντες,
2815 2757 2908 2809 καὶ
2957 2759 3021 2811 ἐκ
3069 2756 3382 2828 σπέρματος
3422 2758 3693 2830 Ἀδραάμο
3719 2759 3807 2812 καὶ

2234 2843 2369 2899 εῑσὶν
2418 2846 2637 2917 ἔσχατοι
2709 2846 2924 2916 ἔσχατοι
2947 2887 2962 2911 ,
3035 2846 3085 2898 oi
3153 2845 3361 2900 πολλῶν
3431 2847 3808 2919 ὑποδεέστερον

2234 2937 2479 3008 βιοῦντες
2530 2937 2640 2991 τῶν
2705 2938 2813 2992 ἀπὸ
2863 2937 2965 3008 τῆς
3050 2935 3406 3007 Ἐκκλησίας
3441 2939 3807 3010 χρηματιζόν-

2233 3048 2362 3084 των.

557 3119 822 3188 siquidem
873 3121 1122 3175 nonnulli
1165 3120 1327 3192 primi
1372 3127 1688 3182 remanent,
1739 3119 1885 3173 velut
1931 3122 2162 3189 apostoli
2201 3122 2449 3187 Christi,
2502 3121 2594 3192 qui
2648 3123 2906 3186 Israelita:
2954 3121 3117 3192 692
3173 3131 3321 3189 sunt,
3374 3131 3425 3179 et
3475 3139 3539 3178 ex
3595 3123 3797 3179 semine

557 3215 852 3269 Abrahami
905 3215 1162 3279 oriundi;
1221 3224 1276 3270 et
1322 3215 1580 3286 postremi
1631 3208 1839 3284 aliqui,
1890 3217 2152 3284 postremi
2190 3233 2314 3273 esse
2364 3233 2474 3273 non
2519 3216 2795 3284 desinunt,
2856 3216 2948 3286 qui
3007 3215 3329 3271 deteriorem
3385 3226 3551 3287 agunt
3597 3217 3803 3281 vitam.

558 3320 723 3377 quam
755 3307 908 3362 multi
933 3311 1026 3378 qui
1060 3307 1312 3364 Ecclesia
1349 3323 1545 3365 nomen
1585 3310 1872 3366 dederunt.

629 3398 718 3454 21.
755 3398 874 3454 Jam
899 3415 1026 3456 vero
1048 3400 1332 3454 considera
1369 3416 1436 3454 an
1479 3401 1793 3471 angelorum
1819 3414 2011 3471 genus,
2042 3411 2126 3456 ut-

2305 3398 2458 3454 Μετὰ
2487 3397 2659 3450 ταῦτα
2687 3395 2978 3468 ἐπίστησον
3006 3399 3055 3452 si
3079 3399 3301 3452 δύνασαι
3334 3399 3395 3452 τὸ
3424 3397 3536 3452 τῶν
3567 3397 3806 3466 ἀγγέλων

562 3501 690 3565 pote
731 3493 924 3562 majori
957 3492 1162 3547 honore
1203 3493 1448 3562 dignum,
1476 3493 1710 3561 primum
1737 3507 1857 3546 esse
1900 3504 1964 3546 ac
1993 3508 2131 3560 pra:-

561 3583 977 3647 stantissimum,
1032 3597 1140 3652 pne
1171 3583 1452 3637 hominum
1483 3625 1498 3648 ,
1541 3583 1633 3653 qui
1685 3583 1945 3653 postremi
1981 3591 2128 3647 sunt,

562 3691 778 3746 genere,
814 3676 992 3730 dicere
1022 3675 1220 3746 possis.
1252 3673 1724 3741 Quemadmodum
1769 3675 1914 3730 enim
1951 3676 2002 3728 in
2031 3674 2132 3730 Job

560 3765 823 3834 scriptum
854 3775 936 3817 est
965 3763 1012 3795 ’⁸
1041 3782 1055 3817 :
1089 3782 1106 3814 ι
1150 3763 1380 3829 Quando
1421 3763 1562 3818 facta
1591 3774 1713 3819 sunt
1746 3774 1916 3829 astra,
1940 3765 2130 3819 lauda-

560 3864 755 3910 terunt
785 3852 954 3909 Deum
999 3868 1190 3909 onlnes
1224 3854 1401 3925 angeli
1449 3853 1600 3924 ejus,
1643 3873 1661 3906 ›
1702 3855 1858 3924 quasi
1890 3870 1997 3909 non
2030 3855 2133 3908 ho-

2235 3494 2393 3562 γένος
2423 3492 2661 3564 πρῶτον,
2709 3490 2784 3553 ὡς
2833 3491 3033 3561 τίμιον,
3084 3491 3254 3560 λέγων
3285 3491 3360 3562 ('5)
3391 3487 3532 3545 εἶναι
3576 3489 3668 3543 τοῦ
3703 3487 3805 3542 τῶν

2237 3583 2536 3656 ἀνθρώπων
2569 3583 2878 3654 γενομένων
2904 3582 3163 3655 ἐσχάτων·
3211 3583 3301 3635 καὶ
3348 3581 3477 3654 γὰρ,
3531 3582 3608 3645 ὡς
3653 3583 3712 3636 ἐν
3736 3577 3806 3650 τῷ

2249 3675 2366 3728 Ἰὼϐ
2391 3675 2717 3746 γέγραπται·
2760 3693 2779 3726 ι
2816 3675 2944 3727 Ὅτε
2969 3673 3333 3746 ἐγεννήθησαν
3365 3675 3561 3744 ἄστρα,
3617 3674 3806 3744 ᾔνεσαν

2235 3767 2327 3820 τὸν
2355 3767 2487 3819 Θεὸν
2516 3766 2716 3828 πάντες
2760 3765 2982 3834 ἄγγελοι
3042 3764 3259 3828 aut-06,)
3321 3765 3396 3828 ώς
3457 3764 3804 3836 πρεσϐύτεροι

2238 3855 2329 3908 καὶ
2364 3854 2679 3926 τιμιώτεροι
2712 3855 2771 3909 οὐ
2799 3856 2956 3926 μόνον
2976 3853 3071 3908 τοῦ
3094 3855 3400 3927 ἀνθρώπου,
3435 3853 3569 3907 ἀλλὰ
3593 3855 3686 3907 καὶ
3711 3852 3810 3907 πά-

1758 3941 1985 4001 VETUS
2022 3943 2602 4000 INTERPRETATIO.

561 4038 919 4097 humilientur
952 4045 1005 4093 ct
1044 4038 1418 4108 pusillanimes
1450 4039 1607 4110 ﬂant,
1636 4039 1793 4110 quasi
1823 4038 2550 4110 minusaliquidprioribus
2578 4039 2940 4109 possidentes,
2971 4052 3072 4110 pro
3111 4052 3178 4093 eo
3205 4039 3348 4110 quod
3379 4036 3803 4110 Christianitatis

561 4114 814 4180 dogmata
857 4107 1140 4165 novissimi
1185 4121 1526 4178 receperunt.
1564 4108 1734 4180 Habet
1777 4111 1942 4162 etiam
1985 4107 2215 4162 alterum
2256 4107 2608 4180 intellectum,
2655 4119 2714 4180 ut
2753 4111 2863 4180 sint
2911 4107 3129 4179 quidem
3175 4107 3335 4178 primi
3390 4107 3663 4180 Israelita;
3712 4107 3798 4180 qui

563 4175 688 4236 facti
729 4190 858 4234 sunt
906 4180 1190 4241 novissimi
1242 4175 1459 4247 propter
1506 4179 2103 4248 inﬁdelitatemrsuam,
2149 4187 2204 4232 et
2240 4179 2599 4246 proditionem
2652 4179 2704 4232 in
2740 4175 2959 4234 Christo
3001 4196 3014 4232 :
3055 4175 3241 4248 gentes
3285 4187 3466 4232 autem
3523 4175 3802 4231 novissimi

562 4251 691 4306 facti
735 4261 864 4305 sunt
905 4249 1106 4318 primi:
1150 4249 1195 4302 si
1236 4258 1415 4302 tamen
1458 4248 1856 4317 permanserint
1896 4247 1950 4301 in
1992 4248 2116 4311 ﬁde,
2169 4265 2187 4298 ι
2219 4263 2326 4318 non
2367 4252 2469 4300 alta
2504 4249 2807 4316 sapientes,
2846 4250 2939 4302 sed
2977 4247 3750 4318 humilibusconsentientes,
3780 4263 3799 4297 ι

562 4330 618 4375 et
646 4321 725 4374 sic
757 4315 1225 4390 communicantes
1265 4318 1432 4390 radici
1459 4315 1904 4390 patriarcharum,
1930 4321 1984 4368 et
2004 4316 2314 4390 pinguedini
2346 4319 2493 4390 verbi
2537 4315 2747 4386 patrum
2783 4319 2835 4371 in
2866 4334 2971 4390 qua
3004 4318 3229 4387 plantati
3274 4315 3473 4390 iuerint
3509 4318 3800 4390 secundum

563 4390 905 4460 propositum
951 4387 1546 4460 spiritalisuirgisget
1594 4387 1893 4460 secundum
1949 4387 2284 4460 voluntatem
2343 4387 2729 4460 prophetarum
2768 4405 2780 4440 :

564 4456 878 4530 Spiritaliter
919 4458 1061 4530 sicut
1102 4459 1206 4520 lex,
1244 4458 1351 4530 illis
1383 4457 1629 4511 videlicet
1674 4471 1706 4510 a
1736 4457 1877 4509 bona
1913 4456 2055 4509 oliva
2089 4464 2318 4530 propter
2361 4456 2730 4530 inﬁdelitatem

2835 4386 2896 4441 si
2943 4386 3122 4441 tamen
3171 4396 3225 4439 et
3286 4386 3801 4456 ipsirittlelligantttr

2769 4457 3027 4525 praeisis.
3073 4457 3291 4510 Christo
3333 4455 3478 4509 enim
3522 4455 3575 4507 in
3601 4454 3802 4522 j‘udicio

564 4525 814 4583 veniente
844 4528 897 4581 in
929 4528 1094 4580 istum
1123 4527 1406 4588 mundum,
1445 4534 1505 4579 ut
1538 4534 1723 4595 gentes
1753 4539 1875 4593 qua:
1914 4540 2022 4578 non
2051 4526 2304 4578 videbant
2340 4525 2612 4588 viderent,
2668 4525 2926 4580 Israelitaa
2986 4534 3166 4580 autem
3198 4527 3438 4578 videntes
3461 4535 3540 4595 fut
3588 4534 3800 4594 propter

564 4600 935 4655 inﬁdelitatem
983 4597 1176 4650 ﬂerent
1210 4595 1359 4659 caeci,
1401 4610 1500 4650 nos
1542 4594 1797 4664 proselyti
1849 4595 2205 4664 ascendentes
2242 4610 2338 4663 per
2371 4595 2528 4649 ﬁdem
2577 4595 2702 4649 facti
2738 4611 2928 4651 sumus
2968 4608 3181 4650 sursum
3221 4605 3275 4649 et
3311 4594 3507 4664 primi;
3555 4595 3802 4649 Israelita:

565 4680 745 4724 autem
781 4669 873 4737 qui
919 4667 1137 4721 fuerunt
1180 4666 1405 4733 priores,
1436 4675 1564 4737 sunt
1609 4663 1734 4737 facti
1783 4663 2065 4737 novissimi
2107 4679 2200 4732 per
2230 4664 2597 4737 inﬁdelitatem
2639 4665 2912 4737 cadentes.
2944 4665 3037 4720 Sic
3067 4665 3385 4736 intelligitur
3413 4675 3469 4718 et
3505 4665 3651 4737 quod
3695 4666 3799 4718 ait:

571 4759 592 4791 ι
625 4740 680 4792 Si
721 4733 846 4807 quis
877 4739 987 4792 vult
1026 4737 1236 4806 primus
1275 4750 1413 4807 esse,
1455 4735 1560 4787 erit
1602 4733 1965 4807 novissimus,
1998 4753 2016 4783 ι
2067 4743 2322 4807 tanquam
2369 4737 2417 4807 si
2461 4736 2608 4789 dicat
2647 4753 2662 4790 ι
2699 4734 2966 4801 Quoniam
3011 4750 3157 4790 nunc
3197 4733 3488 4804 primatum
3542 4735 3803 4807 accipient

566 4810 660 4878 qui
691 4803 755 4862 ei
789 4803 1039 4878 gentihus
1070 4807 1310 4878 credunt_
1341 4804 1392 4856 in
1423 4817 1527 4878 me,
1557 4803 1650 4872 qui
1681 4803 2065 4878 existimantur
2100 4805 2380 4858 novissimi
2423 4820 2546 4858 esse
2583 4807 2723 4878 apud
2741 4806 3037 4878 _lgsraelitas
3074 4818 3089 4856 :
3123 4803 3407 4878 novissimi
3451 4803 3802 4878 autenrjudi-

569 4873 839 4930 ea-bunttir
872 4893 900 4930 a
936 4876 1045 4931 Deo
1070 4890 1262 4928 omnes
1294 4873 1565 4946 Israeiitae,
1595 4873 1696 4946 etsi
1725 4873 1977 4946 videntur
2000 4885 2217 4946 propter
2249 4883 2488 4946 tempora
2520 4875 2698 4946 primi.
2736 4875 2792 4929 Si
2823 4877 2946 4943 quis
2977 4891 3105 4946 ergo
3135 4875 3249 4929 vult
3275 4875 3388 4929 ﬁeri
3417 4890 3540 4946 vere
3574 4875 3799 4946 primus,

570 4947 664 5000 tlat
701 4947 754 4998 iu
791 4947 910 5000 istis
946 4948 1036 5014 qui
1077 4961 1224 5000 nunc
1256 4943 1535 4997 novissimi
1580 4942 1963 4997 existimantur
2010 4943 2078 5014 alt
2117 4942 2393 4996 lsraelitis.

2442 4944 2764 5012 Quicunque
2803 4942 2985 4999 autem
3025 4942 3426 5014 volueritdesse
3473 4943 3526 4996 in
3570 4945 3676 4998 illis
3711 4942 3800 5014 qui

569 5016 730 5085 primi
769 5029 889 5068 esse
931 5012 1221 5080 videntur,
1258 5015 1491 5085 primatu
1532 5014 1598 5085 ad
1641 5021 1827 5085 gentes
1882 5012 2180 5085 translato,
2229 5014 2632 5085 computahitur
2668 5016 2810 5067 inter
2856 5015 3206 5085 novissimos.
3255 5012 3390 5067 Vide
3417 5022 3597 5085 autem
3633 5012 3799 5085 caute

569 5081 700 5155 quid
742 5085 1011 5155 loquatur
1030 5099 1230 5155 sermo.
1258 5081 1297 5133 ’c
1329 5081 1507 5155 Multi,
1545 5081 1753 5155 inquit,
1787 5091 1950 5155 erunt
1988 5082 2146 5155 primi
2192 5083 2496 5155 novissimi.
2532 5100 2552 5133 ι
2582 5081 2931 5155 Νοηηοιηηοε
2964 5083 3122 5151 primi
3157 5091 3319 5136 erunt
3365 5083 3667 5155 novissimi,
3696 5094 3801 5155 nec

567 5149 764 5210 όιιηιεε
813 5149 1092 5206 novissimi
1137 5159 1297 5205 erunt
1338 5150 1500 5221 primi
1560 5149 1707 5205 'Sunt
1752 5149 1898 5221 enim
1920 5149 2013 5218 qui
2064 5151 2222 5218 primi
2271 5151 2509 5217 fuerunt,
2558 5160 2614 5205 et
2660 5149 3016 5206 nihilominus
3062 5158 3381 5220 permanent
3430 5151 3614 5221 primi,
3665 5153 3802 5205 sicut

553 5222 780 5295 κρυψιξὶ
819 5221 1151 5295 Christiqui
1188 5223 1443 5276 Israelita;
1481 5219 1809 5295 iueruntde
1846 5221 2054 5295 semine
2087 5221 2339 5295 Abrahae,
2379 5222 2480 5295 qui
2510 5223 2860 5295 etiamnunc
2892 5219 3364 5295 primiihabentur
3405 5219 3680 5295 :;el._su_nt
3717 5237 3808 5272 no-

556 5291 760 5361 vissimi
802 5289 1158 5346 nihilominus
1196 5300 1598 5361 permanentes,
1637 5289 1728 5358 qui
1768 5289 1906 5342 male
1949 5299 2180 5343 tractant
2216 5290 2283 5343 de
2321 5289 2518 5360 populo
2557 5289 2984 5361 Christianofet
3019 5293 3273 5347 videntur
3315 5293 3382 5346 de
3422 5291 3659 5345 Ecclesia
3699 5301 3810 5344 esse

556 5375 678 5414 cum
718 5359 846 5414 sint.

637 5411 954 5484 ΞῚῘᾸῖῖΙιιιο
981 5433 1160 5479 autem
1191 5421 1310 5474 vide
1344 5421 1388 5475 si
1419 5431 1572 5488 potes
1615 5418 1794 5472 dicere
1821 5418 2273 5488 primunrgenus
2306 5431 2428 5470 esse
2475 5424 2823 5488 angelorum,
2865 5415 3026 5488 quasi
3069 5411 3446 5488 honorabilius
3491 5413 3800 5488 hominibus

569 5501 664 5572 qui
692 5498 978 5554 novissimi
1012 5510 1123 5566 pra:
1158 5492 1370 5566 angelis
1398 5484 1519 5544 csse
1570 5484 1840 5542 videntur.
1875 5484 2008 5538 Nam
2043 5485 2187 5538 sicut
2234 5488 2494 5552 scriptum
2526 5495 2611 5540 est
2661 5486 2714 5539 in
2747 5485 2849 5540 Job
2877 5503 2892 5539 :
2929 5504 2949 5538 ι
2992 5484 3222 5551 Quando
3251 5485 3408 5539 factae
3439 5491 3568 5539 sunt
3615 5487 3798 5547 stellae.

638 5598 682 5629 υ
724 5593 881 5651 Rom.
920 5609 999 5656 xt,
1035 5591 1121 5646 24.
1202 5593 1246 5623 ³³
1283 5588 1439 5644 Joan.
1477 5603 1551 5651 Ix,
1577 5582 1667 5639 59.
1742 5583 1788 5616 "
1823 5581 1994 5640 Marc.
2026 5597 2101 5642 Ix,
2133 5580 2222 5635 5i.
2300 5581 2345 5612 "
2383 5579 2486 5634 Job
2513 5595 2742 5643 xxxviii,
2781 5578 2831 5634 7.

644 5688 718 5756 (‘2)
758 5688 961 5756 Οινμὲν
988 5684 1107 5740 ἀπὸ
1143 5685 1258 5738 τῶν
1298 5681 1487 5742 ἐθνῶν
1513 5677 1771 5750 κεφαλή,
1800 5685 1904 5730 etc.
1934 5673 2138 5740 ,Πίονο-

572 5755 790 5821 m'tntts,
815 5755 1112 5825 Remigius.

2317 5673 2394 5742 (5)
2432 5672 2650 5743 Λέγων,
2675 5684 2778 5729 etc.
2819 5670 3127 5744 Legcudum
3170 5671 3366 5742 λέγειν,
3397 5690 3463 5728 ex
3513 5685 3677 5732 veteri
3726 5691 3800 5729 m-

2247 5746 2652 5814 tet-pietatione.
