4032 6308
583 324 724 382 ιιπε

2032 315 2353 373 ORIGENIS

3736 317 3760 373 1
3768 318 3860 372 530

584 438 832 494 facinora
879 433 947 491 ad
990 433 1047 490 id
1081 431 1404 503 deducentia
1433 432 1723 489 ediderunt
1749 432 1970 504 quidam
1994 476 2010 502 ,
2040 450 2151 491 cunt

2268 434 2705 498 ἀπολελοίπασιν,
2747 432 2885 488 ἐπὰν
2920 434 3208 505 ποιήσωσι,
3263 431 3656 504 κηρυχθείσης
3687 432 3859 497 αὐτοῖς

586 535 946 599 pervenerunt
970 526 1035 580 ad
1067 525 1385 596 angelorum
1406 525 1767 592 domicilium,
1798 527 2113 583 defecerunt
2140 546 2154 593 ;

586 634 711 674 nam
742 617 834 688 qui
860 631 1023 686 supra
1056 626 1252 670 terram
1280 617 1517 686 degunt,
1548 618 1862 673 caelestibus
1888 620 2159 688 posterio-

582 724 671 763 res
701 717 856 773 sunt;
893 712 986 777 qui
1016 722 1144 762 vero
1173 709 1372 762 coelum
1415 708 1697 772 incolunt,
1730 710 1816 764 his
1846 710 2158 780 superiores

579 807 710 851 sunt
755 798 851 867 qui
897 798 951 851 in
1005 806 1149 852 terra
1194 806 1515 865 versantur;
1542 808 1595 853 et
1646 799 1896 854 caelestes
1938 799 2158 870 quidem

579 902 647 942 ac
688 889 897 957 priores
932 888 1086 942 multi
1124 889 1454 958 posteriores
1482 887 1830 956 ellieiuntur,
1863 908 1881 941 ι
1913 890 1966 942 in
2015 890 2160 958 judi-

579 979 725 1034 cium
777 980 958 1049 magni
986 978 1125 1043 diei,
1172 980 1401 1034 vinculis
1431 981 1653 1035 :eternis
1683 980 1786 1035 sub
1817 980 2046 1050 caligine
2072 996 2160 1034 re-

579 1068 869 1135 servati“;
909 1087 928 1120 »
960 1068 1319 1138 posteriorum
1345 1077 1522 1123 autem
1547 1077 1600 1123 et
1629 1070 1679 1123 in
1720 1079 1866 1124 terra
1905 1078 2155 1123 natorum

530 1156 967 1229 'quamplurimi
1019 1160 1085 1214 ad
1140 1161 1425 1229 superiora
1480 1162 1900 1226 conscendunt,
1972 1162 2043 1215 ita
2101 1168 2160 1215 ut

580 1251 915 1304 conlidenter
956 1250 1138 1304 dicere
1181 1250 1495 1320 possint“:
1543 1271 1559 1302 ι
1590 1250 1787 1306 Nostra
1814 1253 2158 1307 convers:ttio

580 1340 635 1394 in
666 1341 821 1396 cmlis
847 1350 950 1396 est.
982 1360 1001 1392 »
1034 1340 1178 1407 Quin
1212 1354 1265 1395 et
1293 1343 1338 1398 is
1381 1344 1495 1412 ipse
1522 1345 1615 1413 qui
1655 1364 1673 1396 ι
1705 1345 1847 1399 sicut
1874 1343 2057 1413 fulgur
2091 1345 2159 1397 de

578 1433 718 1487 coelo
766 1433 960 1488 cecidit
984 1434 1062 1496 ³³,
1095 1452 1115 1485 »
1172 1435 1378 1503 primas
1429 1436 1746 1499 obtinebat,
1805 1437 2044 1506 quandiu
2103 1436 2155 1489 in

580 1524 839 1579 omnibus
871 1523 972 1577 viis
998 1524 1113 1578 suis
1139 1523 1450 1594 inculpatus
1478 1525 1828 1589 ambulabat,
1851 1524 2025 1579 donec
2054 1526 2158 1579 ini-

582 1613 766 1682 quitas
795 1613 851 1667 in
883 1613 1002 1682 ipso
1036 1612 1254 1668 inventa
1300 1624 1412 1679 est,
1440 1623 1496 1669 et
1537 1616 1592 1669 in
1633 1615 1907 1670 infernum
1937 1617 2158 1671 devolu-

587 1711 695 1769 tus,
719 1712 1030 1772 postrcmus
1059 1701 1237 1758 factus
1266 1713 1377 1769 est,
1401 1703 1538 1759 adeo
1568 1714 1627 1759 ut
1659 1705 2037 1775 obstupuerint
2063 1707 2155 1777 qui

2262 519 2364 589 τῆς
2392 519 2500 572 τῶν
2532 518 2779 591 οὐρανῶν
2804 518 3099 588 βασιλείας,
3136 520 3205 574 τὰ
3237 520 3506 589 ἀνάγοντα
3536 522 3758 582 αὐτοὺς
3782 523 3858 573 ἐπ’

2265 610 2457 680 αὐτήν·
2489 609 2583 662 καὶ
2606 609 2715 679 γὰρ
2748 609 2797 662 οί
2835 609 2934 679 μὲν
2961 611 3018 662 ἐν
3049 611 3118 680 γῇ
3145 608 3256 664 τῶν
3281 610 3558 680 οὐρανίων
3617 610 3856 680 ἔσχατοι.

2263 702 2312 752 οἱ
2341 699 2398 752 δὲ
2432 703 2490 754 ἐν
2521 701 2735 772 οὐρανῴ
2767 700 2872 753 τῶν
2931 702 2988 754 ἐν
3032 704 3103 772 γῇ
3142 701 3371 773 πρῶτοι·
3431 702 3531 754 καὶ
3579 702 3858 770 γίγνονται

2264 791 2451 844 πολλοὶ
2479 792 2577 863 μὲν
2609 791 2716 844 τῶν
2764 792 3032 864 οὐρανίων
3077 792 3174 846 καὶ
3216 791 3446 863 πρώτων
3494 793 3736 862 ἔσχατοι
3766 792 3852 857 (9|,

2270 901 2288 934 ι
2319 885 2398 946 είς
2430 884 2612 953 κρίσιν
2639 883 2880 955 μεγάλης
2902 884 3113 955 ἡμέρας
3143 884 3361 954 δεσμοῖς
3390 883 3593 947 ἀϊδίοις
3627 885 3692 936 ὲν
3718 882 3858 955 ζόφῳ

2262 976 2644 1047 τηρούμενον»
2699 977 2882 1030 πολλοὶ
2926 977 2982 1029 δὲ
3014 977 3124 1030 τῶν
3157 979 3421 1048 ἐσχάτων,
3461 978 3561 1030 καὶ
3629 978 3729 1030 ἐπὶ
3762 980 3853 1047 γῆς

2263 1067 2477 1135 γένεσιν
2509 1067 2872 1139 ἀνειληφότων
2891 1068 3292 1132 ἀναϐαίνοντες,
3330 1068 3472 1122 ὥστε
3507 1069 3857 1140 τεθαρρηκίε

2263 1174 2354 1219 τες
2381 1157 2581 1225 λέγειν·
2628 1176 2646 1207 ι
2679 1157 2864 1227 Ἦμῶν
2912 1159 2968 1211 δὲ
3018 1158 3080 1211 τὸ
3137 1158 3435 1229 πολίτευμα
3485 1161 3550 1212 ἐν
3611 1159 3853 1230 οὐρανοῖς

2265 1249 2552 1320 ὑπάρχει.»
2586 1249 2694 1301 Καὶ
2727 1250 2889 1312 αὐτός
2921 1266 2985 1317 γε
3010 1251 3038 1301 ό
3066 1249 3141 1312 ὼς
3188 1249 3441 1321 ἀστραπὴ
3466 1252 3535 1303 ἐκ
3570 1248 3677 1302 τοῦ
3704 1249 3852 1320 ούρα-

2264 1340 2356 1393 νοῦ
2392 1340 2573 1395 πεσὼν
2598 1341 2814 1413 πρῶτος
2842 1337 2930 1411 ἦν,
2980 1343 3142 1412 ἡνίκα
3186 1343 3507 1413 περιεπάτει
3559 1346 3626 1396 ἐν
3659 1342 3849 1404 πάσαις

2262 1436 2383 1497 ταῖς
2413 1434 2550 1496 ὁδοῖς
2579 1431 2745 1487 αὑτοῦ
2778 1432 3026 1503 ἄμωμος,
3053 1431 3159 1496 ἕως
3198 1428 3399 1503 εὑρέθη
3433 1433 3648 1504 ἀνομία
3678 1435 3737 1487 ἐν
3763 1434 3849 1486 αύ-

2262 1525 2361 1595 τῷ,
2392 1526 2486 1579 καὶ
2512 1524 2731 1593 γέγονεν
2755 1524 2980 1595 ἔσχατος
3004 1526 3083 1588 εἰς
3115 1524 3239 1595 ᾇδου
3286 1525 3556 1589 καταδάς,
3610 1525 3694 1589 ὡς
3733 1527 3847 1590 τοὺς

2267 1616 2473 1680 ἰδόντας
2503 1616 2665 1669 αὑτὸν
2694 1615 2993 1686 θαυμάζειν
3019 1617 3107 1669 ἐπ’
3141 1614 3307 1687 αὐτῷ,
3330 1618 3425 1670 καὶ
3463 1616 3678 1686 λέγειν·
3711 1618 3847 1671 «Καὶ

2266 1711 2332 1763 σὺ
2367 1708 2538 1771 ἑάλως
2561 1706 2749 1778 ὥσπερ
2772 1707 2866 1760 καὶ
2888 1709 3071 1776 ἡμεῖς*
3097 1708 3154 1761 ἐν
3187 1708 3320 1776 ἡμῖν
3341 1706 3398 1759 δὲ
3428 1706 3842 1778 κατελογίσθης.

584 1804 709 1844 eum
756 1790 1042 1855 viderunt,
1070 1801 1124 1846 et
1151 1792 1385 1846 dixerint
1410 1792 1457 1823 “
1485 1810 1498 1843 ι
1543 1812 1560 1844 ι
1596 1791 1662 1846 Ει
1691 1801 1744 1846 ιιι
1780 1802 1971 1863 captus
2000 1811 2060 1849 es
2089 1795 2151 1849 si-

2262 1794 2485 1865 Κατέϐη
2533 1796 2614 1858 είς
2666 1794 2793 1865 ᾅδου
2841 1796 2873 1866 ἡ
2910 1793 3039 1859 δόξα
3069 1811 3186 1857 σου,
3238 1795 3272 1865 ἡ
3307 1794 3474 1867 πολλὴ
3528 1796 3839 1868 εὐφροσύνη

582 1892 675 1938 cut
703 1893 757 1940 et
785 1900 921 1953 nos;
972 1885 1028 1940 in
1076 1885 1233 1941 nobis
1271 1894 1452 1940 autem
1497 1896 1779 1956 reputatus
1807 1903 1885 1942 es.
1928 1886 2163 1942 Descen-

580 1976 660 2031 dit
689 1985 870 2032 autem
898 1979 966 2032 ad
993 1976 1204 2032 inferos
1231 1977 1402 2047 gloria
1427 1985 1541 2044 tua,
1577 1978 1749 2033 multa
1775 1978 1963 2034 laetitia
1997 1990 2111 2033 tua.
2135 2000 2153 2030 ι

583 2065 899 2122 Postremus
934 2066 1120 2121 itidem
1166 2076 1323 2133 erat,
1346 2068 1665 2138 quicunque
1690 2079 1810 2124 erat
1850 2087 1870 2121 ι
1897 2069 2159 2138 insipiens

577 2165 634 2213 et
677 2158 1027 2225 incredulus,
1076 2161 1320 2214 serviens
1357 2159 1646 2216 desideriis
1696 2168 1752 2215 et
1785 2161 2158 2230 voluptatibus

577 2250 767 2313 variis,
798 2250 852 2304 in
886 2250 1093 2304 malitia
1133 2261 1188 2306 et
1218 2251 1421 2305 invidia
1453 2266 1657 2319 agens,
1687 2252 1907 2307 odibilis
1941 2262 1995 2308 et
2028 2253 2157 2309 odio

576 2358 951 2414 prosequens;
992 2365 1012 2397 »
1040 2354 1096 2400 at
1141 2346 1351 2416 primus
1381 2347 1587 2409 evasit.
1642 2366 1663 2399 ι
1688 2363 1815 2404 cum
1848 2349 2156 2421 benignitas

576 2443 632 2491 et
674 2435 987 2491 humanitas
1033 2437 1280 2506 apparuit
1325 2437 1631 2494 Salvator-is
1671 2441 1846 2494 nostri
1877 2439 2009 2507 Dei,
2061 2457 2156 2511 per

579 2525 856 2581 lavacrum
895 2529 1359 2597 regenerationis,
1407 2539 1461 2584 et
1513 2531 1886 2587 renovationis
1920 2530 2155 2602 Spiritus

578 2620 750 2675 sancti
767 2618 835 2686 ³⁸,
870 2638 890 2672 »
943 2629 999 2674 et
1039 2635 1162 2674 eum
1211 2621 1415 2691 recepit
1459 2622 1551 2692 qui
1590 2622 1828 2678 dixit":
1875 2641 1893 2674 ι
1923 2622 2028 2690 Qui
2068 2618 2156 2680 me

578 2710 791 2780 recipit,
820 2710 1013 2781 recipit
1036 2727 1161 2766 eum
1192 2712 1287 2782 qui
1323 2728 1409 2766 me
1439 2713 1608 2769 misit.
1646 2733 1667 2765 »
1706 2713 1908 2768 Verum
1946 2715 2155 2785 primos

575 2817 699 2858 esse
727 2804 820 2874 qui
850 2804 1079 2859 salutem
1109 2814 1516 2875 consequentur
1543 2821 1639 2875 per
1670 2806 1758 2861 illa
1791 2807 2150 2876 tradidimus;

577 2903 885 2964 postremos
910 2904 1122 2962 autem,
1153 2897 1247 2966 qui
1277 2897 1468 2951 eodem
1497 2898 1689 2953 ordine
1736 2899 1961 2954 minime
2000 2899 2150 2970 digni

577 2996 725 3048 sunt,
750 2988 842 3042 sed
875 2987 1177 3057 punitione,
1202 2987 1405 3057 quique
1428 2989 1645 3057 penitus
1671 2989 2150 3060 derelinquantur,

2262 1905 2378 1941 σου.
2395 1906 2412 1938 »
2445 1886 2602 1940 Οὕτω
2628 1886 2684 1939 δὲ
2707 1888 2799 1940 καὶ
2829 1886 3056 1957 ἔσχατος
3077 1882 3144 1957 ἦν
3184 1888 3291 1950 πᾶς
3320 1886 3415 1939 καὶ
3450 1904 3469 1937 ι
3494 1887 3735 1958 ἀνόητος
3760 1888 3838 1941 καί

2260 1978 2510 2049 ἀπειθὴς,
2541 1977 2804 2031 δουλεύων
2837 1977 3157 2049 ἐπιθυμίαις
3184 1978 3277 2032 καὶ
3297 1979 3512 2050 ἡδοναῖς
3543 1981 3839 2044 ποικίλαις,

2260 2072 2318 2123 ἐν
2352 2071 2522 2141 κακίᾳ
2561 2070 2656 2123 καὶ
2704 2068 2882 2140 φθόνῳ
2911 2069 3135 2138 διάγων,
3185 2070 3450 2141 στυγητὸς
3481 2072 3581 2125 καὶ
3619 2071 3836 2142 μισῶνσι

2259 2159 2395 2216 ἀλλά
2426 2163 2614 2232 γέγονε
2644 2161 2881 2233 πρῶτος,
2922 2180 2941 2213 ι
2968 2163 3056 2215 ὅτε
3077 2163 3110 2232 ἡ
3134 2163 3465 2233 χρηστότης,
3489 2163 3590 2216 καὶ¹
3619 2164 3655 2234 ή
3672 2162 3840 2231 φιλαν-

2259 2252 2476 2326 θρωπία
2509 2252 2751 2323 ἐπεφάνη
2787 2251 2881 2304 τοῦ
2903 2252 3156 2324 Σωτῆρος
3191 2252 3348 2324 ¹ἡμῶν
3373 2252 3535 2317 Θεοῦ,
3573 2253 3668 2308 διὰ
3723 2253 3835 2306 λου-

2258 2341 2389 2414 τροῦ
2425 2341 2863 2410 παλιγγενεσίας,
2925 2340 3020 2396 καὶ
3069 2341 3487 2406 ἀνακαινώσεως
3524 2343 3838 2414 Πνεύματος

2258 2433 2469 2503 ἀγίου,»
2501 2434 2595 2486 καὶ¹
2626 2433 2845 2499 ἐδέξατο
2864 2433 2954 2487 τὸν
2983 2434 3224 2488 εἰπόντω
3264 2453 3284 2485 ι
3332 2434 3392 2488 '0
3419 2434 3715 2506 δεχόμενος
3744 2434 3837 2505 ἐμὲ

2256 2528 2471 2598 δέχεται
2496 2525 2585 2577 τὸν
2614 2524 3010 2578 ἀποστείλαντά
3034 2542 3121 2595 με.
3137 2544 3153 2574 »
3188 2524 3348 2578 ’Λλλά
3380 2527 3524 2580 κατά
3540 2527 3645 2597 μὲν
3671 2525 3837 2580 ταῦτα

2257 2610 2509 2691 πρώτους
2539 2616 2958 2687 ἀποδεδώκαμεν
3011 2617 3140 2680 τοὺς
3182 2616 3621 2689 σωθησομένους·
3675 2615 3834 2690 ὲσχά-

2254 2728 2381 2776 τους
2404 2712 2461 2766 δέ
2485 2712 2611 2772 τοὺς
2649 2708 2724 2780 μὴ
2756 2708 2939 2775 ἀξίους
2964 2709 3061 2779 τῆς
3106 2708 3359 2781 τοιαύτης
3379 2710 3491 2765 τῶν
3528 2711 3832 2782 σωθησομέ-

2256 2822 2363 2858 νων
2396 2802 2620 2868 τάξεως,
2649 2802 2744 2855 καὶ
2769 2800 3043 2864 κολάσεως
3089 2799 3223 2872 (l0),
3275 2802 3370 2856 καὶ
3398 2802 3494 2856 τοῦ
3522 2801 3830 2872 ἐγκαταλει-

2255 2896 2473 2966 φθῆναι,
2504 2897 2644 2967 ἦτοι,
2681 2915 2699 2945 ι
2724 2895 2829 2957 ἕως
2850 2893 2910 2946 τδ
2936 2894 3209 2965 πλήρωμα
3237 2893 3345 2949 τῶν
3377 2894 3545 2949 ἐθνῶν
3560 2894 3822 2967 station,»

2256 2988 2288 3059 ἢ
2325 2986 2431 3049 ἓως
2463 2984 2858 3057 ἐκπληρώσωσι
2886 2983 2956 3037 τὰ
3011 2984 3138 3055 περὶ
3172 2985 3280 3038 τῶν
3329 2986 3471 3039 ἰδίων
3501 2984 3827 3057 ἀμαρτημά-
3857 3032 3860 3035 λ

575 3076 743 3150 694
771 3078 885 3144 vel,
916 3098 935 3129 ι
965 3078 1141 3133 donec
1187 3078 1466 3148 plenitudo
1494 3081 1733 3151 gentium
1781 3081 1999 3136 intrarit
2017 3082 2083 3149 ³⁷,
2126 3102 2144 3134 »

2258 3093 2381 3130 των.
2422 3076 2486 3129 Ἦ
2515 3077 2697 3146 μέντοι
2729 3074 3102 3146 ἐπιφερομένη
3123 3074 3223 3145 τῷ·
3271 3094 3289 3125 ι
3315 3075 3500 3128 Πολλοὶ⁵
3532 3074 3586 3127 δὲ
3609 3075 3821 3127 ἔσονται

577 3169 663 3223 vel
689 3169 863 3225 donec
888 3186 1017 3226 suas
1041 3186 1213 3225 noxas
1241 3170 1494 3226 eluerint.
1529 3169 1670 3227 Huic
1701 3181 1882 3228 autem
1910 3192 1923 3228 :
1951 3193 1968 3225 ι
1993 3173 2146 3229 Multi

575 3265 737 3312 erunt
776 3258 973 3327 printi,
1009 3260 1331 3327 novissimi;
1382 3269 1434 3315 et
1487 3260 1795 3328 novissimi,
1845 3263 2006 3332 primi
2027 3264 2094 3327 ³⁸,
2120 3282 2140 3316 »

576 3349 820 3405 subnexa
850 3350 1104 3419 parabola
1136 3352 1366 3407 salutem
1401 3352 1469 3407 iis
1503 3352 1789 3422 pollicetur
1821 3370 2058 3424 quorum
2088 3355 2144 3409 in

576 3439 831 3507 parabola
864 3441 1069 3496 mentio
1101 3441 1194 3507 lit,
1226 3443 1319 3512 qui
1357 3443 1571 3512 priores
1606 3444 1827 3513 quidem
1854 3460 2032 3514 operte
2063 3444 2147 3499 in-

575 3531 914 3598 cubuerunt,
945 3533 1201 3602 postremi
1233 3544 1412 3589 autem
1449 3536 1752 3591 mercedem
1785 3545 2144 3606 receperunt;

572 3628 626 3675 et
655 3631 935 3692 propterea
969 3639 1093 3679 cum
1127 3626 1286 3694 primi
1316 3635 1521 3693 essent,
1559 3627 1700 3683 inter
1724 3641 2032 3698 postremos
2057 3644 2147 3684 re-

573 3713 723 3767 censi
772 3723 927 3778 sunt;
976 3723 1033 3772 at
1080 3717 1490 3785 praestantiores
1543 3733 1640 3773 eos
1689 3734 1812 3774 esse
1854 3719 2014 3774 docet
2052 3720 2145 3789 qui

572 3802 835 3869 postremi
883 3803 1103 3872 quidem
1157 3807 1225 3861 ad
1271 3821 1411 3875 opus
1447 3804 1755 3862 faciendum
1792 3808 1947 3863 missi
1983 3818 2143 3876 sunt,

574 3894 879 3948 mercedem
909 3903 1091 3949 autetn
1138 3913 1245 3951 non
1291 3897 1452 3966 primi
1484 3897 1753 3952 duntaxat
1777 3908 2140 3968 receperunt,

572 3982 667 4038 sed
703 3984 1037 4039 tantumdem
1082 3985 1287 4050 etiam,
1340 3995 1605 4057 quantum
1651 3988 1690 4041 ii
1738 3989 1832 4058 qui
1879 3989 2145 4044 adversus

572 4074 1022 4147 patremfamilias
1064 4078 1521 4145 murmurabant,
1562 4087 1618 4137 et
1654 4079 1907 4135 dicebant
1948 4095 1962 4131 :
2015 4099 2034 4130 ι
2076 4077 2139 4132 Hi

2257 3167 2464 3239 πρῶτοι
2497 3166 2733 3236 ἔσχατοι,
2752 3166 2844 3218 καὶ
2876 3164 3094 3235 ἔσχατοι
3122 3165 3380 3237 πρῶτοι,»
3421 3164 3693 3238 παραῦολὴ
3717 3162 3824 3216 σῶα

2256 3255 2443 3321 ζεσθαι
2485 3256 2582 3326 μὲν
2615 3253 3021 3323 ἐπαγγέλλεται
3046 3255 3142 3307 καὶ
3189 3256 3316 3318 τοὺς
3366 3256 3463 3326 τῆς
3496 3251 3823 3326 παραϐολῆς,

2256 3343 2504 3416 πρώτους
2537 3344 2636 3415 μὲν
2663 3345 3091 3416 ἐργασαμένους,
3125 3343 3390 3413 ἐσχάτους
3437 3343 3495 3397 δὲ
3526 3342 3820 3414 λαμϐάνον-

2252 3454 2354 3501 τας
2376 3437 2466 3490 τὸν
2503 3435 2713 3507 μισθὸν,
2756 3438 2851 3491 καὶ
2895 3437 2984 3490 διὰ
3037 3436 3193 3490 τοῦτο
3225 3436 3473 3508 πρώτους
3531 3437 3709 3500 ὄντας,
3736 3434 3824 3488 καὶ

2255 3529 2336 3593 είς
2358 3529 2618 3599 ἐσχάτους
2652 3527 3084 3599 λελογισμένους·
3130 3527 3408 3600 διαφέρειν
3447 3527 3505 3581 δὲ
3538 3527 3714 3582 αὐτῶν
3741 3525 3821 3578 λέ-

2253 3636 2341 3689 γει
2369 3620 2495 3683 τοὺς
2537 3619 2798 3689 ἐσχάτους
2839 3621 2939 3690 μὲν
2988 3620 3084 3673 ἐπὶ
3127 3618 3199 3672 τὰ
3243 3619 3381 3690 ἔργα
3443 3618 3818 3691 βεϐλημένους,

2251 3708 2622 3771 ἀπολαϐόντας
2653 3708 2709 3761 δὲ
2737 3707 2831 3762 τὸν
2867 3708 3056 3778 μισθὸν
3083 3709 3143 3761 οὐ
3196 3708 3354 3779 μόνον
3397 3709 3672 3780 πρώτους,
3696 3705 3823 3761 ἀλλά

2252 3799 2347 3855 καὶ
2373 3798 2486 3853 ἴσον
2507 3802 2618 3862 τοῖς
2655 3799 2957 3868 γογγύσασι
2985 3798 3126 3853 κατὰ
3154 3798 3248 3853 τοῦ
3285 3799 3692 3863 οἰκοδεσπότου,
3735 3796 3820 3851 καὶ

2250 3891 2552 3963 είρηκόσιν·
2582 3908 2600 3940 ι
2631 3883 2792 3944 Οὗτοι
2820 3890 2870 3942 oi
2915 3889 3133 3960 ἔσχατοι
3185 3889 3315 3961 μίαν
3361 3889 3512 3962 ὥραν
3542 3891 3819 3963 ἐποίησαν.

2252 3982 2347 4039 καὶ
2371 3979 2519 4044 ἴσους
2573 3982 2772 4044 αὐτοὺς
2820 3980 3083 4051 ἐποίησας
3117 3982 3247 4052 ἡμῖν
3278 3984 3391 4045 τοῖς
3446 3979 3822 4052 βαστάσασιτὺ

2254 4076 2416 4149 βάρος
2445 4077 2543 4147 τῆς
2573 4076 2785 4148 ἡμέρας
2814 4079 2907 4135 καὶ
2930 4078 3021 4134 τὸν
3050 4079 3358 4136 καύσωνα.»
3392 4081 3501 4138 Καὶ
3528 4080 3736 4157 πρῶτοί
3759 4095 3818 4150 γι

1764 4190 1997 4248 VETUS
2034 4189 2625 4247 INTERPRETATIO.

573 4280 667 4357 qui
692 4296 800 4337 non
840 4300 861 4333 ι
891 4292 1354 4357 conservaverunt
1381 4284 1743 4357 principatum
1776 4300 1957 4357 suum,
1990 4286 2084 4340 sed
2115 4284 2757 4357 reliqueruntpropriam
2788 4284 3200 4357 habitationem,
3240 4305 3260 4339 ι
3295 4287 3629 4355 accipientes
3672 4287 3809 4357 prin-

573 4350 1142 4434 cipatumsecundu‘m
1175 4354 1321 4434 quod
1352 4350 1614 4434 scriptum
1648 4363 1731 4434 est
1762 4371 1775 4405 :
1809 4373 1828 4405 ι
1869 4355 1999 4434 Esio
2022 4350 2343 4434 potestatem
2387 4350 2600 4434 habens
2624 4369 2788 4422 super
2815 4353 3000 4409 decent
3034 4350 3305 4434 civitates,
3335 4350 3431 4411 aut
3471 4372 3634 4434 super
3661 4350 3809 4434 quin-

572 4421 678 4492 que
705 4422 974 4492 civitates.
1007 4442 1031 4492 »ν
1057 4421 1210 4476 Fac'i
1236 4438 1365 4491 ergo
1386 4423 1440 4475 in
1467 4421 1809 4481 habitatione
1830 4421 2053 4492 quidam
2080 4426 2397 4492 angelorum
2427 4421 2812 4490 derelinquunt
2837 4439 2958 4477 eam
2990 4444 3003 4479 :
3030 4421 3338 4480 eﬂiciuntur
3366 4421 3557 4481 autem
3574 4421 3808 4481 homines

572 4489 755 4558 primi,
783 4492 828 4546 si
856 4491 1076 4562 quando
1099 4489 1521 4562 praulieato‘sibi
1553 4509 1719 4561 regno
1745 4489 2034 4556 caelorum,
2064 4489 2294 4547 fecerint
2323 4507 2446 4562 qua:
2468 4489 2699 4562 possunt
2725 4507 2823 4546 eos
2848 4493 3133 4548 sublevare
3157 4496 3224 4549 ad
3249 4497 3394 4551 illam
3429 4495 3804 4551 habitationem

572 4574 736 4642 quam
765 4560 1337 4642 acttgelinreliquerunt.
1371 4560 1435 4615 Et
1466 4560 1708 4642 multiiex
1742 4563 2057 4619 novissimis
2084 4572 2138 4616 et
2174 4560 2510 4642 nativitatem
2548 4561 3058 4642 habentibussuper
3092 4566 3735 4642 terram,_aseendeutes,
3758 4571 3806 4615 ut

574 4628 895 4704 liditcialitér
921 4628 1110 4704 dicere
1131 4630 1341 4704 possint
1367 4647 1403 4704 εΔ
1426 4650 1446 4681 ι
1476 4630 1673 4704 Nostra
1698 4643 1880 4704 autem
1916 4635 2260 4704 conversatio
2295 4635 2348 4687 in
2381 4633 2536 4704 etelis
2568 4641 2673 4704 est,
2707 4650 2729 4704 ν»
2761 4628 3072 4689 elliciutitur
3097 4628 3387 4703 primi.'Et
3441 4637 3557 4704 ipse
3601 4647 3807 4704 quoque

572 4698 665 4818 gui
701 4718 719 4749 ι
764 4701 907 4754 sicut
936 4698 1345 4771 fulgur-corruit
1373 4700 1438 4755 de
1470 4702 1630 4767 caelo,
1674 4722 1692 4753 »
1738 4702 1948 4770 primus
1987 4701 2091 4758 fuit
2121 4706 2341 4772 quando
2384 4702 2666 4758 incedebat
2706 4698 3112 4758 immaculatus'
3135 4706 3188 4757 in
3245 4698 3503 4759 omnibus
3530 4698 3634 4758 viis
3680 4698 3803 4762 suis.

611 4780 746 4818 Onec
771 4769 1030 4818 inimtilas
1063 4771 1399 4818 inveniretur
1425 4771 1477 4818 in
1509 4787 1597 4818 en-
1632 4782 1685 4818 ot
1714 4770 1892 4818 factus
1920 4784 2003 4818 est
2027 4773 2358 4818 novissimus
2394 4774 2446 4818 in
2472 4770 2744 4818 infernum
2773 4772 3130 4818 descendens-
3166 4782 3226 4818 nt
3259 4775 3601 4818 admirentur
3628 4775 3803 4818 viden-

611 4780 746 4823 onec
771 4769 1039 4838 iniquitas
1063 4771 1399 4838 inveniretur
1425 4771 1477 4826 ltt
1509 4787 1597 4837 eo,
1632 4782 1685 4826 et
1714 4769 1892 4826 factus
1920 4784 2003 4826 est
2026 4769 2358 4828 novissimus
2394 4774 2446 4826 in
2472 4770 2744 4824 infernum
2773 4772 3131 4838 descendens,
3166 4782 3226 4828 ut
3259 4775 3601 4829 admirentur
3628 4775 3804 4828 viden-

575 4842 658 4910 tes
682 4851 828 4910 eum,
851 4837 907 4894 et
933 4840 1117 4893 dicant
1143 4854 1156 4890 :
1193 4857 1211 4889 ι
1249 4837 1312 4893 Et
1357 4851 1412 4896 tu
1443 4851 1802 4910 consumptus
1828 4856 1888 4896 es
1920 4843 2061 4896 sicut
2088 4852 2141 4896 et
2171 4858 2291 4896 nos.
2349 4841 2405 4896 ltt
2438 4840 2596 4895 nobis
2629 4850 2809 4895 autent
2857 4837 3203 4898 existimatus
3235 4860 3315 4907 es,
3342 4854 3397 4900 et
3430 4843 3714 4898 descendit
3745 4839 3804 4896 ad

573 4900 980 4985 inferoshonor
1008 4917 1169 4985 tuus._
1190 4917 1245 4961 et
1279 4911 1449 4985 multa
1477 4910 1650 4985 gloria
1678 4900 1792 4966 tua.
1811 4929 1854 4985 _i
1887 4910 1979 4985 Sic
2007 4928 2132 4985 eum
2164 4913 2676 4985 novissimus‘esset
2705 4912 3006 4985 omnisqui
3038 4930 3058 4962 ι
3090 4900 3355 4985 insipiens
3380 4922 3433 4968 et
3458 4913 3798 4985 incredulus,

573 4979 713 5052 erat,
759 4993 777 5025 ι
821 4976 1062 5052 serviens
1086 4979 1458 5052 voluptatibus
1483 4976 1670 5045 variis,
1707 4990 1767 5052 et
1793 4980 2081 5052 desideriis
2110 4981 2165 5034 in
2197 4982 2400 5038 malitia
2433 4991 2487 5052 et
2508 4980 2734 5047 invidia,
2765 4976 2982 5036 odibilis
3010 4992 3063 5035 et
3092 4976 3304 5047 odiéns,
3349 5004 3371 5037 »
3407 4985 3500 5039 sed
3526 4983 3705 5038 factus
3728 4985 3804 5052 est

572 5046 782 5120 primus
808 5046 1028 5117 quando
1069 5047 1431 5120 rbeniguitas
1464 5052 1714 5120 apparuit
1742 5050 1957 5105 Domini
1986 5050 2287 5107 Salvatoris
2315 5067 2415 5120 per
2442 5046 2725 5107 lavacrum
2762 5052 3191 5119 regenerationis
3211 5065 3266 5107 et
3293 5054 3664 5110 renovationis
3692 5049 3804 5120 Spi-

570 5112 730 5190 ritus,
768 5134 786 5166 »
820 5112 1141 5190 etsuscepit
1171 5112 1430 5190 eumqui
1459 5112 1636 5175 diiit:
1675 5139 1693 5171 ι
1729 5120 1833 5189 Qui
1863 5136 1948 5172 me
1973 5121 2234 5190 suscepit,
2259 5112 2501 5189 suscepit
2531 5135 2657 5174 eum
2685 5119 2779 5190 qui
2816 5112 2902 5174 me
2941 5121 3107 5176 misit.
3151 5143 3169 5174 »
3210 5123 3317 5178 Sed
3362 5124 3663 5178 secundum
3699 5112 3803 5176 haec

570 5181 790 5265 quidem
818 5181 1176 5265 primos_ésse
1212 5181 1537 5265 tradidimus
1587 5205 1685 5245 eos
1712 5181 1806 5265 qui
1860 5181 2179 5265 salvantur,
2221 5181 2560 5265 novissimos
2607 5181 2790 5265 autem
2840 5191 2935 5265 qui
2980 5207 3089 5265 non
3139 5205 3271 5248 sunt
3301 5193 3585 5265 dignitali
3619 5192 3800 5247 ordine

571 5253 926 5317 salvatorum,
955 5254 1046 5309 sed
1082 5270 1263 5327 posita,
1294 5265 1352 5311 ut
1385 5253 1760 5329 relinquantur
1782 5300 1797 5325 ,
1836 5260 1950 5314 sive
1987 5279 2005 5310 ι
2047 5253 2221 5315 donec
2257 5261 2541 5315 intraverit
2574 5262 2817 5329 gentium
2852 5253 3162 5329 plenitudo,
3202 5282 3223 5314 »
3276 5253 3395 5318 sive
3447 5263 3624 5317 donec
3661 5273 3800 5317 cont—

639 5341 683 5381 ⁸¹
721 5342 847 5398 Jud.
901 5345 956 5400 6.

570 5427 628 5476 ι,
654 5412 744 5467 ιο.
822 5414 866 5446 ³⁷
910 5412 1066 5469 Rom.
1102 5431 1179 5483 χι,
1211 5412 1304 5471 25.
1379 5418 1424 5450 ³⁸
1463 5418 1649 5474 Matth.
1692 5412 1914 5486 nx,’50.

639 5506 718 5633 {9)
753 5508 934 5564 Codex
968 5510 1186 5598 Regius,
1215 5514 1262 5566 οί
1295 5514 1501 5597 πρῶτοι
1529 5514 1765 5597 ἔσχατοι,
1796 5530 1901 5569 non
1929 5517 2090 5570 male.

670 5576 750 5633 I0)
787 5579 895 5632 Καὶ
917 5585 1240 5633 nolueram.
1286 5583 1421 5633 Insue
1448 5583 1583 5633 αλλὰ
1608 5584 1894 5633 κολάσεως-
1927 5583 2059 5633 Nam
2085 5609 2090 5633 ι

1032 5344 1077 5377 ³³
1116 5344 1312 5419 Philip.
1344 5364 1421 5419 ιιι.
1449 5349 1539 5401 2:).
1615 5350 1661 5382 ³⁸
1699 5349 1832 5406 Luc.
1864 5366 1921 5415 κ,
1956 5350 2039 5409 18,
2117 5351 2151 5384 ³⁴

2258 5367 2304 5410 a.
2328 5366 2442 5415 xiv,
2469 5352 2555 5416 10,
2586 5351 2674 5417 ll,
2706 5350 2792 5406 l2.
2864 5353 2911 5404 .³⁸
2952 5350 3059 5412 Tit.
3096 5367 3177 5417 ιιι,
3208 5353 3263 5419 5,
3288 5353 3340 5419 ι,
3372 5353 3425 5411 5.

3534 5352 3581 5386 ³⁸
3619 5349 3795 5411 Matth.

2244 5516 2445 5587 ibidem
2490 5515 2576 5587 his
2612 5516 2792 5571 verbis
2822 5535 2837 5571 :
2869 5517 2976 5569 Καὶ
3019 5516 3110 5571 τοῦ
3143 5515 3650 5587 ἐγκαταλειφθῆναι,
3690 5516 3796 5586 ἦτοι

670 5576 750 5643 Ill)
917 5576 1240 5656 κολᾴσεως.
1286 5576 1421 5650 Lége
1448 5576 1894 5656 ᾴλ).ὰ’κολὰσεως.
1927 5583 2059 5656 Nam
2085 5597 2139 5641 et

2258 5586 2345 5650 ἕως
2396 5587 2455 5638 τὸ
2503 5586 2795 5656 πλήρωμα,
2843 5596 2972 5649 ete.,
3019 5576 3195 5655 pomis
3227 5576 3607 5641 damnatorum
3638 5576 3795 5656 linem

571 5657 769 5729 sensus
800 5647 851 5729 id
883 5653 1139 5729 postulat,
1174 5647 1417 5729 etvetus
1448 5653 1715 5729 interpres
1746 5657 1941 5729 vertit:
1984 5672 2001 5703 ι
2026 5653 2131 5718 Qui
2235 5647 2486 5729 imponit.
2522 5647 2651 5717 Vide
2696 5647 3138 5726 Origeniauoi'um
3182 5658 3277 5713 lib.
3330 5670 3406 5722 ιι,
3447 5667 3645 5729 quaest.
3698 5655 3753 5720 ﬂ
3775 5687 3796 5717 ι

574 5728 681 5767 non
714 5723 842 5771 sunt
863 5716 1011 5787 digni
1042 5719 1135 5775 tali
1168 5716 1734 5795 ordineosalvatorum,
1766 5723 1860 5777 sed
1884 5716 2067 5796 pinna:
2099 5743 2116 5776 »

2229 5740 2284 5778 ιι.
2324 5724 2408 5783 16.
