4032 6308
343 391 512 451 i357

1333 388 1689 447 COMMENT.
1729 388 1793 443 IN
1833 384 2245 444 ΜΑΤΤΗεΕϋΜ
2281 383 2520 441 TOMUS
2552 383 2672 438 XV.

3490 383 3623 439 ωε

343 510 403 564 oi
434 509 667 581 ἔσχατοι
697 505 983 578 κληθέντες
1008 505 1101 558 ἐπὶ
1127 502 1188 558 τὸ
1220 504 1381 575 ἔργον
1425 504 1676 574 λέγονται
1709 503 1859 574 παρᾶ
1890 503 1951 556 τὺ

2057 503 2339 557 novissimi
2377 517 2483 554 una
2518 501 2649 554 liora
2684 498 2953 562 fecerunt,
2985 507 3040 553 et
3066 512 3225 567 pares
3255 494 3421 554 nobis
3451 497 3629 555 fecisti

348 602 628 673 πρώτους
658 597 853 661 αὐτοὺς
879 595 1156 665 εἰληφέναι
1187 596 1278 649 τὸν
1331 595 1539 666 μισθόν.
1564 594 1686 665 Θεῷ
1710 594 1766 647 δὲ
1793 592 1949 659 εὐξά-

349 707 551 761 μενοι,
571 690 664 743 καὶ
684 687 1136 757 ἐπικαλεσάμενοι
1166 687 1228 739 τὸ
1251 686 1419 759 ὄνομα
1446 686 1540 739 τοῦ
1566 685 1772 756 Κυρίου
1795 684 1955 756 ἡμῶν

359 782 561 854 Ἰησοῦ
589 779 845 853 Χριστοῦ,
870 778 1160 850 ἐκθώμεθα
1199 779 1300 851 τὴν
1342 777 1677 851 παραϐολὴν,
1706 777 1801 830 καὶ
1831 774 1953 828 ἴδω-

346 889 465 943 μεν
489 875 617 927 τίνα
644 874 775 943 ἡμῖν
805 871 1058 937 ἐξετάσαι
1108 871 1203 923 καὶ
1256 872 1429 924 εἰπεῖν
1458 872 1539 933 είς
1570 870 1762 940 αὐτὴν,
1794 866 1829 937 ἢ
1856 864 1953 919 καὶ

341 961 741 1036 ὓπαγορεῦσαι
762 960 1065 1032 δοθήσεται·
1097 961 1210 1032 ἔχει
1230 961 1288 1013 δὲ
1315 959 1475 1015 οὕτω.

344 1067 623 1120 quaenam
679 1052 839 1105 nobis
868 1053 1252 1122 pervestigare,
1286 1069 1351 1107 ac
1407 1067 1571 1123 super
1604 1050 1696 1107 illa
1750 1046 2021 1120 proferre,

345 1145 675 1199 videamus.
710 1140 801 1198 Sic
821 1153 1001 1198 autem
1025 1144 1114 1197 illa
1143 1159 1204 1199 se
1235 1145 1421 1200 habet.

656 1236 796 1304 Περὶ
818 1235 937 1289 τῶν
949 1238 1368 1307 μισθουμένων
1386 1238 1670 1307 ἐργατῶν.

436 1349 460 1381 ι
520 1328 715 1400 Ὁμοία
748 1328 894 1381 ἐστὶν
920 1332 952 1400 ἡ
985 1328 1234 1399 βασιλεία
1265 1330 1374 1383 τῶν
1402 1330 1646 1401 οὐρανῶν
1677 1328 1951 1401 ἀνθρώπῳ

344 1418 746 1490 οἰκοδεσπότῃ,
779 1418 927 1481 ὅστις
974 1417 1195 1487 ἐξῆλθεν
1225 1420 1341 1491 ἅμα
1383 1418 1527 1493 πρωῒ
1578 1418 1953 1490 μισθώσασθαι

349 1511 666 1581 ἐργάτας,ι
703 1508 892 1563 καὶτὰ
926 1509 1052 1580 ἐξῆς
1098 1510 1205 1574 ἐως
1254 1510 1368 1564 τοῦ-
1427 1528 1445 1561 ι
1476 1510 1667 1563 Πολλοὶ
1705 1510 1815 1582 γάρ
1845 1512 1953 1564 είσι

354 1597 579 1669 κλητοὶ,
607 1597 774 1666 ὀλίγοι
797 1596 852 1651 δὲ
881 1598 1147 1652 ἐκλεκτοί.
1167 1618 1198 1672 Δι
1234 1598 1466 1653 Δύναται
1496 1599 1596 1670 μὲν
1617 1596 1709 1653 οὗν
1738 1601 1771 1670 ἡ
1802 1602 1951 1653 πᾶσα

349 1686 655 1757 παραδολὴ
682 1687 770 1740 διὰ
796 1686 954 1740 τοῦτο
985 1686 1370 1759 πρειλῆφθαι,
1392 1690 1469 1752 είς
1499 1688 1561 1741 τὸ
1591 1688 1779 1760 μαθεῖν
1805 1691 1953 1760 ἡμᾶς

2055 591 2146 661 qui
2207 592 2544 661 portavimus
2577 592 2790 659 pondus
2815 588 2922 643 dici
2954 597 3008 643 et
3038 596 3229 644 :estum
3249 591 3314 643 ”.
3367 608 3387 643 ι
3433 589 3496 646 Et
3532 590 3627 662 qui

2057 683 2313 753 postremi
2349 682 2569 751 quidem
2599 681 2665 735 ad
2692 696 2832 750 opus
2863 680 3020 735 acciti
3050 688 3209 746 sunt,
3251 682 3395 751 quod
3426 698 3632 739 merce.

2058 773 2177 827 dem
2229 774 2439 847 priores
2488 777 2825 841 receperint,
2854 773 3015 841 primi
3046 773 3323 827 dicuntur.
3367 771 3631 831 Precibus

2059 874 2239 917 autem
2271 864 2336 918 ad
2389 862 2555 918 Deum
2594 863 2733 918 fusis
2756 904 2771 929 ,
2806 874 2860 917 et
2893 864 3146 918 invocato
3198 863 3410 918 llomini
3459 866 3630 922 nostri

2058 952 2187 1009 Jesu
2245 952 2451 1009 Christi
2506 956 2745 1018 nomine,
2778 955 3093 1023 parabolam
3151 956 3518 1025 explicemus,
3574 966 3632 1012 et

2059 1060 2271 1100 necnon
2318 1053 2374 1101 et
2421 1046 2580 1116 quasi
2628 1047 3037 1102 adhortationes
3083 1062 3384 1117 proponere
3438 1051 3632 1121 liceat,

2377 1224 2456 1279 De
2483 1222 2715 1279 mercede
2739 1223 3012 1277 conductis
3038 1225 3314 1293 operariis.

2124 1319 2217 1375 ‘28.
2263 1335 2282 1369 ι
2317 1316 2507 1372 Simile
2541 1323 2626 1369 est
2656 1329 2883 1384 regnum
2931 1316 3193 1369 malorum
3228 1314 3434 1370 homini
3465 1315 3633 1385 patri-

2053 1409 2327 1472 familias,
2374 1406 2467 1477 qui
2504 1406 2633 1460 exiit
2681 1407 2857 1475 primo
2886 1421 3048 1461 mane
3089 1406 3400 1462 conducere
3437 1422 3632 1476 opera-

2054 1502 2163 1557 rios
2185 1542 2201 1568 ,
2233 1520 2252 1552 ι
2288 1509 2341 1554 et
2383 1510 2609 1565 uetera,
2645 1514 2818 1568 usque
2847 1499 2912 1552 ad
2956 1498 3047 1553 id:
3082 1516 3102 1548 ι
3135 1498 3284 1552 Multi
3327 1499 3473 1553 enim
3503 1508 3632 1554 sunt

2056 1593 2267 1657 vocati,
2304 1592 2462 1662 pauci
2498 1605 2626 1644 vero
2651 1589 2807 1643 electi
2831 1589 2897 1642 "°.
2932 1608 2952 1641 ι
2984 1589 3063 1643 Ad
3113 1590 3164 1643 id
3199 1589 3433 1645 fortasse
3467 1606 3630 1644 usur—

2058 1693 2182 1755 pata
2213 1693 2297 1738 est
2326 1691 2435 1737 tota
2470 1683 2587 1737 haec
2622 1682 2909 1752 parabola,
2958 1688 3017 1735 ut
3058 1681 3336 1736 discamus
3368 1681 3631 1751 quemad-

355 1778 495 1841 πῶς
518 1778 567 1831 oi
598 1778 814 1848 ἔσχατοι
847 1778 1091 1843 ἐλθόντες
1118 1780 1197 1842 εἰς
1251 1779 1310 1832 τὸ
1350 1779 1528 1851 ἔργον.
1562 1779 1638 1843 ὡς
1667 1781 1716 1832 oi
1750 1780 1954 1851 πρῶτοι

2060 1776 2281 1830 modum
2318 1775 2410 1843 qui
2455 1774 2519 1828 ad
2551 1789 2689 1842 opus
2733 1772 3042 1826 faciendum
3092 1772 3351 1842 postremi
3382 1788 3629 1828 accesse-

353 1867 684 1939 κληθέντες,
715 1868 807 1922 τὸν
844 1868 1033 1939 μισθὸν
1072 1869 1264 1924 ἔλαϐον
1288 1872 1512 1943 πρῶτοι·
1549 1872 1642 1925 καὶ
1674 1870 1795 1925 τίνα
1829 1873 1953 1943 τρό-

353 1976 472 2014 πον
502 1962 551 2013 οἱ
588 1959 793 2031 πρῶτοι
821 1962 1108 2032 κληθέντες
1141 1965 1197 2016 ἐν
1230 1965 1433 2037 ἐσχάτῃ
1478 1963 1629 2036 χώρᾳ
1673 1963 1824 2035 παρὰ
1874 1962 1953 2034 τῷ

352 2051 726 2126 οἰκοδεσπότῃ
749 2052 1076 2123 ἐτάχθησαν,
1105 2054 1183 2107 διδ
1213 2055 1308 2108 καὶ
1329 2056 1624 2109 τελευταῖοι
1645 2055 1736 2109 τὸν
1762 2055 1959 2127 μισθὸν

352 2142 727 2213 ἀπειλήφασι.
764 2144 884 2215 Χρὴ
933 2144 990 2197 δέ
1038 2145 1255 2211 εἰδέναι,
1289 2148 1392 2212 ὅτι,
1439 2147 1515 2211 ὡς
1566 2147 1743 2217 Ἰησοῦ
1776 2164 1954 2217 παρα-

354 2221 522 2304 ϐολῆ,
563 2251 581 2283 ι
606 2235 664 2286 ἐν
690 2226 734 2301 ᾧ
763 2233 811 2286 οί
846 2233 1110 2306 θησαυροὶ
1154 2236 1254 2307 τῆς
1312 2237 1504 2306 σοφίας
1547 2236 1641 2291 καὶ
1697 2235 1959 2306 γνώσεώς

355 2325 511 2377 εἰσιν
550 2324 910 2396 ἀπόκρυφοι,ι
972 2324 1354 2397 ἐξεταζομένη,
1412 2327 1649 2381 τοσαῦτα
1708 2328 1953 2399 δόγματα

356 2416 469 2487 τῆς
522 2416 581 2468 ἐν
633 2415 915 2487 μυστηρίῳ
980 2416 1477 2490 ἀποκεκρυμμένης
1540 2420 1733 2488 σοφίας
1798 2420 1957 2491 εὑρε-

359 2507 601 2579 θήσεται
632 2509 743 2572 τοῖς
775 2508 844 2561 τά
872 2506 1096 2561 τοιαῦτα
1128 2509 1401 2581 εὑρίσκειν
1434 2509 1749 2581 δυναμένοις
1791 2513 1957 2564 αἰνισ-

362 2599 599 2667 σομένη,
650 2597 790 2650 ὥστε
849 2598 1089 2667 εὐλόγως
1144 2597 1210 2651 ἂν
1257 2600 1348 2653 ἐπὶ
1396 2600 1568 2673 ταύτῃ
1621 2602 1854 2671 μάλιστα
1880 2604 1955 2655 εἰ-

362 2687 495 2738 πεῖν
554 2688 618 2757 τῇ
652 2685 933 2757 παραϐολῇ
988 2687 1081 2740 τὸν
1142 2688 1370 2760 Σωτῆρα
1427 2688 1508 2742 τό’
1559 2711 1576 2740 ι
1621 2691 1842 2756 Ἀνοίξω
1896 2692 1956 2744 ἐν

364 2776 708 2846 παραϐολαῖς
767 2776 829 2830 τὸ
886 2779 1064 2848 στόμα
1128 2797 1262 2849 μου,
1327 2779 1631 2849 φθέγξομαι
1711 2781 1956 2851 προϐλή-

369 2883 522 2935 ματα
554 2867 646 2919 άπ*
673 2867 899 2939 ἀρχῆς,ι
928 2868 1040 2922 καί·
1067 2888 1086 2920 ι
1124 2869 1442 2941 Ἐρεύξομαι
1467 2872 1821 2942 κεκρυμμένα
1847 2872 1955 2925 ἀπὸ

365 2955 695 3027 καταϐολῆς.
723 2977 742 3009 ι
779 2959 1097 3027 Ἀναγκαῖον
1123 2959 1231 3030 γάρ
1259 2959 1384 3012 ἰδεῖν
1420 2958 1512 3011 τὸν
1546 2959 1804 3029 μέλλοντα
1831 2960 1954 3030 νοή-

365 3063 489 3102 σειν
514 3047 611 3118 τὴν
633 3048 966 3120 παραϐολὴν,
994 3052 1092 3122 τὴν
1121 3053 1179 3104 ἐν
1197 3051 1332 3121 αὐτῇ
1358 3049 1692 3121 δηλουμένην
1717 3050 1950 3123 ἡμέραν,

2056 1874 2204 1930 runt,
2238 1865 2541 1918 mercedem
2588 1865 2832 1917 eamdem
2884 1862 3045 1931 primi
3080 1863 3412 1930 receperint,
3440 1878 3503 1917 ac
3536 1864 3631 1933 qui

2054 1957 2265 2026 priores
2293 1954 2507 2009 fuerant
2544 1952 2736 2016 acciti,
2788 1967 3005 2021 quoque
3036 1951 3197 2006 modo
3228 1954 3319 2023 qui
3353 1954 3511 2023 primi
3542 1969 3635 2009 ac-

2053 2047 2236 2104 cersiti
2283 2053 2453 2109 sunt,
2501 2053 2776 2114 postremo
2823 2045 2943 2098 loco
2993 2045 3134 2114 apud
3182 2046 3635 2113 patremfamilias

2054 2138 2332 2197 constituti
2362 2139 2491 2203 sint,
2527 2138 2668 2193 unde
2689 2148 2743 2192 et
2771 2137 3075 2192 mercedem
3113 2140 3372 2207 postremi
3411 2155 3631 2210 recepe-

2055 2238 2202 2285 runt.
2237 2229 2531 2284 Sciendum
2560 2236 2644 2282 est
2671 2227 3201 2294 autem,diseussam
3236 2228 3377 2284 hanc
3402 2231 3634 2299 parabo-

2054 2321 2206 2384 lam,
2258 2327 2441 2388 utpote
2484 2333 2608 2387 qua:
2646 2317 2716 2371 sit
2761 2314 2915 2381 Jesu,
2969 2334 2988 2368 ι
3035 2316 3089 2369 in
3118 2332 3228 2386 quo
3267 2326 3395 2371 sunt
3441 2331 3634 2373 omnes

2056 2405 2297 2460 thesauri
2350 2405 2629 2474 sapientia:
2674 2413 2725 2459 et
2772 2404 3020 2460 scicntia:
3062 2406 3448 2472 absconditi“,
3482 2426 3501 2458 ι
3554 2416 3635 2462 tot.

2056 2496 2297 2551 involuta
2361 2495 2825 2565 comprehendere
2884 2496 3144 2567 mysteria
3216 2498 3501 2567 sapientia:
3577 2499 3633 2553 in

2057 2591 2316 2658 mysterio
2378 2588 2703 2652 reconditae,
2762 2588 2833 2642 ah
2888 2587 2956 2643 iis
3014 2588 3219 2657 quibus
3292 2589 3408 2644 haec
3454 2590 3628 2644 extri-

2055 2678 2213 2731 candi
2257 2675 2490 2732 facultas
2540 2687 2644 2744 est,
2702 2676 3047 2747 reperienda,
3092 2687 3152 2731 ut
3198 2693 3363 2748 super
3406 2679 3508 2733 hac
3540 2695 3637 2749 po-

2057 2770 2154 2824 tiss
2182 2784 2331 2823 mum
2409 2769 2668 2838 parabola
2737 2785 2805 2825 ex
2884 2784 3044 2839 aequo
3122 2769 3387 2825 Servator
3456 2773 3636 2827 dicere

2054 2859 2276 2931 queat“
2304 2875 2318 2912 :
2358 2879 2378 2912 ι
2407 2860 2660 2929 Aperiam
2694 2860 2748 2914 in
2783 2862 3061 2931 parabolis
3082 2878 3146 2917 os
3181 2876 3403 2927 meum,
3442 2864 3636 2932 loquar

2053 2952 2456 3022 prepositiones
2495 2952 2565 3005 ab
2612 2951 2802 3018 initio;
2836 2972 2854 3004 ι
2912 2962 2966 3008 et
2991 2953 3081 3008 ”:
3119 2972 3138 3005 ι
3183 2953 3457 3010 Eructabo
3503 2956 3634 3009 abs-

2055 3043 2274 3098 condita
2326 3041 2492 3112 695
2536 3058 2566 3096 a
2636 3045 3049 3101 constitutione.
3110 3065 3130 3099 ι
3182 3046 3446 3118 Quisquis
3487 3047 3635 3101 enim

369 3138 468 3191 καὶ
498 3141 598 3201 τὰς
619 3140 677 3191 ἐν
706 3140 842 3210 αὐτῇ
868 3139 1035 3210 ὥρας,
1070 3141 1165 3193 καὶ
1197 3141 1277 3193 ὅτι
1309 3141 1369 3193 οὐ
1404 3141 1542 3194 κατὰ
1569 3141 1953 3212 ἀποκλήρωσιν

2057 3134 2370 3204 parabolam
2414 3134 2788 3190 intellecturus
2814 3144 2920 3199 est,
2967 3152 3091 3191 eum
3127 3138 3270 3193 scire
3308 3153 3529 3193 necesse
3551 3148 3637 3194 est

365 3230 396 3280 ό
426 3228 814 3300 οἷκοδεσπότης
848 3229 961 3301 (Η)
993 3230 1153 3285 πέντε
1183 3232 1456 3302 τάγμασιν
1496 3232 1746 3304 ἐργατῶν
1770 3249 1953 3304 παρα-

365 3319 556 3373 δίδωσι
589 3320 658 3373 τὰ
682 3320 819 3394 ἔργα
853 3322 948 3376 τοῦ
982 3322 1321 3394 ἀμπελῶνος.
1360 3325 1632 3389 Ἑξετάσει
1654 3325 1711 3378 δὲ
1733 3328 1762 3379 ό
1797 3326 1956 3380 δυνά-

370 3424 537 3479 μενος
564 3409 661 3479 τὴν
691 3410 868 3464 αἰτίαν
900 3411 992 3464 τοῦ
1018 3411 1167 3484 πρωῒ
1196 3412 1571 3483 μισθώσασθαι
1604 3430 1756 3477 τινας
1787 3413 1954 3485 ἐργά-

364 3516 469 3564 τας
507 3501 590 3563 είς
614 3500 706 3554 τὸν
724 3500 1019 3572 ἀμπελῶνα
1039 3542 1053 3565 ,
1096 3502 1189 3557 καὶ
1230 3502 1366 3574 μετὰ
1392 3502 1551 3556 τοῦτο
1581 3505 1640 3556 οὐ
1677 3503 1804 3575 περὶ
1837 3504 1958 3557 δευ-

366 3591 537 3661 τέραν
581 3591 702 3661 μιν,
750 3594 878 3664 περὶ
927 3593 1117 3663 τρίτην
1150 3594 1208 3647 δὲ
1251 3593 1401 3661 ὤραν
1436 3593 1663 3658 ἄλλους,
1704 3594 1799 3647 καὶ
1830 3594 1956 3664 ἑξῆς

369 3681 549 3756 ταύτῃ
586 3683 649 3735 οὐ
687 3684 817 3750 περὶ
856 3684 1181 3754 τετάρτηνῆ
1218 3686 1493 3756 πέμπτην,
1532 3684 1666 3737 ἀλλὰ
1693 3686 1822 3756 περὶ
1862 3684 1958 3737 ἐκ·

368 3789 509 3844 την’
546 3768 664 3826 εἶτα
708 3771 846 3843 μετὰ
874 3772 1032 3826 τοῦτο
1072 3773 1200 3843 περὶ
1242 3772 1341 3845 τὴν
1387 3774 1957 3845 ἐνδεκάτηνχὸφείλει

370 3864 488 3936 γάρ
536 3880 620 3928 τις
658 3862 816 3932 λόγος
858 3860 997 3917 εἶναι
1031 3862 1180 3929 ἄξιος
1225 3863 1398 3936 Ἰησοῦ
1439 3865 1520 3928 είς
1563 3865 1654 3918 τὸν
1700 3863 1840 3936 μετὰ
1865 3865 1958 3918 τὸν

374 3956 600 4010 ἑωθινὸν
626 3956 816 4028 καιρὸν
834 3956 963 4027 τρία
986 3956 1075 4010 ἴσα
1097 3957 1439 4026 διαστήματα
1464 3957 1654 4028 τρίτης
1679 3958 1773 4010 καὶ⁸
1794 3957 1959 4028 ἕκτης

374 4049 472 4102 καὶ
502 4047 730 4118 ἐννάτης
760 4047 937 4120 ὥρας,
972 4048 1065 4101 καὶ
1094 4049 1213 4120 μετ’
1246 4046 1408 4099 αὐτὸν
1440 4046 1656 4099 ἔλαττον
1685 4046 1956 4119 διάστημα

371 4138 487 4193 τῶν
511 4138 639 4211 περὶ
653 4140 752 4210 τὴν
767 4139 1054 4209 ἑνδεκάτην
1071 4137 1342 4204 ἑστώτων,
1377 4138 1571 4192 ὁπόσον
1593 4134 1661 4209 ἦν
1682 4138 1953 4209 διάστημα

2053 3241 2306 3296 quaenam
2332 3226 2404 3281 sit
2436 3226 2491 3278 in
2528 3241 2591 3280 ea
2626 3237 3055 3282 commemorata
3085 3228 3226 3295 dies,
3259 3244 3510 3299 quamam
3534 3229 3634 3284 ho-

2054 3334 2151 3386 rte,
2201 3328 2365 3389 atque
2401 3318 2533 3373 illud
2575 3318 2739 3374 etiam
2773 3334 2957 3386 nosse,
2986 3321 3232 3391 quinque
3260 3321 3633 3391 operariorum

2054 3412 2290 3466 catervis
2314 3412 2554 3467 colendae
2576 3413 2746 3466 vineze
2772 3412 2917 3467 vices
2944 3412 3391 3483 patremfamilias
3411 3413 3637 3468 fortuito

2058 3517 2168 3556 non
2214 3502 2477 3557 tribuere.
2513 3501 2823 3568 Quinetiam
2874 3518 3098 3557 causam
3152 3503 3496 3574 investigahit
3537 3504 3633 3574 qui
3700 3530 3710 3540 τ

2057 3593 2201 3662 potis
2235 3593 2358 3656 erit,
2396 3609 2495 3648 cur
2530 3602 2710 3648 certos
2749 3594 3015 3662 quosdam
3046 3596 3324 3663 Operarios
3355 3596 3423 3649 ad
3452 3596 3635 3650 colen-

2056 3682 2182 3736 dam
2219 3684 2430 3738 vineam
2457 3698 2617 3738 mane
2643 3684 2995 3750 conduxerit;
3036 3685 3174 3739 alios
3203 3700 3330 3740 vero
3362 3700 3470 3740 non
3500 3686 3633 3740 hora

2062 3775 2280 3845 quidem
2334 3775 2596 3865 secpnda,
2626 3775 2719 3831 sed
2750 3777 2938 3840 tertia;
2977 3784 3031 3830 et
3060 3783 3459 3845 consequenter
3483 3775 3632 3841 huic,

2061 3882 2168 3921 non
2196 3876 2412 3936 quarta,
2442 3864 2525 3920 vel
2559 3866 2773 3935 quinta,
2810 3865 2902 3920 scd
2951 3873 3138 3931 sexta;
3178 3874 3292 3919 tum
3321 3878 3452 3918 vero
3482 3864 3630 3918 dein-

2062 3957 2151 4021 de,
2176 3956 2482 4010 undecima.
2511 3955 2707 4025 Aliqua
2730 3954 2875 4009 enim
2901 3955 3128 4009 subesse
3154 3954 3313 4009 debet
3337 3954 3478 4008 ratio
3504 3951 3636 4009 Jesu

2060 4050 2220 4119 digna
2244 4059 2464 4118 propter
2502 4063 2665 4117 quam
2689 4056 2903 4116 tempus
2932 4046 3063 4101 illud
3091 4046 3237 4116 quod
3263 4055 3387 4116 post
3414 4047 3638 4101 matuti-

2059 4155 2189 4193 num
2219 4138 2442 4203 eﬂluxit,
2476 4137 2650 4193 tribus
2671 4136 2971 4205 :equalibus
3000 4135 3297 4191 intervallis
3319 4136 3634 4191 distinctum

377 4228 489 4282 ἀπὸ
519 4228 612 4282 τοῦ
643 4228 758 4299 ἅμα
798 4229 941 4301 πρωῒ
974 4229 1066 4282 ἐπὶ
1096 4229 1197 4301 τὴν
1229 4228 1439 4301 τρίτην.
1478 4229 1552 4282 Οὐ
1579 4229 1871 4301 παρέργως
1897 4230 1955 4282 δὲ

2062 4228 2151 4294 sit,
2188 4229 2361 4284 tertiae
2400 4244 2617 4299 nempe,
2658 4237 2844 4290 sextae,
2875 4237 2930 4282 et
2953 4243 3109 4282 nona:
3144 4228 3324 4294 horae;
3360 4237 3474 4283 tum
3505 4243 3635 4283 vero

380 4318 712 4392 προσεκτέον
742 4322 836 4375 καὶ
862 4320 939 4393 τῷ
970 4320 1463 4393 συμπεφωνηκέναι
1500 4320 1598 4391 μὲν
1628 4320 1720 4372 τὸν
1755 4319 1959 4373 οἰκοδε-

2062 4320 2257 4375 deinde
2282 4321 2466 4377 minus
2511 4321 2584 4375 sit
2626 4319 2969 4374 intervallum
3000 4333 3192 4375 eorum
3236 4320 3333 4391 qui
3363 4323 3509 4376 circa
3536 4321 3638 4376 ho-

1582 4415 1813 4472 VETUS
1852 4413 2436 4471 i-NTERPRETATIO.

380 4508 633 4577 pleantur
661 4523 784 4578 quae
811 4507 1051 4577 peccatis
1085 4507 1322 4576 propriis
1378 4516 1716 4578 meruerunt.
1753 4505 2020 4561 Parabola
2054 4516 2235 4563 autem
2263 4524 2386 4578 qua;
2413 4506 2769 4577 subsequitur
2800 4506 2937 4564 istos
2981 4522 3268 4564 sermones
3289 4548 3307 4572 ,
3364 4506 3637 4578 signiﬁcat

380 4591 505 4632 esse
536 4577 827 4633 salvandos
851 4578 1013 4647 etiam
1048 4577 1398 4641 novissimos,
1439 4577 1532 4646 qui
1560 4577 1720 4645 primi
1751 4577 1970 4646 quidem
1998 4586 2128 4631 sunt
2157 4577 2385 4647 operati,
2419 4578 2702 4634 novissimi
2737 4586 2919 4632 autem
2952 4588 3279 4647 acceperunt
3308 4577 3635 4640 mercedem,

381 4655 445 4717 et
462 4647 583 4701 ideo
609 4662 733 4701 cum
766 4646 927 4715 primi
958 4646 1210 4712 fuissent,
1246 4647 1531 4702 novissimi
1577 4655 1707 4701 sunt
1737 4647 2033 4701 existimati
2071 4665 2086 4702 :
2122 4646 2376 4704 meliores
2422 4661 2603 4703 autem
2635 4648 2716 4703 eis
2760 4646 2914 4712 dicit,
2948 4648 3041 4717 qui
3086 4646 3385 4703 novissimi
3413 4647 3635 4716 quidem

384 4715 452 4769 ad
482 4730 650 4788 opera
680 4726 809 4788 sunt
830 4718 1031 4779 vocati,
1068 4726 1393 4786 receperunt
1440 4725 1621 4788 autem
1647 4719 1959 4788 mercedem
1979 4733 2086 4771 non
2113 4718 2292 4773 solum
2321 4719 2504 4788 primi,
2536 4718 2630 4774 sed
2659 4717 2823 4788 etiam
2849 4715 3113 4786 aequalem
3147 4718 3230 4772 eis
3248 4717 3342 4786 qui
3370 4715 3638 4788 adversus

383 4784 836 4851 patremfamilias
869 4784 1371 4853 murmuraverunt,
1403 4796 1458 4842 et
1478 4786 1776 4841 dixerunt:
1815 4804 1835 4836 ι
1873 4787 1965 4841 Isti
2018 4788 2300 4842 novissimi
2323 4784 2494 4844 unam
2540 4789 2729 4841 horam
2759 4784 3041 4852 fecerunt,
3088 4797 3143 4841 et
3185 4784 3424 4855 aequales
3457 4785 3634 4843 fecisti

380 4868 479 4911 eos
506 4855 829 4937 nobis,_qui.
851 4857 1185 4937 portavimus
1217 4858 1430 4926 pondus
1455 4856 1562 4937 diei
1589 4865 1644 4910 et
1672 4866 1889 4912 aestum.
1929 4875 1952 4908 ι
1980 4856 2047 4910 Ει
2074 4858 2236 4927 primi
2271 4869 2539 4914 vocantur
2557 4857 2649 4928 qui
2671 4855 2742 4911 ad
2766 4871 2930 4926 opera
2956 4856 3241 4912 novissimi
3272 4867 3403 4913 sunt
3433 4856 3636 4923 vocati,

378 4937 447 4979 ex
481 4940 550 4980 eo
575 4924 719 4995 quod
746 4924 910 4994 primi
941 4924 1267 4995 acceperunt
1298 4926 1628 4995 mercedem.

451 4995 551 5070 2t}.
581 4993 607 5044 ἱ
629 4994 686 5049 In
719 4995 812 5070 illo
838 4993 1100 5070 tempore,
1135 4996 1271 5051 dixit
1293 4995 1560 5051 Dominus
1581 4993 1741 5051 Jesus
1768 4993 2053 5070 discipulis
2078 4998 2195 5070 suis
2224 5016 2239 5054 :
2286 4999 2477 5054 Simile
2516 5009 2600 5057 est
2639 5015 2869 5070 regnum
2913 4997 3179 5070 ctelornm
3224 4995 3429 5070 homini
3458 4994 3633 5070 patri-

384 5062 643 5147 familias,
672 5065 768 5134 qui
789 5065 928 5147 exiit
952 5062 1131 5134 primo
1156 5081 1315 5121 mane
1342 5071 1649 5147 condttcere
1678 5062 1960 5134 operarios
1997 5067 2063 5147 _in
2117 5068 2327 5147 vineam
2348 5086 2547 5147 suam.
2592 5091 2611 5124 ι
2645 5062 2872 5147 Videtur
2904 5067 3122 5139 quidem
3163 5066 3346 5147 pinnis
3370 5062 3635 5147 parabola

388 5135 504 5216 haec
532 5144 762 5216 “propter
789 5134 896 5190 hoc
915 5150 1040 5218 esse
1069 5148 1345 5218 suscepta,
1377 5145 1435 5190 ut
1467 5135 2049 5218 discamus-quomodo
2079 5139 2363 5218 novissimi
2398 5140 2680 5218 venientes
2704 5141 2771 5218 ad
2799 5134 2985 5218 opera,
3024 5136 3182 5218 quasi
3218 5134 3387 5218 primi
3432 5136 3639 5218 vocati,

425 5206 545 5258 rimi
603 5213 934 5273 acceperunt
984 5206 1289 5259 mercedem

1357 5222 1371 5258 :
1425 5216 1480 5259 et
1526 5206 1803 5281 quomodo
1840 5205 1958 5281 _qui
1997 5209 2183 5281 _vocati
2247 5207 2466 5264 fuerant
2524 5211 2707 5281 primi,
2758 5205 3163 5281 iitg'nnvissimo
3217 5208 3335 5281 Ipco
3390 5221 3422 5259 a
3456 5215 3640 5274 patre-

407 5274 621 5347 amilias
651 5283 779 5330 sunt
816 5274 1028 5347 statuti,
1088 5284 1372 5347 propterea
1426 5275 1574 5347 quod
1625 5283 1688 5347 et_
1729 5274 2013 5347 novissimi
2064 5290 2393 5347 acceperunt
2444 5274 2771 5336 mercedem.
2808 5278 2959 5335 Scire
2989 5284 3170 5330 autem
3215 5276 3479 5347 debemus
3499 5288 3635 5344 quo.

386 5349 531 5398 niam
580 5345 624 5400 si
679 5345 937 5414 parabola
981 5342 1113 5400 Jesu
1152 5362 1170 5393 ι
1194 5342 1258 5398 in
1286 5360 1395 5414 quo
1448 5342 1692 5399 thesauri
1728 5344 2006 5413 sapientia
2033 5355 2087 5401 et
2136 5342 2379 5403 scientiae
2417 5351 2721 5406 absconditi
2756 5359 2906 5417 sunt,
2933 5366 2953 5400 ι
2991 5346 3241 5400 discussa
3270 5344 3455 5411 fuerit,
3482 5342 3636 5398 tanta

456 5436 501 5468 "
540 5435 730 5490 Matth.
762 5451 856 5500 xx,
885 5435 971 5489 12.
1047 5434 1094 5466 δ’
1134 5434 1267 5489 ibid.
1304 5435 1355 5501 i,
1388 5435 1473 5489 16.
1548 5436 1732 5492 “Col.
1769 5452 1830 5501 tt,
1862 5436 1915 5492 5.

2072 5438 2217 5495 Psal.
2245 5457 2452 5507 Lxxvn,
2475 5445 2531 5498 2.
2609 5442 2859 5499 “Matth.
2886 5457 3007 5508 xm,
3031 5442 3120 5496 35.

459 5527 569 5596 (Η)
608 5526 716 5580 Kal
752 5526 846 5597 ὅτι
892 5529 965 5597 οὐ
1010 5525 1161 5581 κατὰ
1187 5527 1615 5597 ἀποκλήρωσιν
1660 5531 1695 5582 ό
1732 5529 1960 5583 οἰκοδε-

387 5595 637 5669 σπᾷτης.
671 5596 853 5669 infra,
876 5595 993 5660 πῶς
1024 5597 1086 5649 οὐ
1120 5597 1262 5650 κατὰ
1286 5595 1675 5669 νάποκλήρωσιν
1700 5601 1730 5651 ὁ
1759 5599 1961 5669 οίκοδεο

391 5665 595 5740 οπρτης
616 5666 775 5740 πέντε
792 5666 1066 5740 τάγμασιν
1095 5667 1344 5738 ἐργατῶν
1369 5665 1716 5740 παραδίδωσι
1730 5667 1958 5740 τὰ-ἕργα

389 5735 484 5808 τοῦ
512 5734 862 5808 ἀμπελῶνος;
887 5734 940 5791 et
973 5737 1064 5808 lib.
1096 5734 1345 5808 {contra
1370 5734 1608 5808 _Cclsuut,
1637 5738 1730 5808 καὶ
1753 5737 1828 5808 μὴ
1855 5734 1958 5791 κα-

389 5756 484 5789 του
512 5756 862 5804 αμπεΛωνος;
887 5756 940 5791 et
973 5756 1064 5790 nu.
1096 5756 1127 5790 v
1162 5756 1345 5790 comm
1377 5756 1608 5799 Lusum,
1637 5756 1730 5792 και
1753 5756 1792 5808 μ
1858 5756 1957 5791 κα-

389 5804 460 5863 τὰ
506 5804 884 5879 ἂτιοκλήρωσιν
932 5806 1107 5861 σέϐειν
1136 5806 1236 5874 δῖς,
1268 5807 1302 5879 ἦ
1335 5803 1513 5878 αἶγας,
1551 5807 1584 5879 ἢ
1613 5807 1709 5872 τάς
1740 5756 1957 5879 θηλείας

2071 5534 2199 5609 βοῦς
2219 5554 2232 5567 ·
2260 5537 2402 5609 κατμᾲ
2428 5537 2832 5609 ἀποκλήρωσιν.
2858 5536 2944 5609 his
2971 5535 3107 5590 locis
3140 5534 3388 5609 idem_cst
3414 5548 3478 5588 ac
3501 5533 3637 5609 ἀπο.

2068 5602 2443 5677 κληρωτικῶς,
2483 5602 2687 5663 honest
2719 5626 2737 5659 ι
2772 5606 3195 5677 fortuito_casu.
3232 5622 3250 5653 ι
3277 5602 3552 5677 caeterum
3569 5604 3639 5660 de

2066 5673 2463 5800 plignilicationc
2495 5678 2642 5734 vocis
2671 5678 2835 5743 illius,
2868 5674 3273 5748 ἀποκλήρωσις,
3304 5673 3426 5730 vide
3471 5674 3633 5735 infra.

2116 5761 2331 5802 υείιιιδ.
2367 5800 2376 5802 _

3050 5932 3101 5947 ⁸⁸.
