4032 6308
414 340 551 401 me
1874 335 2006 394 OB“

2151 336 2199 394 IS
3590 336 3743 393 15ἐο

417 473 535 514 rem
554 454 899 511 undecimam
925 455 1343 525 stabant,quam
1372 453 1518 524 quod
1545 470 1822 510 summum
1846 471 2007 510 mane

2146 455 2315 527 πότην
2348 455 2461 519 τοῖς
2491 452 2608 524 ἅμα
2638 455 2708 526 τῇ
2738 453 2814 526 ἕῳ
2854 452 3256 526 παραληφθεῖσι
3292 442 3504 507 τδόινὰ
3549 451 3736 523 δηνά-

418 550 561 605 inter
583 556 638 604 et
675 549 864 603 horam
889 546 1103 602 tertiam
1139 545 1467 601 intercessit.
1512 544 1655 612 Quin
1685 556 1740 602 et
1782 545 2003 617 perfun-

2147 561 2255 610 ιον,
2290 542 2383 608 οὓς
2417 543 2734 597 ἀπέστειλεν
2769 545 2848 607 εἰς
2879 543 2970 597 τὸν
3001 541 3300 613 ἀμπελῶνα
3337 541 3530 595 αὑτοῦ
3552 558 3569 572 ·
3610 544 3739 606 τοῖς

420 642 594 696 ctorie
629 641 695 694 ad
747 639 876 693 illud
914 637 1305 693 advertendum
1342 653 1450 691 non
1483 646 1588 705 est,
1629 648 1849 709 pactum
1881 653 2003 694 esse

2142 636 2161 690 ὲ
2193 635 2325 708 περὶ
2351 637 2451 707 τὴν
2491 635 2682 706 τρίτην
2715 634 2987 707 κληθεῖσιν
3010 635 3070 687 οὑ
3104 634 3459 706 τεταγμένως
3486 632 3599 687 τὸν
3632 651 3734 705 μι-

422 725 872 797 patremfamilias
912 741 1038 780 cum
1081 724 1347 796 operariis
1378 726 1743 783 dilueeseente
1765 729 1999 799 primum

2142 725 2230 781 θὸν
2282 726 2648 797 ὠνομακέναι,
2689 723 2824 779 ἀλλὰ
2854 725 2915 779 τό
2938 742 2952 755 ·
2994 744 3012 776 ι
3050 726 3116 778 '0
3150 719 3275 798 ἃνῇ
3310 724 3424 794 (12)
3466 723 3734 786 δίκαιον,

420 818 509 871 die
533 817 849 886 assumptis,
873 833 1016 888 quos
1046 818 1100 872 in
1127 819 1342 873 vineam
1372 835 1527 876 suam
1552 819 1719 883 misit,
1748 835 1858 875 uno
1890 819 2004 875 sin-

2139 816 2259 870 ὠσω
2290 818 2418 888 ὑμῖν
2441 834 2454 847 ·
2496 835 2516 869 ι
2561 816 2888 888 προσεκτέον
2922 815 2999 880 δὲ,
3041 815 3128 869 ὅτι
3165 813 3427 878 ὡσαύτως
3470 812 3731 886 ἐποίησε

420 907 641 979 gulatim
671 906 930 972 denario;
961 925 1087 964 eum
1120 910 1187 965 iis
1222 921 1401 966 autem
1429 911 1522 982 qui
1557 911 1690 965 liora
1717 911 1871 965 tertia
1905 925 2006 966 aee

2132 911 2213 973 οἷς
2251 909 2382 981 περὶ
2432 909 2531 980 τὴν
2575 910 2740 980 ἕκτην
2785 908 2932 981 ὥραν
2983 919 3077 961 και
3125 907 3352 977 ὲννάτην
3397 905 3724 977 κληθεῖσι·

419 998 515 1052 citi
560 1006 687 1052 sunt
741 1009 946 1053 certam
991 1003 1297 1056 mercedem
1331 1014 1547 1073 pactum
1592 1018 1698 1057 non
1730 1018 1873 1067 esse,
1905 1002 1998 1057 sed

2136 1001 2197 1055 at
2225 1001 2307 1054 ὅτι
2338 1004 2451 1065 τοϊς
2487 1002 2615 1073 περὶ
2639 1002 2736 1072 τὴν
2769 1000 3060 1071 ἑνδεκάτην
3087 996 3239 1053 εἶπεν
3263 997 3728 1068 ἀπολογησαμέ-

419 1088 549 1142 illud
580 1088 626 1120 “
661 1108 675 1144 :
714 1108 732 1139 ι
767 1089 923 1156 Quod
956 1091 1166 1160 justum
1199 1093 1383 1158 fuerit,
1413 1095 1553 1149 dabo
1574 1094 1767 1159 vobis;
1811 1114 1829 1146 ι
1874 1109 1998 1148 cum

2134 1109 2214 1155 οις
2255 1091 2383 1163 περ)⁸
2423 1092 2522 1163 τῆς
2557 1091 2624 1145 δι’
2657 1091 2785 1161 ὅλης
2821 1091 3036 1163 ἡμέρας
3068 1089 3266 1162 ἀργίας
3299 1089 3392 1142 τό·
3441 1108 3465 1139 ι
3532 1088 3726 1142 ’Υπά-

419 1178 699 1232 accersitis
725 1178 851 1232 item
877 1180 1019 1235 circa
1052 1192 1259 1236 sextam
1293 1190 1346 1237 et
1369 1198 1565 1237 uenam
1594 1183 1784 1237 horam
1815 1184 1997 1238 itidem

2132 1197 2228 1234 ἐτε
2261 1181 2355 1234 καὶ
2389 1181 2547 1251 ὑμεῖς
2586 1181 2667 1245 εἰς
2710 1179 2799 1233 τὸν
2847 1179 3144 1251 ἀμπελῶνα
3170 1197 3184 1210 ·
3233 1198 3251 1231 ι
3295 1177 3436 1232 ἀλλά
3493 1178 3608 1232 καὶ
3642 1178 3724 1243 ὡς

418 1262 596 1330 egisse
623 1266 922 1319 notandum
951 1276 1054 1331 est,
1092 1284 1302 1324 necnon
1330 1279 1382 1324 et
1422 1270 1486 1326 iis
1517 1272 1609 1341 qui
1641 1272 1786 1327 circa
1809 1273 1997 1326 horam

2132 1274 2206 1340 ξω
2236 1274 2332 1328 τοῦ
2367 1274 2687 1345 ἀμπελῶνος
2724 1273 3014 1343 γενόμενος
3037 1312 3050 1337 ,
3085 1271 3181 1325 καὶ
3213 1268 3390 1343 εὑρὼν
3419 1272 3563 1324 ἐκεῖ
3584 1272 3722 1334 τοὺς

421 1355 765 1411 undecimam
824 1360 1231 1415 excusationem
1284 1363 1546 1418 dederant
1601 1379 1702 1418 cur
1751 1373 1865 1419 toto
1912 1364 2000 1420 die

2134 1368 2360 1441 ργάτας,
2409 1368 2536 1431 τοὺς
2573 1367 2670 1438 μὲν
2703 1364 2951 1438 πρώτους
2982 1362 3298 1418 ἀποστέλλει
3329 1365 3410 1426 είς
3450 1356 3562 1415 τὸν
3600 1363 3719 1433 ἁμ-

417 1447 580 1502 οιίοεί
606 1449 907 1517 stetissent,
932 1450 1139 1507 dixisse
1167 1452 1212 1484 "
1235 1471 1247 1507 :
1273 1471 1291 1503 ι
1326 1455 1403 1509 Ite
1427 1464 1480 1509 et
1505 1470 1601 1510 vos
1627 1455 1681 1510 in
1714 1455 1947 1521 vincam;
1973 1472 1993 1507 ι

2128 1460 2336 1525 ιελῶνα,
2369 1461 2481 1523 τοῖς
2524 1458 2583 1513 δὲ
2622 1457 2896 1528 δευτέροις
2940 1455 3104 1527 φησίν
3123 1470 3139 1485 '
3194 1473 3212 1506 ι
3271 1452 3568 1522 Ὑπάγετε
3618 1452 3720 1506 καὶ

420 1547 535 1593 tum
567 1549 770 1597 etcum
801 1552 956 1596 extra
987 1543 1201 1597 vineam
1236 1553 1401 1610 esset,
1439 1546 1675 1602 inventis
1709 1546 1781 1601 ibi
1805 1562 1999 1617 operao

2126 1555 2259 1623 ιμεῖς
2310 1552 2391 1615 είς
2435 1550 2526 1604 τὸν
2569 1547 2898 1620 ἀμπελῶνα*
2956 1565 2975 1598 ι
3019 1546 3221 1617 ὁμοίως
3261 1544 3320 1598 δὲ
3352 1543 3460 1616 τὴν
3528 1542 3718 1614 αὐτὴν

416 1631 537 1694 riis,
568 1632 776 1701 priores
808 1634 1026 1703 quidem
1060 1634 1114 1688 in
1158 1635 1375 1691 vineam
1409 1637 1644 1702 misisse,
1676 1638 1998 1708 posteriori-

2125 1642 2242 1708 ,ἐξιν
2258 1642 2476 1704 καὶτοῖς
2494 1641 2621 1711 περὶ
2634 1637 2730 1710 τὴν
2753 1637 3042 1707 ἑνδεκάτην
3063 1634 3416 1706 κεκλημένοις
3440 1651 3458 1664 ·
3475 1652 3497 1684 ι
3520 1632 3717 1686 ’Υπά-

418 1723 523 1780 bus
556 1736 735 1779 autem
762 1725 965 1782 dixisse
994 1744 1008 1781 :
1048 1745 1067 1777 ι
1099 1728 1177 1783 lte
1202 1737 1257 1782 et
1288 1744 1384 1784 vos
1419 1730 1472 1784 in
1509 1731 1757 1797 vineam;
1789 1749 1808 1783 ι
1842 1730 1999 1786 simi-

2122 1750 2224 1799 rete
2256 1732 2352 1785 mi.
2371 1732 2530 1803 ὑμεῖς
2557 1733 2638 1794 είς
2675 1729 2768 1783 τὸν
2800 1726 3118 1800 ἀμπελῶνα.
3155 1745 3172 1778 ι
3212 1727 3270 1780 '0
3294 1726 3350 1780 δὲ
3377 1724 3714 1796 δυνάμενος

420 1815 546 1868 liter
574 1831 724 1881 vero,
754 1816 942 1871 eadem
982 1819 1145 1873 verba
1174 1819 1242 1875 iis
1269 1818 1474 1875 dixisse
1510 1824 1607 1890 qui
1648 1821 1792 1876 circa
1825 1822 1999 1876 unde-

2119 1795 2491 1895 ιατανοησάτω
2522 1822 2607 1886 τίς
2636 1823 2671 1893 ἡ
2703 1795 2897 1891 ἀγορά,
2920 1821 2978 1874 ὲν
3056 1817 3295 1882 ἑστῶτας
3327 1817 3458 1881 τοὺς
3482 1795 3711 1888 ἀργοὺς

421 1904 623 1959 eimam
654 1908 833 1961 vocati
869 1916 995 1962 sunt
1027 1924 1041 1961 :
1078 1926 1097 1958 ‹
1131 1908 1204 1964 lte
1224 1916 1277 1962 et
1305 1924 1402 1964 vos
1444 1909 1498 1963 in
1533 1909 1769 1965 vineam.
1804 1931 1824 1963 »
1866 1910 1997 1966 Per-

2119 1907 2226 1987 ὗρε
2254 1915 2380 1976 τοὺς
2409 1912 2695 1983 δευτέρους
2741 1908 2969 1976 ἐξελθὼν
3011 1910 3039 1961 ὁ
3080 1906 3507 1977 οἰκοδεσπότης·
3554 1905 3711 1959 οὕτω

422 2007 700 2052 scrutetur
728 1998 854 2052 item
889 1998 983 2068 qui
1012 2001 1229 2068 poterit,
1259 2001 1536 2070 quodnam
1563 2001 1697 2056 illud
1720 2001 1898 2058 forum
1925 2004 1997 2059 sit

2116 2006 2154 2059 Ξὲ
2179 2005 2273 2059 καὶ
2312 2003 2651 2074 ὲξεταοθήτω
2683 2001 2828 2065 τίνες
2857 2001 2907 2054 ot
2942 1999 3256 2071 εὑρεθέντες
3291 1999 3542 2061 ἑστῶτες
3569 1997 3708 2069 περὶ

422 2088 475 2143 in
522 2106 633 2158 quo
661 2091 861 2147 alteros
886 2092 1062 2146 otiose
1102 2100 1308 2149 stantes
1352 2093 1559 2148 invenit
1595 2108 1850 2164 egressus
1895 2111 1994 2165 pa-

2114 2097 2198 2173 ιῂν
2221 2094 2533 2166 ἑνδεκάτην,
2563 2088 2644 2158 οἷς
2672 2093 2821 2161 λέγει
2850 2095 2879 2146 ὁ
2902 2091 3281 2163 οἰκοδεσπότης
3308 2090 3391 2144 τό·
3421 2111 3441 2143 ι
3493 2089 3568 2143 Τί
3595 2083 3706 2144 ὦδε

416 2179 773 2246 terfamilias;
799 2181 1021 2251 quinam
1045 2183 1208 2238 etiam
1239 2183 1382 2238 circa
1411 2183 1753 2239 undecimam
1800 2187 1993 2240 horam

2112 2188 2364 2260 ἑστήκατε
2391 2185 2518 2257 ὃλην
2540 2185 2637 2256 τὴν
2665 2185 2879 2256 ἡμέραν
2900 2184 3092 2254 ἁργοί;
3125 2201 3145 2234 ι
3187 2182 3585 2254 Ἐπιστησάτω
3611 2198 3704 2246 τις

417 2279 625 2326 stantes
680 2274 875 2342 reperti
928 2274 1061 2337 sint.
1115 2274 1313 2345 quibus
1363 2274 1442 2328 ait
1488 2273 1993 2344 paterfamilias":

2108 2279 2194 2333 καὶ
2222 2281 2289 2351 τῇ
2324 2276 2587 2347 ἀπολογίᾳ
2616 2274 2725 2330 τῶν
2751 2277 2878 2348 ὃλην
2909 2276 3008 2347 τὴν
3048 2275 3259 2348 ἡμέραν
3291 2273 3557 2328 ἑστώτων
3590 2275 3700 2345 ἀρ·

422 2378 442 2413 ι
500 2361 638 2429 Quid
676 2364 765 2420 hic
815 2365 972 2420 statis
1013 2373 1124 2420 tota
1167 2364 1256 2421 die
1296 2364 1493 2421 otiosi?
1552 2384 1572 2419 ι
1638 2366 1780 2421 haud
1827 2363 1996 2437 696

2106 2370 2210 2443 γῶν
2234 2409 2249 2436 ,
2303 2370 2399 2424 καὶ
2429 2369 2520 2423 τὸν
2550 2368 2709 2423 πόνον
2752 2368 2847 2422 τοῦ
2891 2368 3176 2439 ὲστηκέναι
3207 2368 3274 2422 δι’
3301 2367 3431 2439 ὅλης
3461 2367 3698 2440 ἡμέρας

419 2468 580 2510 secus
601 2456 1074 2526 pervestigandum
1103 2466 1205 2513 est.
1235 2457 1317 2513 Ad
1346 2473 1536 2514 eorum
1559 2458 1725 2514 etiam
1755 2458 1849 2529 qui
1873 2467 1993 2514 ιοιο

2105 2462 2544 2535 ὑπομεινάντων,
2582 2460 2721 2531 μετά
2752 2459 3064 2532 παρρησίας
3104 2458 3394 2522 εἰπόντων,
3425 2458 3516 2511 ὅτι
3556 2456 3697 2528 πρὸ·

415 2547 502 2603 die
537 2548 698 2605 otiosi
736 2558 1005 2607 steterunt
1044 2551 1452 2607 excusationem
1502 2550 1702 2621 aliquis
1730 2550 1991 2616 attendat,

2099 2554 2260 2625 θυμοι
2308 2554 2405 2624 μὲν
2436 2548 2574 2625 ἦσαν
2610 2552 2704 2606 τοῦ
2749 2549 3104 2623 ἐργάσασθαι,
3145 2549 3319 2614 οὐδεὶς
3365 2548 3424 2603 δὲ
3479 2548 3691 2612 αὐτοὺς

416 2638 622 2710 quique
646 2654 742 2710 per
770 2647 945 2696 totum
986 2642 1127 2697 diem
1163 2641 1343 2697 standi
1370 2641 1603 2697 tolerato
1637 2642 1824 2697 labore
1861 2657 1996 2699 eon—

2100 2642 2472 2716 ὲμισθώσατο,
2514 2643 2591 2707 ὡς
2638 2643 2847 2698 πολλῶν
2888 2642 3057 2696 όντων
3088 2641 3198 2695 τῶν
3242 2640 3690 2713 μισθωσαμένων

416 2730 643 2787 tldenter
674 2732 929 2789 dixerunt
958 2749 1016 2789 se
1045 2744 1265 2805 paratos
1290 2734 1510 2805 quidem
1539 2733 1607 2788 ad
1633 2733 1991 2803 operandam,

1539 2733 1607 2788 ad
1633 2733 1991 2803 operandum,
2102 2735 2201 2806 μὲν
2229 2734 2296 2789 ἂν
2329 2734 2461 2807 (15),
2493 2735 2554 2789 οὐ
2587 2733 3015 2807 μισθωσαμένων
3033 2732 3109 2795 δέ,

414 2837 450 2879 a
475 2825 624 2880 nullo
645 2836 825 2881 autem
857 2826 1027 2884 fuisse
1057 2828 1394 2894 conductos;
1441 2827 1597 2898 quasi
1641 2842 1821 2898 operas
1851 2829 2070 2900 quidem
2102 2830 2350 2901 plurima
2376 2830 2609 2896 fuerint;
2635 2828 3018 2894 conductores,
3047 2842 3156 2882 non
3199 2826 3349 2883 item.

487 2917 578 2974 29.
613 2917 800 2991 Neque
820 2933 950 2975 vero
973 2922 1307 2993 negligenter
1329 2920 1462 2976 illud
1488 2923 1787 2977 notandum
1810 2933 1893 2979 est
1912 2924 1989 2979 δτι

2166 2925 2258 2997 Μὴ
2294 2925 2587 2998 παρέργως
2618 2924 2676 2978 δὲ
2717 2923 3069 2995 ἐπιστησάτω
3098 2939 3184 2986 τις
3216 2920 3311 2976 καὶ
3337 2920 3417 2993 τῷ
3453 2940 3476 2975 ι
3513 2920 3679 2993 ὀψίας

421 3031 445 3064 ι
475 3010 612 3067 Cum
645 3028 770 3068 sero
817 3012 1017 3068 factum
1054 3024 1221 3078 esset,
1268 3014 1473 3070 dixisse
1505 3015 1788 3070 dominum
1823 3015 1993 3071 vineae

2097 3017 2276 3085 λέγειν
2313 3018 2404 3072 τὸν
2434 3016 2530 3071 τοῦ
2572 3015 2894 3088 ἀμπελῶνος
2925 3015 3114 3088 κύριον
3144 3013 3223 3086 τῷ
3257 3014 3534 3087 ἐπιτρόπῳ
3564 3014 3669 3068 αὖ·

417 3105 761 3170 procuratori
794 3120 897 3160 suo
927 3124 942 3161 :
972 3105 1120 3162 Voca
1154 3106 1457 3176 operarios,
1497 3116 1553 3162 et
1581 3106 1747 3162 redde
1782 3121 1993 3161 merce-

2094 3108 2189 3161 τοῦ
2209 3126 2222 3140 ·
2260 3108 2502 3163 Κάλεσον
2536 3108 2660 3171 τοὺς
2691 3107 2929 3176 ἐργάτας
2947 3144 2962 3169 ,
2995 3105 3310 3169 καὶιάπόδος
3339 3105 3424 3159 τὸν
3452 3104 3660 3176 μισθὸν,

412 3197 564 3263 dem,
601 3195 868 3266 incipiens
918 3212 951 3253 a
994 3171 1310 3255 novissimis
1362 3171 1536 3273 nstrae
1579 3200 1649 3254 ad
1692 3198 1922 3268 primos.
1963 3217 1982 3251 ι

2091 3198 2398 3271 ἀρξάμενος
2423 3198 2530 3252 ἀπὸ
2556 3196 2665 3252 τῶν
2694 3171 2940 3269 ἐσχάτων
2977 3196 3083 3262 ἕως
3112 3196 3223 3250 τῶν
3255 3171 3505 3268 πρώτων.
3540 3215 3561 3246 ι
3600 3193 3668 3248 Τί

1615 3289 1847 3347 VETUS
1883 3288 2464 3347 INTERPRETATIO.

413 3382 672 3454 dogmata
702 3382 982 3454 sapientiae
1011 3382 1064 3436 in
1094 3384 1352 3454 mysterio
1387 3383 1703 3440 abscondita
1736 3383 2087 3454 inveniuntur
2110 3382 2196 3437 liis
2232 3383 2327 3454 qui
2374 3391 2604 3452 possunt
2633 3381 3060 3454 taliarinvenire,
3093 3380 3418 3454 ut_maxime
3452 3380 3672 3454 de__ista

415 3448 670 3535 paiialxila
706 3448 856 3535 dicat.
878 3452 1124 3507 Salvator
1151 3448 1219 3535 ξι
1271 3453 1525 3535 _Aperiam
1560 3455 1615 3535 in
1654 3453 1927 3535 parabolis
1958 3466 2020 3506 os
2051 3448 2265 3533 meum,
2298 3448 2491 3535 loquar
2531 3451 3025 3535 propositionesnab
3053 3450 3232 3513 initio,
3265 3468 3283 3502 ι
3316 3463 3374 3535 et
3403 3468 3477 3535 ευ(
3530 3448 3671 3503 Εηιο

414 3519 577 3591 ctabo
599 3522 916 3591 abscondita
947 3540 975 3576 a
1008 3519 1394 3578 constitutione
1422 3522 1629 3578 mundi.
1655 3519 1692 3575 ἰ
1721 3519 1952 3577 Necesse
1974 3530 2059 3576 est
2080 3522 2222 3576 enim
2263 3529 2324 3591 ut
2352 3519 2647 3591 videat—qui
2677 3523 2790 3577 vult
2821 3522 3138 3590 intelligere,
3168 3535 3289 3590 qua:
3309 3521 3380 3575 sit
3406 3519 3526 3575 dies
3549 3533 3674 3588 quas

418 3589 656 3662 refertur
682 3590 735 3645 in
760 3606 843 3653 ea,
870 3601 923 3646 et
953 3608 1075 3662 quae
1101 3593 1249 3647 liora:
1275 3595 1442 3657 illius,
1487 3601 1540 3647 et
1569 3593 1712 3662 quod
1749 3607 1855 3645 non
1888 3602 2080 3646 eventu
2117 3590 2510 3660 paterfamilias
2541 3589 2783 3662 quinque
2823 3592 3106 3647 ordinibus
3149 3589 3525 3662 operariorum
3557 3598 3676 3662 tra-

380 3698 384 3702 -
416 3661 558 3733 didit
590 3676 753 3730 opera
781 3659 984 3716 vineae.
1010 3662 1210 3718 Deinde
1239 3663 1528 3733 quaerenda
1551 3659 1636 3718 est
1666 3677 1833 3717 causa
1861 3662 1910 3733 ei
1937 3662 2031 3729 qui
2058 3675 2299 3733 quaerere
2324 3669 2522 3730 potest,
2551 3659 2721 3731 quare
2749 3664 2970 3732 quidam
2997 3661 3419 3733 eperariimane
3455 3659 3671 3714 condu-

419 3731 491 3785 cti
518 3729 687 3785 sunt:
730 3740 784 3786 et
818 3742 940 3801 post
972 3733 1074 3795 hoc
1124 3748 1229 3787 non
1258 3729 1423 3788 'eirca
1460 3732 1650 3786 horam
1682 3731 2001 3794 secundam,
2045 3731 2139 3787 sed
2174 3729 2584 3801 cii-cateruam
2612 3729 2802 3786 horam
2840 3733 2928 3786 alii
2961 3729 3088 3786 sunt
3121 3729 3373 3783 conducti
3407 3737 3509 3801 :_et
3545 3734 3671 3798 post

417 3815 610 3871 eorum
658 3798 1098 3865 conductionem,
1129 3818 1299 3871 quare
1340 3817 1445 3855 non
1481 3801 1631 3856 circa
1662 3803 1850 3855 horam
1896 3809 2148 3871 quartam
2198 3799 2284 3853 vel
2318 3801 2587 3869 quintam.
2623 3802 2714 3871 sed
2741 3802 2886 3856 circa
2932 3801 3120 3855 horam
3154 3806 3360 3871 sextam
3397 3816 3409 3851 :
3445 3798 3525 3871 ita
3559 3813 3666 3871 non

415 3869 563 3925 circa
593 3872 899 3940 septimam,
934 3871 1017 3925 vel
1050 3866 1320 3933 octavam,
1350 3870 1445 3940 sed
1475 3873 1617 3925 circa
1646 3884 1845 3924 nonam
1882 3866 1987 3924 {et
2026 3870 2321 3925 novissime
2338 3866 2459 3924 'non
2484 3871 2627 3925 circa
2652 3869 2941 3934 decimam,
2972 3871 3064 3924 sed
3103 3868 3469 3923 undecimam.
3497 3866 3672 3922 Debet

415 3940 563 3994 enim
590 3939 713 3995 esse
735 3942 980 4010 quietiam
1022 3943 1158 3996 ratio
1202 3943 1361 4010 digna
1392 3939 1544 4003 Jesu,
1582 3955 1765 4010 quare
1785 3940 1926 3994 inter
1951 3939 2272 4010 matutinam
2302 3948 2358 3993 et
2403 3940 2617 3994 tertiam
2648 3948 2862 4010 tempus
2887 3941 3161 3995 modicum
3193 3946 3276 3992 est
3295 3946 3667 4010 assumptum,

418 4019 476 4063 et
501 4025 608 4064 non
641 4005 938 4065 secundum
975 4019 1216 4080 tempora
1244 4005 1366 4080 quae
1391 4012 1564 4079 posita
1601 4005 1730 4065 sunt
1758 4008 2140 4080 interttertiam
2175 4018 2229 4064 et
2258 4017 2501 4080 sextam,_
2522 4009 2606 4063 vel
2641 4005 2780 4065 inter
2814 4020 3024 4080 sextam
3051 4016 3104 4062 et
3138 4022 3361 4080 nonam.
3394 4005 3532 4061 Post
3562 4007 3670 4061 hoc

418 4087 613 4149 autem
631 4096 806 4149 quare
845 4096 951 4133 una
985 4081 1055 4135 sit
1089 4076 1227 4134 liora
1256 4076 1407 4134 i'nter'
1423 4095 1622 4135 nonam
1650 4087 1705 4134 et
1732 4078 2099 4142 undecimam,
2140 4078 2600 4149 quemadmodum
2638 4080 2889 4149 superius
2931 4079 3070 4133 inter
3103 4076 3424 4149 matutinam
3460 4085 3517 4131 et
3557 4085 3668 4130 ter-

418 4148 570 4203 tiam.
598 4145 712 4202 Non
751 4158 931 4203 autem
970 4151 1304 4219 negligenter
1331 4159 1415 4204 est
1456 4149 1867 4216 attendendum,
1900 4163 2041 4219 quat
2062 4145 2273 4202 ratione
2308 4145 2852 4219 paterfamilias'cum
2901 4147 3251 4219 mercenariis
3279 4146 3496 4219 quidem
3527 4158 3669 4215 quos

419 4234 580 4274 tuane
608 4219 967 4282 conduxerat,
999 4215 1217 4289 pactum
1250 4219 1378 4274 fecit
1419 4219 1726 4289 specialiter
1777 4219 1833 4272 in
1877 4215 1965 4271 die
2012 4215 2347 4289 denarium:
2378 4217 2875 4289 conductisautem
2900 4218 3045 4289 circa
3089 4215 3308 4289 tertiam
3328 4216 3522 4289 tiorarn
3557 4229 3664 4269 non

413 4289 701 4342 constituit
733 4285 1057 4343 nominatim
1086 4298 1290 4344 certam
1323 4285 1648 4354 mercedem,
1676 4289 1769 4344 sed
1803 4288 1876 4342 ita
1911 4304 1925 4342 :
1956 4303 1976 4339 ι
2018 4285 2392 4357 Quodcunque
2419 4288 2628 4357 justum
2669 4287 2832 4343 fuerit
2880 4288 3021 4342 dabo
3046 4285 3221 4357 vobist
3259 4304 3278 4337 ι
3323 4285 3590 4357 Similiter
3613 4290 3670 4336 et

413 4359 562 4411 circa
595 4368 801 4412 sextam
826 4360 1015 4412 horam
1043 4367 1095 4412 et
1124 4374 1322 4412 nonam
1357 4359 1482 4413 fecit
1518 4358 1759 4426 vocatis;
1789 4367 1845 4412 et
1884 4357 2013 4426 quia
2066 4357 2152 4412 liis
2190 4357 2283 4426 qui
2313 4355 2457 4412 circa
2485 4358 2825 4413 undecimam
2857 4365 3014 4412 erant
3051 4355 3248 4420 vocati,
3273 4355 3664 4426 excusantibus

413 4443 477 4483 se
504 4438 723 4496 propter
746 4429 916 4482 otium
951 4428 1117 4484 totius
1138 4429 1269 4492 diei,
1310 4429 1391 4482 sic
1419 4428 1556 4483 dixit
1585 4447 1597 4483 :
1639 4446 1657 4478 ι
1697 4424 1771 4483 lte
1797 4436 1853 4498 et
1882 4424 1978 4498 vos
2007 4426 2060 4498 in
2089 4424 2341 4498 vineam;
2375 4446 2395 4477 ι
2423 4427 2516 4498 sed
2548 4428 2884 4498 etquoniam
2912 4427 3068 4498 quasi
3098 4433 3249 4498 extra
3280 4424 3662 4498 vineam__con-

417 4493 642 4576 stitutus
680 4497 1092 4576 paterfamilias,
1127 4506 1184 4552 et
1215 4498 1496 4576 inveniens
1516 4499 1796 4576 operarios
1827 4496 1921 4559 ibi,
1947 4497 2162 4576 primos
2182 4495 2402 4576 quidem
2437 4496 2586 4576 misit
2614 4493 2684 4576 in_
2708 4493 2970 4576 vi_neam;_
2984 4494 3240 4576 secundis
3267 4503 3448 4576 autem
3475 4493 3617 4576 d'i‘xit
3643 4507 3661 4576 ξ

422 4585 442 4618 ι
487 4566 558 4621 Ite
584 4576 638 4622 et
676 4560 772 4624 vos
797 4569 853 4621 in
883 4560 1125 4632 vineam;
1157 4584 1176 4618 ι
1204 4566 1455 4621 similiter
1483 4560 1732 4621 eumdem
1758 4560 2091 4636 sermonem,
2115 4573 2169 4620 et
2188 4560 2255 4621 iis
2285 4567 2377 4636 qui
2403 4568 2543 4622 circa
2579 4567 2918 4622 undecimam
2944 4565 3160 4636 fuerant
3194 4562 3374 4636 vocati
3399 4580 3415 4617 :
3445 4580 3465 4614 ι
3499 4560 3663 4636 lte_et

416 4651 513 4691 vos
541 4639 595 4691 in
620 4639 853 4694 vineam.
890 4654 909 4690 ι
944 4630 1213 4707 lnteltigat
1238 4647 1416 4707 autem
1446 4637 1537 4706 qui
1574 4644 1767 4706 potest,
1809 4636 1937 4707 quid
1968 4635 2037 4690 sit
2070 4630 2436 4707 forum,un
2462 4636 2515 4689 in
2542 4636 2730 4692 Grieco
2759 4636 2999 4707 uu‘ndina
3029 4634 3270 4707 ponitur,
3302 4633 3356 4686 in
3387 4647 3497 4700 quo
3518 4630 3663 4707 otio-

414 4721 510 4761 sos
561 4717 767 4762 stantes
813 4708 1018 4762 iuvcnit
1068 4705 1248 4762 lusus.
1301 4705 1553 4761 Secundo
1578 4705 1665 4760 est
1707 4706 1957 4761 similiter
2001 4706 2409 4774 requirendum,
2461 4707 2553 4774 qui
2595 4714 2723 4760 sunt
2753 4705 2843 4774 qui
2874 4705 3079 4759 inventi
3115 4710 3245 4759 sunt
3283 4711 3490 4774 stantes
3512 4705 3660 4774 circa

416 4778 784 4841 undecimam,
818 4778 1016 4847 quibus
1042 4777 1174 4831 dicit
1208 4795 1222 4832 :
1255 4794 1273 4829 ι
1314 4775 1452 4843 Quid
1485 4777 1641 4831 Statis
1673 4776 1761 4847 hic
1815 4784 1924 4829 tota
1975 4769 2364 4847 die'otiosi?)
2396 4769 2650 4843 'As'pieiat
2695 4769 2875 4847 autem
2914 4775 3065 4847 quis,
3104 4772 3345 4847 quaesit
3380 4769 3661 4847 excusatio

414 4860 606 4899 comm
639 4848 730 4914 qui
764 4841 879 4902 toto
907 4849 993 4903 die
1027 4858 1289 4903 steterant
1321 4841 1508 4908 otiosi,
1536 4855 1593 4902 et
1623 4846 1749 4914 quis
1781 4853 1928 4901 esset
1967 4844 2135 4916 dolor
2165 4845 2343 4916 standi
2380 4841 2724 4916 eorum,rqui
2758 4854 2871 4899 toto
2896 4841 2984 4899 die
3011 4841 3159 4899 stare
3186 4841 3348 4895 otiosi
3375 4841 3660 4916 sustinue-

415 4924 574 4987 runt,
613 4911 671 4987 ut
705 4932 827 4987 cum
868 4918 1063 4972 lidueia
1113 4919 1522 4987 responderent,
1557 4911 1816 4985 quoniam
1842 4914 2012 4984 parati
2047 4914 2265 4987 quidem
2306 4913 2522 4987 fuerunt
2551 4915 2619 4969 ad
2649 4911 2808 4986 opus,
2839 4929 3000 4969 nemo
3025 4923 3207 4968 autem
3230 4926 3326 4966 eos
3345 4911 3611 4967 conduxit
3639 4925 3660 4962 ι

414 4985 577 5058 quasi
610 4985 828 5058 plurimi
858 4996 1042 5041 essent
1066 4989 1158 5058 qui
1189 4985 1645 5051 conducerentur,
1672 5000 1780 5058 non
1810 4995 1989 5039 autem
2020 4985 2190 5058 etqui
2226 4985 2613 5058 conducerent.

487 5055 577 5140 g9.
612 5051 838 5109 Necnon
856 5066 916 5136 et
943 5051 1229 5140 diligenter
1250 5065 1465 5140 Oportet
1514 5055 1828 5140 attendere,
1848 5064 1902 5138 et
1947 5054 2092 5124 quod
2120 5051 2281 5138 'se'ro.
2302 5055 2445 5140 facto
2475 5055 2614 5108 dixit
2647 5052 2905 5140 dominus
2935 5052 3109 5140 vinea:
3139 5051 3477 5140 procuratori
3508 5062 3657 5140 sttoht

419 5143 440 5177 ι
476 5120 621 5197 Voca
655 5126 953 5197 operarios,
976 5115 1224 5182 etvredde
1250 5115 1332 5183 eis
1363 5129 1693 5189 mercedem,
1725 5115 1991 5197 incipiens
2018 5138 2049 5178 a
2080 5124 2394 5181 novissimis
2436 5138 2611 5197 usque
2642 5124 2712 5178 ad
2740 5125 2967 5197 primos.
3009 5142 3028 5175 ι
3065 5115 3288 5197 Quaeres
3317 5130 3498 5197 autem
3523 5115 3654 5197 quid

417 5195 591 5266 movit
620 5191 902 5266 duiniuum
935 5197 1104 5250 vineae
1139 5206 1198 5251 ut
1222 5198 1440 5266 juberet
1483 5191 1895 5266 procuratorem
1935 5195 2106 5266 vinea:
2148 5209 2345 5266 vocare
2373 5191 2675 5266 operarios,
2710 5191 2764 5249 et
2798 5194 3033 5266 reddere
3061 5195 3142 5266 eis
3171 5191 3657 5266 _mereedem_inci-

414 5264 650 5336 rientem
680 5279 710 5319 a
742 5265 1079 5330 novissimis,
1105 5274 1158 5321 et
1189 5259 1567 5322 ascendentem
1600 5279 1772 5334 usque
1799 5264 1867 5318 ad
1902 5265 2109 5336 primos
2144 5283 2160 5319 :
2190 5275 2248 5321 ut
2271 5259 2430 5332 primi
2455 5264 2671 5332 quidem
2696 5263 3110 5336 aceipiant,_qui
3137 5262 3282 5316 circa
3315 5259 3657 5336 undeciQO

409 5331 570 5392 erant
600 5335 877 5402 conducti,
904 5337 1126 5392 secundi
1152 5349 1333 5392 autem
1366 5338 1458 5406 qui
1490 5336 1635 5391 circa
1671 5331 2078 5398 nonam—tertii
2120 5336 2215 5405 qui
2252 5331 2399 5390 circa
2425 5331 2659 5399 senatu,
2690 5331 2874 5404 quarti
2910 5332 3005 5403 qui
3034 5331 3181 5387 circa
3213 5331 3454 5398 tertiam,
3482 5331 3658 5382 novis-

483 5425 736 5480 “Matth.
774 5427 940 5489 χω.
1016 5425 1063 5459 δυ
1104 5426 1237 5486 ibid.
1277 5427 1329 5482 7.
1406 5424 1453 5460 ιι
1490 5426 1623 5481 ibid.
1648 5425 1728 5507 6..
1777 5426 1822 5457 ιτ
1863 5424 1996 5481 ibid.
2024 5424 2080 5481 s.

485 5513 704 5591 (_l2)_'0
727 5518 804 5591 ἂν
827 5513 888 5591 ᾖ,
934 5518 1109 5575 Editio
1142 5509 1323 5574 Huetii
1352 5518 1538 5575 omisit
1582 5517 1612 5571 ὅ
1648 5518 1793 5588 quod
1826 5516 1988 5573 habet
2090 5517 2234 5591 enim
2285 5519 2502 5591 passive
2545 5519 2708 5591 etiam
2759 5525 3075 5591 usurpatur.
3123 5513 3294 5570 Vetus
3346 5512 3651 5581 interpres:

413 5586 586 5660 θοαβέ
614 5586 860 5660 Βεεῑιιεῗ
917 5657 940 5660 _
1022 5657 1041 5660 Α,
1272 5657 1293 5660 λ
1664 5586 1708 5660 ’-
2096 5609 2116 5644 ι
2146 5586 2312 5655 Quasi
2339 5590 2556 5660 plurimi
2585 5597 2769 5644 essent
2793 5587 2886 5658 qui
2900 5586 3374 5660 conducereutur;
3419 5596 3525 5638 non
3553 5593 3653 5647 att-

489 5657 599 5725 (15)
618 5659 716 5733 fur;
741 5657 988 5733 59.1.16?
1008 5657 1200 5714 ὄντων
1223 5657 1341 5733 τῷν
1363 5657 1981 5733 μισθωσῳρῃγηοῑο.

1571 5657 1981 5733 γιψρμξηοιο.
2093 5670 2200 5718 tem
2234 5669 2286 5718 et
2315 5657 2409 5733 qui
2435 5657 2823 5717 conducerent.
2854 5675 2874 5711 ι
2900 5657 3163 5712 Hunnus.

416 5724 728 5797 Legenlum
792 5727 1020 5784 fortasse
1086 5724 1602 5803 μεμισθωέομένων.
1634 5724 1982 5799 ’Μισθοῦμαι
