4032 6308
325 387 460 444 1311
1286 369 1644 430 COMMENT.
1689 365 1753 420 IN
1791 363 1917 421 MM

1998 359 2209 419 ΗΑΞΠΜ
2249 353 2487 414 TOMUS
2520 352 2636 409 XV.
3449 343 3590 399 13ιὲ

316 503 430 569 γὰρ
464 498 723 568 κεκίνηκε
772 495 862 548 τὸν
904 493 1092 566 κύριον
1128 489 1222 546 τοῦ
1262 489 1606 562 ἀμπελῶνος,
1633 487 1774 541 ὥστε
1816 501 1908 539 κε-

2012 479 2148 535 Nam
2188 495 2296 548 qua
2339 491 2398 530 re
2446 481 2730 544 permotus
2760 467 2932 522 vineae
2975 467 3230 521 dominus
3258 465 3591 534 procuratori

315 554 511 646 λεῦσαι
534 589 614 660 τῷ
639 554 921 660 ἐπιτρόπῳ
950 554 1176 638 κάλέσαι
1203 554 1330 646 τοὺς
1362 581 1623 654 ἐργάτας,
1657 579 1751 632 καὶ
1782 578 1907 630 ἀπο-

2056 569 2199 632 tssit.
2223 576 2284 622 ut
2312 572 2534 621 voearet
2563 559 2848 632 operarios
2878 568 2932 611 et
2962 558 3267 612 mercedem
3298 555 3379 612 eis
3402 554 3593 610 redde-
3635 602 3648 630 ι

546 641 653 734 τόν
697 641 910 748 μισθόν,
965 675 1274 746 ἀρξάμενον
1483 641 1903 740 τῶνήὲσχάτων,

2012 671 2118 727 ret,
2150 660 2307 715 initio
2339 674 2370 712 a
2401 654 2694 727 postremis
2726 652 2892 714 facto,
2942 659 3104 718 atque
3148 649 3218 702 ita
3277 647 3342 701 ad
3388 646 3595 717 primos

318 776 413 830 καὶ
446 773 622 836 οὕτως
665 769 980 824 ἀναϐαίνειν
1016 768 1122 831 ἕως
1144 766 1254 820 τῶν
1282 764 1512 836 πρώτων
1533 803 1547 828 ,
1582 764 1670 817 ἴνα
1704 762 1910 833 πρῶτοι

2013 768 2190 822 usque
2221 746 2653 821 progrediendo;
2691 753 2751 799 ut
2789 742 3000 813 priores
3037 739 3257 811 quidem
3291 738 3592 794 mercedem

319 867 422 937 μέν
478 829 828 918 ἀπολάϐωσιν
875 862 924 914 oi
971 861 1072 930 τὴν
1103 829 1433 926 ’ἑνδεκάτηὴ
1481 855 1723 926 δεύτεροι
1750 829 1824 907 ’δέ
1861 853 1911 906 οἱ

2013 844 2319 913 reciperent
2373 839 2467 910 qui
2520 839 2653 892 hora
2695 834 3005 894 undecima,
3037 830 3263 886 secundi
3305 829 3398 900 qui
3431 845 3593 895 nona,

314 924 416 1026 τὴν
453 955 702 1023 ἐννάτην,
741 951 837 1006 καὶ
865 924 1040 1022 τρίτοι
1067 950 1117 1002 οί
1141 949 1240 1020 τὴν
1272 924 1460 1017 Eat-qv,
1495 946 1590 999 καὶ
1622 924 1760 1016 μετά
1789 942 1906 996 τού-

2016 936 2158 991 tertii
2189 937 2282 1004 qui
2323 940 2498 992 sexta,
2529 929 2804 1000 posLillos
2833 927 3029 982 deinde
3055 925 3148 994 qui
3184 924 3363 986 tertia,
3408 931 3461 975 et
3503 938 3597 991 po-

314 1014 446 1106 τους
479 1045 528 1096 οἱ
568 1014 666 1113 τὴν
691 1014 935 1112 τρίτην,
978 1039 1073 1093 καὶ
1116 1014 1413 1092 τελευταῖοι
1453 1038 1501 1089 οἱ
1538 1014 1719 1106 πρωϊς
1754 1032 1906 1087 τοῦτο

2016 1027 2201 1083 stremi
2235 1024 2452 1081 tandem
2485 1023 2577 1093 qui
2604 1035 2822 1075 summo
2849 1033 3008 1073 mane
3044 1017 3262 1072 fuerant
3305 1014 3599 1069 conuincti?

313 1134 426 1205 γὰρ
462 1105 650 1202 σαφῶς
683 1105 936 1202 δηλοῦται
971 1131 1080 1184 ἀπὸ
1102 1129 1227 1183 τοῦ·
1259 1148 1278 1179 (
1332 1127 1553 1190 Ἀπόδος
1579 1105 1670 1179 τὸν
1698 1124 1905 1196 μισθὸν,

2015 1119 2068 1173 id
2104 1119 2248 1173 enim
2284 1116 2368 1170 vel
2399 1115 2522 1169 inde
2558 1114 2728 1182 liquet
2762 1131 2774 1165 :
2813 1129 2831 1161 ι
2878 1110 3063 1164 Redde
3100 1107 3430 1168 mercedem,
3472 1105 3599 1158 inci-

316 1196 632 1297 ἀρξάμενος
665 1196 772 1278 ἀπδ
792 1223 900 1276 τῶν
926 1223 1172 1294 ἐσχάτων
1209 1222 1313 1286 ἓως
1345 1219 1453 1274 τῶν
1477 1218 1728 1291 πρώτων.
1766 1235 1786 1268 ι
1819 1217 1908 1280 Τίς

2016 1211 2225 1281 piensa
2276 1205 2594 1261 novissimis
2647 1218 2824 1272 usque
2869 1202 2934 1256 ad
2994 1200 3220 1270 primos.
3265 1218 3284 1250 ι
3335 1196 3595 1264 Quisnam

316 1279 578 1390 δέξιπάρά
604 1279 695 1370 τὸν
722 1315 909 1388 κύριον
928 1279 1024 1367 τοῦ
1041 1279 1382 1384 ἀμπελῶνος,
1406 1314 1433 1366 6
1454 1279 1548 1364 τοῦ
1581 1311 1769 1382 κυρίου
1793 1279 1908 1363 ἐπίέ

2017 1279 2177 1364 vero,
2213 1307 2410 1368 praeter
2433 1297 2610 1365 ipsttm
2641 1294 2813 1347 vineae
2841 1291 3148 1355 dominum,
3169 1288 3374 1344 domini
3405 1303 3600 1358 procu-

313 1380 545 1478 τροπος,
585 1405 759 1468 διδοὺς
794 1380 886 1458 τὸν
924 1380 1113 1475 μισθὸν
1154 1401 1298 1454 κατά
1342 1401 1402 1454 τὸ
1449 1380 1905 1472 κυρίουήπρόστα-

2019 1403 2169 1448 rator
2219 1394 2308 1448 ille
2353 1399 2456 1457 est,
2500 1389 2594 1459 qui
2645 1385 2952 1441 mercedem
2996 1400 3063 1438 ex
3106 1382 3312 1438 domini
3343 1380 3600 1435 mandato

318 1476 479 1566 ﬁta;
541 1494 699 1548 Ἀλλά
751 1495 909 1566 εἴπερ
951 1496 999 1546 οί
1051 1495 1108 1546 ἐν
1147 1495 1214 1563 τῇ
1251 1491 1447 1563 ἐννάτῃ
1475 1489 1764 1561 κληθέντες
1797 1487 1910 1559 ὥρᾳ

2015 1485 2240 1556 pendit?
2276 1483 2380 1538 Sed
2422 1482 2469 1537 si
2500 1480 2608 1535 diei
2653 1476 2870 1548 pondus
2905 1484 2959 1530 et
2981 1486 3176 1531 aestum
3215 1489 3321 1528 non
3351 1483 3602 1542 portave-

318 1587 425 1640 οὐκ
466 1586 773 1640 ἐϐάστασαν
817 1585 878 1638 τὸ
926 1583 1091 1655 βάρος
1133 1583 1232 1652 τῆς
1262 1582 1479 1652 ἡμέρας
1511 1581 1606 1634 καὶ
1645 1577 1737 1632 τὸν
1779 1577 1910 1632 καύ-

2014 1588 2138 1634 rant
2184 1577 2278 1648 qui
2322 1577 2454 1630 hora
2497 1589 2639 1627 nona
2695 1570 2946 1625 accersiti
2985 1578 3133 1633 sunt,
3173 1581 3274 1622 nec
3308 1566 3428 1620 illos
3457 1573 3602 1619 certe

323 1693 511 1742 σωνα,
557 1676 799 1747 δηλονότι
837 1677 935 1747 οὐχ
961 1654 1106 1729 οῦτοι
1143 1671 1438 1743 ἐγόγγυζον
1471 1670 1614 1724 κατὰ
1642 1668 1736 1724 τοῦ
1766 1670 1912 1723 οἱκο-

2015 1667 2280 1722 adversus
2317 1659 2775 1736 patremfamilias
2835 1671 3214 1712 murmurasse
3253 1654 3599 1724 perspicuum

318 1767 585 1822 δεσπότου
637 1768 888 1837 λέγοντες
942 1767 1046 1830 ὅτι,
1112 1785 1130 1816 ι
1190 1760 1349 1818 Οῦτοι
1407 1763 1457 1815 οί
1511 1761 1729 1831 ἔσχατοι
1783 1761 1910 1831 μίαν

2015 1773 2118 1828 est,
2152 1763 2396 1816 dicentes
2424 1759 2468 1791 ⁸³
2499 1776 2515 1812 :
2547 1777 2565 1808 ι
2607 1754 2672 1809 lli
2701 1753 2989 1809 novissimi
3025 1767 3135 1806 una
3167 1752 3303 1807 hora
3332 1750 3600 1815 fecerunt,

319 1859 476 1929 ὥραν
498 1826 780 1930 ἐποίησάν,
811 1826 908 1912 κοιλ⁸
944 1826 1092 1921 ἴσους
1122 1858 1254 1927 ἡμῖν
1280 1856 1476 1918 αὐτοὺς
1505 1826 1766 1924 ἐποίησας
1785 1826 1908 1916 ⁷τοῖς

2012 1862 2065 1908 et
2089 1826 2248 1923 pares
2274 1851 2397 1905 illos
2439 1848 2599 1904 nobis
2636 1846 2837 1912 fecisti,
2875 1844 2970 1914 qui
3013 1844 3358 1914 portavimus
3391 1841 3604 1912 pondus

323 1950 631 2020 βαστάσασι
663 1950 723 2003 τδ
749 1949 916 2020 βάρος
946 1949 1047 2018 τῆς
1077 1948 1291 2018 ἡμέρας
1322 1944 1531 1998 καὶτὸν
1563 1943 1849 1998 καύσωνα*
1884 1960 1902 1986 ι

2011 1943 2119 1997 diei
2154 1951 2209 1996 et
2244 1949 2476 2003 aestum;
2521 1957 2538 1989 ι
2577 1953 2753 2006 neque
2791 1951 2956 2006 porro
3004 1935 3222 2005 pondus
3256 1933 3363 1988 diei
3415 1941 3602 2003 porta-

319 2039 438 2094 ἀλλ⁹
473 2040 591 2095 οὐδὲ
617 2043 665 2094 οἱ
693 2042 792 2112 τὴν
819 2041 984 2109 ἕκτην
1009 2038 1302 2110 κληθέντες
1325 2037 1386 2090 τὺ
1409 2036 1574 2107 βάρος
1603 2035 1908 2089 ἐϐάστασαν

2013 2043 2210 2090 verunt
2230 2032 2326 2103 qui
2353 2039 2504 2086 sexta
2538 2030 2670 2083 hora
2694 2027 2852 2082 acciti
2878 2037 3025 2093 sunt,
3068 2026 3177 2080 nisi
3219 2025 3451 2079 fortasse
3476 2040 3605 2094 par-

321 2127 426 2196 τῆς
449 2127 681 2198 ἡμέρας,
718 2126 832 2178 ἀλλ’
866 2128 914 2179 εἰ
945 2127 1054 2190 ἄρα
1095 2125 1190 2178 τοῦ
1234 2124 1466 2196 ἡμίσους
1511 2123 1613 2194 τῆς
1657 2123 1904 2194 ἡμέρας’

2014 2135 2120 2182 tem
2146 2124 2252 2179 diei
2294 2123 2577 2178 dimidiam
2620 2138 2633 2174 :
2682 2135 2781 2174 nec
2827 2119 2955 2174 item
2981 2118 3074 2188 qui
3108 2121 3245 2171 hora
3293 2117 3450 2171 tertia
3477 2123 3606 2170 sunt

323 2217 422 2271 καὶ
447 2219 496 2269 οί
522 2218 592 2286 τῇ
629 2217 788 2288 τρίτῃ
828 2216 883 2269 δὲ
914 2215 1203 2285 κληθέντες
1231 2215 1290 2267 οὐ
1324 2215 1424 2284 τῆς
1442 2212 1571 2284 ὅλης
1603 2212 1909 2266 ἐϐάστασαν

2010 2215 2260 2272 advocati
2297 2214 2511 2285 pondus
2556 2211 2724 2266 totius
2775 2211 2883 2266 diei
2933 2218 3311 2277 portaverunt,
3359 2215 3454 2263 sed
3496 2207 3602 2262 diei

322 2308 542 2380 ἡμέρας
573 2307 635 2360 τὸ
661 2307 827 2378 βάρος
846 2349 860 2371 ,
894 2306 1008 2360 ἀλλ’
1043 2307 1090 2358 εί
1124 2305 1204 2358 δεῖ
1227 2305 1470 2377 ἀκριϐῶς
1497 2305 1783 2375 ὀνομάσαι,
1813 2303 1908 2357 τοῦ

2012 2308 2296 2365 semissem
2332 2304 2712 2360 tantummodo
2733 2318 2857 2359 cum
2885 2301 3211 2371 quadrante,
3252 2300 3298 2355 si
3324 2299 3486 2353 modo
3517 2313 3604 2352 res

325 2399 564 2468 ἡμίσους
609 2399 705 2451 καὶ
743 2398 836 2451 τοῦ
868 2398 1130 2468 τετάρτου
1159 2398 1259 2468 τῆς
1292 2397 1503 2469 ἡμέρας
1523 2415 1537 2428 ο
1589 2397 1740 2468 μόνοι
1770 2397 1827 2450 δὲ
1861 2399 1910 2450 ol

2013 2408 2267 2455 accurate
2296 2395 2619 2466 explicanda
2648 2405 2766 2460 est;
2805 2409 2998 2447 verum
3028 2393 3064 2446 ii
3105 2392 3370 2447 duntaxat
3399 2389 3491 2458 qui
3521 2389 3604 2443 di-

323 2489 438 2543 ἀπδ
477 2491 578 2561 τῆς
613 2489 688 2542 Et»
734 2489 1139 2560 μεμισθωμένοι
1184 2489 1246 2541 τὸ
1290 2488 1455 2560 βάρος
1479 2488 1786 2543 ἐϐάστασαν
1810 2489 1910 2558 τῆς

2012 2491 2324 2546 lucescente
2366 2487 2603 2557 primum
2655 2486 2744 2540 dic
2785 2484 3040 2540 conducti
3075 2491 3224 2546 sunt,
3251 2482 3360 2537 diei
3389 2481 3603 2551 pondus

326 2579 543 2650 ἡμέρας
571 2581 667 2634 καὶ
695 2580 788 2634 τὸν
831 2581 1087 2634 καύσωνα
1111 2596 1127 2611 ο
1165 2579 1283 2633 δλον
1335 2579 1434 2650 μὲν
1478 2580 1530 2632 οἱ
1571 2579 1681 2633 ἀπὸ
1710 2580 1810 2650 τῆς
1837 2579 1912 2632 ἕω

2013 2594 2068 2637 et
2087 2589 2279 2637 aestum
2314 2587 2701 2650 portaverunt;
2729 2593 2793 2632 ae
2817 2586 2990 2631 totum
3023 2575 3244 2645 quidem
3266 2575 3358 2645 qui
3387 2589 3605 2629 summo

327 2668 767 2739 μεμισθωμένον
808 2670 858 2723 οἱ
884 2669 940 2721 δὲ
986 2667 1165 2722 λοιποὶ
1209 2667 1360 2740 παρά
1400 2669 1524 2731 τοὺς
1571 2667 1913 2730 τελευταίους

2015 2688 2176 2728 mane
2201 2682 2330 2728 sunt
2360 2669 2661 2736 conducti;
2688 2668 2884 2738 reliqui
2907 2677 3112 2732 autem,
3137 2675 3333 2736 praeter
3357 2665 3602 2730 ultimos.

325 2759 592 2825 ἀνάλογον
627 2759 707 2830 τῷ
738 2759 915 2831 καιρῷ
951 2752 996 2827 ᾧ
1021 2760 1078 2813 ἐν
1105 2759 1184 2830 τῷ
1212 2759 1492 2830 ἀμπελῶνι
1527 2761 1908 2830 πεποιήκασιν.

2015 2782 2114 2835 pro
2141 2762 2404 2832 temporis
2435 2761 2648 2815 ratione
2680 2775 2792 2829 quo
2824 2773 2964 2828 Opus
2995 2758 3050 2811 in
3070 2758 3228 2812 vinea
3259 2757 3525 2813 fecerunt.

415 2849 570 2903 Ἐπεὶ
591 2849 648 2903 δὲ
679 2850 924 2921 διάφοροί
946 2851 1054 2904 είσι
1081 2850 1385 2922 παραϐολαὶ
1415 2851 1774 2922 όνομάζουσαι
1807 2853 1914 2922 ἀμ-

2084 2854 2250 2926 697
2285 2852 2375 2908 30.
2410 2851 2682 2918 Quoniam
2720 2859 2900 2906 autem
2934 2850 2989 2904 in
3022 2848 3188 2904 variis
3220 2847 3493 2918 parabolis
3523 2847 3604 2902 vi-

328 2936 551 2994 πελῶνα
575 2981 591 3006 ,
637 2938 894 3012 ζητηθείη
937 2941 1002 2995 ἂν
1035 2940 1268 3012 πότερον
1294 2940 1437 2994 κατά
1467 2941 1739 3013 διαφόρων
1767 2958 1913 3012 πρα-

2017 2962 2134 3002 nea:
2163 2945 2367 3000 mentio
2410 2944 2673 3014 injicitur,
2720 2958 2790 2996 an
2825 2941 2894 2997 ad
2957 2942 3204 2997 diversas
3258 2955 3347 2996 res
3395 2938 3605 3010 signitlo

327 3029 557 3099 γμάτων
594 3029 718 3084 καθ’
758 3033 989 3085 ἕκαστον
1030 3033 1058 3085 6
1107 3030 1365 3102 ἀμπελὼν
1398 3031 1912 3103 παραλαμϐάνεται,

2017 3037 2222 3092 caudas
2259 3034 2535 3106 sigillatim
2563 3033 2722 3088 vinea
2760 3041 3074 3102 usurpetur,
3117 3046 3185 3085 an
3216 3031 3283 3084 ad
3334 3030 3602 3090 eamdem,

327 3123 362 3191 ἦ
393 3119 534 3174 κατά
557 3121 652 3174 τοῦ
674 3122 841 3175 αὑτοῦ
872 3123 1218 3194 πράγματος.
1263 3120 1403 3189 Ἐγὼ
1431 3121 1638 3192 νομίζω
1667 3123 1776 3174 δεῖν
1805 3120 1916 3186 ἐξε-

2018 3125 2190 3196 quaeri
2244 3134 2442 3194 potest.
2491 3123 2605 3193 Ego
2661 3139 2788 3177 vero
2843 3121 3256 3191 disquirendum
3319 3135 3440 3175 esse
3490 3119 3607 3173 exi-

327 3211 491 3264 τάσαι
521 3210 606 3264 διὰ
628 3211 678 3264 τί
704 3212 767 3264 ού
789 3213 926 3282 πρὸς
954 3211 1166 3274 πάντας
1197 3213 1322 3275 τοὺς
1355 3211 1609 3275 ἐλθόντας
1642 3211 1912 3283 πρώτους,

2019 3217 2182 3272 stimo
2209 3233 2308 3272 cur
2345 3231 2452 3271 non
2499 3215 2756 3270 onntibus
2781 3215 2875 3284 qui
2919 3213 3080 3284 primi
3128 3221 3414 3274 venerant,
3458 3217 3514 3265 et
3546 3225 3607 3266 se

327 3300 422 3352 καὶ
453 3299 788 3370 νομίζοντας,
832 3304 913 3356 ὅτι
949 3302 1111 3356 πλέον
1142 3303 1436 3374 λήψονται,
1478 3304 1572 3356 καὶ
1609 3303 1916 3372 γογγύσαν·

2016 3308 2173 3378 plura
2204 3313 2522 3376 accepturos
2557 3305 2772 3360 fuerant
2794 3303 3066 3370 arbitrati,
3108 3311 3162 3358 et
3198 3303 3463 3356 adversus
3511 3317 3602 3371 pa-

327 3407 430 3454 τας
458 3391 598 3445 κατά
629 3392 723 3446 τοῦ
752 3395 1131 3448 οἰκοδεσπότου
1148 3433 1163 3459 ,
1193 3393 1530 3466 ἀπεκρίνατο
1556 3395 1584 3446 ὁ
1613 3393 1919 3448 οἱκοδεσπό⁴

2016 3398 2398 3455 tremfamilias
2441 3406 2938 3460 murmuraverant,
2987 3395 3329 3464 responderit
3371 3391 3607 3463 paterfa-

325 3498 451 3550 της,
497 3483 614 3536 ἀλλ’
661 3485 743 3537 ἐνὶ
777 3485 922 3557 μόνῳ
951 3483 1102 3540 εἶπεν
1136 3486 1318 3539 αὐτῶν
1352 3486 1440 3539 τό·
1483 3504 1504 3538 ι
1547 3487 1784 3557 Ἑταῖρε,
1814 3485 1916 3538 οὐκ

2017 3490 2220 3554 milias,
2253 3489 2346 3544 sed
2371 3489 2463 3543 uni
2482 3489 2980 3543 duntaxatillorum
2999 3486 3198 3541 dixerit
3223 3486 3300 3541 ⁸⁹ε
3339 3505 3356 3538 ι
3393 3487 3604 3552 Amice,

326 3570 502 3623 ἀδικῶ
523 3589 581 3625 σε
605 3589 618 3604 ’
653 3575 772 3645 οὑχί
798 3575 1054 3646 δηναρίου
1084 3575 1470 3647 συνεφώνησάς
1495 3591 1620 3646 μοις
1649 3576 1745 3628 καὶ⁵
1776 3575 1917 3628 θέλω

2019 3595 2130 3634 non
2167 3579 2308 3634 facio
2341 3579 2438 3632 tibi
2485 3580 2777 3648 injuriam;
2820 3593 3000 3631 nonne
3025 3593 3088 3631 ex
3137 3577 3363 3631 denario
3407 3593 3607 3632 convc-

324 3660 508 3732 τούτῳ
535 3662 613 3732 τῷ
644 3665 858 3736 ἐσχάτῳ
893 3666 1078 3720 δοῦναι
1109 3665 1186 3727 ὡς
1219 3667 1312 3720 καὶ
1336 3665 1438 3717 σοί.
1478 3683 1498 3716 ι
1535 3666 1658 3718 Ὅτι
1689 3666 1788 3735 μὲν
1821 3661 1916 3719 οὖν

2018 3672 2145 3726 nisti
2188 3684 2399 3724 mecum
2424 3671 2447 3722 ?
2473 3669 2596 3723 volo
2623 3677 2678 3722 ct
2709 3669 2840 3722 huic
2866 3668 3169 3723 novissimo
3205 3668 3336 3721 dare
3378 3668 3520 3722 sicut
3551 3677 3608 3721 et

325 3749 505 3806 ταῦτα
537 3756 631 3808 καὶ
663 3755 731 3808 τά
764 3755 972 3820 τούτοις
1018 3757 1377 3828 παραπλήσια
1415 3756 1721 3827 ἐπιδέχεται
1759 3759 1792 3828 ή
1825 3759 1917 3809 ὲκ-

2019 3763 2140 3817 tibi.
2176 3781 2194 3813 »
2235 3759 2359 3816 Haec
2389 3761 2555 3830 igitur
2582 3759 2724 3814 etiis
2754 3759 3058 3814 consimilia
3107 3759 3160 3812 in
3193 3759 3476 3828 proposita
3513 3774 3607 3827 pa-

327 3843 559 3914 κειμὲνη
607 3845 891 3917 παραϐολὴ
923 3845 957 3900 ἀ
993 3846 1227 3918 ζητήσαι
1257 3866 1340 3911 τις
1369 3845 1436 3900 ἂν
1463 3847 1544 3910 εἰς
1573 3845 1764 3918 αὐτὴν,
1800 3847 1917 3901 δια-

2016 3853 2202 3908 rabula
2234 3853 2302 3907 ab
2335 3851 2522 3922 aliquo
2547 3851 2923 3922 investiganda
2970 3849 3238 3905 contineri
3264 3857 3411 3903 certo
3457 3847 3601 3902 31111·-

329 3935 742 4007 ϐεϐαιωσαίμην
782 3937 878 3991 άν·
922 3939 1003 3992 ὅτι
1050 3939 1108 3991 δέ
1139 3939 1239 3992 οὐκ
1283 3938 1430 3993 ἐστιν
1478 3941 1654 3993 εἰπεῖν
1695 3941 1772 4004 είς
1815 3938 1916 4012 τὴν

2023 3960 2173 3999 mare
2213 3960 2474 4015 possum;
2518 3959 2708 4005 verum
2760 3951 2809 3996 et
2866 3957 3030 4011 super
3077 3957 3139 3995 ea
3197 3956 3294 4011 pro
3345 3941 3603 4010 dignitate

330 4025 457 4078 κατ’
479 4027 973 4102 ἀξίαν’παραϐολὴν
1011 4029 1168 4084 ἄλλον
1209 4031 1242 4103 ἡ
1276 4031 1367 4084 τὸν
1400 4032 1648 4101 φήσαντα
1679 4029 1743 4084 ἂν
1779 4032 1915 4104 μετά

2023 4037 2308 4101 disserere,
2360 4037 2427 4090 ad
2477 4036 2646 4090 alium
2691 4033 3256 4102 minime-pertinere,
3305 4048 3468 4102 quam
3509 4032 3604 4102 qtti

328 4113 429 4171 τοῦ
459 4117 744 4190 ἀληθεύειν
765 4121 825 4175 τό
842 4139 858 4153 ο
905 4142 923 4173 ι
967 4122 1158 4196 Ἡμεῖς
1180 4124 1236 4178 δὲ
1261 4123 1386 4178 νοῦν
1402 4123 1636 4196 Χριστοῦ
1655 4123 1868 4196 ἔχομεν,
1891 4143 1910 4177 ›

2022 4144 2148 4184 vere
2181 4128 2318 4183 dixit
2347 4129 2392 4160 "°
2430 4145 2444 4182 :
2489 4146 2506 4180 ι
2545 4125 2656 4183 Nos
2695 4135 2873 4181 autem
2917 4140 3138 4180 sensum
3182 4124 3386 4181 Christi
3443 4125 3607 4180 habe-

332 4208 430 4263 καλ
460 4212 619 4266 τοῦτο
662 4213 881 4285 θαρῤῶν
928 4215 1334 4286 ἀποφανοῦμαι.
1369 4216 1464 4280 Τίς
1491 4212 1585 4269 οὖν
1636 4217 1744 4285 ἄρα
1783 4216 1924 4290 ἔγνω

2022 4234 2166 4286 mus,
2220 4239 2238 4272 ι
2275 4220 2327 4274 id
2377 4219 2656 4274 enimvero
2706 4217 3049 4287 praefidenter
3093 4234 3309 4288 quoque
3365 4233 3607 4285 pronun-

331 4300 427 4356 τὸν
490 4303 547 4355 ἐν
608 4308 674 4377 τῇ
718 4307 1000 4378 παραϐολῇ
1067 4309 1236 4378 ταύτῃ
1298 4307 1421 4361 νοῦν
1479 4308 1750 4380 Χριστοῦ,
1811 4309 1843 4378 ἢ
1895 4311 1923 4362 6

2022 4312 2191 4366 tiabo.
2245 4310 2379 4378 Quis
2422 4311 2587 4382 igitur
2643 4310 2900 4379 cognovit
2943 4325 3163 4364 sensum
3209 4308 3421 4363 Domini
3451 4307 3496 4339 “
3547 4307 3603 4362 in

333 4393 709 4466 ἐμπαρασχὼν
751 4398 944 4451 ἑαυτὸν
977 4396 1054 4468 τῷ
1085 4398 1454 4468 Παρακλήτῳ,
1503 4399 1632 4470 περὶ
1665 4392 1724 4451 οῦ
1762 4414 1925 4469 φησιν

2023 4401 2126 4457 hac
2166 4401 2424 4471 parabola
2475 4400 2903 4466 delitescentem,
2946 4408 3306 4470 praeterquam
3361 4397 3455 4468 qui
3502 4396 3609 4452 sei-

332 4485 364 4536 6
399 4485 611 4558 Σωτὴρ,
653 4489 736 4542 δτι
760 4528 776 4555 ,
815 4509 834 4540 ι
893 4489 1129 4552 Ἐκεῖνος
1176 4491 1322 4561 ὑμᾶς
1356 4490 1559 4554 διδάξει
1595 4490 1794 4552 πάντα,
1829 4489 1924 4542 καὶ

2023 4509 2180 4563 psum
2227 4493 2512 4547 Paraeleto
2544 4491 2810 4562 permisit,
2845 4493 2913 4547 de
2960 4508 3068 4562 quo
3113 4494 3188 4546 ait
3238 4490 3494 4545 Servatur
3517 4490 3606 4544 "z

336 4576 642 4647 ὑπομνήσει
682 4581 827 4649 ὑμᾶς
870 4581 1050 4634 πάντα
1089 4583 1192 4634 ὅσα
1231 4578 1384 4635 εἷπον
1424 4583 1593 4653 ὑμίν;
1651 4601 1668 4633 ι
1706 4581 1798 4653 Μὴ
1839 4583 1917 4633 δι-

2027 4601 2049 4635 (
2089 4582 2182 4637 Ille
2212 4596 2310 4637 vos
2353 4582 2589 4647 docebit,
2633 4589 2688 4636 et
2728 4591 2979 4651 suggeret
3025 4583 3208 4636 omnia
3268 4596 3611 4651 quacunque

335 4663 625 4733 δάσκοντος
659 4669 768 4742 γάρ
795 4672 888 4725 τοῦ
917 4674 1275 4745 Παρακλήτου
1305 4676 1482 4728 πάντα.
1514 4675 1548 4729 ἃ
1578 4670 1731 4728 εἶπεν
1751 4678 1779 4729 ό
1813 4676 1918 4746 Ἰη-

2028 4675 2216 4729 dixero
2250 4671 2442 4728 vobis?
2477 4691 2494 4724 ι
2533 4669 2647 4726 Nisi
2681 4674 2826 4727 enim
2875 4687 3215 4742 quacunque
3261 4673 3398 4726 dixit
3424 4669 3610 4735 Iesus,

339 4756 497 4821 σοῦς,
533 4761 626 4813 καὶ
655 4731 856 4832 ταύτην
888 4763 986 4834 τὴν
1005 4731 1330 4837 ’παραϐολὴν
1351 4805 1366 4829 ,
1400 4767 1500 4819 οὐκ
1531 4765 1598 4820 ἂν
1629 4765 1840 4833 λέγοιτό
1872 4731 1924 4817 τι

2029 4774 2081 4820 et
2113 4762 2285 4834 ipsam
2315 4765 2455 4821 hanc
2481 4765 2820 4836 parabolam,
2841 4763 3440 4830 docueritParaclctus,
3465 4761 3607 4818 haud

1529 4856 1760 4914 VETUS
1800 4855 2376 4911 INTERPRETATIO.

344 4946 486 5013 simi
509 4961 636 5020 vero
667 4947 760 5018 qui
802 4964 980 5004 tuane.
1018 4946 1132 5002 lloe
1169 4951 1312 5004 enim
1342 4949 1788 5005 manifestissime
1820 4952 2128 5007 declaratur
2155 4967 2221 5004 ex
2245 4965 2310 5004 eo
2342 4950 2486 5020 quod
2517 4950 2685 5005 dicit:
2724 4967 2741 5001 ι
2782 4948 2966 5006 Redde
2990 4950 3314 5014 mercedem,
3344 4950 3609 5019 incipiens

338 5033 367 5090 ιι
402 5019 720 5075 novissimis
751 5033 925 5088 usque
948 5021 1012 5072 ad
1045 5020 1268 5087 primos.
1302 5041 1318 5070 ι
1342 5020 1491 5090 Quis
1515 5031 1696 5074 autem
1722 5033 1776 5075 et
1811 5032 1966 5076 extra
2000 5020 2282 5076 dominum
2326 5023 2497 5074 vinem
2541 5021 2614 5074 sit
2638 5021 2842 5074 domini
2881 5030 3202 5090 procurator
3238 5023 3375 5076 dans
3404 5034 3610 5074 merce-

338 5085 460 5142 dem
506 5090 661 5158 juxta
716 5085 922 5160 domini
960 5085 1286 5160 jttssionettt.
1334 5088 1438 5144 Sed
1483 5100 1535 5144 et
1574 5091 1620 5145 si
1661 5092 1751 5160 qui
1780 5093 1954 5146 vocati
1982 5093 2198 5146 fuerant
2235 5092 2380 5145 circa
2418 5105 2620 5143 nonam
2650 5104 2758 5144 non
2795 5085 3150 5159 portaverunt
3180 5090 3391 5159 pondus
3419 5091 3522 5143 diei
3553 5097 3609 5142 et

337 5165 557 5230 aestum,
595 5159 942 5215 manifestum
968 5159 1062 5213 est
1089 5160 1344 5230 quoniam
1379 5175 1484 5212 non
1518 5162 1592 5214 illi
1634 5159 2117 5216 m’urtnuraverunt
2161 5162 2423 5216 adversus
2461 5161 2910 5230 patremfamilias
2943 5162 3228 5215 dicentes:
3271 5176 3289 5212 ι
3338 5161 3605 5225 Quoniam

345 5228 398 5300 [ri
435 5228 720 5285 novissimi
754 5243 918 5284 unam
954 5231 1143 5283 horam
1173 5229 1443 5292 fecerunt,
1479 5241 1532 5284 et
1559 5233 1796 5300 :equales
1826 5249 1921 5285 eos
1952 5232 2127 5287 fecisti
2162 5232 2340 5293 nobis,
2374 5228 2476 5300 qui
2501 5232 2840 5300 portavimus
2871 5232 3221 5300 pondusdici
3249 5240 3303 5285 et
3328 5239 3542 5282 aestum.
3580 5245 3600 5277 ι

339 5294 528 5370 Neque
550 5300 626 5354 illi
657 5303 749 5369 qui
780 5311 932 5354 sexta
967 5301 1098 5352 hora
1128 5300 1303 5370 vocati
1337 5308 1485 5362 sunt,
1519 5294 1730 5368 pondus
1759 5311 2111 5370 portaverunt
2143 5302 2268 5365 diei,
2299 5294 2407 5354 nisi
2439 5294 2578 5354 forte
2603 5301 2708 5353 diei
2741 5294 3049 5354 dimidium.
3083 5299 3146 5353 Et
3171 5301 3262 5370 qui
3290 5300 3446 5352 tertia
3479 5305 3609 5350 sunt
3650 5358 3658 5367 1

338 5367 539 5442 vocati,
570 5367 683 5442 non
707 5381 879 5424 totum
908 5370 1014 5442 diei
1045 5369 1260 5437 pondus
1289 5367 1688 5442 sustinuerunt,
1727 5367 1819 5427 sed
1855 5372 1899 5426 si
1935 5381 2144 5442 oportet
2166 5380 2324 5426 caule
2363 5370 2565 5434 dicere,
2597 5370 2880 5424 dimidium
2908 5370 3015 5423 diei
3041 5379 3095 5423 et
3119 5367 3371 5438 quartam
3386 5377 3606 5442 partem

339 5437 466 5490 diei.
497 5436 610 5512 soli
641 5451 819 5494 autem
855 5441 945 5509 qui
1008 5436 1071 5494 ei
1127 5456 1284 5512 inane
1335 5441 1588 5512 conducti
1627 5451 1774 5503 sunt,
1827 5436 2040 5512 pondus
2086 5443 2192 5496 diei
2231 5443 2632 5508 sustinuertznt,
2672 5450 2726 5496 et
2749 5450 2942 5494 aestum
2971 5436 3183 5506 totum;
3218 5436 3606 5493 cmteriautem

350 5510 650 5578 aecundum
686 5526 996 5564 mensuram
1035 5510 1294 5578 temporis
1325 5511 1468 5578 quod
1503 5511 1749 5566 fecerunt
1773 5510 2095 5575 in‘vineam,
2131 5518 2504 5578 portaverunt.

413 5576 501 5631 30.
536 5577 802 5642 Quoniam
834 5590 1015 5634 autem
1048 5576 1276 5633 diversae
1309 5576 1576 5648 parahohe
1605 5592 1730 5635 sunt
1762 5583 1975 5636 vineam
2008 5576 2371 5641 nominantes,
2410 5577 2763 5648 quaerendum
2799 5588 2884 5633 est
2931 5587 3115 5631 utrum
3167 5577 3469 5632 secundum
3524 5576 3610 5631 di-

341 5661 528 5720 versas
558 5665 651 5704 res
674 5659 727 5702 et
759 5651 914 5705 vinea
943 5650 1279 5716 intelligitur,
1308 5661 1403 5703 aut
1433 5651 1732 5720 secundum
1775 5653 1946 5720 ipsam
1974 5669 2108 5707 rem.
2141 5651 2252 5719 Ego
2287 5650 2521 5703 arbitror
2551 5659 2825 5720 Oporterer
2847 5651 3141 5713 discutere,
3176 5658 3228 5702 et
3279 5664 3451 5718 quare
3491 5661 3603 5720 nor.

343 5718 408 5769 ad
440 5732 630 5772 omnes
655 5720 746 5788 qui
783 5721 940 5788 primi
972 5728 1257 5780 venerunt,
1292 5728 1344 5773 ct
1384 5718 1834 5776 existimaverunt
1869 5724 2126 5792 quoniam
2172 5718 2292 5790 plus
2337 5730 2515 5774 essent
2558 5719 2854 5789 accepturi,
2894 5730 2948 5774 et
2982 5728 3465 5776 murmuraverunt
3501 5718 3606 5775 δά-

410 5809 455 5842 ⁴⁵⁶
475 5806 658 5862 Matth.
683 5823 768 5875 xx,
797 5804 936 5863 l2."
964 5810 1154 5869 Matth.
1190 5827 1282 5876 xx,
1323 5813 1404 5878 13,
1442 5812 1525 5869 11.
1564 5813 1609 5846 ⁸⁵
1649 5811 1820 5870 lCor.
1854 5831 1912 5877 tt,
1954 5813 2034 5867 l6.
2111 5814 2150 5845 "
2195 5811 2323 5868 ibid.
2401 5809 2445 5841 "
2485 5805 2640 5865 Joan.
2678 5826 2786 5881 XIV,
2825 5808 2916 5865 ‘26.
