4032 6308
453 335 596 394 ista
628 310 633 315 ”
1030 364 1035 367 -
1938 330 2045 392 om

2180 331 2263 391 [IS
3220 366 3231 373 -
3614 333 3638 386 1
3650 332 3772 387 348

448 456 750 526 quidquam
798 453 926 511 Jesu
973 455 1195 527 dignum
1242 467 1409 527 super
1448 469 1511 509 ea
1559 453 1791 525 proferri
1847 456 2037 527 possit.

2173 454 2296 519 ἱξιον
2361 455 2535 525 Ἰησοῦ
2573 455 2652 518 εἰς
2689 455 2880 526 αὐτήν.
2926 453 3036 509 Καὶ
3078 455 3128 507 εί
3158 453 3384 509 τοιαῦτά
3410 470 3479 522 γε
3518 454 3765 524 ἐζήτουν

451 548 597 615 Quin
632 557 687 604 et
721 549 764 603 si
809 550 962 619 juxta
1011 546 1139 602 Jesu
1189 547 1433 616 eﬂ‘atum,
1489 548 1618 603 talia
1666 565 1698 603 a
1757 547 2038 605 Paracleto

2176 549 2287 604 ιατὰ
2318 549 2417 621 τὴν
2468 548 2644 621 Ἰησοῦ
2681 549 2875 621 ,φωνὴν
2921 549 3030 603 ἀπὸ
3069 549 3163 602 τοῦ
3196 547 3578 621 Παρακλήτου
3623 549 3768 603 πάν·

452 640 832 709 ηυωείνίεεριιι
850 640 1163 709 quicunque
1182 639 1533 712 Evangelium
1554 642 1854 697 secundum
1871 641 2037 697 Joan-

2174 658 2232 705 ες
2265 641 2377 711 (14)
2416 641 2467 693 οἱ
2504 641 2567 694 τὸ
2615 640 2759 694 κατὰ
2802 641 3054 712 Ἰωάννην
3088 641 3418 710 Εὑαγγέλιον
3464 638 3766 709 ἀναγινώ-

456 745 579 783 nem
606 730 881 788 evolvunt,
918 730 1144 783 minime
1194 746 1326 784 sane
1369 731 1729 786 attendissent
1769 731 2036 796 nonnulli,

2171 749 2384 797 ’κοντες,
2418 733 2519 786 οὐκ
2551 732 2617 786 ἂν
2674 732 2972 803 προσέσχον
3012 733 3158 796 τινὲς
3182 771 3198 797 ,
3244 733 3320 796 ὡς
3367 731 3763 804 Παρακλήτῳ,

454 828 713 887 t:mqnam
753 816 1055 883 Paracleto,
1089 818 1169 874 sic
1210 838 1227 869 ι
1271 820 1554 890 spiritibus
1586 820 1810 885 erroris,
1850 830 1905 876 et
1937 822 2040 877 do-

2209 820 2484 892 πνεύμασι
2524 819 2734 890 πλάνης
2759 860 2772 883 ,
2809 821 2906 873 καὶ
2933 820 3307 885 διδασκαλίαις
3331 820 3677 893 δαιμονίων,
3704 822 3763 874 ἐν

452 910 647 966 ctrinis
674 911 1093 977 daemoniorum,
1132 912 1184 965 in
1221 913 1494 983 hypocrisi
1527 913 1866 983 loquentium
1896 929 2044 968 men-

2171 912 2435 984 »noxploet
2463 911 2834 981 ψευδολόγων,
2875 913 3431 983 κεκαυτηριασμένων
3470 912 3586 983 τὴν
3620 912 3763 966 ἰδίαν

451 999 692 1065 dacium,
735 1011 789 1055 et
813 1001 1172 1056 cauteriatam
1208 1003 1524 1056 habentium
1562 1018 1717 1057 suam
1758 1003 2043 1058 conscien-

2170 1003 2468 1074 υνείδησιν,
2516 1022 2534 1054 ι
2567 1004 2711 1058 ὥστε
2735 1002 2803 1056 τά
2832 1004 2934 1074 τῆς
2971 1003 3182 1074 πλάνης
3215 1005 3514 1075 πνεύματα
3549 1002 3657 1056 καὶ
3693 1002 3762 1056 τὰ

456 1093 586 1146 tiam
620 1092 686 1158 ⁸³,
723 1111 742 1144 ι
777 1093 913 1147 adeo
942 1102 1000 1148 ut
1031 1092 1259 1162 spiritus
1286 1093 1491 1149 erroris
1521 1103 1571 1148 et
1613 1080 1882 1148 diemenia
1923 1111 2009 1148 ma
2029 1123 2043 1134 -

2171 1097 2398 1168 latpéwa.
2447 1097 2812 1167 ἀναγορεῦσαι
2860 1097 2938 1168 τῷ
2974 1098 3194 1169 μεγάλῳ
3228 1098 3324 1152 τοῦ
3371 1096 3763 1170 Παρακλήτου

454 1200 562 1255 gno
596 1183 859 1239 Paracleti
889 1186 1111 1241 nomine
1151 1186 1456 1255 appellent;
1489 1184 1633 1253 quod
1668 1186 1951 1254 apostolis,
1991 1194 2046 1240 et

2170 1187 2391 1258 ινόματι,
2438 1187 2577 1256 ὅπερ
2614 1187 2643 1238 ὁ
2674 1186 2866 1258 Σωτὴρ
2903 1190 3014 1251 τοῖς
3045 1188 3396 1252 ἀποστόλοις,
3430 1188 3539 1241 καὶ
3584 1185 3647 1238 εἴ
3678 1201 3762 1249 τις

455 1275 499 1329 si
533 1276 660 1344 quis
688 1277 1060 1345 apostolormn
1105 1277 1303 1333 similis
1332 1285 1436 1339 est,
1487 1277 1746 1332 Servatur
1775 1278 2044 1347 promisit.

2162 1281 2258 1343 τοῖς
2319 1277 2641 1339 ἀποστόλοις
2690 1276 3069 1348 παραπλήσιός
3119 1279 3287 1342 ἐστιν,
3348 1275 3754 1347 ἐπηγγείλατο.

456 1364 633 1435 Atque
689 1366 820 1419 illud
885 1366 1104 1436 quidem
1166 1382 1487 1435 persuasum
1554 1366 1749 1432 habeo,
1792 1366 2047 1436 mysteria

2167 1371 2259 1424 (ai.
2287 1368 2541 1440 πείθομαί
2571 1385 2636 1436 γε
2659 1408 2674 1433 ,
2704 1369 2786 1421 ὅτι
2830 1370 2858 1421 ό
2888 1367 3166 1432 Ματθαίος
3187 1367 3302 1439 ᾔδει
3336 1368 3435 1439 μὲν
3472 1367 3637 1421 κατὰ
3659 1365 3759 1439 τὴν

454 1455 638 1511 onniia
680 1472 804 1526 qua:
838 1458 953 1511 hmo
994 1457 1221 1510 involvit
1261 1456 1540 1525 parabola,
1586 1455 1729 1510 haud
1777 1471 1937 1511 secus
1983 1471 2046 1510 ac

2166 1460 2460 1533 παραϐολὴν
2482 1458 2684 1530 ταύτην
2712 1459 3006 1531 μυστήρια,
3046 1459 3123 1522 ὡς
3155 1461 3251 1514 καὶ
3269 1460 3340 1514 τὰ
3361 1458 3514 1513 κατὰ
3538 1459 3648 1528 τὴν
3662 1458 3758 1513 τοῦ

454 1562 578 1616 (ιιιιε
629 1548 683 1601 in
726 1548 1089 1603 seminatione
1141 1555 1196 1600 et
1255 1546 1542 1601 seminatis
1584 1561 1748 1616 supra
1806 1547 2046 1601 triticum

2168 1556 2355 1626 ιπόρου
2387 1553 2518 1625 (l5),
2556 1554 2653 1606 καὶ
2684 1550 2793 1605 τῶν
2830 1552 3262 1623 ὲπεσπαρμένων
3289 1551 3368 1622 τῷ
3409 1551 3560 1622 σίτῳ
3605 1550 3760 1615 ζιζαμ

456 1636 682 1690 zizaniis
707 1638 1097 1702 continentur,
1129 1635 1384 1691 Matlhaao
1441 1636 1720 1707 explorata
1774 1637 1943 1693 fuisse
1969 1637 2047 1704 5";

2165 1647 2306 1700 κίων·
2340 1647 2439 1699 οὐκ
2475 1645 2655 1717 ἔκρινε
2693 1644 2751 1698 δὲ
2786 1643 3009 1712 εὔλογον
3042 1641 3183 1697 εἶναι
3211 1645 3412 1714 ὁμοίως
3437 1645 3580 1707 ταῖς
3626 1644 3757 1713 περὶ

457 1735 515 1780 at
561 1727 746 1796 hujus,
789 1727 1016 1796 perinde
1064 1743 1128 1782 ac
1192 1727 1411 1781 illorum
1455 1728 1873 1797 explicationem
1920 1744 2049 1783 con-

2162 1738 2373 1791 ἐκείνων
2405 1737 2689 1808 διηγήσεσι
2722 1735 2817 1788 καὶ
2846 1734 2945 1806 τὴν
2977 1736 3106 1806 περὶ
3139 1735 3345 1807 ταύτης
3375 1734 3715 1806 ἀναγράψαι
3737 1770 3754 1793 .

459 1819 700 1875 scribere
740 1820 967 1875 minimc
1006 1829 1436 1875 consentaneum
1497 1835 1618 1876 esse
1672 1820 1915 1885 duxisse,
1983 1836 2051 1875 ne

2162 1829 2230 1899 μὴ
2262 1827 2555 1891 πιστεύσας
2594 1826 2887 1896 γράμμασι
2930 1824 3033 1879 κᾶν
3059 1827 3159 1897 τὴν
3191 1826 3284 1878 ἐπὶ
3318 1825 3487 1878 ποσὸν
3516 1825 3625 1896 τῆς
3647 1841 3754 1876 πα-

460 1912 668 1966 tantilla
742 1911 962 1981 quidem
1028 1910 1299 1980 parabolze
1365 1910 1533 1979 hujus
1608 1911 2052 1979 interpretatione

2162 1887 2387 1991 ραϐολῆς
2418 1887 2985 1989 ταύτης-σαᾷήνειαν,
3029 1887 3216 1988 ὥσπερ
3247 1916 3474 1970 ἐκείνων
3508 1887 3589 1979 ἐξ.
3616 1915 3754 1969 ὅλων

460 2003 656 2058 litteris
702 2002 980 2068 mandata,
1031 2002 1493 2071 quemadmodum
1556 2002 1768 2071 plenam
1830 2002 2045 2055 illorum

2161 2008 2250 2080 τὴν
2306 2009 2557 2079 διήγησιν
2613 2008 2930 2080 ἀνέγραψαν
2987 2007 3119 2078 (16).
3165 2009 3228 2060 Ei
3289 2007 3347 2060 δὲ
3408 2006 3664 2073 εὐλόγως
3723 2007 3753 2059 ὁ

461 2096 859 2165 ρκιιοείιὶοιιθηι
890 2094 1106 2164 scriptis
1154 2094 1411 2163 prodidit.
1472 2091 1626 2159 Quod
1683 2094 1729 2148 si
1778 2093 2049 2163 parabolas

2162 2099 2429 2163 Ματθαῖος
2461 2100 2561 2171 τὴν
2592 2101 2720 2171 περὶ
2748 2099 2849 2170 τῆς
2880 2099 3195 2170 παραϐολῆς
3221 2098 3475 2169 διήγησιν
3504 2093 3754 2150 ἀπεσιώ-

460 2187 898 2257 explanationem
928 2201 1053 2240 cum
1091 2185 1303 2239 ratione
1334 2184 1621 2239 Matthzeus
1660 2185 1876 2239 silentio
1909 2200 2047 2254 pta:-

2159 2207 2318 2261 πησε,
2351 2189 2593 2261 δηλονότι
2621 2191 2725 2245 κᾶν
2755 2192 2818 2244 ὲκ
2856 2191 3055 2261 μέρους
3089 2206 3173 2253 τις
3207 2189 3376 2261 αὐτὴν
3415 2188 3622 2259 νοῆσαι
3664 2187 3751 2240 δυ-

461 2278 714 2343 tcrmisit,
751 2278 794 2331 si
834 2279 956 2348 quis
1010 2287 1217 2348 partem
1259 2276 1380 2346 ejus
1422 2276 1914 2346 comprehensione
1954 2292 2047 2331 as-

2158 2280 2312 2354 νηθῇ,
2346 2282 2487 2352 τάχα
2526 2281 2627 2352 μὲν
2655 2281 2891 2349 εὐλόγως
2923 2280 2989 2334 ἂν
3027 2280 3290 2345 αίνίξεται
3325 2280 3387 2334 τὸ
3416 2279 3529 2349 τῆς
3557 2294 3750 2349 φαινο-

462 2369 616 2438 sequi
648 2368 840 2432 valeat,
876 2367 1200 2438 patefactam
1246 2367 1352 2423 sibi
1401 2366 1904 2437 interpretationem
1949 2368 2049 2422 oh-

2158 2373 2328 2444 μένης
2370 2372 2519 2442 αὐτῷ
2561 2371 2887 2442 διηγήσεως,
2921 2372 2981 2424 οὐ
3023 2369 3128 2443 μὴν
3156 2370 3333 2425 πάντα
3362 2371 3432 2426 τὰ
3465 2369 3748 2423 ἀποκαλυο

460 2475 620 2515 scure
645 2458 990 2529 depromens,
1017 2468 1161 2514 recte
1194 2457 1428 2514 fortasse
1463 2458 1666 2529 egerit;
1711 2468 1768 2515 at
1806 2458 1851 2513 si
1898 2475 2049 2528 quaa-

2156 2467 2403 2537 πτόμενα
2434 2464 2584 2536 αὐτῷ
2620 2462 2948 2535 σαφηνίζων,
2971 2464 3064 2517 καὶ
3086 2467 3271 2536 γραφῇ
3303 2461 3607 2527 πιστεύων,
3643 2460 3748 2525 ἔξω

461 2566 679 2621 cunque
714 2550 815 2606 sibi
834 2551 1070 2605 revelata
1099 2559 1227 2605 sunt
1250 2551 1428 2620 palam
1450 2549 1742 2620 aperuerit,
1769 2563 1823 2604 et
1850 2550 2049 2606 litteris

2166 2554 2401 2609 κινδύνου
2449 2555 2546 2609 τού
2593 2553 2723 2626 περὶ
2772 2554 2873 2625 τῆς
2921 2553 3190 2619 ἐκθέσεως
3250 2552 3360 2608 τῶν
3419 2550 3758 2625 μυστηρίων.

460 2643 634 2714 698
690 2642 994 2708 tradiderit,
1043 2641 1181 2696 citra
1229 2643 1605 2706 evulgatornm
1661 2641 2046 2712 mysteriorum
2156 2643 2335 2697 ἔσται.

462 2735 757 2789 discrimen
792 2734 1213 2803 haudquaquam
1247 2733 1370 2787 erit.

535 2826 624 2880 5i.
643 2828 776 2896 Age,
801 2841 954 2897 ergo,
979 2841 1081 2880 nos
1110 2825 1203 2895 qui
1228 2841 1259 2879 a
1285 2839 1467 2878 rerum
1495 2823 1548 2877 in
1586 2823 1843 2893 parabola
1873 2839 2057 2881 recon-

2221 2825 2358 2895 Φέρε
2388 2819 2481 2877 οὖν
2508 2825 2668 2895 ἡμεῖς
2694 2824 2742 2876 οἱ
2772 2822 2975 2895 σφόδρα
3002 2820 3428 2893 ἀπολειπόμενοι
3460 2821 3560 2876 τοῦ
3596 2821 3738 2876 κατά

465 2915 702 2970 ditarum
734 2914 1106 2986 profttnditate
1125 2914 1285 2984 longe
1304 2912 1593 2975 absumus,
1621 2921 1676 2966 et
1701 2911 1858 2966 valde
1881 2927 2055 2981 pauca

2154 2916 2248 2987 τὴν
2279 2917 2593 2989 παραϐολὴν
2624 2917 2821 2987 βάθους
2845 2915 2957 2969 τῶν
2997 2914 3368 2987 πραγμάτων,
3399 2917 3499 2971 καὶ
3529 2914 3729 2986 σφόδρα

465 3023 631 3078 super
667 3024 789 3062 eam
828 3009 1015 3061 animo
1059 3005 1426 3075 concipimus,
1487 3003 1668 3072 aliqua
1711 3003 1901 3057 leviter
1943 3018 2052 3057 non

2147 3007 2303 3076 ὀλίγα
2343 3010 2421 3071 είς
2466 3007 2633 3078 αὐτὴν
2679 3007 3102 3079 φανταζόμενοι,
3152 3006 3229 3078 πὴ
3275 3007 3373 3078 μὲν
3412 3010 3526 3078 μετ’
3561 3006 3728 3077 εὐχῆς

467 3097 588 3152 sine
642 3097 896 3167 precibus
938 3112 1331 3167 proponamus,
1386 3095 1652 3150 sententia
1694 3094 1820 3148 item
1866 3102 2052 3148 nostra

2151 3116 2274 3152 τινα
2303 3101 2367 3152 ὲκ
2397 3099 2597 3170 μέρους
2627 3099 2933 3171 ἀποδῶμεν,
2955 3099 3078 3153 τινὰ
3098 3099 3157 3152 δὲ
3187 3099 3275 3155 ἐπ’
3303 3099 3473 3166 ὀλίγον
3501 3096 3734 3154 καὶτῶν.

468 3188 651 3256 aliqua
686 3201 752 3241 ex
779 3198 928 3255 parte
952 3187 1144 3257 paucis
1181 3195 1389 3256 aperta,
1436 3193 1720 3258 postquam
1759 3199 1921 3252 super
1950 3198 2050 3252 pa-

2158 3189 2498 3260 φαινομένων
2545 3187 2837 3255 δείξαντες,
2887 3188 3031 3242 οὕτω
3071 3186 3450 3259 παρέλθωμεν,
3493 3186 3631 3259 μετά
3665 3185 3732 3237 τὸ

469 3278 657 3332 rabola
705 3278 951 3347 apposite
993 3277 1439 3342 disseruerimus,
1490 3276 1555 3330 ad
1615 3275 1822 3344 reliqua
1863 3290 2054 3345 perga-

2157 3279 2330 3331 είπεῖν
2381 3277 2730 3346 καθηκόντως
2778 3278 2860 3341 είς
2897 3276 2996 3348 τὴν
3027 3277 3342 3349 παραϐολὴν
3360 3318 3375 3342 ,
3421 3278 3514 3331 καὶ
3542 3276 3635 3330 ἐπὶ
3663 3277 3729 3329 τε)

474 3386 617 3425 mus.
646 3369 891 3423 Primum
922 3369 1105 3438 itaque
1141 3370 1272 3439 quid
1305 3368 1378 3423 sit
1401 3368 1517 3422 dies
1545 3368 1657 3432 illa,
1688 3367 1755 3420 de
1785 3382 1890 3436 qua
1921 3382 2049 3436 pro~

2157 3364 2283 3437 ἑξῆς
2309 3367 2497 3439 αὐτῆς.
2534 3367 2755 3439 Πρῶτον
2782 3367 2961 3423 τοίνυν
2987 3367 3185 3439 ἴδωμεν
3211 3367 3280 3421 τὰ
3311 3368 3442 3438 περὶ
3468 3368 3570 3440 τῆς
3589 3369 3645 3421 ὲν
3665 3369 3729 3437 τῇ

471 3462 653 3534 posita
687 3461 800 3532 agit
831 3461 1112 3530 parabola,
1157 3460 1534 3530 disputemus;
1557 3473 1622 3513 ac
1659 3456 1939 3511 videamus
1982 3472 2050 3510 an

2157 3456 2464 3529 ζητουμένῃ
2511 3457 2789 3528 παραϐολῇ
2823 3458 3056 3530 ἡμέρας
3099 3458 3195 3510 καὶ
3232 3457 3333 3528 δρα
3362 3457 3413 3511 εί
3461 3454 3733 3528 δυνάμεθα

1700 3547 1925 3604 VETUS
1963 3548 2545 3605 INTERPRETATIO.
3468 3572 3471 3575 ·

472 3658 664 3713 versus
689 3642 1158 3713 patremfamilias.
1211 3643 1303 3713 sed
1339 3640 1431 3696 uni
1466 3655 1654 3713 eorum
1687 3639 1827 3693 dixit
1860 3658 1875 3693 :
1906 3657 1924 3690 ι
1959 3639 2164 3713 Amice,
2189 3656 2298 3713 non
2322 3641 2416 3713 tibi
2447 3640 2589 3695 facio
2619 3639 2899 3713 injuriam.
2937 3638 3228 3713 Denarium
3265 3639 3496 3713 conveni
3540 3648 3721 3713 tecum

483 3712 550 3767 Et
584 3708 708 3768 volo
740 3713 865 3767 huic
902 3714 1198 3768 novissimo
1226 3711 1357 3767 dare
1388 3709 1847 3781 quemadmodum
1900 3718 1954 3781 et
1994 3710 2111 3763 tibi.
2162 3730 2181 3762 ι
2219 3710 2491 3781 Quoniam
2542 3708 2750 3781 autem__
2779 3709 2895 3763 haec
2930 3718 2992 3781 et
3009 3708 3138 3781 talia
3188 3709 3425 3781 suscipit
3471 3708 3733 3781 parabolas

478 3798 742 3850 praesens.
774 3792 951 3852 potest
973 3784 1188 3852 quidem
1227 3775 1508 3853 requirere
1533 3781 1657 3851 quis
1695 3780 1748 3833 in
1771 3795 1834 3834 ea
1859 3794 1873 3843 ;
1902 3778 2064 3847 digna
2085 3775 2270 3835 autem
2300 3779 2482 3836 dicere
2503 3787 2588 3835 est
2621 3777 2844 3845 nullius,
2888 3777 2995 3833 nisi
3024 3778 3144 3849 ejus
3186 3778 3279 3851 qui
3316 3775 3454 3834 dixit
3472 3775 3509 3833 ':
3546 3797 3568 3831 ι
3627 3775 3737 3831 Nos

475 3862 659 3906 autem
690 3867 912 3907 sensum
949 3853 1150 3907 Christi
1184 3853 1468 3907 habemus.
1510 3870 1529 3904 ι

550 3922 642 3975 51.
677 3922 788 4000 Age
823 3938 923 4000 nos
951 3925 1043 3992 qui
1073 3923 1300 4000 inultum
1324 3923 1587 4000 desumus
1618 3935 1648 3974 a
1670 3916 2038 4000 profunditate
2067 3916 2645 4000 _paralml33‘quaada'm
2667 3916 3033 4000 modicaquaa
3065 3918 3413 4000 suspicamur
3440 3919 3610 4000 in_ea,
3641 3914 3729 3971 di-

478 4006 690 4047 camus.
723 3986 789 4045 Et
808 3986 1043 4062 primum
1067 3992 1284 4061 quidem
1320 3991 1622 4046 videbimus
1651 3986 1718 4042 de
1746 3988 1833 4041 die
1859 3986 2151 4062 parabolae,
2179 4005 2299 4056 quae
2318 3989 2390 4043 sit
2415 3986 2552 4062 dies.
2586 3986 2653 4041 Et.
2698 3987 2820 4062 vide
2849 3988 2894 4043 si
2929 3986 3235 4057 possumus
3274 3997 3446 4062 totum
3489 3987 3598 4043 hoc
3628 4000 3730 4062 ste-

476 4062 664 4116 culum
690 4055 931 4130 praesens
959 4055 1139 4117 dicere
1161 4077 1328 4116 unum
1355 4062 1521 4124 diem,
1553 4055 2077 4130 magnnmquidem,
2110 4055 2379 4130 quantum
2398 4058 2464 4112 ad
2496 4074 2625 4130 nos,
2646 4057 2921 4115 modicum
2945 4055 3130 4130 autem
3160 4066 3213 4130 et
3234 4057 3413 4130 exigui
3451 4055 3739 4130 temporis.

483 4122 748 4200 quanto-tn
779 4132 844 4185 ad
881 4129 973 4187 Dei
1012 4131 1210 4192 Patris,
1237 4139 1290 4184 et
1322 4122 1547 4192 (Zhristi,
1574 4138 1628 4181 et
1647 4122 1827 4182 sancti
1856 4122 2098 4200 Spiritus
2127 4122 2311 4182 vitam.
2341 4127 2554 4200 thuid
2577 4122 2700 4182 ilico
2731 4135 2996 4200 quantum
3031 4128 3098 4181 ad
3124 4127 3288 4200 vitam
3324 4122 3522 4200 Patris,
3559 4122 3613 4180 et
3644 4122 3732 4177 Fi-

480 4197 562 4262 lii,
589 4210 643 4255 τι
667 4201 901 4270 Spiritus
927 4201 1146 4257 sancti?
1181 4200 1493 4270 forsitanet
1517 4209 1780 4268 quantum
1817 4199 1882 4251 ad
1918 4200 2080 4251 vitam
2103 4199 2468 4270 quarumdam
2510 4198 2787 4270 beataru_m
2818 4198 3080 4270 virtutum
3116 4205 3171 4270 et
3207 4197 3550 4270 sublimium,
3578 4209 3727 4270 cum-

479 4265 762 4342 paratione
792 4272 1008 4340 generis
1040 4270 1355 4342 multorum.
1387 4268 1516 4322 Nam
1535 4265 1813 4342 quantum
1846 4275 1930 4342 est
1959 4284 2066 4321 una
2102 4265 2215 4322 haec
2239 4269 2356 4322 dies
2376 4276 2641 4342 quantum
2671 4265 2737 4320 ad
2757 4269 2939 4342 _vitatn
2988 4266 3232 4320 omnium
3271 4267 3363 4321 diu
3410 4265 3726 4342 viventium2

482 4330 693 4396 tantum
731 4330 822 4395 θεῖ
840 4357 1003 4395 onme
1024 4343 1283 4395 saeculum
1320 4340 1423 4410 hoc
1445 4330 1709 4410 quantum
1737 4339 1802 4391 ad
1836 4338 2009 4410 vitam
2038 4330 2716 4410 supernarum'virtutum.
2756 4333 2823 4389 Et
2866 4335 2909 4389 si
2957 4344 3164 4410 tantum
3216 4345 3295 4390 est
3348 4344 3615 4410 quantum
3661 4330 3725 4386 ad

482 4413 646 4490 vitam
674 4426 1042 4490 supernatltnt
1062 4411 1358 4490 virtutum,
1385 4403 1497 4478 jam
1531 4408 1652 4488 vide
1674 4423 1838 4490 quam
1879 4407 2083 4461 nullius
2110 4403 2378 4490 momenti
2400 4416 2484 4490 est
2510 4422 2670 4460 nume
2703 4405 2807 4486 hoc
2832 4405 3115 4490 sazculum,
3151 4403 3436 4490 quantunL
3461 4405 3529 4490 ad
3567 4403 3724 4458 vitam

484 4481 578 4535 Dei
610 4473 808 4544 Patris,
838 4492 891 4534 et
925 4479 1067 4544 Filii,
1107 4491 1157 4533 et
1185 4473 1421 4547 Spiritus
1448 4477 1641 4533 sancti.
1683 4473 1877 4547 Utrum
1908 4486 2088 4530 autem
2128 4477 2345 4546 aliquod
2383 4477 2487 4531 tale
2517 4476 2834 4547 mysterium
2868 4473 3271 4547 demonstretur
3304 4475 3357 4547 in
3398 4473 3727 4547 Deuterono-

485 4552 578 4605 mii
620 4542 833 4606 cantico
864 4552 917 4604 in
940 4542 1062 4620 quo
1082 4549 1209 4620 dicit
1230 4542 1257 4601 ἐ
1293 4567 1311 4599 ι
1337 4547 1674 4620 Mementote
1706 4546 1824 4620 dies
1852 4547 2056 4620 saeculi,
2103 4542 2254 4620 rau't
2282 4563 2413 4612 non,
2453 4542 2664 4620 quaerat
2701 4545 2793 4614 qui
2820 4553 3003 4620 potest
3035 4562 3049 4598 :
3103 4555 3157 4599 et
3188 4545 3233 4600 si
3269 4544 3401 4599 tales
3438 4552 3577 4620 _sunt
3614 4542 3725 4620 dies

484 4623 691 4687 Stecnli,
717 4613 1060 4690 consequens
1096 4619 1197 4673 erit
1233 4618 1574 4672 traditionem
1608 4617 1842 4690 similem
1873 4631 1995 4670 esse
2019 4617 2319 4690 intelligere
2348 4613 2638 4690 qlia—dicit
2675 4633 2695 4690 :_
2721 4613 2765 4690 λι
2819 4613 2886 4668 Ει
2939 4630 3112 4690 annos
3149 4626 3382 4668 aeternos
3438 4613 3491 4666 in
3550 4617 3726 4690 metite

487 4681 687 4756 habui,
707 4700 760 4745 et
789 4681 1080 4745 meditatus
1120 4704 1239 4743 sum
1283 4697 1440 4742 nocte
1471 4704 1594 4741 cum
1623 4688 1787 4743 corde
1822 4701 1963 4751 meo,
1997 4681 2310 4749 exercebar,
2343 4681 2396 4756 et
2429 4685 2860 4756 contribulabam
2908 4684 3392 4756 spiritunrmeum
3434 4700 3447 4736 :
3481 4690 3538 4737 et
3567 4681 3721 4756 dixi:

486 4758 605 4814 Non
638 4746 691 4814 in
721 4762 916 4815 saecula
949 4759 1193 4829 projiciet
1226 4757 1387 4829 Deus.
1427 4776 1446 4809 ι
1493 4756 1828 4829 Etforte,_ut
1853 4746 2334 4829 audacter-dicanti,
2364 4755 2417 4807 in
2455 4755 2650 4829 szecnla
2686 4754 2906 4829 quidem
2940 4746 3047 4808 non
3071 4753 3322 4829 projiciet
3362 4751 3504 4829 Deus
3533 4768 3549 4805 ;
3586 4746 3721 4829 mu].

486 4839 601 4883 tum
630 4840 713 4883 est
737 4830 882 4884 enim
917 4817 971 4883 et
998 4817 1062 4882 in.
1079 4844 1188 4883 uno
1211 4828 1411 4882 saeculo
1443 4817 1909 4897 projicere'Deum
1944 4843 1958 4879 :
2012 4825 2260 4897 projiciet
2302 4817 2745 4897 antetn_l'orsita'n
2778 4833 2832 4878 et
2856 4825 2937 4897 in_
2963 4817 3201 4897 secundo
3251 4817 3722 4897 saacttlo,__quat_rdo

485 4903 733 4967 quaedam
761 4909 974 4967 peccata
1009 4916 1112 4953 non
1141 4889 1515 4960 remittuntur,
1539 4889 1644 4951 hec
1677 4896 1728 4949 in
1769 4897 1893 4958 hoc,
1923 4889 2029 4967 nec
2049 4889 2318 4949 in'futuro
2344 4894 2564 4967 saeculo.
2596 4891 2893 4967 Quis__ergo
2925 4893 3154 4967 idoneus
3185 4900 3271 4967 est
3313 4908 3409 4967 se;
3450 4891 3572 4946 illos
3608 4889 3721 4941 dies

484 4961 543 5023 et
564 4961 853 5036 septimum
880 4968 1231 5035 requietionis
1261 4967 1328 5021 ad
1366 4966 1677 5036 hujusmodi
1709 4967 1824 5020 dies
1849 4964 2089 5036 _rcferre,
2122 4973 2171 5019 et
2206 4977 2324 5034 post
2360 4962 2594 5036 Sahbata
2636 4972 2691 5017 et
2728 4961 3073 5036 Neontenias,
3107 4970 3162 5016 et
3203 4962 3256 5015 in
3309 4961 3487 5030 primo
3536 4968 3718 5036 mense

488 5030 831 5101 festivitates,
862 5046 916 5090 et
944 5030 997 5091 in
1030 5048 1221 5107 quarta
1254 5030 1464 5092 decima
1494 5036 1582 5092 die
1615 5036 1818 5090 mensis
1843 5030 2081 5107 Pascha,
2104 5030 2241 5107 etin
2275 5032 2867 5107 caeterisAzymorum?
2889 5031 2987 5107 _Sie
3008 5040 3188 5107 autem
3214 5045 3449 5107 sequens
3480 5030 3606 5099 quis
3636 5040 3719 5107 ra-

492 5110 719 5173 tionem,
748 5108 798 5160 in
828 5101 1082 5176 abyssum
1115 5110 1270 5162 cadet
1300 5107 1698 5172 intellectuum,
1736 5115 1957 5160 caeteras
1995 5103 2314 5176 festivitates
2338 5101 2666 5176 existimans
2701 5102 2998 5176 secundum
3033 5101 3347 5176 huiusmodi
3383 5101 3518 5176 dies,
3550 5105 3716 5176 et_to-

484 5192 600 5233 tum
624 5166 979 5247 septimanale
1005 5193 1281 5247 magnum,
1312 5178 1365 5230 in
1388 5192 1497 5247 quo
1526 5166 1874 5247 pauperibus,
1898 5181 1953 5228 et
1973 5174 2217 5238 advenis,
2244 5182 2298 5229 et
2338 5173 2528 5247 bestiis
2554 5182 2709 5226 terra:
2735 5171 2902 5247 donat
2926 5171 3065 5225 Deus
3090 5166 3320 5235 fructus,
3350 5171 3442 5247 qui
3463 5185 3526 5224 ex
3551 5166 3718 5247 printg

485 5260 643 5304 terra:
669 5241 988 5316 operatione
1015 5241 1123 5300 sint
1149 5241 1313 5317 geniti
1346 5241 1669 5317 in'tenipor'e
1695 5260 1830 5317 eum
1851 5243 1962 5312 jam
1999 5258 2156 5317 nemo
2201 5243 2516 5317 operabitur
2558 5251 2778 5296 terram.
2825 5241 3097 5317 Abyssum
3132 5248 3311 5317 autem
3343 5241 3468 5317 (lico
3505 5244 3719 5317 propter

483 5309 821 5374 altitudinem
853 5309 1187 5382 dogmatum',
1222 5327 1280 5370 ut
1304 5309 1605 5371 ascendens
1630 5316 1755 5383 quis
1785 5309 1962 5368 videat
2002 5309 2514 5383 quinquagesimum
2551 5325 2751 5383 annum
2780 5351 2794 5372 ,
2840 5309 3044 5383 etgqnze
3067 5310 3132 5363 de
3159 5323 3225 5363 eo
3260 5309 3314 5361 in
3365 5310 3482 5379 lege
3522 5309 3719 5383 constt-

489 5399 735 5454 tuuntur,
771 5398 827 5443 et
858 5379 1242 5456 adi-Inplentur.
1272 5385 1376 5439 Sed
1403 5379 1900 5456 quzerentesunam
1937 5379 2223 5456 propositae
2252 5379 2523 5456 parabolae
2541 5380 2711 5456 diem,
2746 5389 2808 5456 et
2836 5379 3207 5456 existimantes
3243 5393 3363 5432 eam
3388 5392 3511 5432 esse
3551 5382 3716 5456 totum

490 5458 591 5511 hoc
617 5446 876 5514 sseehlnm
916 5446 1174 5526 praesens,
1210 5446 1615 5526 intravit-tius'in
1648 5446 1981 5526 altitudines,
2000 5446 2158 5526 opus
2193 5446 2452 5526 habentes
2489 5471 2506 5500 ι
2539 5449 2745 5518 Spiritu
2776 5448 2987 5526 Dei-qui
3016 5449 3200 5526 omnia
3235 5456 3533 5526 scrutatur,
3554 5446 3710 5526 otiati).

490 5528 802 5585 altitudines
836 5514 952 5583 Dei.
990 5548 1008 5578 ι
1047 5514 1365 5597 Εευύυιοιιι
1397 5525 1654 5578 existimo
1678 5521 1937 5591 quoniam
1969 5514 2108 5575 sicut
2146 5521 2200 5574 in
2258 5523 2404 5575 exitu
2436 5514 2927 5576 consummationis
2959 5518 3086 5571 anni
3133 5516 3379 5587 quaedam
3411 5516 3556 5573 dicta
3597 5514 3717 5569 sum

559 5637 604 5669 ⁸³
643 5640 662 5691 l
700 5636 842 5692 Tim.
877 5655 951 5705 tv,
990 5638 1037 5703 Ι,
1074 5637 1129 5690 '2.
1205 5636 1459 5689 MMatth.
1497 5652 1593 5689 xm

559 5750 671 5822 (ιτι)
711 5750 957 5822 ῌὰντες.
998 5750 1179 5822 codex
1211 5748 1431 5822 Regius,
1468 5749 1670 5822 πάντα.
1771 5815 1795 5822 _
1922 5816 1931 5822 _

1771 5815 1795 5822 _
1922 5816 1931 5822 _
2236 5750 2346 5822 (ιῦ)
2401 5746 2791 5819 Ἀνέγραιῦναν.
2833 5742 2972 5814 Lege
3000 5744 3317 5819 ἀνέγραψεν.

560 5815 673 5892 (15)
711 5819 892 5876 Codex
915 5815 1302 5892 Anglicanus,
1330 5816 1404 5879 ὡς
1427 5816 1519 5870 καὶ
1547 5820 1686 5872 κατά
1708 5815 1798 5870 τοῦ
1832 5816 2054 5889 σπόρου.

860 5836 892 5875 x
915 5815 1302 5892 Anglicanus,
1330 5816 1404 5879 ὡς
1427 5816 1519 5870 καὶ
1547 5820 1686 5872 κατά
1708 5815 1798 5870 τοῦ
1832 5816 2054 5889 σπόρου.
2246 5815 2253 5822 ’
2325 5815 2337 5822 ”
2407 5830 2413 5835 ‘
2446 5863 2452 5870 .
