4032 6308
360 434 498 488 1343

1291 433 1647 490 COMMENT.
1691 433 1756 488 IN
1796 432 2216 490 MATTIUEUM
2254 433 2491 491 TOMUS
2524 433 2637 491 XV.

3490 439 3628 494 1538

355 552 476 606 ὅλον
505 552 618 622 (l7)
650 552 920 607 ἐνεστῶτα
948 555 1116 607 αἰῶνα
1151 556 1362 628 ἡμέραν
1383 557 1506 611 τινὰ
1541 557 1736 618 εἰπεῖν,
1764 556 1932 627 μεγά-

2041 565 2208 611 totam
2267 565 2584 626 prmsentem
2641 565 2852 611 aetatem
2908 556 3050 610 diem
3099 558 3390 627 quamdam
3448 561 3629 617 dicere

356 644 456 716 ὶην
493 645 594 716 μέν
627 645 702 706 ὡς
739 646 874 716 πρὸς
916 648 1083 716 ἡμᾶς,
1131 647 1333 718 μικρὰν
1365 647 1422 700 δέ
1457 665 1579 700 τινα
1622 648 1716 700 καὶ
1761 647 1934 717 ὀλιγο-

355 733 568 804 χρόνιον
598 734 673 797 ώς
703 734 841 804 πρὸς
869 735 966 806 τὴν
992 735 1084 788 τοῦ
1116 735 1273 800 Θεοῦ,
1303 738 1396 789 καὶ
1427 737 1522 790 τοῦ
1551 737 1808 810 Χριστοῦ,
1843 739 1936 790 καὶ

353 823 451 878 τοῦ
488 824 644 894 ἀγίου
682 824 998 896 Πνεῦματος
1040 825 1184 900 ζωὴν
1208 845 1220 857 ο
1260 830 1400 898 τάχα
1432 829 1543 900 γάρ
1571 828 1663 882 καί
1688 847 1796 882 τισι
1827 829 1937 882 τῶν

357 914 644 984 μακαρίων
660 913 962 986 δυνάμεων,
996 919 1090 970 καὶ
1115 919 1622 990 ἐπαναϐεϐηκυιῶν,
1653 923 1936 993 συγκρίσει

353 1003 462 1057 τῶν
509 1005 718 1058 πολλῶν
760 1008 1004 1078 γενητῶν
1055 1009 1190 1081 (18),
1238 1011 1306 1064 τὰ
1359 1012 1510 1064 κάτω
1556 1013 1656 1083 τῆς
1702 1015 1938 1085 ἀρχικῆς

357 1096 608 1168 Τριάδος,
644 1097 800 1166 λόγον
831 1098 942 1169 ἔχει
965 1100 1084 1163 ὅλος
1105 1101 1135 1152 ὁ
1160 1101 1393 1165 ἐνεστὼς
1424 1103 1555 1156 αἰὼν
1575 1103 1651 1166 ὡς
1685 1105 1819 1176 πρὸς
1841 1105 1938 1176 τὴν

353 1185 502 1258 ζωὴν
532 1188 740 1252 αὐτῶν,
771 1190 832 1243 ὃν
863 1189 1020 1259 λόγον
1053 1190 1164 1261 ἔχει
1187 1194 1220 1262 ἡ
1260 1195 1389 1264 παρ’
1417 1191 1722 1262 ἀνθρώποις
1755 1195 1939 1264 ἡμέρα

354 1277 493 1347 πρὸς
537 1279 658 1332 ὅλον
702 1281 795 1334 τὸν
847 1281 1069 1335 δυνατὸν
1103 1282 1375 1354 ἀνθρώπῳ
1401 1282 1500 1355 ζῇν
1531 1284 1742 1355 χρόνον.
1791 1287 1854 1337 Εἰ
1882 1286 1938 1339 δὲ

353 1368 593 1423 τοιοῦτόν
636 1388 690 1424 τι
747 1373 1042 1444 μυστήριον
1109 1375 1167 1426 ἐν
1219 1375 1624 1446 Δευτερονομξῳ
1684 1376 1938 1448 δηλοῦται

355 1457 496 1512 κατά
539 1459 638 1530 τὴν
665 1459 809 1532 ᾠδὴν
849 1457 970 1536 ἐν
1005 1463 1342 1535 γέγραπταιο
1393 1485 1411 1518 ι
1472 1465 1762 1538 Μνὴσθητε
1804 1467 1940 1538 ἡμέ-

357 1568 457 1623 ρας
488 1551 686 1616 αἰῶνος
715 1593 729 1618 ,
783 1571 801 1604 ι
840 1555 873 1624 ἢ
911 1554 1005 1624 μὴ,
1050 1554 1276 1627 ζητήσει
1303 1558 1331 1609 ὁ
1368 1556 1693 1627 δυνάμενος·
1739 1555 1857 1610 εἶτα
1891 1559 1938 1611 εἰ

353 1642 598 1696 τοιαῦται
625 1644 682 1697 αἱ
716 1645 921 1716 ἡμέραι
962 1646 1177 1711 αἰῶνος,
1209 1648 1286 1710 ώς
1312 1647 1605 1701 ἀκόλουθον
1630 1649 1696 1702 ἂν
1729 1650 1812 1722 εἴη
1840 1653 1938 1722 τὴν

355 1735 735 1807 παραπλήσιον
769 1737 994 1808 ἐκδοχὴν
1034 1738 1234 1791 ἐννοεῖν
1269 1739 1350 1802 εἰς
1382 1739 1472 1791 τόδ
1513 1758 1531 1790 ι
1579 1741 1712 1812 Ἐτη
1749 1741 1939 1796 αἰώνια

353 1827 670 1899 ἐμνὴσθην,
724 1828 817 1881 καὶ
854 1829 1164 1900 ἐμελέτησα
1214 1829 1412 1894 νυκτὸς
1473 1831 1610 1902 μετά
1657 1833 1755 1903 τῆς
1804 1851 1940 1904 καρ-

351 1918 469 1983 δίας
513 1919 622 1990 (19)
661 1937 763 1990 μου
785 1937 798 1950 ·
835 1921 1185 1991 ἡδολέσχουν,
1227 1923 1320 1976 καὶ
1363 1922 1591 1976 ἐσκαλλε
1628 1924 1689 1976 τὸ
1718 1926 1936 1995 πνεῦμά

355 2025 456 2079 μου
482 2050 496 2072 ,
533 2009 628 2062 καὶ
671 2005 828 2063 εἶπα·
866 2011 956 2083 Μὴ
992 2013 1073 2077 εἰς
1099 2015 1226 2077 τοὺς
1265 2015 1470 2077 αἰῶνας
1507 2016 1786 2069 ἀπώσεται
1820 2017 1933 2070 Κύ-

355 2116 507 2172 ριος;
551 2119 570 2152 ι
606 2101 716 2154 Καὶ
750 2102 912 2173 τάχα,
946 2103 1032 2156 ἴνα
1073 2104 1471 2178 τολμηρότερον
1508 2108 1668 2172 εἴπω,
1713 2111 1793 2172 εἰς
1835 2111 1935 2180 μὲν

350 2189 478 2252 τοὺς
511 2188 714 2253 αἰῶνας
736 2191 834 2242 οὐκ
867 2190 1146 2246 ἀπώσεται
1186 2194 1408 2264 Κύριος,
1439 2195 1571 2249 πολὺ
1594 2195 1702 2266 γὰρ
1731 2197 1824 2250 καὶ
1855 2200 1935 2261 εἰς

351 2279 448 2332 ἐνα
471 2281 642 2334 αἰῶνα
665 2280 988 2336 ἀπώσασθαι
1009 2283 1210 2354 Κύριον
1235 2302 1250 2316 ο
1286 2285 1565 2340 ἀπώσεται
1597 2286 1654 2340 δέ
1681 2287 1818 2357 τάχα
1842 2289 1935 2341 καὶ

349 2371 432 2434 εἰς
461 2371 710 2443 δεύτερον
742 2372 914 2426 αἰῶνα
938 2413 951 2435 ,
986 2374 1071 2426 ὅτε
1105 2377 1206 2428 οὐκ
1235 2377 1452 2445 ἀφίεται
1488 2379 1520 2448 ἡ
1545 2378 1724 2431 τοιάδε
1753 2379 1934 2450 ἀμαρ-

351 2463 441 2515 τία
491 2461 612 2515 οὔτε
666 2465 723 2516 ἐν
774 2463 852 2534 τῷ
914 2464 1010 2519 νῦν
1051 2465 1229 2524 αἰῶνι.
1265 2466 1388 2520 οὔτε
1438 2469 1496 2520 ἐν
1539 2468 1619 2538 τῷ
1665 2469 1929 2540 μέλλοντι.

353 2553 452 2616 Τίς
493 2549 586 2606 οῦν
645 2552 753 2624 ἄρα
817 2554 999 2617 ἰκανὺς
1045 2554 1144 2618 τάς
1170 2555 1228 2619 ἐξ
1257 2556 1487 2627 ἡμέρας,
1521 2558 1615 2610 καὶ
1657 2559 1754 2629 τὴν
1804 2559 1934 2612 ἀνα-

357 2643 599 2707 στάσεως
642 2644 874 2714 ἐϐδόμην
915 2645 1007 2696 ἐπὶ
1052 2645 1304 2708 τοιαύτας
1351 2647 1648 2714 ἀναγαγεῖν
1697 2647 1930 2718 ἡμέρας,

353 2731 447 2783 καὶ
462 2732 598 2801 μετά
611 2731 676 2785 τὰ
699 2732 943 2786 σάϐϐατα
955 2733 1052 2797 τὰς
1063 2734 1377 2805 νουμηνίας,
1398 2735 1601 2798 καὶτὰς
1615 2739 1671 2789 ἐν
1687 2736 1766 2806 τῷ
1780 2736 1931 2807 πρώο

353 2834 430 2888 τῳ
459 2822 590 2889 μηνὶ
623 2820 835 2892 ἐορτάς,
879 2821 970 2874 καὶ
1003 2825 1068 2892 τῇ
1103 2824 1670 2898 τεσσαρεσκαιδεκάτῃ
1698 2824 1792 2877 τοῦ
1825 2843 1932 2896 μη-

354 2907 444 2971 νὸς
472 2909 654 2982 ἡμέρᾳ
682 2912 893 2982 Πάσχα,
926 2915 1020 2966 καὶ
1042 2917 1162 2976 ταῖς
1201 2914 1329 2984 ἐξῆς
1367 2915 1478 2984 (20)
1511 2915 1620 2969 τῶν
1664 2915 1929 2986 ἀζύμων;

351 2999 508 3053 Οὕτω
533 3001 587 3054 δέ
613 3002 873 3071 ἀνάλογον
899 3007 978 3067 εἰς
1007 3004 1239 3058 ἀϐυσσόν
1269 3022 1354 3068 τις
1384 3008 1701 3076 ἐμπεσεῖται
1724 3010 1932 3077 νοημά-

349 3106 479 3156 των,
525 3091 618 3144 καὶ
650 3093 750 3156 τάς
784 3093 975 3156 λοιπάς
1007 3095 1202 3165 ἑορτὰς
1247 3096 1304 3147 ἐν
1347 3096 1622 3160 τοιαύταις
1669 3099 1932 3166 φανταζό-

2038 648 2334 716 possimus,
2372 647 2543 701 nostri
2577 647 2796 716 quidem
2850 647 3059 700 ratione
3097 647 3301 712 habita,
3331 663 3624 717 magnam;

2038 738 2290 807 exiguam
2317 753 2449 793 vero
2481 747 2536 792 et
2558 740 2797 799 brevem,
2835 738 2879 792 si
2905 753 3029 791 cum
3072 736 3188 801 Dei,
3219 746 3274 791 et
3304 739 3530 806 Christi,
3573 750 3629 795 et

2040 827 2281 898 Spiritus
2332 829 2506 883 sancti
2558 830 2666 882 vita
2725 828 3134 883 contendatur:
3185 829 3454 898 siquidem
3493 848 3628 901 prte-

2039 936 2168 974 sens
2202 930 2332 974 aetas
2359 921 2604 975 eamdem
2650 920 2883 975 fortasse
2927 920 3191 974 rationem
3237 921 3398 976 habet
3445 925 3510 975 ad
3543 926 3625 978 vi-

2039 1021 2149 1065 tam
2177 1013 2458 1066 hcatarum
2492 1011 2853 1081 quarumdam
2891 1020 3242 1080 potestatum,
3272 1029 3504 1082 qualque
3534 1032 3624 1084 ge-

2040 1103 2171 1157 nitis
2200 1103 2576 1172 compluribus
2609 1104 2839 1168 collatae,
2879 1105 3191 1173 superiores
3217 1105 3301 1158 his
3331 1117 3626 1162 evaserunt

2041 1209 2165 1264 qua:
2199 1194 2338 1248 infra
2371 1211 2554 1249 rerum
2579 1196 2820 1249 omnium
2850 1197 3264 1250 moderatricem
3305 1196 3622 1254 Trinitatem

2039 1283 2213 1353 posita
2247 1295 2395 1347 sunt,
2446 1299 2609 1352 quam
2655 1286 2908 1338 humana:
2969 1285 3094 1338 vita:
3149 1287 3264 1340 dies
3321 1287 3389 1340 ad
3451 1297 3623 1344 totum

2042 1385 2254 1442 tempus
2277 1375 2543 1427 rationem
2587 1375 2769 1433 habet.
2797 1376 2862 1428 ad
2903 1377 3046 1444 quod
3084 1377 3322 1431 hominis
3352 1379 3459 1431 vita
3501 1395 3626 1448 pro-

2041 1465 2189 1534 gredi
2225 1473 2422 1534 potest.
2451 1464 2533 1517 An
2558 1473 2737 1518 autem
2764 1466 2867 1518 tale
2895 1466 3113 1534 aliquod
3148 1467 3464 1536 mysterium
3494 1485 3624 1538 ape-

2041 1554 2235 1613 riatur,
2287 1568 2476 1615 necne,
2540 1554 2592 1605 in
2649 1568 2713 1607 eo
2774 1551 3182 1607 Deuteronomii
3238 1556 3472 1619 cantico,
3532 1559 3623 1612 ubi

2040 1646 2301 1713 scriptum
2329 1653 2411 1698 est
2436 1645 2521 1698 "z
2561 1663 2578 1694 ι
2624 1644 2946 1699 Mementote
2991 1646 3095 1700 dici
3141 1649 3348 1710 szeculi,
3390 1668 3409 1700 ι
3439 1649 3622 1718 inqui-

2039 1743 2121 1790 ret
2147 1734 2236 1804 qui
2263 1734 2489 1803 poterit;
2521 1741 2633 1788 tum
2675 1734 2870 1788 deimle
2905 1734 2950 1788 si
3008 1737 3144 1791 tales
3196 1746 3324 1790 sunt
3356 1738 3473 1792 dies
3521 1754 3623 1793 sa:-

2041 1827 2170 1891 culi,
2208 1835 2265 1880 ut
2294 1828 2608 1882 necessario
2631 1835 2996 1896 consequatur
3039 1827 3288 1882 similiter
3339 1830 3622 1898 explican-

1967 1900 2009 1954 Β
2039 1918 2167 1972 dum
2193 1932 2315 1972 esse
2346 1918 2492 1971 hunc
2524 1918 2705 1970 locum
2731 1916 2810 1968 5‘:
2831 1934 2848 1967 ι
2880 1917 3067 1970 Annos
3095 1930 3327 1974 aeternos
3352 1920 3404 1973 in
3443 1929 3623 1976 mente

2038 2009 2224 2074 habui,
2261 2017 2316 2064 et
2347 2008 2640 2062 meditatus
2669 2021 2791 2060 sum
2826 2019 2984 2062 nocte
3033 2023 3154 2061 cum
3197 2009 3362 2064 corde
3389 2026 3532 2077 meo,
3567 2022 3622 2066 et

2035 2099 2393 2162 exercitabar,
2430 2106 2483 2152 ct
2509 2097 2799 2166 scopebam
2849 2097 3100 2165 Spiritum
3134 2112 3337 2164 meum,
3369 2109 3424 2152 et
3455 2099 3564 2154 dixi
3603 2119 3616 2156 :

2035 2188 2288 2259 Nunquid
2317 2191 2369 2242 in
2399 2188 2596 2243 secula
2619 2187 2866 2257 projicict
2904 2186 3082 2241 Deus?
3119 2207 3136 2239 ι
3179 2188 3244 2242 Et
3274 2188 3528 2258 fortasse,
3559 2201 3619 2244 ut

2035 2279 2329 2333 audentius
2367 2280 2570 2342 dicam,
2611 2278 2665 2331 in
2697 2277 2893 2332 saacula
2929 2277 3142 2345 quidem
3194 2277 3458 2334 Dominus
3508 2296 3616 2334 non

2035 2371 2280 2440 projieiet
2323 2392 2335 2426 :
2366 2370 2594 2424 multum
2620 2372 2820 2439 quippe
2845 2378 2928 2423 est
2946 2369 3028 2421 vel
3060 2369 3111 2422 in
3149 2385 3319 2422 unum
3354 2371 3615 2425 sarculum

2040 2460 2332 2515 Dominum
2365 2461 2660 2529 projicere;
2685 2461 2779 2514 sed
2809 2459 2942 2512 etin
2984 2459 3212 2512 alterum
3254 2457 3483 2514 fortasse
3509 2475 3614 2515 sa!-

2035 2550 2219 2604 culum
2249 2550 2522 2618 projiciet,
2549 2564 2672 2603 cum
2695 2556 2904 2602 certum
2934 2547 3100 2600 hocce
3121 2556 3402 2616 peccatum
3439 2562 3537 2602 nec
3561 2549 3614 2603 in

2033 2642 2286 2710 praasenti
2327 2641 2528 2696 sarculo
2578 2641 2907 2705 remittatur,
2942 2655 3118 2708 neque
3151 2640 3204 2692 in
3249 2639 3446 2694 futuro.
3481 2637 3616 2706 Quis

2033 2747 2164 2803 ergo
2189 2733 2256 2786 ad
2287 2732 2557 2801 ejusmodi
2590 2731 2726 2795 dies,
2754 2746 2847 2785 sex
2873 2730 3012 2795 dies,
3030 2739 3085 2785 et
3118 2731 3407 2800 septimum
3432 2747 3616 2787 resur-

2035 2827 2293 2880 rectionis
2313 2825 2456 2880 diem
2481 2823 2680 2879 referre
2699 2823 2914 2893 poterit,
2931 2831 3123 2892 etpost
3145 2822 3380 2878 Sabbata
3394 2823 3626 2880 Neome-

2034 2917 2174 2982 nias,
2198 2916 2364 2986 699
2388 2923 2442 2970 et
2467 2915 2625 2984 primi
2655 2913 2858 2967 mensis
2885 2913 3236 2979 festivitates,
3276 2924 3332 2968 et
3353 2916 3496 2985 quod
3514 2917 3613 2971 de-

2033 3007 2178 3061 cimo
2206 3014 2401 3074 quarto
2432 3003 2637 3058 mensis
2659 3002 2745 3055 die
2766 3041 2781 3068 ,
2808 3002 3140 3071 reliquisque
3161 3016 3473 3071 azymorum
3495 3001 3612 3056 die-

2035 3097 2134 3151 bus
2159 3095 2367 3151 Pascha
2390 3093 2739 3150 celebratur?
2768 3093 3025 3162 Reliquas
3060 3093 3186 3146 item
3216 3091 3534 3146 festivitates
3557 3092 3612 3145 in

353 3197 512 3249 μενος
536 3181 790 3266 ἡμέραις,
833 3184 926 3237 καὶ
955 3184 1075 3238 ὅλον
1104 3185 1194 3237 τὸν
1225 3185 1573 3255 ἑϐδοματικὸν
1606 3186 1714 3258 (21)
1754 3189 1932 3242 ἐνιαυ-

2033 3187 2298 3256 ejusmodi
2316 3187 2507 3241 diebus
2531 3187 2646 3255 pari
2681 3185 2890 3238 ratione
2921 3185 3128 3253 fingens
3158 3183 3452 3253 quispiam,
3483 3199 3610 3238 nec-

343 3271 459 3337 τὸν,
485 3272 542 3325 ἐν
566 3265 611 3340 ᾧ
656 3277 888 3344 πτωχοῖς
916 3274 1008 3328 καὶ
1042 3275 1424 3346 προσηλύτοις,
1457 3279 1550 3330 καὶ
1579 3281 1691 3341 τοῖς
1721 3279 1930 3351 θηρίοις

345 3358 446 3430 τῆς
478 3360 580 3430 γῆς
608 3361 890 3432 χαρίζεται
911 3366 940 3417 ὁ
965 3363 1097 3427 Θεὸς
1123 3365 1249 3427 τοὺς
1274 3368 1338 3418 ἐκ
1366 3367 1638 3438 προτέρας
1657 3369 1930 3440 γεωργίας

347 3447 733 3515 ἀνατέλλοντας
786 3454 1062 3524 καρποὺς,
1117 3455 1177 3506 ἐν
1237 3455 1413 3526 καιρῷ
1465 3455 1540 3526 μὴ
1581 3461 1930 3530 γεωργουμέ-

347 3557 446 3611 νην
475 3541 606 3611 (2‘2).
636 3543 732 3606 Τίς
777 3543 832 3597 δέ
879 3545 1101 3598 δύναται
1135 3545 1404 3616 ἀναϐῆναι
1437 3547 1527 3599 ἐπὶ
1572 3548 1664 3600 τὸν
1695 3550 1928 3620 ἀριθμὸν

348 3631 457 3683 τῶν
503 3631 604 3701 τῆς
640 3632 879 3686 ἀϐύσσου
914 3637 973 3688 ἐν
1014 3638 1079 3704 τῇ
1127 3637 1672 3709 πεντηκονταετηρίδι
1709 3639 1932 3709 ἡμερῶν

349 3720 610 3791 (ἀϐύσσου
643 3725 699 3777 δὲ
729 3727 873 3795 λέγω
907 3727 996 3780 διά
1034 3727 1094 3780 τὸ
1131 3727 1295 3796 βάθος
1339 3728 1446 3781 τῶν
1479 3729 1810 3799 δογμάτων),
1845 3732 1932 3782 ἵνα

345 3830 432 3876 τις
463 3815 636 3886 ἀναϐῇ
665 3816 758 3869 καὶ
790 3817 874 3888 ἰῖδῃ
914 3818 1005 3871 τὸν
1048 3817 1410 3889 πεντηκοστὸν
1439 3820 1705 3896 ἐνιαυτὸν,
1732 3820 1824 3872 καὶ
1862 3820 1933 3874 τὰ

347 3902 408 3955 ἐν
466 3903 611 3974 αὐτῷ
661 3907 1128 3977 νενομοθετημένα
1176 3906 1560 3978 πληρούμενα;
1620 3907 1780 3960 Ἀλλά
1823 3908 1930 3979 γὰρ

345 3993 636 4064 ζητοῦντες
662 3996 762 4065 τὴν
796 3995 922 4065 μίαν
949 3997 1050 4064 τῆς
1083 3996 1409 4067 ἐκκειμένης
1449 3995 1764 4067 παραϐολῆς
1787 3998 1926 4067 ἡμέ-

347 4100 470 4154 ραν,
495 4085 590 4137 καὶ
628 4085 949 4154 νομίσαντες
971 4085 1143 4156 αὐτὴν
1174 4085 1292 4138 ὅλον
1323 4086 1414 4138 τὸν
1436 4084 1708 4139 ἐνεστῶτα
1733 4087 1925 4150 αἰῶνα,

344 4175 609 4246 ἐλάθομεν
632 4177 897 4247 ἐμϐάντες
931 4180 1010 4241 εἰς
1045 4176 1182 4249 βάθη
1217 4175 1376 4240 Θεοῦ,
1421 4176 1664 4246 δεόμενοι
1703 4195 1721 4226 ι
1762 4175 1928 4228 πνεύα

349 4283 518 4336 ματος
541 4268 634 4321 τοῦ
661 4269 836 4323 πάντα
863 4272 1211 4342 ἐρευνῶντος,
1242 4268 1335 4322 καὶ
1351 4267 1419 4320 τά
1443 4267 1581 4336 βάθη
1600 4266 1694 4320 τοῦ
1721 4267 1875 4319 Θεοῦ.
1904 4285 1922 4318 ι

359 4357 501 4426 Ἐγὼ
531 4359 575 4411 δ’
604 4355 778 4430 οἶμαι,
813 4361 916 4426 ὅτι,
946 4359 1135 4430 ῶσπερ
1174 4360 1258 4411 ἐπ’
1293 4358 1456 4427 ἐξόδῳ
1500 4357 1804 4420 συντελείας
1828 4356 1922 4409 τοῦ

343 4449 589 4503 ἐνιαυτοῦ
623 4451 838 4523 εἴρηταί
862 4469 985 4505 τινα
1009 4451 1118 4504 δεῖν
1141 4451 1404 4520 γίνεσθαι,
1438 4450 1610 4512 οὕτως
1646 4450 1806 4502 οἱονεὶ
1830 4449 1924 4501 ἐπὶ

346 4539 606 4592 πλειόνων
633 4541 846 4594 αἰώνων
877 4541 1169 4610 συντελείᾳ,
1203 4542 1310 4593 εἴτε
1343 4540 1588 4593 ἐνιαυτόν
1620 4555 1743 4592 τινα
1780 4556 1921 4610 συμ-

2038 3295 2144 3334 non
2175 3288 2229 3334 et
2256 3279 2705 3334 hebdomadicum
2739 3292 2942 3330 annum
2970 3275 3024 3329 in
3053 3291 3164 3346 quo
3207 3276 3392 3344 egenis
3423 3284 3478 3330 et
3513 3277 3613 3329 ad-

2036 3371 2210 3434 venis,
2237 3378 2291 3424 et
2330 3369 2519 3424 bestiis
2558 3379 2716 3423 terrae
2749 3367 2815 3421 ad
2856 3377 3070 3436 tempus
3104 3367 3318 3422 cultura
3369 3368 3612 3422 vacantis

2033 3476 2101 3515 ex
2127 3463 2303 3530 priore
2337 3459 2723 3530 agricolatione
2743 3458 3120 3527 provenientes
3153 3456 3358 3511 fructus
3384 3457 3612 3526 largitur

2034 3549 2200 3612 Deus,
2233 3551 2285 3604 in
2316 3550 2706 3620 cogitationum
2747 3548 3061 3614 voraginem
3098 3546 3430 3600 devolvetur.
3473 3546 3608 3612 Quis

2031 3655 2160 3694 vero
2193 3655 2481 3694 numerum
2509 3641 2743 3705 dierum,
2775 3639 2866 3706 qui
2917 3639 2969 3692 in
3003 3638 3166 3706 spatii
3212 3639 3604 3708 quinquaginta

2029 3745 2295 3785 annorum
2326 3731 2513 3800 pelago
2543 3730 2873 3794 continetur,
2907 3737 3088 3782 mente
3116 3730 3376 3797 consequi
3433 3729 3607 3784 valeat

2031 3821 2275 3892 (pelagus
2304 3821 2450 3884 dico,
2475 3829 2693 3891 propter
2718 3819 3108 3874 sententiarum
3135 3817 3552 3888 profunditatem
3561 3831 3601 3884 ),

2030 3926 2092 3970 ut
2139 3914 2648 3990 quinquagesimum
2694 3925 2937 3976 annum,
2985 3925 3214 3978 qumque
3271 3910 3322 3963 in
3371 3923 3437 3963 eo
3485 3909 3602 3966 tieJ

2028 4008 2296 4062 sancitum
2332 4012 2435 4069 est,
2481 3991 2666 4058 animo
2701 4010 2919 4056 evectus
2952 4002 3215 4070 completa
3266 4001 3604 4073 cognoscat!

2029 4093 2229 4148 Verum
2273 4093 2550 4147 enimvero
2602 4093 2731 4146 dum
2783 4106 2947 4145 unam
2992 4091 3282 4159 propositae
3334 4091 3602 4159 parabolae

2025 4187 2166 4242 diem
2195 4185 2620 4256 investigamus,
2655 4198 2883 4253 eamque
2927 4192 3096 4238 totum
3135 4183 3236 4238 hoc
3273 4198 3396 4238 esse
3426 4200 3598 4239 sset-u-

2029 4279 2142 4333 lum
2173 4293 2412 4348 praesens
2441 4277 2792 4340 arbitramur,
2823 4275 2876 4328 in
2911 4274 3002 4330 Dei
3051 4274 3444 4343 profunditates
3473 4290 3600 4327 nee-

2033 4369 2180 4440 Opini
2207 4367 2530 4436 decidimus,
2551 4383 2688 4437 opus
2720 4366 2980 4420 habentes
3010 4384 3028 4416 ι
3058 4365 3258 4434 Spiritu
3287 4365 3380 4435 qui
3413 4366 3596 4420 omnia

2030 4466 2323 4524 scrutatur,
2352 4458 2514 4512 etiam
2545 4455 2807 4526 profunda
2840 4453 2929 4509 Dei
2955 4454 3020 4508 ⁸’.
3062 4472 3080 4504 ι
3119 4452 3229 4524 Ego
3251 4469 3380 4509 vero
3405 4455 3596 4510 existi-

2031 4565 2142 4614 mo,
2175 4547 2630 4618 quemadmodum
2678 4547 2732 4600 i‘n
2785 4545 2890 4599 fine
2932 4545 3422 4600 consummationis
3466 4548 3592 4600 anni

347 4628 716 4701 πληρούντων,
747 4632 855 4685 εἴτε
884 4634 911 4686 ὃ
947 4650 999 4686 τι
1034 4632 1253 4704 δήποτε,
1290 4651 1308 4684 ι
1345 4634 1425 4696 εἰς
1456 4631 1710 4702 ἀθέτησιν
1745 4633 1924 4704 ἀμαρ-

2033 4636 2274 4704 ηιιτοιῖιιιιι
2303 4635 2614 4705 contingere
2635 4633 2829 4688 debere
2855 4632 3059 4687 dictum
3089 4641 3195 4698 est,
3225 4633 3301 4688 ita
3340 4642 3594 4702 tanquam

1546 4767 1779 4825 VETUS
1815 4767 1885 4821 IN
1891 4767 2070 4822 TERP
2080 4767 2406 4822 RETATIO.

343 4882 460 4959 fieri
491 4895 760 4959 Oportere,
793 4888 892 4954 sic,
929 4889 1077 4943 verbi
1113 4897 1306 4959 gratia,
1333 4897 1387 4943 et
1411 4889 1463 4944 in
1497 4887 1972 4959 consummatione
1997 4885 2329 4959 _sae_culorum
2361 4884 2656 4939 multorum
2686 4883 2800 4939 sive
2825 4897 3026 4937 annum
3057 4882 3293 4959 aliquem
3317 4883 3592 4959 complen-

343 4954 505 5019 tium,
527 4953 643 5011 sive
666 4958 821 5028 aliud
853 4953 1080 5028 aliquid,
1109 4953 1162 5012 i'n
1195 4959 1501 5028 abjectione
1531 4957 1736 5028 peccati
1785 4956 2037 5028 apparuit
2062 4954 2221 5028 Jesus‘
2246 4964 2446 5028 _noster
2480 4972 2493 5008 :
2526 4963 2585 5007 ut
2635 4961 2758 5028 post
2794 4953 3316 5028 consummationem
3363 4953 3593 5028 sarculo-

347 5039 490 5096 rum,
519 5027 676 5096 quasi
712 5029 839 5081 anni
870 5022 1034 5082 unius
1065 5022 1300 5092 dierum,
1331 5022 1543 5082 iterum'
1567 5027 1710 5080 aliud
1730 5022 2004 5096 succedat
2033 5024 2379 5096 principium,
2410 5033 2464 5078 et
2499 5043 2516 5075 ι
2552 5025 2800 5096 ostendat
2833 5022 2885 5076 in
2922 5023 3146 5096 smculig
3161 5025 3592 5096 supervenienti-

346 5093 456 5172 bus
483 5092 952 5172 supereminentes
980 5099 1198 5172 divitias
1234 5098 1493 5172 bonitatis
1529 5112 1641 5150 sua:
1673 5114 1692 5172 ξ
1725 5095 1779 5148 in
1810 5109 1905 5149 eos
1935 5092 2072 5162 quOs
2097 5092 2220 5172 ipse
2254 5095 2423 5157 novit,
2469 5095 2757 5172 ostendere
2800 5100 3068 5172 oportere.
3108 5092 3172 5172 Et
3207 5094 3319 5148 hinc
3367 5095 3587 5172 quidem

343 5162 586 5222 diximus
618 5177 842 5238 propter
870 5169 1014 5222 diem
1042 5170 1134 5238 qui
1172 5168 1225 5220 in
1259 5167 1514 5236 parabola
1543 5165 1859 5219 nominatur
1892 5164 2164 5233 praesenti,
2194 5179 2356 5232 quem
2386 5171 2562 5233 potest
2585 5163 2708 5232 quis
2734 5162 3057 5216 conﬁrmare
3081 5164 3243 5216 etiam
3270 5179 3336 5216 ex
3363 5162 3592 5217 Joannis

416 5279 460 5310 "
504 5278 724 5335 Denter.
779 5294 954 5344 χχιιι,
1006 5279 1059 5333 7.
1137 5279 1183 5312 “
1223 5277 1370 5332 Psal.
1403 5292 1588 5339 um,
1623 5275 1678 5340 6,
1719 5275 1770 5339 7,
1801 5275 1856 5328 8.
1933 5275 1978 5304 ⁸⁷
2019 5273 2194 5328 lCor.
2230 5290 2288 5336 ιι,
2319 5275 2408 5330 10.

415 5369 674 5485 (1'7)IKai
709 5371 818 5440 ὅρα
842 5375 894 5426 εἰ
920 5371 1222 5442 δυνάμεθα
1253 5369 1359 5423 τὸν
1386 5368 1554 5435 ὅλον,
1590 5377 1694 5423 etc.
1737 5365 1917 5422 Theo-

421 5458 447 5485 \'
474 5457 643 5485 anim,

2033 5361 2166 5484 ᾗμήν
2208 5366 2492 5435 abjiciunt,
2535 5379 2658 5434 qua:
2707 5364 2952 5434 sequitur
2999 5379 3211 5432 vocem,
3261 5366 3583 5438 ἐμελέτησα.

2070 5449 2280 5485 υετιυε.

342 5441 648 5511 phylactus.
1076 5441 1081 5442 ⁷
1242 5507 1268 5520 _

415 5512 526 5585 (ξξ)
565 5511 746 5585 Codex
784 5511 1005 5585 Regius,
1037 5527 1330 5585 γεννητῶν.
1403 5577 1415 5585 _
1461 5577 1474 5585 _
1574 5576 1622 5585 Α,

2399 5503 2528 5569 ταῖς
2574 5502 2737 5570 ἑξῆς.
2796 5503 2958 5558 Forte
3017 5503 3302 5573 legendum
3353 5505 3448 5560 καὶ
3491 5507 3586 5570 τὶς

448 5513 505 5564 ³8
565 5513 746 5566 Codex
784 5513 1005 5582 Regius,
1037 5513 1330 5580 γεννητῶν.
2081 5513 2162 5585 μί

415 5513 526 5688 ξίθῖ
729 5580 1296 5688 μιάνιξλςμνιδσένηνί
1321 5577 1420 5688 ξε
1449 5576 1912 5688 terra:
2017 5572 2162 5688 δειλέ]

341 5643 482 5715 κτὰς
502 5643 652 5719 μετὰ
683 5643 791 5719 ⁴ἑῆς
828 5643 1231 5722 καρδίας,ἐῑεξ
1271 5649 1433 5703 LXX.
1477 5643 1691 5716 psalin.’
1725 5663 1908 5709 Lxxrl,

341 5722 567 5772 ϐεἝτη
619 5720 811 5772 αἰώνια
861 5723 1155 5772 ἐμνήσθην.
1211 5721 1306 5772 καὶ
1349 5717 1676 5772 ἐμελέτησα·
1720 5716 1910 5772 νυκτὸς

2089 5643 2200 5711 (21)
2251 5643 2691 5712 Ἐϐδοματικόν.
2734 5643 2874 5716 Lege
2900 5643 3270 5716 ἐϐδομαδικὸν.

2087 5714 2200 5772 (22)
2239 5715 2722 5772 Γεωργουιιένην.
2774 5715 3078 5772 ιοιιριιιίιιιιι
3129 5714 3272 5771 forte
3317 5733 3381 5772 γε

339 5714 568 5801 ϐεἝτη
619 5714 811 5774 αἰώνιά
861 5714 1155 5793 ἐμνήσθην,
1211 5721 1306 5772 καὶ
1349 5714 1676 5788 ἐμελέτησα·
1720 5716 1910 5779 νυκτὸς

342 5790 477 5858 μετά
505 5808 602 5860 της
634 5791 858 5862 καρδίας
905 5809 1006 5861 μου
1036 5790 1375 5861 ἡδολέσχουν.
1426 5790 1494 5842 At
1527 5787 1767 5856 Vulgata:
1799 5803 1910 5839 στι-

2087 5714 2200 5785 (22)
2239 5718 2289 5768 Γ
2290 5715 2722 5784 εωργουμένην.
2774 5714 3078 5787 Legendutn
3129 5714 3272 5771 forte
3317 5731 3585 5789 γεωργου-

2033 5787 2208 5856 ιένης,
2245 5800 2435 5855 nempe
2459 5784 2583 5856 γῆς.
