4032 6308
409 370 539 429 1551

1876 356 2203 416 ὒιιιοΕΝιε
2296 384 2299 387 ·

3527 351 3674 411 135!

408 506 569 553 ueam
617 485 881 556 assumpti
916 492 1064 540 sunt.
1111 484 1182 536 At
1220 489 1554 551 postremum
1590 479 1807 549 aliquod
1840 494 1979 549 opus

2104 474 2402 547 ιμπελῶνα.
2436 474 2655 528 Ἐλειπε
2687 473 2743 528 δέ
2778 491 2825 527 τι
2860 470 3169 529 τελευταῖον
3198 471 3357 546 ἔργον
3383 470 3461 543 τῷ
3494 472 3674 543 ἀμπε-

410 584 583 636 vineaa
606 579 813 638 deerat,
842 571 988 643 quod
1026 585 1223 625 novam
1254 579 1302 623 et
1344 579 1613 624 recentem
1646 569 1984 623 vocationem

410 674 584 727 vineae
612 666 882 723 defectum
902 662 1222 732 tempestive
1249 669 1303 714 et
1331 658 1619 714 confestim
1653 668 1985 713 resarturam

411 756 797 821 desiderabat;
845 754 897 808 id
949 759 1133 807 autem
1167 759 1285 804 erat
1325 748 1470 819 quod
1516 750 1569 804 in
1613 747 1759 802 Novo
1802 746 1996 802 Testa-

413 861 596 908 mento
626 847 957 902 continetur.
995 842 1323 912 Equalibus
1369 856 1500 895 sane
1547 840 1848 894 intervallis
1877 840 1990 893 dis-

411 952 532 997 tant
555 939 650 1010 qui
677 936 820 992 circa
855 934 1093 996 tertiam,
1128 940 1184 985 et
1214 939 1446 995 sextam,
1477 939 1532 984 et
1561 944 1761 984 nonam
1799 929 1987 981 horam

414 1036 632 1091 fuerant
656 1029 852 1094 acciti;
886 1027 1025 1080 idem
1052 1033 1230 1079 autem
1257 1037 1457 1075 nonam
1489 1020 1691 1092 Moysis
1717 1021 1906 1073 horam
1937 1028 1993 1073 et

415 1124 759 1181 undecimam
805 1119 1072 1173 adventus
1119 1113 1325 1168 Christi
1358 1113 1410 1167 in
1447 1128 1613 1166 carne
1648 1111 1991 1165 intervallum

414 1215 694 1289 dispescit,
727 1211 877 1283 quod
928 1208 1141 1264 initium
1176 1208 1317 1262 inter
1349 1215 1405 1260 et
1435 1205 1649 1259 tertiam
1688 1205 1877 1257 horam
1910 1204 1994 1257 in-

416 1309 684 1365 tercessit.
718 1306 857 1362 Cum
887 1304 957 1359 iis
988 1310 1169 1357 autem
1201 1300 1297 1370 qui
1332 1298 1511 1368 primo
1536 1311 1699 1351 mane
1726 1294 1994 1365 assumpti

416 1403 579 1476 702
625 1409 785 1464 sunt,
838 1397 1064 1451 denario
1109 1400 1303 1463 pactus
1345 1399 1431 1444 est
1471 1386 1900 1459 paterfamilias;
1950 1386 1997 1442 is

420 1511 569 1557 vero,
609 1491 824 1562 opinor,
869 1487 1061 1544 salutis
1099 1493 1183 1539 est
1222 1497 1504 1545 nummus,
1550 1481 1715 1535 modo
1762 1494 1884 1548 quze
1929 1478 1995 1531 ad

419 1586 646 1657 gloriam
683 1580 974 1651 pertinent,
1022 1590 1131 1630 una
1187 1589 1298 1628 non
1353 1571 1754 1640 complectare;
1805 1567 1998 1623 salutis

418 1676 567 1730 (nim
609 1685 806 1727 nomen
837 1666 1096 1723 denarius
1141 1680 1264 1719 esse
1304 1662 1576 1717 videbitur
1603 1681 1616 1716 :
1644 1662 1789 1731 quod
1815 1669 1996 1714 autem

2086 566 2237 628 λῶνι,
2270 566 2408 635 ὅπερ
2435 562 2632 635 ἔχρῃζε
2680 565 2880 633 νεαρᾶς
2914 562 3157 632 κλήσεως
3192 561 3286 613 καὶ
3320 558 3532 628 καινῆς,
3569 561 3674 613 ἀγ·

2094 656 2266 727 μαίως
2289 657 2382 709 καὶ
2415 654 2625 725 ἀθρόως
2647 656 2703 707 ὲν
2729 654 2924 724 βραχεῖ
2961 653 3024 705 τὸ
3069 654 3252 706 λεῖπον
3285 654 3344 705 ὲν
3385 650 3463 721 τῷ
3493 652 3675 721 ἀμπε-

2089 747 2217 800 λῶνι
2239 746 2632 818 ἐργαζομένης·
2666 745 2825 798 τοῦτο
2868 742 2923 796 δὲ
2949 737 3017 811 ἧν
3037 743 3094 796 τὸ
3120 742 3221 813 τῆς
3248 742 3455 812 Καινῆς
3478 742 3676 814 Διαοή-

2090 856 2214 908 κης.
2252 840 2372 891 Ἴσα
2399 838 2496 908 μὲν
2522 831 2615 889 οὖν
2644 836 2987 907 διαστήματα
3020 835 3126 889 τῶν
3163 835 3293 906 περὶ
3334 836 3545 905 τρίτην,
3579 836 3678 886 καὶ

2090 930 2278 1001 ἕκτην,
2318 930 2412 982 καὶ
2457 927 2684 998 ἐννάτην
2729 926 3057 997 κληθέντων
3087 925 3349 993 ἀνάλογον
3374 925 3430 978 δὲ
3466 925 3542 995 τῷ
3570 923 3682 978 ἀπὸ

2090 1021 2192 1091 τῆς
2213 1020 2389 1091 ἀρχῆς
2418 1018 2509 1070 ἐπὶ
2533 1018 2630 1087 τὴν
2656 1016 2847 1087 τρίτην
2882 1014 3052 1088 ὤραν,
3087 1016 3148 1068 τὸ
3180 1016 3288 1068 ἀπὸ
3326 1015 3422 1084 τῆς
3453 1016 3677 1082 ὲννάτης

2093 1114 2226 1167 Μωῡ
2236 1111 2370 1173 σέως
2401 1109 2549 1181 ὧρας
2569 1109 2662 1160 ἐπὶ
2687 1108 2786 1179 τὴν
2808 1107 3099 1177 ἑνδεκάτην
3117 1106 3215 1177 τῆς
3231 1104 3466 1178 Χριστοῦ
3502 1103 3677 1174 Ἰησοῦ

2094 1203 2153 1255 ὲν
2186 1201 2350 1273 σαρκὶ
2375 1199 2689 1271 ἐπιδημίας.
2719 1196 3125 1269 Συμπεφὼνηκε
3146 1198 3203 1251 δὲ
3233 1201 3262 1251 ὁ
3295 1196 3677 1267 οἰκοδεσπότης

2094 1294 2207 1355 τοῖς
2232 1292 2348 1363 ἅμα
2369 1295 2435 1362 τῇ
2465 1291 2539 1362 ἒῳ
2563 1290 2964 1361 παραληφθεῑσι
3003 1290 3278 1361 δηνάριον·
3311 1287 3471 1342 τοῦτο
3499 1287 3567 1353 δ’,
3597 1287 3675 1341 οἷο

2101 1401 2220 1456 μαι,
2255 1384 2371 1436 ἔστι
2409 1382 2519 1453 ('50)
2545 1383 2606 1435 τὸ
2636 1382 2736 1452 τῆς
2771 1379 3042 1451 σωτηρίας
3081 1381 3338 1451 νόμισμα,
3375 1380 3436 1433 ού
3468 1377 3677 1444 συνεξεο

2096 1474 2409 1545 ταζομένων
2442 1475 2582 1544 αὐτῇ
2625 1472 2732 1527 τῶν
2762 1471 2902 1525 κατὰ
2931 1472 3027 1543 τὴν
3056 1471 3231 1538 δόξαν·
3268 1469 3540 1541 σωτηρίας
3570 1468 3680 1542 γὰρ

2097 1567 2288 1638 ὄνομα,
2316 1562 2490 1637 οἶμαι,
2522 1567 2584 1619 τὸ
2605 1566 2859 1638 δηνάριον
2889 1564 3047 1628 δόξει·
3073 1565 3102 1618 ὂ
3134 1564 3192 1618 δὲ
3226 1564 3287 1617 τδ
3324 1564 3467 1638 ὑπὲρ
3497 1563 3558 1616 τὸ
3587 1562 3681 1632 δη-

2098 1661 2304 1733 νάριον,
2338 1661 2393 1712 εἴ
2428 1676 2530 1712 που
2575 1657 2874 1729 ὀνομασθῇ,
2916 1657 3227 1728 νομίσματα
3256 1654 3351 1709 τοῦ
3374 1653 3683 1707 πενταπλα-

421 1782 587 1838 supra
637 1764 923 1820 denarium
972 1769 1075 1824 est,
1131 1758 1170 1813 ii
1223 1766 1354 1812 sunt
1397 1756 1517 1826 ejus
1557 1756 1787 1821 nummi,
1825 1754 1999 1808 sicubi

2104 1752 2389 1816 σιάσαντος
2450 1750 2551 1821 τὴν
2611 1748 2907 1820 δεδομένην
2974 1749 3111 1818 μνᾶν
3136 1786 3151 1809 ,
3207 1747 3240 1817 ἢ
3314 1744 3678 1799 δεκαπλασιά-

422 1824 629 1912 mentio
675 1868 864 1908 eorum
912 1850 1055 1905 facta
1088 1857 1191 1912 est,
1223 1848 1320 1917 qui
1354 1824 1555 1900 minam
1591 1845 1692 1901 sibi
1743 1844 1996 1899 traditam

2104 1860 2291 1908 σαντος
2329 1883 2343 1896 .

423 1947 736 2020 quinquies,
774 1943 858 1997 vel
895 1941 1077 1997 decies
1110 1938 1508 2008 multiplicavit.
1546 1939 1616 1992 At
1655 1938 1747 2007 qui
1794 1937 1999 1992 accitos

423 2035 571 2087 circa
623 2032 838 2085 tertiam
898 2028 1086 2082 horam
1147 2026 1232 2080 his
1287 2025 1470 2081 verbis
1533 2026 1825 2095 compellat
1878 2026 1925 2057 "
1981 2041 1997 2080 ε

429 2141 453 2173 ι
506 2119 662 2187 Quod
698 2118 910 2189 justum
953 2115 1138 2180 fuerit,
1173 2114 1319 2169 dabo
1364 2114 1542 2180 vobis,
1589 2133 1607 2165 ι
1650 2115 1819 2168 tertiae
1853 2114 2003 2167 hora:

383 2264 390 2270 .
424 2210 706 2281 operarius
728 2208 1055 2262 adhortatus
1081 2217 1187 2271 est,
1215 2213 1277 2259 ut
1304 2205 1475 2260 labori
1505 2206 1633 2259 totis
1664 2204 1874 2259 viribus
1914 2205 2003 2258 in-

426 2301 765 2366 cumberent,
792 2313 1004 2368 aequam
1044 2306 1226 2352 autem
1276 2296 1469 2351 effecto
1512 2295 1661 2364 operi
1697 2296 2001 2351 mercedem

425 2393 532 2448 sibi
564 2390 988 2461 dispensandam
1025 2388 1261 2445 servavit
1285 2405 1300 2442 :
1322 2394 1375 2443 et
1396 2385 1655 2456 quoniam
1679 2401 1806 2455 erga
1838 2394 2005 2441 sexta:

424 2494 484 2538 et
531 2497 691 2537 nona:
742 2481 893 2536 hora
940 2480 1224 2549 operarios
1277 2477 1532 2533 similiter
1584 2491 1644 2531 se
1688 2476 1878 2547 gessit,
1919 2476 2007 2533 his

420 2574 590 2628 etiam
624 2573 831 2627 dixisse
875 2570 1044 2640 liquet
1075 2587 1089 2623 :
1138 2587 1158 2620 ι
1193 2567 1348 2634 Quod
1392 2566 1604 2637 justum
1646 2564 1829 2631 fuerit,
1863 2566 2006 2621 dabo

426 2666 604 2722 vobis.
648 2685 668 2719 ο
704 2665 863 2720 Certe
894 2665 988 2735 qui
1028 2664 1198 2718 robur
1225 2671 1280 2716 et
1311 2661 1634 2717 industriam
1665 2661 1732 2714 ad
1761 2676 1901 2731 opus
1928 2659 2009 2715 fa-

428 2759 709 2824 ciendum,
734 2758 973 2812 breviori
1003 2757 1132 2810 licet
1154 2764 1418 2824 tempore,
1441 2756 1769 2808 contendere
1795 2754 2005 2819 volunt,

430 2850 770 2907 tantumdem
812 2848 866 2902 in
896 2848 1053 2901 vinea
1086 2847 1269 2916 operis
1308 2845 1504 2900 fecisse
1548 2854 1798 2915 possunt,
1831 2861 2007 2914 quan-

434 2950 548 2993 tum
577 2940 670 3009 qui
706 2940 882 3009 ptimo
919 2954 1080 2992 mane
1127 2937 1341 2991 fuerant
1386 2936 1688 3001 convocati,
1713 2936 1809 2990 sed
1837 2937 2007 2991 labon'

432 3047 500 3086 ac
529 3047 708 3103 opera:
742 3038 1116 3100 pepercerant,
1158 3029 1306 3098 quod
1342 3028 1410 3082 iis
1451 3029 1709 3082 nimirum
1743 3028 2011 3099 contingit

432 3124 528 3194 qui
555 3137 772 3177 summo
800 3135 961 3175 mane
982 3119 1140 3173 acciti
1165 3126 1316 3173 sunt.
1350 3116 1549 3172 Verum
1581 3106 1787 3186 quaeret
1808 3118 2008 3189 aliquis

433 3212 712 3284 quomodo
753 3226 862 3266 non
910 3209 1105 3265 otiosis
1151 3208 1513 3273 solummodo,
1541 3210 1637 3263 sed
1670 3217 1722 3263 et
1754 3209 1847 3279 qui
1892 3220 2007 3265 toto

434 3305 524 3359 die
557 3302 827 3366 steterint,
862 3301 965 3355 hoc
1001 3308 1086 3355 est
1117 3308 1231 3354 toto
1268 3308 1395 3353 ante
1423 3298 1766 3354 undecimam
1813 3299 2002 3354 horam

434 3407 701 3467 tempore,
737 3408 990 3464 egressus
1037 3393 1182 3447 circa
1230 3391 1572 3446 undecimam
1605 3391 1795 3445 horam
1829 3402 2005 3461 pater-

436 3490 673 3545 familias
744 3487 944 3542 dixerit
1013 3487 1057 3519 "
1134 3504 1151 3541 :
1227 3506 1247 3537 ι
1317 3484 1457 3552 Quid
1524 3486 1612 3541 hic
1665 3488 1822 3541 statis
1894 3493 2004 3541 tota

436 3582 525 3636 die
574 3580 778 3635 otiosi?
822 3597 842 3631 ι
895 3577 1009 3648 Ego
1052 3592 1182 3632 vero
1235 3577 1569 3633 reconditam
1615 3576 1683 3631 de
1726 3578 1908 3631 anima
1955 3587 2011 3631 et

2400 1844 2458 1896 '0
2495 1842 2553 1895 δὲ
2583 1841 2756 1909 λέγων
2801 1843 2912 1903 τοῖς
2934 1840 3061 1911 περὶ
3099 1839 3198 1910 τὴν
3245 1838 3435 1908 τρίτην
3503 1852 3684 1907 παρα-

2102 1935 2401 2005 ληφθεῖσιν·
2430 1954 2448 1985 ι
2488 1935 2553 1988 Ὃ
2583 1933 2678 1986 ἐὰν
2758 1930 2985 1994 δίκαιον,
3006 1929 3161 1983 δώσω
3192 1932 3339 1999 ύμῖν,
3376 1948 3394 1979 ι
3428 1926 3686 1999 προετρέ-

2100 2028 2242 2098 ψατο
2278 2027 2375 2097 μὲν
2403 2027 2530 2089 τοὺς
2556 2026 2654 2096 τῆς
2689 2025 2880 2098 τρίτης
2913 2022 3062 2094 ὥρας
3092 2022 3329 2093 ἐργάτας
3363 2021 3457 2073 ἐπὶ
3483 2018 3546 2072 τὸ
3576 2020 3688 2071 πᾶν

2100 2118 2131 2171 δ
2160 2117 2214 2171 τί
2253 2134 2384 2169 ποτε
2425 2114 2681 2169 δύνανται
2714 2113 3071 2185 ὲργάσασθαν
3107 2110 3284 2181 ἐαυτῷ
3328 2111 3385 2164 δὲ
3419 2111 3688 2182 τετήρηκε

2101 2210 2164 2263 τὸ
2188 2211 2371 2281 κρῖναι
2394 2207 2485 2261 τὸν
2502 2207 2712 2260 δίκαιον
2738 2206 2875 2278 πρὸς
2891 2205 2953 2257 τὸ
2970 2204 3261 2275 γενόμενον
3287 2202 3447 2274 ἔργον
3474 2201 3688 2273 μισθόν*

2103 2300 2227 2354 ἐπεὶ
2268 2299 2325 2352 δὲ
2370 2298 2633 2362 ὡσαύτως
2670 2296 2892 2368 ἐποίησε
2936 2299 3051 2359 τοῖς
3104 2295 3233 2366 περ)⁸
3262 2293 3363 2365 την
3394 2294 3557 2364 ἕκτην
3595 2294 3691 2348 καὶ

2106 2391 2334 2462 ὲννάτην
2364 2389 2536 2461 ὥραν,
2575 2387 2816 2461 δηλονότι
2848 2387 2943 2442 καὶ
2985 2387 3171 2450 αὐτοῖς
3211 2383 3383 2439 εἶπεν
3428 2405 3446 2437 ι
3491 2383 3559 2439 Ὀ
3591 2384 3691 2439 ἐὰν

2104 2480 2139 2558 ᾗ
2174 2484 2405 2547 δίκαιον,
2449 2481 2606 2536 δώσω
2650 2482 2798 2553 ὑμῖν.
2840 2499 2861 2532 ι
2899 2480 3011 2534 Καὶ
3052 2478 3303 2534 δύνανταί
3337 2495 3401 2549 γε
3438 2477 3598 2550 ἔργον
3630 2478 3692 2530 ὲν

2105 2574 2184 2646 τῷ
2218 2573 2498 2645 ἀμπελῶνι
2532 2573 2641 2644 (3i)
2674 2572 3031 2644 πεποιηκέναι
3052 2574 3164 2635 τοῖς
3192 2572 3309 2641 ἅμα
3340 2572 3405 2641 τῇ
3430 2570 3506 2640 ἓῳ
3530 2571 3695 2641 ἔργα·

2109 2666 2362 2737 σαμένοις
2382 2666 2430 2718 οἱ
2450 2665 2509 2717 ὲν
2529 2664 2753 2733 ὀλιγωτέ
2760 2681 2839 2735 ρῳ
2862 2664 3038 2736 χρόνῳ
3065 2662 3350 2716 ἐπιτείνειν
3380 2660 3696 2732 βουλόμενα

2106 2759 2207 2833 τὴν
2246 2759 2327 2822 είς
2365 2758 2428 2812 τὸ
2485 2758 2643 2829 ἔργον
2677 2757 2904 2827 δύναμιν
2949 2756 3044 2809 καὶ
3081 2754 3380 2826 ἐνέργειαν,
3408 2754 3694 2824 ούπροκα-

2113 2850 2323 2922 μοῦσιν,
2356 2851 2494 2921 ὅπερ
2524 2849 2839 2921 συμϐέϐηκε
2883 2851 2995 2912 τοῖς
3052 2846 3168 2919 ἃμα
3204 2848 3270 2917 τῇ
3302 2846 3378 2916 ἕῳ
3420 2844 3697 2917 κεκλημέ-

2108 2958 2240 3007 νοις.
2286 2940 2446 2994 Ἀλλὰ
2482 2940 2715 3013 ζητήσαι
2744 2957 2829 3004 τις
2860 2939 2980 3003 πῶς
3010 2939 3073 2992 οὐ
3110 2938 3268 3010 μόνον
3297 2939 3485 3008 ἀργοῖς
3520 2938 3694 3009 ὑπάρ-

2109 3050 2317 3105 χουσιν,
2351 3032 2489 3086 ἀλλὰ
2520 3033 2614 3086 καὶ
2648 3032 2933 3104 ὲστηκόσιν
2959 3032 3090 3103 ὅλην
3120 3030 3222 3102 τὴν
3250 3031 3474 3103 ἡμέραν,
3503 3029 3688 3083 τουτέ-

2114 3142 2197 3178 στι
2230 3124 2381 3196 παρά
2409 3124 2587 3178 πάντα
2617 3124 2709 3177 τὸν
2737 3124 2843 3196 πρὸ
2873 3125 2972 3195 τῆς
2989 3123 3283 3196 ἑνδεκάτης
3301 3123 3443 3195 ὥρας
3473 3120 3690 3192 καιρὸν,

2113 3216 2278 3287 φησὶν
2324 3218 2353 3270 ὁ
2389 3214 2774 3285 οἰκοδεσπότης
2810 3213 3042 3280 ἐξελθὼν
3091 3214 3221 3287 περὶ
3265 3215 3363 3285 τὴν
3405 3212 3695 3281 ἑνδεκάτην

2113 3304 2282 3376 ὥραν·
2322 3322 2342 3355 ι
2394 3304 2460 3357 Τί
2503 3298 2606 3357 ὧδε
2640 3305 2906 3375 ἑστήκατε
2947 3302 3077 3374 ὅλην
3107 3304 3206 3374 τὴν
3241 3304 3450 3374 ἡμέραν
3498 3302 3685 3374 ἀργοῖς

2127 3397 2268 3467 Ἐγὼ
2295 3397 2352 3451 δὲ
2374 3398 2586 3451 ὑπονοῶ
2613 3398 2702 3450 τὸν
2724 3398 2850 3471 περὶ
2869 3397 2980 3468 (52)
3002 3398 3179 3468 ψυχῆς
3197 3393 3507 3467 ἀπόρρητον
3525 3395 3619 3447 καὶ
3636 3395 3695 3445 ὲν

2114 3487 2323 3552 τούτοις
2354 3487 2659 3559 κεκρύφθαι
2698 3487 2874 3557 λόγον,
2921 3489 3007 3541 ὅτε
3043 3488 3245 3558 ἤργουν
3280 3484 3408 3555 ὃλην
3432 3484 3528 3554 τὴν
3560 3481 3696 3553 ἡμέτ-

2119 3597 2220 3652 ραν
2269 3580 2431 3654 μέχρι
2472 3580 2575 3650 τῆς
2622 3579 2912 3650 ἑνδεκάτης
2951 3579 3120 3651 ὥρας·
3168 3577 3410 3640 θέλοντες
3446 3574 3545 3647 μὲν
3578 3574 3693 3634 (ὄὸὶ

1638 3687 1874 3743 VETUS
1914 3688 2500 3747 INTERPRE'I'ATIO.

436 3781 541 3861 fuit
563 3780 655 3861 nini
677 3779 872 3861 diebus
901 3776 1034 3861 Noe,
1077 3778 1298 3861 quando
1341 3785 1726 3859 testamentum
1748 3777 2027 3861 disposuit
2054 3781 2127 3835 ei.
2160 3785 2237 3836 Ita
2281 3782 2465 3861 decem
2495 3783 2876 3861 generationes
2897 3800 2927 3839 a
2957 3781 3078 3861 ΔΝρο
3099 3797 3273 3861 usque
3303 3779 3369 3861 ad
3396 3779 3690 3861 Abraham,

434 3853 529 3922 qui
561 3850 662 3922 fuit
688 3848 1279 3922 principiumalterius
1310 3848 1492 3922 operis
1520 3848 2013 3922 eminen_tioris,_et
2035 3861 2153 3905 erat
2180 3852 2470 3921 operarius
2499 3848 2669 3906 vincte
2705 3864 2835 3908 ttuic
2863 3856 3129 3922 incipiens
3160 3848 3454 3913 A'braham,
3489 3857 3544 3922 et
3572 3861 3695 3917 pust.

433 3918 562 3998 cum
582 3918 824 3998 Moyses,
862 3927 916 3971 et
951 3919 1044 3998 qui
1079 3921 1301 3972 fuerunt
1329 3933 1453 3998 cum
1480 3918 1599 3998 ipso
1621 3918 1675 3971 in
1701 3919 1882 3998 vinea.
1921 3918 2114 3998 Deerat
2146 3918 2324 3976 autem
2363 3923 2532 3976 vinea:
2553 3922 2772 3998 aliquod
2802 3918 3155 3998 noviss'inuzm
3184 3937 3359 3997 opus”
3379 3919 3522 3998 quod
3553 3934 3696 3998 opus

440 3984 838 4061 habebat'nova
870 3984 1171 4061 vocatione,
1204 4003 1327 4056 qua:
1351 3984 1542 4061 deerat
1577 3987 1631 4039 in
1662 3987 1820 4061 vinea
1855 3988 2090 4044 breviter
2117 4001 2398 4059 operante,
2426 3992 2569 4061 quod
2598 3984 2681 4045 est
2720 4002 2858 4057 opus
2879 3988 3008 4061 Novi
3033 3984 3692 4061 'I‘estamenti.'Cogmivi-

440 4074 564 4114 mus
591 4075 650 4112 er
688 4075 720 4109 o
752 4058 1095 4113 intervallum
1122 4067 1468 4117 vocatorum,
1495 4057 1639 4110 circa
1672 4058 1907 4125 tertiam,
1941 4069 1996 4113 et
2027 4057 2260 4126 sextam,
2292 4071 2347 4114 et
2381 4057 2612 4123 nonam,
2641 4070 2696 4114 et
2732 4059 3097 4120 undecimam,
3131 4062 3183 4110 in
3218 4073 3325 4127 qua
3357 4057 3565 4111 tantum
3594 4059 3698 4113 fuit

440 4075 781 4181 intervaFlum
814 4144 844 4181 a
877 4143 1023 4181 nona
1062 4126 1232 4181 Movsi
1264 4130 1397 4181 hora
1429 4141 1603 4181 usuue
1635 4127 1703 4181 ad
1739 4128 2105 4181 undecimam.
2137 4132 2190 4181 in
2220 4147 2329 4181 mm
2358 4141 2441 4181 est
2468 4132 2729 4181 adventus
2760 4130 2960 4181 Christi
2993 4128 3251 4181 carnalis.
3286 4137 3551 4181 quantum
3592 4127 3696 4181 fuit

438 4126 784 4200 intervallum
814 4144 844 4182 a
877 4143 1023 4181 nona
1062 4126 1232 4200 Moysi
1264 4130 1397 4200 hora
1429 4141 1603 4200 usque
1635 4127 1703 4200 ad
1739 4128 2105 4200 undecimam,
2137 4132 2190 4185 in
2220 4147 2329 4200 qua
2358 4141 2441 4185 est
2468 4132 2729 4185 adventus
2760 4130 2960 4183 Clu-isti
2993 4126 3251 4191 carnalis,
3285 4137 3551 4200 quantum
3592 4127 3696 4182 fuit

440 4216 483 4277 a_
506 4199 677 4277 prima
712 4197 1188 4277 Adamiusqueiad
1232 4198 1449 4277 tertiam
1491 4198 1622 4250 Noe.
1653 4197 1918 4277 Cunvenit
1954 4209 2133 4277 autem
2170 4197 2558 4277 paterfamilias
2585 4201 2679 4269 qui
2712 4215 2888 4269 pruno
2926 4214 3086 4277 mane
3120 4198 3297 4277 vocati
3328 4197 3687 4277 ἐμοι-,ἀεικι-

443 4266 603 4323 rium.
633 4266 790 4322 Hunc
814 4275 994 4321 autem
1028 4275 1158 4336 puto
1180 4266 1477 4338 novissima
1501 4281 1623 4321 esse
1652 4268 1868 4338 salutis,
1898 4286 2005 4323 non
2032 4266 2195 4325 simul
2221 4271 2435 4325 collatis
2463 4272 2545 4326 eis
2570 4266 2689 4338 quae
2714 4266 2845 4323 sunt
2873 4268 3170 4323 εειειιιιὼιηι
3206 4269 3455 4336 gloriam.
3487 4268 3690 4321 Salutis

438 4338 582 4391 enim
615 4337 852 4408 arbitror
875 4351 1070 4408 nomen
1096 4351 1226 4408 esse
1252 4336 1537 4408 denarium
1568 4354 1582 4390 :
1616 4337 1801 4408 gloriae
1822 4348 2013 4408 autem
2042 4355 2165 4408 qua:
2196 4349 2323 4395 sunt
2350 4356 2514 4408 super
2542 4336 2846 4394 denarium.
2880 4339 2971 4393 Sic
3004 4338 3203 4408 alicubi
3238 4340 3516 4392 nominata
3538 4347 3691 4408 sunt

438 4408 767 4479 numismata
791 4407 930 4479 ejus,
961 4406 1053 4474 qui
1076 4405 1257 4458 datam
1293 4406 1395 4479 sibi
1417 4420 1607 4479 mnam
1639 4405 2076 4479 ampliﬁcavitjti
2100 4411 2343 4479 quinque
2384 4405 2559 4472 uiuas,
2597 4410 2677 4463 vel
2721 4411 2773 4461 in
2804 4408 3011 4463 decem.
3042 4407 3181 4473 Quid
3222 4407 3574 4479 autemidieit
3604 4408 3690 4479 his

440 4478 533 4555 qui
567 4478 711 4555 circa
762 4477 974 4529 tertiam
1018 4475 1437 4555 erantjocati?
1474 4495 1490 4524 ι
1532 4475 1704 4555 Quod
1729 4478 1938 4544 justum
1993 4475 2349 4555 fuerit,_dalto
2403 4481 2576 4555 vobis.
2616 4499 2635 4531 ι
2672 4478 2922 4555 Invitavit
2964 4479 3181 4555 quidrm
3213 4477 3495 4555 operarios
3525 4477 3688 4555 t_erti:_£

444 4548 591 4601 hora:
618 4547 684 4600 ad
721 4555 891 4598 totum
926 4562 939 4597 :
981 4545 1245 4667 quidquid
1277 4553 1458 4599 autem
1497 4546 1773 4614 potuerint
1818 4549 2054 4615 operari,
2082 4549 2348 4616 judicium
2384 4550 2487 4602 sibi
2520 4549 2815 4603 reservavit
2842 4551 3141 4603 secundum
3174 4562 3312 4615 opus
3345 4546 3492 4615 quod
3532 4546 3693 4601 fuerit

444 4616 665 4667 laetum.
697 4625 757 4667 ut
787 4616 983 4667 iustam
1019 4614 1109 4667 red
1152 4622 1206 4667 at
1235 4616 1562 4667 mercedem.
1594 4614 1867 4667 Ouoniam
1900 4626 2080 4667 autem
2114 4619 2364 4667 similiter
2394 4618 2520 4667 fecit
2550 4620 2714 4667 etiam
2744 4619 2824 4667 eis
2854 4619 2947 4667 nui
2978 4618 3122 4667 circa
3149 4627 3379 4667 sextam-
3410 4625 3465 4667 et
3496 4632 3691 4667 nonam

442 4616 665 4680 iactum,
697 4625 757 4669 ut
780 4616 983 4686 justam
1019 4614 1206 4667 reddat
1235 4616 1562 4669 mercedem.
1594 4614 1868 4686 Quoniam
1900 4614 2095 4670 autem
2114 4619 2364 4672 similiter
2394 4618 2520 4672 fecit
2550 4620 2714 4672 etiam
2744 4619 2824 4672 eis
2854 4619 2947 4686 qui
2978 4618 3122 4671 circa
3149 4614 3379 4686 sciitam,
3410 4625 3465 4671 et
3496 4632 3691 4677 nonam

449 4693 739 4765 venerunt,
782 4681 1133 4765 manifestum
1166 4693 1252 4765 est
1279 4686 1548 4765 quoniam
1570 4695 1625 4738 et
1669 4684 1805 4754 ipsis
1835 4686 1973 4740 dixit
2009 4705 2020 4740 :
2056 4705 2074 4738 ι
2117 4686 2288 4765 Quod
2316 4688 2478 4765 fuerit
2503 4690 2733 4765 justum,
2767 4681 2908 4741 dabo
2937 4688 3112 4765 vobis.
3154 4706 3172 4738 ι
3216 4681 3482 4765 Poterant
3510 4696 3690 4741 autem

440 4755 650 4823 aequale
690 4769 829 4824 Opus
859 4754 1034 4828 facere
1065 4754 1118 4807 in
1159 4754 1317 4808 vinea
1352 4754 1437 4828 eis
1459 4755 1551 4823 qui
1592 4770 1658 4808 ex
1699 4770 1859 4809 mane
1884 4764 2016 4810 sunt
2055 4759 2316 4828 operarii,
2350 4754 2663 4828 quicunque
2700 4758 2755 4812 in
2796 4756 3229 4828 temporebrevi
3280 4756 3531 4828 volebant
3556 4770 3695 4828 Aope-A-

442 4834 654 4878 rantem
683 4823 932 4905 virtutem
968 4823 1034 4905 ad
1066 4837 1221 4905 opus
1245 4824 1556 4905 extendere,
1588 4834 1867 4905 q_u;e_ante
1908 4823 2492 4905 nun__fu'erat_operata2
2527 4823 2632 4883 seu
2663 4837 2871 4897 quaeret
2903 4823 3123 4895 aliquis,
3156 4840 3325 4893 quare
3360 4823 3691 4905 sic_(l.icit'ad

440 4907 564 4972 eos,
594 4893 749 4972 quasi
790 4910 896 4972 non
938 4893 1114 4947 solum
1148 4893 1381 4972 fuissent
1414 4895 1509 4959 ibi,
1540 4893 1636 4972 sed
1660 4895 1823 4972 etiam
1857 4905 1968 4950 tota
2002 4897 2100 4972 die
2116 4893 2411 4972 stetissent,
2442 4900 2495 4953 id
2529 4906 2636 4963 est,
2658 4893 2977 4972 iper__totum
3000 4893 3222 4972 tempus
3258 4896 3402 4972 quod
3434 4896 3534 4972 fuit
3566 4903 3695 4949 ante

444 4964 787 5049 tipdecimam
838 4964 1048 5049 horam,
1074 4967 1379 5049 secundum
1410 4966 1553 5049 quod
1584 4966 1977 5049 scriptuttrest,
2004 4969 2138 5049 quia
2180 4968 2465 5038 egrediens
2496 4964 2889 5049 paterfamilias
2915 4971 3059 5047 circa
3093 4964 3433 5047 undecimam
3479 4967 3693 5030 horam,

442 5030 583 5113 dixit
608 5030 675 5085 ad
708 5045 803 5113 eos
843 5049 858 5085 :
892 5051 911 5082 ι
949 5032 1088 5113 Quid
1131 5033 1221 5087 hic
1256 5030 1558 5113 statis'tota
1583 5035 1671 5087 die
1699 5030 1864 5113 otiosi
1880 5036 1955 5113 ἲ-»
2003 5030 2115 5105 Ego
2145 5030 2325 5113 aufem
2375 5030 2735 5113 suspicor_de
2766 5040 2948 5113 anima
2984 5037 3147 5113 etiam
3184 5037 3236 5088 in
3272 5039 3392 5113 istis
3425 5046 3688 5113 secretam

443 5110 498 5155 et
523 5101 894 5155 absconditam
937 5102 1223 5156 rationem.
1251 5102 1539 5169 Quomodo
1576 5113 1756 5158 autem
1791 5101 2106 5161 otiabantur
2129 5117 2240 5162 tota
2270 5110 2359 5161 die
2390 5101 2562 5177 usque
2586 5108 2653 5162 ad
2688 5108 3032 5163 undecimam
3065 5108 3254 5159 horam
3298 5106 3544 5161 volentes
3568 5105 3691 5174 qui-

515 5214 562 5247 "
600 5213 791 5272 Matth.
826 5231 919 5282 xx,
959 5217 1012 5273 4.
1090 5218 1132 5249 ⁷⁸
1175 5218 1304 5272 ibid.
1337 5217 1390 5272 6.

667 5329 985 5412 AyV-dplo?"
1009 5331 1185 5412 τοῦτο
1215 5333 1291 5412 6:,
1318 5331 1499 5404 οἶμαι,
1526 5338 1809 5412 ξςτιμοιις.
1840 5336 2019 5412 Theo-

473 5401 1010 5526 ;lililitiSESFulgentius
1053 5404 1213 5473 epist.
1248 5405 1302 5472 7,
1358 5401 1479 5476 cap.
1530 5407 1618 5473 10,
1667 5405 2014 5478 Euthymius.

611 5489 622 5524 ι
698 5513 711 5527 .

516 5541 778 5617 (δη-Καὶ
823 5542 1113 5617 δύναντέιί
1152 5560 1218 5614 τε
1258 5544 1433 5615 ἔργον
1469 5544 1539 5598 ἐν
1571 5544 1653 5611 τῷ
1690 5544 2016 5617 ἀμπελῶνι.

448 5609 618 5685 Vetus
639 5612 903 5685 interpres
931 5634 945 5668 ε
985 5631 1004 5665 ι
1038 5609 1296 5685 Poterant
1321 5609 1501 5668 autem
1534 5609 1742 5685 aequale
1771 5631 1906 5685 opus
1935 5614 2020 5685 fa—

448 5696 571 5733 cere
602 5681 654 5755 in
686 5681 841 5755 vinea
874 5684 975 5755 eis,
1005 5702 1024 5735 ι
1058 5693 1162 5738 etc.
1194 5683 1503 5755 Legendum
1537 5681 1767 5742 fortasse
1792 5681 1899 5740 Καὶ
1927 5683 2022 5738 δύο

449 5748 636 5802 νανταί
664 5765 729 5818 γε
759 5751 871 5805 ῐσον
899 5752 1077 5821 ἔργον.

2195 5339 2311 5410 (52)
2362 5339 2504 5410 Ἐγὼ
2538 5339 2608 5392 δέ
2640 5338 2879 5393 ὑπονοῶ
2916 5336 3023 5391 τὸν
3060 5338 3212 5405 περί,
3246 5344 3355 5410 τις.
3396 5334 3697 5410 Nonnulla

2125 5406 2269 5464 enim
2292 5406 2517 5464 animas
2546 5425 2647 5478 pro
2678 5410 2911 5477 peccatis
2942 5406 3449 5478 sursumadmissis
3486 5408 3539 5478 in
3569 5423 3693 5461 cor-

2125 5494 2258 5548 pora
2288 5479 2498 5533 demitti
2527 5475 2761 5541 censuit,
2792 5479 2927 5532 alias
2946 5486 3125 5531 autem
3152 5477 3388 5533 decretis
3415 5475 3505 5529 Dei
3535 5490 3695 5548 exse-

2127 5545 2359 5618 quendis
2389 5564 2610 5619 operam
2646 5564 2801 5619 suam
2848 5555 3039 5615 spaiite
3088 5561 3309 5611 navare,
3355 5554 3415 5600 ut
3455 5545 3699 5602 ostendi~

2131 5616 2252 5689 unus
2285 5619 2337 5670 in
2369 5616 2727 5689 Origenianis.
2759 5616 3021 5689 liuentis.

2200 5687 2311 5758 (55)
2352 5690 2409 5742 In
2436 5684 2621 5743 codice
2654 5687 2822 5759 Regio
2850 5687 3000 5741 deest
3033 5685 3141 5757 γάρ
3166 5694 3287 5754 pou
3318 5684 3435 5758 μέν.
