4032 6308
261 440 406 496 1555

1196 431 1542 488 COMMENT.
1583 432 1648 487 IN
1685 426 2101 486 MATTHA‘ZUM
2143 429 2377 485 TOMUS
2415 428 2530 483 XV.

3377 423 3399 475 ί
3412 422 3515 475 ’554

255 555 558 625 ἀμπελῶνα
599 555 648 608 οἱ
685 553 1094 625 τεθαρρηκότως
1140 553 1584 622 ἀπολογούμενοι,
1625 553 1718 606 καὶ
1753 551 1829 603 λὲ-

1945 564 2201 603 arcanam
2250 549 2573 604 sententiam
2610 546 2664 599 in
2710 546 2808 598 hac
2844 543 3009 597 totius
3059 543 3163 595 diei
3213 541 3278 596 ad
3323 542 3515 595 horam

257 661 472 710 γοντες·
504 663 523 695 ε
555 644 740 706 Οὐδεὶς
770 645 918 713 ἡμᾶς
947 639 1306 712 ἐμισθώσατο.
1349 661 1367 692 ι
1402 643 1592 712 Ἡμεῖς
1627 642 1724 712 μὲν
1749 636 1842 694 οὖν

255 735 637 806 ἐτολμήσαμεν
671 733 899 791 Δτοιαῦτά
942 750 1064 786 τινα
1108 733 1201 786 καὶ
1239 735 1303 786 ὲκ
1331 731 1540 785 πολλῶν
1571 732 1670 802 μὲν
1711 748 1843 800 φαν-

254 823 549 887 τασθέντες
579 822 830 894 Γραφῶν,
859 823 953 875 καὶ
976 823 1042 874 ὲκ
1062 822 1164 890 τῆς
1192 822 1558 894 προκειμένης
1585 821 1640 874 δὲ
1671 836 1844 890 παρα-

252 912 419 982 ϐολῆς
453 915 650 979 εἰπεῖν,
678 915 758 976 εἰς
783 913 842 965 τὸ
883 912 1221 982 καταστῆσαι
1251 912 1368 974 πῶς
1405 912 1533 983 ὃλην
1566 912 1664 982 τὴν
1701 911 1840 981 ὴμέ-

257 1018 358 1071 ραν
385 1003 684 1072 ἑστήκασιν
714 1003 874 1072 ἀργοὶ
908 1001 1058 1072 παρά
1097 1001 1157 1052 τὸ
1192 1001 1392 1070 μηδένα
1432 1000 1628 1062 αὐτοὺς
1679 1015 1843 1068 μεμι-

252 1092 500 1147 σθῶσθαι
530 1095 580 1146 of.
611 1094 740 1163 περὶ
773 1093 870 1164 τὴν
898 1093 1186 1162 ἑνδεκάτην
1222 1092 1369 1164 ῶραν
1399 1089 1739 1160 κεκλημένοι.

1948 654 2120 707 usque
2153 638 2494 692 undecimam
2538 635 2843 690 cessatione
2877 633 3091 686 illorum
3123 646 3187 686 ac
3230 631 3343 685 otio
3381 631 3517 683 deli-

1946 740 2152 784 tescere
2197 731 2424 798 opinor;
2473 735 2722 797 prompto
2768 727 2912 782 enim
2960 735 3117 779 erant
3163 724 3230 777 ad
3274 722 3512 777 laborem

1945 821 2148 883 animo,
2177 834 2240 872 ac
2270 818 2544 887 expedito,
2576 818 2641 872 ad
2688 817 2902 871 vineam
2950 824 3130 870 autem
3160 813 3513 869 excolendam

1945 923 2054 961 non
2087 906 2532 960 conducebantur
2555 906 2646 973 qui
2671 905 3004 960 confidenter
3030 919 3150 960 sese
3180 903 3516 958 excusabant

1945 999 2188 1052 dicentes
2237 997 2284 1026 ⁷¹
2323 1014 2335 1050 :
2382 1014 2399 1047 ‹
2435 995 2606 1049 Nemo
2649 1012 2748 1052 nos
2789 997 3067 1051 conduxit.
3126 1015 3144 1047 ›
3193 993 3303 1048 Nos
3352 994 3510 1064 igitur

1950 1093 2064 1137 tum
2091 1083 2256 1136 variis
2282 1082 2601 1152 Scripturis,
2618 1093 2730 1137 tum
2753 1078 2807 1138 et
2829 1085 3105 1154 proposita
3131 1085 3232 1137 hac
3258 1083 3512 1154 parabola

250 1186 491 1250 inducti,
524 1186 651 1240 talia
676 1185 922 1254 quaedam
949 1185 1193 1253 proferre
1216 1183 1334 1238 ausi
1371 1182 1595 1245 fuimus,
1623 1191 1680 1234 ut
1702 1190 1938 1248 quonam
1971 1183 2128 1244 pacto
2163 1181 2276 1227 toto
2298 1174 2384 1228 die
2411 1173 2569 1228 otiosi
2595 1175 2840 1229 steterint
2871 1176 2964 1244 qui
2995 1176 3139 1230 circa
3169 1174 3510 1229 undecimam

246 1276 507 1330 advocati
535 1284 682 1338 sunt,
711 1273 856 1343 quod
903 1290 933 1328 a
975 1275 1190 1329 nemine
1216 1274 1666 1336 conducerentur,
1703 1269 2124 1324 declararemus.

319 1369 385 1420 Οἱ
414 1369 472 1420 δὲ
518 1368 592 1438 μὴ
636 1368 991 1437 ἀρεσκόμενοι
1024 1369 1138 1430 τοῖς
1174 1366 1434 1429 τοιούτοις
1481 1365 1712 1436 δόγμασι
1741 1365 1832 1417 λε-

245 1457 501 1524 γέτωσαν
543 1462 673 1528 ἡμῖν
710 1459 807 1530 τὴν
839 1459 965 1529 ὃλην
1009 1459 1239 1529 ἡμέραν,
1289 1459 1382 1510 καὶ
1419 1457 1545 1519 τοὺς
1593 1455 1835 1518 ἑστῶτας

243 1547 382 1618 ὅλην
428 1548 644 1619 ἡμέραν
684 1549 907 1620 ἀργοὺς,
945 1549 1193 1611 θέλοντας
1240 1547 1596 1618 ἐργάσασθαι,
1634 1546 1707 1617 μὴ
1741 1563 1832 1599 κε-

2010 1360 2168 1430 703
2192 1360 2279 1414 55.
2317 1359 2525 1425 Quibus
2548 1370 2726 1415 autem
2752 1363 2977 1416 minime
3012 1361 3254 1415 arrident
3282 1364 3362 1414 has
3383 1374 3513 1416 sen-

1941 1453 2140 1515 tentiae,
2199 1452 2362 1504 totius
2409 1451 2573 1520 hujus
2615 1453 2720 1506 diei
2768 1439 3214 1522 signiﬁcationem
3267 1468 3368 1507 nos
3412 1453 3513 1506 do-

1938 1554 2118 1608 ceant,
2148 1557 2358 1596 necnon
2383 1552 2435 1596 et
2463 1558 2653 1596 eorum
2684 1543 2774 1610 qui
2800 1545 3147 1607 cum,‘animo
3178 1543 3243 1596 ad
3271 1543 3508 1597 laborem

247 1635 353 1704 κλη
364 1635 562 1704 μένους
588 1637 668 1698 εἰς
696 1636 787 1689 τὸν
815 1635 1133 1706 ἀμπελῶνα,
1165 1635 1260 1688 καὶ
1295 1633 1829 1705 παρρησιαζομένους

1937 1637 2131 1705 parati,
2177 1644 2292 1689 toto
2329 1635 2416 1688 die
2461 1635 2624 1689 otiosi
2650 1637 2918 1701 steterint,
2965 1635 3031 1689 ad
3085 1636 3295 1688 vineam
3351 1636 3511 1691 acciti

244 1728 307 1778 ἐν
340 1725 421 1794 τῷ
446 1741 459 1755 ·
508 1744 525 1776 ‹
576 1725 762 1788 Οὐδεὶς
809 1729 954 1797 ἡμᾶς
1003 1725 1376 1796 ἐμισθώσατο·
1414 1745 1432 1776 ι
1482 1727 1532 1778 εί
1559 1725 1667 1796 γὰρ
1706 1742 1830 1777 συν-

245 1816 470 1888 εσπάρη
499 1820 529 1887 ὴ
561 1817 707 1887 ψυχὴ
753 1817 831 1886 τῷ
862 1817 1093 1887 σώματι,
1145 1816 1260 1880 πῶς
1303 1815 1435 1884 ὃλην
1475 1816 1574 1885 τὴν
1612 1815 1828 1885 ἡμέραν

248 1909 599 1978 εἰστήκεισαν
649 1909 838 1978 ἀργοί;
892 1909 924 1978 ἢ
980 1908 1284 1976 λεγέτωσαν
1338 1907 1470 1976 ἡμῖν
1523 1906 1606 1968 τίς
1645 1908 1678 1976 ἡ
1732 1904 1826 1976 ὅλη

246 1997 458 2069 ἡμέρα,
510 1999 604 2051 καὶ
645 2000 702 2050 ὲν
749 1999 882 2068 αὐτῇ
929 1998 1192 2068 διάφοροι,
1221 1997 1361 2050 κατά
1401 1995 1501 2058 τὰς
1541 1995 1829 2066 διαφόρους

247 2086 422 2158 ὥρας,
446 2087 664 2158 κλήσεις
680 2086 788 2140 τῶν
810 2087 1053 2158 ἐργατῶν
1078 2103 1091 2116 θ
1121 2087 1346 2155 πότερον
1369 2085 1426 2138 δὲ
1452 2084 1708 2156 μακάριοι
1732 2084 1828 2154 μὲν

247 2179 298 2230 οἱ
340 2177 448 2230 ὑπὸ
481 2177 572 2231 τοῦ
609 2178 749 2231 κατὰ
777 2177 874 2248 τὴν
917 2176 1224 2248 παραϐολὴν
1252 2175 1626 2229 οἰκοδεσπότου
1664 2193 1828 2246 μεμι-

251 2268 544 2339 σθωμένοι,
575 2265 714 2338 ἦσαν
740 2267 797 2320 δὲ
840 2267 933 2319 καὶ
962 2267 1108 2319 ἄλλοι
1156 2265 1560 2336 μεμισθωμένοι
1601 2265 1828 2336 ἐργάται

248 2359 371 2429 ἦτοι
397 2361 503 2412 ὑπὸ
529 2360 728 2430 ἑτέρων
759 2355 1166 2418 οίκοδεσποτῶν,
1195 2356 1229 2425 ἢ
1259 2354 1351 2406 τοῦ
1379 2352 1541 2406 αὐτοῦ
1561 2369 1574 2382 ·
1599 2356 1692 2407 καὶ
1712 2354 1828 2423 ἦτοι

249 2452 311 2502 οὐ
346 2451 605 2521 μακάριοι
636 2449 668 2518 ἢ
714 2448 813 2518 οὐχ
851 2445 1023 2508 οὕτως
1061 2445 1337 2515 μακάριοι,
1368 2445 1508 2515 ὑπὲρ
1539 2445 1685 2514 ἡμᾶς
1712 2444 1827 2497 ἐστι

250 2542 377 2594 κατ’
407 2540 562 2605 ἀξίαν
593 2538 654 2590 τὸ
696 2537 934 2590 τοιοῦτον
972 2535 1183 2604 νοῆσαι,
1229 2534 1262 2604 ἢ
1309 2534 1404 2586 καὶ
1451 2533 1527 2596 ὡς
1579 2533 1824 2603 νοοῦμεν,

250 2636 438 2704 γραφῇ
493 2632 558 2686 τὰ
604 2630 868 2702 νοούμενα
923 2628 1226 2682 πιστεύσαι.
1271 2625 1411 2695 Ἐγὼ
1449 2626 1596 2696 ζητῶ
1625 2627 1717 2680 καὶ
1757 2627 1826 2680 τὰ

250 2725 359 2790 ἔξω
383 2723 474 2776 τοῦ
500 2723 838 2793 ἀμπελῶνος,
866 2723 999 2774 ὅπου
1027 2720 1368 2792 εὑρίσκονται
1397 2718 1448 2770 οἱ
1471 2719 1697 2790 ἐργάται
1724 2721 1828 2772 ὑπὸ

251 2814 348 2867 τοῦ
397 2813 701 2880 ἐξελθόντος
735 2813 935 2875 αὐτοὺς
972 2811 1369 2882 μισθώσασθαι,
1416 2813 1510 2867 καὶ
1546 2813 1828 2865 ἐπισκοπῶ

257 2906 469 2974 μήποτε
495 2906 527 2974 ἡ
555 2903 705 2973 χώρα
731 2903 838 2956 τῶν
868 2901 975 2973 πρὸ
999 2901 1092 2953 τοῦ
1113 2901 1359 2972 σώματος
1385 2902 1572 2973 ψυχῶν
1598 2903 1767 2967 ἐστιν,
1797 2904 1826 2955 ό

250 2994 360 3057 ἔξω
383 2993 483 3046 τοῦ
510 2991 824 3062 ἀμπελῶνος
853 2993 1014 3055 τόπος
1036 3009 1050 3022 ·
1089 2992 1348 3062 ἀμπελὼν
1383 2993 1441 3045 δὲ
1477 2994 1536 3045 οὐ
1580 2993 1738 3062 μόνον
1758 2991 1826 3045 τά

249 3083 402 3152 τῇδε,
432 3082 566 3134 ἀλλὰ
588 3082 682 3134 καὶ
707 3083 773 3134 τὰ
795 3083 898 3149 ἔξω
929 3083 1020 3136 τοῦ
1049 3082 1316 3152 σώματος,
1350 3082 1498 3146 ἔνθα,
1531 3080 1700 3152 οἴμαι,
1733 3084 1825 3153 ἑρ-

249 3166 508 3234 γάζονται
533 3170 580 3221 οἱ
603 3168 858 3240 ἐργάται’
887 3170 946 3222 ού
979 3170 1086 3240 γάρ
1118 3173 1175 3223 ἐν
1205 3171 1372 3241 ἀργίᾳ
1403 3171 1540 3225 εἰσὶν
1571 3172 1628 3225 αἱ
1656 3171 1827 3224 ἀπαλ-

249 3257 502 3326 λαγεῖσαι
538 3259 633 3312 τοῦ
673 3259 920 3329 σώματος
956 3261 1201 3332 ἐργατῶν
1247 3261 1707 3332 παραληφθέντων
1745 3264 1825 3325 εἰς

249 3350 309 3402 τὸ
333 3350 532 3421 χωρίον
559 3350 652 3404 τού
675 3351 1047 3405 οἰκοδεσπότου
1069 3352 1255 3423 ψυχαί.
1283 3353 1391 3405 Καὶ
1421 3352 1671 3424 Σαμουὴλ
1695 3353 1824 3420 γοῦν

252 3441 356 3508 ἔξω
400 3441 652 3512 σώματος
688 3443 980 3512 εἰργάσατο
1015 3445 1374 3515 προφητεύων
1409 3444 1541 3514 (54),
1586 3445 1679 3497 καὶ
1725 3445 1811 3497 Ίε-

253 3530 450 3601 ρεμίας
481 3531 766 3601 εὐχόμενος
796 3532 937 3602 ὑπὲρ
966 3531 1061 3584 τοῦ
1090 3515 1238 3584 λαού.
1281 3531 1691 3602 Φιλοτιμώμεθα
1731 3529 1824 3587 οὖν

251 3621 345 3674 καὶ
398 3619 760 3692 ἐργαζώμεθα
806 3623 898 3675 τὸν
947 3621 1248 3692 ἀμπελῶνα
1289 3623 1398 3674 εἴτε
1445 3621 1820 3692 ἐνδημοῦντες,

247 3710 355 3762 εἴτε
375 3710 764 3782 ἐκδημοῦντες,
799 3709 1090 3781 ληψόμενοι
1117 3712 1146 3763 ὃ
1170 3711 1264 3764 saw
1353 3711 1556 3763 δίκαιον
1582 3727 1595 3739 '
1623 3711 1715 3762 καὶ
1741 3711 1830 3762 ού-

245 3801 354 3864 δείς
387 3817 477 3870 γε,
514 3802 636 3856 ὅσον
675 3803 767 3854 ἐπὶ
810 3805 874 3873 τῇ
908 3801 1210 3872 παραϐολῇ,
1250 3802 1324 3872 μὴ
1361 3801 1722 3872 ἐργασόμενος
1764 3800 1832 3853 τὰ

245 3892 340 3945 τοῦ
371 3893 693 3963 ἀμπελῶνος
729 3893 863 3964 ἔργα
908 3891 1350 3957 ὲξαποστέλλεται
1383 3896 1463 3956 εἰς
1508 3892 1700 3946 αὐτόν·
1743 3892 1832 3943 ού-

1936 1745 2041 1782 non
2087 1739 2234 1793 sunt,
2261 1737 2314 1781 et
2346 1729 2397 1782 id
2445 1731 2776 1798 respondere
2813 1733 2930 1786 ausi
2981 1729 3234 1784 fuerunt:
3292 1750 3310 1780 ι
3342 1729 3512 1787 Nemo

1935 1834 2034 1872 nos
2068 1819 2362 1874 conduxit:
2421 1838 2440 1869 ι
2491 1836 2612 1873 nam
2659 1822 2704 1876 si
2741 1837 2846 1874 una
2891 1836 3014 1876 cum
3063 1835 3292 1891 corpore
3327 1822 3511 1876 anima

1935 1921 2050 1965 sata
2074 1918 2174 1974 est,
2205 1910 2480 1978 quomodo
2501 1919 2612 1964 toto
2635 1911 2721 1964 die
2750 1921 3013 1966 steterunt
3039 1911 3238 1966 otiosi?
3264 1911 3346 1965 vel
3366 1921 3512 1966 certe

1933 1999 2118 2052 dicant
2148 1999 2304 2052 nobis
2337 1998 2466 2068 quid
2512 1999 2582 2052 sit
2625 2007 2770 2051 totus
2807 1998 2895 2052 ille
2925 1999 3060 2063 dies,
3104 1997 3372 2066 variaeque
3409 2013 3509 2066 pro

1932 2089 2099 2142 variis
2117 2088 2265 2142 horis
2289 2087 2667 2157 operariorum
2694 2088 3004 2142 vocationes
3029 2105 3042 2141 :
3067 2102 3133 2141 an
3161 2098 3342 2142 autem
3365 2087 3506 2142 beati

1935 2178 2136 2232 fuerint
2163 2194 2300 2247 quos
2325 2179 2576 2233 laudatus
2607 2178 2658 2231 in
2682 2179 2937 2247 parabola
2965 2177 3356 2246 paterfamilias
3375 2192 3510 2232 con-

1934 2269 2116 2332 duxit;
2148 2277 2202 2322 et
2243 2277 2426 2322 utrum
2462 2268 2554 2322 alii
2606 2276 2789 2322 essent
2837 2268 3088 2323 conducti
3133 2270 3387 2338 operarii,
3421 2270 3506 2323 vel

1933 2358 2003 2411 ah
2033 2357 2152 2413 aliis
2195 2358 2699 2426 patribusfamilias,
2738 2359 2822 2412 vel
2864 2359 2933 2412 ab
2966 2358 3192 2423 eodem;
3224 2368 3277 2413 et
3309 2374 3376 2412 an
3416 2374 3507 2416 es-

1934 2459 2055 2504 se-nt
2090 2449 2254 2515 beati,
2299 2449 2383 2504 vel
2431 2463 2539 2503 non
2581 2463 2734 2518 aeque
2772 2449 2936 2513 beati,
2982 2464 3080 2517 pro
3124 2447 3200 2502 rei
3245 2448 3507 2517 dignitate

1934 2536 2353 2606 haudquaquam
2397 2545 2577 2591 mente
2624 2536 2906 2604 consequi,
2949 2537 3032 2591 vel
3081 2537 3222 2590 sicut
3253 2539 3502 2606 assequi-

1932 2641 2080 2691 mur,
2112 2627 2184 2681 ita
2219 2627 2436 2696 scriptis
2468 2626 2686 2681 tradere
2734 2628 2996 2682 valentius.
3048 2624 3162 2696 Ego
3189 2629 3408 2696 quidem
3449 2638 3503 2682 et

1930 2717 2053 2772 loca
2083 2733 2204 2786 quae
2258 2725 2384 2772 sunt
2427 2725 2580 2771 extra
2621 2719 2833 2772 vineam
2861 2718 3184 2788 pervestigo,
3220 2720 3274 2773 in
3302 2720 3504 2789 quibus

1932 2809 2167 2877 operarii
2198 2810 2265 2861 ah
2286 2823 2352 2861 eo
2384 2809 2478 2876 qui
2504 2809 2570 2862 ad
2597 2808 2980 2864 conducendos
3016 2810 3138 2864 illos
3170 2810 3322 2871 exiit,
3351 2826 3505 2879 repe—

1933 2899 2182 2963 riuntur;
2228 2907 2282 2952 et
2312 2909 2493 2951 utrum
2536 2898 2844 2952 animorum
2896 2900 3218 2968 corporibus
3259 2901 3501 2956 nondum

1854 3019 1895 3076 C
1933 2988 2303 3042 immissorum
2335 2987 2474 3041 idem
2505 2987 2594 3042 ille
2620 2988 2691 3042 sit
2723 2990 2815 3057 qui
2845 2999 2899 3043 et
2927 3000 3076 3044 extra
3116 2992 3326 3046 vineam
3353 2993 3504 3050 locus

1932 3095 2147 3133 mecum
2185 3078 2477 3147 perpendo,
2502 3086 2556 3132 et
2581 3095 2648 3132 an
2680 3081 2833 3134 vinea
2877 3096 2984 3134 non
3021 3096 3105 3135 res
3139 3083 3312 3136 solum
3340 3083 3503 3152 hujus

1931 3171 2071 3232 vitae,
2104 3171 2198 3224 sed
2230 3178 2282 3224 et
2321 3185 2443 3239 qua:
2478 3178 2631 3224 extra
2661 3186 2862 3240 corpus
2895 3181 3042 3234 sunt,
3093 3173 3382 3242 signiﬁcet,
3411 3175 3500 3230 ubi

1930 3277 2070 3331 Opus
2113 3276 2274 3316 suum
2325 3261 2503 3317 facere
2547 3263 2827 3332 operarios
2867 3264 3153 3330 existimo;
3206 3280 3306 3320 nec
3355 3266 3502 3321 enim

1929 3355 2304 3422 operariorum
2329 3354 2394 3408 ad
2424 3354 2683 3423 praedium
2712 3354 3118 3424 patrisfamilias
3144 3356 3500 3414 excolendum

1932 3455 2336 3515 assumptorum
2369 3446 2562 3499 animae
2591 3446 2780 3500 otiosae
2810 3455 2957 3509 sunt,
3004 3457 3291 3516 postquam
3319 3464 3351 3504 e
3377 3464 3500 3505 cor-

1931 3552 2062 3604 pore
2089 3536 2411 3604 migrarunt.
2442 3535 2600 3590 Certe
2624 3551 2762 3605 Opus
2787 3533 3036 3601 faciebat,
3066 3548 3356 3608 postquam
3380 3555 3499 3595 cor-

1931 3641 2062 3694 pore
2091 3627 2374 3693 expeditus
2407 3633 2510 3689 est,
2546 3627 2764 3679 Samuel
2814 3627 3115 3682 vaticinans
3163 3629 3241 3694 7';
3288 3645 3501 3686 necnon

1928 3724 1982 3768 et
2008 3713 2269 3768 Jcremias
2296 3729 2395 3783 pro
2436 3717 2636 3784 popqu
2677 3732 2841 3770 orans
2882 3717 2943 3769 ⁷⁵.
2986 3718 3180 3787 Magno
3228 3734 3358 3787 ergo
3387 3727 3502 3774 stu-

1929 3803 2019 3856 dio
2049 3803 2191 3855 Vires
2225 3803 2275 3855 in
2315 3803 2611 3859 excolenda
2652 3805 2830 3870 vinea,
2879 3804 2994 3860 sive
3035 3806 3087 3859 in
3133 3807 3235 3861 hoc
3272 3822 3500 3876 corpore

1931 3892 2237 3955 constituti,
2271 3895 2384 3946 sive
2419 3901 2571 3947 extra
2603 3895 2733 3949 illud
2775 3896 3178 3965 peregrinantes
3203 3900 3497 3954 contenda-

1454 4005 1636 4061 VETU
1649 4007 1685 4060 S
1724 4003 2300 4059 INTERPRETATIO.

251 4122 373 4176 clem
407 4123 634 4190 operati,
662 4140 770 4178 non
813 4133 991 4177 autem
1034 4123 1451 4177 assumebantur
1484 4121 1537 4174 in
1570 4121 1806 4181 vineam,
1841 4119 1936 4190 qui
1973 4119 2199 4190 fideliter
2227 4133 2292 4190 se
2314 4119 2647 4190 excusabant
2670 4120 2909 4175 dicentes
2939 4139 2951 4174 :
2991 4140 3009 4170 ‹
3040 4119 3176 4187 Quia
3208 4137 3367 4177 nemo
3390 4138 3496 4177 nos

248 4187 546 4246 conduxit?
581 4212 600 4244 ι
622 4187 750 4248 Nos
793 4202 973 4247 autem
1016 4193 1135 4246 ausi
1171 4191 1374 4246 fuimus
1409 4191 1536 4244 talia
1567 4191 1838 4258 quaedam,
1859 4187 1922 4244 et
1951 4189 2029 4260 de
2049 4188 2234 4242 multis
2262 4187 2555 4260 scripturis
2583 4190 2949 4257 suspicionem
2977 4192 3320 4260 accipientes,
3349 4202 3405 4247 et
3429 4194 3496 4248 de

251 4261 507 4328 presenti
537 4277 754 4331 quoque
789 4263 1059 4330 parabola,
1083 4261 1280 4323 dicere,
1322 4269 1381 4314 ut
1417 4261 1769 4331 ostendamus
1798 4259 2216 4331 quomodo_tota
2261 4258 2347 4312 die
2374 4259 2533 4312 otiosi
2565 4266 2847 4324 steterunt,
2879 4258 3164 4328 propterea
3192 4263 3335 4330 quod
3370 4265 3492 4316 nul-

252 4327 340 4383 lus
392 4346 488 4400 eos
511 4327 852 4396 conduceret,
877 4331 970 4400 qui
999 4333 1144 4385 circa
1171 4331 1356 4382 horam
1388 4329 1730 4400 undecimam
1765 4337 1892 4382 sunt
1924 4327 2122 4381 vocati.

327 4400 418 4453 '55.
451 4398 659 4464 Quibus
684 4394 862 4455 autem
896 4394 1003 4453 non
1036 4401 1246 4467 placent
1268 4400 1519 4468 dogmata
1549 4399 1674 4459 ista,
1708 4399 2131 4468 interpretentur
2170 4395 2328 4468 nobis
2350 4394 2492 4468 diem
2527 4394 2668 4448 illam
2705 4403 2979 4468 totam,et
3015 4412 3108 4468 eos
3153 4398 3244 4467 qui
3280 4399 3496 4456 stabant

253 4475 366 4521 tota
392 4468 479 4521 die
511 4471 691 4531 otiosi,
721 4471 964 4524 volentes
1004 4465 1219 4536 quidem
1262 4465 1495 4537 operari,
1525 4483 1634 4520 non
1665 4477 1844 4537 autem
1879 4466 2214 4537 vocabantur
2252 4467 2305 4517 in
2357 4465 2591 4537 vineam.
2624 4473 2677 4518 et
2708 4467 2853 4532 quod
2879 4465 3209 4537 tiducialiter
3237 4483 3297 4522 se
3329 4484 3495 4524 excu—

253 4546 442 4590 santes
471 4538 766 4593 dixerunt:
808 4558 827 4589 ‹
865 4533 1033 4592 Nemo
1062 4552 1160 4592 nos
1191 4533 1471 4592 conduxit.
1515 4557 1534 4589 ι
1574 4537 1628 4588 Si
1663 4536 1806 4589 enim
1851 4535 2224 4589 conseminata
2263 4543 2408 4587 esset
2449 4533 2630 4587 anima
2671 4536 2912 4603 corpori,
2948 4539 3223 4603 quomodo
3263 4547 3369 4592 tota
3407 4539 3495 4592 die

255 4614 527 4676 steterunt
557 4608 761 4662 otiosi?
797 4607 904 4661 Aut
933 4608 1114 4676 dicant
1139 4608 1314 4671 nobis,
1343 4622 1465 4676 qua:
1497 4607 1568 4660 sit
1598 4605 1828 4676 illa'dies
1860 4613 1989 4676 tota.
2020 4613 2074 4657 et
2098 4604 2148 4676 in
2176 4619 2239 4657 ea
2265 4603 2511 4676 diversae,
2543 4605 2839 4676 secundum
2872 4606 3114 4676 diversas
3149 4606 3331 4672 horas,
3365 4623 3494 4675 ope-

256 4674 527 4754 rariorum
560 4677 908 4730 vocationes?
935 4671 1531 4754 Utrum__autem'heati
1572 4675 1789 4754 quidem
1819 4673 1912 4754 qui
1949 4673 2246 4753 secundum
2283 4671 2598 4754 parabolam
2638 4673 2883 4754 ist-amna
2926 4674 3319 4754 patrefamilias
3353 4671 3496 4754 sunt

257 4742 516 4814 conducti
545 4762 556 4796 :
590 4754 744 4799 erant
770 4755 949 4800 autem
979 4755 1034 4799 et
1067 4747 1156 4799 alii
1188 4757 1502 4814 operatores
1533 4742 1624 4812 qui
1650 4742 2118 4814 conducebantur,
2150 4743 2263 4796 sive
2288 4742 2356 4814 ab
2394 4742 2517 4796 aliis
2562 4742 3066 4811 patribusfamilias,
3103 4745 3215 4798 sive
3241 4745 3308 4798 ab
3351 4746 3492 4814 ipso,

253 4819 310 4864 et
336 4811 451 4884 sive
480 4829 586 4884 non
616 4815 777 4878 beati,
807 4824 901 4868 aut
929 4830 1036 4867 non
1064 4817 1144 4869 sic
1171 4810 1333 4877 beati,
1366 4830 1528 4884 supra
1556 4810 1665 4868 nos
1692 4825 1785 4884 est
1823 4813 1925 4866 hoc
1953 4813 2247 4884 intelligere
2275 4810 2456 4878 digne,
2492 4810 2912 4884 autgsecuudum
2957 4814 3100 4884 quod
3145 4810 3495 4884 intelligimus

256 4882 501 4953 credere.
527 4883 639 4953 Ego
664 4900 848 4952 quazro
868 4894 1061 4952 etquae
1095 4893 1248 4938 extra
1279 4882 1490 4937 viueain
1519 4892 1667 4948 sunt,
1698 4883 1790 4937 ubi
1817 4890 1872 4935 et
1906 4883 2260 4953 inveniuntur
2292 4882 2525 4953 operarii
2558 4882 2726 4953 abeo
2764 4882 3013 4953 quiexiit
3046 4882 3348 4938 conducere
3375 4899 3488 4944 eos.

256 4948 324 5020 Et
348 4948 632 5008 considera
667 4948 733 5009 ne
771 4953 908 5008 forte
935 4948 1089 5008 locus
1115 4954 1419 5008 animarum
1453 4962 1536 5007 est
1569 4963 1691 5006 ante
1713 4967 1936 5019 corpus.
1969 4952 2061 5020 qui
2095 4962 2177 5005 est
2211 4958 2364 5004 extra
2395 4948 2810 5020 vineamglocus‘.
2850 4949 3022 5005 Vinea
3047 4964 3227 5006 autem
3263 4968 3372 5008 non
3402 4970 3496 5008 so-

259 5019 371 5072 lum
405 5021 491 5076 hic
531 5023 582 5074 in
614 5038 842 5092 corpore
876 5031 979 5092 est,
1013 5023 1108 5076 sed
1133 5024 1298 5076 etiam
1336 5032 1486 5076 extra
1522 5037 1722 5090 corpus
1763 5018 1854 5074 ubi
1887 5018 2188 5088 operantur
2214 5028 2546 5092 operatores.
2577 5018 2946 5092 Neeenimin
2987 5024 3097 5076 otio
3141 5031 3270 5076 sunt
3297 5025 3498 5077 anima:

257 5092 634 5156 operariorum
683 5088 726 5146 a'
763 5090 1151 5161 patrefamilias
1178 5093 1590 5156 conductorum,
1625 5088 1749 5146 cum
1789 5105 1818 5143 a
1845 5104 2093 5161 corpore
2117 5099 2243 5144 sunt
2274 5089 2530 5143 liberatae.
2579 5091 2637 5145 Et
2672 5088 2890 5144 Samuel
2937 5106 3066 5160 ergo
3112 5101 3262 5145 extra
3295 5108 3494 5161 corpus

258 5161 589 5242 operabatur
610 5158 962 5242 proplietans,
989 5170 1043 5214 et
1082 5159 1345 5242 Ieremias
1367 5176 1532 5242 orans
1571 5175 1667 5228 pro
1697 5158 1932 5242 p0pulo:
1978 5168 2370 5242 proptereaque
2406 5160 2892 5242 contendimusket
2917 5158 3210 5242 operemur
3253 5158 3489 5242 vineam.

260 5228 372 5301 sive
399 5225 678 5285 constituti
707 5225 760 5285 in
788 5225 1035 5301 corpdre,
1061 5232 1174 5283 sive
1203 5238 1461 5284 exeuntes
1491 5245 1522 5282 a
1565 5225 1814 5301 corpore,
1849 5225 2120 5301 accepturi
2164 5225 2309 5297 quod
2346 5227 2510 5301 fuerit
2535 5229 2767 5301 justum.
2793 5225 2864 5301 Et
2903 5225 3191 5301 nemo‘est,
3228 5240 3490 5301 quantam

259 5296 326 5349 ad
357 5301 662 5370 parabolam
689 5296 991 5370 istaquni
1027 5315 1135 5353 non
1158 5309 1242 5354 est
1263 5307 1530 5370 operatus
1545 5313 1705 5366 opera
1729 5298 2038 5370 vi:n_eae,_qui
2070 5307 2246 5351 tamen
2281 5299 2632 5370 transmissus
2663 5297 2765 5370 fuit
2790 5299 2842 5352 in
2864 5313 3014 5370 eam.
3040 5296 3316 5370 Neminem
3347 5299 3493 5354 enim

259 5368 416 5430 quasi
455 5371 545 5437 qui
593 5374 774 5425 minus
802 5366 989 5424 fecerit
1016 5384 1202 5438 opera,
1232 5366 1619 5437 paterfamilias
1648 5366 2011 5438 reprehendit,
2047 5383 2365 5438 quanquam,
2388 5369 2456 5421 de
2494 5369 2737 5422 mercede
2769 5369 2974 5437 majore
3011 5369 3096 5423 vel
3138 5368 3348 5422 minore
3371 5383 3494 5436 spe—

261 5443 376 5508 rata
413 5434 664 5506 culpavit.
699 5440 764 5494 Et
793 5440 1023 5495 forsitan
1052 5434 1203 5493 locus
1233 5434 1328 5507 qui
1358 5447 1511 5508 extra
1542 5434 2109 5508 vineam_est,_l'orum
2143 5448 2246 5496 est.
2281 5437 2370 5492 ubi
2401 5445 2558 5508 erant
2583 5446 2791 5492 stanws
2813 5434 2995 5503 otiosi,
3027 5452 3276 5508 magnam
3324 5434 3495 5491 excu-

264 5505 528 5563 sationem
558 5510 815 5564 trahentes
844 5510 912 5563 ad
945 5511 1048 5563 hoc
1080 5518 1138 5562 ut
1161 5505 1312 5578 digni
1355 5507 1656 5561 elIiciantur
1691 5505 1855 5560 totius
1891 5505 1997 5560 diei
2037 5507 2301 5570 mercede,
2331 5507 2632 5561 secundum
2672 5508 2816 5575 quod
2847 5505 3252 5562 excusaverunt
3284 5509 3493 5577 seipsos

333 5641 378 5674 ⁷³
409 5641 601 5698 Matth.
639 5661 729 5704 xx.
765 5646 812 5699 7.
888 5645 978 5699 ⁷³1
1009 5645 1137 5716 Reg.
1171 5659 1362 5700 xxvut.

1440 5644 1486 5676 ⁷⁸
1511 5641 1555 5698 lI
1589 5642 1722 5698 Mac.
1788 5659 1876 5708 xv,
1908 5641 1993 5697 14.

330 5780 442 5852 (34)
470 5780 574 5834 Καὶ
612 5780 891 5848 Σαμουὴλ
919 5782 1066 5849 γοῦν
1085 5781 1489 5851 ἔξω-σώματος
1513 5779 1826 5849 εἰργάσατο

1932 5779 2264 5849 νοςρητεύων.
2310 5777 2434 5832 Vide
2458 5775 2744 5848 Origenem
2775 5779 2826 5833 in
2866 5777 2886 5833 I
2925 5777 3056 5848 Reg.
3088 5790 3205 5844 cap.
3232 5790 3415 5834 xxvm.

581 5877 993 5935 Ρριτιιομϐιι.
1039 5878 1211 5936 ΧΙΙΙ.

3074 5869 3152 5929 ω
