4032 6308
288 453 421 512 ίῶτ

1237 443 1584 498 COMMEN'I‘.
1628 442 1693 497 lN
1732 438 2155 496 MATTHA‘ZUM
2191 436 2428 494 TOMUS
2466 432 2577 490 XV.

3385 429 3522 485 1558

285 591 368 625 πω
410 569 659 643 κριθῆναι
687 567 792 621 τῶν
829 567 885 618 ὲν
930 565 1006 636 τῷ
1043 564 1323 636 ἀμπελῶνι
1347 564 1542 635 ἔργων.
1585 564 1692 616 Καὶ
1722 562 1856 616 καύ-

1970 562 2079 616 lem
2113 560 2325 629 pondus
2362 558 2468 612 diei
2509 568 2564 612 et
2593 564 2785 611 :estum
2837 555 3249 622 sustinuerunt;
3303 564 3358 609 at
3391 573 3526 629 pon-

284 663 429 716 σωνά
474 677 537 730 γε
573 659 877 712 ἐϐάστασαν
911 658 960 710 οἱ
995 656 1100 727 πρὸ
1134 656 1234 725 τῆς
1269 655 1580 724 ἑνδεκάτης,
1629 653 1858 715 ἕκαστος

282 755 400 807 κατ’
448 750 738 818 ἀναλογίαν
775 748 876 819 τῆς
918 747 1218 819 κλήσεωςο)
1274 745 1348 816 μὴ
1395 745 1591 806 εἰδότες
1647 745 1710 796 τὸ
1763 743 1857 796 τοῦ

277 841 657 896 οἰκοδεσπότου
687 838 902 911 ἀξίωμα
928 839 977 890 οἱ
1012 835 1239 907 πρῶτοι,
1272 834 1367 888 καὶ
1392 835 1474 887 ὅτι
1513 834 1572 887 οὐ
1600 833 1706 905 χρὴ
1734 850 1860 901 γογ-

281 929 465 998 γύζειν
498 928 641 984 κατὰ
677 927 890 992 τούτου⁴
919 925 1100 980 πλεῖόν
1139 942 1192 977 τι
1236 925 1509 995 σωτηρίας
1533 917 1602 995 ἦς
1651 921 1861 992 λαμϐά-

283 1040 460 1076 νουσιν
492 1022 544 1074 οἱ
563 1021 883 1082 τελευταῖοι,
909 1017 1165 1089 ᾠήθησαν
1193 1015 1478 1086 λήψεσθαι,
1511 1014 1606 1068 καὶ
1634 1014 1861 1082 ὲγόγγυυ

283 1115 373 1179 ζον
416 1113 558 1167 κατὰ
601 1113 696 1165 τοῦ
746 1109 1151 1173 οἰκοδεσπότου,
1203 1106 1522 1177 φθονοῦντες
1567 1108 1699 1177 ἡμῖν
1747 1109 1860 1168 τοῖς

283 1199 552 1268 ἐσχάτοις,
592 1198 719 1268 μίαν
762 1197 910 1268 ῶραν
944 1197 1042 1267 τὴν
1085 1195 1246 1266 μέχρι
1278 1193 1378 1263 τῆς
1415 1193 1722 1257 συντελείας
1761 1211 1861 1246 πε-

284 1289 560 1360 ποιηκόσι,
596 1289 688 1342 καὶ
727 1289 860 1352 ἴσοις
892 1288 1138 1357 γεγονόσι
1176 1290 1287 1350 τοῖς
1318 1285 1554 1356 ἀρχῆθεν
1586 1285 1861 1356 κεκλημέο

284 1400 397 1446 νοις
429 1382 522 1434 επὶ
568 1381 660 1434 τὸν
699 1380 840 1434 θεῖον
879 1379 1194 1451 ἀμπελῶνα.
1241 1377 1380 1430 Ἀλλ’
1423 1381 1451 1431 ὁ
1481 1376 1863 1446 οἰκοδεσπότης

285 1474 367 1527 ἑνὶ
395 1473 575 1527 αὐτῶν
607 1469 748 1536 εἶπε,
782 1472 922 1542 τάχα
951 1471 1028 1542 τῷ
1066 1472 1236 1544 Ἀδάμ
1261 1471 1370 1542 (55)
1394 1487 1409 1501 ·
1443 1490 1461 1521 ι
1503 1470 1735 1542 Ἑταῖρε,
1764 1469 1862 1521 οὐκ

284 1563 455 1617 ἀδικῶ
487 1581 563 1620 σε.
595 1564 728 1635 Οὐχὶ
752 1564 1002 1635 δηνάριον
1037 1563 1394 1634 συνεφώνησά
1418 1580 1500 1616 σοι
1531 1561 1673 1633 (56);
1695 1557 1862 1634 'Apov

284 1654 348 1708 τὺ
404 1655 517 1719 σὺν,
548 1657 643 1709 καὶ
678 1656 859 1726 ὕπαγε
882 1673 897 1688 ο
933 1677 951 1708 ι
992 1656 1082 1710 σὸν
1113 1657 1220 1728 γὰρ
1253 1657 1286 1726 ἡ
1332 1654 1574 1726 σωτηρία
1605 1654 1666 1706 τὸ
1696 1652 1860 1724 δηνά-

288 1761 424 1816 ριον.
473 1763 493 1796 ι
528 1744 680 1798 Θέλω
708 1746 817 1818 γὰρ
847 1747 942 1799 καὶ
978 1745 1173 1814 τούτῳ,
1220 1744 1374 1814 φησὶ,
1424 1743 1605 1797 δοῦναι
1645 1743 1722 1806 ὡς
1769 1743 1864 1797 καὶ

286 1835 404 1889 σοί·
448 1855 466 1888 ι
515 1837 611 1890 καὶ
649 1838 750 1890 οὐκ
782 1833 924 1901 εἷπε,
977 1855 996 1888 ι
1033 1834 1263 1899 τούτοις,
1303 1854 1321 1886 ι
1371 1835 1485 1888 ἀλλ’
1527 1834 1695 1900 ἔδειξε
1740 1851 1863 1887 τινα

284 1929 408 1981 κατ’
454 1927 647 1999 ἐξοχὴν
694 1927 791 1981 ἕνα
829 1928 939 1998 (57)
997 1927 1056 1980 ὂν
1095 1926 1493 1998 τολμηρότερον
1547 1925 1645 1996 μὲν
1692 1926 1864 1978 εἰπεῖν

284 2017 433 2080 ὅστις
464 2018 611 2072 ἐστίν
628 2035 643 2050 ο
678 2019 777 2072 οὐκ
803 2018 1080 2082 ἀπιθάνως
1103 2018 1148 2071 δ’
1175 2020 1240 2074 ἀν
1264 2035 1348 2082 τις
1378 2017 1698 2088 στοχάσαιτο
1720 2015 1867 2069 Παῦ-

284 2107 376 2162 λον
411 2109 509 2180 μὲν
542 2105 679 2164 εἶναι
723 2111 814 2163 τὸν
852 2111 1168 2175 ἀπόστολον,
1203 2109 1333 2181 μίαν
1375 2109 1523 2182 ὥραν
1557 2110 1870 2181 ἐργασάμε-

284 2217 376 2254 νον
401 2202 542 2272 τάχα
577 2201 717 2274 ὑπὲρ
749 2202 958 2267 πάντας
982 2203 1110 2266 τοὺς
1135 2202 1241 2273 πρὸ
1267 2201 1455 2256 αὑτοῦ.
1491 2202 1554 2254 Εἰ
1583 2200 1643 2254 δὲ
1668 2200 1751 2255 δεῖ
1774 2202 1867 2255 καὶ

287 2294 536 2366 περὶτοῦ
579 2295 900 2367 ἀμπελῶνός
923 2314 976 2350 τι
1005 2299 1199 2361 εἰπεῖν,
1225 2296 1458 2351 λαϐόντα
1485 2295 1736 2366 ἀφορμὴν
1771 2295 1868 2348 ἀπ’

287 2381 454 2434 αὐτοῦ
482 2381 577 2436 τοῦ
608 2384 1040 2455 ἑρμηνεύσαντας
1071 2387 1127 2438 ἐν
1167 2388 1281 2448 τοῖς
1312 2384 1440 2455 περὶ
1481 2383 1645 2455 ἄλλης
1687 2401 1867 2455 παρα-

287 2472 455 2544 ϐολῆς
480 2473 571 2528 τδν
594 2475 913 2547 ἀμπελῶνα,
949 2477 1214 2548 φήσομεν,
1253 2477 1334 2528 ὅτι
1366 2474 1624 2546 ἀμπελών
1651 2477 1799 2528 ἐστιν
1830 2477 1865 2546 ἡ

289 2563 537 2636 βασιλεία
566 2567 660 2621 τοῦ
703 2567 859 2621 Θεοῦ.
904 2568 1090 2631 Οὕτως
1117 2567 1227 2638 γὰρ
1265 2566 1428 2629 αὐτὸς
1459 2562 1611 2619 εἶπεν
1651 2566 1709 2620 ἐν
1747 2564 1825 2637 τῷ
1849 2583 1862 2596 ·

293 2675 314 2709 ι
357 2657 676 2731 Ἀρθήσεται
699 2661 792 2729 ἀφ’
831 2661 983 2730 ὑμῶν
1013 2661 1046 2730 ὴ
1073 2658 1316 2730 βασιλεία
1347 2656 1442 2711 τοῦ
1467 2658 1626 2723 Θεοῦ,
1657 2660 1752 2713 καὶ
1781 2658 1868 2712 δο-

1960 653 2064 707 dus
2103 652 2256 717 illud,
2291 666 2351 706 se
2396 664 2590 720 nempe
2625 649 2830 704 otiosos
2878 649 3111 712 stetisse,
3137 649 3529 707 sustinuerunt.

1960 747 2263 815 Antequam
2287 757 2416 812 ergo
2455 743 2520 798 ad
2549 758 2649 798 nos
2678 741 2989 798 advenisset
3010 740 3275 797 Dominus
3314 744 3406 812 qui
3437 757 3532 796 no-

1961 838 2046 894 bis
2073 837 2245 892 dixit:
2285 855 2304 886 ‹
2342 835 2534 890 Venite
2559 835 2624 890 ad
2671 849 2779 901 me,
2827 848 3018 889 omnes
3065 833 3160 902 qui
3196 832 3455 887 laboratis
3483 846 3536 889 et

1962 928 2172 986 onerati
2201 928 2356 990 estis,
2379 935 2435 981 et
2457 942 2556 995 ego
2591 926 2829 981 reﬁciam
2871 940 2968 980 vos
2999 925 3080 988 ἠς
3118 945 3136 975 ι
3184 925 3348 994 (onus
3390 922 3535 976 enim

1963 1028 2082 1089 erat
2127 1019 2310 1083 otiari,
2341 1033 2442 1072 nec
2475 1019 2670 1088 dignos
2700 1018 2913 1086 uspiam
2945 1015 3152 1070 censeri
3180 1028 3209 1067 ο
3253 1013 3455 1082 quibus
3483 1014 3536 1066 iu

1963 1111 2122 1165 vinea
2148 1108 2442 1164 excolenda
2459 1123 2624 1177 opera
2647 1107 2981 1164 conferatur.
3012 1105 3077 1159 Et
3100 1113 3293 1159 aestum
3318 1105 3536 1174 quidem

1962 1201 2091 1264 dici,
2125 1199 2503 1268 unusquisque
2532 1214 2631 1268 pro
2658 1199 2962 1253 vocationis
2988 1212 3101 1251 suae
3123 1197 3353 1260 ratione,
3378 1194 3539 1266 705

1965 1293 2268 1348 tolerarunt
2312 1291 2406 1359 qui
2453 1299 2578 1344 ante
2619 1291 2960 1345 undecimam
3007 1289 3166 1344 acciti
3209 1289 3372 1353 sunt)
3415 1302 3539 1341 cum

1962 1381 2371 1456 patrislamilias
2402 1381 2720 1450 dignitatem
2753 1383 3066 1448 ignorarent
3090 1380 3272 1450 primi,
3314 1395 3414 1434 nec
3445 1378 3542 1433 ad-

1967 1493 2157 1533 versus
2192 1492 2317 1532 eum
2370 1477 2596 1531 minime
2638 1471 3089 1527 murmurandum
3134 1488 3256 1528 esse
3298 1472 3541 1534 scirent,

1963 1567 2199 1636 amplius
2231 1565 2433 1635 aliquid
2465 1564 2657 1620 salutis
2686 1571 2849 1632 atque
2871 1561 3200 1631 posteriores
3223 1561 3400 1631 adepti
3431 1559 3544 1616 fue-

1965 1659 2094 1722 rint,
2125 1672 2185 1714 se
2219 1663 2613 1712 consecuturos
2659 1654 3141 1718 existimaverunt,
3191 1661 3246 1707 et
3282 1653 3546 1708 adversus

1964 1746 2411 1819 patremfamilias
2449 1745 2832 1812 mussitarunt,
2881 1743 3040 1798 nobis
3085 1744 3373 1814 postremis
3405 1742 3544 1796 invi-

1964 1840 2173 1905 dentes,
2211 1841 2303 1910 qui
2328 1855 2426 1910 per
2451 1839 2616 1894 unius
2644 1837 2820 1892 solum
2858 1836 3006 1890 hora:
3029 1835 3286 1904 spatium,
3317 1834 3383 1890 ad
3413 1847 3546 1889 con-

1969 1931 2389 1986 summationem
2441 1942 2618 1998 usque
2659 1941 2796 1996 opus
2837 1925 3160 1992 fecerimus,
3211 1935 3266 1980 et
3309 1925 3546 1994 aequales

1973 2029 2151 2075 tamen
2209 2020 2278 2075 iis
2342 2019 2518 2074 eﬂ‘ecti
2575 2019 2751 2074 simus
2793 2016 2888 2086 qui
2935 2016 3002 2070 ad
3047 2016 3288 2070 divinam
3330 2018 3543 2070 vineam

1969 2110 2038 2165 ab
2066 2109 2220 2164 initio
2248 2109 2498 2164 advocati
2546 2117 2674 2165 sunt
2712 2126 2725 2162 :
2765 2115 2821 2162 at
2849 2105 3242 2176 paterfamilias
3286 2108 3379 2160 uni
3425 2107 3548 2160 illo-

1970 2218 2092 2256 rum
2115 2239 2131 2266 ,
2168 2202 2271 2272 ipsi
2309 2201 2543 2257 fortasse
2576 2200 2787 2254 Adamo
2809 2199 2947 2254 dixit
2986 2198 3031 2229 ⁷⁹
3066 2215 3078 2252 .'
3116 2217 3135 2249 ι
3170 2198 3396 2265 Amice,
3436 2213 3545 2254 non

1969 2292 2113 2348 facio
2152 2292 2250 2347 tibi
2284 2291 2541 2362 injuriam
2567 2331 2582 2356 ,
2631 2305 2814 2345 nonne
2852 2305 2918 2343 ex
2970 2289 3196 2344 denario
3240 2289 3546 2344 convenisti

1969 2383 2227 2438 mecum?
2274 2380 2426 2438 Tolle
2463 2380 2611 2452 quod
2655 2389 2805 2441 tuum
2853 2387 2969 2446 est,
3016 2386 3070 2434 et
3109 2379 3273 2444 vade,
3321 2399 3340 2431 ι
3393 2389 3547 2434 tuum

1969 2476 2169 2546 quippe
2193 2483 2278 2530 est
2309 2475 2478 2538 salus,
2521 2489 2644 2544 quae
2673 2472 2934 2528 denarius
2973 2481 3076 2529 est.
3117 2491 3135 2524 ι
3179 2470 3315 2526 Volo
3369 2472 3548 2536 enim,

1969 2566 2149 2636 inquit
2174 2566 2256 2632 ³ο,
2314 2575 2369 2620 et
2406 2564 2535 2619 huic
2583 2564 2714 2618 dare
2753 2563 2895 2620 sicut
2932 2575 2986 2620 et
3025 2563 3157 2629 tibi;
3193 2581 3211 2615 ι
3252 2577 3352 2618 nec
3389 2561 3550 2629 dixit,

1979 2675 1998 2708 ι
2031 2656 2141 2723 bis,
2184 2675 2203 2708 ι
2241 2656 2336 2712 sed
2369 2671 2539 2710 unum
2584 2656 2821 2725 aliquem
2847 2656 3108 2712 eximium
3142 2664 3196 2710 et
3239 2653 3550 2724 pracellen-

289 2748 515 2819 θήσεται
557 2750 697 2805 ἔθνει
734 2751 975 2805 ποιοῦντι
1017 2753 1144 2814 τοὺς
1176 2751 1424 2822 καρποὺς
1474 2750 1638 2804 αὐτοῦ
1681 2750 1812 2823 (58).
1845 2770 1864 2804 ι

1973 2759 2082 2804 tem
2112 2749 2436 2821 designavit,
2471 2765 2632 2820 quem
2668 2749 2909 2805 indicare
2937 2747 3285 2804 temerarium
3331 2754 3447 2813 est;
3496 2755 3554 2800 at

291 2839 500 2904 Πάντες
525 2837 616 2894 οὖν
645 2843 693 2895 οἱ
725 2843 797 2896 τὰ
833 2843 969 2914 ἔργα
1007 2839 1102 2896 τοῦ
1137 2841 1459 2912 ἀμπελῶνος
1484 2842 1863 2914 ἐργαζόμενοι,

1975 2855 2083 2895 ηοη
2131 2841 2319 2911 procul
2371 2856 2401 2896 a
2447 2856 2576 2896 vero
2617 2840 2846 2896 Paulum
2893 2840 3038 2896 hunc
3080 2855 3204 2896 esse
3244 2837 3550 2909 apostolum

289 2930 362 2983 τὰ
394 2930 530 3002 ἔργα
553 2932 650 3003 τῆς
677 2933 950 3004 βασιλείας
979 2933 1073 2986 τοῦ
1098 2932 1231 2986 Θεοῦ
1257 2932 1424 2999 ἀξίως
1448 2933 1720 3005 σωτηρίας
1748 2935 1866 2987 ὲπι-

1974 2932 2168 3002 conjici
2193 2940 2390 3002 potest,
2416 2933 2510 3002 qui
2543 2948 2650 2987 una
2685 2933 2817 2988 liora
2849 2931 2998 3002 operi
3029 2933 3276 2987 incubuit
3299 2947 3408 3002 prae
3429 2945 3551 2986 om-

289 3020 591 3093 τελοῦντες,
619 3024 679 3077 τὸ
704 3024 955 3097 δηνάριον
989 3026 1264 3098 λήψονται.

1973 3024 2138 3079 nibus
2174 3022 2407 3079 fortasse
2446 3025 2540 3093 qui
2583 3025 2688 3094 ipsi
2729 3023 3091 3082 anteiverunt.
3128 3023 3282 3090 Quod
3316 3024 3363 3079 si
3392 3033 3446 3078 et
3487 3023 3555 3076 de

289 3112 449 3166 vinea
479 3113 683 3184 aliquid
703 3113 992 3169 dicendum
1034 3123 1144 3179 est,
1175 3114 1343 3184 petito
1369 3113 1438 3167 ab
1464 3127 1531 3167 eo
1586 3123 1908 3182 argumento
1945 3115 2038 3184 qui
2076 3115 2316 3185 aliquam
2384 3131 2694 3187 proponens
2735 3115 3049 3186 parabolam
3105 3117 3237 3187 quid
3277 3116 3349 3172 sit
3398 3116 3556 3171 vinea

289 3207 564 3276 patefecit,
593 3209 804 3264 vineam
849 3224 970 3264 esse
994 3223 1221 3280 regnum
1256 3207 1352 3261 Dei
1385 3208 1893 3277 pronuntiabimus;
1935 3209 2014 3264 sic
2045 3209 2190 3264 enim
2227 3211 2346 3280 ipse
2390 3211 2495 3266 hoc
2535 3210 2656 3266 loco
2691 3209 2768 3265 ait
2793 3209 2836 3242 ⁸¹
2883 3228 2897 3264 :
2938 3227 2958 3261 t
2997 3209 3292 3266 Auferetur
3342 3224 3374 3264 a
3403 3208 3556 3264 vobis

290 3311 518 3366 regnum
544 3297 661 3362 Dei,
693 3308 748 3354 et
773 3299 992 3355 dabitur
1020 3300 1164 3371 genti
1204 3299 1424 3356 facienti
1469 3299 1680 3356 fructus
1708 3301 1849 3371 ejus.
1876 3320 1896 3353 ι
1941 3301 2266 3374 Quicunque
2292 3319 2423 3375 ergo
2457 3304 2512 3359 in
2559 3303 2854 3359 excolenda
2887 3303 3046 3359 vinea
3081 3318 3220 3374 opus
3269 3302 3553 3365 facientes,

287 3408 453 3465 opera
485 3395 633 3464 regni
679 3393 774 3448 Dei
821 3396 994 3451 salute
1035 3396 1196 3466 digna
1234 3407 1539 3466 peragunt,
1581 3397 1866 3451 denarium
1905 3398 2186 3469 recipient.

361 3482 521 3538 Μετά
554 3482 615 3536 τὸ
659 3483 1032 3554 ὑπαγορεῦσαι
1073 3485 1246 3538 ταῦτα
1289 3487 1369 3550 εἰς
1401 3486 1502 3556 τὴν
1547 3486 1866 3558 ἐκκειμένην

2050 3488 2138 3543 56.
2180 3489 2478 3559 Postquam
2517 3506 2582 3546 ea
2628 3507 2794 3561 super
2826 3499 3103 3560 proposnta
3136 3489 3391 3560 parabola
3438 3490 3553 3545 dis-

289 3574 628 3647 παραϐολὴν,
655 3574 938 3629 καὶταῦτα
965 3576 1236 3628 ὑπέπεσεν
1260 3577 1390 3646 ἡμῖν
1412 3578 1493 3638 εἰς
1521 3575 1710 3646 αὐτὴν,
1736 3578 1866 3646 χρήὲ

1979 3581 2289 3647 seruimus,
2342 3582 2456 3634 haec
2497 3581 2658 3636 etiam
2703 3595 2868 3650 super
2917 3595 2979 3635 ea
3020 3579 3178 3634 nobis
3220 3581 3273 3633 iu
3318 3588 3555 3635 mentem

289 3685 428 3738 σιμά
475 3661 613 3720 εἶναι
664 3667 936 3737 δυνάμενα
985 3669 1097 3730 τοῖς
1150 3667 1553 3738 προσκόπτουσι
1599 3670 1665 3738 τῇ
1707 3666 1866 3736 βαθυ-

1981 3669 2222 3732 veniunt,
2271 3685 2394 3738 quae
2444 3669 2528 3724 bis
2570 3670 2722 3724 utilia
2752 3685 2873 3724 esse
2897 3681 3128 3739 possunt
3159 3685 3298 3738 quos
3327 3669 3554 3740 profun-

281 3756 429 3829 τέρᾳ.
471 3757 581 3828 (59)
616 3759 711 3811 καὶ
754 3757 1169 3829 ἀποῤῥητοτέρᾳ
1211 3757 1480 3829 διηγήσει.
1528 3758 1692 3828 Φήσει
1739 3757 1866 3825 γοῦν

1981 3753 2104 3808 dior
2152 3764 2206 3810 et
2253 3756 2584 3811 recouditior
2636 3757 2858 3812 oﬂ‘endit
2907 3758 3296 3827 interpretatio.
3344 3758 3555 3828 Aliquis

1502 3868 1733 3925 VETUS
1770 3867 2350 3927 INTERPRETATIO.

277 3980 617 4062 dignitatem
639 3979 828 4062 primi,
858 3988 912 4034 et
933 3981 1193 4062 quoniam
1219 3995 1336 4062 non
1366 3979 1633 4062 debebant
1661 3981 1924 4035 adversus
1951 3996 2075 4035 eum
2109 3997 2472 4047 murmurare,
2504 3984 2971 4062 ampliu_s__aliquid
2996 3988 3210 4062 salutis
3253 4007 3417 4060 quam
3457 4012 3558 4050 nn-

278 4050 509 4122 viss‘jmi
538 4050 831 4122 accipiunt,
863 4051 1109 4122 accipere
1139 4057 1498 4122 putaverunt;
1531 4058 1580 4104 et
1622 4062 2099 4122 murmuraverunt
2139 4063 2328 4108 contra
2381 4050 2873 4122 patremfamilias;
2898 4058 3204 4116 invidentes
3245 4050 3406 4118 nobis
3455 4083 3553 4119 no-

284 4124 397 4205 vis?
417 4119 686 4205 imisue!“
719 4134 885 4205 υηειῐ·
911 4119 1101 4177 horam
1137 4119 1306 4205 ίιξίιιεθ
1335 4119 1401 4205 δέ
1429 4120 1954 4205 ορηξιιφφίθὲοηςξῖι
1990 4119 2240 4202 fecimus.
2264 4133 2318 4177 ει
2358 4119 2563 4205 similes
2592 4119 3070 4205 [ξοιίευωιεερῖε
3105 4131 3258 4205 quia
3286 4133 3554 4205 principio

285 4194 394 4266 diei
442 4188 782 4266 addivinam
817 4190 1031 4266 vineam
1064 4199 1194 4266 sunt
1221 4188 1419 4266 vocati.
1453 4188 1558 4243 Sed
1597 4188 2014 4266 paterfamilias
2037 4192 2129 4243 uni
2173 4206 2362 4266 eorum
2409 4192 2546 4246 dixit
2593 4191 2844 4262 (forsitan
2881 4188 3072 4265 Adaei:
3123 4188 3142 4249 ἱ
3190 4188 3398 4266 Amice,
3443 4188 3552 4258 rion

291 4263 443 4340 [ac-,0
470 4260 568 4340 ubi
591 4259 878 4340 injuria"),
915 4257 1106 4340 [δέρηηθ
1133 4259 1357 4340 denario
1385 4257 1612 4340 conveni
1634 4268 1817 4340 tecum
1839 4258 2088 4340 ?_Accip_e
2112 4261 2256 4340 quod
2295 4272 2447 4340 tuum
2480 4271 2567 4340 est
2591 4257 2876 4340 (tuumest
2902 4257 3047 4340 enim
3085 4269 3256 4333 salus,
3298 4257 3446 4340 quod
3468 4257 3556 4329 est

293 4327 705 4406 denarium)__et
745 4329 899 4383 vade.
933 4328 1071 4406 Volo
1095 4337 1276 4406 autem
1307 4338 1363 4383 et
1405 4328 1494 4382 isti
1524 4327 1823 4382 novissimo
1847 4328 1978 4382 dare
2019 4327 2163 4406 sicut
2204 4339 2259 4385 et
2285 4331 2403 4406 tibi.
2450 4350 2469 4382 ι
2512 4327 2731 4406 Et_'_non
2761 4334 2900 4388 dixit
2947 4335 3066 4390 istis
3099 4327 3429 4406 novis-siritis,
3459 4327 3551 4398 sed

295 4400 540 4457 ostendit
569 4399 806 4470 aliquem
837 4399 1136 4470 secundum
1171 4397 1376 4470 exitum
1408 4412 1614 4470 _unum,
1643 4413 1804 4470 quem
1843 4399 2166 4470 temeritatis
2207 4401 2426 4469 quidem
2457 4410 2542 4455 est
2569 4402 2769 4466 dicere,
2802 4420 2909 4459 non
2948 4414 3127 4461 tamen
3162 4397 3555 4468 incredibiliter

376 4479 483 4526 test
513 4470 635 4548 quis
662 4467 921 4548 arbitrari
953 4471 1260 4548 apostolum
1293 4467 1670 4548 Paulum,nqui
1702 4482 1809 4548 una
1851 4468 1996 4548 bora_
2032 4478 2124 4548 est
2159 4467 2436 4548 operatus,
2469 4481 2546 4548 et
2574 4471 2804 4527 forsitan
2850 4488 3015 4544 super
3061 4492 3254 4533 omnes
3285 4480 3380 4548 qui
3427 4467 3555 4536 ante

325 4534 547 4612 uerunt;
590 4539 734 4612 sicut
773 4534 1173 4612 ipse_testatur_
1203 4537 1391 4593 dicens
1409 4553 1428 4612 _:
1486 4555 1504 4587 ι
1547 4534 1650 4612 Sed
1678 4535 1800 4607 plus
1829 4538 2087 4612 omnibus
2110 4534 2371 4594 laboravi.
2414 4534 2461 4612 si
2491 4539 2548 4594 Si
2599 4550 2780 4597 autem
2825 4534 3038 4612 oportet
3081 4557 3134 4602 et
3171 4549 3238 4602 de
3282 4534 3552 4606 vinea—di;

299 4624 427 4687 cere
469 4609 697 4675 aliquid,
743 4607 953 4687 accipio
997 4607 1337 4687 occasionem
1373 4607 1442 4660 ab
1463 4607 1722 4687 _eoipso,
1757 4607 1850 4687 q_ui
1902 4607 2290 4687 interpretatus
2332 4619 2418 4665 est
2449 4611 2502 4664 in
2518 4611 2642 4687 alia
2685 4607 2938 4687 parabola
2973 4615 3041 4668 de
3073 4617 3252 4687 vinea,
3293 4620 3552 4687 quoniam

297 4681 462 4758 vinea
488 4674 574 4758 est
599 4691 824 4758 regnum
860 4674 972 4730 Dei.
1005 4674 1096 4731 Sic
1122 4677 1268 4757 enim
1304 4677 1418 4746 ipse
1431 4674 1616 4758 Adixit’:
1646 4694 1665 4726 ε
1695 4675 1987 4758 Auferctur
2008 4674 2226 4734 a'vobis
2258 4695 2485 4758 l‘lelﬂfll
2514 4679 2632 4746 Dei,
2662 4674 2717 4758 et
2743 4682 2961 4758 dabitur
2997 4687 3142 4758 genti
3176 4674 3395 4743 facienti
3435 4674 3554 4745 frui;

298 4757 452 4830 ctum
473 4747 612 4814 ejus.
653 4745 683 4796 »⁷
707 4745 908 4830 Omnes
934 4761 1064 4817 ergo
1106 4746 1198 4816 qui
1223 4745 1515 4816 operantur
1551 4760 1715 4814 opera
1747 4747 1935 4810 vincte,
1969 4762 2133 4816 opera
2169 4745 2346 4820 regni'
2365 4748 2479 4815 Dei,
2516 4761 2568 4805 et
2598 4745 2772 4806 Salute
2803 4753 2964 4822 digna
2996 4745 3356 4825 perlicientes,
3386 4757 3557 4814 dena-

299 4826 446 4872 rium
479 4826 903 4884 consequentur.

374 4886 467 4969 ὅθ.
507 4886 798 4969 Postquam
832 4893 1010 4966 autem
1034 4884 1368 4969 dictavinius
1391 4885 1506 4939 haec
1539 4884 1594 4969 in
1626 4886 2022 4969 parabolatliac
2051 4888 2700 4969 prasenti,psubveuiunt
2733 4889 2890 4969 nobis
2913 4892 3097 4969 _etiam
3135 4894 3247 4950 haec
3273 4913 3396 4967 qua:
3425 4915 3554 4969 pos-

301 4965 435 5012 sunt
467 4970 588 5010 esse
621 4955 770 5008 utilia
801 4955 882 5009 eis
915 4955 1009 5024 qui
1033 4955 1086 5008 in
1115 4955 1292 5009 altiori
1325 4967 1378 5009 et
1405 4955 1683 5009 secretiori
1707 4955 2377 5032 expositione’proliciunt.
2409 4958 2560 5013 Dicet
2585 4959 2728 5013 enim
2759 4960 2958 5030 aliquis
2985 4977 3203 5020 omnem
3237 4955 3402 5023 viiam
3425 4955 3555 5026 lesse

387 5101 435 5132 ⁷⁸
463 5098 652 5153 Matth.
681 5115 757 5162 SI,
787 5097 877 5150 28.
953 5097 999 5126 τ’
1033 5095 1219 5150 Matth.
1252 5112 1342 5156 xx.
1381 5097 1468 5152 i5.
1543 5097 1588 5128 ⁸⁰
1623 5097 1751 5151 ibid.
1785 5098 1866 5151 14.

1970 5098 2008 5128 εί
2039 5097 2226 5154 Matth.
2257 5115 2370 5165 χχι,
2399 5099 2488 5152 45.

377 5213 486 5284 (55)
536 5213 780 5284 315.112}!
832 5208 1261 5284 οἰκοδεσπότης
1309 5209 1399 5261 ἑνί
1456 5209 1655 5284 αὐτῶν
1709 5205 1838 5284 εἷπε
1859 5249 1874 5273 ,

300 5278 566 5352 τάχατῷ
610 5280 814 5350 Ἀδάμ,
845 5289 948 5352 etc.
974 5278 1371 5352 l-lieronyinus:
1404 5297 1421 5328 ι
1456 5278 1584 5348 Legi
1612 5280 1665 5333 in
1697 5279 1882 5352 cujus-

304 5348 432 5408 daiii
468 5352 608 5406 libro
639 5348 876 5405 amicum
914 5351 1077 5403 istum
1109 5348 1202 5417 qui
1236 5349 1546 5418 increpatur
1580 5364 1608 5402 a
1637 5348 1878 5418 patrefa-

305 5422 511 5486 iuilias,
538 5423 728 5490 primae
757 5422 905 5474 horae
934 5420 1265 5488 operarium,
1288 5417 1697 5490 AProtoplasiujn
1730 5418 1882 5472 intel-

305 5492 425 5560 ligi.
449 5500 502 5560 et
529 5486 622 5544 eos
645 5491 743 5560 qui
779 5490 870 5560 illo
904 5486 1146 5558 tempore
1175 5486 1540 5560 crediderunt.
1571 5486 1876 5560 {Hunnus

380 5559 490 5630 (56)
517 5556 1404 5630 adlidnrdptoridvrsgcdimo’d
1433 5573 1564 5620 om;
1589 5557 1879 5630 _ItaArabs,

304 5628 479 5684 Persa
503 5638 556 5682 et
580 5628 850 5698 lEtbiops.
877 5629 942 5681 At
970 5629 1156 5684 Graeca
1187 5629 1368 5682 omnia
1393 5628 1741 5698 exemplaria,
1770 5643 1881 5681 uno

306 5707 557 5768 excepto,
585 5699 779 5768 habent
815 5717 827 5751 :
853 5699 1236 5768 συνεφώνησάς
1268 5715 1378 5768 μοι,
1405 5698 1550 5767 quod
1574 5707 1877 5767 sequuntur

311 5766 572 5837 Vulgatus
601 5778 653 5821 et
685 5766 872 5836 Syrus.
911 5766 1171 5824 "utrius.

384 5835 494 5908 (57)
530 5835 764 5903 Ἕδειξέ
803 5855 934 5890 τινα
981 5841 1105 5893 κατ’
1152 5837 1378 5908 ἐξοχὴν
1415 5837 1540 5906 ἕνα,
1573 5846 1677 5894 etc.
1709 5835 1874 5893 Vetus

1981 5211 2277 5280 interpres,
2332 5229 2350 5261 ι
2409 5209 2644 5264 ostendit
2687 5197 2925 5280 aliquem
2983 5218 3280 5271 seCundum
3344 5221 3548 5274 exitum

1986 5296 2171 5367 unum;
2199 5280 2501 5367 LLegcrat,
2527 5281 2646 5366 κατ’
2679 5281 2880 5367 ἔξοδον,
2900 5286 2991 5339 sed
3017 5287 3212 5367 inepte:
3247 5290 3323 5341 in.

2051 5348 2930 5421 (§8)_Hocoﬁrtttobg_xapxobc
2952 5348 3156 5409 αὐτοῦ.
3190 5355 3264 5410 lca
3289 5358 3446 5412 codd.
3480 5359 3548 5414 ﬂ.

1980 5429 2040 5498 et
2063 5418 2338 5498 'IEJVulgo
2387 5419 2583 5498 legitur
2623 5418 2812 5498 Matth.
2860 5426 3087 5498 χχι-,⁸45
3107 5464 3121 5488 ,
3149 5428 3274 5498 τοὺς
3306 5430 3552 5498 καρποὺς

1981 5489 2188 5613 ἓὺτῇςί
2228 5487 2461 5559 nempe,
2504 5487 2812 5558 βασιλείας,
2856 5503 2911 5547 at
2955 5493 3072 5562 hic,
3109 5487 3310 5564 αὑτοῦ,
3361 5487 3556 5570 nempe

2027 5577 2137 5613 εου.
2191 5577 2244 5613 n.

2027 5577 2330 5701 €39)";qu
2361 5630 2813 5702 προσκόπτουσι
2845 5630 2919 5700 τῇ
2943 5633 3265 5702 βαθυτέρᾳ,
3303 5647 3409 5692 etc.
3451 5635 3548 5690 ναι-

1983 5700 2076 5755 tus
2119 5701 2383 5822 intelrpr.,
2421 5718 2438 5750 ί
2487 5700 2577 5768 qui
2627 5703 2957 5783 proﬁciunt;
3013 5723 3031 5755 ι
3061 5700 3302 5776 legebat,
3348 5715 3549 5780 προκό-

1984 5787 2193 5823 πτουσι.
2252 5787 2302 5824 D.
