4032 6308
233 378 414 454 '1565

1231 391 1580 449 COMMENT.
1622 389 1690 445 IN
1729 389 2144 448 MATTHAEUM
2185 389 2420 447 'l'OMUS
2458 387 2594 444 XVI.

3408 381 3554 439 136ίῖ

251 517 459 578 αὐτοῖς
497 513 639 569 κατὰ
664 515 724 567 τὸ
752 512 968 582 εὔλογον
998 514 1359 584 χωρήσωμεν,
1390 511 1647 574 λα6όντες
1679 507 1859 580 παρά-

1974 509 2084 579 plar
2105 508 2263 563 nobis
2286 523 2466 561 rerum
2483 502 2752 574 ejusmodi
2772 502 3162 572 Sospitatorem
3190 498 3358 571 709
3371 514 3552 571 primo

250 606 480 676 δειγμα
503 607 611 661 τῶν
638 605 890 659 τοιούτων
906 605 1331 676 προηγουμένως
1375 606 1472 675 μὲν
1500 604 1592 657 τὸν
1615 603 1859 674 Σωτῆρα,

253 694 412 760 μετὰ
444 695 510 748 δὲ
535 693 721 748 τοῦτον
753 695 846 746 καὶ
871 694 958 746 τὸν
973 691 1287 746 ’Δπόστολον
1312 692 1494 746 αὑτοῦ.
1523 690 1615 762 Μὴ
1634 690 1862 761 νομίσῃς

243 783 313 836 δὲ
361 783 752 839 ἐναντιοῦσθαι
787 783 980 848 ταῦτα,
1007 785 1102 837 καὶ
1130 785 1199 838 τὰ
1237 786 1324 836 ἐπ’
1358 786 1544 848 αὐτοῖς
1587 784 1678 852 ὑφ’
1707 781 1864 852 ἡμῶν

245 875 546 946 εἰρημένα
579 876 692 947 τῷ·
736 894 754 926 ι
813 874 939 928 Ἐὰν
964 874 1231 928 διώκωσιν
1265 876 1407 945 ὑμᾶς
1429 875 1493 927 ἐκ
1517 874 1616 943 τῆς
1659 871 1865 934 πόλεως

251 964 477 1036 ταύτης
507 965 644 1036 (45),
681 965 912 1035 φεύγετε
940 967 1020 1030 είς
1053 967 1152 1037 τὴν
1187 965 1376 1036 ἀλλην,
1405 985 1423 1017 ι
1455 965 1548 1018 καὶ
1575 966 1687 1026 τοῖς
1713 962 1862 1030 ἑξῆς,

252 1060 354 1112 καὶ
391 1057 480 1129 τῷ
513 1059 609 1112 τὸν
651 1058 858 1129 Ἰησοῦν
885 1058 1214 1122 ἀκούσαντα,
1256 1060 1336 1111 ὅτι
1395 1057 1646 1126 Ἰωάννης
1696 1070 1866 1125 παρε-

246 1147 392 1220 δόθη
431 1153 521 1214 είς
551 1150 818 1220 φυλακὴν,
853 1148 1330 1220 ἀνακεχωρηκέναι
1353 1165 1365 1178 ·
1404 1148 1582 1218 φαμὲν
1624 1146 1752 1215 γὰρ,
1783 1147 1865 1198 ὅτι

247 1238 390 1292 οὔτε
435 1241 675 1294 πάντοτε
710 1239 939 1311 καθήκει
972 1240 1240 1293 ἐκκλίνειν
1262 1241 1388 1302 τοὺς
1413 1238 1712 1300 κινδύνους,
1740 1235 1865 1289 οὔτε

248 1331 349 1383 ἀεὶ
383 1331 566 1402 ὁμόσε
613 1335 808 1404 χωρεῖν
839 1332 974 1400 πρὸς
1022 1330 1256 1394 αὐτούς⁸
1316 1328 1480 1398 σοφοῦ
1517 1325 1572 1381 δέ
1615 1345 1758 1390 τινος
1807 1330 1866 1380 ὲν

250 1420 505 1491 Χριστῷ
543 1423 701 1493 χρεία
733 1423 815 1484 είς
861 1421 922 1472 τὸ
963 1419 1276 1491 δοκιμάζειν
1315 1422 1464 1482 ποῖος
1506 1417 1604 1488 μὲν
1647 1418 1869 1471 ἀπαιτεῖ

251 1513 474 1585 καιρὸς
503 1511 870 1583 ἀναχώρησιν,
903 1513 1054 1574 ποῖος
1074 1512 1131 1563 δὲ
1155 1512 1253 1582 τὴν
1273 1511 1353 1573 εἰς
1374 1510 1466 1562 τὸν
1504 1509 1690 1576 ἀγῶνα
1731 1525 1866 1580 προ-

252 1602 482 1672 θυμίαν
516 1601 687 1671 χωρὶς
717 1599 1136 1669 ἀναχωρήσεως,
1177 1599 1272 1651 καὶ
1305 1595 1484 1667 πολλῷ
1510 1595 1668 1649 πλέον
1698 1595 1866 1666 χωρὶς

253 1690 478 1759 φυγῆς.
513 1689 624 1741 Καὶ
654 1687 826 1741 ταῦτα
857 1687 954 1757 μὲν
977 1686 1119 1738 κατὰ
1149 1686 1211 1739 τὸ
1255 1684 1501 1755 βούλημα
1537 1684 1637 1754 τῆς
1684 1686 1866 1736 ἐκκει-

257 1781 452 1852 μένης
480 1778 706 1851 Γραφῆς
727 1776 984 1848 λελέχθω,
1015 1778 1095 1840 εἰς
1125 1774 1438 1848 προτροπὴν
1465 1774 1564 1844 τὴν
1613 1772 1740 1842 περὶ
1771 1769 1866 1823 τοῦ

253 1870 514 1924 Θανάτου
545 1869 639 1922 καὶ
666 1867 926 1921 κινδύνων
947 1867 1324 1936 καταφρονεῖν.

346 1959 522 2031 Ἑξῆς
547 1959 602 2012 δὲ
633 1957 1071 2029 παρατηρητέον,
1094 1957 1176 2008 ὅτι
1212 1954 1418 2025 μέλλων
1444 1956 1472 2006 6
1497 1951 1705 2023 Ἰησοῦς
1737 1953 1870 2005 ἀνα-

256 2055 487 2108 δαίνειν
518 2055 598 2115 είς
635 2048 1001 2122 Ἰεροσόλυμα,
1028 2042 1174 2122 ᾗπερ
1207 2043 1481 2117 παρέλαϐε
1504 2045 1630 2107 τοὺς
1663 2043 1869 2096 δώδεκα

259 2147 391 2199 κατ’
446 2143 605 2207 ίδίαν,
633 2139 713 2206 εἷς
745 2141 852 2194 τῶν
875 2139 1082 2192 δώδεκα
1115 2139 1196 2191 ἔτι
1226 2139 1255 2191 6
1299 2135 1498 2199 Ἰούδας
1520 2131 1610 2205 ἦν,
1645 2135 1740 2187 καὶ
1779 2133 1869 2187 τὸν

278 2235 502 2288 Ἰούδαν
530 2233 802 2304 παρέλαϐε
830 2233 949 2286 κατ’
977 2230 1134 2285 ίδίαν·
1164 2229 1244 2282 ἔτι
1269 2230 1401 2300 γὰρ,
1437 2226 1604 2291 εἰκὸς,
1628 2225 1775 2288 ἄξιος
1799 2219 1866 2293 ἦν

265 2325 369 2378 τοῦ
399 2324 542 2395 μετὰ
573 2323 680 2376 τῶν
710 2322 914 2376 λοιπῶν
947 2320 1140 2374 ἕνδεκα
1179 2315 1701 2390 παραλαμϐάνεσθαι
1747 2315 1867 2367 κατ’

270 2416 424 2469 ἰδίαν
444 2432 460 2445 ο
493 2416 589 2469 καὶ⁸
616 2414 704 2466 ὅτε
737 2416 792 2466 ἐν
819 2416 886 2484 τῇ
906 2412 1010 2482 ὁδῷ
1033 2411 1186 2464 εἶπεν
1207 2410 1388 2472 αὐτοῖς
1414 2407 1499 2460 τό”
1539 2425 1559 2458 ί
1594 2406 1724 2459 Ἰδοὺ
1740 2407 1870 2459 ἀνα-

264 2506 541 2576 ϐαίνομεν
570 2507 648 2569 είς
682 2505 1067 2576 Ἰεροσόλυμα,
1125 2523 1142 2554 ι
1189 2503 1285 2556 καλ⁸
1328 2501 1396 2554 τά
1439 2498 1585 2569 ἑξῆς,
1629 2496 1869 2568 δηλονότι

266 2595 370 2648 καὶ
401 2594 592 2647 τοῦτον
627 2593 838 2665 ἔκρινεν
869 2593 965 2648 ’ἐνα
999 2591 1136 2646 εἶναι
1167 2590 1275 2644 τῶν
1298 2589 1602 2643 ἀκουόντων
1622 2587 1658 2641 ἃ
1687 2587 1870 2639 πείσε-

265 2702 361 2736 ται
401 2687 432 2737 6
463 2683 815 2750 Διδάσκαλος,
839 2685 939 2738 οὐκ
969 2681 1384 2751 ἀπογινώσκων,
1413 2681 1495 2734 ὅτι
1546 2678 1626 2732 ἔτι
1672 2677 1869 2742 Ἰούδας

267 2775 469 2844 ἠγνόει
494 2776 531 2828 ἃ
551 2777 788 2848 ποιήσει,
811 2777 886 2840 ὡς
909 2777 1138 2838 ἕκαστος
1162 2773 1317 2846 ἡμῶν
1338 2790 1351 2803 ·
1406 2773 1498 2825 καὶ
1547 2771 1656 2842 γάρ
1704 2772 1868 2823 πᾶσιν

269 2865 414 2932 ἡμῖν
443 2863 722 2918 λέλεκται·
761 2884 779 2917 ι
818 2866 910 2936 Μὴ
940 2866 1126 2936 καυχῶ
1165 2865 1232 2917 τὰ
1279 2867 1358 2928 είς
1402 2862 1618 2935 αύριον·
1669 2865 1731 2916 οὐ
1759 2863 1868 2935 γὰρ

271 2949 429 3016 οἶδας
462 2953 514 3006 τί
533 2954 741 3019 τέξεται
769 2959 802 3027 ή
837 2955 1088 3009 ἐπιοῦσα·
1127 2976 1144 3008 ι
1178 2954 1330 3010 οὖπω
1359 2955 1438 3016 δὲ,
1461 2951 1634 3026 οἶμαι,
1672 2955 1866 3026 βεϐλή-

271 3060 367 3097 κει
389 3046 420 3096 6
450 3043 693 3109 διάϐολος
721 3048 800 3109 είς
826 3046 922 3117 τὴν
947 3047 1170 3117 καρδίαν
1215 3046 1384 3099 ’ἰούδα
1411 3045 1655 3115 Σίμωνος
1692 3047 1867 3099 Ἰσκα-

274 3137 502 3204 ριώτου,
539 3136 626 3188 ἵνα
659 3136 882 3207 παραδῷ
926 3137 1018 3189 τὸν
1070 3135 1294 3208 Ἰησοῦν.
1345 3137 1453 3188 Καὶ
1490 3136 1611 3188 ἐπεὶ
1636 3137 1697 3189 τὸ
1727 3138 1867 3191 κατά

272 3225 559 3280 Ματθαῖον
599 3227 881 3298 πρόκειται
923 3225 1019 3279 νῦν
1051 3226 1322 3292 ἐξετάζειν
1346 3265 1360 3289 ,
1397 3227 1815 3299 ἐπιμελέστερον
1841 3230 1870 3281 6

271 3313 575 3383 δυνάμενος
610 3314 844 3386 ἀρχῆθεν
879 3314 974 3367 τοῦ
1028 3315 1361 3384 Εὑαγγελίου
1412 3317 1711 3386 ἐπιστήσας
1758 3320 1870 3380 τοῖς

277 3402 451 3475 μέχρι
469 3403 580 3458 τῶν
614 3403 1018 3475 προκειμένων,
1070 3403 1362 3474 ζητησάτω
1407 3406 1616 3474 μήποτε
1657 3405 1870 3459 οὐδέπω

288 3494 495 3559 Ἰούδας
526 3496 896 3568 κατηγόρηται
926 3496 1031 3548 ὑπὸ
1054 3495 1148 3548 τοῦ
1194 3495 1494 3560 Ματθαίου,
1530 3495 1667 3550 ἀλλά
1711 3497 1868 3566 μόνον

275 3591 338 3639 ἐν
389 3586 473 3658 τῷ
528 3587 815 3657 καταλόγῳ
869 3587 977 3640 τῶν
1020 3586 1230 3641 δώδεκα
1274 3583 1395 3640 εἷπε
1437 3587 1530 3640 τό·
1585 3606 1604 3638 ι
1667 3587 1867 3651 Ἰούδας

272 3676 528 3746 Σίμωνος
571 3677 940 3748 Ἰσκαριώτου,
957 3675 1016 3739 ὃς
1049 3677 1144 3730 καὶ
1168 3676 1483 3747 παρέδωκεν
1507 3675 1670 3728 αὐτόν
1697 3675 1826 3746 (46).
1844 3695 1861 3726 ι

267 3766 513 3818 Πλεεονα
527 3767 585 3819 δὲ
614 3769 694 3830 είς
727 3765 1070 3838 κατασκευὴν
1091 3766 1186 3820 τοῦ
1208 3767 1302 3820 καὶ
1327 3765 1527 3819 Ἰούδαν
1549 3765 1732 3836 ὅμοιον
1755 3769 1867 3829 τοῖς

261 3855 491 3920 λοιπεοῖς
512 3857 826 3921 ἀποστόλοις
841 3859 1102 3929 πρότερον
1132 3857 1413 3926 γεγονέναι
1441 3856 1688 3910 λέλεκται
1712 3857 1864 3928 ἡμῖν,

264 3947 449 4016 ἡνίκα
489 3947 824 4017 ἐξητόιζομεν
865 3947 955 3999 τό·
994 3965 1012 3998 ι
1054 3947 1288 4011 Τούτους
1324 3947 1450 4010 τοὺς
1495 3945 1702 4001 δώδεκα
1731 3949 1867 4002 ἀπέ-

266 4054 384 4091 στει
403 4037 494 4091 λεν
539 4041 567 4092 6
615 4038 820 4111 Ἰησοῦς
865 4039 1240 4110 παραγγείλας
1285 4040 1486 4104 αὐτοῖς,
1539 4037 1712 4106 λέγων
1747 4059 1765 4090 ι
1797 4040 1867 4091 τὰ

267 4131 768 4201 ἀναγεγραμμένα.
795 4130 1119 4202 Συγκριτέον
1140 4130 1197 4182 δὲ
1217 4130 1282 4184 τὰ
1307 4129 1536 4183 ἐνταῦθα
1566 4129 1865 4200 λελεγμένα

269 4223 398 4284 τοῖς
420 4220 678 4291 ἀνωτέρω
701 4222 1096 4292 παραπλησίως
1132 4220 1643 4292 ἀναγεγραμμένοις
1661 4239 1674 4250 ο
1713 4222 1864 4274 ἐπεί-

1970 608 2024 654 ει
2039 600 2322 670 praecipue,
2349 597 2520 667 ipsius
2547 610 2674 651 vero
2703 593 2897 649 deinde
2914 592 3228 662 Apostolum
3244 606 3552 662 proponen-

1973 702 2072 748 tes.
2104 692 2172 746 At
2197 706 2296 746 nec
2325 706 2411 753 ea,
2454 705 2555 744 nec
2590 703 2712 758 qum
2742 685 2994 756 superius
3039 683 3388 753 protulimus,
3417 697 3550 737 con-

1975 783 2140 837 traria
2180 782 2289 836 illis
2352 795 2475 836 esse
2527 779 2808 834 existimes
2853 778 2944 830 οδε
2992 793 3010 826 ι
3053 775 3110 828 Si
3157 781 3551 844 persequentur

1973 889 2072 928 vos
2105 889 2171 928 ex
2197 871 2420 927 civitate
2450 871 2578 938 ista,
2615 869 2783 940 fugite
2811 869 2866 923 in
2913 866 3130 930 aliam,»
3185 872 3239 919 et
3287 862 3546 931 reliquis;

1973 978 2150 1034 neque
2189 963 2429 1018 recessui
2459 961 2611 1025 Jesu,
2664 969 2954 1031 postquam
2987 958 3252 1012 Joannem
3283 956 3337 1010 in
3366 969 3550 1011 carce-

1975 1071 2090 1110 rem
2113 1063 2452 1125 compactum
2493 1053 2736 1123 accepit;
2774 1053 2855 1107 sic
2909 1052 3056 1106 enim
3105 1048 3418 1112 statuimus,
3450 1061 3550 1102 ne—

1973 1156 2081 1210 que
2113 1155 2326 1209 semper
2357 1139 2648 1195 devitanda
2695 1155 2818 1195 esse
2865 1139 3132 1209 pericula,
3183 1151 3357 1206 neque
3403 1151 3551 1190 sem-

1974 1245 2070 1299 per
2102 1229 2170 1284 iis
2194 1244 2316 1284 esse
2343 1228 2778 1296 occurrendum;
2826 1237 2880 1282 at
2939 1231 3203 1297 prudente
3247 1228 3300 1281 in
3329 1225 3549 1281 Christo

1975 1319 2092 1374 viro
2119 1335 2256 1389 opus
2280 1329 2384 1386 est,
2422 1327 2481 1374 ut
2509 1334 2747 1390 quonam
2814 1328 3053 1389 tempore
3101 1317 3548 1372 retrocedendum

1975 1411 2067 1474 sit,
2136 1412 2487 1478 exploretur;
2545 1418 2659 1464 lum
2727 1418 2782 1464 et
2843 1424 2951 1478 quo
3009 1418 3254 1477 tempore
3301 1417 3553 1478 prompto

1974 1502 2158 1555 animo
2183 1500 2527 1556 subeundum
2559 1501 2630 1554 sit
2647 1508 2921 1554 certamen
2943 1500 3150 1568 absque
3179 1499 3289 1552 ullo
3310 1513 3550 1560 recessu,

1974 1591 2135 1661 longe
2162 1605 2292 1645 vero
2325 1589 2502 1661 magis
2533 1590 2740 1658 absque
2768 1589 2914 1659 fuga.
2957 1590 3134 1660 Atque
3173 1591 3287 1644 hmo
3329 1590 3552 1659 quidem

1974 1682 2258 1751 praesentis
2333 1680 2438 1734 loci
2496 1679 2883 1750 significationi
2937 1696 3177 1735 consona
3233 1681 3377 1734 dicta
3420 1680 3552 1744 sint,

1976 1772 2043 1826 ad
2093 1773 2287 1826 mortis
2354 1772 2830 1841 periculorumque
2895 1771 3240 1826 excitandum
3311 1779 3554 1827 contem~

1901 1867 1944 1921 Β
1974 1870 2148 1931 ptum.

2041 1953 2097 2007 2.
2127 1953 2392 2022 Deinceps
2422 1951 2828 2007 observandum
2863 1953 3011 2007 venit
3055 1953 3200 2022 quod
3259 1969 3381 2004 eum
3405 1950 3556 2006 Jeru-

1971 2042 2238 2113 solymam
2297 2057 2626 2098 ascensurus
2675 2051 2820 2098 esset
2871 2041 3065 2106 Jesus,
3127 2043 3216 2097 ubi
3265 2043 3552 2099 duodecim

1971 2149 2218 2190 seorsum
2277 2135 2594 2204 assumpsit,
2639 2149 2781 2189 unus
2827 2149 2858 2188 e
2905 2134 3191 2190 duodecim
3249 2135 3550 2190 etiamnum

1971 2232 2089 2278 erat
2124 2222 2315 2288 Judas,
2338 2238 2402 2276 ac
2426 2238 2676 2278 seorsum
2698 2221 2894 2276 Judam
2935 2225 3264 2293 assumpsit;
3327 2225 3553 2295 dignum

1970 2316 2115 2370 enim
2144 2315 2322 2368 adhuc
2352 2330 2476 2369 eum
2534 2315 2702 2369 fuisse
2731 2315 2990 2370 credibile
3039 2325 3121 2370 est
3170 2316 3264 2384 qui
3306 2330 3552 2370 seorsum

1970 2421 2094 2460 cum
2125 2406 2348 2475 reliquis
2380 2405 2634 2460 undecim
2671 2414 3066 2471 assumeretur,
3109 2414 3163 2461 et
3199 2422 3322 2462 cum
3374 2407 3429 2461 in
3467 2409 3552 2462 via

1969 2496 2104 2552 dixit
2141 2495 2221 2550 eis
2248 2496 2295 2528 "
2333 2514 2346 2549 :
2390 2514 2408 2547 ι
2451 2496 2592 2550 Ecce
2623 2497 2974 2551 ascendimus
2995 2495 3443 2568 Jerosolymam,»
3498 2509 3555 2554 et

1969 2602 2091 2658 qua:
2121 2586 2366 2640 subnexa
2394 2595 2544 2653 sunt,
2576 2587 2724 2642 hunc
2766 2588 2956 2657 procul
2984 2588 3149 2642 dubio
3191 2604 3358 2642 unum
3390 2605 3455 2644 ex
3485 2591 3553 2644 iis

1969 2695 2092 2734 esse
2117 2679 2328 2742 statuit,
2364 2681 2458 2748 qui
2493 2681 2772 2735 toleranda
2807 2695 2839 2734 a
2863 2678 3123 2750 Magistro
3148 2695 3250 2735 suo
3277 2681 3418 2734 mala
3456 2696 3555 2734 an-

1969 2770 2147 2824 diret:
2184 2784 2294 2823 non
2321 2785 2448 2824 eum
2497 2785 2528 2824 a
2586 2786 2644 2824 se
2678 2770 2951 2839 repellens
3000 2785 3066 2824 ac
3109 2769 3380 2839 rejiciens,
3408 2773 3555 2840 quod

1970 2875 2166 2930 nempe
2192 2875 2280 2914 res
2308 2875 2337 2913 a
2377 2874 2436 2914 se
2462 2860 2722 2928 agendas,
2773 2860 3233 2930 quemadmodum
3259 2861 3555 2931 unusquis-

1969 2966 2077 3019 que
2107 2960 2378 3015 nostrum,
2405 2950 2682 3020 ignoraret
2711 2950 2880 3006 Judas
2908 2968 2922 3006 :
2975 2952 3130 3006 nobis
3157 2952 3356 3022 quippe
3377 2953 3548 3007 omni-

1970 3043 2075 3096 bus
2109 3043 2315 3096 dictum
2366 3052 2450 3096 est
2499 3043 2542 3073 ³⁷
2585 3058 2598 3096 :
2645 3060 2662 3091 ι
2703 3041 2781 3097 Ne
2831 3043 3080 3112 glorieris
3132 3044 3186 3097 in
3229 3044 3552 3106 crastinum,

1973 3133 2231 3202 ignorans
2265 3134 2396 3202 quid
2432 3143 2824 3203 superventura
2853 3135 3026 3203 pariat
3063 3135 3210 3200 dies;
3249 3154 3265 3186 ι
3311 3137 3553 3190 nondum

1975 3232 2178 3286 autem,
2208 3223 2426 3292 opinor,
2455 3226 2510 3277 in
2545 3240 2640 3278 cor
2672 3223 2824 3280 Iuda:
2855 3224 3095 3280 Simonis
3123 3225 3396 3282 lseariota:
3429 3244 3554 3298 pro-

1974 3315 2134 3370 dendi
2196 3313 2326 3371 .lcsu
2397 3317 2733 3372 voluntatem
2801 3316 3103 3372 immiserat
3161 3318 3432 3374 diabolus.
3490 3318 3555 3372 Et

1975 3406 2231 3473 quoniam
2259 3407 2416 3463 nobis
2453 3408 2834 3477 explicandum
2869 3408 3139 3463 incumbit
3172 3409 3224 3462 in
3263 3411 3554 3476 prmsentia

1975 3495 2332 3567 Evangelium
2388 3501 2690 3553 secundum
2760 3498 3095 3565 Matthaaum,
3149 3501 3218 3554 ab
3277 3501 3434 3555 initio
3483 3502 3552 3556 ad

1973 3588 2121 3643 inme
2145 3604 2317 3657 usque
2369 3589 2548 3644 locum
2599 3589 2948 3658 Evangelium
2991 3600 3244 3645 accurate
3299 3593 3554 3648 evolvens

1974 3681 2244 3749 disquirat
2272 3681 2364 3749 qui
2391 3682 2610 3750 poterit,
2643 3695 2709 3734 an
2741 3696 2769 3734 a
2807 3680 3059 3734 Mattltaao
3117 3681 3358 3736 nondum
3399 3684 3555 3737 incu-

1975 3778 2126 3825 satus
2162 3769 2326 3824 l‘uerit
2353 3768 2556 3836 Judas;
2592 3769 2687 3825 sed
2733 3771 3017 3825 duodecim
3071 3772 3368 3842 discipulos
3412 3790 3552 3829 enu-

1977 3875 2194 3913 merans
2228 3859 2426 3915 dixerit
2459 3868 2666 3914 tantum
2709 3861 2756 3892 ’⁸
2789 3879 2802 3914 :
2849 3880 2866 3912 ι
2897 3860 3068 3917 Judas
3124 3861 3430 3926 Iscariotcs,
3457 3867 3552 3934 qui

1972 3957 2026 4004 et
2044 3949 2260 4004 tradidit
2274 3951 2446 4004 illum.
2463 3969 2479 4000 ι
2500 3949 2698 4005 Verum
2725 3961 2783 4004 ut
2800 3952 3022 4020 reliquis
3038 3954 3299 4022 apostolis
3316 3955 3553 4011 similem

1973 4041 2125 4110 prius
2182 4041 2351 4096 fuisse
2392 4039 2586 4096 Iudam
2646 4042 3146 4098 demonstraremus
3202 4046 3364 4116 710
3395 4048 3552 4117 plura

1972 4146 2001 4183 a
2040 4130 2198 4185 nobis
2225 4141 2338 4184 tum
2373 4132 2637 4200 producta
2677 4141 2828 4198 sunt,
2855 4149 2978 4188 cum
3004 4135 3150 4190 hunc
3179 4136 3357 4191 locum
3385 4153 3551 4194 excu-

1973 4222 2272 4275 teremus”
2290 4240 2306 4300 ξ
2341 4242 2359 4272 ι
2393 4221 2501 4278 llos
2533 4223 2817 4278 duodecim
2841 4224 2986 4279 misit
3017 4223 3199 4293 Jesns,
3227 4230 3549 4300 praecipiens

1490 4333 1718 4388 VETUS
1758 4297 2340 4391 INTERPRETATIE).

282 4428 518 4501 traditus
542 4435 659 4480 erat
717 4428 770 4480 in
818 4443 1113 4501 carcerem,
1176 4425 1604 4501 secessit__inde_.
1666 4425 1768 4479 Sed
1837 4427 2154 4501 sciendum.
2220 4429 2477 4501 quoniam
2539 4446 2637 4483 nec
2705 4448 2920 4501 semper
2975 4435 3227 4487 convenit
3273 4436 3555 4494 declinare

284 4498 551 4577 pericula,
581 4513 678 4577 nec
711 4512 925 4577 semper
964 4497 1190 4577 obviare
1235 4495 1511 4577 periculis.
1561 4495 1762 4577 Tamen
1802 4498 2064 4577 sapientis
2091 4509 2186 4577 .est
2238 4495 2468 4566 alicujus
2505 4495 2896 4577 _in_Cliristo,_
2939 4512 2999 4577 ut
3043 4514 3336 4577 cognoscat
3388 4509 3551 4577 quale

284 4567 508 4633 quidem
578 4574 790 4642 tempus
836 4567 1002 4642 esigit
1045 4567 1500 4642 declinationem,
1562 4566 1723 4634 quale
1776 4567 2343 4642 a_tttem_obviationei_n
2405 4571 2794 4642 periculorum.
2858 4571 2922 4626 Et
2964 4574 3078 4626 hinc
3114 4566 3350 4642 'quidem
3404 4566 3551 4632 dixi-

287 4649 449 4756 musr
471 4636 770 4689 secundum
800 4635 1132 4690 voluntatem
1185 4636 1480 4706 Scriptura:
1560 4635 1880 4706 praesentis,
1957 4637 2238 4692 hortantes
2303 4635 2550 4694 homines
2620 4643 2915 4711 aliquando
2987 4635 3244 4712 spernere
3303 4647 3545 4714 pericula

288 4717 410 4756 mor
438 4720 503 4756 IS.

288 4717 503 4758 morus.

358 4797 574 4875 ‘2._Post
601 4799 704 4852 hoc
733 4800 1128 4875 observandum
1181 4809 1284 4875 est,
1336 4800 1596 4875 quoniam
1639 4800 1940 4875 ascendens
1967 4801 2018 4854 in
2073 4802 2525 4874 Hierosolymam,
2563 4806 2849 4860 duodecim
2915 4806 3125 4875 accepit
3179 4823 3449 4864 seorsum.
3485 4809 3541 4865 In

287 4867 578 4948 duodecim
605 4876 792 4948 autem
818 4871 995 4925 adhuc
1017 4879 1136 4948 erat
1168 4881 1221 4924 et
1247 4867 1454 4948 ludas:
1486 4886 1615 4939 ergo
1645 4880 1699 4924 et
1727 4869 1920 4924 Judam
1953 4874 2160 4948 accepit
2188 4867 2474 4948 Δεεονέιιιῐι.
2508 4876 2700 4930 Adhuc
2739 4877 2882 4948 enim
2946 4867 3171 4948 forsitan
3208 4878 3405 4948 dignus
3433 4890 3549 4936 erat

286 4953 416 5016 cum
440 4939 649 5016 ueteris
680 4954 924 5016 seorsum
953 4942 1154 5016 accipi,
1184 4953 1237 4994 et
1271 4940 1459 4995 audire
1473 4957 1605 5016 ⁵(ιιιεε
1631 4956 1896 5016 passurus
1923 4952 2040 4996 erat
2065 4939 2317 5016 Magister
2350 4963 2361 4998 :
2406 4955 2460 4999 et
2511 4962 2618 4999 non
2646 5015 2649 5016 ν
2673 4947 2920 5014 reprobo,
2955 4947 3212 5016 quoniam
3247 4939 3425 5005 adhuc
3453 4966 3548 5006 ne-

287 5006 691 5079 sciebatJudas
737 5010 864 5078 quid
898 5018 1043 5064 esset
1076 5006 1342 5070 facturus,
1393 5006 1646 5065 sed'nec'
1667 5011 1869 5079 aliquis
1900 5006 2178 5066 nostrum:
2227 5013 2361 5068 Nam
2404 5025 2456 5069 et
2486 5006 2746 5068 onmibus
2775 5006 2928 5071 nobis
2967 5006 3050 5070 est
3096 5017 3300 5072 dictum
3331 5037 3343 5072 :
3381 5039 3400 5070 ‹
3423 5020 3545 5075 Noli

289 5077 592 5155 gloriariiq
629 5080 953 5155 crastinum,
984 5096 1082 5134 nec
1108 5080 1253 5155 enim
1283 5081 1392 5155 s_eis
1441 5080 1573 5155 quid
1605 5077 1778 5155 pariet
1806 5092 2197 5155 superventura
2253 5083 2424 5138 dies.»
2459 5083 2696 5139 Necdum
2731 5086 2898 5143 cnim.
2943 5086 3196 5153 arbitror,
3245 5090 3548 5144 immiserat

291 5146 346 5227 in
370 5163 465 5227 cur
491 5146 644 5202 Judae
673 5146 904 5203 Satanas
927 5159 985 5203 ut
1007 5150 1245 5227 traderet
1290 5146 1498 5227 desum.
1525 5146 1948 5227 _E_t_videat_qui
1983 5161 2180 5227 potest,
2215 5155 2493 5227 quoniam
2521 5156 2603 5227 ab
2653 5155 2829 5227 initio
2853 5155 3129 5227 Evangelii
3185 5146 3363 5227 usque
3401 5175 3547 5215 nunc

298 5213 580 5288 Matthaeus
610 5234 881 5287 nusquam
911 5219 1185 5274 accusavit
1214 5217 1406 5288 ludam
1432 5238 1447 5284 ;
1487 5219 1589 5272 nisi
1623 5219 1673 5271 in
1704 5213 1951 5288 catalogo
1983 5213 2285 5276 'duodecim
2321 5226 2691 5287 apostolorum
2721 5225 2861 5280 dixit
2897 5237 2911 5274 :
2958 5244 2976 5276 ι
3005 5213 3077 5280 Et
3101 5213 3544 5284 Judas'Simonis

299 5285 605 5350 lseariotes,
634 5285 818 5357 qui—et
846 5289 1068 5344 tradidit
1100 5304 1278 5342 eum.»
1307 5287 1470 5343 Multa
1497 5298 1679 5343 autem
1709 5289 1774 5343 de
1806 5285 1928 5353 hoc,
1961 5294 2221 5359 quoniam
2249 5304 2302 5347 et
2345 5285 2542 5348 Judam
2579 5295 2810 5348 similem
2866 5296 2993 5350 fecit
3020 5297 3250 5362 caeteris,
3285 5298 3542 5353 tractavi:

2665 5433 2710 5462 ’³³
2745 5433 2873 5487 ibid.
2901 5434 2952 5488 5.

366 5424 410 5455 "
439 5421 626 5477 Matth.
659 5443 713 5491 x,
748 5427 839 5480 25.
916 5427 961 5458 ’⁸
987 5425 1176 5480 Matth.
1213 5443 1304 5488 xx,
1344 5427 1428 5481 18.
1505 5427 1549 5458 θ’
1580 5427 1736 5481 Prov.
1769 5445 1866 5482 xxv

1978 5431 2062 5483 ll.
2137 5432 2181 5462 ⁹⁸
2213 5431 2399 5487 Matth.
2436 5451 2488 5498 κ,
2526 5435 2580 5489 4.

367 5557 478 5631 (45)
525 5559 772 5631 Ἐκ-τῆς
827 5563 1058 5627 πόλεως
1108 5562 1346 5631 ταύτης.
1397 5559 1475 5615 Ita
1535 5561 1864 5631 exemplaria

296 5630 562 5695 quaedam.
595 5627 652 5682 Id
676 5633 909 5685 retinere
937 5632 1189 5686 videntur
1213 5630 1386 5684 Arabs
1408 5671 1421 5693 ,
1451 5639 1503 5685 et
1541 5627 1722 5685 l'ersa'.
1767 5633 1868 5685 lte-

297 5697 440 5780 liqua
469 5697 685 5780 habent,
715 5700 771 5750 ἐν
796 5703 860 5780 τῇ
893 5699 1266 5780 πόλειταιξτῃἶ
1295 5698 1554 5780 llum-tus.
1584 5729 1646 5740 -—
1666 5700 1867 5756 Ibidem

299 5766 466 5821 codex
507 5765 725 5838 Regius,
755 5765 981 5837 φεύγετε
1011 5771 1088 5834 εἰς
1119 5765 1464 5841 τὴνἹτέραν.

2045 5565 2152 5637 (46)
2193 5567 2418 5642 Ἰούδας
2451 5569 2715 5642 Σίμωνος
2759 5568 3144 5642 Ἰσκαριώτου,
3175 5570 3241 5637 ὃς
3268 5573 3362 5642 καὶ
3397 5590 3548 5642 ,πέρα

1972 5635 2436 5710 έδωκεν-αὐτόν.
2494 5637 2665 5710 Vulgo
2699 5635 3121 5710 legimuhlatth.
3157 5635 3230 5702 χ(
3258 5641 3310 5705 4,
3349 5635 3548 5706 Ἰούδας

1986 5707 2356 5778 Ἰσκαριώτης,
2390 5710 2417 5763 ὁ
2452 5710 2542 5762 καὶ
2569 5707 2840 5780 παραδοὺς
2864 5710 3044 5764 αὐτόν.
3080 5710 3345 5769 Hunnus.
