4032 6308
516 337 660 396 1567

1982 339 2303 399 ORIGENIS

3647 341 3774 398 1368

517 455 624 520 eis,
664 452 850 509 dicens
880 472 898 503 ›
949 467 1069 523 quae
1099 453 1298 523 scripta
1342 460 1578 509 exstant.
1623 453 1755 521 Quae
1801 465 1983 511 autem
2010 455 2095 510 di-

2196 469 2302 523 περ
2321 454 2439 506 ἐκεῖ
2465 453 2585 522 μὲν,
2615 454 2707 506 ἐπὶ
2739 455 2850 517 τοῖς
2876 453 3135 516 τοιούτοις
3170 453 3346 521 λόγοις
3368 456 3774 525 προφητευομέ.

518 555 608 600 cta
643 555 768 600 sunt
796 543 901 597 hoc
928 543 1049 598 loco
1098 556 1223 597 cum
1276 543 1346 599 iis
1386 543 1760 601 contendenda
1802 553 1928 601 sunt
1975 559 2097 614 qua:

522 648 688 702 supra
712 632 767 686 in
800 630 1045 685 eamdem
1066 645 1236 701 prope
1262 633 1585 687 sententiam
1603 633 1909 702 conscripta
1925 642 2051 688 sunt
2076 650 2092 698 ;

524 722 778 791 quoniam
811 721 958 786 istic,
989 729 1212 792 propter
1240 723 1507 793 ejusmodi
1548 722 1799 777 vaticinia
1841 738 1873 778 a
1900 721 2096 779 Serva-

524 822 643 867 tore
692 811 860 877 edita,
917 830 937 865 ι
974 827 1265 870 assumens
1293 830 1419 870 eum
1456 815 1669 879 Petrus,
1702 815 1866 885 erepit
1919 815 2096 871 incre—

510 911 651 966 pare
676 898 826 953 illum
861 898 1088 957 dicens:
1125 901 1282 958 Absit
1311 918 1341 957 ει
1405 913 1477 970 te,
1525 902 1776 969 Domine,
1841 918 1950 959 non
1993 903 2096 958 erit

518 986 617 1043 tibi
647 988 790 1056 hoc;
816 1010 837 1042 ›
875 990 1012 1046 nihil
1038 1003 1218 1048 autem
1251 994 1339 1049 hic
1383 1010 1412 1048 a
1447 994 1729 1065 discipulis
1753 996 1956 1051 dictum
2011 993 2096 1049 fa-

517 1088 737 1137 ctumve
757 1081 926 1140 fuisse
957 1084 1176 1154 scriptis
1206 1086 1464 1141 traditum
1491 1098 1594 1152 est,
1622 1103 1747 1142 cum
1776 1088 2094 1144 sustinenda

516 1186 640 1226 esse
668 1174 916 1244 graviora
972 1177 1468 1245 prmnuntiaretur;
1522 1188 1577 1235 et
1622 1194 1769 1235 nunc
1807 1188 2091 1249 propterea

517 1262 737 1319 siluisse
786 1264 1086 1335 discipulos
1134 1267 1414 1335 existimo,
1459 1267 1606 1338 quod
1653 1267 1905 1337 superius
1967 1282 2092 1321 cum

522 1372 541 1405 ι
579 1370 868 1411 assumens
891 1371 1016 1411 eum
1046 1356 1243 1413 Petrus
1301 1359 1559 1428 coepisset
1606 1358 1885 1428 increpare
1941 1356 2092 1413 illum

515 1445 751 1503 dicens:
793 1446 951 1502 Absit
988 1464 1017 1503 a
1056 1456 1128 1512 te,
1187 1448 1438 1515 Domine,
1491 1465 1601 1505 non
1649 1449 1755 1505 erit
1816 1449 1912 1504 tibi
1965 1448 2090 1514 hoc,

515 1550 813 1594 conversus
860 1536 1020 1593 Jesus
1062 1537 1199 1593 dixit
1242 1538 1442 1594 Petro:
1494 1538 1639 1595 Vade
1689 1547 1813 1610 post
1852 1553 1960 1604 me,
1994 1537 2094 1594 Sa-

515 1635 666 1689 tana,
709 1626 1028 1682 scandalum
1073 1640 1134 1684 es
1174 1628 1331 1693 mihi,
1387 1628 1647 1698 quoniam
1691 1644 1801 1685 non
1841 1629 1988 1699 sapis
2026 1644 2091 1683 ea

2196 560 2304 605 νοις
2335 542 2441 596 ὑπὸ
2472 542 2564 595 τοῦ
2599 542 2881 614 Σωτῆρος,
2910 562 2929 594 ι
2968 542 3401 614 προσλαϐόμενος
3428 542 3601 596 αὑτὸν
3624 544 3656 596 ὁ
3674 544 3775 597 Πέ-

2195 652 2342 707 τρος,
2367 634 2571 705 ἦρξατο
2589 635 2850 705 ἐπιτιμᾷν
2879 633 3027 704 αὐτῷ
3053 633 3223 702 λέγων
3243 649 3256 663 ο
3290 631 3475 696 Ἵλεώς
3511 650 3633 698 σοι,
3665 634 3773 689 Κύ-

2196 742 2300 797 ριε,
2330 725 2391 778 οὐ
2426 724 2501 795 μὴ
2532 723 2685 778 ἔσται
2718 741 2799 777 σοι
2823 725 3012 778 τοῦτο·
3058 744 3077 776 ι
3108 723 3341 778 ἐνταῦθα
3374 722 3433 776 δὲ
3471 724 3633 777 οὐδὲν
3661 727 3776 779 ἀνε-

2194 817 2480 889 γράφησαν
2519 817 2570 868 oi
2610 815 2847 887 μαθηταὶ
2884 817 3227 888 εἰρηκότεςῆ
3272 815 3640 887 πεποιηκότες
3689 818 3774 871 ἐπὶ

2193 910 2304 971 τοῖς
2332 906 2461 977 περὶ
2487 906 2595 961 τῶν
2626 907 3087 978 ἀπαντησομένων
3114 907 3587 979 σκυθρωποτέρων
3610 908 3778 977 ἁπηγ-

2193 999 2473 1070 γελμένοις
2491 1015 2504 1029 ⁶
2550 1000 2645 1053 καὶ
2686 994 2841 1070 οἶμαι
2865 1042 2881 1066 ,
2908 1001 2991 1053 ὅτι
3014 999 3104 1053 διὰ
3135 999 3295 1053 τοῦτο
3318 996 3644 1069 ἐσιώπησαν
3688 998 3775 1054 νῦν

2193 1093 2242 1143 οἱ
2277 1091 2533 1162 μαθηταὶ,
2567 1091 2797 1162 ἐπείπερ
2818 1092 2877 1146 ὲν
2900 1094 3015 1154 τοῖς
3044 1090 3317 1161 ἀνωτέρω,
3347 1090 3435 1142 ὅτε
3482 1107 3505 1141 ι
3543 1089 3776 1160 προσλα-

2193 1181 2419 1251 ϐόμενος
2446 1181 2537 1235 τὸν
2579 1180 2830 1251 Ἰησοῦνὸ
2858 1181 3062 1252 Πέτρος
3083 1180 3286 1251 ἤρξατο
3327 1178 3473 1249 αὐτῷ
3518 1180 3774 1250 ἐπιτιμᾷν

2192 1270 2398 1339 λέγων’
2444 1270 2628 1336 Ἵλεώς
2675 1289 2793 1337 σοι,
2828 1270 3022 1342 Κύριε,
3053 1271 3112 1323 οὐ
3152 1270 3227 1341 μὴ
3272 1270 3423 1322 ἐσται
3458 1285 3551 1321 σοι
3601 1268 3772 1335 τοῦτο,

2195 1362 2454 1434 στραφεὶς
2481 1363 2510 1415 ὁ
2551 1361 2758 1433 Ἰησοῦς
2798 1359 2919 1416 εἷπε
2961 1361 3039 1431 τῷ
3070 1361 3262 1432 Πέτρῳ
3283 1402 3299 1425 ,
3344 1361 3575 1427 ’Ύπαγε
3608 1359 3773 1414 ὀπίσω

2197 1472 2319 1526 μου,
2345 1455 2577 1508 Σατανᾶ’
2611 1453 2904 1508 σκάνδαλον
2928 1470 3029 1524 μου
3051 1448 3120 1516 εἴ,
3149 1453 3231 1505 ὅτι
3260 1452 3322 1506 οὐ
3347 1453 3574 1522 φρονεῖς
3599 1448 3669 1502 τὰ
3684 1448 3771 1503 τοῦ

2192 1544 2349 1609 Θεοῦ,
2382 1544 2518 1598 ἀλλὰ
2563 1543 2633 1598 τὰ
2673 1544 2782 1597 τῶν
2817 1542 3136 1616 ἀνθρώπων.
3180 1562 3200 1596 ι
3233 1541 3392 1606 Εἰκὸς
3416 1538 3517 1596 οῦν
3550 1541 3767 1605 αὐτοὺς,

2195 1633 2574 1707 μεμνημένους
2602 1635 2710 1690 τῶν
2733 1636 2870 1706 πρὸς
2895 1635 2989 1689 τὸν
3024 1635 3229 1705 Πέτρον
3261 1633 3614 1703 λελεγμένων
3632 1670 3648 1697 ,
3683 1647 3769 1684 πε-

515 1732 639 1788 quae
674 1717 766 1772 Dei
800 1726 946 1783 sunt,
987 1718 1077 1774 sed
1107 1731 1171 1774 ea
1204 1734 1326 1789 quae
1354 1721 1633 1775 hominum
1662 1722 1702 1773 ⁸.
1733 1740 1753 1772 ι
1791 1719 2095 1777 Verisimile

2195 1727 2461 1797 φυλάχθαι
2494 1723 2687 1790 ταῦτα,
2716 1724 2750 1795 ἢ
2779 1726 2873 1778 καὶ
2902 1724 3123 1795 χείρονα.
3143 1722 3375 1779 ἀκοῦσαι
3411 1720 3530 1776 ἀπὸ
3564 1719 3662 1775 τοῦ
3691 1722 3770 1773 Δι-

517 1822 649 1877 ergo
676 1815 761 1863 est
793 1806 1042 1877 responsi
1069 1788 1233 1862 Petro
1275 1809 1387 1863 dati
1446 1824 1715 1865 memores
1753 1826 1867 1876 eos,
1903 1826 1972 1865 ne
2000 1827 2093 1867 ca-

2195 1788 2486 1872 δασκᾶλου.

518 1899 665 1962 dem,
695 1896 780 1952 vel
805 1897 970 1952 etiam
993 1898 1178 1969 pejora
1225 1915 1255 1953 a
1288 1898 1631 1970 Sospitatore
1674 1902 1959 1970 audirent,
2001 1919 2094 1959 ca-

516 1990 683 2047 visse.

589 2082 643 2137 3.
665 2082 736 2136 At
762 2082 999 2153 priorem
1020 2096 1172 2146 sane,
1206 2090 1260 2136 et
1308 2083 1501 2139 huicce
1531 2084 1876 2143 consimilem
1906 2086 2090 2143 locum

514 2188 789 2244 exponere
818 2188 925 2228 non
953 2173 1191 2243 pigebit;
1218 2174 1299 2230 sic
1321 2174 1411 2229 ille
1444 2175 1608 2229 habet
1627 2177 1648 2207 ²
1678 2193 1692 2229 :
1727 2194 1745 2227 ι
1775 2174 1929 2232 Tunc
1956 2192 2095 2247 prte-

514 2264 659 2334 cepit
680 2263 963 2334 discipulis
994 2264 1128 2328 suis,
1169 2272 1231 2318 ut
1258 2262 1464 2320 nemini
1499 2262 1766 2329 dicerent,
1805 2264 1934 2334 quia
1977 2265 2095 2335 ipse

515 2362 663 2411 esset
684 2351 962 2418 Christus,
988 2372 1007 2404 ι
1042 2359 1097 2407 et
1125 2360 1324 2407 caetera
1354 2366 1526 2420 usque
1551 2353 1618 2408 ad
1645 2353 1698 2409 id
1726 2370 1740 2407 :
1805 2372 1823 2406 ι
1851 2363 1906 2412 et
1931 2356 2092 2411 tertia

514 2447 602 2502 die
646 2459 964 2515 resurgere;
1012 2463 1031 2497 ι
1067 2452 1191 2514 post
1238 2444 1329 2499 illa
1360 2444 1595 2500 enimid
1638 2445 1907 2514 adiectum
1957 2455 2089 2503 est:

520 2554 541 2588 ι
568 2535 871 2591 Assumens
897 2547 1022 2588 eum
1049 2530 1297 2599 Petrus,»
1341 2542 1397 2586 et
1420 2531 1647 2601 reliqua.
1674 2529 1816 2600 Quin
1851 2541 1904 2587 et
1933 2547 2094 2603 supe-

515 2630 632 2688 rius
658 2628 1050 2701 Sospitatorem
1075 2626 1240 2683 morti
1288 2626 1474 2682 datum
1522 2625 1588 2680 iri
1613 2625 1817 2681 dictum
1867 2635 1977 2693 est;
2005 2626 2094 2681 hic

515 2728 700 2776 autem
727 2719 919 2776 mortis
949 2733 1122 2790 genus
1147 2717 1472 2784 declaratur,
1525 2716 1674 2772 cruci
1717 2716 1966 2772 videlicet
2007 2715 2093 2772 af-

514 2813 627 2884 figi.
656 2812 815 2870 Certe
835 2810 1079 2881 quandiu
1121 2808 1455 2880 principibus
1486 2808 1829 2864 sacerdotum
1861 2819 1916 2863 et
1947 2806 2095 2862 Scri-

518 2907 602 2963 bis
628 2904 789 2962 Jesus
814 2904 1173 2977 Jerosolymis
1195 2904 1425 2960 traditus
1459 2919 1565 2959 non
1589 2911 1694 2969 est,
1725 2918 1901 2973 neque
1921 2911 2094 2959 morte

515 2999 825 3062 damnatus,
854 3011 1031 3064 neque
1082 2995 1295 3060 illusus,
1332 3009 1509 3065 neque
1556 2994 1740 3066 ﬂagris
1765 3010 1960 3060 casus,
1998 3010 2095 3051 ne-

515 3104 626 3160 que
647 3088 796 3143 cruci
818 3086 1079 3153 sulhxus;
1136 3086 1314 3140 stabat
1367 3084 1690 3151 Jerusalem,
1745 3100 1921 3155 neque
1957 3085 2094 3155 deji-
2118 3123 2165 3184 ε

520 3179 766 3236 ciebatur
791 3177 845 3233 id
890 3178 1035 3248 quod
1079 3177 1377 3246 appellatur
1420 3177 1825 3242 sanctuarium;
1857 3183 1912 3230 at
1942 3186 2093 3246 post-

516 3285 683 3342 quam
706 3270 823 3326 haec
845 3268 1106 3323 adversus
1129 3267 1307 3337 ipsum
1331 3266 1613 3335 designare
1633 3266 1750 3322 ausi
1773 3276 1918 3331 sunt,
1963 3277 2095 3324 tunc

518 3368 557 3421 ii
581 3364 778 3422 deserti
815 3371 942 3419 sunt
973 3378 1004 3417 a
1035 3363 1235 3432 quibus
1257 3361 1504 3432 proditus
1524 3370 1624 3423 est,
1646 3376 1855 3418 necnon
1880 3370 1934 3416 ct
1954 3362 2096 3432 prin-

518 3460 669 3529 cipes
725 3456 1066 3512 sacerdotum
1129 3455 1399 3525 principes
1455 3469 1577 3510 esse
1620 3454 1959 3512 sacerdotum
2020 3454 2094 3510 ita

520 3550 838 3614 desierunt,
892 3555 953 3602 ut
1002 3554 1125 3616 post
1182 3546 1304 3602 illos
1374 3546 1507 3601 nulli
1575 3545 1776 3600 fuerint
1842 3546 2096 3602 sacerdo-

520 3653 632 3698 tum
665 3640 967 3711 principes;
1006 3647 1135 3694 tunc
1179 3645 1233 3693 et
1287 3637 1382 3707 qui
1425 3636 1698 3692 Christum
1732 3636 1895 3692 morti
1938 3636 2093 3693 addi-

518 3740 721 3790 xerunt
753 3730 910 3802 711
957 3728 1180 3794 scribae,
1219 3738 1398 3785 mente
1433 3728 1708 3794 indurati,
1740 3737 1793 3785 et
1834 3726 2092 3783 excaacati

525 3825 759 3886 ratione,
792 3823 845 3877 in
872 3832 1184 3877 sanctarum
1210 3819 1616 3890 Scripturarum
1641 3835 1840 3875 sensus
1868 3819 2095 3874 minime

530 3915 928 3986 penetrabant;
964 3919 1019 3966 et
1051 3912 1088 3966 ii
1129 3926 1321 3966 omnes
1352 3925 1479 3966 cum
1522 3919 1698 3964 morte
1738 3910 2093 3965 damnassent

525 4007 736 4071 Jesum,
773 4005 934 4061 morti
967 4019 1091 4076 quae
1136 4002 1337 4058 Christi
1382 4002 1554 4057 hostis
1582 4009 1669 4056 est
1715 4000 1897 4056 traditi
1924 4007 2093 4055 sunt:

2264 2088 2427 2143 Οὐδὲν
2452 2087 2508 2142 δὲ
2530 2087 2692 2141 λυπεῖ
2728 2085 2983 2143 ἐκθέσθαι
3011 2085 3110 2156 τὴν
3148 2084 3418 2157 προτέραν
3455 2084 3557 2136 καὶ
3599 2098 3766 2153 παραυ

2193 2178 2424 2250 πλησίαν
2443 2181 2555 2242 τοῖς
2583 2177 2921 2249 ὲκκειμένοις
2943 2176 3086 2242 λέξιν
3103 2174 3276 2239 οὕτως
3300 2174 3554 2245 ἔχουσαν·
3591 2192 3611 2226 ι
3642 2175 3761 2227 Τότε

2191 2266 2523 2321 διεστείλατο
2552 2268 2665 2329 τοῖς
2696 2265 2962 2338 μαθηταῖς
2989 2264 3175 2329 αὑτοῦ,
3198 2264 3285 2319 ἵνα
3313 2264 3501 2336 μηδενὶ
3522 2263 3762 2328 εἴπωσιν,

2193 2357 2275 2410 ὅτι
2315 2356 2475 2419 αὐτός
2512 2356 2661 2409 ἐστιν
2700 2357 2730 2409 ό
2767 2354 3035 2428 Χριστόςο
3076 2373 3095 2407 ι
3140 2354 3332 2409 καὶτὰ
3361 2353 3490 2424 ἑξῆς
3517 2354 3625 2417 ἕως
3649 2352 3759 2407 τοῦθ

2200 2467 2217 2499 ι
2261 2449 2355 2502 καὶ
2379 2449 2444 2518 τῇ
2485 2447 2644 2521 τρίτῃ
2665 2447 2849 2519 ἡμέρᾳ
2869 2446 3189 2518 ἐγερθῆναι·
3234 2465 3253 2498 ι
3295 2447 3388 2500 ἐπὶ
3419 2446 3631 2510 τούτοις
3662 2449 3761 2517 γὰρ

2193 2539 2406 2612 εἴρηται
2429 2540 2525 2594 τό’
2563 2558 2582 2591 ι
2609 2541 2720 2594 Καὶ
2750 2538 3187 2610 προσλαϐόμενος
3218 2536 3380 2590 αὐτὸν
3421 2540 3450 2591 ὀ
3482 2537 3702 2610 Πέτρος,
3736 2558 3753 2588 ι

2194 2630 2379 2686 καὶτὰ
2413 2629 2560 2701 ἑξῆς.
2595 2630 2715 2684 Ἔτι
2745 2628 2802 2683 δὲ
2830 2630 3088 2701 ἀνωτέρω
3109 2630 3210 2700 μὲν
3236 2628 3449 2702 εἴρηται
3499 2632 3762 2684 ἀποκταν-

2194 2722 2353 2793 θῆναι
2386 2722 2600 2793 μέλλειν
2639 2721 2729 2775 τὸν
2769 2722 3028 2793 Σωτῆρα·
3078 2720 3313 2776 ἐνταῦθα
3335 2721 3395 2775 δὲ
3419 2721 3482 2775 τὸ
3506 2716 3644 2784 εἶδος
3667 2721 3757 2790 τῆς

2194 2813 2523 2884 ἀναιρέσεως
2556 2813 2896 2884 γέγραπται,
2942 2813 3003 2867 τὸ
3047 2812 3441 2885 σταυρωθῆναι.
3484 2813 3627 2875 Ἕως
3667 2810 3759 2881 μὲν

2192 2903 2285 2961 οῦν
2321 2904 2605 2977 Ἰησοῦςοὺ
2639 2903 2951 2976 παρεδίδοτο
2986 2905 3046 2958 ὲν
3092 2902 3484 2973 Ἰεροσολύμοις
3516 2906 3628 2965 τοῖς
3663 2901 3755 2970 ἀρ-

2193 2998 2433 3070 χιερεῦσι
2478 2996 2574 3051 καὶ
2616 2996 3068 3068 γραμματεῦσιν,
3112 2996 3237 3051 οὐδὲ
3276 2994 3618 3066 κατεκρίνετο
3660 2993 3751 3046 θα-

2194 3091 2380 3160 νάτῳ,
2451 3088 2572 3143 οὐδὲ
2630 3088 2983 3153 ὲνεπαίζετο,
3049 3086 3143 3140 καὶ
3212 3086 3601 3157 ἐμαστιγοῦτο,
3655 3083 3750 3138 καὶ

2197 3178 2526 3252 ὲσταυροῦτο
2543 3217 2558 3245 ,
2600 3179 2950 3251 Ἰεροσόλυμα
2975 3180 3346 3251 συνειστήκει,
3374 3179 3466 3232 καί
3486 3178 3545 3231 τὺ
3569 3175 3755 3230 καλοῦ-

2202 3288 2358 3344 μενον
2405 3271 2655 3342 ἁγίασμα
2699 3270 2761 3325 οὗ
2805 3270 3163 3325 κατεϐάλλετο
3181 3289 3194 3301 ·
3244 3272 3334 3324 ὅτε
3383 3270 3441 3323 δὲ
3484 3270 3651 3323 ταῦτα
3683 3266 3755 3338 τῷ

2210 3362 2384 3435 Ἰησοῦ
2437 3363 2658 3432 ποιῆσαι
2711 3363 3071 3434 τετολμήκασι
3094 3401 3110 3426 ,
3166 3361 3287 3417 τότε
3327 3364 3376 3416 οί
3440 3360 3757 3434 παραδόντες

2197 3454 2359 3509 αὐτὸν
2404 3453 2897 3525 ἐγκατελείφθησαν
2917 3494 2932 3520 ,
2966 3456 3060 3509 καὶ
3099 3457 3146 3508 οἱ
3189 3456 3463 3527 ἀρχιερεῖς
3498 3452 3595 3507 τοῦ
3630 3447 3755 3506 εἶναι

2198 3548 2475 3629 ἀρχιερεῖς
2522 3546 2861 3613 ἐπαύσαντο,
2919 3549 2994 3613 ὡς
3044 3548 3179 3620 μηδὲ
3232 3548 3346 3618 μετ’
3390 3548 3589 3610 αὐτοὺς
3632 3541 3757 3598 εἶναι

2199 3639 2473 3709 ἀρχιερεῖς
2491 3654 2505 3667 ·
2537 3637 2658 3691 τότε
2687 3637 2744 3692 δὲ
2771 3639 2866 3692 καὶ
2889 3640 2941 3692 oi
2973 3638 3400 3709 κατακρίναντες
3425 3636 3520 3690 τὸν
3565 3633 3757 3706 Ἰησοῦν

2200 3726 2415 3797 θανάτῳ
2445 3730 2814 3799 γραμματεῖς,
2843 3728 3198 3799 πωρωθέντες
3242 3727 3341 3799 τὴν
3379 3728 3642 3788 διάνοιαν,
3674 3722 3759 3777 καὶ

2199 3819 2571 3889 τυφλωθέντες
2602 3819 2692 3873 τὸν
2724 3820 3002 3889 λογισμὸν,
3039 3820 3140 3873 οὐκ
3178 3818 3403 3871 ἔϐλεπον
3431 3819 3494 3872 τὸ
3524 3816 3758 3889 βούλημα

2201 3906 2310 3961 τῶν
2349 3908 2519 3976 ἁγίων
2550 3909 2916 3980 Γραμμάτων.
2956 3909 3069 3962 Καὶ
3103 3907 3304 3973 πάντες
3346 3910 3566 3973 ἐκεῖνοι,
3597 3921 3758 3961 κατα-

2204 3999 2490 4071 κρίναντες
2536 3998 2627 4054 τὸν
2684 3996 2890 4070 Ἰησοῦν
2937 3998 3048 4070 (L7)
3110 3999 3348 4070 θανάτῳ,
3396 3996 3760 4072 παρεδόθησαν

1721 4109 1954 4167 VETUS
1987 4107 2567 4165 INTERPRETATIO.

524 4251 649 4292 mus
674 4235 767 4291 ubi
798 4233 1037 4287 diximus
1070 4252 1081 4286 :
1148 4252 1165 4284 ι
1194 4231 1306 4287 Hos
1327 4230 1612 4286 duodecim
1642 4229 1791 4284 misit
1818 4227 1998 4292 Jesus,
2030 4227 2347 4296 praecipiens
2374 4226 2474 4290 eis,
2501 4235 2559 4297 et
2580 4226 2767 4297 dicens
2800 4247 2819 4278 ι
2875 4243 2997 4297 quae
3022 4227 3186 4297 dicta
3215 4236 3355 4285 sunt
3384 4227 3480 4284 ibi.
3510 4227 3759 4285 Confera-

522 4322 651 4362 mus
678 4306 860 4374 itaque
884 4303 999 4357 haec
1029 4303 1130 4363 eis,
1158 4318 1280 4374 qua:
1320 4316 1485 4374 supra
1512 4310 1640 4355 sunt
1672 4300 1817 4355 dicta
1847 4299 2047 4374 similia
2083 4316 2096 4351 :
2129 4299 2388 4374 quoniam
2414 4296 2525 4350 illic
2552 4296 2634 4374 Iris
2661 4297 2793 4374 ipsis
2815 4296 2994 4353 verbis
3015 4296 3246 4374 Domino
3274 4299 3631 4374 prophetante
3652 4311 3761 4374 qua;

528 4385 649 4433 erat
672 4372 957 4446 passurus,
986 4372 1203 4441 accepit
1229 4387 1354 4427 eum

1433 4382 1605 4435 etrus,
1630 4379 1684 4424 et
1722 4369 1887 4438 cmpit
1915 4364 2197 4438 increpare
2226 4367 2413 4438 dicens
2443 4384 2462 4438 Δε
2518 4385 2536 4417 ι
2565 4364 3003 4438 Propitius_esto
3032 4368 3148 4432 tibi,
3176 4364 3422 4433 Domine,
3454 4380 3508 4438 et
3540 4371 3643 4425 hoc
3669 4364 3757 4425 tibi

525 4460 639 4501 non
672 4434 812 4510 erit;
858 4461 877 4495 ι
908 4434 996 4497 hic
1021 4434 1202 4498 autem
1227 4455 1333 4495 non
1365 4434 1674 4494 referuntur
1696 4434 1945 4507 discipuli
1981 4434 2207 4510 dixisse,
2237 4446 2330 4490 aut
2354 4434 2567 4510 fecisse,
2599 4434 2722 4510 cum
2765 4436 3045 4510 a_udissent
3073 4438 3246 4510 tristia
3275 4439 3389 4510 [nec
3442 4437 3661 4495 Christo
3686 4439 3759 4492 fu-

529 4526 676 4571 tura.
720 4504 956 4583 Et'puto
988 4512 1246 4583 quoniam
1282 4510 1403 4564 ideo
1447 4525 1592 4583 nunc
1621 4504 1931 4583 tacuerunt,
1961 4506 2221 4583 quoniam
2254 4506 2504 4583 superius
2523 4505 2743 4583 quando
2783 4504 2975 4562 Petrus
3023 4508 3234 4583 accepit
3272 4505 3483 4583 Jesum,
3513 4517 3567 4562 et
3591 4510 3758 4583 incre—

528 4600 668 4656 pans
698 4573 841 4656 dirit'
864 4573 1181 4656 quae£di_xit,
1206 4595 1503 4656 conversus
1531 4576 1691 4656 Jesus
1712 4578 1853 4656 dixit
1877 4573 2037 4656 Pctig
2068 4593 2083 4629 :
2123 4593 2140 4627 ι
2174 4573 2336 4630 Vade'
2352 4583 2474 4644 post
2498 4573 2604 4641 me,
2637 4574 2859 4656 Satana,
2901 4573 3218 4656 scandalum
3246 4578 3383 4656 mihi
3401 4579 3757 4656 es,_quon_iam

533 4645 810 4725 [nonisapis
832 4645 955 4725 quae
991 4650 1082 4704 Dei
1114 4658 1262 4714 sunt,
1296 4649 1547 4725 _s_ed_qna_e
1579 4648 1903 4725 hominum,
1926 4665 1944 4696 ι
1997 4645 2359 4725 Consequens
2391 4659 2521 4715 ergo
2557 4654 2692 4725 erat,
2734 4648 3171 4725 utrecordantes
3198 4664 3321 4718 quae
3346 4645 3611 4703 Dominus
3638 4646 3760 4703 dixit

530 4726 598 4779 ad
628 4714 870 4788 Petrum,
903 4723 1256 4776 observarent
1280 4714 1554 4787 discipuli,
1584 4734 1653 4772 ne
1685 4716 1912 4788 audiant
1939 4715 2202 4788 talia,_vel
2229 4715 2414 4784 pejora
2445 4714 2902 4788 a_squ_Magistro.

604 4795 659 4848 5.
688 4792 806 4847 Non
834 4783 920 4847 est
955 4800 1137 4846 autem
1169 4783 1468 4844 absurdum
1501 4800 1755 4842 revocare
1784 4785 1841 4838 in
1880 4784 2198 4838 memoriam
2229 4783 2435 4855 eaquae
2457 4783 2703 4855 similiter
2724 4783 2847 4855 istis
2872 4793 3000 4840 sunt
3051 4785 3190 4841 dicta
3238 4785 3527 4855 superius:
3569 4805 3588 4837 ι
3618 4785 3757 4841 Tunc

538 4864 793 4933 praecepit
812 4862 1095 4931 discipulis
1123 4860 1240 4914 suis
1266 4866 1327 4914 ut
1352 4857 1557 4933 nemini
1591 4858 1832 4933 dicerent
1855 4856 1986 4933 quia
2014 4855 2128 4933 ipse
2151 4863 2271 4933 erat
2288 4854 2558 4933 Christus.
2587 4853 2795 4933 Exinde
2822 4855 2985 4923 cmpit
3004 4857 3289 4933 ostendere
3309 4853 3469 4910 Jesus
3494 4855 3757 4933 discipulis

536 4923 1347 5005 'suis_,_quoniam'oporte_teum
1374 4928 1428 4982 in
1450 4923 1885 5005 Hierosolymam
1908 4925 2009 4989 ire,
2033 4932 2087 4978 et
2113 4924 2285 5005 multa
2315 4923 2426 5005 pati
2456 4937 2500 5005 a_
2509 4923 2861 5005 senioribus,
2877 4933 2930 4978 et
2958 4926 3294 5005 principibus
3324 4923 3688 5005 sacerdgtum,
3712 4932 3759 4979 et

537 4992 736 5059 scribis
758 5001 966 5071 populi,
991 4992 1045 5055 ei.
1070 5000 1267 5059 occidi,
1287 5007 1369 5071 “et
1396 4998 1551 5071 tertia
1579 4997 1667 5051 die
1703 4992 2073 5071 resurgere.)
2114 4992 2202 5071 Et”
2233 4994 2287 5071 i_n
2320 4992 2427 5047 illis
2470 4992 2670 5071 dicitur
2696 4992 2969 5063 quoniam
2992 5013 3008 5043 ι
3059 4992 3332 5071 acCipiens
3358 5008 3481 5071 eum
3507 4993 3752 5071 _Pet_rus,o

534 5080 592 5127 et
616 5061 846 5127 canere:
862 5061 1055 5125 Adhuc
1079 5080 1257 5131 autem
1285 5069 1395 5123 illic
1416 5068 1618 5123 dictum
1647 5073 1750 5131 est,
1782 5061 2136 5120 occidendum
2169 5061 2501 5133 salvatorem
2532 5080 2545 5116 :
2580 5063 2667 5133 hic
2691 5061 2871 5133 autem
2900 5073 2955 5117 et
2976 5061 3193 5133 species
3209 5065 3324 5133 ipsa
3355 5064 3645 5119 occisionis
3690 5071 3761 5117 est

539 5142 769 5212 scripta,
802 5141 854 5212 id
888 5147 973 5194 est
1009 5139 1077 5212 ad
1110 5138 1552 5212 cruciﬁgendum.
1582 5136 1721 5202 Quid
1742 5144 1826 5212 est
1853 5149 1982 5204 ergo
2009 5132 2315 5212 quoddixit
2344 5151 2361 5183 ι
2396 5132 2643 5212 oportet?
2680 5152 2699 5184 ι
2720 5131 2981 5212 _Quandiu
3007 5131 3419 5212 quidenﬂesns
3459 5149 3567 5212 non
3601 5133 3761 5189 trade-

536 5202 702 5268 batur
727 5202 782 5267 in
812 5210 1200 5280 Hierosolymis
1226 5202 1562 5280 principibus
1602 5202 1944 5280 sacerdotum
1964 5212 2017 5258 et
2045 5203 2263 5280 scribis,
2297 5218 2396 5257 nec
2416 5202 2880 5280 condemnabatur
2908 5213 3233 5280 mortesnec
3263 5204 3638 5280 deludebatur,
3674 5215 3761 5257 nec

536 5284 930 5355 llagellabatnr,
967 5273 1525 5355 nec'_cruciﬁgebatitr,
1582 5277 1761 5355 stabat
1810 5273 2148 5354 Hierusalem
2179 5273 2469 5355 ;‘et_.q_uod
2509 5273 2806 5355 vocabatur
2854 5273 3222 5355 sanctuarium
3253 5287 3357 5355 non
3382 5273 3757 5355 deponebatur.

537 5339 833 5426 Postquam
863 5339 1046 5407 autem
1078 5350 1190 5405 haec
1224 5339 1299 5403 in‘
1324 5339 1850 5426 Jesum'ausinsnnt,
1878 5355 2017 5426 tunc
2056 5339 2541 5426 quiﬂtradiderunt
2572 5357 2696 5426 eum
2736 5342 2977 5426 derelicti
3022 5350 3148 5397 sunt
3172 5360 3202 5423 τ’
3228 5354 3284 5426 et
3333 5339 3643 5426 sacerdptes
3678 5339 3756 5410 qui

537 5412 1045 5480 condemnaverunt
1088 5435 1210 5474 eum
1256 5429 1449 5481 morte,
1477 5427 1534 5472 et
1573 5416 1763 5470 scribae
1799 5415 1893 5484 qni
1935 5412 2424 5484 excaécati_mente,
2463 5421 2516 5466 et
2556 5412 2776 5484 alienati
2816 5426 2980 5466 sensu
3012 5427 3119 5484 non
3153 5413 3405 5484 viderunt
3441 5413 3758 5467 voluntatem

542 5479 949 5564 Scripturarum
975 5500 1311 5552 sanctarum,
1336 5479 1514 5542 traditi
1551 5496 1678 5542 sunt
1712 5479 1875 5540 morti
1914 5484 2149 5538 inimica:
2177 5481 2419 5537 Christi:
2452 5491 2504 5536 et
2541 5482 2634 5551 qui
2676 5479 3197 5538 deluseruntlesum
3238 5482 3291 5536 in
3324 5483 3605 5538 delusione
3648 5484 3760 5537 sunt

614 5642 627 5670 ¹
660 5639 851 5695 Matth.
880 5654 995 5704 xvr,
1023 5637 1114 5692 2'5.
1190 5637 1211 5668 ’
1240 5634 1371 5691 ibid.
1403 5634 1496 5701 ‘20,
1519 5634 1610 5699 2|,
1634 5628 1727 5691 22.

582 5783 589 5788 -
620 5751 724 5817 ‘57)
758 5752 860 5806 Kal
887 5751 1107 5817 πάντες
1135 5750 1351 5805 ἐκεῖνοι
1378 5751 1837 5817 κατακρίναντες
1866 5750 1970 5803 τὸν
2003 5750 2095 5816 ‘Im

2195 5765 2253 5811 ν,
2283 5757 2385 5804 etc.
2414 5746 2546 5803 Vide
2571 5744 2854 5817 Origenem
2880 5745 2972 5800 lib.
3002 5760 3093 5800 vm
3128 5752 3311 5797 contra
3344 5740 3570 5797 Celsum.
