4032 6308
321 422 344 474 1
358 417 470 475 573

1269 412 1625 471 COMMENT.
1667 413 1735 466 IN
1775 410 2193 467 MATTll/EUM
2237 405 2474 466 TOMUS
2511 407 2645 462 XVI.

3439 407 3580 462 1375

312 545 414 597 καὶ
453 539 599 612 βάθη
635 538 768 594 Θεοῦ
801 539 892 593 καὶ
920 538 1026 592 τῶν
1049 536 1279 608 Γραφῶν
1301 536 1466 592 αὐτοῦ
1495 537 1570 608 μὴ
1601 534 1902 607 ἐπισταμέ-

2012 550 2128 590 rum
2177 532 2445 603 profunda
2490 527 2818 601 perscrutari
2871 529 3142 594 nesciunt,
3170 528 3581 600 postulationis,

309 650 434 697 νοις
474 631 684 703 ζητεῖν,
724 631 976 701 ἐμφαίνει
1018 627 1293 700 ἁπλότητα
1327 627 1623 693 ἀξιώσεως,
1673 628 1768 680 καὶ
1812 627 1911 697 τῆς

311 721 460 792 πρὸς
501 723 673 791 αὐτὴν
699 719 792 774 τοῦ
843 718 1016 791 Ἰησοῦ
1058 717 1422 789 ἀποκρίσεως·
1456 720 1570 780 τοῖς
1591 717 1650 770 δὲ
1681 715 1784 770 κᾶν
1818 715 1911 767 ἐπὶ

311 813 490 866 ποσὸν
517 811 840 882 δυναμένοις
874 807 1184 881 βασανίζειν
1233 808 1594 880 προϐλήματα
1629 809 1658 860 6
1686 805 1910 860 αὐτόθεν

311 905 728 975 ἐμφαινόμενος
767 903 892 966 νοῦς
942 901 1146 974 βραχύς
1191 903 1307 955 ἐστι
1351 901 1486 971 (50),
1528 899 1621 953 καὶ
1667 897 1909 968 εὐτελὴς,

311 994 413 1047 καὶ
460 995 623 1048 οὐδὲν
656 993 817 1065 ἔχων,
873 995 1107 1066 μάλιστα
1147 995 1236 1047 ὅτε
1287 992 1494 1064 Ἰησοῦς
1538 991 1908 1061 ἀποκρίνεται,

311 1086 566 1157 ἁρμόζον
602 1085 766 1140 αὐτοῦ
801 1088 867 1157 τῇ
913 1085 1271 1157 μεγαλονοίᾳ·
1315 1083 1505 1155 ὥσπερ
1548 1082 1658 1154 γὰρ
1701 1083 1795 1136 ἐπὶ
1820 1099 1912 1135 κο-

312 1176 536 1246 σμικῆς
568 1173 844 1245 βασιλείας
867 1177 924 1228 ὲν
947 1175 1245 1245 προαγωγῇ
1272 1171 1519 1225 δοκοῦσιν
1545 1167 1684 1225 εἶναι
1711 1173 1760 1224 οἱ
1785 1188 1913 1240 συγ-

309 1264 686 1335 καθεζόμενοι
715 1264 794 1336 τῷ
834 1264 1042 1335 βασιλεῖ
1062 1265 1120 1317 ὲν
1150 1267 1215 1335 τῇ
1251 1264 1504 1335 βασιλικῇ
1534 1262 1723 1332 ἐσθῆτι
1751 1262 1912 1316 καθε-

311 1355 564 1427 ζομένῳ,
601 1357 694 1409 καὶ
756 1355 1037 1410 ότιποτοῦν
1072 1354 1179 1408 τῶν
1215 1355 1315 1426 τῆς
1342 1354 1625 1425 βασιλικῆς
1652 1355 1911 1426 πρᾶγμά-

308 1463 428 1499 των
448 1444 709 1498 διέποντι·
726 1442 868 1497 οὕτω
890 1443 1036 1514 δόξῃ,
1055 1443 1198 1496 κατά
1221 1443 1318 1514 τὴν
1345 1443 1508 1509 λέξιν,
1530 1441 1909 1514 φανταζομένη

314 1535 352 1604 ἡ
403 1535 598 1606 μήτηρ
647 1533 755 1586 τῶν
789 1533 920 1586 υἱῶν
952 1533 1257 1596 Ζεϐεδαίου,
1289 1533 1345 1605 ἢ,
1372 1533 1447 1596 ὡς
1478 1536 1506 1586 6
1542 1533 1766 1604 Μάρκος
1793 1533 1914 1587 ἀνέ-

314 1625 566 1696 γραψεν,
603 1625 853 1687 Ἰάκωϐος
875 1627 969 1678 καὶ
1011 1625 1285 1695 Ἰωάννης,
1322 1624 1510 1692 ἀξιοῦν
1542 1626 1649 1679 ἀπὸ
1680 1623 1770 1680 τοῦ
1801 1627 1912 1678 Σω-

311 1717 489 1787 τῆρος
517 1717 578 1768 τὸ
609 1716 940 1787 καθεσθῆναι
966 1717 1056 1770 τὸν
1092 1718 1190 1788 μὲν
1216 1717 1401 1789 ἕτερον
1430 1721 1494 1771 ὲκ
1526 1717 1717 1782 δεξιῶν
1747 1718 1910 1771 αὐτοῦ

313 1809 378 1860 ὲν
410 1809 482 1879 τῇ
516 1806 762 1879 βασιλείᾳ
786 1809 1164 1879 τυγχάνοντος,
1188 1808 1279 1862 τὸν
1302 1809 1359 1861 δὲ
1385 1807 1569 1862 λοιπὸν
1599 1808 1658 1875 ἐξ
1691 1809 1909 1880 ἀριστε-

2011 636 2065 683 et
2095 626 2224 682 Jesu
2265 627 2332 681 ad
2370 641 2489 680 eam
2519 624 2892 694 responsionis
2925 621 3323 690 simplicitatem
3354 630 3581 676 contex-

2014 728 2100 773 tus
2131 715 2401 782 ostendit;
2430 725 2485 770 at
2513 716 2604 784 qni
2631 714 2961 784 quaestiones
2987 711 3381 782 aliquantulum
3408 711 3586 766 discu-

2012 818 2124 864 tere
2157 811 2359 876 sciunt,
2394 809 2461 864 iis
2502 809 2634 863 levis
2677 822 2799 862 esse
2845 806 3076 871 videtur,
3107 812 3161 858 et
3210 803 3359 874 parvi
3403 803 3584 872 pretii,

2010 916 2132 969 qua:
2184 901 2312 957 hinc
2360 901 2607 970 exsurgit
2653 897 2943 961 sententia,
2979 905 3033 950 et
3073 910 3236 965 quam
3280 894 3583 964 praesertim

2011 1005 2136 1045 cum
2170 1005 2436 1060 responso
2460 991 2549 1046 det
2571 988 2754 1052 Jesus,
2785 987 2921 1042 nihil
2955 987 3129 1055 ipsius
3162 984 3368 1055 ingenti
3402 985 3590 1038 animo

2011 1095 2314 1151 congruum
2345 1081 2609 1136 continet.
2639 1078 3108 1146 Quemadmodum
3139 1075 3284 1130 enim
3313 1075 3366 1129 in
3397 1075 3586 1130 mundi

2011 1172 2242 1242 hujusce
2295 1187 2462 1242 regno
2508 1187 2786 1228 summum
2833 1169 3057 1224 honoris
3103 1168 3285 1222 locum
3334 1167 3588 1221 videntur

2011 1264 2190 1334 adepti
2221 1265 2313 1334 qui
2349 1265 2460 1334 regi
2495 1264 2548 1317 in
2581 1263 2730 1333 regio
2765 1262 2952 1316 habitu
2993 1259 3223 1325 sedenti,
3257 1259 3340 1316 vel
3371 1258 3586 1328 negotia

2011 1356 2193 1424 aliqua
2231 1355 2298 1409 ad
2347 1355 2554 1424 regium
2602 1369 2802 1408 munus
2835 1350 3160 1421 pertinentia
3184 1347 3588 1403 administranti

2011 1446 2285 1512 assident;
2337 1445 2408 1499 ita
2452 1444 2688 1498 ﬁliorum
2739 1442 2984 1498 Zebedaei
3025 1450 3220 1506 mater,
3247 1449 3408 1510 prout
3430 1439 3583 1508 juxta

2011 1537 2244 1590 litteram
2307 1536 2662 1606 intelligitur,
2714 1537 2798 1588 vel
2852 1531 3314 1602 quemadmodum
3367 1529 3589 1598 scripsit

2010 1625 2245 1689 Marcus,
2276 1623 2513 1680 Jacobus
2545 1634 2598 1679 et
2628 1623 2889 1688 Joannes,
2913 1638 2943 1676 a
2969 1623 3256 1675 Servatore
3283 1620 3590 1689 postulasse

2012 1716 2285 1778 videntur,
2331 1723 2389 1768 ut
2437 1717 2492 1769 in
2551 1715 2722 1784 ipsius
2771 1729 2938 1782 regno
2979 1713 3308 1768 constitutus
3363 1725 3504 1765 unus
3554 1725 3588 1765 a

2012 1809 2219 1864 dextris
2271 1807 2466 1877 ipsius,
2502 1807 2638 1860 alter
2687 1820 2814 1859 vero
2861 1820 2892 1858 a
2943 1803 3180 1858 sinistris
3232 1804 3446 1858 sederet
3484 1822 3496 1856 :
3530 1815 3585 1858 et

316 1873 481 1970 ρῶν·⁷
495 1873 592 1953 καὶ
615 1873 766 1953 οὐδὲν
803 1873 998 1973 ῠῆν
1029 1900 1350 1973 παράδοξον,
1369 1903 1599 1969 γυναῖκα
1619 1873 1910 1954 ἀπὸ-ἁπλό-

2015 1899 2147 1952 nihil
2196 1873 2344 1954 certe
2377 1897 2574 1950 mirum
2622 1903 2740 1948 erat
2776 1909 2885 1963 pra:
2930 1893 3276 1962 simplicitate
3322 1903 3376 1948 et
3419 1893 3590 1962 impe—

313 2005 490 2059 τητος
518 1989 613 2041 καδ⁹
636 1989 900 2052 ἰδιωτείας
921 1990 1144 2044 τοιαῦτα
1169 1990 1412 2061 νομίζειν
1437 1988 1642 2054 ἀξιοῦν·
1671 1990 1909 2045 δεδόσθω

314 2076 400 2140 δὲ,
430 2078 517 2130 ὅτι
551 2078 645 2132 καὶ
693 2080 742 2132 οἱ
789 2078 883 2133 δύο
914 2080 1221 2147 ἀπόστολοι,
1249 2080 1326 2144 ὡς
1360 2080 1637 2154 ἄνθρωποι
1674 2080 1754 2133 ἔτι
1786 2082 1914 2134 ἀτε-

317 2167 458 2231 λεῖς,
490 2170 585 2222 καὶ
619 2169 783 2240 μηδὲν
815 2170 1064 2235 νοοῦντες
1105 2171 1399 2244 βαθύτερον
1445 2173 1574 2244 περὶ
1612 2172 1712 2241 τῆς
1753 2171 1908 2242 βασι-

318 2255 481 2320 λείας
511 2258 770 2329 Χριστοῦ,
812 2260 1041 2314 τοιαῦτο,
1079 2261 1460 2332 ὑπελάμϐανον
1490 2261 1616 2332 περὶ
1644 2261 1753 2314 τῶν
1781 2278 1912 2329 συγ-

322 2348 710 2420 καθεζομένων
737 2350 817 2421 τῷ
856 2351 1051 2422 Ἰησοῦ·
1088 2352 1225 2407 ἐπὰν
1253 2353 1308 2406 δὲ
1337 2354 1430 2406 καὶ
1478 2355 1506 2406 6
1552 2352 1795 2424 Ἰησοῦς,
1836 2353 1912 2416 ὡς

322 2442 868 2513 συγκατατιθέμενος
930 2443 1010 2514 τῷ
1070 2443 1212 2514 μέγα
1263 2439 1401 2496 εἶναι
1452 2443 1513 2497 τὸ
1581 2444 1912 2515 καθεσθῆναι

322 2548 451 2586 τινα
492 2535 558 2587 ὲκ
604 2533 793 2602 δεξιῶν
829 2537 862 2606 ἢ
912 2535 973 2600 ἐξ
1003 2536 1298 2607 εὐωνύμων
1347 2537 1534 2600 αὐτοῦ,
1585 2538 1787 2608 ὲπαίρῃ
1814 2536 1912 2608 τὴν

324 2623 584 2690 ἀξίωσιν,
655 2627 748 2680 καὶ
791 2626 952 2698 λέγῃ·
1008 2646 1029 2680 ς
1088 2628 1202 2681 Οὐκ
1239 2627 1419 2681 οἴδατε
1475 2627 1528 2681 τί
1571 2627 1832 2690 αἰτεῖσθε,
1888 2645 1908 2679 ι

325 2715 444 2767 καί·
481 2735 499 2767 ι
531 2718 644 2771 Οὐκ
673 2718 822 2771 ἐστιν
850 2719 983 2789 ὲμδν
1003 2718 1204 2785 δοῦναι,
1228 2719 1342 2773 ἀλλ’
1361 2713 1442 2781 οἷς
1460 2719 1786 2790 ἡτοίμασται
1808 2717 1912 2772 ὐπὸ

327 2803 425 2858 τοῦ
461 2807 672 2877 Πατρός
701 2809 1090 2880 μου,›ζητήσαι
1123 2826 1207 2873 τις
1235 2808 1302 2862 ἂν
1328 2809 1548 2873 συνετὸς
1575 2808 1746 2862 δοκῶν
1776 2804 1914 2863 εἶναι

325 2897 608 2968 ἀκροατὴς
649 2899 748 2970 τῆς
792 2900 1036 2971 Γραφῆς,
1088 2901 1140 2953 τί
1188 2899 1438 2971 βούλεται
1485 2899 1547 2953 τὸ
1588 2898 1914 2964 καθέζεσθαι

327 2989 397 3040 ὲκ
427 2987 614 3052 δεξιῶν
645 2990 678 3062 ἢ
714 2990 771 3057 ἐξ
800 2991 1096 3062 εὐωνύμων
1145 2991 1316 3062 Ἰησοῦ
1342 2994 1399 3046 ὲν
1435 2995 1502 3060 τῇ
1535 2992 1781 3064 βασιλείᾳ
1811 2993 1913 3046 αὐ-

327 3078 448 3130 τοῦ.
485 3080 596 3133 Καὶ
630 3082 767 3152 πρὸς
817 3083 944 3145 τοὺς
978 3083 1463 3153 ὑπολαμϐάνοντας
1511 3101 1575 3152 γε
1629 3082 1915 3156 περιεργό-

324 3181 488 3238 τερον
514 3170 660 3239 ἡμᾶς
703 3169 873 3224 ταῦτα
917 3170 1120 3240 ζητεῖν,
1158 3171 1449 3224 συνακτέον
1487 3171 1556 3224 τά
1589 3172 1718 3242 περὶ
1756 3171 1914 3225 καθί⁶

328 3274 470 3322 σεως
506 3260 965 3331 ἀναγεγραμμένα
1010 3259 1226 3331 Θεοῦ,ἢ
1269 3261 1362 3313 τοῦ
1408 3260 1670 3333 Χριστοῦ,
1720 3261 1808 3314 ἴνα
1839 3263 1905 3332 τῇ

328 3347 551 3421 βασάνῳ
577 3350 686 3404 τῶν
727 3354 807 3414 εἰς
848 3352 1004 3404 τοῦτο
1047 3341 1452 3422 συναγομένων,
1485 3352 1579 3406 καὶ
1610 3351 1908 3423 παραθέσει

326 3440 510 3494 αὐτῶν
544 3443 680 3514 πρὸς
731 3442 971 3515 ἄλληλα,
1022 3443 1299 3497 ἀνατεῖλαι
1343 3443 1544 3514 δυνηθῇ
1592 3443 1819 3513 μέγεθός
1855 3460 1908 3497 τι

325 3532 598 3604 δόγματος
613 3534 721 3587 ἀπὸ
743 3535 912 3588 ἀπλου
920 3535 1010 3588 στέ
1018 3553 1107 3608 ρου
1126 3534 1568 3605 παραδείγματος
1589 3532 1904 3605 ληφθέντος·

326 3620 442 3678 οἷον
487 3629 543 3679 ὲν
604 3627 701 3696 μὲν
751 3630 816 3698 τῇ
878 3628 1038 3700 τρίτῃ
1081 3627 1190 3680 τῶν
1244 3623 1537 3678 Βασιλειῶν
1575 3625 1905 3695 γέγραπται,

323 3717 414 3770 ὅτι
439 3712 557 3769 εἷπε
601 3717 872 3788 Μιχαίας·
917 3735 934 3768 ι
973 3714 1125 3770 Εἶδον
1171 3717 1302 3770 Θεὸν
1347 3716 1562 3788 Ἰσραὴλ
1605 3717 1912 3787 καθήμενον

323 3810 431 3862 ἐπει
468 3809 656 3881 Θρόνου
693 3810 879 3874 αὐτοῦ,
913 3811 1006 3864 καὶ
1041 3811 1190 3863 πᾶσα
1224 3811 1257 3880 ἡ
1299 3808 1528 3879 στρατιὰ
1546 3807 1640 3861 τοῦ
1679 3806 1910 3880 οὐρανοῦ

323 3900 466 3970 περὶ
494 3901 655 3953 αὐτὸν
679 3901 742 3953 ὲκ
759 3898 946 3963 δεξιῶν
973 3897 1136 3953 αὐτοῦ
1159 3898 1254 3950 καὶ
1281 3896 1339 3964 ἐξ
1358 3896 1650 3967 εὐωνύμων
1669 3895 1855 3959 αὐτοῦ,
1888 3916 1906 3948 ι

324 3991 431 4044 καὶ
469 3991 538 4044 τὰ
582 3990 739 4062 ἑξῆς·
780 3993 836 4043 ἐν
872 3991 929 4044 δὲ
966 3993 1030 4061 τῇ
1079 3990 1313 4061 δευτέρᾳ
1344 3988 1451 4042 τῶν
1499 3988 1912 4059 Παραλειπομέ-

326 4101 442 4139 νων
481 4086 510 4136 6
555 4084 716 4147 αὐτὸς
762 4083 1003 4152 Μιχαίας
1046 4084 1179 4152 φησὶ
1229 4082 1586 4152 παραπλήσια
1615 4080 1824 4145 τούτοις
1857 4081 1914 4133 ὲν

2011 1990 2135 2044 ritia
2167 1989 2475 2044 decrevisse
2509 1986 2792 2040 mulierem
2828 1985 2942 2038 haec
2969 1999 3092 2038 esse
3118 1984 3458 2054 postulanda.
3484 1982 3588 2039 De-

2012 2096 2136 2136 mus
2161 2088 2418 2150 praetcrea
2447 2079 2586 2134 duos
2634 2075 2943 2146 apostolos,
2982 2085 3168 2145 utpote
3216 2076 3464 2130 homines
3493 2076 3590 2130 ad-

2013 2171 2120 2227 huc
2167 2170 2551 2240 imperfectos,
2601 2183 2778 2237 neque
2827 2168 3125 2238 quidquam
3182 2167 3473 2222 sublimius
3523 2166 3590 2221 de

2011 2277 2179 2332 regno
2204 2261 2405 2316 Christi
2437 2261 2770 2330 cogitantes,
2803 2260 2930 2314 talia
2977 2260 3045 2314 de
3076 2258 3144 2314 iis
3176 2257 3268 2327 qui
3299 2256 3425 2312 Jesu
3451 2256 3592 2312 assi-

2011 2354 2159 2418 dent,
2190 2353 2293 2407 sibi
2327 2352 2585 2418 (iunxisse;
2616 2359 2673 2405 at
2703 2352 2962 2421 quoniam
2995 2349 3155 2404 Jesus
3189 2349 3303 2417 ipse
3331 2361 3588 2416 magnum

2012 2445 2142 2515 quid
2163 2460 2284 2500 esse
2310 2445 2648 2507 concedens,
2697 2459 2728 2498 a
2774 2443 2977 2498 dextris
3022 2441 3330 2498 sinistrisve
3361 2441 3476 2495 suis
3506 2454 3592 2494 se-

2011 2535 2162 2600 dere,
2192 2536 2474 2605 petitionis
2506 2535 2936 2605 magnitudinem
2985 2533 3216 2598 extollit,
3256 2541 3310 2586 et
3344 2531 3475 2586 dicit
3495 2531 3541 2563 ¹⁶
3573 2547 3589 2584 :

2018 2641 2037 2674 ι
2075 2620 2308 2678 Nescitis
2335 2623 2466 2693 quid
2505 2624 2721 2693 petatis,
2753 2643 2770 2674 ι
2798 2631 2853 2677 et
2878 2638 2891 2674 :
2922 2641 2940 2673 ι
2975 2621 3095 2676 Νοη
3120 2632 3207 2677 est
3237 2637 3412 2676 meum
3438 2620 3591 2686 dare,

2014 2713 2108 2770 sed
2134 2714 2333 2782 quibus
2358 2723 2608 2783 paratum
2630 2723 2715 2769 est
2743 2729 2771 2768 a
2810 2713 2966 2769 Patre
2992 2729 3134 2777 meo,
3177 2732 3196 2765 ›
3222 2723 3416 2768 acutus
3445 2711 3594 2768 Seri-

2012 2811 2186 2873 pturte
2237 2803 2454 2859 auditor
2497 2819 2622 2859 esse
2670 2803 2772 2858 sibi
2823 2803 3015 2858 videns
3048 2803 3249 2874 aliquis
3275 2844 3290 2869 ,
3330 2802 3593 2873 quidnam

2013 2895 2119 2949 sibi
2151 2895 2303 2960 velit,
2336 2910 2368 2949 a
2397 2895 2604 2950 dextris
2649 2893 2800 2956 Jesu.
2837 2894 3000 2967 714
3046 2895 3130 2950 vel
3176 2910 3206 2949 a
3253 2893 3492 2949 sinistris
3537 2893 3592 2947 in

2012 2984 2184 3055 ipsius
2220 3001 2384 3056 regno
2403 2987 2612 3051 sedere,
2636 2986 2952 3057 postulabit.
2978 2986 3056 3040 Ac
3079 2985 3133 3040 in
3160 3001 3349 3040 eorum
3374 2985 3590 3055 quidem

2015 3076 2246 3146 gratiam
2283 3076 2377 3147 qui
2429 3078 2545 3131 haec
2592 3077 2753 3132 anxie
2796 3077 2964 3131 nimis
2995 3091 3061 3132 ac
3106 3077 3323 3132 curiose
3354 3091 3384 3129 a
3435 3075 3596 3129 nobis

2017 3168 2249 3238 disquiri
2293 3178 2505 3238 putant,
2560 3168 2862 3238 colligenda
2910 3176 3040 3224 sunt
3079 3184 3200 3238 qua:
3241 3167 3308 3222 de
3353 3166 3471 3230 Dei,
3509 3166 3595 3220 vel

2015 3257 2220 3314 Christi
2258 3258 2505 3314 sessione
2531 3259 2732 3328 scripta
2763 3266 3010 3322 exstant,
3046 3266 3107 3312 ut
3134 3273 3200 3311 ex
3231 3271 3418 3310 eorum
3446 3255 3511 3313 ad
3540 3253 3592 3308 id

2013 3351 2367 3417 collectorum
2396 3351 2668 3417 examine,
2709 3361 2762 3406 et
2810 3349 3039 3404 invicem
3089 3348 3527 3418 comparatione,
3563 3361 3596 3400 c

2013 3441 2225 3509 prolato
2277 3439 2596 3510 simpliciori
2646 3440 2896 3507 exemplo
2948 3439 3232 3495 sententia:
3277 3436 3596 3507 magnitudo

2013 3529 2306 3587 elucescat.
2325 3530 2496 3598 Quale
2523 3531 2652 3584 illud
2670 3539 2752 3584 est
2775 3531 2919 3599 quod
2945 3532 3100 3584 tertio
3121 3529 3430 3600 Regnorum
3455 3529 3560 3584 seri
3576 3558 3594 3569 -

2013 3629 2165 3690 ptum
2220 3629 2400 3675 exstat
2441 3621 2509 3686 “,
2538 3621 2740 3675 dixisse
2788 3619 3066 3674 Michaeam
3113 3638 3126 3673 :
3175 3639 3193 3671 ι
3250 3619 3371 3674 Vidi
3427 3621 3594 3674 Deum

2017 3711 2184 3767 Israel
2233 3713 2508 3768 sedentem
2557 3727 2720 3780 super
2765 3711 2962 3765 solium
2995 3725 3178 3772 suum,
3208 3720 3262 3764 et
3289 3711 3469 3765 omnis
3497 3725 3597 3764 ex-

2017 3803 2223 3858 ercitus
2256 3803 2378 3857 C(Bli
2413 3802 2676 3857 assistens
2719 3800 2768 3854 ei
2817 3816 2848 3854 a
2889 3799 3095 3854 dextris
3127 3808 3180 3853 et
3211 3815 3240 3852 a
3274 3799 3533 3864 sinistris,
3567 3817 3588 3851 ι

2016 3901 2071 3949 et
2099 3901 2325 3960 caetera;
2371 3902 2426 3948 et
2474 3894 2528 3947 in
2577 3891 2818 3947 secundo
2864 3890 3310 3959 Paralipomenon
3348 3890 3433 3946 his
3481 3890 3596 3949 fere

2017 3987 2323 4044 consimilia
2355 3985 2487 4041 dicit
2515 3985 2657 4040 idem
2686 3983 2941 4038 Miehzeas
2975 3982 3060 4038 his
3091 3983 3272 4038 verbis
3309 3983 3354 4015 "
3384 4003 3396 4036 :
3426 4002 3444 4034 ι
3482 3983 3597 4040 Au-

2015 4079 2126 4134 dite
2153 4079 2380 4134 verbum
2432 4077 2668 4132 Domini.
2704 4074 2827 4130 Vidi
2878 4074 3169 4128 Dominum
3220 4075 3494 4130 sedentem
3537 4076 3592 4131 in

2013 4169 2152 4224 solio
2185 4169 2485 4238 majestatis
2515 4183 2659 4234 suae,
2689 4176 2746 4223 et
2778 4166 2958 4221 omnis
2992 4165 3268 4221 exercitus
3303 4166 3426 4220 coeli
3454 4167 3596 4221 assi-

2012 4264 2190 4318 Stebat
2231 4261 2278 4316 ei
2323 4277 2354 4316 a
2399 4259 2608 4315 dextris
2650 4269 2702 4314 et
2743 4275 2774 4313 a
2821 4257 3081 4322 sinistris,
3118 4275 3135 4307 ι
3179 4265 3233 4310 et
3279 4264 3500 4311 cetera.
3537 4255 3595 4311 1n

2013 4355 2154 4411 Isaia
2207 4362 2390 4410 autem
2440 4353 2700 4422 scriptum
2726 4359 2810 4406 est
2842 4350 2928 4400 '3:
2975 4367 2992 4399 ι
3028 4347 3095 4403 Ει
3143 4347 3347 4403 factum
3399 4359 3484 4404 cst
3538 4347 3594 4403 in

327 4175 441 4246 τῷ·
485 4194 504 4226 ι
546 4176 839 4229 Ἀκούσατε
871 4175 1027 4243 λόγον
1072 4174 1303 4245 Κυρίου.
1335 4168 1489 4228 Εἶδον
1519 4172 1722 4244 Κύριον
1751 4172 1917 4244 καθή-

334 4283 498 4339 μενον
530 4266 623 4320 ἐπὶ
655 4266 843 4337 θρόνου
877 4265 1034 4336 δόξης
1067 4265 1231 4320 αὐτοῦ
1271 4265 1404 4335 (5|),
1449 4265 1544 4318 καὶ
1576 4267 1724 4318 πᾶσα
1756 4264 1914 4318 δύνα-

337 4377 433 4430 μις
461 4358 553 4412 τοῦ
600 4357 830 4430 οὐρανοῦ
868 4359 1111 4428 εἱστήκει
1150 4358 1214 4410 ἐκ
1261 4357 1448 4423 δεξιῶν
1482 4355 1670 4423 αὐτοῦ,
1713 4357 1808 4410 καὶ
1852 4355 1912 4420 ἐξ

1547 4497 1774 4554 VETUS
1810 4495 2378 4551 lNTEBPRETATlO

343 4643 518 4716 tiones
548 4644 818 4699 discutere
847 4655 1098 4715 possunt,
1128 4643 1451 4716 proiundior
1476 4653 1529 4700 et
1569 4645 1829 4715 spiritalis
1863 4643 2171 4716 ostenditur
2211 4643 2536 4716 intellectus.
2573 4640 2676 4706 Qui
2711 4653 2840 4708 ergo
2890 4634 3362 4716 hin_e_ostenditur
3398 4649 3593 4687 sensus

346 4713 528 4792 brevis
556 4722 610 4768 et
643 4705 1223 4792 contcm'ptibilis'ést,
1248 4726 1302 4770 et
1345 4705 1730 4792 nihil_habens
1778 4731 2055 4792 magnum.
2113 4715 2282 4792 Sicut
2307 4715 2458 4792 enim
2497 4714 2562 4792 _i_n
2600 4705 3065 4792 ’regnoﬂmundiali
3119 4705 3428 4792 inﬂhonore
3474 4718 3594 4792 esse

341 4782 597 4856 videntur
619 4784 710 4856 qui
756 4775 945 4856 sedent
981 4803 1104 4840 cum
1137 4775 1262 4856 rege
1304 4787 1511 4841 sedenti
1539 4787 1593 4840 in
1623 4796 1774 4840 veste
1796 4775 1986 4854 regali,
2017 4794 2071 4838 ct
2117 4784 2321 4856 aliquid
2370 4783 2628 4856 regalium
2673 4775 3012 4856 negotiorum
3040 4775 3217 4845 agenti
3247 4793 3258 4828 :
3297 4776 3588 4856 sicmtnater

344 4851 579 4907 ﬁliorum
622 4845 900 4919 Zebedzei,
947 4845 1244 4911 secundum
1301 4857 1600 4924 simplicem
1633 4857 1756 4911 dico
1800 4845 2042 4918 textum,
2075 4845 2612 4924 videiurpostulare
2647 4845 3033 4924 a__Salvat01‘c_.
3077 4857 3132 4898 ιιι
3176 4861 3318 4924 ultus
3359 4845 3592 4924 ﬁliorum

346 4925 787 4995 suorumgsedeat
817 4915 1188 4980 ad'dexteram
1217 4926 1366 4995 ejus,
1405 4915 1543 4979 alter
1583 4927 1649 4980 ad
1682 4927 1959 4982 sinistram
2012 4915 2063 4978 in
2111 4939 2277 4992 regno
2301 4915 2519 4995 ipsius;
2544 4921 2607 4974 Et
2647 4920 2782 4972 nihil
2819 4918 2923 4972 fuit
2951 4917 3175 4995 mirum,
3206 4915 3268 4995 si
3307 4915 3502 4995 mulier
3525 4928 3591 4967 ex

346 4992 596 5047 muliebri
627 4994 973 5062 simplicitate
1003 4996 1083 5048 vel
1121 4983 1390 5062 imperitia
1423 4997 1550 5050 talia
1582 4998 1777 5050 debere
1807 5012 1864 5050 se
1889 5005 2068 5064 petere
2104 4983 2454 5064 existimavit.
2489 4991 2636 5064 Pone
2665 4999 2844 5064 autem
2870 4987 3130 5064 quoniam
3167 4983 3592 5064 et_ipsi__.fratres

345 5065 656 5134 secundum
675 5054 822 5132 quod
854 5063 1068 5119 Marcus
1095 5054 1336 5134 exponit,
1359 5066 1516 5134 quasi
1547 5067 1796 5120 homines
1822 5054 2124 5129 constituti,
2149 5073 2204 5118 et
2225 5064 2405 5134 adhuc
2431 5060 2754 5134 imperfecti,
2790 5068 2842 5112 et
2875 5054 3020 5134 nihil
3041 5059 3207 5110 altum
3233 5054 3594 5134 intelligentes

344 5134 410 5186 de
440 5148 606 5199 regno
629 5123 854 5197 Christi,
890 5135 1014 5188 talia
1040 5123 1286 5189 arbiirati
1325 5123 1454 5188 'de
1480 5137 1547 5188 de
1582 5136 1667 5190 his
1697 5137 1791 5205 qui
1826 5135 2093 5190 sedebunt
2113 5123 2242 5188 cum
2267 5133 2396 5188 Jesu
2426 5123 2591 5205 :dquid
2623 5130 2870 5205 dicemus
2900 5130 2965 5181 de
2992 5125 3268 5205 Jesu,_q.ui
3297 5123 3595 5205 ostendens

345 5192 601 5274 magn-um
642 5219 764 5257 esse
798 5192 986 5259 sedere
1013 5206 1245 5274 aliquem
1271 5207 1336 5259 ad
1362 5206 1606 5258 dextram
1633 5192 1728 5259 vel.
1753 5206 1818 5259 ad
1851 5205 2128 5259 sinistram
2163 5219 2340 5260 suam.
2376 5192 2517 5256 tollit
2549 5199 2995 5274 postulationem,
3028 5207 3083 5274 c_t
3113 5192 3281 5274 dicit:
3316 5215 3333 5245 ι
3357 5192 3595 5274 Nescitis

342 5264 471 5342 quid
499 5274 728 5341 petatis;
761 5293 779 5324 ι
808 5282 900 5328 et:
940 5294 957 5325 ι
989 5264 1117 5328 Νοιῖ
1147 5287 1232 5329 est
1267 5291 1444 5329 meum
1485 5276 1615 5329 dare
1643 5275 1825 5339 vobis,
1860 5275 1950 5330 sed
2003 5275 2203 5340 quibus
2240 5283 2490 5342 paratum
2524 5264 2618 5342 est
2648 5286 2676 5342 a
2714 5268 2873 5322 Patre
2899 5268 3078 5342 meo?
3109 5286 3127 5318 ι
3157 5264 3590 5342 Quaeretnautem

344 5331 792 5420 quisapiensest
822 5346 1038 5400 auditor
1063 5345 1375 5414 Scripturze.
1409 5345 1537 5413 quid
1567 5347 1638 5420 sit
1659 5331 1848 5420 sedere
1873 5345 1938 5398 ad
1969 5331 2212 5420 dextram
2229 5331 2369 5420 Jesu
2399 5353 2452 5420 et
2477 5342 2547 5420 ad
2579 5341 2858 5420 sini-stram
2897 5339 2950 5392 in
2993 5353 3159 5420 regno
3187 5335 3328 5402 ejus.
3362 5331 3427 5385 Et
3445 5345 3592 5420 con:-

345 5409 593 5466 vcniebat
619 5413 839 5483 quidem
871 5409 1200 5486 congregare
1233 5431 1353 5485 qua:
1375 5409 1502 5469 sunt
1531 5415 1734 5486 scripta
1763 5417 1829 5469 de
1862 5415 2200 5470 sessionibus
2226 5413 2341 5479 Dei,
2369 5413 2452 5468 vel
2491 5411 2714 5473 Christi,
2743 5419 2801 5463 ut
2828 5425 2894 5463 ex
2933 5417 3165 5463 tractatu
3196 5417 3408 5467 eorum,
3439 5409 3493 5455 et
3521 5414 3591 5454 ex

414 5550 460 5581 '°
495 5549 682 5607 Matth.
719 5570 810 5618 xx,
833 5554 926 5620 Ἡ,
960 5555 1051 5609 25.
1127 5556 1170 5586 “
1208 5554 1271 5609 ιιι
1308 5555 1441 5627 Reg.
1477 5573 1620 5624 xm,
1654 5556 1740 5613 19.
1814 5557 1856 5587 “
1883 5554 1924 5608 ll
1955 5554 2132 5610 Paral.
2167 5571 2322 5620 xvm,
2355 5553 2440 5608 18.
2520 5555 2564 5585 ’³
2599 5551 2700 5608 Isa.
2733 5568 2805 5618 v1,
2843 5550 2897 5604 1.

2087 5678 2199 5748 (5|)
2232 5676 2362 5732 Ἐπὶ
2394 5677 2609 5746 θρόνου
2635 5674 2820 5748 δόξῃς
2842 5673 3049 5748 αὐτοῦ,
3073 5679 3189 5748 ςξιιξΣ
3203 5667 3375 5748 vulgo
3397 5667 3597 5748 legitur

2016 5748 2059 5802 ll
2089 5740 2320 5819 Paralip.
2351 5740 2506 5810 xviii,
2546 5747 2633 5814 18,
2676 5740 2989 5819 έπϊθρόνου
3029 5741 3457 5819 αὐτοῦ’-ἑστήκει
3493 5740 3592 5797 ιιι-ν

2018 5821 2106 5875 bet
2131 5812 2295 5875 editio
2316 5819 2562 5889 Compl.;
2595 5812 2816 5888 reliqure
2837 5812 3192 5887 παρεστήκει,
3220 5812 3296 5868 lu.

771 5676 1015 5760 ,ξραχρς
1055 5677 1206 5760 egra,
1245 5676 1591 5760 -etc._._Vetus
1620 5679 1907 5760 interpres,

354 5741 728 5831 :prol‘tjtndior
769 5741 840 5826 et_
867 5741 1127 5828 spiritalis
1172 5741 1842 5831 ostenditur_iutclleetus.
1884 5741 1902 5802 ἰ

351 5806 657 5881 Legendutn
693 5806 960 5887 suspicor,
989 5819 1108 5882 νοῦς
1133 5820 1193 5871 οὐ
1228 5818 1448 5890 βραχύς.
1478 5818 1740 5876 llvnrtvs.
