4032 6308
534 382 680 440 1575

2015 379 2337 438 ORIGENIS

3654 384 3793 441 I376

535 514 685 553 anuo
715 511 827 568 quo
876 502 1123 551 mortuus
1170 502 1252 549 est
1304 508 1399 549 rex
1447 492 1630 564 Ozias,
1668 497 1775 552 vidi
1815 497 2100 555 Dominum

2205 496 2507 570 ἀριστερῶν
2527 496 2713 561 αὑτοῦ,
2744 516 2765 550 ι
2796 498 2887 552 xal
2912 497 2982 553 τὰ
2994 496 3140 569 ἑξῆς.
3171 498 3282 551 Kal.
3305 498 3364 551 ὲν
3395 498 3675 572 Ἠσαϊᾳδὲ
3703 502 3790 571 γέ-

534 596 813 644 sedentem
863 600 1022 654 super
1070 584 1265 640 solium
1295 585 1601 651 excelsum,
1652 596 1705 641 et
1737 588 2029 655 elevatum,
2080 610 2099 643 ι

533 686 591 734 et
655 677 884 747 reliqua.
940 675 1091 731 Talia
1168 687 1423 746 praeterea
1501 679 1555 731 in
1620 675 1841 737 Dauiele
1902 682 2107 752 scripta

530 778 665 824 sunt
690 771 777 821 ’σε
812 788 831 820 ι
869 769 1210 839 Aspicieham
1258 772 1431 828 donec
1465 774 1644 828 throni
1670 775 1832 844 positi
1868 788 2015 842 sunt,
2054 787 2110 832 et

530 861 805 930 Antiquos
851 862 1062 917 dierum
1114 863 1287 926 sedit,
1327 884 1346 916 ι
1377 874 1428 920 et
1474 882 1597 935 quae
1641 880 1965 938 sequuntur.
2014 869 2109 926 His

531 965 752 1020 quoque
784 951 963 1005 aliinia
999 952 1141 1020 apud
1181 951 1553 1022 Ezechielem,
1587 958 1693 1011 sub
1730 958 1944 1012 initium
1981 974 2110 1028 pro-

531 1044 728 1112 phetiae
779 1044 954 1114 ipsius
998 1045 1239 1114 reperire
1278 1054 1395 1113 est,
1441 1063 1565 1103 cum
1605 1051 1685 1106 ait
1734 1052 1781 1083 “
1823 1067 1838 1104 :
1875 1071 1895 1103 ι
1935 1050 2109 1121 Super

532 1135 959 1200 ﬁrmamentum,
1012 1136 1158 1205 quod
1212 1146 1331 1192 erat
1376 1138 1670 1197 imminens
1718 1142 1880 1212 capiti
1915 1158 2107 1198 eorum

532 1227 850 1298 (cherubim
891 1226 1175 1298 videlicet)
1218 1230 1376 1299 quasi
1432 1239 1687 1300 aspectus
1740 1233 1936 1303 lapidis
1982 1250 2109 1304 sap-

528 1322 693 1391 phiri,
741 1320 1046 1375 similitudo
1080 1322 1263 1376 throni
1303 1338 1468 1392 super
1516 1325 1716 1394 ipsum,
1757 1336 1808 1381 et
1843 1342 2007 1396 super
2033 1328 2110 1381 si-

528 1412 893 1467 militudinem
934 1412 1118 1466 throni
1168 1412 1469 1469 similitudo
1500 1417 1656 1485 quasi
1703 1428 1960 1486 aspectus
2007 1419 2109 1473 ho~

529 1501 695 1556 minis
724 1503 978 1573 desuper.
1016 1522 1036 1554 ι
1063 1502 1121 1558 In
1152 1505 1365 1573 psalmo
1395 1514 1576 1561 autem
1608 1508 1908 1564 centesimo
1939 1522 2106 1573 nouo,

531 1593 648 1648 haec
681 1594 845 1649 verba
870 1595 918 1626 “
947 1613 960 1649 :
992 1614 1011 1646 ι
1043 1593 1189 1651 Dixit
1217 1596 1481 1654 Dominus
1518 1599 1748 1654 Domino
1773 1615 1896 1654 meo
1927 1615 1941 1652 :
1969 1600 2109 1657 Sede

529 1702 561 1740 a
592 1686 798 1742 dextris
831 1686 990 1753 meis,
1030 1707 1049 1740 ι
1088 1689 1391 1745 sessionem
1417 1690 1617 1756 Patris,
1652 1701 1706 1747 et
1737 1693 1960 1748 alteram
1989 1692 2111 1748 Ser-

529 1778 737 1833 vatoris
763 1793 791 1831 a
818 1779 1023 1835 dextris
1056 1781 1229 1850 ipsius
1279 1784 1516 1840 sedentis
1561 1785 1872 1852 declarant;
1906 1798 1960 1842 et
1984 1803 2107 1841 rur-

531 1885 654 1924 sum
688 1871 741 1925 in
774 1872 882 1926 alio
930 1873 1138 1942 psalmo
1184 1889 1351 1929 orans
1392 1875 1659 1945 Propheta
1702 1879 1778 1932 ait
1815 1880 1858 1910 ²⁷
1893 1895 1905 1931 :
1942 1899 1962 1932 ι
1999 1879 2106 1946 Qui

530 1963 687 2017 sedes
745 1979 909 2033 super
967 1966 1281 2031 cherubim,
1343 1967 1729 2036 manifestare;
1788 1990 1807 2023 ι
1873 1980 1928 2026 et
2004 1973 2106 2027 ite-

528 2066 651 2106 rum
682 2052 728 2085 ²⁸
754 2070 769 2106 :
803 2071 823 2103 ι
856 2051 998 2107 Deus
1026 2053 1174 2108 sedet
1199 2069 1363 2123 super
1383 2056 1565 2110 sedem
1597 2071 1839 2113 sanctam
1875 2076 2053 2115 suam.
2080 2079 2099 2112 ι

528 2140 686 2207 Quod
740 2142 786 2197 si
839 2142 909 2195 ab
958 2140 1262 2213 Evangeliis
1338 2160 1560 2215 quoque
1625 2150 1932 2219 exemplum
1994 2151 2103 2221 peti

527 2233 633 2296 vis,
724 2232 849 2286 audi
921 2233 1318 2289 describentem
1417 2235 1729 2293 Matthzeum
1826 2244 2105 2312 quomodo

526 2323 811 2393 discipulis
882 2325 999 2380 suis
1049 2326 1248 2381 dixerit
1298 2326 1458 2383 Iesus
1516 2330 1602 2384 "z
1664 2350 1684 2381 ‹
1748 2332 1920 2388 Amen
1979 2336 2105 2391 dico

524 2415 703 2476 vobis,
754 2416 896 2483 quod
945 2431 1042 2471 vos
1087 2417 1180 2486 qui
1237 2419 1408 2473 secuti
1463 2422 1596 2475 estis
1642 2436 1747 2489 me,
1801 2422 1855 2477 in
1886 2439 2106 2496 regene-

527 2503 736 2557 ratione
765 2520 891 2559 cum
924 2505 1127 2561 sederit
1178 2506 1349 2563 Filius
1403 2510 1642 2567 heminis
1697 2514 1751 2567 in
1802 2514 1931 2569 sede
1986 2530 2104 2570 ma-

523 2594 736 2662 iestatis
801 2610 935 2661 suae,
974 2616 994 2647 ι
1065 2608 1120 2652 et
1160 2607 1388 2665 caetera;
1416 2609 1505 2655 et:
1546 2621 1566 2653 ι
1607 2603 1819 2659 Anzodo
1850 2607 2102 2662 videbitis

524 2683 688 2754 715
733 2683 929 2740 Filium
982 2688 1219 2744 hominis
1270 2691 1546 2747 sedentem
1601 2708 1631 2748 a
1674 2695 1883 2751 dextris
1931 2699 2103 2752 virtu-

527 2776 684 2831 tis”.
731 2796 749 2829 ι
798 2776 924 2832 Haec
971 2794 1190 2850 quoque
1241 2781 1403 2837 habet
1448 2782 1734 2841 Matthreus
1760 2787 1854 2841 “:
1900 2806 1920 2839 ι
1962 2788 2099 2843 Cum

524 2869 734 2922 venerit
762 2867 934 2925 Filius
968 2870 1207 2927 hominis
1236 2874 1290 2928 in
1326 2874 1620 2944 majestate
1657 2893 1779 2946 sua,
1820 2889 1874 2933 et
1910 2894 2100 2937 omnes

2210 606 2487 662 γραπται·
2531 608 2549 640 ι
2584 589 2694 644 Kal.
2738 590 2956 658 ἐγένετο
2988 589 3082 645 τοῦ
3134 589 3383 645 ἐνιαυτοῦ
3422 583 3482 645 οὗ
3518 591 3796 649 ἀπέθανεν

2222 681 2402 746 Ὀζίας
2428 683 2457 735 6
2491 680 2765 752 βασιλεὺς,
2807 674 2948 734 εἶδον
2988 680 3081 734 τὸν
3110 680 3313 753 Κύριον
3348 680 3669 752 καθήμενον
3704 684 3795 738 ἐπὶ

2210 771 2401 843 θρόνου
2439 771 2645 842 ὑψηλοῦ
2673 772 2768 825 καὶ
2793 771 3124 843 ἐπῃρμένου,
3157 791 3176 824 ι
3216 772 3312 825 καὶ
3334 771 3403 825 τὰ
3430 771 3585 842 ἑξῆς
3624 772 3709 826 ἔτι
3741 773 3795 827 δὲ

2209 863 2304 916 καὶ
2326 864 2386 915 ὲν
2412 862 2489 934 τῷ
2528 862 2727 934 Δανιὴλ
2769 862 2992 917 τοιαῦτα
3032 863 3372 933 γέγραπταιο
3421 882 3440 916 ι
3491 863 3794 935 Ἐθεώρουν

2208 953 2317 1023 ἕως
2354 946 2416 1008 οὗ
2445 953 2624 1025 θρόνοι
2662 954 2947 1024 ἐτέθησαν,
2992 955 3087 1008 καὶ
3128 954 3361 1019 Παλαιὸς
3396 956 3631 1028 ἡμερῶν
3673 957 3795 1010 ἐκά-

2210 1045 2361 1117 θητο,
2387 1063 2405 1099 ι
2439 1046 2530 1099 καὶ
2547 1046 2618 1099 τὰ
2645 1047 2792 1117 ἑξῆς.
2820 1048 3183 1120 Παραπλήσια
3207 1047 3416 1112 τούτοις
3433 1048 3592 1102 ἐστιν
3616 1050 3793 1119 εὑρεῖν

2210 1140 2304 1192 καὶ
2328 1141 2385 1191 ὲν
2418 1138 2496 1210 τῷ
2537 1140 2796 1211 Ἰεξεκιὴλ
2819 1140 2965 1194 κατὰ
2995 1139 3095 1211 τὴν
3125 1139 3299 1211 ἀρχὴν
3326 1140 3427 1210 τῆς
3454 1141 3793 1211 προφητείας

2208 1229 2393 1293 αὑτοῦ,
2421 1231 2509 1283 ὅτε
2549 1230 2737 1300 φησίν·
2783 1250 2802 1281 ι
2851 1230 3138 1300 Ὑπεράνω
3160 1228 3256 1283 τοῦ
3285 1233 3672 1300 στερεώματος
3703 1229 3791 1283 τοῦ

2210 1324 2351 1395 ὑπὲρ
2376 1323 2486 1394 (52)
2526 1321 2771 1392 κεφαλῆς
2811 1323 3014 1385 αὐτῶν,
3067 1342 3086 1373 ι
3121 1321 3312 1392 (δῆλον
3353 1321 3398 1373 δ’
3431 1322 3514 1375 ὅτι
3565 1321 3678 1377 τῶν
3711 1340 3792 1393 χε-

2211 1413 2466 1485 ρουὸὶμ,)
2517 1433 2536 1465 ι
2585 1415 2661 1479 ὼς
2713 1415 2901 1485 ὅρασις
2950 1413 3098 1466 λίθου
3149 1412 3476 1484 σαπφείρου,
3538 1412 3789 1484 ὁμοίωμα

2210 1504 2400 1577 θρόνου
2431 1508 2519 1560 ἐπ’
2562 1504 2752 1571 αὑτοῦ,
2784 1507 2878 1560 καὶ
2913 1506 3007 1558 ἐπὶ
3031 1503 3126 1558 τοῦ
3165 1504 3510 1575 όμοιώματος
3539 1503 3643 1557 τοῦ
3676 1504 3793 1576 θρό-

2209 1614 2300 1650 νου
2347 1597 2600 1668 ὁμοίωμα
2631 1596 2707 1661 ὡς
2752 1592 2896 1659 εἶδος
2939 1594 3227 1667 ἀνθρώπου
3267 1594 3503 1648 ἄνωθενσ
3567 1613 3587 1646 ι
3640 1596 3698 1649 ἐν
3733 1593 3789 1648 δὲ

2208 1688 2284 1758 τῷ
2316 1687 2394 1759 ρθ⁰
2420 1687 2622 1759 ψαλμῷ
2644 1689 2724 1742 τό·
2767 1704 2787 1740 ι
2826 1685 2993 1742 Εἶπεν
3022 1688 3051 1739 ὁ
3080 1686 3284 1758 Κύριος
3308 1685 3388 1756 τῷ
3416 1684 3619 1757 Κυρίῳ
3655 1702 3751 1755 μου
3770 1701 3787 1715 ο

2211 1777 2393 1831 Κάθου
2437 1780 2501 1831 ἐκ
2527 1777 2717 1843 δεξιῶν
2765 1795 2888 1850 μου,
2920 1798 2938 1829 ι
2994 1776 3249 1848 ἐμφαίνει
3290 1774 3507 1830 κὰθισιν
3540 1773 3644 1829 τοῦ
3681 1775 3787 1828 Πα-

2142 1841 2183 1898 B
2204 1871 2354 1941 τρὸς,
2406 1872 2500 1925 καὶ
2535 1841 2702 1942 ἄλλην
2746 1841 2840 1925 τοῦ
3182 1869 3553 1939 καθεζομένου
3606 1871 3674 1922 ὲκ
3707 1869 3791 1921 δε-

2208 1960 2339 2026 ξιῶν
2367 1962 2550 2017 αὐτοῦ·
2593 1964 2686 2018 και
2725 1963 2883 2019 πάλιν
2921 1966 2978 2017 ὲν
3025 1962 3169 2034 ἄλλῳ
3197 1961 3397 2033 ψαλμῷ
3439 1947 3736 2032 εὐχόμενος
3760 1962 3789 2014 6

2207 2056 2494 2125 προφήτης
2521 2055 2685 2125 φησίν
2704 2071 2718 2085 ·
2759 2073 2778 2106 ι
2820 2053 2881 2107 '0
2915 2055 3224 2127 καθήμενος
3245 2054 3336 2107 ὲπὶ
3359 2052 3469 2106 τῶν
3495 2052 3785 2124 χερουδὶμ,

2208 2143 2515 2217 ὲμφάνηθι·
2565 2163 2583 2197 ι
2648 2145 2745 2199 καὶ
2787 2143 2978 2200 πάλινο
3028 2165 3046 2196 ι
3122 2144 3179 2198 '0
3233 2143 3366 2205 Θεὸς
3419 2142 3661 2213 κάθηται
3701 2141 3787 2194 ἐπὶ

2208 2238 2398 2310 θρόνου
2441 2236 2598 2305 ἁγίου
2635 2234 2802 2289 αὐτοῦ
2862 2253 2880 2285 ι
2929 2236 2991 2288 Εἰ
3018 2235 3075 2289 δὲ
3120 2235 3217 2288 καὶ
3261 2234 3368 2287 ἀπὸ
3395 2232 3503 2286 τῶν
3545 2233 3785 2301 Edam-

2204 2333 2336 2386 λίων
2385 2329 2734 2401 παράδειγμα
2800 2327 2976 2399 βούλει
3031 2327 3235 2392 λαϐεῖν,
3294 2327 3457 2380 ἄκουε
3500 2325 3781 2380 Ματθαίου

2206 2422 2612 2494 ἀναγράφοντος
2643 2421 2765 2474 τίνα
2804 2420 3007 2492 τρόπον
3046 2422 3073 2473 6
3118 2418 3325 2491 Ἰησοῦς
3367 2413 3490 2471 εἷπε
3525 2420 3645 2481 τοῖς
3687 2433 3787 2487 μα-

2206 2515 2427 2586 θηταῖς·
2459 2533 2478 2564 ι
2535 2513 2708 2584 ’Δμὴν
2738 2511 2880 2580 λέγω
2918 2512 3070 2581 ὑμῖν,
3105 2512 3187 2564 ὅτι
3213 2512 3372 2580 ὑμεῖς
3407 2510 3457 2562 οἱ
3484 2508 3781 2579 ἀκολουθή-

2207 2608 2403 2670 σαντές
2452 2622 2562 2677 μοι,
2624 2605 2683 2657 ὲν
2728 2606 2794 2673 τῇ
2863 2601 3275 2672 παλιγγενεσία,
3320 2601 3449 2653 ὅταν
3499 2601 3704 2673 καθίσῃ
3754 2603 3782 2653 6

2205 2699 2335 2761 Υἱὸς
2362 2696 2457 2751 τοῦ
2480 2695 2767 2768 ἀνθρώπου
2797 2695 2890 2747 ἐπὶ
2921 2694 3113 2766 θρόνου
3142 2693 3300 2763 δόξης
3324 2690 3513 2754 αὐτοῦ,
3553 2710 3572 2743 ι
3604 2692 3697 2746 καὶ
3716 2690 3780 2744 τὰ

2207 2786 2334 2860 ἑξῆς
2354 2806 2368 2820 ·
2398 2787 2512 2841 καί·
2549 2804 2568 2839 ι
2610 2786 2840 2857 ’Δπάρτι
2888 2783 3084 2854 ὄψεσθε
3107 2784 3200 2837 τδν
3225 2782 3350 2836 Υἱδν
3374 2781 3467 2835 τοῦ
3492 2780 3777 2853 ἀνθρώπου

2206 2880 2515 2951 καθήμενον
2546 2881 2610 2932 ὲκ
2632 2875 2821 2942 δεξιῶν
2838 2878 2935 2949 τῆς
2961 2876 3294 2945 δυνάμεως.»
3317 2874 3426 2927 Καὶ
3457 2875 3485 2926 ὁ
3508 2871 3777 2930 Ματθαῖος

526 2960 701 3029 angeli
728 2976 851 3016 cum
882 2976 969 3029 eo,
1001 2971 1129 3018 tunc
1163 2965 1371 3021 sedebit
1398 2983 1563 3037 super
1586 2969 1769 3024 sedem
1802 2969 2100 3038 maiestatis

2203 2969 2377 3024 ταῦτά
2407 2984 2592 3040 φησιν·
2634 2988 2652 3021 ι
2685 2970 2853 3022 Ὅταν
2882 2967 3011 3039 ἔλθῃ
3065 2968 3094 3019 ό
3142 2966 3269 3028 Υἱὸς
3314 2963 3680 3037 ἀνθρώπου,ὲν
3707 2963 3773 3030 τῇ

526 3064 660 3117 sum,
692 3068 711 3101 ι
746 3060 800 3105 et
826 3053 1032 3123 reliqua
1069 3072 1084 3121 ;
1124 3065 1288 3125 atque
1335 3059 1460 3112 item
1496 3077 1509 3113 :
1546 3078 1565 3110 ι
1594 3058 1806 3115 Amodo
1849 3060 2099 3118 videbitis

2203 3063 2329 3135 δόξῃ
2362 3060 2548 3126 αὑτοῦ,
2573 3062 2666 3115 καὶ
2697 3061 2897 3129 πάντες
2949 3060 2998 3113 οἱ
3030 3057 3252 3127 ἄγγελοι
3284 3058 3403 3129 μετ’
3432 3054 3608 3117 αὑτοῦ,
3648 3053 3768 3106 τότε

525 3137 723 3193 Filium
760 3140 1000 3197 hominis
1035 3144 1309 3199 sedentem
1351 3162 1381 3200 a
1419 3147 1625 3203 dextris
1666 3150 1902 3206 virtutis.
1940 3171 1958 3203 ι
1994 3151 2099 3206 i‘ar

2203 3154 2415 3209 καθίσει
2468 3154 2560 3206 ἐπὶ
2591 3153 2781 3224 θρόνου
2811 3152 2967 3220 δόξης
3001 3148 3220 3212 amicei,»
3257 3150 3350 3203 καὶ
3380 3147 3450 3201 τὰ
3484 3146 3625 3216 ἑξῆςο
3654 3143 3769 3198 καθ

525 3232 657 3286 illud
686 3248 904 3305 quoque
937 3246 1051 3300 est,
1084 3237 1228 3305 quod
1264 3237 1348 3293 bis
1390 3240 1567 3294 verbis
1602 3240 1816 3297 Marcus
1852 3246 2097 3298 conscri-

2206 3265 2225 3297 ι
2279 3245 2509 3316 Ἀπάρτι
2540 3242 2735 3314 δψεσθε
2766 3243 2856 3296 τὸν
2887 3240 3015 3295 Υίὸν
3043 3240 3136 3294 τοῦ
3162 3238 3451 3311 ἀνθρώπου
3476 3237 3779 3308 καθήμενον

526 3326 637 3395 psit
664 3326 709 3358 ³¹
750 3346 765 3381 :
814 3348 834 3379 ι
864 3326 1131 3384 Videbitis
1188 3328 1386 3385 Filium
1455 3332 1692 3389 hominis
1744 3334 2020 3389 sedentem
2069 3352 2099 3391 ιι

2203 3338 2263 3389 ἐκ
2284 3335 2472 3401 δεξιῶν
2500 3334 2602 3404 τῆς
2632 3316 2965 3404 δυνάμεως.ι
3020 3331 3094 3384 T6
3138 3330 3197 3383 δὲ
3246 3327 3602 3399 ἰσοδυναμοῦν
3633 3325 3777 3395 αὑτῷ

525 3415 734 3472 dextris
760 3418 998 3484 virtutis,
1030 3427 1083 3473 et
1115 3420 1419 3475 venientem
1452 3437 1576 3477 cum
1619 3423 1855 3479 nubibus
1898 3428 2042 3480 coeli.
2076 3448 2095 3480 ι

2203 3427 2294 3480 καὶ
2326 3427 2354 3479 6
2385 3425 2611 3496 Μάρκος
2660 3422 2968 3495 ἀνέγραψεν
3021 3422 3080 3475 ὲν
3128 3420 3226 3491 τῷ·
3268 3439 3287 3471 ι
3310 3420 3422 3472 Καὶ
3460 3417 3657 3488 ὕφεσθε
3691 3415 3775 3469 τὸν

526 3506 636 3562 Nec
666 3524 774 3564 non
797 3509 974 3565 Lucas
998 3511 1174 3566 simile
1200 3513 1326 3581 quid
1355 3513 1557 3584 profert
1589 3515 1693 3570 hoc
1717 3516 1837 3571 loco
1858 3517 1905 3549 ³³
1931 3536 1944 3572 :
1974 3537 1993 3570 ι
2026 3517 2099 3573 Ex

2203 3518 2334 3571 Υίδν
2364 3516 2457 3570 τοῦ
2483 3514 2770 3586 ἀνθρώπου
2819 3516 2885 3568 ὲκ
2912 3513 3099 3578 δεξιῶν
3149 3511 3458 3582 καθήμενον
3503 3511 3605 3581 τῆς
3628 3507 3778 3562 δυνά-

527 3600 632 3654 hoc
667 3609 847 3656 autem
880 3603 983 3657 erit
1010 3602 1181 3659 Filius
1213 3604 1451 3661 hominis
1481 3606 1675 3664 sedens
1697 3622 1728 3662 a
1755 3608 1961 3663 dextris
1996 3610 2100 3664 vir-

2209 3627 2373 3679 μεως,
2397 3607 2491 3662 καὶ
2508 3607 2800 3679 ἐρχόμενον
2825 3605 2962 3677 μετὰ
2986 3603 3095 3658 τῶν
3107 3603 3342 3673 νεφελῶν
3368 3601 3464 3654 τοῦ
3495 3599 3772 3672 οὐρανοῦ.ο

456 3700 459 3701 ⁷
526 3691 659 3746 tutis
684 3691 796 3747 Dei.
833 3713 851 3745 ι
890 3694 994 3749 Sed
1025 3696 1153 3766 quid
1185 3696 1376 3752 attinet
1401 3713 1488 3753 me
1514 3699 1667 3767 plura
1690 3700 1960 3769 ejusmodi
1987 3702 2098 3756 col-

2206 3702 2314 3753 Καὶ¹
2345 3700 2556 3762 Λουκᾶς
2593 3698 2649 3750 δὲ
2681 3697 2741 3751 τὸ
2775 3697 2960 3768 ὅμοιόν
2994 3712 3158 3767 φησιν
3210 3697 3268 3748 ὲν
3314 3693 3411 3764 τῷ·
3462 3713 3481 3744 ι
3519 3694 3655 3746 Ἀπὸ
3678 3691 3777 3761 γὰρ

524 3780 711 3851 ligere,
744 3785 871 3837 dum
900 3786 1114 3850 rudem,
1142 3797 1195 3842 et
1222 3788 1633 3858 simpliciorcm,
1664 3806 1729 3846 ac
1752 3793 2096 3848 humiliorem

522 3874 788 3930 sessionis
817 3875 1017 3933 Christi
1050 3878 1102 3932 in
1137 3894 1324 3950 regno,
1357 3896 1658 3952 eorumque
1689 3882 1783 3952 qui
1827 3899 1858 3938 a
1894 3884 2098 3941 dextris

526 3962 700 4031 ipsius
731 3965 814 4018 vel
859 3980 889 4018 a
937 3966 1176 4023 sinistris
1232 3969 1533 4037 sedebant,
1570 3970 2096 4039 interpretationem,

2205 3791 2299 3846 τοῦ
2328 3791 2423 3846 νῦν
2454 3791 2607 3845 ἔσται
2626 3793 2655 3843 ό
2678 3790 2807 3853 Υἱὸς
2836 3789 2930 3843 τοῦ
2960 3787 3252 3860 ἀνθρώπου
3279 3786 3593 3858 καθήμενος
3619 3787 3683 3838 ὲκ
3700 3784 3778 3837 δε-

2208 3883 2337 3948 ξιῶν
2367 3884 2466 3956 τῆς
2495 3882 2775 3953 δυνάμεως
2802 3881 2897 3935 τοῦ
2945 3879 3101 3935 Θεοῦ.
3144 3899 3162 3932 ι
3193 3880 3303 3934 Kal.
3349 3879 3402 3931 τί
3452 3895 3519 3949 με
3570 3878 3653 3931 δεῖ
3690 3876 3777 3928 ἐπὶ

2204 3975 2385 4028 πλεῖον
2421 3974 2491 4027 τὰ
2524 3972 2747 4027 τοιαῦτα
2798 3972 3072 4040 συνάγειν,
3104 3971 3424 4042 βουλόμενον
3448 3969 3550 4040 τὴν
3586 3966 3775 4036 εὐτελῆ

527 4057 804 4126 mysteriis
827 4058 1080 4114 refertam
1113 4062 1370 4117 exhibere
1396 4063 1563 4116 volo?
1586 4071 1643 4119 ut
1669 4063 1762 4133 qui
1791 4064 1858 4118 ad
1885 4065 2099 4119 divinas

2203 4067 2296 4120 καὶ
2317 4066 2692 4137 ἁπλουστέραν
2721 4065 2817 4119 καὶ
2845 4063 3248 4134 ταπεινωτέραν
3278 4060 3502 4131 ἐκδοχὴν
3533 4057 3776 4131 περὶτῆς

522 4145 881 4215 cogitationes
912 4160 1145 4204 mentem
1188 4164 1415 4220 possunt
1441 4153 1710 4220 attollere,
1743 4154 1946 4224 aliquid
1972 4170 2097 4209 cum

2203 4159 2258 4210 ὲν
2280 4159 2347 4227 τῇ
2376 4155 2620 4227 βασιλείᾳ
2654 4153 2924 4217 καθίσεως
2965 4153 3059 4206 τοῦ
3116 4150 3375 4224 Χριστοῦ,
3434 4149 3529 4203 καὶ
3562 4148 3675 4205 τῶν
3716 4147 3777 4199 ὲκ

524 4236 737 4292 ratione
772 4239 1117 4310 investigare,
1152 4259 1217 4298 ac
1251 4245 1491 4314 reperire
1514 4255 1739 4315 queant,
1776 4262 1842 4302 eo
1872 4246 2098 4317 dignum

2203 4247 2388 4313 δεξιῶν
2412 4248 2446 4320 ἦ
2478 4247 2536 4315 ἐξ
2557 4245 2853 4316 εὐωνύμων
2877 4244 3041 4299 αὑτοῦ
3064 4242 3472 4313 καθεδουμένων
3495 4237 3777 4311 παραστῆ-

529 4347 551 4382 ι
586 4330 873 4399 Spirituali,
907 4334 1000 4403 qui
1038 4333 1249 4403 juJicat
1292 4337 1509 4403 omnia,
1546 4349 1602 4393 ct
1651 4338 1767 4408 ipse
1808 4354 1838 4393 a
1872 4339 2098 4395 nemine

2203 4357 2292 4394 σαι
2328 4340 2772 4410 μυστικωτέρανς
2810 4338 2875 4391 ἵν’
2901 4335 3139 4405 εὐλόγως
3178 4334 3380 4404 δυνηθῆ
3416 4333 3523 4386 ὑπὸ
3550 4331 3664 4385 τῶν
3689 4330 3774 4382 ἐπὶ

1717 4482 1954 4539 VETUS
1989 4483 2567 4539 INTERPHETATIO.

514 4581 808 4667 coll-aliane
845 4600 1034 4667 eopum
1071 4588 1137 4643 ad
1188 4588 1760 4667 ίιινίοθιῃ-εξτρτβεςςφ
1798 4600 1979 4663 posset
2023 4592 2210 4667 aliqua
2235 4591 2505 4667 dogmatis
2532 4588 3020 4667 _magnitudo..Sed
3047 4587 3386 4667 prolixitatis
3427 4586 3763 4667 declinanda:

515 4653 689 4729 gratia
716 4658 1072 4729 proponimus
1105 4675 1270 4715 unum
1305 4661 1447 4729 quod
1477 4662 1610 4716 dicit
1638 4653 1892 4717 Michaeas
1919 4680 1933 4716 ε
1964 4681 1983 4713 ι
2024 4653 2140 4716 Vidi
2179 4653 2346 4716 Deum
2382 4660 2549 4716 Israel
2578 4653 2852 4716 sedentem
2888 4659 2941 4713 in
2968 4653 3096 4729 sede
3134 4674 3265 4729 sua,
3296 4668 3349 4713 et
3369 4658 3550 4712 omnis
3570 4656 3765 4729 militia

514 4724 639 4806 εαξιῑ
674 4727 853 4781 Stabat
882 4727 937 4806 iit
965 4729 1195 4785 circuitu
1221 4724 1343 4806 ejus
1376 4731 1442 4785 ad
1470 4732 1754 4806 desieram
1781 4732 1901 4806 ejus
1930 4742 1985 4786 et
2015 4733 2360 4806 sinistram.»
2380 4729 2581 4806 _Oumis
2607 4730 2859 4806 ergoqui
2883 4737 2987 4806 est_
3012 4728 3292 4806 spiritalis,
3325 4738 3379 4782 et
3408 4744 3532 4806 cum
3551 4727 3765 4806 judicio

514 4793 851 4872 fuitconicta
876 4799 1176 4872 discutere,
1216 4793 1356 4855 dicet
1389 4801 1645 4868 quoniam
1676 4793 1937 4871 spiritalis
1960 4813 2044 4857 est
2091 4803 2264 4858 sessio
2300 4801 2402 4872 Dei
2428 4818 2590 4870 super
2628 4793 3056 4872 spiritaliusedc,
3074 4799 3323 4872 similiter
3359 4798 3522 4872 etiam
3546 4793 3763 4851 Christi.

697 4866 842 4941 enim
875 4867 928 4921 in
970 4860 1224 4926 omnibus
1269 4860 1611 4927 sessionibus
1648 4860 1958 4941 luijusmodi
2004 4872 2119 4937 Dei,
2160 4872 2244 4927 vel
2278 4860 2512 4933 Christi,
2543 4872 2610 4925 de
2643 4860 2913 4941 corporali
2963 4860 3522 4941 sessionesignilicat
3566 4878 3761 4941 sermo.

517 4928 825 4990 Ridiculum
856 4941 1000 4993 enim
1029 4951 1113 4996 est
1144 4950 1365 5011 propter
1399 4942 1497 4997 has
1531 4928 1888 5013 corporaliter
1921 4928 2192 4998 sessiones
2235 4928 2532 5011 appellatas
2577 4928 2894 4996 existimare
2947 4939 3102 4995 sedes
3164 4928 3377 5009 aliqu'as
3412 4936 3765 5008 corporaliter

586 5044 634 5077 "
660 5045 923 5122 Dan_._vtt,
948 5053 1001 5107 9.
1078 5056 1123 5087 ’⁸
1152 5055 1346 5110 Ezech.
1378 5074 1417 5119 ι,
1445 5056 1535 5113 26.
1613 5057 1659 5089 ²⁶
1693 5054 1836 5110 Psal.
1861 5072 1969 5118 CII.
1999 5057 2049 5111 1ο

2220 5056 2366 5111 Psal.
2407 5072 2594 5119 um,
2623 5056 2678 5111 Ξ.
2757 5056 2802 5088 ’⁸
2829 5053 2970 5110 Psal.
3004 5071 3150 5122 xu’t,
3181 5055 3235 5111 9.

510 5115 603 5173 28.
683 5117 728 5149 ³⁹
764 5118 953 5180 Matth.
984 5140 1131 5192 xxw,
1159 5126 1247 5181 οι.
1323 5126 1365 5158 ³¹
1397 5115 1586 5182 Matth.
1622 5143 1746 5192 xxv,
1771 5128 1858 5184 5L
1937 5115 1981 5157 ³⁵
2012 5126 2095 5182 Ma

2217 5144 2326 5194 κιν,
2359 5128 2448 5181 62.
2525 5115 2735 5182 ³³ἸΑιο.
2767 5141 2904 5191 xxu,
2932 5125 3021 5180 69.

581 5240 695 5312 (5'2)
730 5240 1021 5314 Ὑπεράνω
1050 5243 1161 5298 τοῦ
1190 5243 1594 5314 στερεώματος
1638 5242 1747 5297 τοῦ
1781 5243 1951 5313 ὑπέρ,
1978 5255 2082 5301 etc.

509 5311 650 5367 Hinc
681 5313 1039 5366 contirmatur
1088 5311 1305 5368 Aldian
1346 5311 1635 5377 editionis,
1689 5330 1794 5368 ms.
1851 5311 2087 5370 Alexan-

506 5383 673 5447 driui,
706 5391 761 5437 et
780 5380 1118 5454 Theodoreti
1151 5386 1443 5454 scriptura,
1470 5400 1592 5453 quae
1628 5384 1904 5454 sic‘rhabet
1931 5403 1945 5438 :
1976 5387 2085 5438 Καὶ

511 5453 622 5527 ἰδοὺ
655 5451 1096 5527 φωνῇ-ὑπεράνω
1122 5453 1217 5527 τοῦ
1249 5451 1624 5527 στερεώματος
1646 5452 1739 5527 τοᾷ
1762 5454 1913 5527 ὄντος
1944 5457 2083 5527 ὑπὲρ

508 5523 608 5595 τῆς
640 5523 880 5594 κεφαλῆς
917 5523 1118 5579 αὐτῶν·
1154 5524 1214 5577 ὲν
1243 5524 1322 5595 τῷ
1347 5523 1583 5595 ’ἑστάναι
1613 5523 1751 5576 αὐτὰ
1770 5524 1996 5595 ἓὰνίεντο
2026 5523 2083 5595 αξμὶ

509 5593 781 5680 πτέρυγες
807 5593 1006 5680 αρτῶνς
1046 5595 1141 5678 καὶ
1182 5593 1435 5680 (irrepde
1460 5593 1553 5647 τοῦ
1588 5593 1961 5680 στερεώμαᾶος
1989 5593 2083 5674 τοῦ

510 5661 651 5733 ὑπὲρ
680 5664 921 5736 κεφαλῆς
950 5665 1149 5733 αὐτῶν,
1184 5663 1259 5728 ὡς
1292 5661 1500 5736 ὅρασις,
1522 5676 1651 5731 etc.,
1674 5661 1828 5736 juxta
1863 5663 2089 5736 Hebrai-

508 5734 966 5803 cumexcmplar,
1006 5736 1094 5789 cui
1125 5734 1391 5789 consonat
1432 5734 1756 5787 Jonathanis
1785 5734 2086 5803 paraphra-

509 5801 605 5856 sis.
629 5801 700 5856 At
724 5801 844 5857 alia:
871 5803 976 5859 τῶν
1008 5807 1062 5859 0'
1093 5805 1360 5862 editiones
1388 5823 1400 5860 :
1429 5804 1535 5857 Καὶ
1570 5804 1677 5856 ἔδυῦ
1707 5801 1858 5873 φωνὴ
1888 5801 2087 5874 ὑξτερά-

3333 5055 3378 5087 ³⁸
3403 5054 3594 5110 Matth.
3655 5066 3760 5116 xix,

2193 5247 2363 5301 νωθεν
2387 5245 2482 5301 τοῦ
2519 5245 2898 5318 στερεώματος
2925 5246 3020 5318 τοῦ
3048 5246 3364 5318 δντοςὺπὲρ
3395 5246 3635 5317 κεφαλῆς
3665 5247 3758 5299 αὐ-

2192 5318 2320 5381 τῶν,
2366 5318 2444 5381 ὡς
2494 5318 2703 5388 ὅρασις,
2733 5316 2894 5388 quod
2939 5317 3079 5372 idem
3130 5317 3290 5371 habet
3335 5316 3757 5388 ’Syrustneque

2193 5389 2366 5441 multo
2396 5386 2554 5443 aliter
2584 5386 2781 5442 Arabs.
2820 5387 2934 5441 Hoc
2960 5404 3029 5442 ex
3078 5387 3270 5441 iterata
3299 5386 3493 5441 vocum
3524 5386 3752 5447 illarum,

2192 5457 2446 5529 θπεράνω
2483 5458 2577 5510 τοῦ
2609 5456 3007 5529 στερεώματος,
3037 5457 3753 5529 repetitione_contigit,_qua

2191 5526 2393 5605 factum
2428 5537 2512 5583 est
2540 5536 2598 5605 u_t
2622 5526 2856 5605 cum_ad_
2891 5538 3221 5596 postremam
3250 5527 3439 5605 oculos
3470 5526 3755 5605 appelleret

2189 5597 2465 5660 librarius,
2496 5599 2725 5666 primam
2756 5594 2952 5666 legisse
2993 5606 3165 5660 ratus,
3208 5611 3331 5666 qua:
3370 5594 3753 5666 interiacebant

2189 5663 2612 5736 prmtermisérit.
2660 5669 2716 5721 ltl
2754 5663 3009 5737 frequens
3041 5663 3395 5737 essc__sciunt,
3433 5667 3527 5737 qui
3559 5666 3612 5721 in
3644 5663 3746 5719 hoc

2187 5734 2527 5793 exscribcmﬁ
2564 5738 2746 5793 labore
2778 5734 3132 5793 deéudarunt.
3160 5734 3419 5791 llusnus.
