4032 6308
514 365 656 423 1579

1987 351 2310 408 illllGENIS

3659 350 3778 404 1380

513 482 790 552 disposuit
830 499 843 546 ;
889 490 946 534 ut
995 478 1085 548 qui
1134 477 1200 531 iis
1244 476 1336 547 qui
1381 475 1601 531 Christo
1646 475 2082 546 appropinquant

2199 489 2345 542 aevo;
2375 470 2478 523 τῶν
2510 469 2834 538 ἐγγιζόντων
2928 471 2990 523 ἐκ
3013 469 3220 536 δεξιῶν,
3257 468 3349 523 καὶ
3376 463 3494 523 οἷον
3535 469 3775 540 ἁπτόμεο

514 571 804 641 praecellet,
842 568 911 622 sit
945 583 974 620 a
1012 567 1238 631 dextris,
1271 574 1326 620 et
1358 565 1506 619 velut
1555 566 1732 634 ipsum
1778 565 2087 633 contingat,

513 667 572 712 et
612 658 813 712 dextra:
861 653 1018 709 Verbi
1071 655 1406 708 adhaareseat
1443 671 1457 719 ;
1498 654 1589 722 qui
1649 667 1778 706 vero
1829 652 2092 722 dignitate

515 747 741 802 inferior
771 745 878 801 erit
904 760 968 799 ac
1001 744 1230 811 meritis,
1264 759 1429 814 prope
1455 744 1739 800 sinistram
1780 743 1952 812 ipsius
1998 742 2086 796 sit.

513 839 592 894 Ac
622 838 741 892 vide
767 852 898 890 num
928 852 957 890 a
988 835 1194 891 Christi
1223 837 1429 890 dextris
1475 852 1539 891 ea
1579 851 1720 899 esse,
1769 833 1954 888 animo
1990 831 2091 886 fin-

513 946 641 1001 gere
670 930 869 996 possis,
905 945 1026 996 quae
1056 929 1271 997 opificia
1308 927 1398 983 Dei
1436 929 1538 983 sub
1569 944 1791 984 sensum
1833 926 2090 982 cernendi

513 1036 623 1076 non
653 1019 901 1075 cadentia
939 1020 1326 1088 appellantur;
1373 1035 1402 1073 a
1444 1020 1685 1074 sinistris
1714 1028 1922 1084 autem,
1970 1031 2094 1087 quae

513 1116 863 1186 aspectabilia
908 1125 960 1169 et
1003 1130 1266 1185 corporea
1311 1125 1482 1180 sunt;
1513 1115 1566 1167 in
1609 1113 1863 1166 universa
1909 1118 2092 1163 autem

513 1223 740 1277 regnum
773 1215 918 1262 tenet
945 1206 1216 1260 Christus.
1248 1203 1367 1259 Jam
1398 1221 1543 1258 nunc
1571 1211 1752 1257 autem
1780 1214 1969 1255 eorum
1999 1197 2091 1268 qui

514 1297 582 1350 ad
611 1297 786 1365 ipsum
826 1297 1053 1365 propius
1081 1294 1368 1357 accedunt,
1395 1293 1616 1347 dextera
1661 1290 1851 1359 aliqui,
1888 1297 1942 1343 et
1973 1299 2094 1355 quae

515 1385 792 1438 intellectu
829 1385 1391 1454 comprehenduntur,
1434 1381 1614 1436 sortiti
1659 1387 1828 1446 sunt;
1871 1379 2090 1434 sinistra

513 1485 694 1530 autem
726 1475 840 1536 alii.
869 1484 924 1531 et
957 1491 1080 1544 qua:
1106 1475 1328 1530 sensilia
1373 1481 1520 1527 sunt.
1569 1471 1870 1526 Videndum
1912 1479 2090 1524 autem

513 1583 697 1621 annon
734 1582 856 1621 vera
894 1566 1128 1619 filiorum
1167 1563 1411 1619 Zebedazi
1442 1573 1636 1629 mater,
1677 1577 1818 1632 quos
1853 1561 2094 1616 Boaner--

515 1675 634 1729 ges,
669 1660 772 1713 hoc
807 1668 892 1714 est
930 1659 1168 1712 tonitrus
1218 1657 1383 1724 filios,
1413 1657 1496 1710 vel
1539 1656 1798 1710 tonitrum
1841 1653 2096 1708 Servator

518 1752 828 1823 appellavit,
865 1765 1116 1819 magnam
1143 1750 1210 1804 de
1249 1749 1375 1804 filiis
1415 1749 1530 1804 suis
1568 1747 1774 1802 Jacobo
1804 1754 1859 1801 et
1887 1744 2097 1801 Joanne

2200 581 2286 626 νος
2319 561 2505 625 αὑτοῦ,
2533 562 2626 614 καὶ
2657 560 2996 632 κολλώμενος
3023 564 3136 625 τοῖς
3167 561 3261 614 τοῦ
3295 562 3469 629 Λόγου
3517 560 3730 628 δεξιοῖς·
3751 564 3778 619 ὁ

2196 655 2252 706 δὲ
2290 653 2676 724 ὑποδεέστερος
2708 655 2874 722 ἐγγὺς
2906 653 3014 706 τῶν
3057 653 3356 724 ἀριστερῶν
3395 651 3594 706 αὑτοῦ.
3633 653 3778 719 Δεξιὰ

2196 745 2252 798 δὲ
2279 747 2382 818 ὅρα
2409 748 2458 798 εί
2492 744 2714 798 δύνασαι
2747 748 2936 818 νοῆσαι
2976 744 3213 816 Χριστοῦ
3235 745 3304 798 τὰ
3346 745 3565 817 ἀόρατα
3595 745 3777 817 ὀνομα-

2199 837 2399 909 ζόμενα
2426 836 2723 908 κτίσματα,
2754 837 3021 909 ἀριστερὰ
3052 837 3107 890 δὲ
3149 838 3217 891 τὰ
3248 837 3418 906 ὁρατὰ
3445 837 3550 890 καὶ
3605 855 3778 908 σωμα-

2197 929 2346 982 τικά·
2371 928 2507 983 ἀλλὰ
2537 930 2770 999 Χριστὸς
2807 929 2908 1000 μὲν
2953 929 3170 983 πάντων
3221 927 3519 998 βασιλεύει.
3569 929 3775 999 Ἥδηδὲ

2199 1021 2310 1074 τῶν
2337 1021 2667 1089 ἐγγιζόντων
2693 1021 2846 1092 αὑτῴ
2899 1023 2948 1074 οί
2991 1022 3090 1092 μὲν
3147 1021 3527 1093 κεκλήρωνται
3554 1019 3628 1074 τὰ
3647 1021 3774 1086 δεξιὰ

2199 1110 2292 1162 καὶ
2316 1109 2504 1181 νοητὰ,
2538 1111 2586 1162 οἱ
2635 1110 2692 1162 δὲ
2740 1108 2810 1162 τὰ
2860 1108 3126 1180 ἀριστερὰ
3157 1108 3252 1162 καὶ
3277 1107 3542 1178 αἰσθητά.
3573 1108 3685 1160 Καὶ
3699 1120 3786 1174 pr,-

2199 1219 2328 1256 ποτε
2357 1205 2389 1273 ἡ
2419 1200 2646 1273 ἀληθινὴ
2680 1202 2863 1272 μήτηρ
2890 1200 2996 1254 τῶν
3026 1199 3158 1253 υἱῶν
3187 1198 3500 1261 Ζεϐεδαίου,
3537 1197 3635 1260 οὓς
3662 1198 3775 1250 ἐκα-

2197 1294 2321 1348 λεσε
2350 1295 2646 1365 Βοανεργὲς
2668 1297 2696 1347 ό
2726 1282 2938 1364 Σωτὴρ,
2964 1293 2992 1345 ὅ
3024 1294 3170 1344 ἐστιν
3194 1290 3304 1361 (54)
3336 1291 3441 1343 υἱοὶ
3463 1289 3718 1360 βροντῆς,
3747 1289 3774 1358 ἡ

2201 1385 2418 1457 βροντὴ,
2441 1386 2646 1456 μεγάλα
2663 1385 2895 1456 κρίνασα
2912 1381 3162 1454 περὶτῶν
3177 1381 3306 1434 υίῶν
3325 1381 3502 1452 αὑτῆς
3533 1378 3775 1433 Ἰακώϐου

2199 1478 2293 1530 καὶ¹
2327 1477 2566 1531 Ἰωάννου
2595 1476 2850 1548 (καὶγὰρ
2877 1469 3014 1545 ἦσαν
3042 1469 3310 1544 μεγᾶλοι),
3328 1471 3421 1525 καὶ
3438 1469 3777 1523 ὑπολαϐοῦσα

2199 1568 2398 1630 αὑτοὺς
2428 1567 2496 1620 τὰ
2530 1568 2774 1638 πρωτεῖα
2805 1563 3066 1617 δύνασθαι
3098 1562 3240 1632 ἔχειν
3270 1560 3423 1632 παρὰ
3449 1561 3646 1613 πᾶσαν
3664 1575 3773 1626 γεν-

2200 1657 2369 1728 νητὴν
2391 1656 2571 1725 φύσιν,
2601 1657 2676 1719 ὼς
2703 1654 3060 1725 χωρήσαντας
3091 1652 3191 1722 τὴν
3221 1649 3646 1721 μεγαλοφωνίαν
3678 1647 3775 1715 (55)

2201 1749 2389 1818 αὑτῆς,
2452 1745 2824 1818 προσελθοῦσα
2871 1745 3024 1814 ἠξίου
3058 1743 3149 1796 τὸν
3186 1740 3408 1810 Κύριον,
3453 1741 3550 1792 ἵνα
3601 1737 3778 1810 ίδρύσῃ

515 1843 976 1899 existimationem
1009 1842 1193 1896 animo
1224 1840 1548 1912 prmcipiens
1580 1840 1670 1909 (et
1691 1838 1875 1909 magni
1900 1838 2092 1908 quippe

2199 1839 2290 1892 τὸν
2325 1840 2420 1910 μὲν
2475 1839 2661 1910 ἕτερον
2719 1836 2898 1891 αὑτῶν
2939 1839 3003 1889 ἐκ
3033 1833 3246 1900 δεξιῶν,
3304 1832 3396 1884 τὸν
3446 1831 3495 1882 δ’
3547 1829 3703 1883 ἄλλον
3727 1827 3778 1892 ἐξ

516 1947 705 1987 revera
736 1930 926 2000 erant)
955 1938 1010 1984 et
1038 1945 1148 1999 prae
1180 1929 1435 1984 universa
1461 1937 1656 1983 natura
1687 1937 1867 1983 creata
1892 1928 2096 1998 primas

517 2023 660 2078 ferre
677 2037 836 2092 posse
855 2031 1172 2086 autumans,
1189 2029 1374 2090 utpote
1389 2019 1480 2089 qui
1502 2019 1674 2088 ipsius
1686 2019 2101 2089 grandiloquen-

517 2117 649 2170 tiam
695 2115 855 2185 717
898 2113 1129 2170 fuissent
1163 2115 1436 2177 assecuti,
1483 2114 1550 2168 ad
1606 2113 1896 2168 Dominum
1944 2129 2099 2169 acccc

515 2207 674 2270 dens,
707 2215 766 2260 ut
798 2221 827 2260 a
856 2206 1060 2260 dextris
1087 2207 1339 2270 alterum,
1370 2205 1603 2258 alterum
1632 2218 1662 2256 a
1691 2202 1932 2258 sinistris
1963 2217 2098 2256 con—

517 2299 771 2353 stitueret
795 2337 808 2360 .
851 2297 1196 2366 postulabat:
1232 2297 1494 2350 Servator
1537 2301 1720 2349 autem
1755 2308 1928 2362 usque
1967 2294 2099 2348 adeo

517 2389 930 2460 grandiloquam
951 2387 1139 2442 Jacobi
1165 2384 1461 2440 etJoannis
1488 2391 1720 2437 matrem
1745 2381 2096 2450 redarguens,

518 2490 580 2535 ut
623 2496 744 2550 qua:
778 2479 1198 2548 praestantiores
1235 2475 1462 2529 minime
1510 2474 1887 2542 dignosceret,
1937 2481 2100 2540 atque

517 2571 784 2640 ejusmodi
826 2570 1028 2624 donum
1081 2567 1316 2622 nesciret
1339 2581 1461 2620 esse
1492 2565 1722 2634 gratiam
1754 2561 1846 2617 Dei
1881 2563 1974 2632 qui
2005 2578 2100 2617 su-

518 2677 617 2732 pra
654 2661 838 2716 omnia
869 2669 951 2715 est
977 2702 992 2725 ,
1023 2659 1226 2728 quique
1259 2658 1498 2712 favorem
1544 2670 1705 2710 suum
1735 2663 1790 2708 et
1832 2652 2096 2708 auxilium

519 2752 770 2816 confert,
803 2761 858 2804 et
892 2753 946 2805 in
983 2751 1077 2804 tali
1113 2747 1468 2804 sublimitatis
1509 2746 1679 2815 gradu
1708 2760 1803 2800 eos
1834 2745 2095 2809 collocat,

519 2859 659 2913 quos
687 2842 752 2897 ad
782 2843 833 2897 id
861 2843 1086 2897 idoneos
1113 2856 1236 2896 esse
1260 2839 1433 2904 novit,
1469 2837 1522 2892 td
1548 2837 1687 2891 dixit
1708 2837 1750 2869 ³⁷
1785 2854 1799 2892 2
1835 2834 2098 2890 tNescitis

520 2938 652 3006 quid
705 2936 939 3006 petatis;
971 2953 993 2987 ι
1022 2945 1114 2988 et:
1157 2953 1175 2986 ι
1206 2933 1408 2988 Sedere
1435 2932 1500 2986 ad
1524 2930 1801 2985 dexteram
1835 2944 2010 2984 meam
2045 2938 2100 2983 et

520 3028 835 3091 sinistram,
875 3042 980 3081 non
1023 3034 1108 3080 est
1159 3040 1340 3078 meum
1376 3024 1528 3087 dare,
1575 3021 1668 3075 sed
1701 3021 1902 3090 quibus
1935 3034 2098 3089 para-

520 3127 637 3170 tum
682 3121 765 3170 est
795 3129 824 3168 a
856 3113 1017 3168 Patre
1049 3128 1192 3166 meo.
1225 3131 1243 3164 ›
1309 3111 1628 3167 Observabit
1657 3125 1784 3164 vero
1812 3109 1902 3178 qui
1939 3116 2094 3180 pote-

2200 1930 2567 2001 εὑωνύμωνοὸ
2588 1929 2645 1982 δὲ
2679 1930 2868 2001 Σωτὴρ
2903 1926 3192 1997 διελέγχων
3243 1925 3337 1977 κα1⁷
3387 1921 3489 1992 τὴν
3529 1921 3774 1992 τηλικαύ-

2197 2039 2297 2093 την
2335 2020 2716 2092 μεγαλόφωνον
2752 2018 2964 2090 μητέρα
3009 2017 3104 2070 τοῦ
3151 2014 3407 2069 Ἰακώϐου
3445 2014 3549 2067 καὶ
3608 2013 3776 2066 Ἰωάνο-

2199 2129 2314 2176 νου,
2349 2113 2424 2174 ὡς
2453 2110 2750 2180 ἁγνοοῦσαν
2779 2110 2924 2172 τίνες
2978 2109 3028 2162 οἱ
3063 2106 3445 2179 ὑπερέχοντες,
3479 2106 3587 2158 καὶ
3627 2105 3706 2156 ὅτι
3745 2105 3775 2173 ἡ

2199 2202 2500 2275 τηλικαύτη
2529 2201 2706 2273 δωρεὰ
2726 2202 2884 2272 χάρις
2915 2200 3032 2252 ἐστὶ
3055 2198 3151 2252 τοῦ
3186 2198 3278 2250 ἐπὶ
3311 2198 3446 2250 πᾶσι
3466 2195 3618 2248 Θεοῦ
3653 2212 3778 2264 συμ-

2201 2295 2473 2357 πνέοντος,
2497 2294 2590 2346 καὶ
2617 2291 3028 2364 συνεργοῦντος,
3058 2291 3152 2344 καὶ
3182 2287 3454 2360 ίδρύοντος
3485 2290 3552 2340 ὲν
3582 2289 3647 2358 τῇ
3675 2303 3776 2339 τοι.⁹

2202 2386 2340 2456 αύτῃ
2368 2386 2634 2455 ὑπεροχῇ,
2663 2383 2756 2447 οὒς
2785 2379 2927 2437 οἶδεν
2959 2382 3318 2452 ἐπιτηδείους,
3345 2377 3465 2432 εἷπε
3493 2378 3584 2431 τόο
3622 2397 3640 2428 ι
3673 2377 3778 2430 Οὐκ

2200 2477 2375 2531 οἴδατε
2399 2476 2456 2528 τί
2486 2475 2778 2537 αἱτεῖσθε,›
2815 2474 2931 2527 καῖ’
2975 2493 2992 2523 ι
3017 2475 3091 2526 Τὸ
3118 2471 3338 2525 καθίσαι
3369 2472 3432 2522 ὲκ
3457 2467 3652 2535 δεξιῶν
3682 2484 3773 2538 μου

2200 2570 2233 2640 ἢ
2258 2569 2316 2636 ἐξ
2349 2568 2644 2638 εὐωνύμων
2675 2567 2775 2620 οὑκ
2807 2567 2954 2620 ἔστιν
2983 2567 3115 2637 ἐμὸν
3143 2564 3349 2628 δοῦναι,
3380 2563 3494 2616 ἀλλ’
3528 2557 3614 2624 οἷς
3641 2560 3775 2631 ἡτοί-

2203 2673 2404 2728 μασται
2438 2655 2544 2708 ὑπὸ
2573 2655 2666 2707 τοῦ
2692 2656 2905 2727 Πατρός
2941 2672 3094 2726 μου.»
3136 2654 3450 2724 Ἐπιστήσει
3481 2651 3542 2704 δὲ
3569 2654 3597 2704 ὀ
3627 2649 3775 2703 δυνά·

2205 2763 2362 2818 μενος
2387 2746 2506 2799 τίνα
2539 2747 2637 2818 μὲν
2686 2745 2790 2798 ὑπὸ
2836 2745 2929 2798 τοῦ
2963 2745 3210 2817 Σωτῆρος
3237 2744 3459 2806 δίδοται,
3495 2742 3620 2795 τίνα
3678 2739 3772 2794 ὑπὸ

2199 2838 2294 2892 τοῦ
2325 2839 2556 2911 Πατρὸς,
2581 2838 2744 2911 ὁρῶν,
2778 2840 2861 2892 ὅτι
2891 2837 3006 2891 ἐστι
3030 2837 3154 2890 τινὰ
3184 2837 3220 2892 ἃ.
3251 2837 3314 2890 οὑ
3344 2835 3453 2906 δῴη
3479 2834 3547 2888 ἂν
3573 2837 3602 2888 ό
3630 2833 3768 2895 Υίδς,

2201 2931 2314 2986 ἀλλ’
2345 2931 2506 2995 αὑτὸς
2527 2935 2556 2984 ὁ
2591 2934 2800 3004 Πατήρ.
2833 2933 2896 2984 Ei
2928 2932 2985 2985 δὲ
3017 2931 3254 2985 τοιοῦτόν
3275 2949 3326 2985 τι
3357 2929 3646 3002 παρίστησι
3676 2925 3764 2980 καὶ

2201 3021 2274 3074 τὰ
2306 3022 2635 3090 Εὑαγγέλια.
2664 3024 2800 3076 ὅπου
2854 3023 2952 3094 μὲν
2985 3021 3273 3091 εἰσάγοντα
3318 3022 3410 3075 τὸν
3434 3019 3650 3090 Συηῆρα
3672 3017 3759 3070 εὑ-

2202 3113 2428 3183 χόμενον
2460 3113 2588 3184 περί
2616 3130 2775 3166 τινων
2803 3115 3106 3186 δυνάμεων,
3143 3114 3228 3167 ἵνα
3258 3112 3407 3183 αὑτῷ
3432 3109 3675 3182 ὑπαρχθῇ
3697 3107 3765 3163 τὰ

520 3205 613 3271 rit,
644 3219 892 3274 quaenam
930 3219 959 3258 a
1007 3204 1379 3272 Sospitatore,
1411 3217 1534 3270 quae
1563 3201 1688 3254 item
1719 3216 1749 3253 a
1779 3199 1938 3253 Patre
1965 3199 2092 3254 den-

2199 3205 2476 3275 αίτήματα
2502 3206 2610 3259 ἀπὸ
2632 3206 2726 3259 τοῦ
2757 3207 2988 3280 Πατρός·
3020 3208 3153 3261 ὅπου
3181 3207 3237 3260 δὲ
3263 3206 3432 3278 χωρὶς
3460 3204 3625 3274 εὑχῆς
3653 3219 3766 3255 ποι-

522 3307 632 3358 tur.
659 3311 784 3349 cum
823 3295 1068 3365 quantam
1105 3309 1212 3348 non
1243 3310 1272 3348 a
1300 3293 1457 3358 Filio,
1481 3308 1668 3348 verum
1695 3293 1764 3347 ab
1787 3292 1904 3360 ipso
1935 3291 2095 3347 Patre

523 3390 640 3444 dari
676 3389 875 3442 videat.
925 3387 1005 3440 An
1042 3396 1223 3440 autem
1259 3386 1530 3456 ejusmodi
1561 3384 1838 3454 quidpiam
1876 3393 1929 3437 et
1977 3383 2094 3452 ipsa

521 3482 754 3538 doceant
787 3479 1106 3549 Evangelia,
1144 3494 1267 3532 cum
1319 3494 1417 3548 pro
1448 3477 1721 3547 aliquibus
1754 3491 2097 3544 consequen-

521 3571 607 3625 dis
642 3569 931 3623 virtutibus
975 3577 1254 3638 rogantem
1288 3567 1628 3622 Servatorem
1656 3565 1980 3636 quandoque
2009 3582 2096 3621 re-

521 3669 869 3732 praesentant,
901 3669 962 3714 ut
992 3660 1264 3729 postulata
1305 3674 1402 3714 sua
1453 3675 1483 3712 a
1529 3657 1689 3713 Patre
1715 3668 1936 3725 exoret;
1979 3666 2093 3712 tum

520 3769 653 3810 vero
684 3754 892 3823 absque
931 3752 1184 3822 precibus
1227 3761 1472 3822 agentem
1497 3790 1512 3815 ,
1557 3750 1716 3820 quasi
1741 3750 1854 3820 jam
1899 3751 1952 3804 in
2000 3765 2097 3821 po-

2200 3293 2384 3356 οῦντα,
2410 3295 2486 3359 ὼς
2519 3296 2618 3368 ἤδη
2645 3296 2836 3368 ἔχοντα
2873 3300 3056 3352 ἐκεῖνα
3107 3297 3237 3371 περὶ
3282 3291 3358 3350 ὧν
3403 3295 3628 3366 ἠξίωτο,
3657 3289 3768 3346 τολ-

2205 3389 2378 3459 μηρὸν
2413 3389 2510 3460 μὲν
2543 3389 2792 3461 ζητῆσαι,
2821 3393 2971 3462 ὅμως
2990 3393 3045 3445 δὲ
3069 3393 3097 3444 ό
3130 3391 3425 3460 δυνάμενος
3451 3387 3592 3458 μετὰ
3623 3385 3768 3438 εὑλα-

2203 3480 2350 3539 ϐείας
2395 3481 2488 3534 καὶ
2543 3481 2712 3535 ταῦτα
2762 3483 3082 3547 ἐξεταζέτω.
3117 3482 3469 3554 Παραστῆσαι
3502 3479 3570 3543 δ’,
3606 3474 3770 3547 οἶμαι,

2203 3569 2525 3642 βουλόμενος
2551 3575 2616 3644 τῇ
2647 3574 2814 3644 μητρὶ
2842 3573 2952 3626 τῶν
2982 3573 3115 3627 υίῶν
3143 3573 3424 3628 Ζεϐεδαίου
3453 3571 3548 3624 καὶ
3574 3569 3770 3631 αὐτοῖς,

2200 3663 2282 3716 ὃτι
2316 3665 2410 3718 καὶ
2435 3663 2645 3718 ἔλειπεν
2678 3667 2860 3729 αὑτοῖς
2882 3666 3019 3738 πρὸς
3044 3666 3104 3718 τὸ
3130 3665 3416 3738 τελειῶσαι
3463 3662 3533 3716 τὰ
3574 3664 3634 3715 ὲν
3683 3661 3772 3714 ἁν-

2205 3751 2442 3824 θρῶποις
2471 3754 2687 3824 ἐφικτὰ,
2745 3756 2806 3808 οὑ
2861 3755 2932 3810 τὰ
2982 3737 3234 3827 τυχόντα,
3283 3753 3603 3825 ἀποκριθεὶς
3658 3747 3771 3806 εἷπε

1723 3861 1957 3919 VETUS
1993 3862 2571 3923 INTERPRETATIO.

525 3978 775 4034 homines
809 3974 1090 4031 constituti
1123 3977 1423 4048 secundum
1455 3991 1770 4032 mensuram
1805 3992 1961 4048 suam
1996 3977 2254 4033 habentes
2284 3979 2471 4034 sedere
2497 3979 2564 4033 ad
2593 3981 2895 4048 dexteram,
2931 3981 3010 4036 vel
3045 3981 3111 4036 ad
3145 3978 3448 4048 sinistram;
3479 3975 3687 4048 Christi
3717 3975 3769 4029 in

522 4049 859 4131 regno‘ejus,
895 4062 1034 4115 quos
1065 4047 1307 4131 restituet
1343 4048 1482 4128 Deus
1515 4061 1816 4131 cooperans
1836 4047 1938 4131 eis,
1962 4057 2246 4131 et‘parans‘
2275 4049 2798 4131 eisiut‘appropient
2829 4045 3138 4131 eminentia:
3163 4050 3388 4128 Christi.
3417 4045 3521 4114 Qui
3547 4047 3764 4115 quidem

523 4116 839 4198 praecellunt
873 4132 984 4198 prae
1011 4116 1821 4198 caeteris.appropinquantibus
1854 4116 2094 4198 Christq,
2125 4127 2253 4198 sunt
2281 4133 2311 4171 a
2344 4116 2562 4174 dextris
2593 4116 2798 4198 Christi
2829 4139 2840 4174 :
2878 4121 3145 4198 videlicet,
3183 4119 3285 4198 qui
3333 4126 3564 4186 tangunt
3618 4129 3762 4178 eum,

521 4186 801 4256 conjuncti
837 4194 968 4258 sunt
993 4186 1195 4258 dextris
1227 4186 1399 4258 ipsius
1430 4187 1589 4258 \ferbi
1617 4204 1632 4258 ;
1661 4186 1754 4258 qui
1781 4195 1960 4241 autem
1998 4186 2287 4242 inferiores
2341 4199 2488 4254 sunt,
2525 4205 2555 4243 a
2587 4191 2826 4250 sinistris
2874 4191 2996 4258 ejus
3042 4186 3217 4246 suntf
3247 4189 3534 4258 Dexteram
3591 4194 3766 4258 auteln

522 4251 644 4310 vide
672 4259 715 4311 si
753 4251 1466 4326 potesintelligereChristi
1522 4251 1846 4310 invisi—bilem
1893 4265 2202 4311 creaturam
2247 4275 2260 4310 :
2299 4251 2576 4312 sinistram
2623 4270 2803 4314 autem
2859 4251 3131 4316 visibilem
3177 4270 3232 4314 et
3283 4251 3766 4326 corporalemEEt

523 4323 1019 4404 C_l_i_ristn_sl_quidem
1054 4323 1309 4404 omnibus
1344 4335 1532 4394 regnat
1565 4345 1575 4379 :
1605 4327 2161 4404 appropiitquantium
2195 4335 2376 4382 autem
2405 4329 2454 4382 ei
2490 4329 2712 4404 quidam
2765 4330 3011 4404 dextram
3044 4323 3400 4404 sortiuntur;
3421 4339 3476 4404 et
3518 4323 3768 4404 ipteiligi-

523 4397 648 4470 bilia
674 4413 688 4461 ;
717 4394 1018 4470 aliiiautem
1052 4395 1354 4470 sinistram,
1387 4406 1438 4470 et
1473 4397 1774 4470 sensibilia.
1817 4394 1881 4448 Et
1907 4410 1973 4449 ne
2001 4394 2777 4470 forte_vera__mater'filiorum
2811 4399 3080 4470 Zehedmi,
3111 4414 3250 4470 quos
3282 4396 3572 4468 appellavit
3625 4394 3761 4470 tilios_

522 4466 749 4520 tonitrui
777 4465 1051 4545 Christus,
1090 4464 1456 4545 magniloquia
1492 4465 1608 4545 ipsa
1638 4464 1884 4519 indicans
1910 4480 2105 4534 magna
2137 4465 2205 4521 de
2240 4466 2366 4522 tiliis
2397 4467 2534 4534 suis,
2561 4468 2766 4545 Jacobo
2793 4480 2849 4524 et
2875 4462 3279 4545 Joanne,'tiain
3317 4462 3386 4521 ’έι
3420 4481 3548 4519 vere
3587 4462 3764 4532 magni

522 4545 676 4590 erant
693 4553 723 4615 ,τ’
747 4543 802 4588 et
828 4535 1149 4614 existimans
1173 4548 1266 4588 eos
1293 4535 1465 4615 prima
1492 4535 1689 4615 habere
1721 4549 1887 4615 posse
1910 4548 2073 4615 super
2097 4549 2591 4615 omnem‘naturam
2619 4539 2936 4604 humanam,
2961 4541 3119 4608 quasi
3145 4538 3236 4609 qui
3264 4545 3558 4615 potuerunt
3577 4547 3766 4604 capere

525 4605 955 4679 magniloquium
1009 4603 1151 4672 ejus,
1188 4602 1452 4657 accedens
1492 4602 1665 4679 Deum
1712 4603 2166 4679 precabatu_r,_ut
2211 4605 2560 4679 confirmaret
2608 4623 2776 4679 unum
2825 4602 3044 4679 quidem
3091 4624 3120 4661 a
3163 4602 3400 4679 dextris,
3450 4602 3684 4679 alterum
3722 4615 3765 4679 _a

527 4671 797 4747 sinistris.
823 4671 1073 4727 Salvator
1100 4681 1280 4747 autem
1332 4672 1735 4747 reprehendens
1779 4673 1942 4726 etiatn
1997 4673 2312 4747 hujusmodi
2343 4671 2899 4747 magniloquentiam,
2929 4688 3156 4732 matrem
3205 4676 3392 4731 Jacobi
3448 4684 3502 4728 et
3541 4671 3766 4747 Joannis

527 4745 688 4824 quasi
726 4745 1063 4824 ignorantem
1092 4742 1187 4824 qui
1225 4750 1410 4798 essent
1441 4742 1851 4824 eminentiores,
1882 4741 2224 4824 etquoniam
2262 4741 2580 4824 huiusmodi
2613 4741 2818 4824 donum
2852 4741 3029 4824 solius
3056 4747 3148 4800 Dei
3169 4757 3250 4802 est
3279 4747 3370 4816 qui
3396 4759 3564 4813 super
3585 4741 3762 4824 omnia

523 4823 628 4879 est,
658 4815 1046 4882 conspirantis,
1083 4822 1130 4866 et
1165 4813 1531 4883 cooperantis,
1555 4821 1610 4867 et
1637 4812 2013 4868 confirmantis
2037 4812 2092 4866 in
2119 4812 2431 4884 hujusmodi
2459 4818 2754 4872 eminentia
2783 4833 2924 4887 quos
2945 4818 3140 4872 viderit
3161 4812 3338 4887 aptos,
3367 4825 3422 4870 et
3455 4812 3577 4870 ideo
3593 4812 3760 4868 dixit:

595 4925 636 4956 ³⁷
664 4923 850 4978 Matth.
877 4941 972 4991 xx,
995 4924 1086 4989 22,
1109 4925 1198 4982 25.

595 5042 706 5115 (51)
741 5043 856 5108 Οὓς
877 5043 1133 5115 ἐκάλεσε
1157 5041 1485 5115 Βοανερνὲς
1513 5046 1546 5097 ό
1589 5045 1811 5114 Σωτὴρ,
1842 5043 1875 5096 ὅ
1902 5043 2091 5115 ἐστιν,

523 5124 630 5169 etc.
662 5113 784 5174 tim
828 5122 935 5175 un.
971 5113 1136 5170 Marc.
1181 5131 1272 5176 ιιι,
1314 5114 1400 5178 17,
1446 5129 1475 5166 a
1518 5123 1675 5182 ω-π,
1725 5134 1743 5166 ι
1790 5114 2090 5170 tumultua-

524 5193 612 5240 tus
637 5196 738 5250 est,
770 5203 788 5236 ι
816 5201 937 5254 quae
965 5201 1066 5239 vox
1090 5185 1318 5240 Arabice
1344 5194 1502 5237 sonat
1529 5201 1543 5238 :
1578 5203 1596 5234 ε
1626 5186 1799 5240 valide
1822 5185 1996 5239 tonuit
2021 5201 2033 5236 :
2067 5205 2086 5239 ι

520 5257 784 5326 producta
816 5271 1010 5319 nempe
1045 5255 1111 5309 ad
1163 5255 1395 5326 speciem
1450 5256 1662 5326 generis
1707 5254 2084 5326 appellatione.

521 5324 784 5395 Origenes
817 5327 1005 5380 homil.
1051 5326 1170 5395 inin
1204 5324 1392 5379 Grues.
1428 5324 1646 5392 scripsit
1681 5344 1698 5376 ι
1736 5324 2026 5395 Bauerges,
2065 5343 2083 5377 ι

523 5391 666 5465 quod
729 5397 902 5465 magis
949 5397 1016 5450 ad
1067 5393 1354 5449 Hebraeum
1413 5391 1653 5458 accedit;
1709 5395 1802 5450 sed
1854 5391 2090 5448 fortasse

522 5464 740 5518 Galilaaa
766 5464 1028 5520 dialectus
1064 5475 1264 5520 rectam
1301 5465 1797 5533 pronuntiationem
1827 5465 2087 5532 corrupit.

521 5533 696 5606 Aliam
737 5535 1020 5606 profittgur
1065 5536 1388 5606 sententiam
1432 5535 1792 5606 Hieronymus
1843 5533 2084 5606 impun.

525 5617 573 5665 ι,
601 5602 670 5656 7:
702 5621 720 5653 ι
757 5603 878 5657 Filii
909 5604 1174 5670 Zebedzei,
1206 5605 1399 5673 inquit,
1431 5602 1677 5673 appellati
1727 5615 1854 5660 sunt
1879 5602 1976 5656 filii
2010 5613 2091 5657 to-

522 5673 711 5743 nitrui,
739 5674 882 5741 quod
901 5690 1020 5743 non
1046 5687 1106 5728 ut
1135 5675 1377 5743 plerique
1405 5684 1595 5742 putant
1629 5675 1956 5743 Boanerges,
1990 5674 2086 5726 sed

522 5691 711 5734 lllll‘lll,
739 5691 882 5741 quou
914 5691 1020 5728 11011
1046 5691 1106 5728 Ill
1173 5691 1377 5741 tertque
1405 5691 1595 5742 plllalll.
1629 5691 1956 5743 boanerges,
1990 5691 2084 5726 seu

522 5742 862 5798 emendatius
899 5741 1096 5813 legitur
1129 5691 1492 5810 generabant;
1524 5763 1541 5796 ι
1577 5745 1626 5798 id
1677 5754 1780 5810 est,
1821 5754 1944 5808 Ωιτ-ι
1975 5752 2084 5804 ’33.

2200 5047 2566 5129 ltlein__repetit
2588 5052 2726 5129 libro
2753 5053 2829 5106 De
2853 5053 3148 5129 nominibus
3174 5051 3470 5129 Hebraicis.
3498 5049 3758 5129 ﬂuuius.

2271 5119 2381 5189 (55)
2426 5121 2518 5187 Ὡς
2558 5123 2949 5190 χωρήσαντας
2985 5122 3100 5191 τὴν
3141 5119 3760 5191 μεγαλοφωνίανζνδσ

2197 5204 2318 5242 rum
2371 5189 2722 5258 probabiliter
2769 5193 2972 5246 dixisse
3034 5189 3432 5246 Nazianzenu'tn
3491 5193 3567 5245 ait
3626 5189 3760 5258 Beza

2195 5257 2394 5314 Adnot’.
2432 5261 2558 5329 maj.
2603 5263 2655 5314 in
2700 5261 2869 5316 Marc.
2914 5279 2996 5323 ιιι,
3029 5263 3118 5325 17,
3159 5263 3228 5315 ita
3263 5271 3484 5317 vocatos
3515 5257 3757 5315 Zebedaei

2195 5330 2335 5409 [ili-os
2360 5329 2449 5409 διὰ
2483 5331 2909 5409 με-γαλοφωνίαν.
2949 5333 3018 5386 At
3052 5348 3227 5401 neque
3257 5334 3322 5409 de
3371 5335 3532 5386 rebus
3564 5329 3757 5384 divinis

2193 5399 2481 5454 sublimius
2509 5399 2766 5458 disseruit
2786 5403 3075 5472 quisquami
3098 5399 3260 5472 quam
3284 5399 3553 5467 Joannes;
3586 5411 3756 5472 neque

2194 5474 2438 5538 apertius
2481 5471 2741 5540 majorive
2805 5469 2989 5525 animo
3050 5469 3251 5527 Christi
3303 5486 3526 5526 causam
3585 5469 3753 5540 egisse

2194 5539 2905 5611 apostolorum’quempiam
2946 5542 3237 5596 verisimile
3265 5550 3368 5602 est,
3404 5556 3569 5610 quan.
3602 5539 3756 5611 Jaco-

2193 5605 2344 5682 bum,
2373 5613 2464 5682 qui
2504 5605 2713 5680 primus
2753 5605 2894 5666 inter
2944 5611 3236 5682 apostolos
3263 5605 3588 5682 Christiana:
3634 5605 3754 5661 reli-

2193 5680 2370 5750 gionis
2406 5681 2754 5736 fundamenta
2791 5680 3056 5751 sanguine
3085 5698 3186 5737 suo
3213 5680 3468 5736 tirmavit.
3505 5681 3579 5735 In.
