4032 6308
324 408 478 469 1581

1286 417 1637 475 (ΣΟΜΜΕΝΤ.
1681 417 1746 472 IN
1789 414 2200 475 MATTIUEUM
2242 419 2484 475 TOMUS
2521 417 2657 473 XVI.

3475 417 3611 478 I383

325 533 494 601 μετὰ
521 533 610 588 τόο
653 553 672 586 ι
709 535 820 588 Οὐκ
849 534 1022 588 οἴδατε
1055 533 1109 588 τί
1164 535 1419 597 αἰτεῖσθε,
1447 556 1464 587 ι
1515 535 1598 589 τόο
1658 556 1675 588 ι
1696 536 1931 590 Δύνασθε

2039 546 2231 591 testate
2261 552 2359 590 sua
2391 535 2699 602 habentem,
2728 549 2850 604 qum
2879 535 2948 588 ab
2980 535 3096 604 ipso
3122 536 3284 606 petita
3329 543 3478 604 sunt,
3510 552 3618 592 at:-

326 625 498 676 πιεῖν
536 627 604 678 τὸ
655 628 929 698 ποτήριον,
962 627 989 679 6
1023 625 1133 694 ἐγὼ
1172 627 1348 697 μέλλω
1395 629 1568 682 πίνειν
1593 646 1607 695 ;
1637 648 1654 680 ι
1695 630 1750 700 ἢ,
1789 630 1863 692 ὡς
1906 630 1933 681 ὁ

325 715 592 786 Μάρκος
626 719 918 790 ἀνέγραψε·
984 739 1001 769 ι
1026 717 1263 772 Δύνασθε
1306 720 1366 772 τὸ
1413 724 1670 792 ποτήριον
1705 725 1865 785 πιεῖν,
1906 722 1935 773 6

324 805 456 872 ἐγὼ
488 809 661 874 πίνω,
688 809 802 880 ἢτὸ
832 810 1113 882 βάπτισμα
1159 811 1186 864 6
1218 811 1326 878 ἐγὼ
1359 811 1708 883 βαπτίζομαι,
1739 812 1934 882 βαπτι-

327 896 556 967 σθῆναι
577 915 590 964 ;
623 919 642 952 ι

2040 630 2142 682 dax
2188 630 2406 699 quidem
2440 639 2525 683 est
2556 628 2918 697 perscrutari;
2971 637 3208 683 attamen
3253 629 3368 683 haec
3395 642 3616 699 quoque

2040 735 2163 773 cum
2197 720 2499 773 reverentia
2531 718 2839 786 disquirat,
2887 718 2973 773 cui
3021 717 3248 774 facultas
3287 721 3410 774 erit.
3452 719 3612 773 Matri

2044 823 2246 875 autem,
2277 813 2490 881 Opinor,
2523 812 2758 866 filiorum
2793 811 3054 875 Zebedzei,
3091 811 3332 881 ipsisque
3363 812 3497 866 adeo
3527 813 3621 866 de-

2042 905 2250 958 clarare
2277 904 2466 957 volens
2492 904 2750 958 nonnulla
2782 903 2914 973 ipsis
2946 904 3125 958 adhuc
3150 904 3373 969 deesse,
3411 912 3471 956 ut
3503 919 3613 960 non

325 989 406 1042 ad
475 992 815 1048 mediocrem
863 991 1209 1058 perfectionis
1275 993 1539 1062 gradum,
1604 992 1697 1046 sed
1759 991 1823 1044 ad
1883 1007 2192 1056 summum,
2255 1006 2416 1060 quem
2471 991 2688 1060 quidem
2759 991 3006 1045 homines
3079 991 3296 1061 assequi
3349 1003 3613 1060 possunt,

325 1084 728 1151 pervenirent,
761 1095 883 1153 post
929 1084 1042 1139 hazc
1071 1086 1230 1140 verba
1255 1085 1299 1118 ³⁸
1327 1103 1339 1138 :
1372 1106 1388 1136 ι
1412 1085 1641 1139 Nescitis
1693 1083 1820 1152 quid
1868 1085 2062 1153 petatis
2086 1125 2099 1148 ,
2134 1103 2152 1135 ι
2206 1084 2257 1137 id
2316 1085 2564 1152 responsi
2631 1082 2866 1152 adjecit:
2912 1101 2930 1134 ι
2961 1081 3196 1138 Potestis
3249 1082 3431 1136 bibere
3487 1084 3617 1138 cali-

326 1190 464 1229 cem
486 1218 504 1242 ,
543 1193 706 1246 quem
732 1193 832 1248 ego
862 1178 1130 1233 bibiturus
1168 1180 1332 1232 sum?
1363 1198 1380 1229 ι
1415 1179 1494 1232 vel
1528 1179 1598 1232 ita
1630 1188 1687 1231 ut
1718 1178 1930 1247 scripsit
1972 1178 2246 1233 Marcus”
2270 1195 2282 1230 :
2307 1197 2325 1229 ε
2363 1177 2596 1233 Potestis
2625 1177 2811 1232 bibere
2849 1177 3074 1232 calicem
3115 1192 3275 1246 quem
3320 1193 3420 1248 ego
3453 1178 3612 1246 bibo;

326 1276 441 1320 aut
473 1268 776 1338 baptismo,
801 1284 909 1338 quo
941 1284 1040 1338 ego
1070 1269 1334 1337 baptizor,
1367 1269 1665 1338 baptizari?
1701 1288 1718 1318 ι

415 1361 549 1413 Καὶ
577 1363 635 1414 ἐν
664 1361 872 1426 τούτοις
911 1379 970 1414 τε
999 1363 1222 1434 ζητήσει
1248 1379 1332 1425 τις
1359 1363 1411 1415 τί
1440 1363 1499 1416 τὸ
1531 1364 1808 1434 ποτήριον,
1844 1363 1936 1415 καὶ

325 1451 393 1503 *τί
429 1450 503 1504 τὸ
554 1450 853 1523 βάπτισμα,
877 1451 951 1514 ὡς
978 1452 1140 1524 ’ἐτερα
1164 1453 1424 1524 ἀλλήλων,
1455 1455 1547 1508 καὶ
1593 1454 1818 1523 δεόμενα
1873 1453 1934 1504 οὺ

329 1541 451 1612 τῆς
510 1542 781 1614 τυχούσης
827 1543 1126 1614 δυνάμεως,
1165 1545 1262 1614 τῆς
1311 1545 1405 1597 τοῦ
1467 1544 1749 1614 πιομένου,
1780 1543 1933 1613 ἢτοῦ

337 1633 890 1705 βατπισθησομένου,
918 1635 1012 1688 καὶ
1033 1633 1288 1704 πιομένου
1320 1636 1420 1688 οὐκ
1449 1634 1575 1687 ἄλλο
1602 1635 1858 1704 ποτήριον
1899 1633 1931 1704 ἢ

331 1723 365 1775 ὃ
397 1725 607 1795 ἔμελλε
631 1727 801 1779 πίνειν
827 1727 854 1778 ὁ
897 1725 1120 1797 Ἰησοῦς,
1146 1725 1646 1796 βαπτισθησομένου
1678 1743 1737 1778 τε
1766 1742 1936 1797 παρα·

338 1815 608 1884 πλησίως
641 1815 952 1886 βάπτισμα,
998 1816 1026 1869 6
1079 1817 1240 1880 αὐτὸς
1290 1815 1480 1886 ἔμελλε
1523 1814 1878 1886 βαπτίζεσθαι
1904 1816 1932 1867 ὁ

2113 1358 2166 1410 6.
2209 1359 2384 1426 Atque
2431 1356 2535 1412 hoc
2583 1356 2799 1425 quidem
2857 1356 2979 1409 loco
3026 1355 3338 1422 quaesiverit
3379 1357 3612 1424 aliquis,

2041 1449 2171 1518 quid
2201 1449 2272 1503 sit
2309 1448 2470 1509 calix,
2501 1447 2629 1516 quid
2666 1447 2951 1515 baptisma,
2979 1445 3133 1514 quasi
3159 1445 3373 1501 diversa
3401 1448 3511 1501 sint
3541 1447 3609 1501 ab

2043 1539 2270 1592 invicem
2296 1577 2309 1602 ,
2355 1552 2456 1590 nec
2489 1538 2815 1590 mediocrem
2851 1536 3105 1588 virtutem
3137 1536 3449 1604 requirant,
3491 1551 3610 1591 eam

2041 1627 2248 1680 scilicet
2273 1641 2378 1696 qua
2409 1625 2631 1694 pollebit
2655 1624 2748 1694 qui
2777 1625 3048 1678 bibiturus
3077 1633 3180 1691 est,
3207 1627 3288 1678 vel
3323 1628 3416 1696 qui
3442 1627 3619 1696 bapti-

2041 1720 2248 1773 zandus
2283 1728 2388 1782 est,
2421 1727 2473 1770 et
2501 1718 2592 1785 qui
2620 1717 2890 1772 bibiturus
2917 1728 3130 1773 estnon
3161 1719 3326 1772 alium
3362 1720 3612 1791 calicem,

2040 1827 2204 1878 quam
2239 1825 2399 1878 quem
2439 1808 2708 1862 bibiturus
2739 1817 2854 1862 erat
2887 1807 3065 1876 Jesus,
3101 1810 3302 1880 quique
3333 1811 3615 1880 baptizan-

333 1905 588 1973 Κύριος.
625 1905 686 1958 Οἱ
711 1905 892 1959 πολλοὶ
935 1907 1031 1977 μὲν
1057 1903 1149 1960 οὖν
1191 1905 1259 1959 τὰ
1288 1907 1572 1977 ἀμφότερα
1605 1905 1827 1974 ἄγουσιν
1855 1908 1931 1967 είς

2037 1901 2139 1956 (lus
2183 1909 2266 1954 est
2307 1900 2498 1954 eodem
2551 1898 2662 1952 fere
2711 1900 3066 1968 baptismate,
3108 1917 3217 1971 quo
3256 1903 3611 1971 baptizandus

334 1994 451 2065 τὴν
489 1994 631 2048 κατὰ
668 1995 726 2047 τὸ
779 1995 1076 2066 μαρτύριον
1129 1997 1456 2067 οἰκονομίαν,
1485 1997 1545 2049 οὐ
1578 1997 1936 2069 παριστάντες

335 2083 480 2138 οὔτε
511 2088 558 2139 εί
590 2086 682 2139 δύο
712 2089 950 2151 ἐπινοίας
975 2087 1085 2158 ἔχει
1111 2088 1443 2160 δηλουμένας
1468 2089 1554 2142 διὰ
1584 2089 1692 2142 τῶν
1709 2090 1800 2142 δύο
1823 2090 1938 2141 ὀνο-

342 2176 553 2246 μᾶτων
586 2177 643 2229 ἐν
674 2181 741 2248 τῇ
776 2178 1069 2231 ὑποστάσει
1101 2179 1495 2249 τυγχανόντων.
1539 2179 1649 2233 οὔτ’
1681 2181 1729 2232 εἰ
1780 2177 1938 2232 δύνα-

339 2283 445 2320 ται
477 2266 575 2320 καὶ
601 2266 692 2320 δύο
712 2267 998 2339 δηλοῦσθαι
1025 2272 1082 2321 ἐν
1120 2269 1331 2334 τούτοις
1382 2272 1703 2342 πράγματα.
1746 2271 1936 2340 Ἡμεῖς

341 2352 407 2404 δὲ
443 2353 550 2407 οὐκ
578 2355 1048 2426 ἀποδοκιμάζομεν
1075 2358 1173 2427 μὲν
1215 2359 1308 2410 καὶ
1335 2359 1536 2428 ταύτην
1560 2359 1658 2429 τὴν
1691 2359 1934 2430 ἐκδοχὴν,

342 2443 659 2516 ἐφίσταμεν
715 2447 774 2500 δὲ
823 2449 872 2499 εἱ
904 2447 1126 2500 δύναται
1157 2450 1250 2501 καὶ
1296 2449 1423 2503 ἄλλο
1467 2467 1519 2502 τι
1565 2450 1756 2520 δηλοῦν
1787 2451 1938 2522 παρὰ

339 2533 530 2588 ταῦτα
554 2535 623 2589 τὰ
671 2536 764 2590 δύο
813 2537 1069 2608 ὀνόματα.
1113 2539 1222 2592 Καὶ
1265 2541 1386 2594 ἐπεὶ
1437 2541 1570 2594 πολύ
1615 2545 1732 2595 ἐστι
1761 2543 1821 2596 τὸ
1842 2543 1936 2597 νῦν

335 2624 604 2694 ἀκριϐῶς
635 2627 909 2680 διαλαϐεῖν
934 2629 1060 2700 περὶ
1091 2629 1290 2692 αὐτῶν,
1352 2629 1508 2698 ὀλίγα
1541 2632 1620 2694 είς
1649 2631 1711 2684 τὸ
1747 2633 1937 2702 στῆναι

331 2711 412 2766 τὰ
449 2717 836 2787 ἐμφαινόμενα
882 2721 1014 2788 ἡμῖν
1047 2721 1472 2791 παραστήσομεν
1502 2723 1582 2784 είς
1607 2722 1699 2775 τὸν
1750 2723 1932 2776 τόπον·

331 2805 442 2858 καὶ
481 2808 560 2871 εἰς
580 2808 677 2877 μὲν
693 2807 751 2860 τὸ
769 2807 1054 2878 δηλοῦσθαι
1073 2808 1182 2880 (56)
1213 2810 1270 2862 ὲν
1298 2809 1507 2874 τούτοις
1527 2811 1586 2863 τὸ
1617 2812 1934 2884 μαρτύριον,

332 2891 406 2944 οὐ
441 2893 598 2965 μόνῳ
624 2898 879 2967 χρήσεταί
901 2915 984 2961 τις
1005 2897 1100 2968 τῷ·
1145 2917 1162 2948 ι
1186 2899 1390 2972 Πάτερ,
1422 2903 1470 2953 εί
1491 2901 1734 2965 δυνατὸν,
1769 2904 1939 2972 παρέ-

347 3001 522 3053 νεγκε
558 2987 717 3040 τοῦτο
753 2988 815 3041 τὸ
843 2991 1098 3060 ποτήριον
1147 2991 1240 3044 ἀπ’
1263 2991 1394 3061 ἐμοῦ
1432 2992 1596 3063 (57),›
1638 2994 1712 3057 ὡς
1748 2995 1938 3050 ἐπιπό-

359 3094 464 3139 δως
489 3078 774 3148 πινόμενον
805 3081 908 3132 ὑπὸ
927 3080 1020 3133 τοῦ
1051 3082 1446 3153 ἀναδεχομένου
1466 3085 1593 3147 τοὺς
1617 3087 1674 3137 ἐν
1697 3085 1775 3156 τῷ
1798 3105 1937 3159 μαρ-

349 3168 526 3238 τυρίῳ
563 3168 797 3236 ἀγῶνας,
823 3171 926 3233 ἕως
951 3188 1034 3234 τις
1063 3172 1226 3244 ἐκπίῃ
1255 3174 1552 3244 ὑπομείνας
1573 3174 1640 3228 τά
1669 3179 1808 3231 κατά
1840 3180 1932 3232 τὸν

344 3260 412 3312 ἐν
443 3259 522 3329 τῷ
547 3262 830 3332 μαρτυρίῳ
867 3263 1172 3334 πειρασμὸν
1218 3264 1394 3317 πάντα
1429 3265 1499 3320 τά
1545 3269 1931 3337 προσαγόμενα

347 3353 524 3424 αὐτῷ’
567 3353 703 3407 ἀλλὰ
737 3355 829 3408 καὶ
878 3355 956 3426 τῷ
1006 3358 1064 3410 ἐν
1098 3355 1196 3429 pte’
1243 3357 1444 3428 ψαλμῷ
1488 3360 1780 3431 εἰρημένῳο
1818 3382 1835 3413 ι
1865 3363 1930 3414 Τί

343 3441 718 3497 ἀνταποδώσω
738 3445 816 3514 τῷ
842 3446 1030 3516 Κυρίῳ
1063 3447 1189 3518 περὶ
1233 3445 1449 3500 πάντων
1481 3441 1555 3500 ὧν
1581 3448 1928 3504 άνταπέδωκέ

347 3552 476 3605 μοις
513 3537 778 3608 Ποτήριον
813 3541 1080 3610 σωτηρίου
1113 3541 1349 3611 λήψομαι
1373 3543 1484 3606 καὶ,
1520 3541 1580 3594 τὸ
1609 3543 1777 3612 ὄνομα
1813 3543 1926 3594 Κυ-

346 3624 474 3694 ρίου
515 3627 930 3698 ἐπικαλέσομαι.
973 3627 1085 3691 Τὰς
1107 3628 1271 3698 εὐχάς
1295 3645 1408 3698 ,μου
1447 3629 1523 3698 τῷ
1561 3629 1751 3699 Κυρίῳ
1785 3631 1922 3682 ἀπο-

339 3714 508 3768 δώσω
539 3716 779 3770 ἐναντίον
808 3717 1007 3780 παντὸς
1035 3715 1129 3770 τοῦ
1152 3717 1282 3771 λαοῦ
1314 3717 1501 3770 αὐτοῦ.
1535 3718 1728 3789 Τίμιος
1774 3720 1916 3770 ἐναν-

339 3805 466 3858 τίον
494 3807 699 3878 Κυρίου
725 3810 752 3860 ὁ
786 3807 1014 3870 θάνατος
1045 3806 1154 3860 τῶν
1182 3806 1342 3860 ὁσίων
1379 3806 1599 3860 αὐτοῦ’»
1641 3807 1792 3860 οὐδὲν
1817 3807 1927 3878 γὰρ

336 3895 622 3965 δυνάμεθα
653 3897 833 3950 πλεῖον
864 3895 1148 3950 ἀποδοῦναι
1175 3897 1252 3967 τῷ
1282 3897 1470 3968 Κυρίῳ
1499 3893 1683 3967 ὲφόἷς
1707 3899 1928 3966 εὐεργε-

342 3985 624 4057 τήθημεν,
659 3988 692 4058 ἢ
727 3987 786 4039 τὸ
813 3987 905 4039 τοῦ
931 3987 1198 4056 σωτηρίου
1234 3989 1489 4057 ποτήριον
1513 3987 1808 4058 προθύμως
1835 3988 1929 4040 λα-

345 4076 490 4140 ϐεῖν,
515 4077 609 4131 καὶ
643 4079 1065 4132 ἐπικαλέσασθαι
1097 4077 1157 4131 τὸ
1197 4078 1289 4130 τοῦ
1317 4077 1522 4147 Κυρίου
1553 4078 1723 4149 ὄνομα
1764 4080 1843 4142 είς
1866 4079 1928 4132 τὸ

344 4171 497 4220 πιεῖν
526 4169 674 4221 αὑτό·
708 4169 766 4220 ἐν
867 4168 1211 4238 ἐκπινομένῳ
1249 4165 1540 4219 ἀποδίδωσί
1579 4184 1660 4230 τις
1689 4167 1787 4231 τὰς
1837 4169 1926 4220 εύ-

347 4258 453 4329 χὰς
500 4258 666 4313 αὑτοῦ
708 4260 889 4323 πάσας
939 4259 1018 4330 τῷ
1058 4260 1248 4330 Κυρίῳ
1293 4258 1528 4310 ἐναντίον
1589 4259 1786 4322 παντὸς
1827 4257 1922 4311 τοῦ

2022 2001 2152 2046 erat
2202 1991 2487 2044 Dominus.
2535 1987 2762 2042 Plurimi
2801 2006 2932 2045 sane
2962 1993 3027 2045 ad
3056 1993 3372 2062 martyrium
3401 2005 3611 2048 utrum-

2035 2098 2142 2152 que
2192 2081 2474 2146 referunt,
2522 2082 2667 2136 haud
2703 2081 2839 2135 satis
2882 2082 3256 2152 signiﬁcantes
3290 2100 3357 2139 an
3395 2085 3612 2141 duobus

2036 2169 2380 2233 nominibus,
2416 2186 2538 2239 quae
2572 2178 2767 2224 natura
2807 2170 3025 2238 quidem
3062 2188 3231 2227 unum
3263 2184 3418 2241 sunt,
3453 2176 3611 2230 exhi-

2036 2261 2178 2315 bitas
2211 2260 2348 2313 duas
2397 2261 2823 2330 significationes
2849 2261 3156 2323 contineat.
3188 2274 3241 2317 et
3271 2280 3338 2318 an
3368 2265 3488 2320 duae
3527 2281 3614 2321 res

1997 2407 2006 2414 ,
2037 2350 2145 2404 illis
2168 2349 2396 2418 exprimi
2433 2351 2663 2420 possint.
2691 2349 2802 2406 Nos
2829 2353 2995 2423 718
3017 2355 3234 2424 quidem
3272 2357 3412 2411 hanc
3445 2357 3613 2410 inter--

2037 2442 2390 2509 pretationem
2439 2441 2663 2495 minime
2711 2443 3024 2512 rejicimus,
3076 2457 3130 2500 at
3179 2454 3359 2502 utrum
3407 2450 3611 2517 aliquid

2037 2541 2231 2599 praeter
2257 2531 2372 2585 haec
2397 2532 2506 2587 duo
2541 2533 2805 2587 vocabula
2836 2536 3139 2604 signiticet,
3175 2537 3514 2606 dispiciinus.
3547 2539 3613 2592 lit

2037 2609 2298 2691 quoniam
2340 2622 2406 2675 de
2453 2621 2522 2676 iis
2566 2640 2711 2679 nunc
2761 2638 3014 2682 accurate
3062 2629 3341 2698 disputare
3385 2630 3608 2682 nimium

2037 2721 2153 2780 est,
2198 2713 2428 2781 paucula
2462 2715 2710 2782 quaedam
2761 2717 2813 2770 in
2865 2717 3012 2774 hunc
3041 2720 3217 2774 locum
3250 2719 3610 2790 proferemus,

2037 2819 2146 2874 quo
2179 2805 2458 2858 sententia:
2490 2813 2692 2860 nostrae
2739 2808 2907 2862 robur
2959 2811 3217 2874 accedat;
3269 2827 3332 2865 ac
3367 2821 3424 2864 ut
3461 2828 3610 2864 mar-

2036 2897 2238 2966 tyrium
2271 2895 2356 2949 his
2383 2895 2676 2963 significari
2710 2899 2991 2966 probetur,
3047 2918 3151 2956 non
3185 2917 3250 2957 eo
3279 2903 3454 2959 solum
3490 2903 3612 2958 loco

2038 2995 2222 3038 utetur
2245 2985 2482 3055 aliquis:
2520 3004 2538 3036 ‹
2568 2985 2750 3052 Pater,
2783 2988 2828 3041 si
2858 2991 3122 3057 possibile
3144 3001 3246 3055 est,
3298 2991 3534 3047 transfer
3573 3008 3603 3047 a

2037 3091 2122 3129 me
2155 3076 2378 3130 calicem
2407 3078 2553 3131 hunc
2569 3077 2634 3142 ιο,
2662 3097 2680 3130 ι
2712 3080 2867 3147 quasi
2893 3095 3032 3150 aegre
3052 3091 3232 3136 etnon
3263 3085 3381 3138 sine
3409 3085 3612 3138 labori-

2037 3166 2138 3221 bus
2165 3183 2226 3222 ac
2255 3168 2516 3222 aerumnis
2567 3169 2636 3223 ab
2679 3185 2746 3224 eo
2789 3171 3040 3225 ebibatur
3073 3173 3167 3242 qui
3199 3176 3440 3246 martyrii
3471 3175 3611 3229 ditii-

2038 3259 2266 3313 cultates
2293 3274 2358 3314 ac
2390 3268 2658 3314 tormenta
2689 3261 2920 3329 patitur;
2955 3265 3209 3320 omnibus
3245 3265 3417 3320 donec
3455 3267 3606 3321 illum

2037 3347 2219 3402 ebibat
2272 3348 2535 3415 toleratis,
2571 3365 2694 3419 qua:
2723 3356 2773 3402 in
2809 3351 3052 3422 martyrii
3085 3354 3478 3422 periclitatione
3505 3358 3608 3411 sibi

2036 3437 2376 3503 inferuntur;
2407 3455 2596 3493 verum
2633 3449 2685 3493 et
2716 3441 2831 3507 illo,
2866 3446 2958 3509 qui
2993 3445 3044 3495 in
3077 3445 3286 3512 psalmo
3312 3447 3609 3502 centesimo

2034 3527 2245 3581 decimo
2273 3527 2463 3594 quinto
2495 3529 2766 3582 exstat“:
2803 3547 2821 3581 ι
2852 3529 2991 3595 Quid
3038 3534 3331 3588 retribuam
3377 3535 3608 3590 Domino

2033 3631 2131 3685 pro
2159 3617 2412 3670 omnibus
2445 3633 2567 3685 qua:
2595 3618 2842 3672 retribuit
2885 3621 3060 3675 mihi?
3083 3623 3316 3678 Calicem
3351 3625 3607 3681 salutaris

2034 3707 2318 3776 accipiam,
2339 3716 2392 3760 et
2422 3724 2619 3761 nomen
2651 3708 2864 3762 Domini
2905 3709 3185 3768 invocabo.
3214 3714 3348 3770 Vota
3373 3715 3605 3773 Domino

2034 3796 2252 3850 reddam
2284 3812 2468 3850 coram
2502 3799 2650 3851 omni
2680 3802 2879 3868 populo
2907 3803 3048 3870 ejus.
3098 3803 3340 3859 Pretiosa
3381 3806 3433 3860 in
3469 3821 3604 3862 con-

2035 3894 2218 3952 Spectu
2243 3883 2456 3939 Domini
2491 3903 2638 3942 mors
2670 3902 2983 3947 sanctorum
3014 3893 3152 3960 ejus.
3186 3914 3204 3946 ι
3229 3893 3339 3950 Nec
3369 3896 3604 3966 amplius

2034 3975 2178 4029 enim
2219 3977 2516 4045 quidquam
2549 3977 2660 4032 Deo
2693 3997 2789 4049 pro
2820 3983 3076 4039 omnibus
3113 3986 3182 4039 ab
3209 4002 3275 4042 eo
3301 3987 3512 4043 collatis
3547 3988 3602 4044 in

2035 4080 2136 4119 nos
2171 4065 2449 4121 beneficiis
2474 4069 2699 4124 reddere
2728 4086 3044 4140 possumus,
3077 4091 3238 4144 quam
3265 4077 3486 4132 calicem
3515 4093 3604 4132 sa-

2031 4155 2223 4210 lutaris
2249 4168 2500 4227 prompto
2532 4163 2718 4214 animo
2746 4163 3012 4231 accipere,
3044 4165 3109 4219 ad
3141 4181 3375 4236 eumque
3394 4167 3602 4222 exhau-

2029 4256 2279 4310 riendum
2313 4273 2509 4312 nomen
2552 4257 2765 4314 Domini
2797 4260 3079 4330 invocare;
3109 4279 3270 4334 quem
3307 4265 3435 4319 dum
3464 4265 3602 4320 bibit

1555 4368 1785 4425 VETUS
1825 4367 2406 4423 lNTERPliETATlO.

355 4484 378 4516 ε
403 4463 640 4520 Nescitis
663 4467 790 4535 quid
823 4471 1034 4534 petatis.
1067 4465 1267 4520 Sedere
1295 4473 1474 4519 autem
1507 4480 1722 4519 mecum
1755 4479 1862 4520 non
1896 4472 1981 4519 est
2009 4479 2188 4536 meum
2219 4465 2349 4536 dare
2377 4463 2548 4536 vobis,
2582 4463 2674 4536 sed
2708 4465 2909 4533 quibus
2959 4480 3202 4536 paratum
3249 4478 3332 4524 est
3363 4485 3391 4523 a
3434 4469 3594 4526 Patre

349 4549 506 4605 meo.
529 4553 546 4585 ι
585 4533 830 4589 Arbitror
859 4549 1038 4605 autem
1069 4537 1211 4604 quod
1247 4536 1431 4590 volens
1463 4536 1750 4589 ostendere
1777 4536 1937 4588 matri
1965 4535 2200 4588 ﬁliorum
2251 4533 2516 4596 Zebedaai,
2553 4544 2607 4587 et
2656 4535 2790 4602 ipsis
2813 4577 2828 4599 ,
2874 4533 3135 4605 quoniam
3183 4541 3362 4593 adhuc
3413 4543 3596 4595 minus

352 4603 626 4676 habebant
660 4606 725 4658 de
753 4604 1081 4676 perfectione
1103 4621 1272 4676 quam
1294 4605 1554 4676 homines
1586 4614 1817 4676 possunt
1850 4605 2050 4658 habere
2083 4619 2189 4660 non
2220 4605 2542 4676 mediocres,
2578 4605 2697 4676 ideo
2730 4603 3008 4673 respondit
3033 4617 3320 4676 postquam
3341 4609 3590 4664 dixerat:

357 4689 377 4720 ι
407 4669 644 4748 Nescitis
673 4669 800 4748 quid
837 4676 1067 4748 petatis:
1102 4669 1806 4748 Potestiscalicenfbibere
1835 4689 1998 4744 quem
2048 4689 2150 4744 ego
2198 4674 2470 4748 bibiturus
2517 4689 2643 4748 sum
2656 4674 2688 4748 Δ’ἒ
2718 4669 3125 4748 aut-baptismo
3171 4669 3432 4748 baptizari
3481 4695 3591 4748 quo

351 4754 453 4809 ego
484 4741 772 4818 baptiror?
799 4763 816 4794 ι
839 4741 846 4742 “
869 4743 1109 4818 Denique
1153 4760 1278 4818 cum
1310 4744 1626 4818 dixissent:
1667 4763 1684 4793 ι
1716 4741 2039 4818 Possumus,
2076 4741 2106 4794 ι’
2134 4759 2240 4798 non
2293 4744 2364 4797 ita
2390 4744 2713 4818 respondit
2744 4741 2995 4818 Christ—us
3035 4763 3048 4798 :
3087 4741 3322 4805 Calicem
3373 4741 3590 4818 quid-em

355 4824 536 4887 meum
571 4811 756 4887 bibere
791 4811 1047 4887 potestis;
1085 4815 1270 4887 sedati
1303 4813 1540 4887 futuram
1575 4827 1767 4868 eorum
1818 4812 2207 4882 perfectionem
2262 4811 2562 4882 respiciens
2611 4814 2743 4867 dicit
2773 4831 2786 4866 :
2819 4829 2838 4864 ‹
2869 4812 3106 4869 Calicem
3156 4833 3335 4871 meum
3373 4811 3591 4887 quidem

350 4879 652 4952 bilietis,ret
679 4879 947 4951 baptismo
979 4883 1404 4952 baptizabimini.
1436 4901 1453 4933 ι

420 4949 472 5024 (ξ.
515 4950 707 5024 Adhuc
744 4949 924 5006 autem
951 4949 1194 5022 quaérere
1229 4965 1436 5022 oportet
1477 4955 1527 5006 in
1561 4954 1701 5010 loco.
1731 4953 1861 5023 quid
1905 4962 1988 5008 est
2023 4954 2184 5015 ralis,
2211 4963 2265 5006 et
2300 4955 2428 5023 quid
2457 4963 2541 5007 est
2575 4955 2865 5024 baptisma.
2902 4953 3070 5021 Quasi
3106 4955 3307 5010 distent
3333 4955 3475 5010 enim
3521 4957 3593 5013 ab

348 5017 604 5081 invicem.
638 5022 720 5096 sic
766 5017 1056 5096 utrumque
1100 5031 1200 5096 est_
1235 5017 1595 5096 nominatum.
1634 5017 1803 5096 ΜυιὶἰΔ
1833 5024 1978 5096 enim
2024 5017 2976 5096 utrumque'dicuntad'passionein
3015 5027 3257 5095 martyrii
3302 5029 3594 5096 pertinuere,

349 5103 457 5143 non
485 5093 824 5164 attendentes
855 5092 1114 5164 quoniam
1150 5092 1252 5147 nisi
1284 5094 1420 5164 duos
1447 5103 1498 5145 et
1520 5095 1766 5148 diversos
1793 5093 2097 5146 intellectus
2135 5095 2449 5148 ostenderet
2477 5094 2614 5147 calix
2642 5092 2696 5149 et
2724 5095 3046 5162 baptismus,
3077 5092 3355 5164 nunquam
3389 5092 3596 5150 utrum;

348 5172 454 5225 que
488 5159 899 5232 nominaretur.
931 5159 1039 5214 Nos
1064 5171 1258 5232 autem
1289 5171 1341 5215 et
1373 5163 1529 5215 istam
1577 5165 1794 5231 quidem
1833 5164 2174 5216 traditionem
2221 5177 2326 5216 non
2359 5165 2735 5232 reprobamus,
2772 5159 3000 5218 alterum
3035 5159 3223 5218 autcm'
3261 5168 3591 5220 statuimus:

349 5230 606 5302 quoniam
643 5231 782 5285 calix
804 5231 1030 5302 quidem
1062 5230 1173 5299 ipsa
1208 5232 1391 5302 passio
1437 5230 1754 5300 intelligitur
1797 5248 1919 5286 esse
1959 5233 2232 5285 dolorum.
2276 5230 2437 5298 Quod
2469 5234 2824 5287 confirmatur
2858 5249 2964 5287 non
3001 5235 3177 5288 solum
3233 5251 3298 5288 eo
3343 5236 3593 5302 exemplo

351 5300 492 5361 ttttod
532 5299 664 5372 dicit
702 5319 716 5353 :
757 5319 774 5351 ι
803 5300 982 5360 Pater.
1011 5303 1054 5352 si
1094 5301 1347 5372 possibile
1377 5312 1480 5362 est,
1513 5299 1748 5372 transfer
1795 5303 2019 5356 calicem
2073 5304 2218 5355 hunc
2247 5319 2275 5356 a
2311 5318 2416 5366 me,
2451 5323 2469 5355 ι
2502 5305 2594 5372 qui
2625 5320 2748 5357 cum
2773 5305 3052 5358 doloribus
3081 5305 3280 5357 bibitur
3309 5305 3376 5357 ab
3403 5320 3468 5356 eo
3497 5299 3591 5372 qui

349 5369 588 5443 suscepit
614 5380 903 5443 certamen
929 5369 1195 5443 martyrii,
1234 5371 1408 5443 donec
1437 5371 1790 5443 biberit_eum
1818 5373 2094 5443 sustinens
2127 5374 2177 5443 in
2205 5374 2500 5425 lentaliunc
2521 5369 2774 5443 martyrii
2808 5375 3056 5429 universa
3093 5391 3213 5440 qua:
3242 5369 3547 5443 inferuntur
3571 5390 3587 5429 :

348 5436 445 5489 sed
473 5439 637 5492 etiam
668 5455 733 5508 eo
758 5439 906 5510 quod
938 5439 990 5493 in
1024 5436 1132 5493 alio
1162 5440 1282 5493 loco
1304 5440 1541 5493 dicitur:
1578 5458 1595 5490 ι
1629 5440 1767 5506 Quid
1806 5441 2097 5494 retribuam
2136 5440 2364 5495 Domino
2401 5459 2496 5510 pro
2525 5436 2779 5496 omnibus
2811 5460 2932 5510 quae
2971 5436 3215 5496 retribuit
3254 5443 3383 5495 mihi
3405 5443 3426 5495 ?
3447 5442 3592 5499 Cali-
3629 5439 3646 5451 ’

417 5550 462 5582 ³³
489 5551 677 5607 Matth.
707 5571 798 5619 xx,
829 5555 920 5622 2‘2,
944 5554 1034 5609 23.
1113 5555 1155 5587 ³³
1190 5553 1355 5610 Marc.
1390 5573 1444 5619 x,
1480 5557 1568 5611 58.
1645 5559 1690 5588 ⁸ο
1719 5556 1886 5612 Marc.
1921 5573 2033 5623 xw,
2060 5557 2163 5624 56;
2196 5557 2383 5612 Matth.
2411 5575 2556 5626 xxw,
2587 5560 2676 5614 59.
2753 5559 2795 5592 “
2827 5559 2972 5614 Psal.
2998 5575 3121 5624 cxv,
3150 5560 3342 5614 12-15.

417 5669 528 5738 (56)
569 5671 676 5725 Καὶ
719 5675 806 5738 εἰς
845 5651 964 5741 μέν
998 5673 1064 5725 τὸ
1105 5672 1460 5739 δηλοῦσθαι,
1505 5683 1608 5728 etc.
1655 5672 1912 5740 Hilarius,

349 5738 742 5866 ﬁierqnymus,
776 5738 917 5811 Opus
956 5738 1252 5812 imperfect.
1299 5742 1770 5816 Thcopbylactus,
1806 5738 1913 5801 Eu?

393 5827 607 5880 tynuus.

2095 5675 2208 5746 (57)
2251 5675 2458 5746 Πάτερ,
2509 5677 2561 5729 εὶ
2596 5675 2905 5746 δυνατὸν,
2945 5675 3272 5746 παρένεγκε
3313 5677 3487 5730 τοῦτο
3528 5680 3594 5738 τὸ

2022 5745 2308 5818 ποτήριον
2347 5745 2446 5818 ἀπ’
2473 5745 2655 5818 ἐμοῦ-κ
2675 5745 2830 5799 Prior
2861 5747 3022 5817 hujus
3065 5745 3181 5803 loci
3210 5763 3336 5818 pars
3370 5766 3398 5802 c
3426 5748 3596 5806 Marci

2025 5832 2134 5881 xw,
2164 5816 2252 5880 56,
2285 5817 2446 5884 petita
2471 5826 2569 5873 est.
2612 5814 2874 5872 Hunnus.
