4032 6308
207 459 347 511 ἱόεὶδ
1113 455 1467 515 COMMENT.
1506 458 1575 515 IN
1615 454 2031 514 M.\TTHIEUM
2068 456 2308 515 TOMUS
2345 457 2481 514 XVI.
3321 458 3464 515 139!

202 573 424 637 Λουκᾶς
450 573 683 643 βασιλεῖς
713 575 803 628 καὶ
845 573 1254 641 ἐξουσιάζοντας
1286 578 1455 633 ἐθνῶν
1502 576 1791 651 παραλαμο

1904 577 1996 632 stia
2029 585 2084 632 et
2113 576 2371 633 laudabili
2423 575 2730 631 humilitate
2772 573 3000 643 positam
3021 614 3037 640 ,
3084 589 3313 645 quaeque
3343 589 3459 628 ser-

200 661 360 718 6άνει
387 666 470 728 εἰς
494 666 586 717 τὸν
607 665 781 734 λόγον,
817 668 1139 738 ἀποτρέπων
1180 669 1272 721 τὸν
1298 669 1615 740 βουλόμενον
1649 665 1787 722 εἶναι

1904 669 2063 723 rienti
2097 670 2377 738 prodesse,
2403 684 2500 724 eos
2523 676 2704 723 autem
2727 666 2922 737 juvare
2956 674 3011 720 et
3035 664 3261 720 reticere
3287 666 3461 734 possit

200 755 263 807 tv
313 758 430 818 τοῖς
471 755 718 824 ἀδελφοῖς
757 756 978 826 μείζονα
1031 758 1316 828 μιμεῖσθαι
1353 760 1451 831 τὴν
1507 760 1789 832 βασιλικὴν

1904 759 2092 829 quibus
2138 760 2254 830 ipsa
2299 760 2607 813 exhibetur.
2648 758 2718 811 At
2742 755 2919 811 Lucas
2950 770 3105 826 reges
3139 766 3193 808 et
3219 754 3459 826 gentium

198 845 456 912 ἐξουσίαν
478 885 496 910 ,
541 847 574 916 ἢ
610 846 709 917 τὴν
743 846 852 902 τῶν
893 847 1310 914 ἐξουσιαζόντων
1349 853 1447 923 τῆς
1501 852 1789 917 κολακείας

1904 851 2147 906 dominos
2172 851 2418 906 oratione
2443 865 2539 906 sua
2567 846 2997 920 comprehendit,
3032 861 3156 901 eum
3186 847 3463 902 deterrens

199 934 506 1004 ἐπιθυμίαν
525 954 536 967 ·
570 935 837 990 διδάσκω)
861 939 1007 1008 ἡμᾶς
1033 940 1099 992 ἵν’
1127 942 1159 993 6
1195 941 1292 1010 μὲν
1330 941 1545 1012 ἀληθῶς
1576 945 1634 996 ἐν
1659 945 1793 1014 ἡμῖν

204 1022 410 1094 μείζων
441 1027 669 1096 γένηται
695 1027 769 1091 ὡς
795 1029 824 1080 6
850 1027 1130 1100 νεώτερος,
1152 1031 1425 1086 τουτέστιν
1456 1033 1531 1096 ὼς
1559 1034 1790 1098 παιδίον,

201 1115 513 1186 ἁπλότητος
536 1119 631 1171 καὶ
653 1119 894 1188 ίσότητος
918 1120 1078 1192 χάριν
1100 1139 1115 1152 ·
1150 1124 1179 1176 6
1206 1123 1263 1176 δὲ
1290 1124 1586 1196 ἡγούμενος
1631 1125 1794 1198 (οὑτω

207 1205 268 1259 δὲ
319 1202 483 1277 οἶμαι
523 1207 807 1278 ὀνομάζειν
840 1209 931 1263 τὸν
968 1210 1297 1281 καλούμενον
1334 1214 1391 1265 ὲν
1420 1216 1538 1278 ταῖς
1570 1214 1795 1286 Ἐκκλη-

210 1297 361 1361 σίαις
397 1299 742 1367 ἐπίσκοπον),
777 1299 853 1363 ὡς
896 1302 924 1354 6
973 1305 1083 1367 τοῖς
1118 1304 1580 1374 ὑπηρετουμένοις
1616 1307 1796 1360 διακο-

200 1389 473 1461 νοὺμενος
501 1390 635 1461 (68).
688 1391 799 1445 Καὶ
844 1391 1017 1446 ταῦτα
1058 1395 1157 1464 μὲν
1186 1396 1215 1447 6
1252 1395 1346 1448 τοῦ
1378 1395 1514 1450 Θεοῦ
1558 1397 1797 1452 διδάσκει

200 1481 357 1550 ἡμᾶς
380 1481 588 1549 Λόγος·
618 1483 776 1552 ἡμεῖς
802 1481 879 1545 δὲ,
911 1483 1029 1554 ἢτοι
1058 1484 1132 1556 μὴ
1165 1485 1412 1551 νοοῦντες
1449 1487 1510 1541 τὸ
1552 1487 1799 1560 βούλημα

192 1572 306 1640 ’τῆς
331 1571 682 1636 διδασκαλίας
710 1574 767 1626 ὲν
794 1572 1003 1636 τούτοις
1043 1574 1239 1646 Ἰησοῦ,
1269 1576 1303 1647 ἦ
1333 1577 1799 1649 καταφρονοῦντες

104 1700 111 1706 .
204 1662 318 1714 τῶν
370 1662 710 1732 τηλικούτων
759 1663 1050 1734 ὑποθηκῶν
1101 1664 1195 1719 τοῦ
1229 1667 1481 1740 Σωτῆρος
1503 1709 1518 1734 ,
1568 1668 1799 1723 τοιοῦτοί

205 1752 383 1822 ὲσμεν
413 1754 495 1817 ὡς
525 1754 694 1807 ἐνίοτε
719 1756 815 1808 καὶ
841 1755 932 1809 τὸν
953 1756 1061 1810 τῶν
1089 1756 1273 1821 κακῶς
1298 1759 1573 1830 ἀρχόντων
1603 1761 1660 1812 ὲν
1686 1762 1799 1824 τοῖς

207 1842 426 1898 ἔθνεσιν
463 1845 822 1915 ὑπερϐάλλειν
838 1846 1026 1916 τῦφον,
1055 1849 1150 1903 καὶ
1184 1851 1464 1920 μονονουχὶ
1490 1850 1672 1920 ζητεῖν
1721 1851 1796 1914 ὡς

208 1934 259 1985 οἱ
288 1933 527 2002 βασιλεῖς
566 1910 936 2006 δορυφόρουςί
985 1910 1079 1990 καὶ
1133 1910 1660 2007 φοϐεροὺςηὲαυτοὺς
1704 1910 1798 1993 καῖ
1831 1910 1870 1964 Β

205 2022 608 2095 δυσπροσίτους
633 2026 867 2096 μάλιστα
905 2030 1016 2093 τοῖς
1042 2030 1236 2101 πένησι
1281 2031 1795 2095 κατασκευάζοντες,

209 2114 446 2168 τοιοῦτοί
474 2116 641 2187 ἐσμεν
665 2118 800 2189 πρὸς
830 2119 1027 2183 αὐτοὺς
1061 2121 1483 2191 ἐντυγχάνοντας
1525 2123 1677 2193 ἡμῖν,
1705 2123 1799 2175 καὶ

211 2200 344 2271 περί
375 2218 542 2256 τινων
573 2203 873 2267 ἀξιοῦντας,
909 2205 988 2269 ὼς
1010 2206 1129 2260 οὑδὲ
1154 2210 1204 2260 οἱ
1229 2208 1501 2279 τύραννοι,
1534 2209 1626 2263 καὶ
1648 2210 1799 2279 ὠμό-

208 2306 362 2362 τεροι
391 2292 502 2348 τῶν
533 2292 807 2365 ἀρχόντων
846 2294 982 2366 πρὸς
1019 2299 1144 2361 τοὺς
1175 2299 1376 2362 ἱκέτας.
1424 2301 1535 2352 Καὶ
1577 2299 1693 2353 ἐστι
1736 2317 1801 2369 γε

213 2383 347 2436 ίδείν
362 2386 423 2437 tv
442 2385 664 2449 πολλαῖς
685 2385 1065 2458 νομιζομέναις
1080 2388 1445 2460 Ἑκκλησίαις,
1461 2392 1555 2444 καὶ
1570 2391 1802 2463 μάλιστα

209 2477 336 2538 ταῖς
362 2475 474 2528 τῶν
504 2475 767 2547 μειζόνων
799 2478 1027 2542 πόλεων,
1054 2480 1179 2543 τοὺς
1196 2482 1529 2552 ἡγουμένους
1557 2484 1651 2537 τοῦ
1671 2484 1802 2539 λαοῦ

211 2564 309 2617 τοῦ
340 2564 500 2630 Θεοῦ,
539 2566 805 2638 μηδεμίαν
840 2566 1109 2637 ίσολογίαν
1128 2558 1544 2641 ἐπιτρέποντας,
1581 2573 1693 2628 ἔσθ’
1712 2576 1803 2630 ὅτε

213 2656 312 2709 καὶ
342 2660 456 2721 τοῖς
491 2657 793 2723 καλλίστοις
815 2660 924 2714 τῶν
958 2661 1133 2731 Ἰησοῦ
1169 2662 1426 2733 μαθητῶν
1446 2705 1461 2728 ,
1495 2661 1634 2720 εἶναι
1668 2668 1803 2740 πρὸς

214 2747 439 2810 αὑτούς.
473 2750 583 2803 Καὶ
612 2751 642 2801 6
667 2751 766 2821 μὲν
806 2751 1127 2816 Ἀπδστολος
1155 2757 1266 2817 τοῖς
1294 2756 1502 2828 κυρίοις
1540 2758 1667 2827 περὶ
1693 2758 1806 2817 τῶν

210 2836 448 2890 οἰκετῶν
471 2838 690 2909 ἐντολὴν
721 2840 902 2894 δίδωσι
932 2841 1132 2911 λέγων·
1166 2863 1183 2896 ι
1206 2846 1270 2899 Οί
1289 2845 1488 2918 κύριοι,
1520 2848 1581 2901 τὸ
1600 2848 1805 2905 δίκαισν

220 2926 318 2979 καὶ
341 2926 445 2997 τὴν
477 2928 695 2998 ἰσότητα
721 2932 834 2993 τοῖς
859 2930 1066 2995 δούλοις
1088 2934 1412 3005 παρέχεσθε,
1450 2935 1670 3002 εἰδότες,
1723 2939 1804 2992 ὅτι

220 3019 318 3071 καὶ
353 3019 517 3088 ὑμεῖς
542 3019 692 3090 ἔχετε
718 3021 923 3093 Κύριον
954 3025 1012 3076 tv
1039 3023 1288 3098 οὐρανῷ⁹
1320 3044 1339 3079 ι
1368 3027 1609 3082 διδάσκει
1629 3027 1686 3081 δὲ
1711 3030 1806 3083 καὶ

218 3108 431 3163 ἀνιέναι
455 3110 553 3181 τὴν
575 3112 802 3183 ἀπειλὴν
827 3112 951 3176 τοὺς
969 3113 1233 3179 δεσπότας
1261 3116 1404 3170 κατά
1430 3117 1540 3171 τῶν
1557 3118 1801 3172 οἰκετῶν.

224 3200 383 3297 ᾚπι
407 3199 465 3297 δέ
494 3218 646 3297 τινας
676 3203 805 3297 ἰδεῖν
1035 3205 1410 3275 ἀπειλοῦντας,
1431 3208 1521 3262 ὁτὲ
1550 3210 1647 3280 μὲν
1671 3225 1803 3280 προ-
1829 3240 1872 3297 C

225 3290 385 3358 φάσει
416 3292 712 3363 ἁμαρτίας,
730 3293 820 3347 ὁτὲ
843 3293 900 3348 δὲ
925 3294 1005 3366 τῷ
1031 3301 1393 3370 καταφρονεῖν
1409 3300 1522 3353 τῶν
1549 3301 1801 3372 πτωχῶν,

225 3379 377 3451 παρά
407 3380 498 3432 τὸν
531 3381 886 3436 ἀποστολικὸν
906 3384 1063 3454 λόγον
1095 3387 1153 3441 tv
1175 3379 1219 3455 ᾧ
1245 3388 1491 3444 λέλεκται
1510 3408 1524 3421 ’
1569 3411 1588 3442 ι
1616 3391 1805 3460 Δεξιάς

224 3470 433 3524 ἔδωκαν
457 3472 579 3542 ἐμοὶ
607 3472 699 3527 καὶ
730 3474 982 3547 Βαρνάϐα
1011 3479 1312 3543 κοινωνίας,
1347 3481 1434 3534 rvat
1453 3483 1614 3552 ἡμεῖς
1637 3485 1717 3548 εἰς
1738 3483 1806 3538 τὰ

223 3559 374 3635 ἔθνη,
403 3564 559 3618 αὐτοὶ
584 3565 642 3618 δὲ
672 3567 752 3630 είς
777 3565 878 3638 τὴν
908 3571 1228 3642 περιτομὴν,
1253 3571 1410 3641 μόνον
1441 3573 1549 3627 τῶν
1577 3577 1809 3647 πτωχῶν

224 3654 314 3709 ἵνα
348 3656 775 3729 μνημονεύωμεν
796 3675 811 3689 ·
846 3679 867 3711 ι
906 3660 1002 3713 καὶ
1034 3660 1196 3715 πάλιν
1226 3662 1328 3735 τὴν
1354 3663 1489 3735 πρὸς
1506 3666 1632 3729 τοὺς
1668 3666 1800 3720 ὑπο-

224 3748 465 3820 χειρίους
501 3750 720 3821 ἰσότητα
771 3750 904 3822 μηδὲ
944 3752 1402 3824 φανταζομένους,
1454 3757 1538 3810 ὅτι
1577 3757 1809 3830 καθήκει

225 3839 459 3909 ἀτυφίαν
502 3841 596 3892 καὶ
650 3841 873 3910 ἰσότητα
913 3841 1147 3911 μάλιστα
1196 3844 1541 3915 Χριστιανοῖς
1585 3846 1809 3916 ἐμπολι-

226 3928 500 3995 τεύεσθαι,
529 3930 623 3983 καὶ
647 3929 939 4001 ἐξαιρέτως
967 3934 1024 3986 ὲν
1045 3935 1158 3997 τοῖς
1181 3934 1453 4008 ὑπεροχήν
1472 3953 1592 3991 τινα
1608 3937 1807 4009 ὀνόμα-

224 4035 316 4084 τος
339 4020 792 4092 ἐκκλησιαστικοῦ
815 4022 1070 4095 φοροῦσν
1107 4024 1412 4097 γέγραπται
1434 4029 1570 4099 γάρ’
1613 4049 1632 4080 ι
1663 4031 1810 4102 Ὄσῳ

230 4111 404 4183 μέγας
437 4108 510 4178 εἷ,
540 4112 781 4184 τοσούτῳ
807 4115 1060 4168 ταπείνου
1101 4117 1345 4182 σεαυτὸν,
1378 4120 1472 4172 καὶ
1499 4119 1678 4175 ἔναντι
1699 4123 1810 4175 Κυ-

230 4205 346 4274 ρίου
367 4207 623 4277 εὑρήσεις
651 4205 829 4276 χάριν.
874 4224 893 4258 ι
941 4208 1136 4279 Ἐχρῆν
1162 4209 1206 4262 δ’
1235 4211 1384 4281 ἡμᾶς
1407 4211 1601 4267 εἰδέναι
1636 4214 1811 4268 καὶτὸ

228 4295 287 4346 tv
328 4296 679 4364 Παροιμίαις
718 4295 891 4361 οὕτως
949 4299 1266 4369 εἰρημένον
1309 4317 1328 4351 ι
1368 4302 1482 4373 Πρὸ
1521 4304 1810 4375 συντριδῆς

228 4382 463 4453 ὑψοῦται
490 4385 681 4456 καρδία
709 4386 922 4457 ἀνδρὸς,
953 4389 1047 4441 καὶ
1075 4389 1179 4460 πρὸ
1210 4389 1366 4461 δόξης
1394 4393 1739 4447 ταπεινοῦται
1757 4411 1804 4446 ἰ

229 4473 502 4530 ἐκκλίνειν
524 4475 582 4528 δὲ
603 4478 695 4529 καὶ
721 4477 783 4530 τὸ
813 4481 1125 4549 περιπεσεῖν
1155 4478 1234 4549 τῷ
1263 4482 1551 4552 φωνῆσαι,
1575 4483 1607 4554 ἢ
1638 4485 1810 4537 εἰπεῖν

1892 942 1986 1012 qui
2019 940 2156 995 inter
2188 940 2386 996 fratres
2420 941 2598 1010 major
2628 955 2750 996 esse
2775 937 3343 1007 voluerit,quominus
3375 952 3463 991 re-

1895 1032 2038 1103 giam
2072 1040 2395 1102 potestatem
2417 1072 2432 1096 ,
2463 1032 2548 1085 vel
2578 1031 2723 1101 palpi
2754 1029 3104 1100 cupiditatem
3129 1027 3466 1098 principibus

1895 1123 2113 1177 insitam
2150 1123 2420 1190 imitetur;
2451 1122 2503 1177 id
2531 1137 2632 1177 nos
2667 1122 2937 1186 edocens,
2991 1130 3049 1174 ut
3074 1120 3166 1191 qui
3196 1119 3334 1173 inter
3366 1133 3466 1174 nos

1896 1213 2072 1283 major
2102 1229 2288 1269 revera
2318 1224 2403 1269 est
2423 1256 2439 1280 ,
2478 1213 2570 1268 tiat
2599 1213 2741 1268 sicut
2766 1212 2984 1282 junior,
3027 1211 3132 1266 hoc
3159 1220 3241 1265 est
3261 1251 3277 1277 ,
3325 1209 3469 1264 sicut

1896 1303 2110 1372 puellus
2159 1312 2383 1374 propter
2433 1304 2874 1373 simplicitatem,
2902 1311 2956 1357 et
2992 1312 3277 1374 prepterea
3320 1300 3467 1370 quod

1897 1396 2020 1450 aliis
2062 1411 2344 1465 nunquam
2389 1413 2449 1451 se
2493 1395 2761 1450 anteferat
2816 1413 2831 1448 :
2882 1394 3136 1465 princeps
3182 1410 3312 1448 vero
3355 1393 3471 1464 (sic

1899 1496 2080 1542 autem
2128 1487 2508 1557 appellandum
2538 1488 2794 1543 existimo
2837 1486 2933 1557 qui
2974 1485 3028 1540 in
3059 1485 3320 1540 Ecclesiis
3350 1485 3470 1555 epi-

1898 1592 2100 1648 scopus
2134 1582 2383 1642 vocatur)
2408 1588 2667 1648 tanquam
2701 1577 2794 1648 qui
2825 1576 3267 1633 ministrantibus
3307 1576 3470 1630 mini-

1898 1678 2054 1725 strat.
2117 1668 2294 1738 Atque
2322 1670 2436 1724 hazc
2467 1668 2686 1738 quidem
2733 1669 2890 1722 docet
2921 1682 3020 1722 nos
3051 1666 3144 1720 Dei
3180 1665 3415 1721 Verbum
3455 1683 3471 1718 :

1899 1775 1999 1815 nos
2028 1770 2208 1814 autem
2240 1760 2353 1814 sive
2381 1760 2643 1815 doctrinae
2671 1757 2800 1813 Jesu
2837 1759 2941 1813 hoc
2967 1756 3088 1812 loco
3109 1757 3323 1811 tradita:
3350 1770 3475 1809 seu-

1901 1851 2127 1906 tentiam
2146 1866 2253 1905 non
2273 1866 2653 1920 assequamur,
2678 1849 2793 1904 sive
2821 1848 2946 1902 talia
2966 1846 3272 1902 Servatoris
3288 1859 3475 1914 asper-

1902 1959 2094 1998 nemur
2145 1952 2444 2014 praecepta,
2499 1942 2637 1997 tales
2665 1956 2857 1996 sumus
2900 1949 2961 1994 ut
3010 1937 3473 2009 ncquissimorum

1900 2035 2042 2090 inter
2082 2046 2268 2105 gentes
2314 2033 2618 2104 principum
2647 2031 2957 2103 superbiam
2988 2029 3283 2098 aliquando
3310 2041 3476 2098 supe-

1900 2141 2107 2190 remus,
2136 2133 2192 2179 et
2215 2124 2477 2179 satellites
2505 2122 2650 2178 haud
2668 2137 2828 2179 secus
2855 2136 2921 2175 ac
2949 2135 3104 2191 reges
3130 2127 3340 2173 tantum
3365 2132 3475 2170 ιιοιι

1900 2215 2292 2285 conquiramus
2333 2232 2348 2268 :
2383 2213 2683 2284 quinetiam
2718 2228 2819 2266 nos
2863 2211 2931 2266 ad
2960 2220 3222 2265 terrorem
3254 2222 3478 2276 compo-

1902 2315 2111 2373 nentes,
2147 2305 2500 2375 ditlicilesque
2533 2304 2599 2359 ad
2632 2318 2734 2358 nos
2755 2303 2958 2367 aditus,
2987 2299 3316 2370 pauperibus
3343 2311 3477 2366 pra:-

1903 2396 2090 2453 sertim
2129 2395 2421 2462 facientes,
2474 2393 2612 2449 tales
2657 2393 2726 2447 iis
2768 2389 3156 2447 accedentibus
3180 2396 3236 2442 et
3268 2384 3476 2455 aliquid

1903 2487 2225 2559 rogantibus
2250 2500 2351 2543 nos
2376 2484 2723 2549 exhibemus,
2768 2482 2958 2551 quales
2988 2477 3226 2550 tyranni,
3274 2473 3478 2544 princi~

1904 2592 2102 2647 pumve
2137 2575 2504 2632 crudelissimi
2551 2572 2885 2645 supplicibus
2921 2584 3043 2626 sese
3073 2584 3179 2624 non
3213 2565 3475 2636 praebent.

1904 2666 2064 2723 Acin
2091 2666 2366 2737 plerisque
2402 2665 2641 2735 legitime
2670 2659 3021 2726 constitutis,
3069 2656 3162 2714 sed
3208 2654 3477 2725 majorum

1904 2757 2206 2828 praesertim
2249 2756 2526 2817 civitatum
2563 2753 2821 2815 Ecclesiis
2855 2751 3130 2823 principes
3172 2747 3354 2818 populi
3383 2744 3479 2799 Dei

1905 2849 2089 2903 videre
2118 2848 2262 2912 licet,
2294 2847 2436 2902 haud
2469 2846 2631 2906 ullam
2665 2843 2806 2923 apud
2838 2860 2896 2899 se
2920 2839 3085 2915 724
3109 2838 3477 2909 aequalitatem

1905 2940 2134 3007 servari,
2188 2955 2255 2994 ne
2290 2938 2760 3009 praestantissimis
2812 2934 3033 3014 quidem
3081 2944 3478 3003 nonnunquam

1904 3029 2031 3089 Jesu
2066 3031 2351 3101 discipulis
2375 3029 2773 3096 permittentes.
2813 3026 2974 3081 Certe
3000 3023 3300 3101 Apostolus
3336 3022 3483 3076 heris

1905 3138 2034 3192 erga
2089 3120 2324 3179 famulos
2369 3129 2698 3190 praeceptum
2753 3117 2920 3177 tradit
2970 3116 3161 3172 dicens
3187 3115 3240 3146 “‘
3268 3132 3291 3171 ει
3319 3133 3337 3163 ι
3376 3111 3482 3172 Do-

1905 3211 2073 3278 mini,
2118 3209 2265 3280 quod
2291 3210 2502 3280 justum
2533 3219 2615 3264 est
2639 3219 2692 3264 et
2717 3225 2965 3284 aequum,
3002 3209 3176 3267 servis
3207 3214 3480 3283 praestate,

1907 3301 2143 3357 scientes
2176 3300 2328 3371 quod
2355 3308 2410 3355 et.
2450 3315 2547 3354 vos
2574 3297 2865 3358 Dominum
2899 3299 3110 3354 habetis
3149 3298 3204 3352 in
3248 3297 3426 3358 c0110:
3458 3316 3487 3353 ι.

1906 3391 2208 3462 quinetiam
2258 3390 2523 3446 adversus
2575 3406 2763 3444 servos
2808 3389 2987 3444 minas
3020 3387 3295 3443 rentittcre
3321 3387 3483 3442 heros

1906 3480 2088 3534 docet.
2141 3477 2444 3534 Nonnullos
2472 3488 2653 3535 autem
2690 3479 2899 3549 asperis
2929 3488 3142 3534 utentes
3176 3479 3481 3534 commina-

1908 3572 2151 3627 tionibus
2195 3572 2378 3625 videre
2421 3571 2577 3634 licet,
2629 3570 2921 3639 aliquando
2978 3570 3185 3638 peccati
3232 3570 3480 3629 obtentu.

1910 3678 2303 3731 nonnunquam
2337 3663 2499 3716 etiam
2527 3678 2636 3731 pra:
2663 3676 2959 3730 pauperum
2989 3668 3325 3728 contemptu,
3349 3675 3483 3714 con-

1909 3761 1994 3808 tra
2031 3752 2274 3822 Apostoli
2303 3766 2612 3806 sermonem
2640 3750 2732 3819 qui
2765 3749 2847 3803 sic
2884 3748 3044 3802 habet
3064 3747 3106 3778 ⁶¹
3143 3765 3157 3802 :
3200 3765 3217 3800 ι
3256 3747 3483 3801 Dextras

1909 3843 2177 3900 dederunt
2223 3842 2356 3896 mihi
2407 3851 2462 3895 et
2511 3840 2776 3894 Barnabas
2822 3838 3100 3893 societatis
3146 3855 3160 3891 :
3199 3846 3257 3890 ut
3288 3852 3388 3890 nos
3426 3836 3480 3887 in

1911 3943 2118 4006 gentes,
2169 3932 2268 4003 ipsi
2299 3941 2478 3986 autem
2513 3932 2568 3984 in
2617 3929 3091 3990 circumcisionem
3125 3945 3140 3983 :
3170 3937 3381 3982 tantum
3424 3935 3483 3980 ut

1912 4042 2209 4097 pauperum
2257 4039 2525 4079 memores
2559 4037 2805 4077 essemus
2833 4040 2847 4076 :
2879 4042 2899 4075 ι
2941 4029 2995 4075 et
3026 4035 3242 4075 rursum
3276 4018 3479 4072 nullam

1909 4134 2039 4189 erga
2088 4116 2336 4173 subditos
2387 4113 2813 4182 aequabititatem
2859 4110 3184 4169 inanimum
3218 4110 3480 4165 inducen-

1913 4219 2028 4271 tes,
2059 4222 2238 4277 neque
2272 4202 2596 4259 modestiam
2621 4212 2677 4257 et
2703 4201 3129 4272 aequabilitatem
3158 4202 3300 4256 inter
3319 4201 3481 4255 Chri-

1912 4299 2120 4354 stianos
2159 4296 2506 4368 potissimum
2564 4293 2769 4349 versari
2799 4292 2997 4349 debere
3024 4292 3347 4364 cegitantes,
3387 4290 3481 4346 sed

1912 4390 2056 4445 inter
2096 4404 2191 4443 eos
2218 4386 2520 4457 praesertim
2545 4384 2639 4456 qui
2667 4383 2985 4455 dignitatem
3030 4383 3270 4451 aliquam
3300 4386 3353 4436 iu
3383 4382 3484 4438 Ec-

1912 4481 2077 4537 clesia
2104 4487 2300 4550 gerunt
2328 4496 2343 4532 :
2374 4476 2637 4545 scriptum
2669 4485 2756 4530 est
2780 4475 2925 4529 enim
2942 4475 2990 4506 “
3024 4491 3038 4528 ε
3074 4493 3095 4525 ι
3124 4473 3342 4548 Quanto
3369 4478 3485 4528 ina-

228 4562 408 4634 λόγον,
442 4567 502 4619 ὃν
530 4562 682 4622 εἶπεν
710 4570 739 4621 6
771 4568 938 4623 Θέλων
972 4571 1163 4626 ἑαυτὸν
1214 4573 1502 4628 δικαιῶσαι
1550 4575 1685 4649 πρὸς
1713 4576 1805 4629 τὸν

1910 4589 2050 4646 gnus
2089 4588 2149 4627 es
2171 4612 2184 4636 ,
2220 4569 2448 4625 humilia
2478 4578 2532 4625 te
2561 4569 2612 4623 in
2641 4568 2920 4633 omnibus,
2953 4576 3008 4623 et
3031 4582 3217 4625 coram
3254 4565 3366 4621 Deo
3401 4566 3483 4620 in-

169 4736 173 4740 }
242 4656 452 4726 Ἰησοῦν
477 4656 762 4724 διδάξαντα
779 4659 869 4712 τό*
907 4679 925 4710 ‹
974 4661 1304 4736 Ἀγαπήσεις
1334 4668 1425 4719 τὸν
1462 4665 1687 4735 πλησίον
1712 4683 1805 4719 σου

227 4746 305 4812 ὡς
337 4749 550 4815 ἑαυτὸν,
587 4768 606 4804 ι
637 4750 697 4815 ὃς
723 4752 822 4805 οὑκ
847 4752 1043 4826 ᾐδέσθη
1074 4754 1152 4826 τῷ
1175 4757 1386 4830 Σωτῆρι
1407 4759 1612 4811 εἰπεῖν·
1652 4777 1671 4810 ι
1698 4759 1806 4812 Καὶ

1912 4665 2098 4721 venies
2144 4664 2396 4735 gratiam.
2433 4681 2452 4714 ι
2512 4660 2650 4717 Illud
2686 4676 2904 4732 quoque
2949 4675 3091 4717 seire
3120 4664 3482 4729 nos'oportet,

1912 4757 2059 4830 quod
2090 4757 2143 4811 in
2171 4755 2470 4811 Proverbiis
2498 4755 2761 4827 scriptum
2790 4763 2874 4809 est
2903 4753 2989 4808 his
3019 4753 3196 4807 verbis
3214 4751 3261 4783 “
3285 4770 3302 4806 ε
3331 4771 3349 4805 ι
3369 4752 3484 4804 An-

1427 4871 1660 4930 VETUS
1695 4867 2280 4928 lNTERPRETATlO.

231 4979 457 5061 debent,
489 4979 806 5061 sedciniitari
835 4981 1039 5061 debent
1064 4982 1342 5061 Christum
1377 4985 1752 5041 accessibilem
1780 5025 1799 5053 ,
1847 4993 1902 5040 et
1937 4983 2265 5061 mulieribus
2291 4980 2606 5061 loquentem
2630 5025 2645 5047 ,
2672 4991 2726 5039 et
2754 4979 3178 5061 pueris-manus
3197 4977 3483 5061 imponent:

232 5057 445 5124 tent,_et
468 5048 749 5124 disci_puli_s
772 5050 886 5124 suis
911 5049 1072 5120 pedes
1098 5052 1365 5107 lavantem
1395 5064 1558 5123 atque
1585 5046 1879 5124 tergentem
1903 5096 1917 5118 ,
1955 5054 2264 5122 exernplum
2294 5046 2639 5124 eis—dantem;
2694 5046 2832 5124 Ill-el
2856 5049 2970 5124 ἱρεί,
2994 5048 3245 5124 εἱιηιιὶιει·
3276 5046 3484 5124 heia"!

233 5118 494 5174 fratribus
527 5117 662 5175 suis.
696 5117 942 5192 Forsitan
973 5129 1152 5192 autem
1192 5132 1246 5177 et
1280 5117 1537 5192 quoniam
1588 5117 1850 5180 Dominus
1890 5117 2219 5179 constitutus
2270 5122 2542 5176 serviebat
2594 5137 2690 5191 pro
2734 5117 2913 5176 salute
2958 5120 3245 5173 hominum
3293 5117 3478 5192 generi

236 5198 456 5262 nostro,
498 5199 777 5260 propterea
808 5190 1007 5262 dicitur
1032 5190 1259 5262 formam
1291 5186 1433 5247 servi
1467 5195 1805 5261 suscepisse,
1851 5203 1907 5251 et
1932 5193 2252 5262 humiliasse
2287 5207 2347 5247 se
2379 5207 2554 5262 usque
2585 5186 2650 5245 ad
2680 5202 2943 5256 mortem,
2975 5186 3399 5262 propterquod
3425 5194 3481 5240 et

236 5255 647 5339 Domintts'euin
676 5260 1121 5339 super-exaltarit.
1154 5261 1257 5339 Qui
1280 5262 1396 5339 vult
1422 5277 1552 5332 ergo
1581 5255 1807 5339 θέμιτετί
1827 5303 1845 5329 ,
1872 5334 1884 5339 _
1903 5264 2106 5339 Similia
2131 5260 2326 5339 iaciat,
2357 5272 2417 5315 ut
2444 5255 2713 5339 exaltetur
2743 5277 2838 5330 per
2866 5255 2937 5339 ea
2960 5255 2991 5312 ξ
3005 5255 3147 5313 sicut
3176 5257 3348 5310 Filius
3372 5255 3482 5339 lto:-

237 5330 538 5408 ministtqn
570 5330 716 5408 venit
750 5330 1081 5408 ministrari,
1103 5333 1210 5408 sed
1241 5330 1572 5408 ministrare.
1597 5331 1750 5408 _Nam
1785 5334 1887 5388 etsi
1933 5333 2109 5408 angeli
2160 5332 2611 5408 ministraverunt
2636 5332 2684 5386 ei
2716 5330 2946 5408 quando
2992 5347 3008 5380 ι
3040 5333 3390 5408 accesserunt
3427 5334 3481 5377 et

240 5398 624 5453 ministrabant
650 5401 699 5454 ei
732 5418 744 5454 :
776 5418 794 5452 ι
827 5400 927 5454 etsi
962 5398 1168 5453 Martha
1198 5401 1523 5455 ministravit
1562 5403 1648 5467 ei;
1705 5412 1883 5458 tamen
1917 5398 2035 5457 non'
2052 5403 2172 5457 ideo
2203 5401 2350 5456 venit
2378 5412 2435 5455 ut
2466 5398 2823 5466 ministretur,
2856 5399 2947 5456 sed
2986 5409 3044 5454 ut
3078 5398 3348 5453 ministret
3379 5408 3391 5445 :
3428 5402 3483 5447 ct

307 5530 352 5561 “
379 5532 499 5588 Col.
532 5547 605 5596 tv,
642 5536 691 5588 l.
767 5533 811 5567 “
843 5535 962 5590 Gal.
992 5551 1051 5601 ιι,
1086 5534 1139 5602 9,
1175 5535 1259 5588 10.
1335 5532 1382 5567 ⁸³
1404 5533 1579 5589 Eccle.
1615 5551 1709 5602 ιιι,
1737 5534 1805 5590 20

1904 5533 1948 5566 ⁸³
1969 5531 2126 5586 Prov.
2153 5546 2306 5599 xvut,
2332 5532 2419 5586 12.

308 5646 419 5716 (68)
453 5645 525 5718 Ὀ-
562 5646 629 5698 δὲ
678 5649 1006 5718 ἡγούμενος
1054 5649 1230 5717 (οὕτω
1275 5647 1343 5702 δὲ
1394 5649 1591 5718 οἶμαι,
1645 5651 1798 5712 etc.),

240 5715 407 5803 die-6
441 5715 561 5781 τοῖς
610 5715 1109 5803 ὐὶτηρεέοιίμένρις
1151 5715 1647 5803 διακονούμενος..
1678 5719 1804 5775 Htuc

244 5791 512 5860 postrema
548 5786 718 5860 ιιι-[ὺαὲ
747 5786 1142 5860 significatione
1170 5792 1341 5843 activa
1370 5786 1605 5860 gaudere
1637 5789 1803 5860 inter-

243 5855 368 5914 dum
404 5856 562 5913 docet
607 5852 857 5912 Budaeus.
893 5856 1076 5928 Igitur,
1120 5862 1147 5913 ὁ
1193 5863 1301 5926 τοῖς
1347 5852 1807 5933 ὑπηρετουμένοις

1906 5648 2340 5719 διακονούμενος,
2371 5647 2419 5700 id
2454 5656 2539 5719 est
2576 5668 2593 5696 ι
2645 5663 2835 5702 servus
2879 5661 3193 5719 servorum,
3233 5665 3252 5700 ι
3289 5663 3481 5719 quem-

1909 5715 2200 5843 admodum
2241 5719 2326 5789 pie
2353 5718 2612 5789 appellati
2640 5719 2833 5789 gaudet
2855 5718 2948 5789 qui
2977 5715 3230 5775 Ecclesia:
3264 5715 3479 5790 prteest.

1930 5806 2172 5845 'UETtUb.
