4032 6308
570 396 712 457 1505

2032 392 2354 451 ORIGENIS

3685 393 3825 449 £396

576 528 795 588 tequam
830 523 1158 581 conteratur,
1192 514 1464 572 exaltatur
1489 531 1586 573 cor
1620 516 1880 583 hominis,
1910 524 1965 571 ct
1994 525 2140 570 ante-

2244 514 2324 579 τίς
2354 514 2472 568 ἐστί
2517 532 2621 587 μου
2659 515 2920 587 πλησίον,
2964 534 2983 565 ι
3020 513 3166 567 Ἔδει
3211 512 3267 565 δέ
3306 511 3402 564 καὶ
3453 509 3565 564 ἀπὸ
3614 511 3820 566 Παύλου

574 624 736 679 quam
756 608 1107 677 gloritlcetur,
1138 605 1486 675 humiliatur;
1508 626 1527 659 ι
1549 622 1613 664 ac
1640 607 1988 663 devitandum
2015 606 2143 661 item

571 710 657 754 est
691 716 758 754 ne
784 698 837 759 in
866 713 986 753 eam
1016 698 1335 755 delabamur
1370 699 1695 755 sententiam
1717 739 1734 764 ,
1786 699 2146 764 cumdemuue

571 789 912 856 proferamus
943 803 1281 857 sermonem,
1308 805 1373 847 ac
1407 792 1500 863 qui
1532 792 1889 848 excusatione
1917 807 1976 848 se
2005 793 2145 851 tueri

569 880 758 936 volens
787 895 914 951 erga
950 878 1137 937 Jesum
1170 896 1199 935 a
1239 896 1350 951 quo
1380 890 1707 952 praeceptum
1743 883 1875 938 illud
1915 898 2142 953 accepe-

570 979 653 1025 rat
688 971 733 1002 ⁶⁸
764 986 779 1025 :
817 989 837 1022 ι
870 969 1069 1042 Diliges
1092 972 1398 1043 proximum
1434 980 1585 1028 tuum
1626 975 1770 1029 sicut
1808 976 2081 1045 teipsum;
2119 994 2138 1026 ι

571 1060 848 1115 Servatori
880 1062 1209 1131 respondere
1239 1079 1350 1118 non
1382 1063 1601 1119 erubuit
1629 1063 1678 1096 “
1710 1083 1723 1119 :
1766 1083 1786 1116 ι
1820 1063 1886 1119 Ει
1915 1066 2039 1136 quis
2062 1076 2146 1122 est

571 1166 725 1206 meus
758 1150 1074 1220 proximus?
1112 1171 1134 1207 ι
1158 1151 1213 1208 Id
1253 1155 1416 1210 etiam
1470 1171 1500 1210 a
1530 1154 1701 1211 Paulo
1746 1157 2003 1213 didicisse
2045 1174 2144 1229 par

568 1253 685 1297 erat
713 1260 726 1296 :
761 1261 780 1294 ι
814 1241 949 1297 Cum
989 1258 1274 1313 possemus
1300 1246 1456 1301 vobis
1482 1247 1633 1302 oneri
1670 1262 1811 1312 esse,
1841 1256 1901 1302 ut
1941 1247 2146 1303 Christi

569 1335 801 1403 apostoli
836 1351 855 1397 :_
883 1334 979 1391 sed
1019 1335 1147 1390 lacti
1178 1352 1369 1392 sumus
1402 1336 1551 1392 lcnes
1582 1337 1637 1392 in
1666 1338 1847 1392 medio
1874 1346 2138 1405 vestrum,

571 1435 830 1497 tanquam
861 1425 907 1481 si
937 1425 1123 1481 nutrix
1156 1424 1336 1481 foveat
1368 1425 1509 1481 ﬁlios
1535 1442 1666 1483 suos
1687 1427 1755 1483 °‘.
1788 1446 1807 1480 ›
1838 1426 1953 1484 Hoc
1979 1428 2143 1483 etiam

570 1514 773 1569 imitari
803 1514 1092 1585 oportebat
1122 1514 1165 1546 "
1200 1533 1213 1569 :
1251 1531 1270 1566 ι
1304 1514 1412 1570 Αυι
1434 1516 1677 1587 nunquid
1703 1528 1984 1586 peccatum
2012 1516 2141 1585 feci,

573 1604 844 1674 meipsum
875 1602 1195 1667 humilians,
1229 1610 1290 1657 ut
1316 1617 1412 1659 vos
1451 1605 1801 1660 exaltemini?
1834 1626 1855 1659 ι
1891 1605 2144 1662 Gentium

571 1707 702 1763 ergo
749 1692 1021 1763 principes
1068 1708 1169 1749 suo
1212 1694 1267 1749 in
1309 1710 1407 1751 eas
1435 1695 1661 1766 imperio
1696 1698 1953 1754 violenter
1984 1707 2143 1753 utan-

573 1794 694 1851 tur;
746 1783 999 1839 Ecclesite
1047 1796 1227 1840 autem
1274 1784 1546 1856 principes
1591 1787 1690 1857 ipsi
1738 1789 1976 1843 serviant
2026 1807 2040 1843 :
2090 1797 2145 1843 et

574 1875 813 1946 gentium
843 1874 1112 1945 primores
1145 1882 1470 1945 potestatem
1504 1876 1560 1931 in
1584 1892 1681 1933 eos
1713 1877 1955 1949 iniquam
1990 1889 2142 1936 tene-

574 1973 701 2028 ant;
756 1963 995 2018 ﬁdelium
1042 1973 1260 2029 autem,
1312 1963 1457 2020 dicto
1486 1965 1614 2022 huic
1642 1966 2016 2039 obtemperent
2043 1970 2087 2001 ⁵⁸
2124 1989 2137 2025 :

580 2067 599 2099 α
636 2048 836 2106 Discite
870 2065 899 2104 a
928 2068 1014 2107 me
1039 2053 1167 2123 quia
1194 2053 1343 2109 mitis
1374 2069 1495 2109 sum
1528 2062 1582 2110 et
1618 2055 1842 2113 humilis
1871 2059 2055 2123 corde,
2088 2066 2144 2113 et

575 2139 862 2198 invenietis
894 2142 1137 2213 requiem
1170 2143 1456 2199 animabus
1483 2146 1703 2202 vestris.
1738 2166 1758 2199 ›
1795 2148 2135 2206 Assentatio-

575 2229 737 2287 nibus
780 2240 1042 2302 praeterea
1072 2250 1180 2289 non
1210 2233 1560 2291 admittendis
1591 2238 1931 2303 erudiamur,
1967 2254 2144 2310 neque

572 2334 859 2397 propterea
902 2324 1048 2395 quod
1096 2324 1164 2380 de
1205 2325 1479 2395 aliquibus
1507 2327 1645 2382 bene
1683 2329 1863 2384 meriti
1893 2345 2014 2386 esse
2039 2331 2142 2388 visi

574 2414 765 2477 simus.
817 2416 1043 2471 beneﬁci
1068 2417 1328 2488 appellari
1365 2419 1720 2490 gaudeamus.
1788 2418 1914 2477 Haec
1960 2432 2140 2477 autem

575 2518 643 2558 eo
670 2520 779 2560 non
812 2505 1066 2573 dicimus,
1090 2522 1199 2578 quo
1224 2524 1327 2565 nos
1357 2508 1459 2578 ipsi
1487 2508 1797 2565 inconsulto
1828 2498 1847 2562 ι
1886 2511 2142 2568 humilie-

577 2609 701 2650 mus
739 2595 841 2650 sub
865 2598 1072 2665 potenti
1097 2613 1261 2653 manu
1290 2597 1385 2654 Dei
1416 2601 1484 2666 “,
1524 2619 1543 2652 ι
1576 2608 1630 2655 et
1646 2600 1800 2670 juxta
1829 2603 1998 2672 ipsius
2027 2619 2144 2661 ser—

575 2698 815 2749 monem,
866 2684 969 2740 sub
1007 2685 1378 2742 ecclesiastico
1431 2687 1764 2756 ministerio,
1818 2691 2145 2762 quandoque

573 2782 755 2828 autem
807 2776 963 2843 juxta
1012 2777 1260 2849 Apostoli
1309 2777 1531 2833 ell‘atum
1589 2780 1636 2813 τ’
1695 2799 1708 2833 :
1775 2800 1793 2833 ι
1850 2781 2147 2845 Peccantes

575 2863 735 2935 725
779 2879 962 2921 coram
1004 2868 1260 2925 omnibus
1302 2870 1566 2941 arguendi
1596 2881 1759 2937 sunt,
1791 2881 1851 2927 ut
1879 2881 1933 2928 et
1962 2876 2145 2931 caeteri

576 2956 823 3010 timorem
874 2958 1109 3014 habeant
1135 2977 1151 3015 :
1177 2977 1201 3014 ι
1240 2976 1638 3032 nonnunquam
1666 2963 1829 3018 etiam
1873 2974 2144 3035 potestate

575 3060 678 3101 sua
706 3046 782 3100 uti
813 3046 937 3104 licet
976 3049 1214 3119 aliquos,
1251 3069 1270 3105 ι
1304 3051 1568 3108 tradendo
1600 3051 1814 3108 Satanze
1859 3055 1913 3109 in
1955 3055 2144 3112 interi-

2247 607 2615 675 ἀνεγνωκέναι
2639 607 2701 660 τό
2721 623 2735 638 ο
2767 625 2785 660 ι
2827 605 3124 676 Δυνάμενοι
3150 606 3208 657 ἐν
3225 603 3380 673 βάρει
3409 599 3548 656 εἶναι
3580 603 3657 666 ὡς
3688 604 3818 675 Χρι-

2248 698 2373 752 στοῦ
2398 698 2705 761 ἀπόστολοι,
2736 697 3075 769 ἐγενήθημεν
3097 697 3248 767 ἤπιοι
3277 698 3336 748 ἐν
3366 695 3516 766 μέσῳ
3541 694 3718 765 ὑμῶν,
3749 695 3821 759 ὡς

2246 790 2340 844 ἐὰν
2361 791 2558 863 τροφὸς
2591 790 2770 862 θάλπῃ
2801 789 2871 843 τά
2896 789 3094 860 ἐαυτῆς
3120 787 3303 841 τέκνα.
3352 805 3373 837 ι
3416 786 3612 857 Ἐχρῆν
3658 789 3821 858 μιμή-

2247 881 2444 936 σασθαι
2472 881 2566 936 καί
2597 881 2686 934 τό·
2729 899 2747 932 ι
2783 883 2853 934 Ἦ
2887 878 3157 952 ἁμαρτίαν
3185 878 3436 948 ἐποίησα,
3463 875 3703 948 ἐμαυτὸν
3734 893 3818 929 τα-

2245 971 2465 1035 πεινῶν,
2516 971 2603 1027 ἴνα
2637 972 2795 1042 ὑμεῖς
2823 969 3103 1040 ὑψωθῆτε;
3146 986 3164 1020 ι
3195 968 3261 1020 οι
3285 965 3542 1035 ἄρχοντες
3585 959 3684 1017 οὖν
3717 964 3824 1018 τῶν

2248 1042 2346 1139 μὲν
2376 1063 2545 1116 ἐθνῶν
2578 1060 3126 1133 κατακυριευέτωσαν
3145 1055 3351 1109 αὐτῶν·
3370 1055 3467 1125 τῆς
3493 1054 3554 1107 δὲ
3593 1052 3822 1123 Ἐκκλη-

2246 1154 2368 1218 σίας
2395 1154 2793 1209 δουλευέτωσαν
2818 1151 2956 1222 αὐτῇ
2975 1167 2991 1180 ·
3043 1149 3178 1204 ἀλλά
3229 1148 3323 1203 καὶ
3367 1148 3417 1201 οί
3463 1146 3691 1217 μεγάλοι
3730 1145 3822 1215 μὲν

2243 1246 2354 1299 τῶν
2382 1246 2556 1300 ἐθνῶν
2587 1241 3152 1308 κατεξουσιαζέτωσαν
3174 1237 3383 1293 αὐτῶνθ
3401 1235 3508 1290 τῶν
3533 1235 3590 1288 δέ
3618 1235 3819 1288 πιστῶν

2244 1334 2587 1390 ἀκουέτωσαν
2615 1330 2709 1386 τοῦ
2730 1347 2745 1363 ο
2775 1351 2795 1382 ι
2833 1329 3050 1385 Μάθετε
3072 1327 3165 1382 ἀπ’
3187 1326 3347 1399 ἐμοῦ,
3364 1328 3445 1380 ὅτι
3476 1326 3659 1398 πραΰς
3687 1326 3819 1395 είμι,

2246 1425 2341 1480 καὶ
2362 1424 2613 1487 ταπεινὸς
2639 1425 2707 1494 τῇ
2737 1421 2954 1494 καρδίᾳ,
2977 1421 3069 1473 καλ⁵
3088 1420 3351 1491 εὑρήσετε
3379 1418 3689 1471 ἀνάπαυσιν
3706 1420 3820 1479 ταῖς

2244 1515 2442 1587 ψυχαῖς
2457 1511 3071 1585 ὐμῶνδΠαιδευώμεθα
3102 1512 3160 1565 δέ
3192 1510 3287 1565 καὶ
3308 1509 3445 1580 πρὸς
3478 1509 3541 1562 τὸ
3581 1508 3657 1579 μὴ
3686 1509 3820 1562 ἀπο-

2244 1606 2496 1677 δέχεσθαι
2542 1605 2827 1669 κολακείας
2847 1642 2863 1668 ,
2901 1603 3037 1675 μηδὲ
3076 1601 3247 1675 ἡδέως
3278 1600 3561 1655 καλεῖσθαι
3586 1600 3692 1654 ὑπὸ
3714 1598 3823 1653 τῶν

2247 1698 2567 1771 ἀνθρώπων,
2594 1697 2679 1767 ἐφ’
2709 1690 2790 1760 οἷς
2818 1695 2888 1751 ἂν
2917 1693 3156 1766 δόξωμεν
3176 1689 3235 1748 εὖ
3257 1709 3411 1759 τινας
3445 1690 3823 1762 πεποιηκέναι,

2248 1790 2552 1861 εὐεργέται.
2589 1790 2663 1843 Οὐ
2692 1788 2867 1842 ταῦτα
2894 1787 2953 1840 δέ
2974 1803 3156 1859 φαμεν
3190 1783 3638 1855 ἀνεπιστημόνως
3680 1802 3699 1834 ι
3729 1798 3823 1835 τα-

2248 1881 2462 1936 πεινοῦν
2489 1901 2507 1934 ι
2541 1880 2763 1943 ἑαυτοὺς
2792 1877 3036 1941 θέλοντες
3056 1897 3074 1928 ι
3113 1876 3219 1929 ὑπὸ
3244 1876 3341 1948 τὴν
3382 1874 3655 1946 κραταιὰν
3670 1874 3825 1944 χεῖρα

2240 1971 2337 2025 τοῦ
2376 1970 2533 2036 Θεοῦ,
2570 1990 2589 2022 ι
2640 1970 2735 2024 καὶ
2767 1969 2909 2023 κατά
2935 1968 3029 2022 τὸν
3054 1967 3209 2037 λόγον
3244 1966 3431 2031 αὑτοῦ,
3464 1966 3571 2019 ὑπὸ
3602 1965 3704 2036 τὴν
3729 1965 3821 2018 ἐκ·

2242 2062 2629 2134 κλησιαστικὴν
2672 2061 2983 2116 διακονίανο
3027 2060 3144 2113 ἐστι
3173 2058 3219 2112 δ’
3257 2060 3346 2112 ὅτε
3375 2057 3512 2129 χρὴ,
3542 2057 3685 2111 κατά
3724 2057 3825 2128 τὴν

2242 2154 2601 2225 ἀποστολικὴν
2641 2152 2856 2224 φωνὴν,
2905 2171 2924 2203 ι
2961 2151 3088 2214 τοὺς
3133 2148 3547 2221 ἁμαρτάνοντας
3595 2146 3824 2201 ἐνώπιον

2244 2247 2460 2303 πάντων
2483 2245 2745 2316 ἐλέγχειν,
2775 2245 2864 2298 ἵνα
2892 2244 2989 2298 καὶ
3017 2244 3065 2296 οἱ
3099 2239 3477 2310 λοιποίοφὸϐον
3527 2238 3725 2309 ἔχωσιν
3743 2255 3759 2268 ·
3796 2258 3815 2289 ι

2243 2338 2357 2392 ἐστι
2384 2338 2429 2392 δ’
2458 2340 2545 2392 ὅτε
2570 2338 2668 2402 δεῖ,
2696 2337 3043 2409 χρησάμενον
3070 2337 3138 2406 τῇ
3169 2333 3407 2403 ἐξουσίᾳ,
3439 2351 3459 2385 ι
3490 2329 3823 2402 παραδοῦναί

2240 2447 2364 2485 τινα
2375 2429 2454 2501 τῷ
2471 2430 2684 2500 Σατανᾷ
2704 2430 2784 2492 είς
2803 2427 3021 2499 ὄλεθρον
3042 2426 3141 2498 τῆς
3164 2424 3383 2497 σαρκὸς,
3405 2425 3496 2478 ἵνα
3512 2423 3576 2477 τὺ
3605 2421 3823 2494 πνεῦμα

2244 2518 2393 2589 σωθῇ
2416 2519 2474 2571 ἐν
2499 2520 2564 2589 τῇ
2585 2516 2769 2588 ἡμέρα
2796 2514 2890 2569 τοῦ
2922 2514 3160 2585 Κυρίουο
3198 2531 3219 2566 ι
3268 2512 3509 2576 σπανίως
3545 2511 3603 2565 δὲ
3635 2511 3820 2565 τὸτοι-

2246 2610 2375 2665 οῦτο
2419 2607 2704 2679 ποιητέονο
2742 2625 2760 2658 ι
2801 2604 3147 2674 νουθετητέον
3178 2601 3324 2675 »γὰρ
3353 2621 3372 2654 ι
3397 2604 3524 2667 τοὺς
3556 2601 3820 2664 ἀτάκτους

2244 2701 2336 2757 καὶ
2365 2697 2790 2772 παραμυθητέον
2818 2696 2944 2760 τοὺς
2972 2695 3323 2765 ὀλιγοψύχους
3343 2734 3361 2759 ,
3407 2696 3502 2751 καὶ
3534 2692 3820 2748 ἀνθεκτέον

2242 2789 2351 2844 τῶν
2384 2786 2647 2850 ἀσθενῶν,
2683 2786 2777 2839 καὶ
2813 2784 2950 2857 πρὸς
2984 2783 3196 2847 πάντας
3242 2783 3301 2837 δὲ
3353 2783 3819 2856 μακροθυμητέον,

2244 2881 2339 2937 καὶ
2365 2880 2538 2934 οὐδενὶ
2566 2878 2733 2933 κακὸν
2756 2877 2881 2932 ἀντὶ
2907 2875 3077 2930 κακοῦ
3101 2875 3410 2929 ἀποδοτέον.
3434 2893 3457 2928 ι
3492 2877 3604 2929 Καὶ
3635 2878 3697 2930 οὐ
3717 2877 3825 2948 χρὴ

2244 2968 2494 3042 ἡγεῖσθαι
2526 2966 2720 3039 ἐχθρὸν
2750 2959 2890 3019 εῖναι
2918 2964 3011 3019 τὸν
3046 2964 3460 3036 ἁμαρτάνοντα,
3501 2964 3617 3018 an?
3659 2966 3820 3019 ἀκου-

2247 3060 2397 3114 στέον
2442 3058 2537 3113 τοῦ
2607 3055 2930 3111 Ἀποστόλου
2975 3055 3226 3125 λέγοντος
3245 3072 3259 3085 ·
3297 3073 3317 3109 ι
3362 3055 3459 3128 Μὴ
3502 3057 3577 3120 ὡς
3626 3056 3826 3129 ἐχθρὸν

575 3145 693 3191 tum
719 3138 924 3204 carnis,
951 3151 1011 3195 ut
1034 3140 1260 3211 spiritus
1284 3144 1468 3202 salvus
1492 3149 1562 3201 sit
1586 3146 1639 3201 in
1668 3147 1757 3203 die
1775 3145 1990 3203 Domini
2011 3150 2089 3218 τις
2119 3170 2138 3204 ι

2246 3149 2486 3222 ἡγεῖσθε,
2519 3147 2656 3202 ἀλλά
2691 3146 2989 3202 νουθετεῖτε
3035 3148 3111 3212 ὡς
3164 3145 3408 3216 ἀδελφόν.
3458 3166 3478 3200 ι
3514 3148 3623 3201 Καὶ
3645 3146 3820 3202 ταῦτα

576 3236 633 3283 at
666 3227 720 3282 id
749 3244 874 3284 raro
906 3228 1215 3287 faciendum
1240 3243 1357 3303 est,
1390 3236 1485 3292 sed
1523 3256 1541 3289 ι
1575 3239 1849 3308 corripere
1877 3259 1897 3292 ι
1931 3251 2142 3311 oportet

2244 3241 2423 3295 πάντα
2457 3256 2547 3310 μοι
2564 3238 2808 3294 λέλεκται
2835 3238 3143 3310 βουλομένῳ
3173 3239 3315 3294 κατά
3340 3240 3431 3293 τὸν
3454 3239 3613 3308 λόγον
3642 3256 3824 3313 παρα-

579 3335 602 3370 σ
643 3318 939 3390 inquietos,
975 3324 1247 3381 consolari
1294 3328 1694 3398 pusillanimes,
1748 3332 2028 3402 suscipere
2058 3334 2142 3388 in-

2247 3332 2463 3403 στῆσαι,
2495 3331 2578 3385 ὅτι
2606 3332 2666 3385 οὐ
2695 3331 2959 3402 μιμητέον
2979 3330 3058 3402 τῷ
3087 3331 3309 3403 ἄρχοντι
3350 3331 3451 3403 τῆς
3501 3331 3825 3402 Ἐκκλησίας

580 3411 799 3476 ﬁrmos,
856 3421 910 3467 et
941 3413 1206 3485 patientes
1249 3432 1371 3474 esse
1416 3435 1543 3490 erga
1585 3435 1777 3476 omnes
1802 3463 1818 3488 ,
1859 3432 1915 3477 et
1945 3424 2142 3481 nemini

2250 3425 2338 3480 τὸν
2360 3425 2595 3496 ἄρχοντα
2624 3422 2731 3478 τῶν
2755 3421 2946 3487 ἐθνῶν,
2984 3422 3106 3476 οὐδὲ
3135 3420 3403 3493 ζηλωτέον
3423 3423 3551 3486 τοὺς
3587 3437 3823 3477 κατακυ-

575 3502 782 3557 malum
831 3520 929 3573 pro
970 3507 1114 3561 malo
1161 3508 1387 3565 reddere
1412 3511 1459 3542 ⁷³
1507 3529 1521 3565 :
1581 3531 1600 3564 ι
1652 3527 1829 3583 neque
1875 3528 2006 3568 vero
2054 3515 2142 3586 qui

2253 3515 2548 3593 ριεύοντας,
2576 3514 2670 3569 καὶ
2693 3511 3230 3580 κατεξουσιάζοντας,
3265 3514 3361 3568 καὶ
3392 3512 3664 3584 βασιλεῖς
3710 3514 3825 3568 ἀλλ’

573 3601 763 3662 peccat
800 3594 1009 3652 inimici
1060 3597 1183 3654 loco
1232 3600 1517 3657 habendus
1555 3612 1675 3668 est,
1720 3605 1816 3659 sed
1845 3606 2142 3662 audiendus

2244 3616 2349 3681 ὅση
2400 3607 2629 3679 δύναμις
2660 3606 2753 3661 καὶ
2799 3607 2858 3660 ἐν
2905 3605 3115 3670 τούτοις
3141 3606 3394 3677 ,Χριστὸν
3424 3605 3692 3677 μιμητέον
3736 3607 3828 3660 τὸν

573 3685 862 3754 Apostolus
905 3689 1001 3759 qui
1029 3690 1105 3746 ait
1126 3692 1211 3746 7':
1248 3710 1267 3743 ι
1305 3691 1483 3749 Nolite
1511 3695 1668 3765 quasi
1708 3696 1990 3752 inimicum
2023 3699 2142 3753 exi-

2251 3699 2747 3762 εύεντευκτότατον,
2765 3696 2857 3750 καί
2880 3696 3124 3764 γυναιξὶν
3142 3695 3454 3767 ὁμιλοῦντα,
3473 3695 3570 3750 καὶ
3594 3695 3835 3762 παιδίοις

573 3776 832 3845 stimare,
885 3782 980 3838 sed
1029 3784 1290 3855 corripite
1331 3795 1392 3840 ut
1438 3786 1685 3842 fratrem.
1723 3806 1744 3840 ι
1801 3786 1926 3844 Haec
1965 3799 2142 3845 autem

2251 3787 2564 3842 ἐπιτιθέντα
2586 3789 2796 3858 χεῖρας.
2829 3787 2893 3841 El
2919 3788 3014 3841 καὶ
3058 3788 3279 3858 μείζονα
3306 3788 3350 3841 δ’
3379 3788 3492 3858 ἔχει
3527 3788 3686 3857 λόγον
3733 3791 3828 3842 τὸν

574 3871 759 3926 omnia
805 3882 1095 3943 propterea
1125 3890 1157 3931 a
1181 3891 1268 3932 me
1300 3878 1444 3934 dicta
1481 3888 1644 3946 sunt,
1689 3880 1834 3949 quod
1863 3880 2023 3951 juxta
2052 3880 2142 3936 Dei

2263 3879 2471 3951 Ἰησοῦν
2496 3878 2815 3950 βεϐληκέναι
2840 3877 2985 3951 ὕδωρ
3009 3880 3090 3943 είς
3110 3881 3365 3954 νιπτῆρα,
3394 3880 3637 3945 καὶτοὺς
3659 3879 3826 3945 πόδας

575 3977 881 4041 sermonem
930 3969 1108 4037 palam
1158 3968 1338 4028 facere
1381 3972 1573 4029 vellem
1617 3973 1850 4043 principi
1892 3973 2142 4029 Ecclesiae

2249 3971 2357 4027 τῶν
2379 3970 2637 4042 μαθητῶν
2651 3970 3071 4041 κεκαθαρκέναι,
3095 3971 3245 4025 οὐδὲν
3264 3967 3424 4043 ἦττον
3448 3971 3542 4026 καὶ
3569 3970 3714 4027 κατά
3726 3971 3835 4042 rip

576 4052 901 4111 imitandum
950 4072 1060 4112 non
1083 4075 1205 4116 esse
1250 4061 1551 4133 principem
1600 4063 1877 4133 gentium,
1924 4078 2027 4119 nec
2050 4078 2142 4121 eos

2247 4063 2392 4131 λέξιν
2414 4063 2704 4118 ἀκουστέον
2736 4062 2901 4117 αὑτοῦ
2935 4065 3064 4135 περὶ
3076 4063 3279 4118 τούτων
3292 4064 3538 4132 λέγοντος
3555 4080 3570 4093 °
3595 4083 3614 4115 ι
3637 4064 3829 4135 Ὑμεῖς

572 4146 911 4204 aemulandos
940 4150 1033 4220 qui
1063 4150 1352 4222 imperium
1377 4193 1392 4217 ,
1439 4163 1829 4224 potestatemve
1855 4170 2013 4211 suam
2038 4156 2142 4210 im-

2246 4153 2471 4223 φωνεῖτέ
2506 4171 2595 4226 με,
2622 4156 2652 4207 ὁ
2677 4153 3011 4219 διδάσκαλος,
3044 4153 3140 4208 καί¹
3168 4156 3197 4207 ὁ
3223 4153 3426 4225 Κύριος
3444 4192 3461 4217 ,
3509 4154 3603 4208 καὶ
3642 4154 3825 4217 καλῶς

573 4246 826 4307 potenter
871 4250 1160 4308 exercent,
1210 4243 1413 4315 quique
1453 4245 1603 4315 regia
1649 4245 1910 4318 dignitate
1939 4245 2142 4317 praediti

2247 4245 2432 4313 λέγετε
2450 4262 2464 4276 ·
2496 4246 2612 4316 εἰμὶ
2641 4244 2768 4317 γὰρ,
2804 4263 2822 4297 ι
2859 4248 2952 4301 καὶ
2973 4245 3043 4300 τά
3074 4244 3198 4315 ἑξῆς
3216 4262 3229 4275 ·
3259 4245 3348 4299 διὰ
3365 4245 3571 4301 τούτων
3611 4245 3722 4317 γὰρ
3744 4245 3824 4300 δι-

574 4334 705 4381 sunt
736 4346 750 4381 :
783 4329 878 4384 sed
908 4326 1162 4388 Christus
1196 4334 1378 4403 potius
1427 4333 1482 4388 in
1523 4334 1792 4405 ejusmodi
1841 4334 2009 4391 rebus
2047 4350 2142 4405 pro

2246 4335 2435 4389 δάσκει
2485 4333 2727 4406 μιμητὰς
2752 4333 2918 4388 αὐτοῦ
2960 4334 3060 4404 τῆς
3109 4335 3400 4405 ἐπαινετῆς
3438 4336 3824 4406 ταπεινότητος

574 4416 715 4472 virili
749 4418 1052 4479 imitandus
1093 4431 1196 4490 est,
1229 4424 1295 4480 ad
1321 4439 1483 4495 quem
1517 4425 1759 4481 facillimi
1787 4437 1917 4482 sunt
1943 4426 2142 4492 aditus,

2248 4426 2493 4496 γίνεσθαι
2526 4426 2651 4490 τοὺς
2682 4424 2946 4496 μαθητάς.
2978 4424 3130 4496 Τάχα
3155 4425 3213 4478 δὲ
3241 4425 3336 4479 καὶ
3363 4422 3485 4479 ἐπεὶ
3513 4424 3715 4497 Κύριος
3744 4423 3820 4477 ῶν

572 4506 669 4577 qui
718 4524 842 4564 cum
872 4509 1197 4568 mulieribus
1230 4520 1584 4568 conversatur
1604 4553 1619 4578 ,
1650 4524 1705 4570 et
1728 4514 1911 4584 pueris
1951 4529 2142 4571 manus

2250 4521 2561 4576 ἐδούλευσεν
2589 4520 2729 4590 ὑπὲρ
2750 4516 3049 4589 ἀνθρώπων
3079 4516 3353 4588 σωτηρίας
3368 4514 3448 4585 τῷ
3472 4514 3617 4583 γένει
3641 4513 3818 4585 ἡμῶν,

574 4598 806 4668 imponit
838 4618 851 4655 :
887 4598 1074 4657 Jesum
1107 4616 1237 4657 vero
1262 4603 1317 4657 in
1349 4602 1553 4673 pelvim
1581 4620 1779 4675 aquam
1815 4603 2142 4675 profudisse,

2249 4608 2390 4663 κατά
2417 4608 2576 4662 τοῦτο
2605 4607 2820 4677 λέγεται
2850 4607 3062 4679 μορφὴν
3087 4605 3274 4660 δούλου
3311 4603 3677 4674 ἀνειληφέναι,
3728 4603 3820 4656 καὶ

572 4699 626 4745 et
655 4690 1048 4762 discipulorum
1096 4693 1259 4764 pedes
1304 4696 1525 4752 tersisse
1544 4736 1571 4763 ,,
1601 4696 1849 4765 quamvis
1887 4696 2142 4766 majorem

2248 4699 2701 4754 τεταπεινωκέναι
2723 4696 2914 4751 ἐαυτὸν
2947 4697 3223 4767 γινόμενον
3259 4696 3498 4765 ὑπήκοον
3526 4693 3689 4766 μέχρι
3723 4691 3820 4746 θα-

574 4794 800 4838 sensum
856 4786 1152 4855 contineat,
1207 4786 1569 4843 nihilominus
1620 4797 1800 4842 tamen
1848 4788 1914 4842 de
1959 4787 2026 4842 iis
2067 4787 2142 4843 sic

2248 4789 2407 4843 νάτου
2426 4806 2439 4820 ·
2474 4788 2569 4844 καὶ
2597 4788 2754 4860 εἴπερ
2768 4788 2857 4841 διὰ
2880 4786 3035 4841 τοῦτο
3057 4789 3086 4840 ὀ
3112 4785 3244 4850 Θεὸς
3261 4785 3421 4839 αὐτὸν
3446 4784 3818 4867 ύπερύψωσεν,

575 4869 696 4939 ipse
721 4872 951 4942 loquens
980 4875 1035 4929 in
1069 4890 1229 4932 sacro
1256 4884 1513 4933 contextu
1553 4876 1922 4933 audiendus“
1954 4894 1969 4931 :
2005 4876 2142 4933 cVos

2250 4880 2279 4933 ὁ
2313 4879 2634 4952 βουλόμενος
2664 4879 2929 4949 ὑψοῦσθαι
2951 4878 3020 4933 τὰ
3045 4878 3401 4950 παραπλήσια
3433 4877 3713 4947 ποιησάτω
3743 4875 3820 4946 τῷ

575 4963 786 5017 vocatis
815 4979 933 5031 me,
964 4966 1252 5038 Magister,
1288 4977 1341 5024 et
1368 4967 1625 5036 Domine,
1655 4976 1710 5023 et
1749 4969 1886 5025 bene
1913 4968 2093 5025 dicitis
2126 4986 2142 5024 :

2249 4970 2337 5025 διὰ
2363 4970 2493 5025 τάδε
2521 4972 2643 5025 τινὰ
2671 4970 3109 5043 ύπερυψοῦσθαι·
3147 4970 3242 5025 καὶ
3281 4969 3391 5042 γὰρ
3441 4958 3568 5033 Tib;
3598 4966 3691 5022 τοῦ
3726 4968 3819 5022 ἀν-

574 5068 700 5109 sum
731 5054 955 5121 etenim,
987 5075 1008 5109 ι
1040 5066 1094 5113 et
1125 5066 1357 5128 caetera;
1388 5060 1455 5115 ad
1488 5059 1811 5117 laudabilem
1848 5059 1993 5115 enim
2023 5076 2142 5116 mo-

2252 5062 2470 5135 θρώπου
2492 5064 2541 5117 εἰ
2566 5063 2660 5117 καί
2685 5062 2995 5135 διηκονήθη,
3014 5063 3177 5134 ἡνίκα
3212 5081 3230 5115 ι
3250 5061 3474 5132 ἄγγελοι
3495 5058 3816 5134 προσῆλθον,

1788 5196 2019 5254 VETUS
2061 5196 2646 5255 lNTERPRETATlO.

573 5346 788 5417 tantum
820 5335 993 5417 crevit
1032 5336 1352 5417 ministrans
1371 5378 1386 5405 ,
1411 5347 1472 5417 ut
1504 5339 1743 5395 animam
1770 5341 2112 5417 suam_dar_e_t
2138 5342 2704 5417 redemptionempro
2735 5339 3044 5417 multis“qu
3070 5337 3418 5417 crediderunt
3443 5334 3501 5391 in
3528 5349 3679 5417 eum.
3717 5334 3811 5417 Cui

573 5410 724 5488 dedit
751 5408 1185 5488 a_nim_am_suam
1207 5409 1632 5488 redemptionem
1667 5424 1765 5479 pro
1793 5412 2016 5488 multis?
2048 5411 2159 5488 Nec
2192 5406 2346 5488 enini
2372 5406 2623 5488 convenit
2654 5414 2835 5488 dicere
2852 5451 2886 5488 ,_
2912 5406 3064 5488 Deo._
3092 5406 3169 5463 Ne
3209 5406 3802 5488 _forte_e_rgo_maligno.?

577 5478 669 5534 llle
699 5479 846 5559 enim
874 5477 1264 5559 dominabatur
1294 5478 1347 5559 in
1378 5476 1556 5559 nobis,
1593 5476 1766 5559 donec
1796 5481 2023 5559 daretur
2047 5483 2107 5559 ei_
2128 5484 2285 5559 nobis
2316 5483 2837 5559 redemptioauima
2858 5479 3260 5559 Jesu,.decepto
3285 5476 3537 5559 videlicet
3554 5484 3609 5529 et
3631 5476 3814 5559 existi-

576 5550 747 5604 manti
780 5548 940 5619 quasi
966 5548 1142 5620 possit
1176 5548 1448 5605 dominari
1490 5549 1644 5619 ejus,
1690 5557 1879 5605 etnon
1908 5550 2111 5605 videnti
2150 5554 2279 5622 quia
2310 5570 2421 5610 non
2466 5546 2666 5624 poterit
2700 5550 2973 5607 sustinere
3021 5548 3076 5603 in
3109 5546 3343 5603 tenendo
3371 5560 3493 5601 eam
3524 5553 3806 5600 tormenta.

648 5706 695 5738 “
726 5705 859 5764 Luc.
884 5724 940 5774 ι,
964 5708 1055 5763 ‘27.
1153 5708 1201 5748 ⁸⁸
1233 5705 1365 5762 ibid.
1388 5706 1483 5761 29.
1580 5708 1626 5740 ‘°
1658 5706 1685 5761 ι
1706 5706 1900 5762 Thess.
1927 5721 1989 5773 ιι,
2031 5706 2080 5759 7.

2264 5707 2307 5762 il
2336 5707 2465 5763 Cor.
2527 5723 2603 5771 att,
2630 5706 2682 5760 7.
2782 5706 2827 5738 “
2854 5704 3149 5774 Mutum)",
3180 5701 3273 5758 29.
3382 5698 3468 5774 «ξι
3497 5698 3639 5756 Petr.
3673 5715 3724 5767 v,
3756 5698 3809 5756 6.

581 5774 667 5828 "l
697 5774 837 5829 Tim.
867 5771 1036 5846 v,'20.
1111 5780 1154 5811 '“
1179 5776 1199 5832 l
1228 5777 1357 5834 Cor.
1400 5790 1456 5844 ν,
1481 5775 1535 5831 5.
1609 5779 1701 5832 ⁷³1
1734 5777 1926 5832 Thess.
1958 5771 2011 5846 v,
2037 5776 2123 5844 Η,
2164 5778 2247 5834 l5.
2323 5779 2370 5812 ⁷³
2395 5780 2439 5833 ll
2466 5777 2658 5834 .‘l‘hess.
2694 5791 2776 5841 tu,
2810 5775 2892 5831 l5.
2968 5774 3021 5806 ⁷⁸
3041 5772 3199 5829 Joan;
3234 5784 3356 5837 aut,
3382 5771 3465 5824 l3.
