4032 6308
557 350 693 408 i399

1989 332 2315 401 ORIGENIS

3649 362 3764 424 ιιοο

552 468 720 523 tionis
753 490 764 525 :
800 468 893 525 sed
941 467 1181 539 pretioso
1224 466 1524 539 sanguine;
1565 488 1583 531 ι
1634 470 1712 525 ait
1739 485 1869 526 vero
1896 468 2119 540 Aposto-

2231 471 2438 545 λείψεις
2484 476 2581 549 τὴν
2621 476 2796 553 ψυχήν
2843 496 2952 548 μου
2987 481 3067 545 εἰς
3137 481 3294 552 ᾅδην,
3343 502 3367 533 »ν
3404 480 3674 553 Γενόμενκ
3718 487 3764 539 δὲ

553 555 642 612 lus
665 557 713 589 "
759 574 773 611 :
817 574 837 607 ι
870 556 1050 610 Pretio
1082 556 1248 626 empti
1282 558 1415 613 estis
1436 598 1452 625 ,
1498 557 1666 614 nolite
1695 559 1813 615 ﬁeri
1844 559 1985 615 servi
2021 559 2121 613 ho-

553 647 761 701 minum
799 664 813 701 :
847 664 865 698 ι
904 647 1141 715 pretioso
1187 661 1318 718 ergo
1344 645 1472 703 Jesu
1517 651 1786 720 sanguine
1833 652 1998 721 empti
2027 667 2122 706 su-

552 750 704 800 mus;
747 734 926 788 anima
971 749 1099 789 vero
1147 734 1241 791 Dei
1290 735 1415 790 Filii
1466 737 1859 808 redemptionis
1885 739 2119 808 pretium

550 840 651 896 pro,
675 825 832 879 nobis
857 825 980 879 data
1015 837 1100 881 est
1119 867 1134 891 ,
1178 841 1287 882 non
1314 835 1498 882 autem
1526 829 1754 899 spiritus
1779 830 1930 900 ejus,
1964 839 2122 886 antea

546 914 693 968 enim
737 913 883 969 Patri
925 930 1051 970 eum
1099 916 1396 972 tradiderat
1416 918 1605 975 dicens
1627 919 1674 951 ⁸³
1724 937 1738 974 :
1778 938 1797 971 ι
1839 918 2032 983 Pater,
2067 921 2119 974 in

546 1020 744 1060 manus
768 1015 887 1061 tuas
916 1007 1242 1062 commendo
1290 1008 1544 1077 spiritum
1576 1024 1759 1065 meum
1797 1026 1814 1067 :
1844 1030 1862 1063 ι
1898 1011 1992 1066 sed
2026 1025 2121 1063 ne-

546 1111 652 1165 que
681 1111 914 1165 corpus,
969 1096 1103 1150 nihil
1149 1097 1294 1150 enim
1344 1097 1615 1166 ejusmodi
1663 1100 1730 1154 de
1778 1099 1872 1153 illo
1904 1100 2122 1169 scriptis

546 1178 803 1241 traditum
869 1187 1256 1256 comperimus.
1334 1186 1402 1243 Et
1461 1190 1720 1259 quoniam
1787 1205 1884 1260 pro
1935 1191 2122 1246 multis

545 1277 726 1331 anima
773 1277 947 1347 ipsius
1001 1277 1392 1348 redemptionis
1445 1280 1678 1350 pretium
1708 1280 1839 1334 data
1870 1288 1974 1347 est,
2022 1296 2121 1335 nec

545 1369 690 1439 apud
739 1385 862 1424 eum
914 1370 1197 1436 remansit,
1229 1371 1315 1425 cui
1344 1371 1732 1441 redemptionis
1756 1372 1989 1441 pretium
2022 1387 2121 1441 pro

544 1460 734 1515 multis
762 1460 888 1514 data
921 1459 1342 1526 fuerat,idcirco
1371 1460 1425 1515 in
1448 1462 1659 1517 decimo
1686 1462 1878 1532 quinto
1908 1463 2120 1533 psalmo

541 1557 620 1611 ait
651 1556 742 1611 διε
791 1575 809 1606 ι
844 1554 963 1609 Νοιι
1007 1555 1355 1627 derelinques
1405 1557 1645 1611 animam
1697 1573 1873 1612 meam
1926 1558 1979 1612 in
2032 1560 2106 1613 in.

2229 564 2378 630 ἅπαξ
2406 566 2552 621 κατὰ
2579 568 2671 620 τὸν
2715 571 2878 624 τόπον
2897 609 2914 633 ,
2963 571 3334 643 ύπομνήσαιμ’
3389 571 3454 625 ἂν
3500 572 3616 636 τοὺς
3658 591 3765 642 φαν-

2227 658 2394 728 τασίᾳ
2417 656 2722 727 δοξολογίας
2746 659 2846 731 τῆς
2884 662 3011 732 περὶ
3052 661 3145 714 τοῦ
3196 662 3438 735 Χριστοῦ
3474 665 3765 734 συγχέαντας

2227 746 2296 799 τὰ
2322 747 2563 819 περὶτοῦ
2590 749 2943 820 Πρωτοτόκου
2964 752 3073 822 (75)
3093 752 3277 823 πάσης
3294 754 3516 817 κτίσεως
3543 758 3643 819 τοῖς
3661 758 3764 831 περὶ

2226 835 2405 906 ψυχῆς
2442 836 2536 889 καὶ
2563 836 2657 890 τοῦ
2678 837 2927 909 σώματος
2958 841 3155 911 Ἰησοῦ,
3172 841 3384 913 τάχαδὲ
3415 844 3506 895 καὶ
3529 843 3615 896 τοῦ
3628 846 3762 900 πνεύ-

2231 944 2398 997 ματος
2428 927 2613 992 αὑτοῦ,
2644 930 2740 982 καὶ
2781 930 2839 983 ἐν
2879 931 3054 1002 πάντη
3083 931 3379 986 ἀσύνθετον
3409 935 3668 1005 οἰομένους
3701 932 3763 990 εἴ·

2228 1035 2315 1071 ναι
2343 1018 2403 1071 τὺ
2435 1017 2597 1088 όφθέν
2630 1020 2721 1073 καὶ
2751 1020 3095 1091 ἐπιδημῆσαν
3132 1020 3210 1092 τῷ
3243 1021 3364 1093 βίῳ,
3410 1024 3493 1075 ὅτι
3530 1023 3598 1094 μὴ
3624 1024 3763 1093 ὑγιῶς

2226 1108 2472 1177 λέγουσι·
2508 1108 2805 1179 πυθώμεθα
2844 1109 2953 1181 γὰρ
2998 1109 3178 1163 αὐτῶν
3224 1113 3273 1164 εἰ
3315 1112 3348 1181 ἡ
3390 1111 3595 1185 θειότης
3637 1131 3655 1164 ι
3681 1114 3761 1185 τῆς

2226 1200 2433 1264 εἰκόνος
2465 1200 2559 1253 τοῦ
2602 1199 2738 1253 Θεοῦ
2766 1201 2859 1253 τοῦ
2884 1201 3140 1272 ἀοράτου,
3178 1220 3197 1251 ι
3219 1202 3316 1255 καὶ
3352 1203 3386 1273 ὴ
3426 1203 3647 1275 ὑπεροχὴ
3684 1204 3759 1258 τοῦ

2231 1308 2250 1340 ι
2278 1290 2635 1362 Πρωτοτόκου
2655 1291 2833 1362 πάσης
2849 1290 3096 1355 κτίσεως,
3112 1311 3129 1342 ι
3150 1294 3200 1345 εἰ
3221 1293 3447 1356 ἐκεῖνος,
3468 1311 3485 1344 ι
3508 1294 3562 1347 ἐν
3585 1288 3625 1362 ᾧ
3641 1294 3757 1348 ἔκτι-

2228 1399 2350 1437 σται
2376 1383 2444 1435 τὰ
2479 1381 2655 1436 πάντα
2688 1381 2758 1435 τὰ
2798 1384 2855 1435 ἐν
2888 1383 3001 1446 τοῖς
3045 1384 3299 1453 οὐρανοῖς
3344 1385 3439 1438 καὶ
3478 1387 3543 1440 τὰ
3573 1388 3651 1440 ἐπὶ
3679 1387 3758 1457 τῆς

2225 1473 2355 1544 γῆς,
2384 1474 2496 1527 εἴτε
2526 1473 2717 1546 δρατὰ,
2754 1474 2863 1529 εἴτε
2900 1473 3130 1546 ἀόρατα,
3166 1458 3287 1527 ἐἴτε
3330 1474 3525 1548 θρόνοι,
3565 1477 3661 1531 εἴτε
3683 1495 3757 1531 κυ-

2229 1564 2496 1635 ριότητες,
2536 1566 2645 1619 εἴτε
2685 1564 2872 1638 ἀρχαὶ,
2901 1566 3015 1619 εῐτε
3052 1565 3319 1633 ἐξουσίαι,
3361 1586 3379 1618 ι
3413 1566 3594 1639 λύτρον
3632 1568 3758 1641 ἐδόθη

544 1649 718 1703 1ἐιίιο.
754 1666 773 1698 ι
818 1645 1017 1701 Verum
1062 1647 1285 1717 quando
1314 1646 1382 1701 ad
1415 1647 1561 1703 hunc
1585 1647 1765 1703 locum
1798 1649 1967 1704 semel
1999 1666 2119 1720 per-

543 1739 690 1803 veni,
723 1752 978 1807 perversa
1009 1753 1072 1792 ac
1108 1737 1386 1795 malesana
1419 1752 1479 1792 se
1510 1739 1654 1808 loqui
1683 1752 1780 1792 eos
1807 1753 2120 1795 commone-

543 1829 720 1886 factos
752 1830 909 1884 velim
933 1872 947 1894 ,
995 1830 1088 1900 qui
1119 1828 1323 1884 Christi
1354 1829 1579 1897 gloriam
1610 1832 1886 1886 celebrare
1913 1847 1971 1886 sc
1998 1831 2115 1887 exi-

2225 1838 2314 1892 καὶ
2343 1841 2393 1892 εἰ
2431 1837 2627 1909 ἐχώρει
2658 1838 2719 1892 τὸ
2740 1838 3055 1909 τηλικοῦτον
3083 1839 3179 1892 καὶ
3202 1838 3454 1893 τοσοῦτον
3478 1842 3662 1905 ἐκεῖνος
3682 1840 3758 1894 λύ-

542 1924 848 1991 stimantes,
885 1939 1006 1994 quae
1049 1924 1114 1978 ad
1157 1922 1587 1994 Primogcnitum
1635 1927 1814 1981 omnis
1854 1936 2119 1983 creaturae

2225 1945 2342 2001 τρον
2374 1928 2495 1982 ἀντί
2543 1927 2653 1982 τῶν
2699 1930 3058 1999 αἰχμαλώτων
3103 1929 3310 1984 λαϐεῖν.
3363 1931 3473 1984 Καὶ
3516 1932 3572 1984 οὐ
3617 1930 3760 1987 ταῦτα

543 2016 969 2086 pertioent'cum
1003 2015 1069 2070 iis
1096 2015 1437 2071 confundunt
1469 2031 1591 2086 quae
1625 2026 1873 2085 spectant
1901 2018 1967 2072 ad
2004 2019 2119 2073 ani-

2225 2037 2358 2091 ρημι
2389 2018 2465 2083 ὡς
2501 2019 2857 2092 καταφρονῶν
2885 2021 2983 2091 τῆς
3007 2020 3183 2092 ψυχῆς
3221 2020 3422 2093 Ἰησοῦ,
3457 2023 3547 2076 καὶ
3568 2022 3762 2094 σμικρύ-

542 2122 689 2161 mam
725 2116 779 2161 et
807 2121 1008 2176 corpus
1054 2105 1204 2172 .h-sn,
1253 2106 1485 2161 fomsse
1515 2108 1676 2177 727
1710 2117 1764 2161 et
1799 2108 1970 2178 ipsius
2004 2110 2117 2180 spi-

2225 2129 2322 2166 ιιων
2369 2112 2561 2183 αὐτὴν,
2610 2111 2747 2166 ἀλλὰ
2789 2110 3113 2183 βουλόμενος
3153 2114 3369 2185 ταύτην
3410 2115 3503 2185 μὲν
3543 2114 3666 2168 κατὰ
3709 2114 3761 2169 τὸ

539 2197 740 2265 ritum;
791 2206 845 2253 et
887 2199 1033 2253 aliud
1078 2199 1302 2253 omnino
1352 2197 1587 2268 simplex
1637 2213 1758 2253 esse
1804 2201 2113 2268 opinantur,

2225 2202 2558 2272 ἐνδεχόμενον
2584 2201 2778 2274 λύτρον
2809 2202 3055 2257 δεδόσθαι
3086 2204 3191 2257 ὑπὸ
3221 2204 3324 2259 τοῦ
3363 2204 3483 2259 ὅλου
3510 2206 3724 2276 Σωτῆρος
3742 2221 3755 2236 ·

538 2288 686 2360 quod
713 2289 916 2353 visum,
947 2298 1002 2345 et
1027 2289 1081 2343 in
1112 2290 1213 2345 hac
1250 2289 1357 2344 vita
1388 2299 1770 2346 conversatum
1798 2301 1883 2347 est
1912 2310 1925 2345 :
1953 2292 2022 2347 ab
2051 2293 2119 2349 iis

2225 2292 2320 2364 τὴν
2360 2292 2416 2345 δέ
2457 2292 2730 2364 ὑπεροχὴν
2774 2293 2867 2346 καὶ
2900 2291 2999 2363 τὴν
3039 2291 3278 2365 θεότητα
3323 2295 3528 2366 ἐκείνην
3569 2294 3672 2366 μηδ’
3706 2294 3758 2348 ἂν

536 2380 681 2435 enim
722 2379 1067 2435 sciscitamur
1089 2420 1105 2444 ,
1162 2395 1230 2434 an
1275 2379 1534 2435 divinitas
1568 2399 1586 2431 ι
1622 2380 1877 2452 imaginis
1904 2381 1996 2437 Dei
2029 2383 2116 2438 in-

2225 2380 2541 2452 δεδυνῆσθαι
2589 2380 2783 2452 λύτρον
2828 2380 3046 2454 δοθῆναι
3071 2399 3085 2412 °
3138 2384 3283 2455 πλὴν
3326 2387 3553 2457 σήμερον
3581 2386 3634 2437 οὐ
3670 2382 3762 2436 λύω

537 2472 806 2535 visibilis.
841 2481 896 2528 et
917 2470 1266 2542 Primogeniti
1294 2471 1474 2527 omnis
1503 2479 1769 2528 creaturae
1798 2492 1816 2525 ι
1849 2484 2114 2543 praestan-

2225 2470 2311 2525 τδν
2348 2470 2554 2543 Ἰησοῦν
2584 2472 2692 2525 ἀπὸ
2710 2472 2803 2525 τοῦ
2837 2473 3095 2544 Χριστοῦ,
3125 2474 3269 2528 ἀλλὰ
3297 2475 3476 2546 πολλῷ
3504 2474 3647 2527 πλέον
3665 2469 3758 2527 olis

538 2565 636 2629 tia,
686 2577 755 2617 an
798 2563 887 2617 ille
922 2580 941 2614 ι
981 2563 1036 2618 in
1070 2576 1181 2632 quo
1222 2562 1439 2617 condita
1475 2570 1604 2618 sunt
1633 2564 1889 2620 universa
1919 2565 1973 2619 in
2005 2580 2117 2621 cm-

2225 2562 2279 2616 ἐν
2312 2558 2451 2617 εἶναι
2494 2562 2698 2634 Ἰησοῦν
2733 2563 2826 2617 τὸν
2858 2564 3111 2635 Χριστὸν,
3142 2566 3237 2619 καὶ
3281 2566 3379 2637 τὴν
3405 2566 3571 2637 ψυχὴν
3602 2562 3759 2627 αὑτοῦ,

536 2653 635 2715 lis,
671 2662 725 2708 ct
750 2654 802 2708 in
835 2664 978 2708 terra
999 2695 1015 2721 ,
1051 2643 1428 2709 sive'visibilia
1449 2695 1463 2719 ,
1499 2654 1614 2710 sive
1645 2654 1967 2725 invisibilia,
2001 2658 2116 2714 sive

2225 2657 2361 2729 πρὸς
2391 2656 2483 2710 τὸν
2518 2675 2535 2707 ι
2568 2656 2918 2727 Πρωτότοκον
2967 2656 3147 2727 πάσης
3189 2659 3421 2723 κτίσεως
3439 2676 3451 2689 ο
3489 2678 3508 2711 ι
3541 2656 3659 2712 ἀλλὰ
3682 2655 3759 2709 καὶ

538 2744 754 2812 throni,
804 2745 918 2799 sive
944 2744 1385 2810 dominationes,
1431 2745 1545 2800 sive
1574 2746 1948 2816 principatus,
2000 2749 2115 2805 sive

2225 2748 2283 2802 τὸ
2308 2747 2469 2819 σῶμα
2505 2746 2692 2811 αὐτοῦ,
2720 2747 2795 2810 ὡς
2817 2746 3001 2812 πλέον,
3033 2750 3081 2801 εἰ
3107 2749 3187 2801 δεῖ
3214 2748 3392 2813 οὕτως
3418 2749 3678 2819 ὀνομάσαι,
3696 2742 3762 2799 εἷ-

536 2842 831 2903 potestates
858 2836 905 2869 ⁸⁸
944 2853 963 2887 ι
998 2836 1232 2906 pretium
1258 2836 1649 2907 redemptionis
1677 2852 1782 2907 pro
1801 2839 1991 2896 multis
2016 2841 2115 2897 da-

2225 2856 2307 2894 ναι
2333 2840 2392 2893 ἐν
2421 2839 2538 2895 ὅλον
2565 2837 2744 2907 τοῦτο,
2772 2839 2908 2909 ὅπερ
2946 2856 2965 2890 ι
2993 2839 3022 2892 ό
3050 2838 3393 2911 κολλώμενος
3426 2840 3503 2912 τῷ
3526 2839 3690 2910 Κυρίῳ
3711 2834 3759 2888 ἐν

537 2936 624 2982 tus
660 2927 765 2993 sit;
811 2936 866 2981 et
891 2927 1108 2983 cuinam
1142 2926 1533 2998 redemptionis
1574 2927 1808 2998 pretium
1867 2930 1985 2987 haec
2026 2933 2117 2988 di-

2225 2931 2439 3003 πνεῦμά
2468 2932 2635 2984 ἐστιν.
2656 2956 2672 2990 ο
3855 3003 3862 3012 ⁸

534 3019 734 3075 vinitaa
774 3020 900 3075 data
943 3019 1051 3086 sit;
1097 3035 1167 3075 an
1204 3020 1350 3076 hosti
1395 3021 1637 3090 captivos
1684 3037 1787 3078 nos
1836 3023 2098 3082 detinenti
2123 3068 2140 3094 ,
2189 3029 2365 3085 donec
2414 3025 2804 3095 redemptionis
2862 3028 3165 3083 mercedem
3234 3027 3568 3099 accep'sset?
3618 3035 3665 3080 et
3697 3038 3755 3078 an

533 3113 649 3183 ipse
692 3111 818 3168 talis
852 3126 917 3167 ac
955 3120 1115 3167 tanta:
1152 3110 1417 3166 mercedis
1451 3126 1551 3182 pro
1578 3113 1809 3182 captivis
1855 3117 2179 3189 recipiendae
2228 3135 2402 3190 capax
2443 3117 2643 3173 fuerit?
2696 3116 2808 3172 Nec
2848 3133 2912 3173 ea
2949 3132 3080 3174 vero
3106 3118 3315 3176 idcirco
3343 3137 3373 3175 a
3407 3135 3490 3175 me
3519 3114 3754 3180 dicuntur,

532 3205 681 3278 quod
729 3205 968 3261 animam
1006 3205 1134 3262 Jesu
1193 3204 1526 3276 despiciam,
1562 3221 1796 3279 eamque
1836 3210 2138 3282 deprimam
2178 3230 2243 3271 ac
2289 3222 2609 3280 extenuem;
2642 3210 2737 3268 sed
2788 3211 2844 3267 id
2882 3212 3220 3268 contendens
3243 3255 3261 3279 ,
3313 3214 3539 3268 animam
3573 3208 3755 3280 quidem

532 3313 566 3353 a
598 3306 710 3353 toto
753 3295 1039 3353 Servatore
1063 3297 1451 3368 redemptionis
1491 3297 1725 3369 pretium
1763 3299 1935 3359 fuisse
1973 3304 2180 3376 datam,
2217 3304 2400 3376 quoad
2443 3303 2564 3374 ejus
2599 3304 2715 3359 ﬁeri
2761 3304 2971 3374 potuit;
3022 3305 3399 3361 excellentiam
3438 3313 3603 3372 autem
3634 3301 3755 3354 illam

533 3396 588 3442 ct
614 3386 947 3443 divinitatem
973 3387 1206 3458 pretium
1235 3388 1625 3460 redemptionis
1658 3390 1775 3446 dari
1803 3393 2123 3464 neutiquam
2161 3394 2425 3465 potuisse.
2466 3391 2654 3449 Jesum
2689 3393 2872 3463 itaque
2900 3408 2932 3448 a
2972 3393 3193 3451 Christo
3235 3396 3401 3451 hodie
3443 3409 3544 3450 non
3582 3390 3752 3452 divido,

533 3480 629 3538 sed
676 3480 849 3536 multo
893 3481 1070 3553 magis
1107 3481 1248 3537 idem
1285 3497 1406 3539 esse
1448 3482 1636 3540 Jesum
1674 3483 1993 3555 Christum,
2029 3488 2312 3560 ipsiusque
2357 3489 2598 3542 animam
2645 3502 2916 3558 agnosco,
2961 3504 3027 3544 ac
3084 3509 3103 3541 ι
3141 3488 3563 3561 Primogenitum
3606 3485 3754 3542 omnis

533 3581 800 3629 creaturae
848 3574 925 3643 “;
979 3595 999 3629 ι
1055 3574 1150 3632 sed
1197 3585 1253 3632 et
1281 3592 1490 3649 corpus
1536 3579 1718 3647 illius,
1766 3582 1925 3652 quasi
1954 3583 2078 3653 plus
2110 3583 2351 3654 aliquid,
2402 3584 2449 3638 si
2480 3582 2551 3637 ita
2582 3583 2731 3653 loqui
2768 3581 2855 3639 fas
2886 3593 3004 3650 est,
3049 3599 3217 3640 unum
3264 3585 3397 3642 illud
3439 3595 3598 3641 totum
3631 3593 3753 3647 esse.

533 3668 682 3736 quod
721 3684 740 3719 ι
775 3668 1059 3725 adhaerens
1092 3669 1320 3726 Domino
1346 3687 1490 3729 unus
1518 3672 1747 3743 spiritus
1774 3685 1858 3732 est
1886 3676 1953 3729 ⁸⁷.
1991 3695 2011 3728 ι
2125 3709 2129 3713 -

1066 3763 1143 3819 De
1174 3765 1378 3821 duobus
1409 3769 1583 3823 ascia.

2640 3765 2779 3835 Περὶ
2810 3765 2930 3820 τῶν
2964 3764 3073 3820 δύο
3096 3767 3366 3837 τυφλῶν.

606 3856 659 3909 9.
707 3874 726 3906 ι
766 3853 833 3909 Ει
861 3855 1266 3926 egredientibus
1290 3856 1397 3912 illis
1424 3857 1492 3913 ab
1519 3857 1773 3924 Iericho,
1817 3866 2004 3917 secuta
2030 3869 2118 3919 est

2288 3880 2307 3914 ι
2336 3858 2448 3915 Καὶ
2478 3857 2927 3931 ἐκπορευομένων
2950 3857 3129 3912 αὐτῶν
3162 3859 3270 3912 ἀπὸ
3307 3858 3533 3932 Ἱεριχὼ,
3561 3848 3753 3927 ἠκολού-

533 3960 659 4001 eum
689 3947 846 4002 turba
877 3948 1049 4001 multa
1077 3964 1094 4003 :
1128 3955 1182 4002 et
1206 3962 1334 4003 ecce
1365 3948 1476 4004 duo
1502 3951 1629 4005 caeci
1670 3952 1921 4008 sedentes
1954 3968 2115 4009 secus

2225 3953 2380 4026 Βησεν
2413 3951 2564 4023 αὐτῷ
2595 3951 2750 4022 ὄχλος
2774 3948 2941 4012 πολύς
2959 3965 2974 3981 ν
3004 3949 3098 4003 καὶ
3133 3949 3241 4003 ἰδοὺ
3272 3950 3370 4006 δύο
3408 3947 3583 4020 τυφλοί
3611 3941 3756 4013 κα.θὴ-

536 4039 679 4094 viam
706 4039 786 4103 ⁸⁸,
826 4060 845 4092 ι
899 4048 954 4095 et
992 4038 1224 4110 reliqua.
1284 4039 1425 4095 Vera
1455 4051 1574 4096 esto
1598 4057 1783 4098 rerum
1809 4080 1826 4107 ,
1859 4058 1981 4113 qua
2011 4044 2118 4100 hoc

2225 4061 2370 4114 μενοι
2416 4041 2568 4114 παρὰ
2588 4042 2689 4111 τὴν
2715 4040 2856 4106 ὁδὸν,
2894 4058 2916 4090 ι
2951 4040 3047 4093 καὶ
3073 4039 3144 4093 τὰ
3173 4039 3317 4111 ἑξῆς.
3357 4043 3530 4095 Ἔστω
3561 4038 3649 4111 μὲν
3674 4032 3753 4088 καὶ

535 4130 659 4188 loco
699 4139 1028 4196 narrantur,
1063 4129 1323 4200 historia,
1350 4140 1407 4187 et
1444 4130 1762 4191 Jerichuote
1786 4149 1912 4191 cum
1947 4135 2118 4192 disci-

537 4222 680 4291 putis
721 4229 1006 4278 exeuntem
1038 4217 1227 4276 Iesum
1262 4221 1419 4278 turba
1464 4222 1657 4294 ingens
1699 4231 1888 4280 secuta
1922 4227 2024 4292 sit;
2057 4234 2112 4280 et

536 4330 706 4386 prope
743 4315 884 4370 viam
920 4329 1027 4384 qua
1077 4313 1397 4371 Jerichunte
1446 4311 1646 4374 exitur,
1683 4309 1937 4365 sedentes
1987 4320 2115 4363 caeci

538 4407 667 4471 duo,
703 4421 827 4462 cum
856 4406 977 4461 illac
1008 4404 1236 4461 transire
1263 4402 1450 4459 Jesum
1494 4400 1852 4467 inaudissent,
1880 4400 2116 4456 clamore

539 4500 753 4557 sublato
786 4497 1022 4554 dixerint
1064 4513 1077 4549 :
1124 4516 1142 4548 ι
1187 4494 1449 4557 Domine.
1489 4493 1748 4548 miserere
1784 4491 1990 4556 nostri,
2041 4490 2118 4548 [ili

540 4591 708 4646 David
729 4593 798 4659 ⁸³,
837 4610 856 4642 ι
888 4598 1051 4659 atque
1080 4588 1136 4642 in
1170 4586 1236 4641 iis
1268 4599 1389 4655 quae
1421 4584 1620 4653 scripta
1647 4592 1777 4639 sunt
1810 4581 2119 4638 vociferan-

541 4681 626 4737 dis
670 4681 1076 4747 consenserint;
1123 4688 1180 4734 et
1219 4685 1442 4749 propter
1485 4690 1657 4731 caecos
1694 4671 2118 4729 misericordiam

2225 4699 2243 4734 ι
2299 4680 2550 4750 Ἐλέησον
2581 4681 2750 4751 ἡμᾶς,
2778 4678 2972 4751 Κύριε,
3008 4680 3121 4744 υίὸς
3145 4679 3330 4745 Δαυῒδ,
3369 4700 3389 4732 ι
3438 4677 3527 4732 καὶ
3570 4683 3746 4742 συμπεσ

544 4772 893 4841 implorantes
921 4773 1176 4828 restitans
1207 4769 1369 4825 Jesus
1400 4783 1496 4823 eos
1532 4767 1822 4833 vocaverit,
1852 4780 1921 4821 ne
1947 4774 2119 4819 trans-

2225 4770 2615 4840 ρωνηκέτωσαν
2644 4771 2702 4823 ἐν
2734 4768 2812 4839 τῷ
2841 4770 3174 4841 κεκραγότες
3206 4771 3269 4825 τὸ
3306 4760 3749 4839 ἀναγεγραμμένον

543 4863 665 4919 iens
719 4873 775 4918 et
823 4864 1274 4937 praetergrediens
1328 4861 1477 4932 ipsos
1526 4861 1825 4931 appellaret
1864 4877 1878 4913 :
1919 4858 2015 4913 sed
2068 4865 2119 4912 ct

2225 4867 2528 4939 ειρηκέναιυ
2563 4858 2658 4913 καὶ
2685 4857 2774 4911 διὰ
2795 4857 2922 4922 τοὺς
2948 4858 3181 4929 τυφλοὺς
3213 4859 3540 4926 ἀξιώσαντας
3565 4846 3748 4921 ueneri-

1750 4976 1976 5033 VETUS
2014 4972 2598 5031 INTERPRETATIO.

543 5100 1161 5174 comprehensibilis_est
1191 5117 1222 5155 a
1248 5101 1818 5174 morte.__l)_ata‘autem
1858 5095 2039 5174 anima
2068 5096 2188 5174 ejus
2219 5096 2273 5150 in
2316 5092 2745 5174 redemptionem
2776 5092 3108 5172 pro_multis,
3143 5106 3255 5147 non
3275 5090 3480 5174 .mans‘ii
3502 5082 3634 5174 apud
3656 5086 3760 5133 eum

541 5159 629 5231 cui
666 5159 843 5229 fuerat
870 5171 1012 5226 data.
1044 5169 1273 5241 Propter
1300 5170 1564 5241 hocdici‘t
1590 5167 1912 5241 Propheta;
1947 5159 2265 5241 _¢__Qu_oniam
2292 5180 2402 5219 non
2432 5159 3040 5241 derelinques_animam
3070 5175 3247 5241 meam
3275 5161 3330 5215 in
3363 5159 3597 5241 inferno.
3618 5171 3636 5204 ι

1670 5218 1910 5316 ⁷⁷ᾗιῖἐ3ιέ
1947 5218 2473 5316 HiEricho,secutze
2508 5218 2794 5316 sunt'eum
2830 5229 3237 5316 turbzepulue,
3259 5249 3293 5312 ,ι
3333 5218 3759 5316 etreliqujto

543 5291 672 5371 sunt
1021 5291 1328 5382 historiam
1347 5291 1683 5382 huj—us’lo’cit
1698 5307 1753 5361 in
1788 5315 1975 5377 aperto
1989 5291 2351 5382 _co_ns_istunt_._
2369 5303 2503 5382 Qua;
2538 5312 2720 5382 autem
2764 5300 3115 5382 spiritualite'r
3146 5291 3303 5356 nobis
3347 5291 3761 5382 vident—ur,

545 5353 2727 5455 illis:°Eiui§Fi33316'EBiiéiéérEHiﬁé,Qui}:"ési'ﬁ'déd'ﬁi'éiITI'Egiéa‘ieﬁiibiié
2755 5353 3049 5441 discipulis
3067 5353 3201 5427 tesi
3222 5353 3391 5426 “eis
3410 5353 3524 5439 ipso
3565 5353 3679 5419 Jesu
3705 5353 3760 5408 ab

617 5506 662 5536 κ’
688 5505 708 5557 1
734 5503 860 5559 Cor.
889 5518 982 5566 vn,
1009 5504 1101 5558 23.
1178 5499 1224 5533 ⁸³
1253 5498 1384 5551 an.
1412 5512 1562 5557 χχιιι,
1588 5495 1689 5559 46ς
1720 5495 1858 5550 Psal.
1888 5510 2010 5558 xxx,
2047 5495 2100 5550 6.

2249 5492 2391 5548 Psal.
2419 5510 2504 5556 xv,
2541 5492 2625 5548 10.
2702 5490 2747 5523 ⁸⁸
2772 5488 2887 5546 Col.
2916 5507 2954 5559 ι,
2982 5492 3068 5556 i5,
3096 5490 3183 5546 16.
3262 5490 3308 5523 ⁸⁸
3344 5485 3471 5544 ibid.
3544 5481 3584 5512 ⁸⁷
3615 5472 3761 5531 ἰδοῖ-

551 5591 624 5640 VI,
659 5574 743 5628 i7.
818 5573 865 5606 ⁸⁸
894 5573 1083 5629 Matth.
1111 5586 1199 5637 xx,
1231 5570 1320 5635 29,
1346 5569 1433 5624 50.
1510 5567 1554 5599 ⁸³
1580 5566 1710 5622 ibid.
1742 5567 1829 5621 50.

623 5684 735 5751 (73)
765 5684 1142 5752 Συγχέαντας
1170 5680 1243 5752 τὰ
1279 5682 1409 5752 περ]
1447 5679 1551 5752 τοῦ
1582 5677 1987 5749 Πρωτοτόκου,
2015 5689 2120 5735 etc.

554 5755 707 5809 llanc
746 5751 990 5808 litercsim
1035 5751 1343 5823 perstringit
1382 5751 1732 5817 Philastrius,
1774 5754 1971 5805 Hmres.
2015 5768 2120 5806 xu.

2224 1654 2343 1706 ἀντὶ
2372 1653 2581 1708 πολλῶν
2605 1670 2617 1684 ·
2657 1654 2752 1707 καί⁵
2777 1655 2884 1708 τίνι
2913 1654 3069 1726 ἐδόθη
3099 1656 3281 1727 ἐκείνη
3308 1656 3520 1727 λύτρον,
3559 1657 3761 1728 πολεμίῳ

2225 1745 2508 1817 κατέχοντι
2554 1747 2701 1817 ἡμᾶς
2741 1745 3136 1817 αἰχμαλώτους,
3164 1747 3271 1811 ἕως
3301 1747 3440 1821 λάϐῃ
3469 1748 3527 1801 τὸ
3566 1749 3757 1821 λύτρον*

2214 4133 2286 4188 τὰ
2317 4132 2419 4204 τῆς
2453 4131 2694 4204 ἱστορίας
2724 4129 2832 4184 τῶν
2860 4128 3002 4184 κατὰ
3027 4129 3117 4183 τὸν
3147 4130 3310 4184 τόπον
3354 4130 3539 4201 ἀληθῆ,
3569 4125 3652 4181 καὶ
3678 4124 3752 4175 ἐκ·

2217 4222 2568 4294 πορευομένῳ
2619 4220 2727 4275 ἀπὸ
2771 4220 2874 4291 τῆς
2910 4219 3118 4293 Ἱεριχὼ
3160 4219 3238 4291 τῷ
3290 4221 3464 4295 Ἰησοῦ
3505 4217 3629 4291 μετὰ
3662 4212 3751 4272 τῶν

2220 4313 2477 4385 μαθητῶν
2506 4311 2931 4384 ἡκολουθηκέναι
2976 4311 3124 4384 αὐτῷ
3153 4311 3308 4383 ὄχλον
3354 4314 3532 4375 πολὺν,
3564 4309 3647 4363 καὶ
3678 4322 3750 4357 τυ·

2218 4405 2341 4476 φλοὶ
2371 4405 2465 4459 δύο
2490 4404 2640 4477 παρὰ
2660 4404 2760 4477 τὴν
2787 4403 2904 4457 ὁδὸν
2932 4402 3282 4474 καθεζόμενοι
3315 4405 3413 4477 τῆς
3436 4403 3537 4458 ἀπὸ
3576 4393 3752 4469 Ἱεριχὼ

2216 4495 2419 4562 ἐξόδου,
2454 4495 2805 4564 ἀκούσαντες,
2837 4497 2922 4549 ὅτι
2959 4496 3165 4568 Ἰησοῦς
3206 4497 3534 4569 παρέρχεται
3563 4492 3644 4545 τὸν
3674 4486 3747 4539 τό-

2218 4605 2320 4643 πον
2372 4589 2600 4655 ἐκεῖνον,
2657 4587 2754 4641 καὶ
2808 4587 2965 4642 αὐτοὶ
3022 4589 3323 4662 κράξαντες
3379 4585 3713 4659 εἰρηκέτωσαν
3731 4590 3745 4606 ⁸

2233 5679 2362 5732 Eam
2391 5686 2570 5731 autem
2602 5675 2787 5732 multis
2821 5686 2940 5748 post
2967 5674 3258 5748 qrigenem
3302 5674 3460 5748 annis
3488 5655 3761 5748 ξηξῐδξιξξξδξξί

2232 5726 2575 5817 Ᾰῦὖίιῖιῖέὲίὲξ
2602 5726 2805 5817 Eleo—ua
2822 5726 2950 5803 me
2978 5726 3387 5813 rimam;
3398 5726 3524 5800 dial.
3549 5735 3596 5791 5.
3620 5726 3759 5784 ιιυετο
