4032 6308
320 428 454 484 “Ol

1261 427 1616 484 COMMENT.
1662 428 1728 484 1N
1771 430 2186 485 MATTHJZLLH
2229 431 2468 488 TOHL'S
2509 431 2642 488 XVI.

3452 441 3592 496 “02

315 565 406 603 ναι
439 547 572 612 στὰς
603 550 631 601 6
663 547 862 620 Ἰησοῦς
890 549 1260 620 πεφωνηκέτω
1293 551 1508 613 αὐτοὺς,
1540 551 1628 604 ἵνα
1658 551 1734 622 μὴ
1768 569 1909 624 παρ-

2019 561 2307 622 postquant
2339 554 2839 624 restiterit,cosque
2871 557 3277 628 inter-rogaverit
3305 564 3546 618 dicens”
3573 584 3586 619 :

321 642 477 709 ἁγων
524 643 618 695 καὶ
676 642 1083 713 παρερχόμενος
1131 643 1329 706 αὐτοὺς
1389 643 1552 713 καλῇ.
1603 643 1764 696 Ἀλλά
1812 645 1907 696 καὶ

271 781 276 786 .
314 733 590 805 ἑστηκὼς,
626 733 718 786 καὶ
766 733 1165 804 πυνθανόμενος
1208 736 1476 806 εἰρηκέτω
1520 737 1736 799 αὐτοῖς’
1781 757 1798 789 ι
1841 737 1906 790 Τί

315 825 502 878 Θέλετε
538 827 627 879 ἵνα
663 827 872 898 ποιήσω
902 828 1062 897 ὑμῖν;
1100 846 1118 876 ι
1157 828 1268 898 Τήν
1301 845 1361 880 τε
1404 827 1626 894 ἀξίωσιν
1665 827 1907 881 ἰδικώτε-

314 933 410 988 ρον
456 917 560 988 ἧδη
609 917 975 989 παριστάντες
1021 919 1069 969 οἱ
1121 917 1314 986 τυφλοὶ
1358 919 1726 990 είρηκέτωσαν
1759 918 1908 989 αύτῷ

311 1007 491 1061 θέλειν
521 1008 613 1062 ἵνα
639 1007 930 1076 ἀνοιγῶσιν
964 1009 1073 1061 ἀπὸ
1109 1010 1202 1062 τοῦ
1239 1009 1410 1082 Ἰησοῦ
1447 1013 1495 1064 οἱ
1521 1011 1788 1082 ὀφθαλμοὶ
1815 1013 1912 1065 αύ-

312 1093 424 1147 τῶν
445 1111 458 1124 °
486 1097 584 1148 κα)¹
610 1097 639 1148 6
663 1096 1041 1168 φιλάνθρωπος
1069 1100 1102 1168 ἡ
1111 1098 1224 1168 μῶν
1255 1100 1347 1152 καὶ
1382 1101 1672 1172 συμπαθὴς
1694 1102 1908 1173 Σωτὴρ,

313 1185 742 1258 σπλαγχνισθεὶς
773 1188 865 1240 ἐπί
886 1191 998 1251 τοῖς
1025 1189 1266 1258 τυφλοῖς,
1297 1191 1718 1262 σπλαγχνισθεὶς
1739 1193 1805 1256 δ’,
1837 1191 1914 1246 οἷ-

317 1297 441 1351 μαι,
496 1279 576 1352 τῷ
633 1279 1020 1349 προειληφέναι
1072 1281 1314 1344 ἐκείνους
1359 1283 1420 1334 τὸ
1471 1283 1912 1354 προκαλούμενον

314 1371 432 1434 τὸν,
461 1371 530 1424 ἵν’
560 1371 733 1434 οὕτως
759 1371 1034 1441 ὀνομάσω,
1068 1372 1213 1425 ἐλεον
1242 1374 1335 1427 τοῦ
1371 1376 1567 1446 Ἰησοῦ,
1597 1378 1734 1449 ὅπερ
1756 1375 1824 1450 ἦν
1852 1380 1914 1433 τὸ

315 1463 666 1534 κεκραγότας
697 1463 1009 1532 εἰρηκέναι·
1051 1483 1068 1514 ι
1118 1463 1373 1536 Ἐλέησον
1401 1468 1568 1537 ἡμᾶς,
1601 1469 1794 1541 Κύριε,
1831 1473 1911 1525 υἱὲ

315 1554 506 1620 Δαυῖδ,
547 1575 564 1606 ι
597 1556 688 1608 καὶ
715 1556 1148 1619 πεπιστευκότας
1173 1555 1466 1625 ἠξιωκέναι
1502 1559 1588 1613 ἴνα
1625 1561 1914 1630 ἀνοιγῶσιν

315 1649 365 1699 οἱ
401 1647 672 1717 ὀφθαλμοὶ
701 1645 901 1708 αὐτῶν,
934 1648 1214 1719 ἁψάμενος
1259 1650 1437 1704 αὐτῶν
1463 1651 1572 1704 τῶν
1598 1653 1912 1725 ὀφθαλμῶν,

315 1737 552 1808 δύναμιν
580 1739 668 1792 διὰ
693 1739 792 1808 τῆς
821 1739 965 1809 ἁφῆς
1003 1740 1251 1811 ἰατρικὴν
1282 1742 1445 1805 ἐνιεὶς
1473 1745 1587 1806 τοῖς
1615 1744 1916 1816 ὀφθαλμοῖς

319 1830 673 1900 πεποιηκέτω
716 1830 844 1894 τοὺς
878 1830 1114 1899 τυφλοὺς
1157 1831 1508 1898 ἀναϐλέπειν,
1548 1835 1789 1888 κάκεῖνοι
1828 1837 1918 1888 εὐ-

2018 662 2036 694 ι
2072 642 2212 709 Quid
2240 646 2402 700 vultis
2435 655 2494 699 ut
2521 647 2672 701 vobis
2697 647 2927 703 faciam?
2969 670 2986 700 ι
3019 650 3155 704 Τυιιι
3185 670 3312 706 vero
3345 657 3589 723 postula—

2012 743 2128 788 tum
2159 751 2319 789 suum
2357 736 2468 804 jam
2506 738 2708 793 clarius
2740 751 3076 809 exponentes
3107 745 3232 796 (εειιοί
3255 784 3268 804 ,
3327 746 3527 812 aperiri
3559 761 3591 802 a

2011 824 2140 880 Jcsu
2165 827 2354 882 oculos
2379 843 2510 883 suos
2532 830 2667 884 velle
2698 846 2756 884 se
2779 833 2962 885 dicant
2991 852 3004 883 :
3028 842 3080 886 at
3109 834 3356 888 homines
3377 852 3586 897 amans.

2014 932 2077 970 ac
2109 917 2462 972 miseratione
2496 935 2854 989 prosequens,
2889 939 3016 992 erga
3061 939 3234 977 caecos
3281 925 3589 978 misericor-

2014 1007 2099 1062 dia
2129 1008 2357 1062 aﬂ'eetus
2391 1007 2668 1075 Servator,
2709 1021 2760 1066 et
2785 1013 3030 1077 aﬂ‘cctus,
3062 1015 3275 1082 opinor,
3304 1017 3446 1084 quod
3489 1017 3591 1068 mi-

2015 1096 2368 1150 sericordiam
2395 1137 2410 1161 ,
2456 1108 2516 1152 ut
2550 1100 2621 1153 ita
2660 1102 2873 1168 dicam,
2907 1102 3035 1156 Jesu
3093 1104 3382 1172 implorare
3427 1105 3594 1174 728

2017 1186 2326 1253 maluerint,
2380 1189 2483 1244 hoc
2524 1199 2626 1253 est,
2663 1192 2962 1245 clamantes
2991 1193 3228 1247 dixerint
3252 1194 3294 1225 θ’
3326 1212 3338 1246 :
3371 1213 3388 1240 ι
3426 1194 3588 1248 Mise-

2019 1292 2136 1330 rere
2168 1279 2358 1339 nostri,
2398 1278 2641 1342 Domine.
2674 1280 2746 1333 lili
2775 1280 2942 1334 David
2966 1322 2980 1345 ,
3030 1304 3047 1334 ι
3091 1295 3144 1338 et
3179 1303 3300 1339 eum
3333 1287 3434 1338 [ide
3461 1303 3589 1354 ape-

2017 1369 2113 1424 riri
2163 1371 2351 1425 oculos
2399 1388 2530 1426 suos
2575 1375 2987 1442 postulaverint,
3033 1379 3299 1432 contactis
3347 1379 3589 1446 ipsorum

2016 1458 2224 1524 oculis,
2276 1461 2476 1515 virtute
2517 1478 2612 1530 per
2646 1474 2958 1518 contactum
3008 1468 3179 1521 Oculis
3225 1469 3469 1522 immissa
3503 1485 3592 1522 sa-

2017 1552 2182 1604 nandi
2211 1552 2259 1604 vi
2297 1552 2551 1621 pollente,
2585 1554 2744 1608 cacis
2776 1555 2954 1608 visum
2989 1559 3307 1624 restituerit,
3337 1560 3436 1628 ipsi
3466 1575 3592 1614 vero

2018 1643 2223 1712 accepti
2277 1643 2523 1699 benelieii
2571 1646 2800 1716 gratiam
2846 1647 3122 1712 habentes,
3168 1648 3352 1703 Jesum
3421 1651 3593 1705 secuti

2020 1734 2172 1788 sint:
2210 1747 2375 1804 atque
2408 1735 2458 1790 id
2487 1737 2682 1806 aliquis
2727 1754 3047 1806 persnasmn
3101 1741 3339 1807 habens,
3385 1759 3592 1798 necnon

2021 1836 2073 1880 ei
2108 1827 2234 1880 illud
2265 1839 2454 1882 tenens
2481 1830 2526 1860 ⁹²
2561 1847 2572 1881 :
2617 1849 2633 1879 ι
2667 1831 2722 1884 Si
2754 1848 2860 1885 non
2895 1832 3256 1898 credideritis,
3295 1849 3400 1886 non
3435 1835 3584 1888 intel-

318 1921 596 1992 χαρίστως
631 1920 1150 1993 ὴκολουθηκέτωσαν
1187 1921 1268 1994 τῷ
1314 1923 1524 1995 Ἰησοῦο
1563 1926 1656 1978 καὶ
1695 1927 1914 1980 πιστεύ-

2018 1916 2230 1986 ligetis,
2270 1938 2286 1964 ι
2328 1930 2610 1988 propterea
2639 1923 2783 1990 quod
2814 1923 3139 1987 crediderit,
3190 1938 3286 1992 pro
3317 1925 3437 1978 lidei
3480 1940 3593 1980 sum

322 2029 424 2078 σας
449 2029 534 2076 τις
572 2013 803 2078 τούτοις,
835 2015 928 2067 καὶ
955 2015 1240 2082 γινώσκων
1268 2015 1324 2068 δέ
1357 2018 1418 2070 τό
1442 2033 1455 2046 ·
1500 2035 1518 2068 ι
1559 2017 1685 2071 Ἐὰν
1721 2019 1794 2091 μὴ
1829 2037 1916 2074 πι-

326 2102 611 2175 στεύσητε,
664 2104 726 2157 οὐ
769 2105 845 2176 μὴ
884 2107 1102 2177 συνῆτε,
1155 2127 1172 2158 ι
1227 2109 1290 2160 ἐκ
1341 2107 1437 2161 τοῦ
1496 2111 1915 2165 πεπιστευκέναι

321 2194 467 2248 κατά
496 2195 594 2266 τὴν
627 2196 917 2264 ἀναλογίαν
960 2197 1060 2267 τῆς
1112 2198 1348 2261 πίστεως
1391 2200 1451 2253 τὸ
1497 2201 1734 2276 συνιέναι
1765 2202 1914 2274 εἰλη-

323 2287 495 2356 φέτω,
521 2289 612 2341 καὶ
640 2287 877 2358 εἰληφὼς
897 2288 1102 2357 λεγέτω
1133 2291 1202 2342 τὰ
1236 2292 1364 2356 περὶ
1401 2291 1629 2358 τούτων,
1659 2292 1797 2362 μετὰ
1826 2293 1916 2347 τὸν

324 2380 457 2450 περὶ
487 2379 664 2433 αὐτῶν
697 2380 796 2450 τῆς
833 2381 1070 2444 πίστεως
1097 2381 1344 2452 θεμέλιον
1376 2383 1504 2453 περὶ
1539 2384 1718 2438 αὐτῶν
1745 2386 1917 2456 ἑρμη-

320 2469 515 2535 νεύων,
549 2471 691 2524 κατᾶι
726 2471 822 2524 τόο
870 2489 888 2522 ι
935 2470 1286 2534 Ἐπίστευσα,
1323 2471 1404 2524 διὸ
1439 2473 1679 2544 ἐλάλησα
1701 2491 1714 2504 ·
1757 2493 1776 2524 ι
1823 2475 1916 2526 καὶ

326 2562 467 2616 ἔστω
499 2565 528 2616 ὀ
567 2562 807 2626 τοιοῦτος
845 2563 906 2615 ού
955 2561 1114 2632 μόνον
1158 2563 1432 2616 πιστεύων
1472 2563 1550 2634 τῷ
1596 2564 1772 2635 Ἰησοῦ
1821 2565 1917 2618 καὶ

319 2656 436 2716 τοῖς
473 2655 616 2708 κατά
649 2654 740 2708 τὸν
767 2654 928 2707 τόπον
971 2652 1159 2707 τοῦτον
1199 2655 1738 2726 ἀναγεγραμμένοις,
1773 2655 1914 2710 ἀλλά

327 2747 426 2799 καὶ
458 2745 744 2814 γινώσκων
776 2745 869 2798 τὸν
913 2746 1045 2818 περὶ
1089 2746 1268 2800 αὐτῶν
1311 2746 1435 2800 νοῦν
1458 2764 1472 2777 ο
1520 2748 1549 2800 ό
1583 2747 1693 2818 γὰρ
1739 2749 1916 2818 μένων

325 2839 385 2890 ἐν
412 2840 482 2908 τῇ
515 2838 616 2907 τῆς
659 2837 893 2900 πίστεως
923 2837 1172 2910 ἀληθείᾳ,
1209 2837 1305 2892 καὶ
1333 2838 1421 2892 διὰ
1460 2838 1569 2891 τῶν
1605 2838 1782 2910 ἔργων
1820 2839 1914 2893 τοῦ

327 2929 505 2996 Λόγου
548 2929 800 3000 ἐμμένων
829 2929 907 3000 τῷ
951 2931 1130 3001 Λόγῳ,
1167 2930 1310 2984 κατά
1341 2931 1439 3002 τὴν
1477 2931 1652 3002 Ἰησοῦ
1681 2934 1915 3000 ἐπαγγε-

326 3021 470 3085 λίαν,
505 3021 762 3090 γινώσκει
806 3022 902 3093 τὴν
931 3022 1210 3092 ἀλήθειαν,
1244 3023 1338 3076 καὶ
1376 3024 1465 3076 ὑπ’
1500 3025 1670 3094 αὐτῆς
1704 3023 1917 3077 ἐλευθε-

333 3111 542 3182 ροῦται.
592 3111 704 3164 Καὶ
736 3114 895 3182 ἡμεῖς
925 3112 1004 3176 δὲ,
1051 3113 1174 3165 ἐπεὶ
1211 3112 1286 3184 μὴ
1335 3113 1680 3178 πιστεύοντες
1727 3116 1822 3185 μὲν
1855 3116 1914 3167 ού

2017 2017 2131 2060 tata
2176 2019 2327 2075 parte
2377 2009 2790 2080 intelligentiam
2822 2014 3120 2082 acceperit,
3167 2030 3339 2083 eaque
3373 2027 3594 2086 accepta

2016 2114 2138 2168 qna:
2183 2102 2248 2152 ad
2294 2102 2440 2156 hunc
2483 2103 2662 2156 locum
2692 2105 2960 2173 pertinent.
2985 2106 3277 2169 edisserat.
3313 2118 3434 2177 post
3465 2125 3594 2163 con-

2017 2189 2265 2243 Stitutum
2315 2191 2437 2245 lidei
2485 2193 2572 2248 his
2623 2194 2821 2248 habita:
2867 2194 3280 2249 furrdamenlum
3321 2213 3382 2250 ea
3427 2213 3594 2266 expo-

2017 2295 2188 2344 nens,
2221 2281 2377 2348 juxta
2406 2283 2536 2336 illud
2569 2284 2614 2316 υδ
2644 2303 2655 2338 :
2693 2305 2710 2335 ι
2742 2285 2956 2340 Credidi
2983 2329 2997 2349 ,
3032 2297 3249 2356 propter
3274 2287 3419 2355 quod
3445 2288 3594 2342 locu-

2013 2374 2102 2422 tus
2150 2383 2268 2422 sum
2299 2386 2313 2422 :
2354 2388 2372 2418 ι
2416 2384 2479 2424 ac
2517 2371 2606 2440 qui
2652 2371 2753 2426 erit
2783 2374 3080 2442 ejusmodi,
3110 2392 3215 2429 non
3246 2377 3372 2430 Jcsu
3401 2377 3604 2446 solum,

2013 2462 2187 2532 iisque
2239 2480 2361 2534 qum
2410 2466 2513 2520 hoc
2565 2468 2683 2521 loco
2733 2469 2932 2538 scripta
2991 2480 3205 2526 exstant
3269 2488 3595 2528 consensum

2015 2574 2174 2614 suum
2208 2562 2463 2631 praebeat,
2497 2580 2686 2618 verum
2718 2575 2984 2620 eteorum
3014 2583 3230 2638 quoque
3267 2571 3595 2626 sententiam

2016 2657 2236 2723 calleat;
2270 2675 2394 2713 nam
2426 2662 2518 2729 qui
2559 2662 2611 2715 in
2652 2662 2774 2717 lidei
2806 2665 3034 2720 veritate
3063 2678 3367 2734 permanet,
3407 2682 3463 2725 et
3502 2686 3590 2740 per

2018 2750 2184 2808 Verbi
2233 2768 2397 2823 opera
2441 2753 2623 2810 Verbo
2651 2757 2913 2822 adhaeret,
2945 2758 3102 2828 juxta
3154 2760 3596 2828 pollicitationem

2016 2847 2170 2915 Jesu,
2224 2849 2508 2904 veritatem
2540 2850 2846 2920 cognoscit,
2881 2861 2936 2906 et
2969 2851 3039 2905 ab
3073 2852 3188 2921 ipsa
3238 2853 3499 2906 liberatur
3526 2853 3592 2908 “.

2017 2936 2130 2994 Nos
2175 2953 2336 3004 vero,
2383 2940 2826 3009 quandoquidem
2875 2957 3063 2996 eorum
3095 2959 3216 3012 quae
3257 2944 3400 2997 dicta
3444 2956 3592 3008 sunt,

2019 3041 2240 3082 sensum
2274 3043 2380 3082 non
2419 3029 2804 3099 assequimur,
2857 3047 2980 3086 eum
3011 3032 3114 3086 ﬁde
3150 3049 3433 3099 caremus;
3460 3051 3596 3104 quo-

2020 3118 2341 3187 tiescunque
2379 3127 2560 3172 autem
2597 3119 2985 3189 intelligimus,
3019 3138 3049 3176 a
3079 3123 3182 3177 lide
3215 3133 3398 3178 nostra
3429 3124 3597 3179 habe--

329 3202 582 3274 συνίεμεν
628 3202 723 3255 τοῦ
757 3202 1094 3274 βουλήματος
1127 3202 1235 3256 τῶν
1276 3203 1606 3274 λεγομένων,
1641 3205 1913 3269 συνιέντες

2020 3221 2142 3260 mus
2174 3217 2231 3260 ut
2263 3207 2663 3276 intelligamus;
2703 3227 2832 3282 age,
2867 3229 2990 3266 eum
3018 3215 3170 3283 prius
3195 3217 3470 3284 apprecati
3501 3219 3596 3286 qui

329 3293 388 3347 δὲ
417 3295 483 3348 ἐκ
521 3293 614 3347 τοῦ
653 3293 927 3348 πιστεύειν
961 3293 1233 3365 συνίεμεν,
1259 3294 1392 3366 φέρε
1433 3295 1503 3348 τὰ
1541 3295 1914 3350 ὑποπίπτοντα

329 3387 461 3458 ἡμῖν
493 3388 572 3450 είς
595 3385 687 3440 τὸν
716 3387 901 3451 τόπον,
929 3386 1216 3456 εὐξάμενοι
1248 3386 1325 3457 τῷ
1357 3388 1603 3458 ρυομένῳ
1628 3390 1776 3460 ἡμᾶς
1807 3389 1916 3443 ἀπὸ

327 3479 424 3534 τοῦ
442 3479 789 3548 -κεκαλύφθαι
817 3481 949 3550 ἡμῖν
987 3478 1048 3531 τὸ
1077 3477 1429 3546 Εύαγγέλιον,
1461 3479 1599 3532 καθὸ
1628 3480 1914 3550 χωροῦμεν

322 3572 806 3644 παραστήσωμεν
861 3569 956 3622 κα)⁸
1000 3570 1217 3640 πρῶτόν
1270 3587 1333 3638 γε
1388 3572 1812 3641 κατανοήσωμεν
1861 3572 1916 3623 τί

317 3663 414 3730 τὺ,
454 3662 902 3734 ἐκπορευομένων
948 3661 1056 3714 ἀπὸ
1106 3661 1317 3732 Ἱεριχὼ
1362 3661 1470 3714 τῶν
1523 3661 1778 3731 μαθητῶν
1818 3661 1915 3716 τοῦ

333 3755 519 3826 Ἰησοῦ
551 3753 686 3826 μετά
709 3751 804 3806 τοῦ
837 3753 1086 3823 Σωτῆρος
1114 3751 1541 3822 ὴκολουθηκέναι
1570 3753 1718 3824 αὐτῷ
1747 3753 1914 3807 πολὺν

328 3849 508 3922 ὄχλον.
543 3849 684 3920 Ὅρα
717 3847 894 3900 τοίνυν
918 3846 967 3897 εἰ
997 3843 1240 3909 δύνασαι,
1274 3845 1617 3916 μεμνημένος
1645 3845 1752 3898 τῶν
1785 3849 1914 3916 ἡμῖν

323 3939 819 4011 ὐπαγορευθέντων
863 3937 974 4008 (74)
1021 3936 1102 4000 είς
1147 3935 1246 4007 τὴν
1293 3936 1351 3990 ἐν
1389 3935 1468 4006 τῷ
1509 3937 1651 3991 κατά
1698 3939 1914 3991 Λουκᾶν

323 4032 654 4102 Εὐαγγελίῳ
697 4028 1010 4101 παραϐολὴν
1055 4029 1186 4096 τήνο
1235 4046 1252 4079 ι
1292 4029 1610 4100 ’Ἄνθρωπός
1661 4047 1744 4094 τις
1785 4047 1916 4084 κατ-

325 4125 546 4180 έδαινεν
580 4121 687 4177 ἀπὸ
721 4119 1071 4192 Ἰερουσαλὴμ
1093 4121 1172 4183 εἰς
1211 4118 1440 4192 Ἱεριχὼ.
1484 4121 1578 4175 καὶ
1625 4122 1918 4192 περιέπεσε

327 4221 586 4290 λῃσταῖς,
635 4237 653 4271 ι
698 4216 998 4287 ἐπιστήσας
1043 4215 1220 4284 λέγειν
1275 4216 1482 4286 μήποτε
1539 4213 1633 4266 καὶ
1689 4212 1923 4267 ἐνταῦθα

337 4310 556 4383 Ἱεριχὼ
595 4310 706 4381 (75)
733 4308 1000 4380 σύμϐολόν
1027 4309 1141 4361 ἐστι
1171 4306 1265 4361 τοῦ
1291 4306 1570 4379 περιγείου
1593 4308 1760 4361 τόπου
1791 4324 1921 4360 συν-

2023 3295 2092 3349 ab
2126 3294 2402 3365 Evangelii
2451 3299 2688 3354 tenebris
2732 3311 2786 3353 et
2833 3299 3170 3356 obscuritate
3224 3317 3324 3356 nos
3384 3301 3597 3369 liberat,

2021 3402 2144 3458 quae
2193 3385 2245 3440 in
2297 3387 2443 3442 hunc
2495 3389 2675 3442 locum
2731 3390 2888 3445 nobis
2937 3399 3258 3445 succurrent
3313 3407 3410 3460 pro
3458 3391 3600 3448 virili

2022 3487 2177 3548 parte
2221 3495 2596 3550 exponamus;
2634 3496 2698 3535 ac
2727 3481 2856 3535 illud
2890 3484 3125 3551 primum
3164 3483 3294 3552 quid
3325 3484 3428 3545 sit,
3460 3482 3599 3537 Jeri-

2024 3571 2226 3625 ehunte
2245 3571 2653 3641 egredientibus
2679 3587 2802 3625 cum
2830 3572 3118 3627 Servatore
3143 3574 3426 3644 discipulis
3445 3572 3598 3640 Jesn,

2026 3671 2279 3726 magnam
2304 3673 2428 3711 eum
2465 3658 2678 3710 turbam
2709 3656 2878 3713 fuisse
2909 3660 3278 3726 subsecutam,
3301 3664 3599 3733 perpenda-

2023 3761 2168 3801 mus.
2243 3745 2445 3801 Eornm
2477 3763 2606 3819 ergo
2647 3750 2960 3806 recordatus
3005 3768 3126 3821 qua:
3152 3768 3316 3822 super
3343 3770 3405 3807 ea
3441 3771 3599 3823 para-

2021 3839 2146 3894 bola
2174 3839 2413 3894 diximus
2438 3841 2491 3893 in
2520 3839 2808 3912 Evangelia
2838 3843 3135 3897 secundum
3165 3842 3366 3898 Lucam
3404 3862 3600 3916 propo-

2023 3931 2129 3986 sita
2159 3931 2248 3985 πε
2294 3949 2312 3981 ι
2353 3930 2524 3986 Homo
2551 3932 2771 4000 quidam
2816 3933 3176 3989 descendebat
3201 3937 3268 3990 ab
3294 3935 3595 3994 Jerusalem

2022 4023 2078 4077 in
2101 4022 2340 4091 Jericho,
2375 4033 2430 4078 et
2475 4023 2666 4077 incidit
2716 4023 2770 4078 in
2804 4024 3062 4090 latrones,
3097 4046 3116 4077 ι
3148 4028 3266 4081 vide
3297 4045 3424 4082 num
3454 4045 3600 4098 quae-

2025 4129 2146 4169 rere
2171 4117 2348 4185 possis
2381 4131 2561 4168 annon
2596 4123 2896 4169 memorata
2927 4116 3013 4170 hic
3043 4115 3258 4171 Jerieho
3289 4120 3597 4189 symbolum

2025 4205 2092 4260 sit
2143 4206 2419 4260 terrestris
2469 4205 2615 4260 illius
2665 4206 2789 4268 loci,
2822 4207 2914 4275 qui
2961 4207 3014 4260 in
3047 4206 3327 4276 Scriptura
3361 4212 3596 4267 mundus

2025 4296 2134 4352 diei
2161 4297 2317 4352 solet.
2359 4297 2698 4370 Jerosolyma
2721 4314 2849 4370 ergo
2871 4298 3241 4355 Jerichuntcm
3267 4303 3595 4358 descendens

330 4404 482 4475 ἡθως
513 4402 850 4458 καλουμένου
898 4400 1041 4454 κατά
1078 4399 1178 4470 τὴν
1205 4398 1428 4470 Γραφὴν
1462 4399 1687 4470 κόσμου.
1733 4399 1791 4452 '0
1818 4399 1914 4470 μὲν

2028 4392 2224 4458 Adam,
2243 4393 2349 4448 hoc
2378 4402 2481 4458 est,
2502 4393 2686 4460 homo,
2713 4393 2766 4447 in
2789 4393 3026 4449 latrones
3047 4395 3254 4449 incidit.
3294 4397 3362 4448 At
3383 4407 3599 4466 propter

1574 4537 1804 4594 VETUS
1845 4531 2431 4590 INTERPRETATIO.

333 4657 616 4724 Hiericho,
651 4670 852 4716 secutae
885 4669 1013 4714 sunt
1047 4676 1171 4714 eum
1205 4660 1376 4714 turbae
1405 4658 1610 4732 multae.
1647 4654 1844 4732 i_\’_i_de
1877 4669 2006 4732 ergo
2043 4652 2088 4706 si
2127 4664 2769 4732 meruereorumquma
2813 4650 2966 4732 nobis
2993 4660 3121 4732 sunt
3149 4651 3289 4705 dicta
3318 4651 3458 4732 apud
3487 4649 3596 4732 Lu-

333 4744 456 4784 cam
499 4729 552 4782 in
587 4719 843 4798 parabola
877 4731 943 4783 de
977 4731 1200 4783 homine
1247 4728 1614 4802 descendente
1647 4725 1717 4779 ab
1749 4719 2088 4802 Hierusalem
2133 4721 2187 4802 in
2221 4719 2499 4802 Hiericho:
2531 4729 2587 4800 et
2630 4721 2997 4802 incident'e"in
3041 4723 3295 4802 latrones,
3336 4719 3488 4802 putes
3513 4720 3597 4802 di-

334 4813 460 4854 cere
489 4817 502 4852 :
535 4789 612 4852 Ne
652 4798 789 4852 forte
828 4808 882 4853 et
920 4799 1008 4852 hic
1050 4798 1310 4853 Hiericho
1351 4793 2096 4872 intelligitnr_ntun_d_us.iste
2133 4789 2557 4872 terrenus.“Qui
2593 4805 2722 4859 ergo
2759 4791 2828 4844 ab
2864 4789 3201 4872 Hierusalem
3244 4793 3313 4872 in.
3337 4789 3596 4872 Hiericho

338 4869 652 4932 descendit,
695 4867 798 4922 fuit
847 4869 1017 4921 Adam
1045 4909 1058 4930 ,
1101 4870 1151 4922 id
1193 4879 1274 4922 est
1303 4910 1318 4932 ,
1362 4858 1574 4931 homo',
1615 4865 1706 4934 qui
1751 4863 1950 4942 incidit_
1976 4862 2030 4915 in
2071 4862 2350 4942 latronesu
2390 4858 2626 4942 Propter
2665 4858 2826 4942 quem
2865 4859 3025 4914 Jesus
3063 4861 3342 4942 descendit
3381 4862 3432 4914 in
3473 4876 3593 4940 eam

333 4953 459 4992 eum
500 4929 783 5008 discipulis
825 4939 991 5008 suis,
1016 4929 1070 4991 et
1107 4929 1362 5008 egressus
1400 4946 1486 4992 est
1527 4929 1800 5008 mercatus
1840 4933 2044 5008 multos
2079 4933 2138 5008 _i_n
2178 4945 2250 5008 ea
2281 4929 2508 5008 fideles,
2544 4939 2597 4984 et
2634 4930 2875 5008 volentes
2912 4945 3036 5008 eum
3079 4933 3257 4999 sequi.
3299 4931 3408 4986 Nec
3446 4931 3596 5008 enim

333 5009 514 5063 sciunt
551 4998 655 5077 qui'
685 5016 813 5062 sunt
852 5008 904 5060 in
949 4998 1205 5082 Hiericho
1228 5009 1396 5082 exire
1435 5009 1501 5060 de
1538 5005 1807 5082 sapientia
1850 5001 2156 5082 mundiali,
2199 4999 2313 5082 nisi
2345 5001 2575 5082 viderint
2613 4999 2936 5082 non-solum
2976 4998 3493 5082 Je‘sunrexenntetu
3527 5002 3596 5054 de

337 5069 627 5143 Hiericho,
670 5078 762 5132 sed
805 5077 968 5131 etiam
1009 5076 1310 5146 discipulos
1351 5077 1492 5146 ejus.
1555 5069 1680 5130 Haec
1719 5087 1848 5143 ergo
1887 5073 2132 5126 videntes
2169 5080 2369 5125 secuta:
2406 5079 2535 5123 sunt
2570 5085 2693 5123 cum
2736 5069 2906 5122 turba:
2944 5071 3144 5124 multae.
3186 5069 3252 5125 Et
3288 5082 3371 5127 est
3407 5071 3593 5126 videre

403 5235 448 5268 ⁸ο
475 5233 665 5290 Matth.
703 5249 794 5300 xx,
822 5232 912 5286 52.
989 5233 1031 5265 θ’
1064 5232 1194 5287 ibid.
1226 5233 1316 5288 29.
1394 5233 1438 5264 "
1464 5235 1568 5287 isa.
1594 5248 1669 5296 vi,
1701 5232 1756 5288 9.
1831 5231 1876 5264 ⁹³
1902 5229 2048 5286 Psal.
2086 5245 2210 5295 cxv,
2249 5229 2301 5284 l.
2378 5230 2424 5262 ³⁸
2454 5227 2612 5285 Joan.
2645 5245 2764 5297 VIII,
2804 5229 2892 5283 32.
2970 5229 3017 5260 "
3045 5227 3176 5286 Luc.
3213 5247 3268 5294 κ,
3295 5231 3383 5285 '60.

2016 5368 2183 5424 dubio
2204 5378 2318 5422 erat
2352 5367 2498 5423 illius
2521 5369 2670 5430 Adm,
2702 5368 2793 5435 qui
2816 5367 2881 5420 de
2904 5367 3158 5436 paradiso
3191 5368 3241 5420 in
3267 5369 3385 5434 ejus
3404 5370 3592 5426 mundi

2016 5438 2270 5493 exsilium
2302 5447 2490 5492 trusus
2519 5448 2621 5492 est.
2658 5437 2762 5490 Sed
2807 5448 2859 5490 et
2886 5438 3012 5491 caeci
3044 5437 3135 5507 qui
3179 5447 3334 5492 erant
3369 5438 3420 5490 in
3447 5437 3589 5494 Jeri-

2015 5509 2155 5574 eho,
2191 5509 2256 5560 ad
2303 5523 2444 5576 quos
2498 5509 2642 5561 venit
2684 5507 2868 5571 Jesus,
2905 5517 2963 5560 ut
3005 5507 3206 5560 l‘aceret
3245 5523 3339 5560 eos
3385 5509 3588 5574 videre,

2017 5577 2247 5632 formam
2305 5577 2563 5647 gerebant
2595 5593 2808 5640 eorum,
2840 5578 2930 5644 qui
2976 5577 3028 5628 in
3066 5578 3168 5629 hoc
3210 5577 3412 5630 mundo
3436 5582 3593 5633 neci-

2017 5657 2125 5701 tate
2168 5647 2486 5715 ignorantiae
2517 5647 2920 5715 premebantur,
2954 5648 3018 5698 ad
3065 5662 3204 5714 quos
3249 5649 3392 5702 venit
3422 5649 3593 5706 Filius

2022 5716 2135 5771 Dei.
2173 5715 2298 5839 ll;pe
2331 5731 2460 5784 ergo
2487 5715 2738 5784 Jeriebo,
2768 5719 2818 5773 id
2848 5726 2928 5771 est
2959 5718 3194 5773 mundus
3226 5718 3332 5785 hic,
3363 5735 3592 5776 casurus

2022 5797 2116 5839 est.
2160 5807 2177 5837 ›
2265 5801 2474 5839 υετιυε.

2019 5797 2116 5842 est.
2160 5807 2177 5837 ι
2215 5787 2474 5842 llnm‘ws.

405 5371 458 5443 (7
467 5371 520 5443 4)
541 5369 1064 5443 Μεμνημένοςᾉτῶν
1083 5370 1226 5443 ᾑμῖν
1241 5369 1782 5440 ὑπαγορευθέντων,
1802 5378 1907 5425 etc.

338 5439 636 5510 Origenes,
659 5439 846 5496 homil.
878 5441 948 5495 54
975 5442 1029 5494 in
1075 5439 1208 5496 Luc.

407 5509 519 5580 (75)
555 5511 795 5580 Μήποτε
827 5510 924 5563 καὶ
947 5510 1204 5580 ἐνταῦθα
1237 5509 1466 5579 Ἱεριχώ,
1502 5520 1607 5566 etc.
1631 5509 1918 5580 Origenes,

337 5577 528 5634 homil.
561 5582 592 5633 tl
635 5577 689 5630 in
718 5577 914 5634 Josue:
957 5599 972 5630 ι
1011 5579 1064 5632 In
1101 5580 1270 5649 ﬁgura
1302 5577 1506 5634 ’tnundi
1543 5581 1668 5649 poni
1701 5577 1920 5649 Jerieho

337 5649 390 5703 in
421 5649 717 5716 Scripturis
747 5654 1054 5718 frequenter
1080 5648 1409 5704 invenimus.
1436 5648 1568 5703 Nam
1601 5659 1654 5704 ct
1675 5649 1726 5718 in
1754 5648 1921 5702 Evan-

337 5719 478 5786 gelio
509 5720 652 5786 quod
698 5717 897 5772 dicitur
944 5722 1108 5773 homo
1150 5721 1218 5774 de
1258 5719 1556 5774 Jerusalem
1611 5720 1663 5772 in
1699 5717 1920 5773 Jericho

337 5788 706 5852 descendisse,
738 5797 790 5842 et
842 5789 895 5842 in
945 5789 1184 5845 latrones
1233 5789 1556 5854 incurrisse,
1598 5789 1772 5844 forma
1803 5789 1922 5846 sine
