4032 6308
408 408 563 466 “65

1362 409 1720 468 COMMENT.
1763 410 1831 466 IN
1867 409 2282 470 MATTHASUM
2325 411 2562 470 TOMUS
2594 412 2735 468 XVI.

3522 423 3685 478 1606

406 529 585 585 Δαυῒδ
626 529 767 585 κατά
802 529 1000 601 σάρκα.
1042 531 1166 585 ἐπεὶ
1202 531 1370 602 μηδὲν
1401 531 1589 585 τούτου
1619 532 1780 587 πλέον
1828 532 1997 587 συνίε-

2107 533 2280 589 tilium
2323 531 2491 587 David
2528 532 2622 603 qui
2663 547 2726 585 ex
2772 532 2979 586 semine
3010 533 3176 590 David
3222 537 3522 594 secundum
3560 553 3685 593 car-

409 637 543 685 σαν,
576 623 691 675 υἱὸν
715 621 908 674 Δαυῖδο
948 623 1044 676 καὶ
1082 623 1233 674 πᾶσα
1257 621 1437 676 αὐτῶν
1468 625 1503 694 ἡ
1533 623 1766 677 δοκοῦσα
1792 623 1881 677 διὰ
1901 625 2001 696 τὴν

400 708 724 764 θεοσέϐειαν
753 709 1134 780 μεγαλοφωνία
1154 710 1305 763 οὐδὲν
1336 709 1498 765 πλέον
1527 710 1641 782 ᾔδει
1666 711 1845 782 λέγειν
1874 716 2002 784 περὶ

394 800 502 854 τοῦ
540 799 792 871 Σωτῆρος
823 800 857 871 ἢ
903 800 984 853 ὅτι
1016 801 1132 864 υἱὸς
1162 796 1231 872 ἦν
1262 799 1354 854 τοῦ
1387 802 1571 856 Δαυῖδ.
1615 802 1740 857 Ἐἀν
1777 804 1834 857 δὲ
1859 804 2002 875 λέγω

391 890 498 944 δύο
534 891 792 960 τυφλοὺς,
821 890 915 945 τὸν
948 895 1056 965 πρὸ
1079 894 1179 964 τῆς
1222 894 1395 965 Ἰησοῦ
1442 896 1522 959 είς
1558 895 1655 968 τὴν
1695 896 1871 969 ψυχὴν
1905 899 2002 951 αὐ-

388 980 515 1034 τῶν
554 981 852 1054 ἐπιδημίας
885 983 1101 1055 Ἰσραὴλ
1121 983 1214 1037 καὶ
1247 985 1467 1050 Ἰούδαν,
1495 985 1661 1057 ἄναγε
1691 988 1885 1041 σαυτὸν
1908 989 2001 1043 ἐπὶ

389 1071 504 1133 τὰς
544 1072 890 1138 Βασιλείας,
914 1073 1007 1125 καὶ
1053 1073 1385 1143 κατανόησον
1431 1077 1570 1132 κατὰ
1612 1078 1737 1141 τοὺς
1776 1079 2001 1150 χρόνους

405 1162 664 1235 Ῥοϐοάμ
687 1163 1061 1237 διαιρούμενον
1089 1165 1179 1219 τὸν
1212 1166 1338 1221 λαὸν
1382 1167 1599 1240 Ἰσραὴλ
1628 1171 1723 1224 καὶ
1760 1170 1959 1225 Ἰούδαν
1984 1188 1999 1203 ·

400 1255 514 1308 καὶ
540 1253 668 1324 ἑξῆς
698 1255 801 1326 δρα
827 1254 954 1319 τοὺς
986 1257 1293 1329 προφήτας,
1324 1258 1415 1311 ὁτὲ
1445 1259 1500 1312 δὲ
1524 1260 1600 1331 τῷ
1645 1260 1880 1332 Ἰσραὴλ,
1911 1260 2001 1315 ὁτὲ

402 1344 472 1397 δὲ
518 1342 596 1415 τῷ
639 1341 807 1416 Ἰούδᾳ
846 1346 1307 1417 προφητεύοντας,
1346 1349 1478 1402 ὅπου
1518 1348 1577 1401 δὲ
1609 1346 1727 1420 ἅμα
1765 1350 2003 1421 ἀμφοτέ-

411 1450 557 1504 ροις.
602 1434 731 1505 Ἰδίᾳ
760 1435 860 1505 μὲν
889 1430 982 1488 οὖν
1007 1435 1125 1500 πῶς
1158 1436 1402 1508 ἑκατέρῳ
1437 1437 1869 1511 προφητεύουσιν
1907 1439 2000 1493 εὖ-

412 1541 537 1596 ροις
562 1524 628 1579 ἂν
660 1524 939 1597 προσέχων
970 1528 1036 1597 τῇ
1069 1526 1369 1595 ἀναγνώσει
1391 1528 1498 1582 τῶν
1528 1528 1819 1600 προφητῶν
1838 1548 1853 1563 ο
1885 1530 2001 1601 ἅμα

407 1611 476 1665 δὲ
510 1613 727 1686 Ἰσραὴλ
758 1615 853 1669 καὶ
894 1615 1082 1688 Ἰούδᾳ,
1122 1616 1287 1686 ἡνίκα
1330 1616 1419 1669 διὰ
1463 1616 1558 1670 τοῦ
1601 1617 1778 1689 Ἰησοῦ
1826 1620 1999 1687 ἐπαγ-

407 1702 664 1781 γέλλεται
709 1707 740 1759 6
775 1704 907 1770 Θεὸς
943 1723 962 1757 ι
1008 1707 1344 1762 συντελέσειν
1387 1707 1480 1762 ἐπὶ
1515 1708 1611 1763 τὸν
1639 1704 1783 1762 οἶκον
1831 1709 1999 1763 ’ἰούδα

408 1794 691 1866 Διαθήκην
745 1796 854 1868 (79)
882 1798 1112 1869 Καινὴν,
1157 1798 1218 1852 οὐ
1264 1798 1403 1853 κατὰ
1449 1799 1549 1872 τὴν
1603 1800 1879 1873 Διαοήκην
1931 1803 1997 1874 ἢν

2106 639 2230 678 nem
2266 633 2567 693 prognatus
2594 630 2734 685 erat,
2764 621 3067 691 appellant,
3101 625 3360 692 quoniam
3398 626 3533 680 nihil
3563 641 3682 680 am-

2104 713 2249 782 plius
2293 722 2475 768 mente
2514 713 2826 783 capiebant;
2878 715 3169 784 omnisque
3219 731 3410 771 eorum
3452 719 3677 783 clamor.

2104 819 2266 874 quem
2312 820 2424 875 prae
2464 806 2663 876 pietate
2709 806 2897 861 tollere
2935 805 3038 860 visi
3076 813 3233 871 sunt,
3274 807 3411 861 nihil
3440 810 3585 866 aliud
3613 811 3685 864 de

2107 893 2400 951 Servatore
2428 894 2672 965 proferre
2708 896 2935 958 sciebat,
2960 911 3126 965 quam
3165 895 3341 965 ipsum
3365 910 3485 951 esse
3508 897 3679 952 lilium

2104 984 2299 1040 David.
2342 984 2499 1052 Quod
2531 986 2576 1042 si
2603 986 2742 1041 duos
2772 1002 2946 1042 caecos
2979 984 3237 1040 lsraelem
3261 1000 3383 1041 esse
3408 995 3460 1040 et
3482 985 3677 1042 ludam

2105 1078 2269 1149 730
2288 1078 2605 1145 pronuntio,
2633 1087 2922 1147 antequam
2953 1077 3020 1132 ad
3044 1092 3234 1132 eorum
3262 1076 3501 1132 animam
3519 1075 3680 1134 Jesus

2102 1171 2457 1234 accessisset,
2499 1170 2565 1225 ad
2615 1171 2787 1226 libros
2829 1169 3026 1241 Regum
3075 1176 3312 1224 mentem
3357 1169 3574 1235 attolle,
3625 1180 3680 1227 et

2105 1262 2366 1333 populum
2407 1261 2622 1318 Israelis
2652 1272 2706 1317 et
2726 1260 2899 1325 Iud-.9,
2926 1260 3195 1315 Roboami
3229 1260 3565 1329 temporibus
3592 1262 3680 1317 di-

2103 1354 2307 1419 visum,
2356 1355 2563 1425 cogita;
2613 1363 2728 1409 tum
2763 1353 2958 1410 deinde
2998 1352 3064 1406 ad
3102 1351 3394 1422 prephetas
3439 1354 3675 1419 attende,

2101 1447 2197 1518 qui
2227 1446 2416 1502 Israeli
2445 1446 2760 1516 aliquando,
2790 1443 3081 1514 aliquando
3106 1442 3279 1508 Juda3,
3310 1442 3527 1513 utrique
3548 1458 3680 1499 vero

2102 1536 2269 1592 simul
2303 1536 2602 1605 aliquando
2644 1535 3034 1590 vaticinantur.
3086 1532 3243 1599 Quod
3289 1533 3335 1587 si
3380 1534 3678 1604 prophetas

2101 1627 2354 1682 evolvere
2395 1625 2488 1681 tibi
2541 1625 2780 1691 libuerit,
2829 1640 2939 1695 quo
2977 1633 3136 1694 pacto
3185 1622 3400 1693 utrique
3427 1637 3675 1678 seorsum

2101 1716 2378 1773 vaticinati
2426 1717 2538 1772 sint
2582 1723 2919 1785 compertum
2972 1713 3235 1779 habebis;
3267 1712 3451 1769 lsraeli
3496 1722 3675 1769 autem

2103 1806 2267 1863 simul
2306 1816 2359 1861 et
2388 1804 2561 1872 Judae,
2604 1805 2822 1875 quando
2864 1802 3109 1858 futurum
3154 1803 3442 1872 pollicetur
3466 1802 3610 1858 Deus
3630 1803 3679 1835 ⁸⁸

411 1884 673 1957 ἐποίησεν
705 1887 734 1939 6
768 1886 900 1951 Θεὸς
946 1890 1057 1952 τοῖς
1087 1890 1357 1962 πατράσιν
1385 1909 1405 1942 ι
1434 1891 1889 1963 ἐκπορευομένοις
1925 1894 1990 1946 ὲκ

2101 1906 2153 1951 ιιι
2181 1912 2276 1968 per
2301 1895 2488 1952 Jesum
2523 1913 2542 1946 ι
2571 1904 2916 1951 consummet
2954 1909 3117 1963 super
3154 1893 3377 1948 domum
3403 1891 3541 1948 Juda
3574 1892 3677 1949 Te-

409 1977 520 2048 γῆς
545 1978 844 2048 Αἰγύπτου.
871 1981 983 2035 Καὶ⁸
1012 1981 1201 2052 τυφλοί
1228 2000 1291 2052 γε
1332 1983 1506 2049 ὄντες,
1537 1985 1566 2036 6
1599 1984 1835 2056 Ἰσραὴλ,
1865 1986 1994 2057 περὶ

407 2061 478 2123 οὗ
514 2067 771 2135 πολλάκις
796 2070 1216 2144 ἀποδεδώκαμεν
1247 2073 1801 2144 άντιδιαστελλόμενοι
1834 2076 1997 2130 αὐτὸν

410 2160 555 2231 πρὸς
586 2161 676 2214 τὸν
719 2162 862 2216 κατά
911 2164 1089 2236 σάρκα
1139 2164 1358 2237 Ἰσραὴλ
1406 2165 1503 2219 καὶ
1560 2165 1729 2219 Ἰούδα
1772 2166 1995 2237 ὁμοίως,

414 2269 437 2301 ι
501 2252 852 2318 ἀκούσαντες,
904 2254 986 2307 ὃτι
1049 2254 1256 2326 Ἰησοῦς
1313 2257 1573 2327 παράγει,
1641 2254 1909 2327 ἔκραξαν·
1971 2276 1991 2309 ι

409 2340 767 2408 ἀκούσαντες,
814 2344 999 2414 φησὶν,
1045 2345 1127 2398 ὅτι
1170 2346 1300 2416 γὰρ,
1336 2341 1511 2416 οἶμαι,
1548 2345 1656 2399 τῶν
1695 2345 1997 2418 κηρυσσόν-

406 2448 525 2487 των
554 2433 624 2487 τὰ
655 2434 784 2505 περὶ
821 2434 924 2505 τῆς
956 2435 1132 2505 Ἰησοῦ
1171 2436 1491 2508 ἐπιδημίας,
1526 2437 1618 2490 καὶ
1647 2437 1729 2490 ὅτι
1762 2437 1998 2508 παράγει

408 2524 513 2597 τὴν
556 2524 1032 2597 παρελευσομένην
1090 2525 1301 2599 ἰεριχὼ
1355 2528 1492 2598 (80),
1554 2526 1836 2599 ἐπιδημῶν
1899 2528 1998 2599 μὲν

405 2618 571 2690 αὐτῇ,
605 2617 1017 2690 ἐξελευσόμενος
1058 2618 1115 2673 δὲ
1158 2619 1253 2672 ἀπ’
1287 2619 1480 2690 αὐτῆς,
1528 2619 1879 2673 εὐλαϐοῦνται
1922 2620 1997 2692 μὴ

406 2710 659 2781 παρέλθῃ
693 2711 892 2774 αὐτοὺς
929 2710 1005 2782 μὴ
1034 2710 1353 2781 ὲλεηθέντας
1372 2727 1384 2741 ·
1420 2710 1499 2764 διὸ
1528 2711 1833 2783 κεκράγασι
1862 2711 1998 2783 πρὸς

408 2800 575 2854 αὐτὸν
611 2799 899 2869 λέγοντες
937 2819 956 2853 ι
1007 2801 1260 2872 Ἐλέησον
1294 2803 1464 2874 ἡμᾶς,
1503 2802 1700 2875 Κύριε,
1741 2802 1856 2867 υίὸς
1895 2805 2000 2857 Δα-

410 2889 518 2943 υἲδ.
559 2909 578 2941 ι
604 2891 924 2961 Εὐεργετῶν
951 2891 1009 2946 δὲ
1033 2894 1062 2947 6
1095 2892 1286 2965 Σωτὴρ
1318 2892 1379 2947 οὐ
1412 2894 1668 2966 παράγει,
1701 2892 1818 2947 ἀλλ’
1847 2893 1999 2948 τστα-

408 2996 525 3045 ται,
570 2980 657 3034 ἵνα
699 2981 926 3045 στάντος
970 2983 1135 3037 αὐτοῦ
1183 2984 1259 3056 μὴ
1301 2985 1588 3057 παραρῤέῃ
1627 2986 1661 3056 ἡ
1706 2984 1997 3056 εὐεργεσία

411 3070 509 3125 καὶ
555 3072 916 3145 παρέρχηται,
961 3074 1078 3128 ἀλλ’
1112 3075 1190 3138 ὡς
1229 3075 1337 3129 ἀπὸ
1378 3076 1561 3148 πηγῆς
1595 3075 1707 3148 (81)
1754 3075 1998 3147 ἑστώσης

416 3162 704 3235 ἐγγένηται
733 3167 848 3229 τοῖς
868 3164 1366 3238 εὐεργετουμένοις.

2096 1997 2426 2044 stamentum
2455 1987 2665 2042 Novum
2703 2004 2717 2041 :
2758 2001 2865 2039 non
2926 1985 3226 2041 secundum
3265 1985 3675 2041 Testamentum

2095 2079 2242 2149 quod
2302 2076 2483 2134 fecit:
2545 2076 2689 2131 Deus
2746 2094 2764 2127 ι
2811 2076 3103 2145 patribus»
3158 2075 3225 2130 de
3277 2086 3419 2131 terra
3456 2077 3676 2150 Egypti

2097 2169 2446 2225 exeuntibus.
2505 2166 2575 2221 Et
2622 2183 2747 2222 cum
2797 2165 2925 2222 czeci
2976 2176 3182 2230 essent,
3239 2165 3428 2232 Israel,
3462 2168 3530 2223 de
3566 2183 3677 2237 quo

2099 2260 2267 2314 multa
2311 2274 2342 2314 a
2382 2258 2542 2314 nobis
2571 2257 2716 2313 dicta
2762 2266 2909 2322 sunt,
2951 2272 3076 2315 cum
3111 2256 3180 2310 ab
3222 2256 3421 2335 Israele
3461 2260 3673 2314 carnali

2095 2366 2221 2405 cum
2247 2350 2739 2419 distingueremus;
2782 2356 2948 2419 atque
2977 2348 3162 2403 itidem
3191 2348 3351 2413 Juda,
3384 2358 3674 2420 postquam

2104 2460 2121 2494 ι
2150 2442 2441 2497 audierunt
2458 2441 2586 2511 quia
2632 2438 2792 2496 Jesns
2816 2443 3093 2508 transiret,
3130 2442 3505 2497 clalnavcrunt
3535 2441 3616 2495 9’z
3650 2460 3669 2494 ι

2099 2541 2391 2604 postquam
2445 2532 2757 2599 audierunt,
2814 2532 3021 2602 inquit,
3068 2535 3136 2589 ab
3184 2534 3273 2600 iis,
3325 2533 3540 2604 opinor,
3579 2532 3676 2601 qui

2099 2623 2502 2679 annuntiabant
2541 2637 2606 2677 ea
2637 2638 2760 2693 quae
2803 2622 2869 2677 ad
2898 2621 3025 2678 Jesu
3059 2624 3348 2679 adventum
3383 2623 3674 2694 pertinent,

2099 2718 2390 2788 ipsumque
2455 2715 2771 2772 Jericbunte
2837 2732 2965 2787 quae
3023 2717 3140 2787 ipsa
3198 2717 3496 2772 transitura
3555 2724 3675 2782 est,

2100 2809 2366 2877 transire,
2414 2808 2469 2862 in
2520 2808 2666 2864 hanc
2717 2807 2937 2878 quidem
2990 2824 3216 2881 peregre
3279 2808 3673 2874 advenientem,

2098 2911 2156 2958 at
2200 2902 2326 2958 inde
2371 2902 2677 2965 exiturum,
2726 2911 2983 2959 verentur
3025 2917 3092 2958 ne
3140 2918 3199 2958 se
3243 2900 3674 2957 misericordiam

2100 2998 2446 3058 nequaquam
2515 2998 2843 3045 consecutos
2896 2990 3402 3061 praetergrediatur;
3471 2989 3676 3044 idcirco

2097 3090 2223 3131 eum
2267 3076 2699 3131 inclamaverunt
2742 3077 3027 3132 dicentes‘
3065 3095 3079 3132 :
3123 3094 3142 3127 ι
3174 3075 3430 3131 Miserere
3475 3074 3679 3143 nostri,

2100 3165 2363 3231 Domine,
2414 3166 2486 3219 (ili
2538 3165 2727 3222 David.
2759 3185 2779 3220 ι
2850 3166 3131 3222 Beneﬁcus
3180 3175 3359 3221 autem
3419 3161 3674 3219 Servator

412 3269 522 3310 non
558 3254 820 3326 praeterit,
860 3256 955 3312 sed
990 3256 1241 3324 restitat,
1283 3266 1344 3312 ut
1384 3265 1562 3313 stante
1600 3272 1667 3312 eo
1718 3256 2043 3313 beneﬁcium
2095 3256 2414 3327 neutiquam
2462 3255 2735 3312 dilabatur
2777 3272 2842 3313 ac
2897 3264 3217 3329 praetereat.
3266 3254 3363 3313 sed
3412 3263 3674 3325 tanquam

409 3349 483 3407 de
523 3348 672 3406 fonte
712 3359 863 3408 certo
906 3366 970 3408 ac
1018 3362 1279 3424 perpetuo
1324 3354 1379 3407 in
1427 3368 1524 3410 eos
1567 3352 1862 3419 derivetur,
1899 3354 1993 3422 qui
2034 3351 2297 3407 beneﬂcio
2322 3350 2651 3406 aﬂiciuntur.

481 3441 622 3505 Στὰς
656 3437 750 3496 οὖν
770 3445 799 3497 6
834 3443 1059 3515 Ἰησοῦς,
1095 3445 1192 3499 καὶ
1214 3443 1444 3515 πληγεὶς
1474 3445 1582 3500 ἀπὸ
1621 3446 1719 3517 τῆς
1748 3445 1996 3517 κραυγῆς

2172 3445 2259 3500 ll.
2286 3444 2447 3501 Stans
2466 3462 2594 3516 ergo
2609 3442 2790 3509 Jesus,
2814 3458 3115 3512 eorumque
3138 3442 3377 3497 clamore
3399 3455 3465 3496 ac
3487 3455 3675 3511 posm-

409 3533 610 3599 αὐτῶν,
655 3536 751 3589 καὶ
787 3534 886 3607 τῆς
927 3535 1225 3602 ἀξιώσεως,
1269 3537 1427 3591 καλεῖ
1460 3536 1657 3601 αὐτοὺς
1697 3537 1834 3608 πρὸς
1876 3536 2001 3588 ἐαυ-

406 3623 525 3689 τὸν,
578 3626 677 3698 τὴν
728 3627 906 3699 ἀρχὴν
950 3627 1054 3696 τῆς
1094 3628 1416 3699 εὐεργεσίας
1478 3628 1580 3699 ἠδη
1648 3627 1995 3697 ποιούμενος,

408 3716 502 3771 ὅτε
538 3715 819 3788 ἐφώνησεν
856 3716 1082 3781 αὐτούς·
1118 3718 1217 3772 οὐκ
1259 3717 1325 3771 ἂν
1369 3718 1477 3789 γὰρ
1516 3718 1688 3781 κενῶς
1724 3716 1994 3788 ὲφώνησε,

411 3808 508 3863 καὶ
534 3808 627 3861 ἐπὶ
657 3807 734 3879 τῷ
772 3808 938 3881 μηδὲν
965 3808 1262 3880 ἀνυσθῆναι
1290 3809 1349 3863 ὲν
1385 3811 1499 3872 τοῖς
1529 3808 1878 3880 φωνηοετσιν.
1910 3809 1996 3876 Ὠς

409 3898 544 3965 εἴθε,
578 3902 674 3955 καὶ
712 3900 873 3972 ἡμῶν
911 3899 1048 3972 πρὸς
1093 3899 1255 3954 αὐτὸν
1292 3899 1641 3971 κεκραγότων
1675 3902 1769 3954 καὶ
1811 3902 1996 3972 λεγόν-

408 4002 548 4042 των·
582 4007 603 4041 ι
645 3988 896 4061 Ἐλέησον
915 3990 1085 4060 ἡμᾶς,
1111 3988 1305 4061 Κύριε,
1330 4009 1347 4042 ι
1382 3990 1628 4062 φωνήσαι
1659 3991 1806 4062 ἡμᾶς
1830 3992 1993 4063 ἀρχο-

2106 3536 2307 3592 latione
2333 3545 2661 3600 commotus,
2693 3536 2841 3604 ipsos
2867 3535 2935 3590 ad
2970 3549 3028 3589 se
3070 3534 3321 3598 accersit,
3350 3532 3671 3588 beneﬁcium

2106 3642 2267 3681 suum
2296 3625 2408 3695 jam
2448 3626 2574 3680 inde
2605 3640 2839 3679 exorsus
2868 3665 2883 3689 ,
2930 3639 3056 3679 cum
3089 3640 3185 3680 eos
3211 3625 3516 3691 accersivit,
3561 3638 3672 3679 non

2106 3731 2205 3771 eos
2229 3724 2409 3770 autem
2443 3714 2645 3769 frustra
2673 3714 2909 3779 vocavit,
2952 3729 3053 3769 nec
3081 3715 3155 3769 ita
3190 3724 3250 3770 ut
3293 3714 3347 3768 in
3386 3715 3454 3770 iis
3484 3714 3674 3770 accitis

2104 3805 2241 3860 nihil
2260 3805 2509 3862 eﬂ‘ectum
2528 3804 2759 3860 dederit.
2791 3807 2961 3875 Atque
2988 3804 3195 3861 utinam
3228 3821 3356 3860 cum
3380 3807 3556 3876 ipsum
3589 3806 3674 3861 in-

2102 3898 2520 3953 clamaverimns
2537 3898 2811 3952 dicentes:
2839 3915 2856 3947 ι
2870 3895 3124 3953 Miserere
3155 3895 3352 3964 nostri,
3372 3895 3621 3964 Domine,
3646 3915 3664 3948 ο

2102 3988 2220 4059 ipse
2240 4003 2339 4044 nos
2361 4004 2389 4044 a
2409 4008 2427 4039 ι
2448 3986 2733 4042 FiliDavid
2753 4007 2772 4040 ι
2791 3989 3161 4060 auspicantes,
3178 3997 3232 4045 et
3253 3996 3406 4045 stans
3428 3988 3670 4059 quidem,

1657 4097 1887 4156 VETUS
1926 4098 2504 4155 INTERPRETATIO.

414 4223 527 4292 sto,
552 4212 659 4269 nisi
689 4213 818 4284 quia
853 4212 998 4292 [ilius
1031 4222 1151 4292 erat
1176 4211 1364 4292 David.
1401 4211 1550 4292 Duos
1582 4228 1758 4268 cazcus
1791 4222 1973 4292 autem
2006 4213 2248 4292 diximus
2294 4214 2526 4292 populos
2547 4212 2702 4292 _duos
2738 4211 2793 4266 in
2822 4212 2929 4292 dua
2962 4225 3125 4292 regna
3174 4210 3386 4292 divisos
3429 4219 3673 4292 tempore

416 4282 661 4354 Roboam
692 4280 722 4338 τ’
742 4292 796 4354 et
821 4284 943 4338 vide
971 4283 1282 4354 prophetas,
1314 4283 1589 4354 quomodo
1621 4298 1767 4337 nunc
1792 4282 1955 4339 Israel
1981 4324 1997 4350 ,
2049 4300 2195 4339 nunc
2219 4280 2381 4337 Iudae
2407 4282 2910 4354 prophetaveruut,
2958 4280 3252 4354 aliquando
3300 4289 3479 4335 autem
3510 4280 3673 4354 simul

416 4352 706 4424 ambobus.
724 4352 809 4424 illi
835 4348 1197 4424 ergo'populi,
1226 4348 1502 4424 quoniam
1521 4353 1676 4422 signo
1701 4354 1938 4424 quodam
1962 4348 2279 4424 prophetico
2302 4348 2588 4424 anu—ierant
2621 4351 2854 4424 transire
2873 4348 3081 4424 Jesum,
3116 4351 3505 4424 clamaverunt.
3535 4348 3675 4424 Puto

414 4423 560 4477 enim
593 4423 745 4493 quod
767 4419 1160 4479 audiéruhtab
1190 4419 1272 4478 eis
1303 4423 1397 4493 qui
1441 4419 1731 4477 adventum
1762 4419 2470 4493 Christi'prophctaverunt.
2499 4421 2564 4475 Et
2586 4421 2843 4491 quoniam
2870 4420 3085 4493 transit,
3122 4420 3343 4493 veniens
3368 4419 3586 4493 quidem
3616 4419 3672 4474 in

414 4507 560 4557 eam,
585 4488 871 4563 egrediens
904 4503 1086 4563 autem
1112 4509 1177 4547 ex
1210 4509 1296 4555 ea,
1322 4488 1375 4547 et
1402 4493 1654 4563 timentes
1686 4507 1753 4547 ne
1776 4492 1915 4563 forte
1945 4488 2286 4563 pertranseat
2308 4507 2427 4558 eos,
2458 4488 2799 4563 nequaquam
2828 4490 3258 4563 misericordiam
3280 4488 3485 4545 faciens
3511 4504 3676 4559 super

413 4577 535 4626 eos,
556 4560 866 4618 clamabant
898 4581 910 4617 :
943 4582 961 4614 ι
998 4561 1252 4618 Miserere
1285 4563 1465 4626 nobis,
1501 4561 1759 4624 Domine,
1788 4564 1862 4618 ﬁli
1889 4560 2078 4618 David.
2121 4583 2138 4613 ι
2171 4562 2330 4618 Jcsus
2363 4560 2686 4617 autemnon
2722 4562 3037 4631 pertransit,
3080 4560 3175 4616 sed
3217 4568 3361 4623 stat,
3406 4566 3676 4631 ut_stante

418 4631 513 4714 illo
534 4646 655 4714 _non
686 4633 975 4714 transiluat
1000 4632 1347 4714 beneﬁcium,
1376 4633 1469 4688 sed
1484 4631 1655 4711 ,quasi
1688 4632 1754 4714 de
1793 4633 1944 4714 fonte
1977 4641 2159 4714 stante
2202 4632 2490 4714 proﬂuens
2529 4628 2903 4714 misericordia
2931 4632 3183 4714 deveniat
3233 4628 3508 4714 usquead
3554 4643 3672 4714 eos.

415 4698 600 4773 Turba
629 4710 832 4762 autem.
857 4703 909 4773 id
935 4710 1037 4766 est,
1070 4704 1377 4770 praecedens
1407 4697 1598 4756 eorum
1624 4701 1719 4773 qui
1733 4703 2091 4773 crediderant
2115 4742 2129 4765 ,
2161 4697 2325 4758 etiam
2370 4702 2689 4773 increpabat
2724 4702 2805 4757 eis
2838 4700 3234 4773 clamantibus;
3277 4718 3296 4751 ι
3318 4697 3436 4753 1³⁸1ιὶ
3468 4697 3674 4773 Dav_i_d_,

417 4769 679 4893 Riserere
702 4772 897 4839 nostri,
927 4782 1029 4893 it“!
1059 4766 1319 4837 tacerent,
1349 4780 1405 4828 et
1438 4787 1547 4827 non
1573 4766 1908 4842 appellarent
1937 4788 2065 4829 eum
2099 4772 2493 4844 contemptibili
2524 4766 2759 4827 'nomiue
2783 4812 2799 4838 ,
2846 4772 2940 4828 sed
2971 4770 3154 4842 potius
3183 4769 3425 4825 dicerent
3454 4787 3468 4825 :
3510 4788 3530 4822 ι
3569 4766 3674 4823 Fili

497 4855 533 4893 ι.
566 4855 823 4893 miserere
850 4857 950 4893 nos
979 4858 1041 4893 ιι.
1076 4861 1095 4893 ›

497 4843 533 4904 i,
566 4843 823 4895 miserere
850 4843 1041 4897 nostri.
1076 4861 1095 4893 ›

490 4909 577 4963 11.
602 4908 772 4983 _S_tans
795 4910 1103 4983 ergoAJesus
1125 4911 1458 4967 clamoribus
1487 4928 1677 4969 eorum
1703 4921 1948 4969 retentus
1977 4922 2033 4969 et
2057 4914 2335 4983 precibus,
2369 4919 2530 4967 vocat
2556 4926 2651 4967 eos
2676 4910 2742 4983 ad
2773 4908 3194 4983 se,_principi_t_1_m
3221 4906 3675 4983 beneﬂci_i_ost_en-

414 4978 572 5035 deus.
602 4978 713 5035 Nec
742 4976 888 5034 enim
923 4981 976 5035 in
1003 4997 1237 5036 vacuum
1275 4982 1489 5037 vocavit
1514 4998 1631 5039 eos.
1666 4984 1889 5040 Utinam
1922 4991 1977 5038 et
2003 4976 2163 5039 nobis
2193 4984 2557 5039 clamantibus
2583 4990 2637 5036 et
2663 4976 3001 5035 dicentibus:
3037 4976 3064 5029 ι“
3088 4977 3344 5033 Miserere
3369 4979 3549 5044 nobis,
3570 4976 3668 5031 Do-

417 5050 587 5122 mine,
609 5059 833 5122 3_voct-t
860 5065 960 5106 nos
994 5050 1314 5122 incipientes
1348 5067 1380 5107 a
1402 5052 1511 5107 lilio
1537 5053 1704 5108 David
1738 5073 1751 5107 :
1788 5062 1942 5109 stans
1972 5062 2155 5108 autem
2194 5063 2344 5108 vocet
2386 5068 2507 5118 nos,
2543 5051 2700 5122 quasi
2754 5050 3041 5122 intendens
3071 5048 3546 5122 deprecationibus
3577 5060 3673 5122 no-

415 5118 754 5190 stris._Dixit
778 5128 959 5174 autem
992 5120 1072 5175 eis
1105 5116 1120 5174 Ξ
1157 5139 1177 5172 ι
1210 5120 1349 5187 Quid
1380 5123 1544 5177 vultis
1576 5132 1635 5178 ut
1660 5123 1857 5177 faciam
1892 5124 2093 5179 vobis?
2132 5145 2149 5175 ι
2189 5123 2345 5190 Quod
2387 5116 2643 5178 existimo
2671 5134 2795 5175 esse
2828 5120 2954 5174 tale.
3005 5116 3162 5190 Quod
3212 5116 3672 5190 vultisostendite

416 5188 728 5263 manifeste,
753 5198 813 5244 ut
833 5204 1026 5263 omn_es
1049 5190 1143 5259 qui
1176 5191 1530 5263 egrediuntur
1554 5193 1622 5248 de
1651 5191 1909 5249 Hiericho
1940 5202 1995 5246 et
2017 5187 2324 5263 sequuntur
2354 5209 2463 5259 me,
2491 5193 2715 5263 audiant
2736 5198 2791 5245 et
2823 5188 3295 5263 videantl‘actum.
3354 5187 3461 5263 llli_
3489 5194 3672 5241 autem

417 5261 819 5329 responderunt
845 5278 859 5315 :
901 5278 919 5311 ι
950 5258 1025 5314 Ut
1040 5256 1358 5329 a'peria'ntur
1383 5262 1526 5317 oculi
1551 5263 1744 5318 nostri.
1781 5281 1801 5315 ο
1838 5263 2063 5334 Ingenui
2092 5256 2337 5333 quidem,
2365 5278 2431 5318 eo
2448 5256 2599 5333 quod
2620 5268 2778 5316 erant
2802 5261 2869 5316 de
2892 5259 3058 5316 Israel
3085 5257 3313 5326 etJuda,
3332 5256 3461 5313 caeci
3492 5264 3674 5311 autem

510 5426 555 5458 ⁸⁸
584 5423 698 5483 Jer.
734 5442 889 5495 xxxi,
916 5426 1011 5491 51,
1035 5426 1139 5495 52;
1170 5424 1334 5482 Hebr.
1363 5442 1478 5492 vm,
1508 5424 1569 5493 8,
1594 5425 1649 5481 9.
1723 5426 1769 5459 θ’
1799 5425 1990 5483 Matth.
2024 5444 2117 5494 xx,
2146 5428 2235 5484 '50.
2316 5428 2331 5461 ³
2367 5426 2499 5483 ibid.

480 5583 603 5655 ,(79)
632 5586 1034 5642 Eme/160’s“!
1062 5585 1162 5640 ἐπὶ
1204 5585 1314 5639 τὸν
1352 5580 1530 5655 cum:
1572 5586 1760 5640 Ἰούδα
1787 5587 1992 5655 Διαθῆ-

419 5651 554 5728 κηρρ.
581 5652 891 5728 Legendum
920 5656 1159 5728 fortasse
1174 5674 1195 5728 ι
1224 5655 1318 5708 ἐπὶ
1349 5655 1441 5707 τὸν
1479 5651 1627 5728 οἷκον
1660 5656 1875 5728 Ἰσραὴλ
1896 5651 1990 5712 καὶ

420 5723 513 5797 ἐπὶ
545 5723 810 5797 meum
847 5727 1017 5780 Ἰούδα
1038 5725 1333 5797 ᾼιαθήκην,
1362 5735 1467 5782 etc.
1495 5723 1574 5782 Ita
1602 5723 1800 5783 Jcrctn.
1830 5723 1987 5797 aut,

419 5792 509 5858 51,
540 5802 593 5851 ct
622 5793 785 5852 llebr.
823 5811 937 5865 VIII,
963 5796 1016 5853 8.
1048 5792 1309 5852 llusrws.

2172 5584 2286 5655 (.80)
2319 5583 2441 5655 Thr
2470 5582 3005 5655 παρελευσομένην
3032 5579 3264 5651 Ἰεριχώ.
3287 5578 3547 5655 Munda!“
3568 5582 3673 5638 sci-

2097 5647 2244 5716 licet,
2268 5647 2527 5724 eamdem
2549 5647 2714 5724 enim
2748 5647 3062 5724 allegoriam
3096 5647 3459 5724 persequitur.
3488 5647 3565 5724 l9,

2168 5724 2282 5796 (8i)
2321 5721 2464 5779 Ἀπὸ
2491 5720 2709 5795 πηγῆς.
2740 5719 2916 5781 Codex
2953 5719 3171 5793 Regius,
3202 5720 3311 5777 ἀπὸ
3342 5721 3441 5793 τῆς
3463 5719 3587 5793 γῆς.
