4032 6308
384 413 520 470 tan
1898 391 2224 452 ORIGENIS
3029 461 3033 466 _
3544 387 3694 444 uos

381 530 540 599 quasi
565 527 633 585 ad
657 525 968 598 petitionem
995 531 1240 577 nostram
1269 517 1554 574 attendens
1577 532 1676 572 nos
1698 515 1952 571 advocet!

2063 513 2256 582 μένους
2282 509 2389 565 ἀπὸ
2413 507 2529 574 τοῦ,
2560 528 2579 558 ι
2604 508 2731 572 Tib;
2761 507 2941 576 Δαυῒδ,
2971 528 2988 560 ι
3019 509 3111 562 καὶ
3140 508 3290 570 στάς
3320 522 3392 576 γε
3424 507 3684 580 φωνῆσαι

382 620 475 672 Ait
519 633 650 688 ergo
695 617 878 670 illis‘:
909 611 1089 678 «Quid
1133 610 1299 665 vultis
1349 619 1404 664 ut
1449 607 1645 664 faciam
1696 605 1890 662 vobis?
1930 625 1949 656 ι

383 711 530 780 quod
569 707 835 778 ejusmodi
881 721 1002 760 esse
1032 704 1271 758 arbitror
1308 722 1321 756 :
1362 700 1500 768 Quid
1554 699 1728 755 velitis
1782 698 1955 770 signi-

383 802 558 858 licate.
599 797 898 863 ostendite;
944 805 1004 850 ut
1031 796 1346 865 quicunque
1385 791 1700 846 Jeriehunte
1733 799 1954 851 exeunt.

379 899 436 944 et
479 903 565 943 me
613 894 936 956 sequuntur,
991 901 1104 940 rem
1149 892 1356 954 gestam
1425 881 1582 951 731
1635 880 1859 934 audiant
1903 888 1958 934 et

381 987 646 1050 spectent.
671 978 740 1032 At
775 977 1170 1048 responderunt
1201 975 1276 1029 illi
1315 974 1337 1006 ³
1369 992 1383 1028 :
1416 991 1435 1025 ι
1467 972 1713 1039 Domine,
1741 981 1800 1026 ut
1828 988 1955 1042 ape.-

381 1069 595 1124 riantur
643 1067 786 1122 oculi
837 1065 1051 1131 nostri;
1093 1083 1112 1116 ι
1176 1079 1284 1133 qua
1329 1061 1548 1132 quidem
1602 1059 1956 1128 responsione

380 1161 645 1216 adversus
677 1173 804 1214 eum
837 1167 1088 1223 utuntur,
1129 1155 1344 1224 sibique
1371 1153 1563 1207 oculos
1599 1150 1798 1220 aperiri
1821 1151 1956 1205 velle

382 1249 712 1320 signiﬁcant,
763 1249 856 1318 qui
909 1248 1158 1319 generosi
1211 1255 1358 1310 sunt,
1405 1253 1589 1315 utpote
1643 1244 1714 1300 ab
1757 1243 1956 1299 lsraele

380 1342 586 1399 etJuda
623 1342 763 1408 orti;
805 1351 863 1396 at
908 1356 936 1394 a
966 1339 1207 1409 nequitia
1244 1339 1524 1400 exeaecati,
1577 1337 1806 1407 ejusque
1850 1335 1956 1392 sibi

381 1433 587 1490 conscii
609 1441 760 1498 sunt,
786 1444 838 1487 et
870 1447 933 1486 ea
965 1432 1258 1486 audierunt
1275 1446 1398 1500 quae
1425 1431 1492 1484 de
1516 1429 1854 1500 Sospitatorc
1872 1431 1956 1485 di-

379 1536 612 1591 cuntur;
649 1535 814 1596 atque
857 1525 988 1579 illud
1031 1525 1378 1596 potissimum
1423 1525 1632 1592 dicunt,
1675 1527 1767 1596 qui
1809 1526 1957 1582 Scri-

379 1625 596 1688 pturam
625 1631 841 1672 sacram
865 1615 1177 1670 cvolventes
1205 1631 1264 1670 se
1299 1614 1366 1670 ad
1401 1616 1572 1686 ipsius
1600 1631 1818 1671 sensum
1853 1633 1959 1673 eae-

381 1706 558 1760 cutire
598 1720 706 1759 non
747 1705 1001 1775 ignorant
1037 1721 1050 1758 ι
1090 1704 1245 1758 aiunt
1287 1703 1553 1773 siquidem
1599 1703 1716 1758 illi:
1748 1721 1765 1755 ι
1797 1703 1959 1758 Mise~

387 1811 508 1851 rere
544 1795 742 1862 nobis,
775 1815 793 1847 ι
854 1807 930 1860 et,
979 1795 1234 1848 volumus
1289 1812 1307 1844 ι
1346 1802 1404 1848 ιιι
1451 1793 1764 1864 aperiantur
1810 1795 1952 1850 oculi

384 1886 579 1940 nostri.
612 1905 632 1937 υ
685 1883 903 1940 Utinam
940 1901 1066 1940 vero
1103 1901 1204 1940 nos
1242 1899 1401 1940 secus
1442 1884 1615 1954 ipsam
1651 1883 1960 1956 Scriptura-

383 1991 506 2030 rutn
539 1975 680 2029 viam
714 1976 983 2039 sedentes,
1017 1976 1070 2028 in
1102 1975 1300 2044 quibus
1332 1975 1670 2040 catcutimus,
1699 1984 1752 2030 et
1780 1976 1960 2031 videre

383 2081 490 2120 non
522 2081 810 2136 possumus
837 2075 1243 2137 cognoscentes,
1263 2075 1549 2137 postquam
1567 2064 1750 2121 Jesum
1782 2077 1962 2122 trans-

384 2158 464 2212 ire
507 2157 876 2227 acceperimus
905 2197 920 2222 ,
989 2173 1114 2212 eum
1159 2157 1468 2228 precatione
1526 2169 1713 2212 nostra
1770 2159 1961 2214 sistere

383 2263 684 2317 queamus,
727 2259 780 2304 et
827 2249 1076 2304 dicamus
1124 2249 1260 2304 velle
1306 2263 1408 2304 nos
1475 2267 1495 2301 ι
1545 2259 1604 2305 ιιι
1645 2251 1962 2320 aperiantur

381 2339 528 2394 oculi
567 2341 774 2408 nostri;
809 2359 828 2391 ι
881 2341 1027 2410 quod
1080 2340 1126 2397 si
1179 2339 1484 2396 dixerimus
1540 2357 1604 2396 ex
1653 2341 1848 2396 affectu
1895 2359 1960 2398 ea

383 2433 567 2486 videre
611 2433 1052 2504 concupiscente,
1095 2449 1218 2503 qua:
1253 2433 1506 2489 videntur
1527 2431 1658 2490 Iesu
1699 2435 1960 2490 beneﬁcio

381 2531 668 2594 postquam
718 2525 916 2580 anima:
948 2525 1140 2581 oculos
1195 2525 1388 2598 tetigit,
1419 2526 1771 2583 miseratione
1809 2543 1960 2583 com-

385 2615 686 2670 movebitur
719 2613 1027 2686 Sospitator
1055 2625 1260 2684 noster,
1289 2626 1344 2672 et
1373 2617 1563 2674 oculos
1594 2629 1722 2674 ante
1755 2619 1958 2676 adven-

384 2715 500 2760 tum
549 2721 708 2762 suum
757 2707 982 2762 minime
1019 2707 1260 2762 videntes
1310 2709 1608 2780 continget,
1651 2719 1834 2780 utpote
1865 2711 1960 2782 qui

387 2795 576 2853 Virtus
609 2799 702 2866 sit,
743 2797 798 2854 et
819 2797 1082 2862 Verbum,
1115 2807 1170 2854 et
1199 2799 1498 2868 Sapientia,
1539 2809 1596 2856 et
1624 2815 1962 2872 quaecunque

383 2889 452 2942 de
483 2891 599 2960 ipso
631 2891 942 2961 conscripta
978 2901 1138 2958 sunt;
1171 2901 1228 2945 et
1253 2899 1540 2961 postquam
1578 2906 1674 2948 eos
1702 2891 1957 2963 tetigerit,

381 2979 670 3052 diﬂ‘ngient
715 2983 952 3037 tenebrae
999 2998 1062 3036 ac
1101 2983 1434 3053 ignorantia,
1473 2989 1528 3038 et
1561 2983 1809 3052 protinus
1849 3000 1958 3040 non

383 3072 560 3126 solum
597 3073 930 3137 videbimus,
976 3074 1068 3128 sed
1115 3074 1292 3142 ipsum
1336 3074 1501 3128 etiam
1543 3075 1958 3143 assectabimur,

2059 604 2208 673 ἡμᾶς
2232 601 2308 665 ὼς
2330 599 2610 672 προσέχων
2643 599 2800 670 ἡμῶν
2824 603 2892 672 τῇ
2917 599 3134 667 ἀξιώσει
3157 603 3172 654 !
3201 595 3390 652 Εἶπεν
3415 593 3516 651 οῦν
3549 599 3686 652 ὲκεί-

2059 708 2168 754 νοις
2188 707 2203 722 ο
2238 691 2332 743 «Τί
2361 690 2542 744 θέλετε
2569 689 2658 743 ἵνα
2684 691 2892 762 ποιήσοι
2917 691 3080 762 ὑμίνς
3104 711 3122 744 ι
3146 691 3306 760 ὅπερ
3327 687 3598 742 τοιοῦτον
3613 683 3689 740 εἷ-

2056 796 2145 836 ναι
2182 781 2416 853 νομίζω·
2457 780 2522 834 Τί
2549 781 2730 835 θέλετε
2771 784 3182 854 παραστήσατε,
3224 779 3558 851 δηλώσατε,
3601 781 3688 832 ἵνα

2057 873 2258 938 πάντες
2279 875 2326 926 οί
2351 872 2770 944 ἐκπορευόμενοι
2801 869 3149 944 ἀπὸΊεριχὼ,
3183 869 3293 928 καὶ
3315 868 3680 924 ἀκολουθοῦν-

2054 965 2145 1028 τές
2179 982 2268 1036 μοι
2303 963 2576 1018 ἀκούσωσι
2611 965 2706 1018 καὶ
2731 964 3029 1019 θεάσωνται
3063 965 3123 1017 τὸ
3153 961 3501 1032 γινόμενον.
3539 960 3678 1014 Ἀλλ’

2057 1057 2254 1109 ἐκεῖνοι
2297 1055 2681 1126 ἀπεκρίναντο·
2722 1075 2740 1107 ι
2779 1053 2975 1127 Κύριε,
3024 1055 3112 1108 ἵνα
3151 1051 3478 1122 ἀνοιγῶσιν
3503 1051 3557 1104 oi
3593 1051 3680 1120 ὀφ-

2057 1149 2252 1221 θαλμοὶ
2281 1147 2456 1221 ἡμῶν·
2503 1168 2521 1199 ι
2545 1148 2731 1218 ἥντινα
2755 1148 3046 1220 ἀπόκρισιν
3069 1147 3118 1199 οἱ
3145 1145 3419 1216 εὐγενεῖς
3449 1143 3576 1215 μὲν,
3603 1143 3679 1212 τῷ

2056 1240 2194 1296 εἶναι
2227 1240 2336 1294 ἀπὸ
2383 1238 2601 1312 Ἰσραὴλ
2643 1239 2738 1292 καὶ
2789 1237 2982 1304 Ἰούδα,
3041 1235 3446 1306 τυφλωθέντες
3487 1233 3548 1285 δὲ
3577 1231 3680 1284 ὑπὸ

2055 1334 2158 1406 τῆς
2195 1333 2414 1396 κακίας,
2450 1331 2545 1384 καὶ
2587 1330 2983 1403 συνῃσθημένοι
3015 1329 3210 1399 αὐτῆς,
3251 1326 3360 1381 καὶ
3397 1323 3674 1378 ἀκούσαν-

2054 1444 2147 1491 τες
2191 1425 2300 1479 τῶν
2341 1424 2649 1495 λεγομένων
2694 1423 2822 1494 περὶ
2873 1421 2968 1475 τοῦ
3009 1420 3302 1492 Σωτῆρος,
3357 1418 3504 1486 φασὶ.
3542 1416 3674 1487 πρὸς

2057 1518 2240 1584 αὑτὸν,
2271 1517 2366 1571 καὶ
2396 1515 2613 1584 λέγουσι
2651 1513 2824 1568 θέλειν
2857 1514 2946 1568 ἵνα
2973 1511 3272 1582 ἀνοιγῶσιν
3308 1511 3374 1566 οί-
3397 1509 3674 1580 ὀφθαλμοὶ

2057 1610 2256 1665 αὐτῶν.
2287 1609 2398 1662 Καὶ
2432 1607 2662 1679 μάλιστα
2693 1607 2850 1660 τοῦτό
2883 1623 3047 1676 φασιν
3079 1605 3128 1658 οἱ
3162 1605 3224 1658 ὲν
3267 1602 3358 1674 τῷ
3406 1602 3675 1680 ἐντυγχὰ-

2057 1721 2168 1757 νειν
2203 1705 2267 1774 τῇ
2307 1703 2426 1773 ἱερᾷ
2456 1701 2653 1775 Γραφῇ,
2699 1699 2772 1771 μὴ
2809 1696 3268 1769 ἀναισθητοῦντες
3313 1692 3540 1750 ἑαυτῶν
3577 1710 3670 1747 τυ-

2058 1793 2404 1864 φλωττόντων
2433 1790 2568 1863 πρὸς
2589 1791 2682 1844 τὸν
2712 1791 2770 1842 ὲν
2803 1789 2940 1861 αὐτῇ
2982 1787 3126 1842 νοῦν·
3163 1781 3328 1841 οὗτοι
3375 1786 3494 1856 γάρ
3541 1801 3672 1853 φασι

2058 1887 2136 1939 τό’
2162 1906 2180 1938 ι
2216 1885 2467 1956 Ἐλέησον
2493 1884 2658 1955 ἡμᾶς·
2683 1902 2703 1934 ι
2723 1883 2818 1937 καὶ
2840 1882 2918 1934 τό·
2949 1902 2967 1933 ι
2987 1880 3232 1950 Θέλομεν
3255 1879 3351 1932 ἴνα
3377 1877 3672 1946 ἀνοιγῶσιν

2059 1978 2108 2029 οἱ
2137 1975 2404 2046 ὀφθαλμοὶ
2435 1974 2606 2046 ἡμῶν.
2633 1993 2652 2027 ι
2683 1973 2772 2038 Ὠς
2798 1971 2910 2026 εἴθε
2931 1972 3024 2026 καὶ
3051 1973 3239 2043 ἡμεῖς,
3279 1969 3683 2040 αἰσθανόμενοι

2059 2069 2116 2123 ὲν
2147 2063 2230 2131 οἷς
2257 2065 2663 2138 τυφλώττομεν,
2714 2065 2808 2118 καὶ
2852 2065 2913 2118 οὐ
2958 2061 3260 2134 βλέπομεν,
3313 2063 3458 2134 παρ’
3504 2059 3672 2130 αὐτὴν

2059 2157 2412 2230 καθεζόμενοι
2454 2158 2562 2212 τῶν
2599 2155 2832 2230 Γραφῶν
2872 2154 2972 2227 τὴν
3003 2155 3148 2220 ὁδὸν,
3180 2155 3565 2218 ἀκούσαντες,
3592 2153 3673 2208 ὅτι

2072 2249 2278 2322 Ἰησοῦς
2299 2251 2558 2322 παράγει,
2575 2249 2663 2304 διὰ
2681 2249 2784 2320 τῆς
2803 2249 3075 2321 ἡμετέρας
3106 2246 3410 2314 ἀξιώσεως.
3443 2246 3666 2317 στήσαι-

2063 2360 2164 2414 μεν
2193 2341 2382 2405 αὑτὸν,
2405 2341 2500 2396 καὶ
2531 2341 2802 2413 εἴποιμεν,
2819 2341 2901 2395 ὅτι
2927 2340 3152 2412 θέλομεν
3173 2340 3270 2394 ἵνα
3299 2335 3602 2406 ἀνοιγῶσιν
3617 2337 3679 2391 οι.

2059 2434 2328 2507 ὀφθαλμοὶ
2355 2433 2544 2506 ἡμῶνί
2580 2434 2719 2505 ὅπερ
2767 2433 2863 2488 ὲάν
2907 2433 3150 2503 εἴπωμεν
3203 2430 3326 2488 ἀπὸ
3375 2429 3663 2492 διαθέσεως

2059 2525 2396 2599 ὀρεγομένης
2423 2523 2517 2578 τοῦ
2563 2523 2782 2594 βλέπειν
2818 2522 2854 2576 ὃ.
2879 2521 3164 2594 χαρίζεται
3191 2519 3430 2592 βλέπειν
3455 2517 3664 2588 ἁψάμε-

2059 2636 2149 2683 νος
2177 2617 2286 2672 τῶν
2319 2617 2420 2688 τῆς
2449 2616 2628 2688 ψυχῆς
2649 2613 2944 2686 ὀφθαλμῶν
2983 2611 3208 2684 Ἰησοῦς,
3247 2607 3661 2683 σπλαγχνισθή-

2063 2727 2214 2764 σεται
2257 2711 2286 2762 ὁ
2315 2709 2508 2780 Σωτὴρ
2551 2707 2732 2780 ἡμῶν,
2775 2707 2878 2764 καὶ
2905 2706 2981 2772 ὡς
3022 2705 3292 2778 Δύναμις,
3331 2705 3434 2760 καὶ
3470 2702 3668 2772 Λόγος,

2061 2803 2154 2858 καὶ¹
2185 2803 2375 2872 Σοφία,
2409 2802 2505 2856 καὶ
2527 2801 2707 2854 πάντα
2736 2801 2836 2854 ὅσα
2866 2799 3285 2872 ἀναγέγραπται
3329 2797 3471 2870 περὶ
3500 2793 3668 2854 αὑτοῦ

2059 2894 2342 2967 τυγχάνων
2360 2934 2376 2960 ,
2434 2892 2630 2964 ἀψεται
2671 2892 2782 2946 τῶν
2833 2891 2939 2965 πρὸ
2991 2891 3154 2944 αὐτοῦ
3213 2891 3299 2964 μὴ
3354 2889 3662 2962 βλεπόντων

2059 2986 2357 3058 ὀφθαλμῶν
2388 2985 2565 3058 ἡμῶν·
2601 2987 2696 3041 καὶ
2723 2985 3003 3056 ἁψαμένου
3032 2983 3220 3050 αὑτοῦ,
3251 2983 3522 3055 φεύξεται
3560 2981 3656 3052 μὲν

2059 3075 2122 3128 τὸ
2146 3075 2334 3139 σκότος
2376 3074 2473 3129 καὶ
2505 3075 2540 3144 ἡ
2577 3074 2790 3142 ἀγνοια,
2819 3071 3020 3136 εὐθέως
3050 3072 3108 3126 δὲ
3139 3073 3199 3126 οὐ
3239 3073 3415 3145 μόνον
3445 3067 3661 3124 avum-

381 3176 510 3216 cum
551 3161 666 3231 ipse
709 3173 931 3232 propter
970 3178 1029 3218 se
1069 3162 1244 3216 visum
1297 3163 1456 3218 nobis
1517 3163 1842 3232 restituerit,
1898 3174 1957 3220 ut

2057 3167 2255 3240 ψομεν,
2309 3167 2448 3222 ἀλλὰ
2492 3168 2588 3223 καὶ
2633 3167 3075 3240 ἀκολουθήσομεν
3121 3167 3300 3240 αὐτῷ,
3347 3161 3518 3222 αὐτοῦ
3564 3160 3662 3216 τοῦ

383 3266 510 3306 eum
551 3252 816 3306 duntaxat
861 3267 1158 3322 sequamur
1185 3251 1278 3322 qui
1311 3261 1372 3306 ut
1410 3251 1722 3309 videremus
1755 3253 1954 3322 effecit,

385 3356 563 3412 neque
600 3341 749 3397 aliud
791 3341 1087 3413 quidquam
1141 3351 1399 3412 praaterea
1446 3357 1694 3414 agamus,
1731 3354 1792 3400 ut
1833 3362 1958 3402 eum

383 3445 601 3500 semper
643 3441 953 3502 sequentes,
998 3431 1066 3486 ad
1102 3430 1269 3488 Deum
1316 3433 1436 3502 ipso
1474 3441 1836 3504 prmtereunte
1865 3435 1957 3491 de-

383 3522 689 3587 ducamur;
729 3532 894 3592 atque
923 3523 1096 3579 oculis
1123 3523 1329 3580 nostris
1371 3523 1542 3594 ipsius
1576 3523 1840 3580 beneﬁcio
1873 3527 1957 3581 vi-

382 3610 660 3678 dentibus,
691 3629 800 3668 una
831 3629 955 3669 eum
995 3615 1063 3671 iis
1095 3616 1189 3685 qui
1219 3623 1442 3686 propter
1471 3616 1792 3671 munditiem
1835 3635 1954 3674 cor-

385 3703 472 3759 dis
513 3703 654 3758 beati
698 3706 1081 3774 prtedicantur,
1115 3704 1285 3762 Deum
1309 3706 1658 3777 aspiciamus.
1711 3709 1803 3764 Sic
1827 3725 1957 3780 ergo

387 3795 672 3860 habemus,
711 3797 806 3866 qui
829 3795 1143 3852 Jerichnnte
1163 3809 1385 3865 exeunt,
1415 3809 1470 3854 et
1499 3797 1684 3854 Jesum
1718 3817 1958 3871 sequun-

385 3895 497 3950 tur,
524 3895 579 3940 et
605 3901 800 3957 magno
828 3903 1060 3944 numero
1091 3897 1239 3956 sunt,
1267 3903 1446 3960 neque
1470 3877 1745 3955 lsraelem,
1782 3907 1959 3961 neque

383 3974 578 4030 Judam
605 3991 759 4044 esse;
797 3993 972 4034 caecos
1003 3987 1185 4034 autem
1225 3979 1364 4034 duos
1391 3981 1482 4050 qui
1509 3979 1694 4036 Jesum
1724 3983 1958 4037 transire

383 4067 696 4135 audierunt,
725 4084 962 4138 eumque
1005 4069 1174 4125 lilium
1212 4087 1334 4127 esse
1363 4070 1529 4126 David
1563 4085 1954 4143 cognoverunt,

383 4158 650 4216 caecitatis
695 4176 809 4215 sua:
861 4162 1155 4225 conscios,
1226 4163 1526 4233 oculosque
1576 4180 1708 4219 suos
1755 4167 1954 4234 ap--riri

387 4260 661 4320 rogantes,
694 4249 946 4307 lsraelem
974 4267 1096 4308 esse
1127 4261 1182 4306 et
1203 4251 1420 4318 Judam,
1455 4253 1524 4308 de
1557 4255 1756 4324 quibus
1795 4272 1824 4310 a
1857 4272 1956 4310 no-

385 4343 470 4397 bis
503 4355 682 4398 aetum
721 4353 835 4412 est,
863 4359 1098 4414 quorum
1139 4344 1282 4398 oculi
1317 4345 1489 4400 clausi
1524 4354 1578 4400 et
1606 4347 1824 4402 obducti
1863 4363 1956 4416 per

381 4431 510 4490 Jesu
557 4443 870 4491 contactmn
901 4435 1102 4490 vident.
1147 4433 1326 4505 Atque
1375 4435 1490 4490 haec
1535 4437 1752 4507 quidem
1797 4437 1954 4508 juxta

379 4525 718 4584 Matthannn.

466 4619 628 4692 732
683 4621 770 4676 l2.
830 4622 1026 4678 Verum
1095 4621 1355 4693 quoniam
1407 4620 1623 4679 Marcus
1673 4635 1728 4678 et
1774 4622 1952 4681 Lucas

2061 3259 2388 3314 ἀναϐλέπειν
2426 3260 2576 3331 ἡμᾶς
2612 3261 2744 3332 παρ’
2795 3259 2958 3314 αὑτὸν
2999 3258 3400 3332 συνεργοῦντος
3433 3255 3570 3330 πρὸς
3598 3253 3658 3307 τὸ

2063 3353 2138 3425 μὴ
2173 3350 2301 3406 ἀλλο
2321 3368 2375 3405 τι
2401 3350 2624 3422 πρᾶξαι.
2649 3351 2682 3424 ἢ
2718 3349 3028 3406 ἀκολουθεῖν
3053 3350 3134 3424 τῷ
3165 3349 3484 3421 ἀναϐλέψαι
3507 3348 3655 3417 ποιή-

2061 3461 2237 3507 σαντι,
2267 3443 2355 3496 ἵνα
2385 3443 2472 3496 ἀεὶ
2498 3441 2754 3512 ἑπόμενοι
2792 3441 2941 3514 αὐτῷ
2973 3441 3335 3514 όδηγηθῶμεν
3367 3442 3466 3496 ὑπ’
3489 3435 3663 3494 αὐτοῦ.

2061 3535 2198 3608 πρὸς
2243 3535 2334 3590 τὸν
2389 3533 2542 3598 Θεὸν,
2575 3535 2671 3588 καὶ
2699 3534 2915 3606 ὁρῶμεν
2945 3535 3060 3599 τοῖς
3087 3533 3432 3606 ἀναϐλέψασι
3457 3533 3526 3586 δι’
3561 3529 3655 3582 αὖ..

2055 3624 2151 3678 τὸν
2179 3623 2476 3695 ὀφθαλμοῖς
2508 3622 2663 3694 ἡμῶν
2702 3623 2795 3678 τὸν
2832 3623 2986 3688 θεὸν,
3028 3623 3167 3695 μετά
3203 3623 3314 3678 τῶν
3357 3619 3654 3696 μακαριζο-

2061 3709 2241 3788 μένων
2276 3715 2372 3769 sui.
2404 3713 2483 3786 τῷ
2521 3714 2768 3788 καθαρὰν
2805 3713 2950 3787 ἔχειν
2987 3713 3094 3787 τὴν
3117 3715 3380 3786 καρδίαν.
3425 3715 3654 3784 Ἔχομεν

2056 3803 2150 3860 οὗν
2193 3807 2319 3870 τοὺς
2351 3805 2820 3878 ὲκπορευομένους
2872 3805 2982 3860 ἀπὸ
3026 3805 3254 3878 Ἱεριχὼ,
3295 3808 3400 3881 καὶ
3431 3801 3652 3860 ἀκολου-ο

2057 3895 2281 3960 θοῦντας
2312 3894 2389 3966 τῷ
2430 3893 2604 3966 Ἰησοῦ
2645 3893 2806 3958 ὄντας
2830 3894 2986 3966 ὄχλον
3023 3895 3215 3959 πολὺν,
3249 3895 3388 3960 τοὺς
3409 3893 3511 3950 οὐκ
3553 3891 3648 3942 ἰσ-

2060 3987 2218 4059 ραὴλ,
2251 3987 2372 4040 οὐδὲ
2411 3987 2634 4040 Ἰούδανσ
2667 3985 2792 4050 τοὺς
2823 3985 2880 4039 δὲ
2907 3985 3000 4039 δύο
3031 3987 3266 4056 τυφλοὺς
3283 3985 3648 4042 ἀκούσαντας.

2055 4079 2136 4131 ὅτι
2167 4075 2370 4148 Ἰησοῦς
2393 4075 2652 4147 παράγει,
2676 4076 2771 4128 καὶ
2793 4076 3020 4142 εἰδότας,
3048 4077 3132 4132 ὅτι
3171 4076 3287 4141 υἱός
3319 4078 3444 4131 ἐστι
3471 4069 3648 4134 Δοιυῖδι

2055 4171 2151 4226 καὶ
2204 4169 2656 4242 συναισθομένους
2711 4169 2812 4239 τῆς
2857 4169 3066 4223 ἑαυτῶν
3119 4168 3492 4240 τυφλότητος,
3549 4161 3640 4216 καὶ

2055 4259 2340 4326 ἀξιοῦντας
2395 4258 2678 4328 ἀνοιγῆναι
2723 4259 2849 4320 τοὺς
2908 4257 3221 4330 ὀφθαλμοὺς
3279 4257 3512 4320 αὐτῶν,
3543 4251 3640 4306 '16.-

2057 4353 2196 4426 ραὴλ
2221 4352 2317 4406 καὶ
2358 4351 2559 4405 Ἰούδαν
2587 4352 2715 4414 τοὺς
2741 4350 3188 4422 ἀποδεδομένους,
3223 4344 3300 4405 ὧν
3331 4345 3644 4416 κεκλεισμέ-

2054 4464 2134 4501 νοι
2184 4447 2234 4499 οἱ
2278 4443 2568 4515 ὀφθαλμοὶ,
2619 4439 2738 4497 καὶ⁶
2762 4442 3182 4513 συμμεμυκότες
3229 4441 3318 4494 διὰ
3363 4441 3468 4511 τῆς
3505 4434 3642 4506 ἁφῆς

1987 4531 2030 4587 D
2060 4535 2454 4590 ἀναϐλέπουσιν
2499 4533 2692 4605 Ἰησοῦ.
2725 4532 2910 4586 Ταῦτα
2939 4533 3037 4602 μὲν
3056 4533 3196 4587 κατά
3226 4531 3319 4586 τὸν
3347 4529 3638 4588 Ματθαῖον.

2147 4625 2300 4679 Ἐπεὶ
2336 4625 2394 4678 δὲ
2429 4624 2656 4697 Μάρκος
2683 4625 2778 4680 καὶ
2807 4627 3019 4690 Λουκᾶς
3046 4623 3189 4678 κατά
3215 4641 3364 4688 τινας
3408 4622 3508 4695 μὲν
3531 4617 3640 4690 (82)

1627 4739 1858 4798 VETUS
1889 4740 2476 4798 INTERPRETATIO.

386 4835 693 4907 ignorantia
721 4843 772 4886 rt
801 4835 1166 4907 intelligentcs
1195 4834 1465 4907 propriam
1488 4835 1823 4907 caecitatem,
1853 4847 1906 4892 et
1931 4839 2215 4894 audientes
2231 4852 2326 4892 eos
2351 4836 2444 4906 qui
2476 4835 2911 4907 przrtlieaverunt
2941 4835 3008 4907 de
3029 4833 3180 4907 Iesu,
3206 4834 3399 4890 dicunt
3427 4847 3486 4907 se
3507 4827 3636 4883 Velle

385 4914 446 4958 ut
477 4903 790 4977 aperiantur
817 4907 958 4977 oculi
983 4903 1206 4977 eorum.
1243 4903 1307 4958 Et
1341 4905 1610 4977 p_r_:_ecipue
1637 4907 1740 4962 hoc
1765 4907 1956 4963 dicunt
1984 4908 2076 4977 qui
2105 4908 2342 4976 legentes
2366 4903 2594 4977 idivinas
2625 4905 2937 4977 scripturas
2980 4903 3304 4977 intelligunt;
3342 4903 3631 4977 caecitate!!!

385 4964 552 5044 ευτιιὶι
569 4973 635 5026 ad
662 4989 882 5044 sensum
913 4964 1434 5044 Scripturarumflli
1465 4964 1608 5029 enim
1641 4977 1831 5031 dicunt
1860 4995 1874 5032 :
1907 4995 1926 5028 ι
1959 4964 2218 5032 Miserere
2252 4975 2431 5039 nobis,
2465 4994 2484 5027 ι
2515 4984 2565 5030 el
2592 4975 2721 5044 quia
2747 4964 3000 5031 volumus
3025 4993 3044 5028 ι
3073 4984 3132 5028 ιιι
3155 4964 3474 5043 aperiantur
3493 4964 3637 5044 Qui.”

385 5041 578 5098 nostri.
613 5061 632 5094 ι
664 5041 962 5116 Et_utinat‘n
990 5037 1053 5098 (δι’
1072 5060 1177 5116 _nos
1201 5044 1556 5114 intelligentes
1583 5045 1634 5116 i_n
1662 5047 1863 5116 quibus
1889 5049 2017 5104 caeci
2045 5062 2258 5109 sumus,
2287 5055 2341 5100 et
2366 5037 2472 5116 non
2512 5037 2762 5116 videmus
2781 5085 2798 5109 ,
2825 5045 3078 5100 sedentes
3099 5037 3255 5116 juxta
3289 5045 3458 5113 ipsam
3475 5037 3631 5116 _§C_ri-

385 5125 670 5184 pllll‘al‘ﬂm
702 5112 866 5186 Viam.
899 5126 952 5168 υι
983 5114 1263 5186 audientes
1297 5105 1556 5186 qubuiagm
1579 5105 1740 5186 Iesus
1766 5119 1986 5186 transit,
2010 5105 2263 5186 precibus
2295 5115 2506 5186 nostris
2533 5105 2806 5186 faciamus
2831 5130 2960 5186 eum
2997 5105 3142 5170 star'e
3162 5105 3445 5186 dicentes:
3475 5105 3634 5161 Volu-

386 5182 510 5237 inus
547 5203 566 5234 ι
605 5194 664 5238 ut
695 5182 1011 5254 aperiantur
1038 5184 1180 5238 oculi
1203 5182 1395 5240 nostri.
1434 5204 1452 5236 ι
1485 5184 1639 5251 Quod
1670 5185 1714 5239 si
1734 5182 2046 5254 dixerimus
2075 5202 2138 5239 ex
2167 5183 2360 5240 affectu
2393 5184 2740 5254 desiderante
2793 5184 2975 5238 videre
3002 5201 3124 5254 qua:
3175 5185 3364 5254 donat,
3400 5187 3618 5254 tangens

383 5254 574 5328 oculos
599 5251 916 5328 aninia_r_tnn_
929 5261 1236 5309 nostrarum
1270 5255 1672 5328 aperiet,quasi
1705 5253 1962 5328 Verbum,
1985 5265 2039 5312 et
2067 5254 2295 5328 Yirtus,_
2315 5263 2370 5308 et
2393 5251 2692 5328 Sapientia,
2719 5263 2773 5308 et
2800 5257 2984 5308 omnia
3012 5251 3136 5328 qua:
3163 5252 3232 5308 de
3269 5269 3336 5328 eo
3383 5252 3627 5328 diem}qu

384 5325 735 5380 constitutus.
777 5322 840 5378 Et
876 5324 954 5380 sic
983 5339 1050 5380 eo
1079 5315 1329 5394 tangente
1352 5315 1565 5379 recedet
1587 5339 1617 5379 a
1643 5325 1899 5381 sensibus
1931 5315 2130 5381 nostris
2159 5315 2378 5380 tenebra
2415 5315 2774 5394 ignorantite.
2807 5331 2868 5377 ut
2899 5315 3084 5378 statim
3112 5339 3218 5378 non
3251 5323 3428 5378 solum
3455 5315 3630 5370 videa-

386 5407 542 5464 mus;
576 5395 668 5450 sed
699 5395 862 5449 etiam
893 5392 1194 5464 sequamur
1219 5411 1365 5456 eum.
1397 5395 1488 5463 qui
1519 5395 1666 5449 dedit
1687 5395 1844 5450 nobis
1877 5411 2036 5462 posse
2064 5396 2244 5448 videre
2267 5392 2487 5464 propter
2517 5393 2650 5446 nihil
2683 5392 2866 5464 aliud,
2889 5393 3002 5464 _uisi
3037 5403 3098 5448 ut
3122 5407 3248 5448 cum
3303 5396 3590 5462 sequamur
3610 5416 3626 5441 υ

385 5473 440 5514 et
465 5463 610 5518 illius
637 5465 837 5519 ducatu
865 5461 1210 5520 transeamus
1231 5467 1296 5518 ad
1333 5461 1523 5528 Deum,
1553 5474 1606 5519 et
1633 5461 1914 5520 videamus
1939 5465 2116 5520 oculis
2147 5461 2351 5518 nostris
2372 5461 2472 5530 per
2501 5478 2624 5518 eum
2653 5463 2858 5532 apertis
2888 5461 3080 5516 Deum.

459 5533 542 5586 12.
584 5532 851 5600 Quoniam
878 5545 1059 5591 autem
1085 5533 1302 5591 Marcus
1323 5543 1378 5590 et
1406 5525 1585 5590 Lucas
1612 5535 1914 5591 secundum
1944 5535 2208 5606 quosdam
2232 5525 2452 5604 quidem
2485 5531 2657 5602 ipsam
2689 5525 2970 5603 cxponunt
2997 5531 3306 5598 historiam,
3341 5525 3627 5587 secundum

459 5645 478 5676 ⁸
514 5643 703 5702 Matth.
734 5664 826 5714 xx,
864 5649 952 5704 52.
1030 5649 1051 5681 ³
1083 5649 1217 5706 ibid.
1246 5650 1336 5706 55.

455 5761 567 5832 (82)
607 5763 758 5837 Ἐπεί
781 5836 788 5837 7
809 5766 837 5816 ἱ
919 5768 1153 5834 Μάρκος
1187 5769 1283 5822 καὶ
1333 5768 1570 5836 Λουκᾶς
1610 5769 1760 5824 κατά
1790 5786 1954 5837 τινας

384 5837 518 5906 μὲν,
551 5842 654 5890 etc.
701 5833 988 5908 Tripliecm
1013 5833 1278 5906 agnoscit
1311 5833 1576 5894 caecorum
1614 5833 1950 5896 curationem

2065 5769 2406 5841 Euthymius,
2439 5785 2560 5838 cap.
2599 5767 2668 5841 μ
2697 5768 2750 5822 ἱιι
2787 5767 3002 5841 Matth”
3031 5769 3190 5824 aliam
3230 5784 3259 5822 a
3299 5765 3556 5822 Matutam.
3591 5770 3620 5807 ³

2062 5839 2244 5896 Marco
2290 5841 2550 5909 alteram,
2590 5839 2814 5894 alteram
2863 5857 2892 5894 a
2937 5839 3083 5894 Luca
3135 5842 3619 5896 commemoratam.
