4074 6300
500 260 683 357 Ἶιιδ
2018 293 2130 350 om

2229 294 2348 349 ΝΒ
3673 319 3787 375 “'6

541 427 786 485 turmam
817 429 1102 501 proposuit
1133 424 1318 479 dicens
1343 424 1385 456 ι’
1412 442 1425 478 :
1458 442 1475 475 ι
1500 421 1572 478 Ut
1602 422 1778 478 visum
1811 424 2123 495 recipiama

2235 426 2344 497 γὰρ
2401 425 2759 498 ἀπελήλυθεν,
2810 426 2944 484 ἀλλὰ
2995 429 3279 500 ἠκολούθει
3325 432 3406 505 τῷ
3455 432 3795 509 Tusculo-.1

543 520 652 577 Nee
703 537 837 577 vero
886 529 1107 590 propter
1151 517 1278 570 illud
1307 517 1387 570 ¹³;
1421 534 1439 567 ι
1470 516 1570 571 Fili
1620 516 1811 585 David,
1865 518 2127 573 miserere

2235 516 2360 587 ὀδῷ,
2393 518 2516 577 ἐπεὶ
2551 517 2756 582 εὐθέως
2778 518 3093 589 ἀνέϐλεψεν.

542 616 669 680 mei,
720 634 742 668 ι
788 613 1107 669 beneﬁcium
1160 609 1373 665 confert
1417 608 1745 680 Sospitator,
1800 627 1978 681 neque
2026 627 2150 666 cum
2193 611 2561 667 mendicitatis
2609 612 2775 682 pallio
2813 612 3039 668 indutus
3082 622 3233 678 erat,
3277 630 3457 685 neque
3504 630 3625 671 cum
3658 633 3794 674 serus

540 707 684 761 viam
737 706 930 774 stipem
974 718 1172 773 rogans
1217 702 1473 768 sedebat;
1515 704 1608 759 sed
1638 714 1860 773 propter
1889 705 2017 758 illud
2050 705 2120 759 ηε
2168 723 2187 755 ι
2222 704 2494 771 Rabboni,
2537 713 2598 759 ut
2624 703 2862 770 videam,
2893 723 2912 755 ι
2958 704 3099 759 dixit
3125 705 3175 760 ei
3212 721 3226 757 :
3270 725 3289 758 ι
3327 705 3510 774 Vade,
3549 710 3673 764 tides
3719 721 3795 764 tua

542 810 593 853 te
619 799 838 854 salvum
870 797 1037 853 fecit:
1075 817 1093 849 ι
1118 807 1172 851 et
1203 799 1278 852 ait
1308 798 1526 867 quidem
1562 799 1611 852 ei
1638 798 1891 853 Servator
1918 818 1931 853 :
1963 798 2122 870 735
2168 799 2384 866 «Vade;
2417 819 2437 852 ι
2511 808 2568 853 at
2597 798 2687 853 ille
2729 813 2796 853 eo
2839 798 3097 854 mandato
3132 799 3330 855 melius
3368 800 3498 869 quid
3538 801 3661 871 egit,
3707 816 3796 856 non

538 893 682 946 enim
727 892 881 955 abiit,
912 892 1003 946 sed
1029 890 1214 945 Iesum
1255 893 1306 945 in
1337 892 1531 947 itinere
1560 903 1782 949 secutus
1809 904 1912 960 est,
1945 897 2129 950 statim
2170 905 2335 966 atque
2364 896 2541 950 visum
2569 894 2796 964 recepit.

619 988 707 1042 15.
744 986 888 1054 Quin
918 995 972 1042 et
1003 987 1164 1053 illud,
1205 987 1275 1040 ita
1315 998 1372 1040 ut
1405 996 1662 1042 narratur
1696 1005 1725 1043 a
1756 989 1922 1055 Luca,
1956 991 2133 1045 consi-

546 1079 799 1134 deremus
827 1094 841 1130 :
870 1080 951 1133 sic
977 1077 1106 1131 illud
1133 1091 1192 1131 se
1222 1076 1383 1131 habet
1409 1078 1452 1109 “’
1477 1094 1493 1133 :
1522 1095 1542 1130 ι
1570 1078 1794 1134 Factum
1830 1090 1913 1136 est
1942 1090 2126 1135 autem

547 1186 671 1224 cum
709 1169 1168 1239 appmpinquarct
1211 1164 1446 1234 Iericho,
1493 1184 1672 1225 camus
1717 1170 1937 1238 quidam
1973 1172 2131 1227 sede-

547 1262 641 1316 bat
676 1275 834 1316 secus
876 1260 1017 1313 viam
1071 1258 1410 1323 mendicans,
1441 1277 1462 1310 ι
1509 1268 1563 1314 et
1607 1270 1799 1316 caetera
1843 1278 2018 1332 usque
2059 1264 2126 1317 ad

549 1350 641 1405 id:
675 1370 693 1402 ι
722 1348 787 1403 Ει
819 1348 999 1403 omnis
1026 1347 1176 1416 plebs
1226 1357 1288 1400 ut
1313 1346 1467 1413 vidit,
1501 1349 1651 1404 dedit
1694 1350 1908 1405 laudem
1939 1349 2068 1405 Deo.
2102 1370 2120 1402 ι

546 1447 626 1496 A-c
662 1457 725 1497 ea
764 1442 981 1512 quidem
1015 1454 1136 1509 qua:
1174 1453 1298 1491 cum
1350 1439 1473 1494 aliis
1514 1441 1563 1496 ei
1608 1444 1918 1497 communia
1972 1451 2121 1508 sunt,

544 1536 807 1604 quoniam
858 1541 1019 1603 prout
1072 1531 1231 1586 nobis
1287 1534 1464 1587 visum
1519 1533 1655 1599 fuit,
1697 1535 2120 1604 explicavimus,

548 1629 744 1681 iterum
798 1642 902 1679 non
944 1633 1285 1693 repetemus;
1322 1639 1443 1694 qua:
1480 1636 1658 1680 autem
1705 1626 1770 1681 ad
1805 1642 1917 1682 rem
1950 1628 2122 1697 perti-

2303 990 2532 1061 Ἴδωμεν
2563 988 2619 1041 δὲ
2651 996 2746 1043 καὶ
2771 987 2832 1041 τὸ
2869 985 2967 1041 τοῦ
3001 987 3187 1041 Λουκᾶ
3212 986 3387 1051 οὕτως
3421 986 3561 1057 ἕχον·
3601 1006 3619 1039 ι
3662 988 3795 1057 Ἕγὲο

2228 1099 2350 1136 νετο
2388 1081 2443 1134 δέ
2480 1079 2721 1149 ἐγγίζειν
2753 1079 2916 1133 αὐτὸν
2950 1080 3027 1143 είς
3086 1078 3317 1150 Ἰεριχὼ,
3365 1079 3463 1132 καὶ
3497 1077 3687 1147 τυφλός
3725 1098 3793 1143 τις

2228 1172 2465 1243 ἐκάθητο
2493 1172 2645 1244 παρὰ
2680 1171 2778 1243 τὴν
2812 1171 2929 1225 ὁδὸν
2958 1170 3218 1235 ἐπαιτῶν,
3259 1190 3278 1222 ι
3315 1171 3411 1223 καὶ
3441 1169 3511 1222 τὰ
3539 1168 3679 1239 ἑξῆς,
3706 1170 3794 1233 ἕως

2226 1263 2343 1316 τοῦθ
2382 1282 2401 1314 ι
2437 1264 2547 1317 Kal
2577 1265 2684 1327 πᾶς
2719 1266 2748 1316 6
2778 1263 2904 1326 λαὸς
2932 1262 3057 1315 ἰδὼν
3088 1262 3286 1315 ἔδωκεν
3319 1258 3472 1315 αἶνον
3514 1260 3589 1330 τῷ
3614 1261 3737 1331 Θεῷ.
3771 1280 3789 1312 ι

2228 1355 2339 1408 Kal
2379 1353 2568 1407 τούτου
2604 1353 2662 1406 δὲ
2693 1353 2763 1407 τὰ
2805 1354 2902 1425 μὲν
2933 1353 3088 1406 κοινὰ
3121 1352 3259 1423 πρὸς
3297 1352 3431 1414 τοὺς
3459 1350 3672 1414 λοιποὺς
3705 1351 3788 1422 ἢδη

2226 1446 2327 1517 τῆς
2374 1446 2514 1498 κατὰ
2565 1445 2626 1499 τὸ
2670 1444 2837 1515 φανὲν
2864 1446 2997 1515 ἡμῖν
3027 1444 3336 1515 διηγήσεως
3379 1442 3666 1512 τετευχότα
3707 1430 3790 1495 οὐκ

2228 1534 2707 1606 ἐπαναληψόμεθω
2729 1534 2799 1587 τὰ
2818 1534 2878 1587 δὲ
2900 1533 3091 1606 καίρια
3113 1534 3205 1586 καὶ
3228 1533 3338 1586 ἴδια
3362 1533 3580 1587 κατὰτὸ
3596 1533 3790 1588 δυνατὸν

2228 1626 2358 1696 ἡμῖν
2397 1627 2843 1698 παραστήσομεν.
2882 1627 2995 1679 Kal
3029 1624 3246 1697 πρῶτόν
3276 1642 3343 1693 γε
3375 1629 3695 1698 παρατήρει,
3723 1626 3789 1678 ὅτι

550 1729 711 1785 nent,
752 1727 805 1772 et
845 1719 987 1771 illius
1028 1719 1245 1788 propria
1286 1728 1431 1783 sunt,
1465 1735 1564 1789 pro
1592 1720 1731 1773 virili
1760 1736 2116 1790 exponemus.

2229 1715 2497 1781 Ματθαῖος
2537 1717 2637 1787 μέν
2668 1718 2764 1771 καὶ
2788 1717 3035 1788 Μάρκος,
3068 1717 3511 1788 ἐκπορευομένου
3544 1716 3673 1787 μετὰ
3699 1716 3788 1769 τῶν

548 1811 605 1867 Id
650 1812 887 1882 primum
937 1812 1166 1866 observa
1224 1813 1511 1881 scripsisse
1536 1810 1845 1868 Matthzeum
1897 1823 1953 1869 et
1980 1814 2121 1870 Mar-

547 1920 695 1972 cum,
750 1903 874 1958 czeci
922 1915 1260 1960 etceorumve
1309 1903 1593 1958 historiam
1646 1905 1962 1975 contigisse,
1994 1921 2120 1961 eum

547 1998 830 2067 discipulis
859 1998 1150 2053 comitams
1177 1995 1492 2050 Ierichunte
1515 1993 1678 2051 Iesus
1711 1998 1917 2065 exiret;
1948 1997 2125 2054 Lucas

549 2098 727 2143 autem
760 2088 878 2143 ait:
903 2106 925 2139 ι
953 2086 1181 2142 Factum
1221 2094 1306 2140 est
1340 2086 1527 2139 autem
1566 2088 2128 2159 eum'appropinqua-

548 2188 631 2233 ret
666 2178 903 2233 Iericho.
936 2195 957 2229 ι
1001 2176 1163 2232 Juxta
1201 2173 1406 2228 Lucam
1448 2188 1581 2245 ergo
1611 2175 1981 2232 Ieriehuntem
2038 2178 2126 2231 in-

547 2283 877 2339 gressurns,
945 2276 1231 2336 postquam
1290 2264 1812 2336 ad'emithpmpius
1866 2268 2126 2336 accessit,

547 2357 674 2412 caeci
706 2358 1049 2412 sanationem
1084 2346 1512 2412 adminiSti‘avit’.
1558 2354 1626 2410 Et-
1642 2357 1803 2427 ]uxta
1836 2360 2125 2430 mysticum

547 2459 681 2499 sane
722 2458 946 2499 sensum
1003 2444 1201 2499 dixerit
1252 2440 1664 2515 aliquitt'pvltts
1713 2461 1836 2502 esse
1863 2448 2011 2517 quod
2054 2448 2131 2504 ait

549 2531 747 2597 Lucas,
775 2533 1073 2587 secundum
1120 2534 1264 2603 quod
1294 2532 1528 2595 Marcus,
1548 2535 1778 2605 tertium
1811 2536 1956 2607 quod
1991 2536 2128 2593 Mat-

547 2624 723 2680 thaaus
752 2640 768 2678 :
807 2624 1046 2693 primum
1077 2624 1223 2679 enim
1255 2625 1321 2679 ad
1347 2623 1721 2681 Ierichuntcm
1762 2629 2128 2685 accedendum

546 2725 652 2784 est,
686 2724 740 2772 et
781 2733 898 2772 eam
943 2718 1289 2787 postmodum
1342 2718 1779 2787 ingrediendum,
1813 2736 1878 2777 ac
1924 2736 1987 2777 ea
2033 2723 2131 2778 de-

549 2825 698 2864 mum
729 2809 1060 2863 exeundum.
1109 2805 1167 2860 ld
1214 2808 1397 2878 itaque
1438 2809 1573 2864 dixit
1612 2809 1826 2867 Lucas:
1858 2831 1877 2864 ι
1908 2813 2130 2869 Factum

546 2908 635 2957 est
691 2916 814 2955 cum
875 2902 1337 2971 appmpinquaret
1386 2900 1638 2970 Iericho;
1680 2923 1700 2956 ι
1767 2905 1983 2961 Marcus
2034 2923 2137 2961 au-

550 3002 657 3047 tem
681 2993 763 3044 "z
795 3011 814 3041 ι
845 2991 911 3046 Ει
938 2993 1084 3047 venit
1109 2991 1347 3057 I.-richo,
1372 3003 1425 3047 et
1448 2992 1831 3063 proﬁciscente
1847 2994 2075 3061 comde;
2095 3005 2120 3044 ο

550 3080 839 3137 Μοιιιιιιξιιε
865 3097 993 3137 vero
1023 3098 1197 3152 neque
1244 3084 1681 3154 appropinquare
1728 3087 1949 3156 scripsit
1983 3084 2126 3141 Ieri-
2155 3063 2197 3119 C

550 3175 677 3238 eho,
716 3189 892 3243 neque
923 3174 1106 3228 venire
1134 3173 1371 3236 Iericho,
1403 3175 1495 3229 sed
1536 3177 1712 3230 solum
1756 3196 1776 3227 ι
1802 3177 2128 3246 egredienti-

551 3266 655 3321 bus
700 3265 809 3319 illis
858 3265 926 3319 ab
954 3263 1193 3331 Iericho,
1249 3279 1491 3323 secutam
1541 3284 1662 3323 esse
1715 3269 1933 3322 turbam
1988 3269 2130 3323 mul-

551 3366 662 3412 tam
690 3356 770 3408 *τε
804 3374 822 3407 ι
870 3354 1027 3421 Quod
1060 3372 1188 3426 ergo
1231 3372 1260 3412 a
1284 3357 1426 3414 Luca
1464 3358 1833 3428 conscriptum
1862 3367 1966 3421 est,
2002 3374 2128 3414 cum

549 3447 917 3507 Ierichuntem
943 3447 1249 3513 accederet,
1287 3450 1484 3506 fecisse
1515 3459 1728 3520 potest;
1759 3450 1906 3518 quod
1943 3458 2125 3504 autem

551 3555 581 3593 a
623 3538 843 3602 Marco,
893 3554 1016 3593 cum
1061 3538 1297 3594 venisset
1329 3539 1737 3607 Ierichuntem;
1800 3539 1946 3609 quod
2001 3555 2129 3595 vero

550 3646 584 3687 a
602 3631 874 3696 Matthaao,
902 3647 1025 3685 cum
1054 3647 1116 3685 ea
1143 3632 1490 3687 excessisset.
1518 3631 1683 3686 Vides
1714 3641 1894 3686 autem
1922 3646 2125 3686 etecum

549 3725 617 3778 de
639 3739 748 3793 quo
773 3724 883 3793 agit
910 3723 1157 3790 Lucas“,
1190 3746 1208 3778 ι
1235 3740 1358 3780 eum
1395 3723 1609 3779 audiret
1641 3724 1855 3778 turbam
1892 3732 2120 3792 praater-

549 3828 793 3883 euntem,
829 3837 848 3869 ι
927 3834 1033 3871 non
1075 3829 1254 3872 autem
1280 3817 1492 3882 Iesum,
1541 3836 1560 3869 ι
1601 3818 1967 3888 interregasse
1997 3815 2128 3887 quid

552 3910 656 3963 hoc
694 3917 871 3975 esset;
904 3929 923 3961 ι
952 3919 1007 3963 at
1038 3910 1084 3964 is
1109 3910 1175 3963 de
1199 3924 1309 3978 quo
1333 3908 1548 3965 Marcus
1575 3911 1641 3974 ”,
1682 3929 1701 3960 ι
1733 3924 1856 3963 cum
1887 3909 2130 3963 audisset

550 4002 677 4070 quia
702 4000 865 4056 Iesus
902 4000 1218 4057 Nazarenus
1257 4013 1360 4066 est,
1392 4002 1624 4071 coepisse
1660 4001 1940 4054 clamare:
1972 4019 1990 4051 ι
2029 4000 2129 4055 hos

550 4108 680 4147 vero
733 4114 751 4145 ι
781 4094 920 4148 duos
968 4109 1141 4149 cmcos
1182 4094 1653 4162 sedentes,:iuxta
1702 4090 2013 4145 Matthxum
2047 4092 2124 4142 “z

556 4202 577 4235 ι
609 4201 766 4239 secus
811 4186 975 4251 viam,
1009 4202 1133 4240 cum
1174 4187 1455 4241 audissent
1494 4186 1622 4255 quia
1648 4184 1809 4239 Iesus
1844 4183 2124 4245 transiret.

550 4275 872 4330 clamavisse
896 4292 914 4341 ;
964 4290 1117 4330 »1186
1153 4274 1342 4330 Iesum
1390 4275 1549 4329 caacis
1575 4316 1588 4339 ,
1637 4275 1703 4328 de
1750 4273 1949 4343 quibus
1993 4271 2128 4326 Mat-

2229 1808 2487 1879 μαθητῶν
2531 1809 2626 1862 τοῦ
2695 1810 2870 1880 Ἰησοῦ
2914 1809 3027 1863 ἀπὸ
3073 1810 3173 1880 τῆς
3234 1809 3470 1882 Ἱεριχὼ,
3509 1809 3787 1881 ἀνέγραψαν

2225 1901 2505 1969 γεγονέναι
2534 1900 2603 1954 τὰ
2634 1902 2765 1974 περὶ
2804 1903 2932 1966 τοὺς
2968 1902 3205 1971 τυφλοὺς
3235 1901 3269 1972 ἢ
3309 1902 3404 1955 τὸν
3448 1900 3668 1971 τυφλόν·
3695 1902 3722 1956 6
3742 1900 3788 1954 δὲ

2226 1991 2440 2055 Λουκᾶς
2480 2008 2678 2063 φησιν’
2719 2012 2737 2045 ι
2789 1994 3036 2063 Ἐγένετο
3076 1993 3134 2046 δὲ
3166 1994 3223 2046 ἐν
3252 1992 3338 2063 τῷ
3388 1993 3619 2061 ἐγγίζειν
3654 1991 3788 2045 αὑτὸν

2227 2084 2307 2146 είς
2342 2083 2570 2155 Ἱεριχὼ.
2607 2102 2627 2135 ι
2675 2084 2881 2138 Οὐκοῦν
2910 2083 3052 2138 κατὰ
3096 2084 3186 2137 τὸν
3228 2086 3452 2137 Δουκᾶν
3501 2082 3787 2153 εἰσερχόμε-

2227 2191 2317 2239 νος
2358 2177 2439 2238 εἰς
2469 2175 2566 2246 τὴν
2616 2174 2847 2247 Ἰεριχὼ,
2877 2176 2971 2229 καὶ
2997 2176 3163 2245 ἐγγὺς
3189 2174 3369 2245 αὐτῆς
3394 2175 3671 2245 γενόμενος
3690 2176 3788 2225 ἐπιο

2225 2267 2372 2320 τελεῖ
2391 2266 2489 2338 τὴν
2525 2267 2667 2321 κατὰ
2693 2268 2786 2320 τὸν
2805 2268 3006 2337 τυφλὸν
3034 2266 3374 2338 οἰκονομίαν.
3413 2268 3522 2320 Kal
3555 2267 3687 2319 εἴποι
3714 2281 3783 2327 τις

2230 2359 2297 2413 ἂν
2325 2361 2466 2414 κατὰ
2488 2359 2581 2413 τὸν
2615 2359 2874 2431 μυστικὸν
2906 2360 3084 2427 λόγον,
3123 2360 3206 2413 ὅτι
3235 2359 3461 2431 πρῶτόν
3490 2360 3603 2412 ἐστι
3630 2358 3682 2410 τὸ
3706 2355 3784 2409 τοῦ

2229 2451 2433 2514 Λουκᾶ,
2460 2449 2709 2521 δεύτερον
2735 2449 2793 2504 δὲ
2819 2449 2882 2502 τὺ
2907 2449 2999 2503 τοῦ
3034 2450 3286 2521 Μάρκου,
3316 2451 3414 2504 καὶ
3437 2450 3612 2522 τρίτον
3636 2448 3688 2502 τὸ
3706 2449 3784 2504 τοῦ

2230 2541 2514 2597 Ματθαίου
2533 2558 2548 2574 ο
2575 2542 2788 2614 πρῶτον
2822 2541 2935 2612 γὰρ
2958 2541 3038 2594 δεῖ
3078 2543 3295 2612 ἐγγίσαι
3331 2545 3401 2613 τῇ
3444 2541 3660 2613 ἰεριχὼ,
3687 2534 3785 2591 εἶτα

2231 2639 2489 2693 εἰσελθεῖν
2533 2640 2613 2703 εἰς
2658 2637 2850 2710 αὐτὴν,
2892 2637 2987 2690 καὶ
3032 2636 3440 2709 ἐκπρευθῆναι
3487 2637 3577 2690 ἀπ’
3622 2632 3783 2702 αὐτῆς.

2245 2729 2542 2801 Ἀνέγραψε
2566 2729 2745 2782 τοίνυν
2765 2731 2794 2782 6
2828 2727 2927 2798 μὲν
2957 2727 3172 2789 Λουκᾶς
3201 2726 3280 2779 16'
3328 2745 3348 2778 ι
3372 2727 3611 2795 Ἐγένετο
3639 2724 3690 2775 ἐν
3720 2719 3785 2790 τῷ

2233 2820 2470 2889 ἐγγίζειν
2507 2820 2671 2874 αὑτὸν
2715 2820 2794 2883 εἰς
2841 2818 3068 2889 Ἰεριχώο
3120 2838 3139 2870 ο
3178 2820 3207 2872 6
3236 2817 3293 2870 δέ
3324 2819 3583 2890 Μόιρκτς⁸
3631 2834 3649 2865 ι
3693 2811 3786 2867 Καὶ

2235 2910 2452 2983 ἔρχεται
2485 2912 2567 2975 είς
2607 2910 2840 2983 Ἱεριχὼ,
2881 2911 2974 2964 καὶ
3007 2911 3447 2982 ἐκπορευομένου
3482 2906 3636 2963 αὑτοῦ
3661 2905 3783 2958 ἐκεῖ·

2237 3002 2358 3056 θεν·
2404 3022 2423 3056 ι
2470 3005 2498 3056 6
2541 3003 2597 3056 δὲ
2644 2999 2920 3067 Mandata;
2963 3002 3086 3056 οὔτε
3128 3001 3189 3054 τὸ
3222 3002 3467 3070 ἐγγίζειν
3497 3003 3560 3071 τῇ
3605 2994 3785 3068 ’ῐεριχὼ

2229 3093 2558 3164 ἀνέγραψεν,
2587 3092 2709 3146 οὔτε
2744 3095 2825 3147 ὅτι
2857 3094 3075 3166 ἔρχεται
3107 3096 3186 3158 εἰς
3228 3092 3460 3164 Ἱεριχὼ,
3489 3090 3617 3145 ἀλλὰ
3651 3090 3784 3160 μόνον

2227 3186 2330 3247 ὅτι,
2355 3205 2373 3236 ι
2398 3186 2846 3256 ἐκπορευομένων
2869 3188 3048 3241 αὐτῶν
3068 3187 3174 3240 ἀπὸ
3200 3185 3438 3257 Ἱεριχὼ,
3456 3182 3785 3255 ἡκολεῦοησεν

2228 3276 2375 3348 αὐτῷ
2411 3277 2564 3348 ὄχλος
2599 3278 2783 3342 πολύς.
2834 3299 2852 3330 ι
2890 3280 3121 3333 Δύναται
3153 3273 3246 3332 οὖν
3290 3279 3357 3331 τὸ
3389 3278 3486 3349 μέν
3511 3275 3644 3330 κατὰ
3671 3276 3783 3325 Λου-

2228 3371 2331 3423 κᾶν
2371 3370 2597 3439 ἐγγίσας
2640 3373 2708 3442 τῇ
2766 3370 2974 3443 Ἰεριχὼ
3024 3372 3420 3441 πεποιηκέναι·
3471 3371 3530 3424 16
3571 3368 3623 3422 δέ
3665 3365 3783 3419 κατὰ

2226 3462 2471 3533 Μάρκον,
2513 3461 2682 3516 ἐλθὼν
2732 3464 2812 3526 εἷς
2862 3462 3099 3536 Ἰεριχώ·
3137 3465 3198 3517 τὸ
3232 3465 3288 3517 δέ
3339 3464 3480 3518 κατὰ
3518 3461 3781 3519 Ματθαὼν.

2228 3552 2578 3623 ἐκπορευθεὶς
2609 3554 2703 3606 ἀπ’
2732 3552 2921 3624 αὐτῆς.
2963 3554 3126 3625 Ὁρᾷς
3154 3555 3232 3619 δὲ,
3259 3555 3344 3608 ὅτι
3374 3556 3470 3608 καὶ
3502 3556 3529 3607 6
3556 3549 3683 3606 κατὰ
3707 3545 3783 3600 τὸν

2227 3645 2441 3697 Λουκᾶν
2462 3645 2679 3714 τυφλὸς,
2710 3665 2727 3696 ι
2748 3645 2986 3710 ἀκούσας
3009 3645 3167 3717 ὄχλου
3183 3646 3653 3718 διαπορευομένου,
3670 3662 3689 3693 ι
3707 3638 3785 3693 καὶ

2226 3735 2287 3787 οὐ
2308 3736 2478 3806 δήπου
2500 3736 2593 3789 τοῦ
2624 3737 2848 3808 ’1ησοῦ,ι
2872 3738 3201 3791 ἐπυνθάνετο
3214 3738 3267 3790 τί
3289 3738 3355 3791 ἂν
3388 3738 3493 3807 εἴη·
3516 3757 3533 3787 ι
3549 3739 3576 3788 6
3593 3734 3644 3787 δὲ
3667 3729 3785 3785 κατὰ

2226 3827 2317 3881 τὸν
2338 3829 2583 3901 Μάρκον,
2608 3847 2625 3878 ι
2649 3826 2906 3891 ἁκοῦσας,
2931 3829 3013 3881 ὅτι
3041 3828 3247 3899 Ἰησοῦς
3264 3830 3291 3881 6
3307 3826 3625 3899 Ναζαρηνός
3640 3825 3783 3879 ἐστιν.

2227 3918 2431 3990 ἤρξατο
2456 3918 2680 3989 κράζειν
2696 3935 2709 3948 ο
2736 3939 2753 3969 ι
2779 3921 2829 3971 οἱ
2853 3919 2909 3971 δέ
2945 3920 3085 3973 κατὰ
3099 3919 3188 3972 τδν
3214 3918 3495 3973 Ματθαῖον
3518 3915 3605 3970 δύο
3624 3910 3785 3981 τυφλοὶ

2228 4008 2365 4079 καθὴ
2376 4024 2525 4079 μενοι
2546 4006 2696 4078 παρὰ
2709 4008 2808 4077 τὴν
2826 4006 2965 4071 ὁδὸν,
2984 4007 3331 4071 ἀκούσαντες,
3350 4008 3436 4059 ὅτι
3450 4001 3647 4075 Ἰησοῦς
3664 4013 3785 4067 παρ-

2229 4099 2371 4167 άγει,
2424 4095 2678 4169 ἔκραξαν.
2719 4098 2829 4150 Kal
2870 4098 2970 4150 οὐκ
2995 4097 3140 4151 ἐστιν
3169 4098 3197 4150 ὁ
3236 4096 3379 4150 κατὰ
3410 4098 3500 4149 τὸν
3536 4089 3784 4148 Ματθαίον

2229 4188 2380 4258 παρὰ
2392 4190 2504 4250 τοῖς
2529 4186 2750 4256 τυφλοῖς
2764 4186 2969 4259 Ἰησοῦς
2985 4186 3342 4259 Ναζαρηνὸς,’
3353 4187 3470 4240 ἀλλ’
3487 4188 3514 4238 6
3538 4181 3674 4252 παρὰ
3689 4179 3781 4237 τοῖς

2228 4280 2452 4342 λοιποῖς,
2466 4272 2539 4332 ὧν
2552 4281 2580 4332 6
2599 4278 2699 4349 μὲν
2720 4278 2861 4332 κατὰ
2881 4279 2970 4332 τὸν
2988 4280 3212 4351 Μάρκον
3236 4277 3448 4341 ἀκούει,
3462 4278 3580 4331 ὅτιὸ
3604 4267 3781 4342 ’ῐησοῦς

551 4368 727 4423 Iliacus
754 4364 1096 4423 Nazarennm
1136 4384 1278 4432 esse,
1312 4383 1434 4423 esse
1464 4383 1595 4421 vero
1629 4367 1784 4432 aliis;
1815 4380 2049 4435 quorum
2079 4365 2126 4421 is

2229 4374 2257 4425 6
2282 4372 2601 4443 Ναζαρηνός
2619 4374 2765 4427 ἐστιν
2784 4388 2799 4402 ν
2826 4375 2853 4425 6
2874 4372 2931 4425 δὲ
2956 4373 3097 4426 κατὰ
3122 4372 3212 4425 τὸν
3232 4374 3468 4434 Λουκᾶν,
3485 4372 3569 4424 ὅτε
3587 4360 3780 4420 ἐπυνθάο

551 4461 619 4515 de
648 4478 756 4530 quo
787 4462 1020 4525 Marcus,
1067 4462 1250 4516 Iesum
1302 4477 1422 4516 esse
1461 4459 1801 4515 Nazarenam
1850 4460 2033 4526 audit;
2071 4469 2125 4514 at

554 4552 643 4605 ille
684 4554 750 4607 de
784 4568 893 4622 quo
934 4552 1110 4608 Lucas
1152 4562 1440 4622 postquam
1496 4567 1526 4605 a
1572 4551 1730 4605 turba
1765 4558 2123 4621 praetereunte

553 4653 905 4713 percontatus
954 4651 1038 4699 est
1093 4643 1221 4713 quid
1280 4644 1383 4697 hoc
1441 4651 1614 4708 esset,
1668 4658 1732 4697 ex
1788 4657 1976 4697 eorum
2034 4656 2124 4696 re-

2233 4458 2512 4535 vs1qrcapa
2534 4459 2624 4512 τοῦ
2647 4460 2805 4531 ὄχλου
2831 4460 2884 4513 τί
2912 4460 2977 4516 ἂν
3010 4460 3096 4531 εἴη
3115 4460 3293 4527 τοῦτο,
3318 4460 3520 4531 ἔμαθεν
3544 4460 3778 4522 ἀπαγγει-

2232 4550 2438 4604 λάντων
2469 4551 2617 4622 αὐτῷ
2653 4552 2785 4622 (88),
2824 4552 2907 4604 ὅτι
2944 4552 3151 4624 Ἰησοῦς
3185 4555 3214 4606 6
3252 4551 3570 4623 Ναζαρηνὸς
3602 4542 3779 4615 παρέρ-

2234 4658 2420 4712 χεται·
2453 4642 2581 4714 ἑξῆς
2608 4643 2666 4697 δὲ
2697 4644 2907 4707 τούτοις
2949 4645 3280 4715 παρατήρει,
3317 4644 3399 4697 δτι
3439 4642 3515 4712 τῷ
3556 4639 3780 4710 βοήσαντι

1757 4757 1987 4815 VETUS
2024 4757 2617 4816 ΙΝΤΕΒΡΒΕΤΑΤΙΟ.

553 4854 775 4922 quando
803 4854 1023 4909 sedebat
1052 4865 1198 4909 veste
1240 4855 1502 4909 ezrcizatis
1527 4864 1581 4907 et
1608 4856 1976 4910 mendicitatis
2006 4856 2238 4910 velatus.
2265 4872 2365 4909 nec
2393 4855 2613 4924 quando
2643 4855 2869 4909 Sedebat
2903 4872 3062 4912 secus
3115 4859 3257 4911 viam
3289 4856 3621 4911 mendicans.
3662 4848 3781 4902 Pro-

551 4932 674 4994 pter
698 4927 800 4994 hoc
819 4935 997 4979 autem
1029 4926 1174 4994 quod
1197 4926 1368 4979 dixit:
1402 4946 1419 4975 ι
1453 4925 1771 4990 Rabboni,ut
1801 4927 2036 4989 videam,
2078 4944 2097 4976 υ
2127 4926 2265 4979 dixit
2294 4927 2343 4980 ei
2371 4945 2382 4978 :
2418 4946 2435 4976 ι
2478 4924 2644 4989 Vade,
2679 4925 2813 4979 lides
2839 4936 2929 4981 tua
2962 4940 3013 4981 te
3041 4928 3251 4982 salvum
3287 4928 3430 4982 fecit.
3469 4946 3488 4977 ›
3530 4984 3533 4989 ,

630 4993 734 5067 l5;
752 4993 904 5067 Nunc
932 4993 1212 5067 videamus
1243 4997 1543 5067 secundum
1564 5003 1813 5067 Lucam,
1830 5010 1953 5067 quae
1986 4995 2351 5067 communiter
2376 4995 2511 5067 dixit
2544 5004 2957 5067 praetereuntes,
2984 4999 3204 5067 propria
3238 5006 3418 5067 autem
3442 4995 3561 5065 eius
3581 4997 3782 5067 tangen-

555 5072 655 5139 te_s_.
692 5061 759 5139 Et
787 5065 1021 5134 primum
1047 5062 1264 5134 quidem
1294 5066 1441 5139 quod
1472 5061 2085 5139 Marcushetllatthmus
2109 5066 2419 5139 egrediente
2449 5061 2579 5139 Iesu
2613 5067 2681 5120 de
2708 5065 2964 5139 Hiericho
2986 5061 3206 5136 "ponunt
3226 5066 3451 5139 :_Lucas
3473 5061 3653 5139 autem
3688 5061 3779 5139 ita}

556 5153 580 5186 ς
606 5132 891 5206 Ειᾼΐεοίιιιιι
917 5145 998 5189 est
1023 5132 1148 5189 cum
1177 5132 1930 5206 appropinquaretHiericho,
1953 5145 2007 5188 et
2036 5132 2210 5206 factus
2231 5136 2284 5188 in
2310 5136 2581 5206 proximo,
2605 5152 2807 5191 caecum
2833 5132 3181 5191 illuminavit.
3210 5156 3227 5187 ι
3249 5137 3311 5191 Et
3336 5137 3474 5206 dicet
3498 5132 3692 5206 aliquis
3711 5136 3783 5206 so-

552 5204 794 5260 cundum
823 5206 1142 5276 mysterium
1166 5204 1430 5276 spiritale,
1466 5204 1731 5275 quoniam
1768 5207 1920 5275 prius
1944 5205 2198 5273 estquod
2232 5206 2307 5259 ait
2342 5204 2891 5276 Lucasﬂsecundum
2922 5217 3103 5261 autem
3141 5207 3286 5276 quod
3317 5205 3550 5266 Marcus,
3581 5204 3777 5276 tertium

553 5289 683 5330 vero
705 5277 849 5346 quod
873 5273 1011 5329 dixit
1034 5273 1337 5346 Matth—aius.
1366 5273 1608 5328 Primum
1633 5273 1787 5346 enini
1789 5283 2025 5346 oportet
2057 5276 2495 5344 appropinquare
2519 5273 2797 5341 Hiericho,
2828 5276 2980 5346 etita
3008 5273 3294 5346 intrareiin
3324 5291 3464 5336 eam,
3493 5275 3773 5346 posteaad:

551 5354 663 5415 tem
683 5341 837 5401 eiire
860 5346 928 5415 de
957 5362 1041 5400 ea.
1074 5345 1253 5401 Lucas
1281 5361 1408 5415 ergo
1440 5346 1631 5400 scribit
1659 5364 1728 5415 :1
1765 5344 1832 5399 Et
1850 5341 2060 5415 iactum
2093 5341 2181 5399 est
2204 5341 2821 5415 cum'appropinquaret
2859 5344 3134 5399 Hiericho.
3166 5365 3185 5397 ι
3224 5345 3438 5415 Marcus
3465 5349 3639 5415 autem
3670 5341 3776 5415 ἰιξξ

559 5436 579 5465 ι
609 5412 677 5469 Ει
703 5417 853 5471 venit
879 5414 1159 5483 Hiericho,
1184 5427 1237 5471 et
1260 5411 1493 5471 exétmte
1517 5431 1584 5470 eo
1619 5414 1762 5470 inde.
1802 5435 1821 5467 ι
1850 5414 2139 5469 Μυιιιιαξιιε
2167 5429 2299 5469 vero
2326 5411 2506 5485 neque
2533 5411 3008 5485 appropinquasse
3040 5415 3297 5470 Hiericho
3316 5412 3523 5474 scribit,
3556 5418 3649 5460 nec
3666 5411 3775 5468 (11⁸⁸³

626 5549 670 5626 ιδ
686 5551 852 5607 Marc.
887 5554 1051 5626 ιι,512
1128 5552 1341 5626 "ibid.
1371 5553 1461 5607 48.
1536 5553 1731 5626 ξζίὶήιί,
1750 5551 1839 5626 5-1..
1859 5551 1948 5626 52,
2026 5554 2068 5584 η

2258 5568 2412 5618 xvm,
2435 5552 2506 5607 '65
2530 5564 2582 5610 et
2609 5571 2727 5626 seq.
2807 5555 2851 5586 "
2869 5551 3031 5609 Marc.
3058 5568 3123 5622 x,
3150 5551 3240 5607 46.
3318 5552 3359 5585 "
3378 5546 3560 5603 Matth.
3588 5556 3672 5601 xx.
3696 5532 3773 5589 29·

557 5616 602 5649 ⁸⁸
642 5617 771 5675 Luc.
803 5616 956 5686 xvm,
988 5624 1078 5678 56.
1156 5625 1199 5655 ¹⁹
1237 5624 1401 5678 Mare.
1442 5640 1495 5683 χ.
1527 5623 1617 5678 47.
1693 5624 1738 5655 ²⁰
1779 5621 1967 5679 Matth.
2005 5622 2213 5692 “'30.

623 5731 738 5800 (88)
777 5733 963 5797 Αὐτῷ.
1009 5736 1167 5788 Forte
1196 5736 1503 5806 legendum,
1539 5736 1739 5792 αὐτῶν.

3748 5685 3776 5703 κ
