4074 6300
484 376 622 437 Mlti

1957 358 2279 425 (lRIGENIS

3604 373 3622 427 ί
3643 371 3735 429 ίὶὶθ

483 496 703 566 scripsit
732 498 773 527 ’⁷
802 513 813 547 :
867 515 882 545 ‹
916 493 975 549 Et
1011 508 1131 546 eum
1165 492 1659 562 appropinquarent
1685 490 2053 561 Jcrosolynne,

2162 491 2246 543 ὅτε
2276 489 2584 559 ἐγγίζουσιν
2615 491 2694 554 είς
2736 489 3084 561 Ἰεροσόλυμα
3118 490 3209 543 καί⁸
3234 492 3311 555 είς
3333 490 3603 562 Βηθανίαν
3628 494 3733 566 (90)

482 598 538 644 et
567 589 838 642 Bethania:
876 587 939 638 ad
981 594 1218 637 tuontcm
1246 580 1544 649 Olivarum,
1582 604 1599 634 ι
1644 595 1699 639 et
1725 585 1954 654 reliqua,
1987 584 2051 636 ad

476 680 599 736 haec
646 693 855 747 usque:
888 697 904 727 ‹
959 674 1023 728 Ει
1053 676 1313 729 continuo
1356 676 1509 730 illum
1558 676 1812 730 dimittet.
1848 695 1865 727 ι
1934 674 2058 729 Haec

473 784 697 841 'quoque
725 766 900 822 Lucas
948 764 1017 819 iis
1041 764 1221 819 verbis
1267 766 1519 834 exposuit
1542 766 1587 796 ’⁸
1615 781 1628 816 :
1663 785 1681 817 (
1712 763 2058 819 Praecedebat

477 857 780 915 ascendens
828 854 1224 928 Jcrosolymam
1251 897 1266 923 ,
1331 873 1350 906 ι
1400 864 1453 911 et
1498 855 1729 927 reliqua,
1771 871 1945 925 usque
1988 854 2056 909 ad

480 951 572 1007 id:
605 968 623 1001 ι
656 947 747 1004 Sic
784 947 999 1013 dicetis,
1046 946 1173 1017 quia
1222 945 1487 1002 Dominus
1537 962 1604 1002 eo
1652 962 1789 1017 opus
1820 947 1999 1003 habet.
2030 964 2049 997 ›

480 1039 657 1111 super
687 1039 881 1093 talibus
901 1036 1177 1108 Evangelii
1208 1037 1344 1092 locis
1374 1037 1440 1091 ad
1471 1038 1795 1108 scriptorum
1842 1046 2059 1093 senten-

483 1132 611 1186 tiam
657 1143 719 1185 ac
748 1129 1033 1184 consilium
1085 1138 1319 1183 mentem
1366 1129 1647 1185 advertere
1701 1144 1880 1200 operas
1930 1144 2057 1199 pre-

481 1226 613 1279 tium
642 1230 745 1289 est,
777 1238 1037 1295 quorsum
1064 1230 1186 1293 post
1210 1221 1478 1294 prodigia,
1512 1228 1566 1277 et
1596 1236 1776 1277 rerum
1812 1237 1842 1276 a
1868 1220 2053 1292 Sospi-

481 1329 654 1375 tatore
685 1314 964 1390 gestarum
1000 1323 1279 1387 portenta,
1310 1330 1373 1368 ea
1407 1315 1569 1368 etiam
1604 1314 2054 1385 conscripserint,

478 1427 598 1481 qua:
626 1411 762 1465 nihil
795 1407 1066 1479 ejusmodi
1107 1405 1386 1460 exhibent.
1419 1403 1550 1461 Esto
1574 1406 1718 1460 enim
1747 1405 1815 1460 de
1844 1406 2057 1462 visione

478 1501 638 1557 caecis
674 1500 943 1564 restituta,
985 1495 1409 1567 paralytieorum
1456 1495 1762 1561 sanatione,
1814 1505 2057 1550 mortuo—

477 1609 599 1649 rum
655 1589 1072 1655 resurrectione,
1102 1595 1157 1641 et
1188 1586 1525 1655 leprosorum
1564 1587 1886 1656 purgatione
1913 1602 2056 1641 com-

477 1684 703 1739 mentati
731 1683 842 1738 sint
875 1678 1242 1749 evangelista,
1274 1686 1333 1731 ut
1367 1677 1694 1746 scriptorum
1726 1692 1945 1732 suorum
1981 1678 2058 1732 le-

478 1786 657 1830 ctores
703 1775 755 1827 in
781 1773 907 1827 Jesu
956 1771 1292 1826 :ediﬁcentur
1322 1783 1336 1821 :
1371 1767 1501 1838 quid
1544 1777 1723 1823 autem
1776 1769 2056 1839 proposito

2162 584 2294 654 πρὸς
2328 583 2388 636 τὸ
2426 582 2550 654 ὅρος
2588 582 2694 635 τῶν
2737 582 2982 648 Ἐλαιῶν,
3010 602 3027 633 ι
3062 569 3155 637 καὶ
3182 583 3248 636 τὰ
3275 582 3421 653 ἑξῆς,
3465 581 3571 646 ἓως
3610 584 3730 637 τοῦ·

2167 694 2183 724 ι
2223 676 2330 728 Καὶ
2355 674 2554 738 εὐθέως
2588 675 2747 728 αὑτὸν
2768 674 3085 728 ἀποστελεῖ·
3128 694 3147 725 ι
3177 676 3204 727 6
3230 673 3285 726 δὲ
3306 674 3519 738 Λουκᾶς
3555 675 3737 730 τοῦτον

2157 766 2249 819 τὸν
2290 765 2487 836 τρόπον
2522 763 2818 820 καὶταῦτα
2850 765 3053 818 εἰπών·
3101 784 3118 815 t
3176 763 3497 836 Ἐπορεύετο
3543 764 3738 837 ἐμπρο-

2160 857 2283 910 σθεν
2318 857 2619 912 ἀναϐαίνων
2649 860 2729 922 είς
2764 857 3130 929 Ἱεροσόλυμα,
3160 877 3177 910 ι
3213 858 3308 911 καὶ
3334 858 3403 912 τὰ
3445 856 3591 930 ἑξῆς,
3638 860 3739 925 ἕως

2157 950 2288 1004 ’ποῦ’
2337 971 2355 1001 ι
2411 949 2597 1014 Οὕτως
2642 952 2838 1021 ἐρεῖτε,
2882 951 2963 1004 ὅτι
3007 952 3035 1003 6
3084 949 3289 1021 Κύριος
3334 951 3498 1004 αὑτοῦ
3554 953 3739 1023 χρείαν

2158 1039 2288 1110 ἔχει.
2336 1058 2355 1090 ι
2407 1039 2588 1104 Ἀξιόν
2630 1040 2745 1092 ἐστι
2796 1039 3030 1110 μάλιστα
3071 1041 3163 1092 ἐπὶ
3205 1040 3312 1092 τῶν
3354 1040 3610 1095 τοιούτων
3646 1042 3737 1095 τοῦ

2158 1129 2488 1198 Εύαγγελίου
2552 1128 2728 1201 ῥητῶν
2799 1129 3090 1191 ὲπιστῆσαι
3140 1129 3216 1200 τῷ
3286 1130 3585 1201 βουλήματι
3636 1132 3742 1187 τῶν

2159 1221 2580 1292 ἀναγραφόντων
2630 1221 2724 1274 καὶ
2769 1223 2834 1292 τῇ
2883 1218 3200 1293 προαιρέσει
3259 1221 3469 1284 αὐτῶν,
3519 1224 3572 1275 τί
3621 1240 3741 1277 σκο-

2158 1308 2387 1371 ποῦντες
2417 1306 2730 1380 ἀνέγραψαν
2770 1310 2907 1380 πρὸς
2948 1313 3060 1374 τοῖς
3100 1312 3410 1382 τεραστίοις
3436 1313 3531 1366 καὶ
3568 1331 3744 1385 παρα-

2155 1401 2326 1467 δόξοις
2384 1400 2494 1454 τῶν
2557 1401 2661 1454 ὑπὸ
2727 1401 2817 1454 τοῦ
2893 1403 3144 1472 Σωτῆρος
3220 1402 3605 1474 γεγενημένων
3655 1407 3743 1459 καὶ.

2155 1491 2223 1546 τὰ
2320 1491 2484 1563 μηδὲν
2582 1490 2913 1564 ὲμφαίνοντα
3013 1493 3271 1547 τοιοῦτον.
3368 1494 3549 1548 Ἔστω
3638 1495 3742 1567 γὰρ
3819 1500 3823 1503 ’

2156 1584 2285 1655 περὶ
2339 1583 2555 1653 τυφλῶν
2622 1582 2990 1653 ἀναϐλέψεως,
3055 1586 3149 1638 καὶ
3212 1585 3466 1656 παρέτων
3528 1587 3741 1651 ἰάσεως,

2156 1675 2249 1728 καὶ
2298 1674 2506 1746 νεκρῶν
2553 1674 2933 1738 ἀναστάσεως.
2986 1675 3077 1729 καὶ
3132 1676 3345 1748 λεπρῶν
3401 1676 3744 1749 καθαρίσεως

2158 1765 2688 1839 πεπραγματεῦσθαι
2717 1768 2842 1831 τοὺς
2885 1768 3295 1837 εὐαγγελιστὰς,
3333 1771 3414 1833 είς
3457 1770 3745 1842 οἰκοδομὴν

483 1869 649 1922 hocce
694 1866 813 1920 loco
847 1864 1209 1931 signiﬁcatum
1254 1860 1464 1925 volunt,
1494 1874 1605 1930 quo
1650 1870 1937 1930 postquam
1964 1858 2051 1914 Je-

2162 1861 2255 1931 τὴν
2305 1859 2430 1930 περὶ
2479 1858 2573 1911 τοῦ
2630 1859 2806 1928 Ἰησοῦ
2849 1862 2961 1924 τοῖς
2994 1860 3399 1931 ἐντευξομένοις
3446 1860 3626 1913 αὐτῶν
3680 1865 3743 1933 τῇ

480 1958 771 2030 rosolymis
809 1952 1264 2027 appropinquavit
1292 1951 1454 2007 Jesus
1500 1967 1622 2006 cum
1665 1952 1969 2022 discipulis,
1998 1961 2053 2005 et

479 2052 627 2105 venit
649 2049 956 2119 Bethphage
995 2060 1161 2116 prope
1204 2053 1442 2101 montem
1485 2040 1801 2106 Olivarum,
1839 2044 2054 2097 misisse

481 2141 890 2196 narraturduos
918 2136 1235 2206 discipulos,
1265 2135 1391 2191 dato
1423 2134 1490 2189 iis
1523 2136 1780 2190 mandato
1813 2144 1871 2190 ut
1900 2136 2043 2191 solu-

482 2245 589 2289 tam
637 2248 760 2288 cum
791 2228 939 2302 pullo
975 2230 1184 2283 asinam
1238 2228 1573 2283 adducerent
1602 2228 1668 2282 ad
1697 2242 1775 2291 se,
1811 2228 1899 2296 qui
1936 2228 2054 2279 lon-

480 2324 602 2395 gius
645 2322 746 2376 iter
795 2319 960 2390 pedes
1010 2331 1429 2389 nonnunquam,
1472 2316 1775 2378 coniicere,
1832 2315 2055 2384 suisque

481 2410 707 2485 pedibus
738 2409 1229 2483 peregrinationem
1275 2407 1562 2463 absolvere
1602 2424 1707 2463 non
1739 2407 1947 2473 renuit;
1996 2416 2056 2459 ut

480 2522 604 2562 eum
631 2504 966 2575 Jcrosolyma
997 2501 1222 2556 veniens
1256 2515 1354 2569 per
1378 2498 1680 2554 Samariam
1722 2499 1959 2566 transiit,
1988 2498 2054 2552 ad

483 2601 812 2668 puteumth
844 2594 1112 2664 pervenit,
1144 2601 1198 2647 et
1227 2591 1485 2663 fatigatus
1529 2608 1595 2645 ex
1639 2592 1853 2656 itinere,
1889 2607 2057 2662 prope

482 2684 634 2742 illum
666 2685 912 2742 consedit
931 2683 1020 2736 "l
1065 2681 1203 2749 Quid
1233 2682 1334 2737 sibi
1367 2682 1480 2736 vult
1514 2690 1566 2737 et
1596 2682 1711 2752 ipse
1736 2681 1899 2737 Jesus
1929 2696 2053 2736 cum

483 2779 756 2849 alligatam
794 2776 1004 2831 asinam
1056 2790 1179 2831 cum
1222 2774 1367 2843 pullo
1417 2773 1549 2828 solvi
1586 2773 1761 2842 jubet,
1805 2782 1859 2829 et
1883 2773 1932 2827 ei
1963 2772 2055 2844 qui

484 2871 584 2923 hac
614 2867 681 2922 de
724 2884 780 2921 re
808 2865 1084 2935 quidpiam
1124 2864 1342 2929 dixerit,
1374 2862 1608 2919 Domino
1653 2865 1720 2918 iis
1758 2880 1894 2934 opus
1934 2880 2057 2921 esse

482 2956 797 3030 responderi
817 2957 1055 3022 mandat,
1085 2955 1337 3024 ipsosque
1361 2953 1649 3010 confestim
1669 2954 2060 3010 dimissurum?

483 3042 689 3104 Tantus
715 3047 858 3102 enim
894 3046 984 3100 illc
1015 3043 1300 3110 Dominus,
1351 3043 1440 3098 cui
1484 3044 1638 3098 asina
1678 3052 1732 3098 et
1766 3044 1915 3114 pullo
1941 3044 2057 3114 jam

484 3138 612 3193 olim
647 3138 879 3208 alligatis
918 3152 1055 3206 opus
1091 3143 1205 3200 est,
1246 3122 1649 3206 magniﬁcentia
1692 3151 1790 3190 sua
1833 3136 2056 3206 dignum

2160 1954 2377 2022 γραφῇ
2430 1950 2484 2002 τί
2526 1947 2773 2020 βούλεται
2830 1949 3012 2015 αὐτοῖς
3049 1949 3108 2004 τὸ
3145 1951 3503 2023 προκείμενον
3560 1953 3742 2025 ῥητὸν,

2160 2042 2295 2098 καθὸ
2345 2043 2509 2115 ἡνίκα
2562 2044 2676 2106 τοῖς
2734 2042 3127 2115 Ἱεροσολύμοις
3179 2045 3407 2116 ἤγγισεν
3443 2048 3471 2099 6
3541 2045 3746 2116 Ἰησοῦς

2164 2132 2300 2203 μετὰ
2355 2132 2463 2185 τῶν
2513 2130 2798 2203 μαθητῶν,
2852 2133 2947 2187 καὶ
3005 2133 3260 2205 ἐλήλυθεν
3315 2137 3396 2199 εἰς
3452 2136 3745 2207 Βηθφαγὴν

2161 2222 2383 2294 πλησίον
2420 2223 2513 2277 τοῦ
2546 2224 2706 2295 ὅρους
2740 2224 2846 2278 τῶν
2889 2224 3133 2287 Ἐλαιῶν,
3183 2227 3468 2280 ἀπέστειλε
3501 2228 3593 2281 δύο
3642 2245 3744 2300 μα⁴⁵

2162 2311 2349 2384 θητὰς,
2408 2314 2787 2385 ἐντελλόμενος
2843 2316 3027 2379 αὐτοῖς
3076 2318 3203 2389 περὶ
3236 2317 3359 2371 ὄνου
3400 2321 3492 2372 καὶ
3541 2319 3745 2389 πώλου,

2163 2409 2247 2461 ἵνα
2279 2408 2535 2472 λύσαντες
2562 2409 2842 2478 ἀγάγωσιν
2881 2409 3048 2481 αὐτῷ,
3091 2411 3166 2482 τῷ
3197 2411 3306 2465 ἔσθ’
3345 2414 3432 2465 ὅτε
3469 2413 3542 2485 μὴ
3585 2414 3747 2485 ὀκνήα

2165 2517 2315 2552 σαντι
2351 2500 2571 2554 πλείονα
2608 2501 2725 2554 ὁδὸν
2761 2500 3053 2566 πεζεῦσαι,
3101 2503 3193 2555 καὶ
3236 2505 3347 2566 τοῖς
3385 2504 3577 2557 ἑαυτοῦ
3623 2505 3747 2558 ποσὶ

2163 2593 2259 2664 τὴν
2297 2591 2599 2664 ὁδοιπορίαν
2630 2591 2932 2657 ἐκτελέσαι,
2971 2594 3044 2658 ὡς
3072 2595 3159 2647 ὅτε
3199 2593 3306 2646 ἀπὸ
3360 2594 3747 2667 Ἰεροσολύμων

2161 2681 2414 2753 διήρχετο
2450 2680 2536 2734 διὰ
2567 2680 2667 2751 τῆς
2696 2682 3028 2753 Σαμαρείας,
3062 2683 3275 2753 φθάσας
3306 2685 3396 2737 ἐπὶ
3440 2684 3500 2737 τὸ
3545 2686 3745 2756 φρέαρ,

2164 2775 2432 2837 κοπιάσας
2488 2772 2600 2845 (91)
2663 2775 2727 2827 ὲκ
2776 2773 2876 2842 τῆς
2926 2774 3233 2847 ὁδοιπορίας
3288 2775 3558 2847 ὲκαθέσθη
3618 2771 3747 2850 παρ’

2164 2863 2343 2934 αύτῷς
2385 2862 2449 2915 Τί
2481 2863 2538 2916 δὲ
2570 2863 2661 2916 καὶ
2699 2863 2847 2934 αὐτῷ
2875 2863 2953 2935 τῷ
2995 2865 3166 2935 Ἰησοῦ
3198 2867 3481 2937 πρόκειται
3510 2867 3636 2921 ὅνον
3664 2867 3749 2922 δεδ

2163 2953 2393 3024 δεμένην
2440 2954 2577 3024 μετὰ
2628 2954 2808 3008 πώλου
2847 2955 3069 3011 λύεσθαι
3119 2957 3426 3025 κελεύοντι,
3482 2962 3753 3031 προστάσο

2168 3061 2311 3097 σοντι
2349 3043 2524 3113 λέγειν
2566 3044 2642 3116 τῷ
2672 3047 2952 3100 ὁτιποτοῦν
2990 3048 3081 3100 ἐπὶ
3127 3048 3301 3120 τούτῳ
3339 3051 3623 3117 φάσκοντι,
3669 3053 3751 3105 ὅτι

2164 3136 2193 3188 6
2233 3135 2436 3206 Κύριος
2476 3136 2652 3188 αὐτῶν
2702 3137 2889 3209 χρείαν
2935 3137 3070 3208 ἔχει,
3116 3139 3317 3204 εὐθέως
3357 3141 3412 3194 δὲ
3457 3141 3755 3197 ἀποστελεῖ

485 3231 688 3301 aliquid
722 3230 880 3285 nobis
909 3228 1180 3283 ostendat.
1211 3225 1543 3294 Quaestionis
1571 3227 1734 3282 etiam
1766 3226 2056 3282 dilliculta-

2162 3224 2388 3294 αύτούς;
2445 3227 2504 3278 Ὀ
2555 3228 2663 3298 γὰρ
2713 3228 3031 3299 τηλικοῦτος
3078 3229 3305 3302 Κύριος,
3353 3232 3545 3304 χρείαν
3609 3233 3751 3304 ἔχων

487 3335 592 3379 tem
634 3332 793 3393 auget
818 3319 1113 3375 Zacharias
1150 3320 1409 3390 propheta
1438 3318 1717 3375 Barachite
1756 3318 1922 3385 ﬁlius,
1963 3320 2057 3390 qui

486 3414 827 3488 prophetiam
871 3411 1345 3467 animadversiOne
1392 3411 1615 3481 dignam
1671 3412 1739 3467 iis
1782 3410 1848 3466 de
1896 3413 2059 3467 rebus

489 3507 693 3569 edidit,
753 3501 810 3559 in
859 3515 967 3573 qua
1018 3503 1101 3558 his
1158 3503 1289 3573 ipsis
1333 3502 1514 3557 verbis
1577 3502 1702 3557 talia
1749 3502 2061 3574 conscripta

486 3606 614 3656 sunt
633 3596 678 3630 π
702 3613 715 3649 :
749 3615 766 3649 ι
792 3590 977 3651 Gaude
1000 3595 1369 3661 vehementer,
1403 3593 1511 3648 ﬁlia
1536 3590 1702 3660 Sion;
1729 3592 1893 3664 738
1921 3609 2061 3664 prae-

485 3694 627 3757 dica,
665 3692 771 3747 ﬁlia
801 3689 1135 3756 Jerusalem;
1169 3704 1294 3743 ecce
1318 3685 1430 3741 Rex
1462 3695 1588 3742 tuus
1616 3689 1795 3740 veniet
1829 3685 1924 3740 tibi
1968 3685 2063 3755 ju—

484 3797 623 3851 stus,
654 3795 707 3841 et
732 3799 986 3850 servans;
1030 3783 1146 3852 ipse
1180 3789 1521 3846 mansuetus,
1547 3787 1600 3833 et
1628 3775 1932 3833 ascendens
1964 3793 2061 3833 su-

2164 3317 2286 3372 ὅνου
2324 3318 2419 3370 καὶ
2454 3316 2633 3373 πώλου
2664 3317 2771 3377 τῶν
2804 3320 2970 3373 πάλαι
2998 3320 3315 3392 δεδεμένων,
3356 3324 3674 3395 ὲμφαινέτω
3701 3342 3752 3379 τι

2166 3408 2314 3474 ἄξιον
2342 3408 2506 3462 αὐτοῦ
2534 3410 2633 3480 τῆς
2675 3411 3168 3484 μεγαλοπρεπείας.
3225 3415 3511 3468 Ἐπιτείνει
3556 3416 3618 3469 δὲ
3658 3417 3753 3487 τὴν

2167 3501 2311 3556 κατὰ
2348 3500 2439 3555 τὸν
2475 3501 2636 3555 τόπον
2668 3503 2895 3574 ζήτησιν
2944 3507 3230 3578 προφήτης
3279 3508 3552 3579 Ζαχαρίας
3599 3511 3630 3562 6
3660 3509 3752 3563 τοῦ

2169 3595 2459 3667 Βαραχίου,
2519 3593 2901 3666 προφητεύσας
2961 3595 3091 3667 περὶ
3145 3596 3349 3651 τούτων
3411 3602 3754 3669 προφητείαν

2168 3686 2322 3753 ἀξίαν
2376 3686 2733 3749 ἐπιστάσεως,
2772 3687 2843 3761 «ὲν
2976 3687 3164 3751 αὐταῖς
3217 3687 3395 3754 λέξεσι
3442 3690 3753 3761 γέγραπται

2168 3776 2359 3830 ταῦτα’
2408 3796 2426 3827 t
2488 3776 2659 3846 Χαῖρε
2714 3777 2937 3848 σφόδρα,
2985 3776 3223 3849 θύγατερ
3272 3778 3430 3843 Σιὼν,
3482 3781 3751 3850 κήρυσσε.

486 3892 583 3947 per
619 3875 976 3945 subjugalcm,
1008 3881 1057 3926 et
1092 3872 1298 3941 pullum
1329 3870 1607 3941 juvenem.
1644 3889 1662 3921 ι
1701 3868 1856 3936 Quod
1903 3869 1949 3923 si
1994 3868 2056 3923 ah

2171 3866 2407 3939 θύγατερ
2450 3867 2806 3939 Ἰερουσαλήμ
2839 3868 2982 3938 (92)·
3024 3868 3133 3923 ίδοὺ
3176 3872 3205 3923 6
3234 3869 3492 3934 Βασιλεύς
3530 3889 3627 3925 σου
3673 3873 3757 3946 ἔρ-

489 3970 607 4038 ipso
643 3965 911 4036 Propheta
960 3965 1171 4020 discere
1198 3964 1312 4028 vis,
1373 3962 1646 4033 quomodo
1700 3964 1855 4031 juxta
1907 3960 2056 4015 haec:

2170 3958 2323 4028 χεταί
2355 3972 2436 4011 σοι
2467 3957 2694 4023 δίκαιος,
2728 3959 2822 4012 καὶ
2858 3957 3064 4023 σώζων,
3092 3959 3253 4023 αὐτὸς
3286 3961 3463 4032 πραῢς
3493 3962 3627 4033 (95),
3664 3966 3756 4018 καὶ

1688 4066 1917 4125 VETUS
1955 4066 2539 4124 INTERPRETATIO.

489 4175 653 4229 situm
679 4186 892 4232 eorum,
920 4168 1049 4238 quid
1075 4166 1508 4238 considerantes,
1541 4173 1663 4237 post
1687 4162 1958 4238 mirabilia
1994 4162 2116 4233 ejus
2144 4172 2200 4238 et
2224 4179 2399 4238 opera
2417 4164 2679 4234 gloriosa,
2721 4164 2886 4219 etiam
2910 4164 2979 4238 de
3000 4164 3338 4238 exhibitione
3364 4167 3533 4222 asinae
3558 4177 3615 4221 et
3637 4185 3754 4223 ses-

489 4248 644 4299 sione
672 4240 882 4295 Domini
916 4232 1080 4309 super
1112 4254 1231 4292 eam
1268 4236 1509 4292 facerent
1534 4232 1890 4290 mentionem.
1918 4232 2066 4288 Pone
2088 4235 2218 4358 quia
2255 4232 2321 4289 de
2352 4232 2563 4288 visione
2593 4250 2887 4302 caecorum,
2934 4234 3001 4289 de
3050 4236 3474 4307 paralyticorum
3518 4241 3755 4292 constri-

489 4315 686 4358 rlinne-
722 4312 789 4358 de
819 4310 1219 4358 resurrectione
1244 4319 1603 4358 mortuormn.
1636 4305 1704 4358 de
1729 4304 2081 4358 mundatione
2123 4319 2447 4358 eorosorum
2476 4304 2817 4358 scripserunt
2852 4305 3226 4358 evaneelistat.
3260 4314 3320 4358 ut
3351 4306 3624 4358 aediﬁcent
3663 4311 3755 4358 hu.

486 4315 686 4376 ctione,
722 4312 789 4365 de
819 4304 1219 4364 resurrectione
1244 4319 1603 4376 mortuorum,
1636 4305 1704 4360 de
1729 4304 2081 4376 mundatione
2105 4304 2447 4376 leprosorum
2476 4304 2817 4373 scripserunt
2852 4304 3227 4376 evangelista},
3260 4314 3320 4359 ut
3351 4306 3624 4376 aediﬁcent
3662 4311 3756 4362 hc:-

487 4364 750 4437 niines'in
772 4364 887 4434 ﬁde
915 4377 1116 4432 Christi
1141 4377 1381 4447 legentes
1413 4377 1465 4428 in
1501 4364 1799 4447 Scripturis
1826 4388 1992 4447 opera
2019 4364 2138 4447 ejus
2155 4364 2190 4447 E_
2208 4374 2336 4444 quid
2361 4383 2540 4447 autem
2563 4364 2853 4429 v'oluerunt
2880 4364 3229 4447 conscribere
3257 4375 3401 4447 quod
3422 4379 3753 4447 apprOpians

486 4452 645 4509 Jcsus
676 4449 1067 4519 Hierosolymis
1094 4443 1219 4519 cuni
1253 4447 1536 4519 discipulis
1569 4443 1708 4519 suis,
1742 4452 1796 4498 et
1819 4444 2042 4519 veniens
2077 4443 2389 4519 Bethphage
2412 4444 2568 4514 juxta
2605 4456 2846 4519 montem
2881 4444 3077 4519 Qliveti
3099 4483 3115 4507 ,
3144 4443 3296 4499 misit
3319 4443 3471 4500 duos
3493 4443 3751 4519 discipu-

489 4525 593 4598 los,
629 4521 900 4598 mandans
928 4513 1008 4572 eis
1128 4517 1280 4571 asina
1308 4513 1545 4598 _et_pullo
1577 4515 1716 4598 ejus,
1733 4513 2093 4598 plsolventes
2122 4513 2399 4598 adducant
2430 4529 2550 4598 eam
2597 4517 2663 4596 ad
2699 4529 2787 4598 se,
2820 4514 2916 4596 qui
2951 4513 3264 4598 frequenter
3314 4530 3424 4596 non
3474 4513 3753 4598 pigritarit

491 4582 751 4661 majorem
782 4590 925 4643 viam
959 4586 1188 4661 pedibus
1214 4582 1518 4661 ambulare,
1543 4582 1686 4661 sicut
1717 4582 1856 4661 fecit
1888 4582 2108 4661 quando
2162 4584 2231 4638 ab
2280 4582 2676 4661 Hierosolymis
2716 4582 3006 4661 transiens
3039 4598 3136 4652 per
3179 4582 3503 4661 Samariam:
3535 4582 3652 4661 ibat
3698 4589 3753 4640 in

488 4653 786 4724 Galilaeam,
824 4653 1212 4712 eum—venisset
1235 4657 1300 4709 ad
1332 4668 1554 4723 puteum
1582 4670 1649 4710 eo
1671 4654 1865 4725 itinere
1890 4654 2089 4725 lassus,
2125 4663 2177 4708 et
2210 4668 2381 4725 super,
2403 4653 2836 4709 eum‘sedisset?
2869 4653 3227 4725 QuidAautem
3251 4663 3335 4709 est
3358 4655 3505 4721 quod
3553 4666 3608 4710 et
3638 4657 3754 4725 ipse

489 4733 650 4787 .lesus
679 4721 889 4784 asinam
921 4742 1046 4781 eum
1075 4726 1220 4795 pullo
1252 4721 1372 4794 ejus
1405 4725 1622 4795 ligatam
1668 4724 1878 4795 solvere
1911 4723 2087 4795 jubet,
2121 4731 2177 4795 et
2225 4721 2448 4777 mandat
2487 4724 2774 4795 utdicenti
2816 4725 2973 4795 sibi:
3004 4721 3188 4795 Quare
3226 4725 3488 4795 solvitis?
3517 4721 3750 4795 respdn-

489 4805 651 4855 deant
681 4818 693 4853 :
730 4797 867 4863 Quia
895 4792 1155 4851 Dominus
1188 4792 1409 4865 operam
1429 4792 1550 4862 ejus
1575 4794 1866 4857 desiderat,
1908 4792 2404 4865 confestimqautcm
2435 4794 2674 4848 remittet
2702 4808 2852 4865 eam.
2904 4793 3013 4849 Nec
3039 4792 3184 4865 enim
3212 4794 3533 4865 bujusmodi
3564 4792 3753 4849 Domi-

492 4888 595 4925 nus
628 4862 999 4923 ttecttSSat-iattt'
1022 4862 1241 4921 habens
1259 4869 1470 4920 asinam
1502 4873 1555 4918 et
1583 4865 1789 4935 pullum
1820 4865 1939 4935 ejus
1964 4862 2258 4934 aliquando
2291 4863 2484 4933 ligatos
2504 4903 2520 4927 ,
2553 4864 2796 4918 ostendit
2822 4866 2876 4917 in
2912 4865 3088 4934 prima
3117 4862 3258 4918 facie
3286 4862 3492 4935 aliquid
3523 4866 3751 4935 dignum

564 5034 607 5066 ²⁷
651 5030 815 5088 Marc.
847 5049 923 5097 vt,
953 5034 977 5085 1
1009 5042 1061 5088 et
1097 5049 1210 5103 seq.
1288 5034 1333 5063 “
1372 5030 1506 5088 Luc.
1546 5050 1659 5099 xix,
1687 5031 1759 5087 28
1788 5041 1842 5088 et
1864 5048 1978 5102 seq.
2054 5038 2056 5049 ‘

2162 5034 2295 5087 ‘oan.
2328 5047 2401 5098 ιν,
2570 5032 2613 5063 ³⁰
2652 5030 2819 5087 Zach.
2855 5047 2930 5098 ix,
2966 5031 3019 5086 9.

559 5191 685 5263 (90),
722 5188 1082 5263 Ἐγγξίζὸυσιι·
1113 5189 1200 5253 εἰς
1235 5187 1614 5263 Ἰεροσόλυμα
1637 5189 1850 5263 καὶ-εἱς
1882 5190 2060 5263 Byzan-

486 5257 749 5318 w'ar.'lta
773 5257 1020 5328 vulgatus
1047 5258 1330 5328 interpres,
1366 5258 1529 5311 Marc.
1564 5275 1639 5321 χι,
1674 5260 1723 5321 l;
1750 5259 1822 5311 ita
1848 5266 1902 5311 ct
1924 5257 2056 5312 Luc.

495 5347 605 5393 tux,
639 5332 729 5386 29.
758 5329 849 5383 Sic
872 5326 1061 5382 autem
1094 5326 1264 5382 Graeci
1297 5328 1514 5382 codices
1545 5328 1744 5382 habent
1776 5346 1787 5380 :
1826 5328 1937 5380 Καὶ
1970 5330 2058 5381 ὅτε

490 5404 795 5472 ἐγγίζουσιν
845 5402 924 5464 εἰς
942 5397 1339 5472 ςΙε-ρουσαλὴμ,
1368 5400 1453 5472 εἰς.
1479 5396 1800 5472 Βηθφαγὴυ,
1832 5397 1925 5472 zeal
1952 5397 2060 5472 Βη-

492 5466 710 5526 θανίαψ
746 5474 898 5524 deest
940 5466 1204 5539 Βηθφαγή
1244 5466 1297 5522 in
1345 5466 1691 5538 quibusdam.
1725 5466 1794 5521 At
1836 5466 1972 5522 Beza
2007 5466 2059 5521 in

494 5545 639 5596 hunc
668 5540 831 5595 Marci
860 5541 1062 5601 locum,
1094 5557 1114 5589 ι
1147 5538 1311 5593 Vetus
1333 5548 1513 5593 autem
1546 5539 1834 5606 interpres,
1863 5538 2061 5606 inquat,

492 5622 553 5667 ut
583 5622 637 5665 et
670 5609 860 5682 Syrus,
897 5610 1067 5682 solam
1120 5607 1435 5682 Bethaniam
1484 5619 1893 5682 commemorat,
1942 5623 2061 5660 meo

494 5676 862 5736 vetustissimo
904 5681 1089 5748 codice
1122 5678 1494 5748 aStipulante;
1540 5697 1559 5729 ι
1591 5693 1715 5731 cum
1770 5676 1939 5747 Syrus
1982 5685 2063 5730 ta-

492 5766 613 5807 men
643 5748 950 5816 Bethphage
978 5758 1031 5803 et
1052 5746 1367 5816 Bethaniam
1393 5755 1799 5816 commemoret,
1831 5761 2063 5801 consen-

491 5818 752 5880 tientibus
781 5814 1061 5886 Etliiope,
1097 5827 1151 5870 et
1188 5815 1370 5870 Persa.
1401 5814 1663 5870 Hunnus.

2241 5186 2352 5257 (91)
2391 5186 2721 5257 Κοπιὰσας.
2763 5186 2926 5242 Forte
2948 5187 3320 5253 scribendum,
3347 5189 3440 5242 καὶ
3462 5188 3750 5252 κοπιάσας.

2240 5256 2353 5329 (92)
2392 5256 2699 5329 K710110083
2736 5260 2986 5329 θύγατερ
3025 5258 3433 5329 Ἰερουσαλήμ.
3481 5258 3702 5329 vulgata
3734 5277 3749 5313 :

2175 5327 2441 5393 «Jubila,
2503 5327 2613 5383 ﬁlia
2669 5327 3046 5388 Jerusalem.)
3112 5327 3398 5385 Hebraeum
3467 5327 3610 5383 enim
3663 5337 3752 5391 tu

2171 5410 2467 5467 utrumque
2501 5399 2792 5467 signiﬁcat.
2830 5397 2905 5452 In.

2240 5469 2350 5539 (95)
2390 5468 2583 5540 Αὴτὸς
2635 5469 2846 5536 πραῢς.
2889 5468 3292 5540 Symmachus,
3339 5478 3394 5524 et
3451 5470 3515 5523 5ἰ
3537 5469 3732 5524 editio:

2171 5536 2692 5611 mwx6§.AJuSIinus
2735 5536 3030 5611 utrumque
3065 5540 3227 5593 habet
3270 5540 3471 5611 πραΰς,
3503 5549 3557 5593 et
3597 5555 3744 5611 πτιιες

2171 5604 2491 5678 χός.”ιΙεὶ›ι·.
2541 5616 2662 5675 τεν,
2711 5610 2858 5678 quod
2911 5604 3256 5677 (pauperem
3288 5604 3327 5662 ›’
3361 5619 3519 5664 sonat
3565 5604 3746 5665 :LXX

2168 5688 2350 5731 autem
2410 5679 2686 5747 legerunt,
2740 5685 2866 5742 ty,
2930 5682 3074 5747 quod
3136 5688 3220 5733 est
3278 5698 3298 5730 ‹
3332 5686 3677 5747 mansuetus.
3719 5694 3740 5728 ι

2167 5745 2627 5815 quemadmodum
2655 5756 2709 5801 et
2740 5745 3343 5805 Jonathan.Theodotio
3363 5792 3377 5817 ,
3437 5745 3741 5812 ἐπακούων,

2169 5835 2198 5871 a
2226 5828 2348 5886 my,
2390 5836 2407 5868 ι
2440 5817 2737 5873 εχίίυιίἰνὶι.
2768 5837 2786 5869 ι
2820 5819 2897 5872 in.
