4074 6300
419 349 558 408 {625

1364 347 1714 404 COMMENT.
1757 347 1823 401 IN
1862 347 2274 405 MATTHIEUM
2312 347 2548 405 TOMUS
2583 347 2725 403 XVI.

3535 347 3557 400 l
3568 346 3672 402 4‘26

419 468 558 534 θέως
582 467 638 522 δὲ
663 466 949 522 ἀποστελεῖ
977 467 1196 531 αὐτοὺς,
1230 485 1248 518 ι
1282 468 1316 537 ἧ
1338 483 1354 500 ⁸
1395 486 1414 518 ι
1449 469 1559 521 Καὶ
1590 468 1793 532 εὐθέως
1829 471 1990 523 αὐτὸν

2107 471 2180 526 his
2211 471 2389 525 verbis
2418 471 2462 502 ³³
2488 487 2502 522 :
2535 490 2553 521 ι
2583 469 2647 522 Ει
2678 467 2965 524 confestim
3007 468 3242 524 dimittet
3270 484 3364 526 eos
3386 487 3401 536 ;
3426 488 3444 523 ι
3488 469 3566 522 vel
3594 470 3669 522 ὀε

417 558 705 613 ἀποστελεί
735 557 895 613 πάλιν
935 550 1069 612 ὦδε·
1114 577 1133 610 ι
1171 556 1353 622 λύσεις
1378 557 1437 611 δὲ
1466 557 1526 611 τὸ
1558 559 1995 631 ὲπηπορημένον,

420 649 661 723 ζητήσας
694 650 791 721 τὴν
829 650 1133 723 ἀποστολὴν
1164 651 1197 723 ἢ
1237 651 1346 706 τῶν
1395 653 1536 707 κατὰ
1579 653 1671 706 τὸν
1724 651 1998 706 Ματθαῖον

417 741 541 807 δύο,
575 741 608 811 ἢ
648 740 741 795 τοῦ
787 741 928 796 κατὰ
959 742 1049 796 τὸν
1079 742 1303 814 Μάρκον
1328 742 1529 797 πώλου.
1567 745 1687 797 ’Ότι
1712 742 1768 796 δὲ
1797 742 2000 814 Κύριος

417 831 591 895 οὐδεὶς
610 831 770 896 ἄλλος
797 829 865 902 ἦν
898 832 1008 887 τῶν
1039 833 1338 904 δεδεμένων
1358 873 1373 897 ,
1410 834 1524 887 ἀλλ’
1557 834 1589 905 ἢ
1619 835 1648 887 6
1675 834 1831 906 ἡμῶν
1864 853 1884 886 ι
1919 828 2000 899 εἷς

420 921 624 994 Κύριος
667 922 875 995 Ἰησοῦς
914 924 1167 996 Χριστὸς,
1186 925 1253 979 δι’
1287 916 1348 979 οὗ
1378 924 1447 979 τὰ
1478 925 1674 991 πάντα,
1695 946 1713 978 ι
1751 919 1795 994 ᾧ
1828 925 1999 997 μηδα-

422 1012 541 1085 μῶς
574 1014 876 1084 ἀντιλέγειν
909 1015 1101 1086 ἔμελλε
1147 1016 1255 1070 τῶν
1293 1016 1561 1085 λεγόντων
1600 1034 1717 1082 τιςο
1758 1035 1776 1068 ι
1824 1018 1918 1080 Εἰς
1949 1017 2002 1072 τι

417 1104 575 1160 λύετε
608 1106 701 1159 τὸν
749 1106 957 1172 πῶλον;
1007 1126 1027 1159 ι
1067 1107 1101 1178 ἢ
1147 1108 1428 1162 ότιποτοῦν
1468 1109 1782 1177 φασκόντων
1810 1109 1996 1180 δῆλον·

419 1196 499 1261 ὡς
543 1196 654 1269 γὰρ
698 1195 773 1268 μὴ
819 1197 1188 1270 ἀντεροὺντων
1229 1197 1377 1269 αὐτῷ
1417 1194 1567 1253 εἶπεν
1611 1199 1640 1250 6
1680 1199 1871 1272 Σωτὴρ
1899 1201 1960 1253 τό
1984 1217 1998 1229 ο

426 1307 448 1342 ι
486 1289 598 1342 Καὶ
625 1289 720 1343 ἐὰν
749 1306 833 1353 τις
866 1290 994 1360 ὑμῖν
1027 1288 1156 1363 εἴπῃ
1178 1308 1251 1354 τι,
1284 1291 1481 1362 ἐρεῖτε,
1508 1293 1589 1346 ὅτι
1617 1294 1645 1345 6
1677 1292 1878 1363 Κύριος
1906 1294 2003 1346 αὐ-

419 1378 531 1433 τῶν
573 1378 761 1451 χρείαν
815 1380 948 1451 ἔχει,
992 1399 1010 1433 ι
1057 1381 1124 1453 ἦ·
1181 1400 1200 1433 ι
1273 1382 1397 1436 Ἐάν
1444 1400 1529 1447 τις
1567 1383 1695 1454 ὑμῖν
1727 1382 1883 1457 εῐπῃο
1939 1382 2005 1437 Τί

422 1469 578 1522 λύετε
601 1470 693 1524 τὸν
725 1470 940 1537 πῶλον;
977 1472 1187 1537 εἴπατε,
1220 1470 1300 1526 ὃτι
1332 1474 1361 1527 6
1392 1474 1595 1545 Κύριος
1622 1474 1783 1528 αὑτοῦ
1815 1475 2005 1547 χρείαν

414 1563 559 1633 ἔχει’
591 1581 610 1613 ι
647 1563 745 1616 καὶ
774 1564 914 1618 κατὰ
941 1565 1032 1617 τὸν
1063 1566 1279 1619 Λωκᾶν
1311 1565 1367 1619 δέ
1389 1583 1402 1596 ⁸
1429 1584 1447 1617 ι
1473 1565 1598 1619 Ἐάν
1626 1584 1730 1630 τις,
1761 1586 1779 1619 ι
1818 1566 2001 1638 φησιν,

427 1673 447 1704 ι
480 1655 624 1725 ὑμᾶς
651 1656 848 1728 ὲρωτεξῖ⁸
871 1654 971 1709 Διὰ
992 1655 1045 1710 τί
1075 1656 1264 1725 Mere;
1286 1657 1427 1712 οὕτω
1457 1659 1633 1729 ἐρεῖτε
1651 1675 1665 1688 ·
1692 1658 1810 1713 Ὅτι
1831 1659 1860 1712 6
1894 1658 2006 1712 Κύ-

424 1762 539 1816 ριος
567 1746 733 1800 αὐτοῦ
763 1747 951 1818 χρείαν
979 1747 1111 1820 ἔχει.
1161 1768 1179 1801 ι
1222 1751 1333 1803 Καὶ
1366 1749 1623 1822 ζητήσεις
1657 1752 1705 1804 εἰ
1737 1750 1874 1822 μετὰ
1905 1751 2004 1823 τὴν

434 1837 809 1909 Ἰερουσαλὴμ,
854 1839 948 1893 καὶ
980 1840 1042 1894 τὸ
1089 1838 1479 1913 ἐπιϐεϐηκέναι
1515 1841 1725 1906 τούτοις
1755 1843 1788 1914 ἢ
1829 1842 2003 1915 τούτῳ

421 1929 513 1982 τὸν
553 1931 811 2003 Σωτῆρα,
852 1932 1122 2004 ἁποστολή
1162 1950 1248 1997 τις
1294 1932 1386 1986 ἐπί
1425 1951 1477 1986 τι
1510 1932 1668 2006 ἔργον
1711 1935 2005 2004 ἀναγκαῖον

422 2020 560 2091 πρὸς
603 2022 692 2075 τὸν
723 2022 886 2077 τόπον
912 2023 1160 2092 γίνεσθαι
1188 2023 1410 2097 ἔμελλεν
1433 2064 1447 2089 ,
1489 2025 1577 2078 ἵνα
1616 2043 1667 2079 τι
1711 2028 2006 2098 ποιήσωσιν

422 2114 456 2181 ἠ
491 2112 611 2177 ὄνος
645 2114 737 2167 καὶ
771 2116 800 2167 6
831 2114 1012 2178 πῶλος
1049 2114 1210 2186 ἔργον
1244 2114 1384 2169 κατὰ
1409 2115 1469 2169 τὺ
1499 2114 1874 2188 σιωπώμενον,
1905 2121 2005 2190 ὲμ-

424 2201 749 2272 φαινόμενον
779 2203 898 2274 μὲν,
934 2204 994 2257 οὐ
1023 2204 1238 2275 τρανῶς
1264 2204 1321 2258 δὲ
1343 2203 1726 2276 δεδηλωμένον.
1760 2209 2006 2264 Ἔννοιαν

420 2290 480 2344 δὲ
500 2291 595 2345 τοῦ
622 2292 866 2347 τοιούτου
901 2294 1163 2365 λαμϐάνω
1194 2296 1496 2366 ἐπιστήσας
1527 2298 1593 2367 τῇ
1626 2296 1776 2364 τάξει
1809 2298 1916 2351 τῶν
1948 2301 2006 2353 ὲν

422 2381 503 2452 τῷ
544 2382 685 2437 κατὰ
728 2383 1002 2438 Ματθαῖον
1046 2384 1447 2457 μακαρισμῶν,
1508 2387 1566 2437 ὲν
1608 2381 1689 2450 οἷς
1737 2385 1876 2458 μετὰ
1910 2389 2005 2443 τό⁸

430 2493 451 2526 ι
474 2477 752 2550 Μακάριοι
779 2480 828 2530 οἱ
849 2478 1056 2548 πτωχοὶ
1080 2476 1160 2548 τῷ
1180 2476 1470 2548 πνεύματι,
1490 2478 1572 2531 ὅτι
1601 2479 1778 2533 αὐτῶν
1801 2482 1947 2535 ἐστιν
1972 2482 2006 2553 ἡ

427 2567 676 2636 βασιλεία
706 2567 816 2622 τῶν
847 2567 1113 2640 οὐρανῶν,
1156 2587 1174 2619 ι
1211 2567 1340 2638 ἑξῆς
1363 2569 1677 2640 γέγραπται
1703 2570 1789 2623 τό’
1827 2591 1845 2622 ι
1886 2574 2007 2626 Μα-

425 2660 610 2732 κάριοι
663 2663 711 2714 οἱ
765 2663 982 2732 πραεῖς,
1037 2661 1121 2714 ὅτι
1179 2660 1334 2714 αὐτοὶ
1387 2661 1855 2735 κληρονομήσουσι
1908 2665 2008 2735 τὴν

426 2750 533 2821 γῆν
552 2752 580 2807 ἦ
605 2771 623 2802 ι
651 2753 805 2822 τήρει
828 2751 938 2823 γὰρ
955 2754 1012 2805 ἐν
1044 2751 1273 2816 τούτοις,
1296 2754 1376 2806 ὅτι
1400 2754 1613 2825 πρῶτον
1643 2755 1742 2826 μὲν
1766 2756 1875 2809 τῶν
1900 2774 2006 2828 μα-

426 2842 801 2914 καριζομένων
823 2845 856 2914 ἡ
892 2842 1138 2913 βασιλεία
1171 2845 1287 2897 ἐστὶ
1312 2843 1421 2898 τῶν
1448 2846 1690 2917 οὐρανῶν
1710 2863 1723 2876 ·
1756 2846 2006 2919 δεύτερον

424 2933 481 2987 δὲ
531 2933 995 3006 κληρονομήσουσι
1038 2935 1137 3007 τὴν
1183 2937 1317 3007 γῆνο
1359 2937 1458 3009 οὐχ
1509 2937 1650 2991 ὥστε
1695 2937 1786 2992 τὸν
1833 2939 2008 2993 πάντα

424 3022 597 3077 αἰῶνα
630 3019 770 3077 εἶναι
796 3028 882 3077 ἐπ’
923 3027 1129 3097 αὐτῆς⁸
1166 3028 1608 3100 παρακληθέντες
1631 3027 1761 3101 γὰρ,
1794 3030 1889 3082 καὶ
1918 3030 2007 3084 διὰ

422 3113 486 3168 τὸ
532 3115 925 3207 πεπεινηκῶθαι
963 3119 1058 3207 καὶ
1107 3117 1450 3207 δεδιψηκέναι
1490 3119 1855 3190 δικαιοσύνης,
1915 3138 2007 3175 κο-
2033 3151 2074 3207 C

425 3203 710 3275 ρεσθέντες
738 3205 928 3275 αὐτῆς.
960 3206 1055 3269 καὶ
1084 3206 1419 3277 ἐλεηθέντες,
1446 3209 1542 3262 καὶ
1569 3208 1661 3262 τὸν
1694 3208 1825 3264 Θεὸν
1869 3211 2006 3265 ἰδόν-

421 3312 537 3360 τες,
565 3296 659 3349 καὶ
691 3296 797 3349 υἱοὶ
835 3297 999 3350 αὐτοῦ
1030 3297 1343 3369 κληθέντες,
1393 3299 1555 3353 πάλιν
1592 3300 1684 3354 ἐπὶ
1722 3300 1817 3373 τὴν
1852 3301 2010 3372 βασι-

423 3387 571 3440 λειαν
600 3387 1064 3443 ἀποκαθίστανται
1081 3389 1190 3443 τῶν
1213 3391 1479 3461 οὐρανῶν.
1528 3391 1652 3446 Ἐὰν
1677 3392 1734 3446 δὲ
1767 3394 1887 3458 ὄνος
1915 3396 2009 3449 καὶ

425 3478 622 3545 πῶλος,
649 3474 728 3542 οἷς
748 3480 776 3531 6
805 3480 993 3552 Σωτὴρ
1008 3482 1300 3544 ἐπιϐαίνει,
1323 3483 1374 3535 οἱ
1399 3482 1782 3553 ἁποδεδομένοι
1807 3486 2010 3555 τυγχά-

423 3588 582 3637 νωσι,
628 3570 702 3642 μὴ
739 3571 1055 3645 προσκόψῃς
1082 3571 1160 3642 τῷ
1189 3572 1332 3643 λόγῳ
1370 3572 1765 3644 παραϐάλλοντι
1791 3575 2006 3644 ἀλόγοις

424 3660 584 3727 ζώοις
620 3661 941 3734 ἀχθοφόροις
978 3663 1102 3726 τοὺς
1145 3663 1408 3736 φέροντας
1451 3663 1545 3716 τὸν
1588 3664 1793 3734 Ἰησοῦν
1824 3666 2005 3730 αὐτοῖς

423 3748 748 3826 ὀχούμενονέ
778 3754 919 3824 τάχα
951 3754 1060 3826 γάρ
1095 3771 1148 3807 τι
1173 3752 1414 3808 τοιοῦτον
1454 3756 1654 3827 νοήσας
1680 3756 1774 3808 καὶ⁵
1805 3758 1834 3809 6
1871 3757 2006 3828 Προ-

426 3849 603 3920 φήτης
627 3844 748 3900 εἷπε
777 3847 842 3900 τὸ
878 3845 1157 3916 γεγονέναι
1190 3844 1491 3917 κηνὼδης,
1523 3847 1623 3917 οὐχ
1643 3845 2001 3913 ἁπαξαπλῶς,

422 3938 562 3994 ἀλλὰ
608 3938 762 4011 παρὰ
803 3937 882 4010 τῷ
914 3935 1034 4009 Θεῷ
1062 3977 1078 4003 ,
1117 3936 1151 4008 ἢ
1187 3936 1336 4008 παρὰ
1369 3936 1447 4009 τῷ
1482 3937 1724 4010 Χριστῷ,
1770 3940 1866 3992 καὶ
1905 3939 1966 3991 τό
1990 3954 2002 3967 '

429 4048 450 4084 ι
494 4030 667 4101 Κάγὼ
716 4028 999 4102 κτηνὼδης
1044 4028 1309 4101 ἐγενήθην
1343 4029 1494 4100 παρὰ
1526 4030 1642 4082 σοι’
1709 4048 1727 4083 ι
1778 4030 1856 4095 ῶς
1897 4031 2004 4103 γὰρ

424 4123 562 4194 πρὸς
585 4123 676 4177 τὸν
706 4121 1005 4191 Αὐτολότον
1032 4121 1126 4176 καὶ
1159 4120 1296 4193 πρὸς
1320 4118 1418 4193 τὴν
1450 4121 1542 4176 τοῦ
1564 4121 1697 4176 Θεοῦ
1724 4122 2006 4195 μεγαλειόη

2106 580 2126 613 ‹
2171 560 2239 616 Et
2288 562 2549 617 continuo
2599 561 2750 615 illum
2809 558 3045 615 dimittet
3095 559 3201 615 huc
3249 576 3512 625 rursum;
3546 578 3564 611 ι
3620 569 3675 613 at

2099 652 2452 724 quaestionem
2504 652 2578 707 ita
2623 652 2821 714 solves,
2870 649 2917 704 si
2961 649 3044 703 vel
3069 649 3301 703 duorum
3351 651 3565 706 illorum
3607 651 3675 704 de

2100 743 2301 812 quibus
2329 740 2635 805 Mattltzeus,
2668 741 2750 796 vel
2786 738 2920 810 pulli
2961 737 3028 792 de
3067 754 3178 807 quo
3212 738 3449 807 Marcus,
3481 740 3673 797 dimis-

2101 837 2309 887 sionem
2355 831 2723 903 perpenderis.
2761 830 2917 897 Quod
2951 836 3131 884 autem
3184 847 3292 886 non
3341 832 3481 885 alius
3523 832 3675 900 quis-

2101 938 2265 994 quam
2304 923 2648 994 alligatorum
2691 926 2948 982 dominus
2987 935 3124 991 erat,
3152 940 3313 994 quam
3350 941 3368 974 ι
3401 938 3543 977 unus
3569 922 3678 976 Do-

2102 1015 2321 1070 minus»
2355 1024 2538 1071 noster
2570 1036 2589 1067 ς
2608 1014 2766 1071 Jesus
2785 1016 3036 1073 Christus
3063 1033 3157 1087 per
3176 1030 3337 1086 quem
3364 1012 3546 1071 omnia
3571 1012 3668 1077 ",D

2104 1105 2191 1161 cui
2233 1105 2606 1177 refragaturus
2642 1123 2802 1163 nemo
2837 1116 2956 1163 erat
2993 1123 3060 1162 ex
3103 1107 3171 1163 iis
3199 1106 3289 1176 qui
3318 1104 3571 1159 dicebant
3591 1101 3673 1155 δίε

2110 1215 2129 1247 ‹
2158 1191 2299 1263 Quid
2338 1197 2547 1253 sol'vitis
2574 1198 2824 1268 pullum?
2858 1218 2876 1251 ι
2922 1200 3006 1254 vel
3047 1198 3195 1253 aliud
3235 1196 3522 1268 quidlibet,
3559 1209 3676 1249 ma-

2104 1289 2361 1344 nifestum
2427 1298 2553 1358 est;
2628 1306 2753 1345 nam
2818 1291 2976 1362 quasi
3047 1290 3274 1346 minime
3339 1288 3676 1344 adversaturi

2104 1389 2311 1447 essent,
2345 1381 2483 1437 dixit
2510 1380 2765 1438 Servator
2787 1382 2870 1435 ἠε
2901 1401 2920 1432 ι
2950 1382 3015 1436 Et
3053 1383 3097 1437 si
3132 1380 3256 1451 quis
3282 1380 3438 1435 vobis
3472 1377 3677 1447 aliquid

2105 1471 2339 1534 dixerit,
2398 1473 2562 1528 dicite
2604 1474 2729 1544 quia
2780 1473 3042 1527 Dominus
3083 1472 3171 1526 bis
3228 1487 3367 1541 Optls
3420 1471 3617 1535 habet;
3651 1488 3671 1518 ι

2106 1566 2188 1619 vel
2236 1566 2279 1598 ³⁸
2323 1581 2337 1619 :
2385 1585 2405 1619 ‹
2451 1566 2508 1621 Si
2551 1566 2676 1637 quis
2725 1566 2879 1620 vobis
2934 1565 3186 1619 dixerit:
3235 1562 3416 1629 Quare
3468 1560 3679 1617 solvitis

2109 1655 2354 1726 pullum?
2392 1655 2561 1710 Dicite
2594 1654 2721 1724 quia
2758 1654 2989 1709 Domino
3018 1651 3356 1707 necessarius
3385 1660 3502 1717 est;
3537 1671 3555 1703 ι
3594 1650 3680 1703 vel

2109 1746 2565 1819 quemadmodum
2599 1747 2676 1801 ait
2707 1745 2885 1801 Lucas
2908 1747 2987 1800 δέ
3019 1765 3037 1797 ι
3062 1745 3118 1801 Si
3149 1749 3274 1817 quis
3305 1759 3403 1800 vos
3449 1743 3683 1797 interro-

2114 1838 2362 1912 gaverit:
2397 1837 2576 1904 Quare
2636 1837 2885 1894 solvitis?
2922 1839 3001 1893 sic
3033 1838 3225 1893 dicetis
3258 1837 3307 1892 ei
3349 1855 3362 1891 :
3405 1834 3542 1902 Quia
3578 1833 3683 1887 Do-

2109 1931 2291 1986 minus
2330 1944 2550 2000 Operam
2593 1928 2713 1998 ejus
2760 1930 3050 1986 desiderat.
3082 1950 3101 1983 ι
3145 1929 3365 1996 Quaeres
3410 1929 3571 1983 ctiam
3613 1942 3680 1979 an

2105 2031 2397 2095 postquam
2431 2020 2828 2094 Jerosolymam
2878 2022 3141 2091 pervenit,
3189 2030 3244 2077 et
3288 2035 3385 2076 eos
3427 2020 3512 2072 vel
3555 2032 3677 2071 eum

2111 2116 2369 2172 Servator
2430 2115 2770 2180 conscendit,
2807 2113 2985 2184 aliqua
3041 2113 3155 2167 fieri
3210 2111 3438 2166 debebat
3494 2109 3682 2163 missio

2107 2207 2174 2262 ad
2206 2207 2577 2265 necessarium
2625 2208 2746 2261 loco
2778 2206 2903 2261 huic
2930 2221 3068 2276 opus
3101 2204 3408 2275 quidpiam;
3445 2210 3504 2256 ut
3526 2200 3680 2270 juxta

2066 2299 2161 2370 ‘id
2205 2300 2351 2369 quod
2400 2297 2617 2356 silentio
2667 2298 2884 2368 quidem
2937 2296 3361 2367 praetermissum
3413 2300 3532 2358 est,
3588 2292 3682 2346 sed

2105 2391 2468 2448 nihilominus
2526 2390 2898 2462 significatur,
2968 2390 3093 2444 licet
3134 2405 3242 2444 non
3283 2395 3500 2457 aperte,
3546 2401 3683 2455 opus

2107 2482 2333 2551 aliquod
2378 2480 2623 2537 facerent
2663 2481 2814 2534 asina
2865 2487 2919 2533 et
2962 2479 3163 2548 pullus.
3215 2477 3268 2532 Id
3295 2477 3430 2532 adeo
3461 2474 3591 2529 mihi
3629 2474 3680 2526 in

2109 2582 2344 2627 mentem
2393 2570 2663 2642 suggessit
2709 2571 3100 2626 beatitudinum
3137 2571 3271 2626 ordo
3313 2569 3366 2622 in
3394 2564 3684 2637 Evangelia

2110 2664 2407 2717 secundum
2454 2661 2766 2716 Mattlneum
2827 2663 3157 2732 propositus,
3192 2661 3247 2715 in
3290 2659 3510 2731 quibus,
3558 2673 3679 2732 post

2108 2752 2279 2810 illud:
2314 2773 2332 2807 ‹
2363 2753 2513 2809 Beati
2563 2769 2829 2825 pauperes
2879 2754 3094 2825 spiritu,
3139 2753 3267 2824 quia
3314 2753 3556 2824 ipsorum
3600 2762 3686 2809 est

2111 2862 2339 2917 regnum
2364 2845 2652 2911 cmlorum,
2681 2865 2701 2899 ι
2749 2845 3004 2916 deinceps
3049 2845 3102 2900 id
3149 2845 3411 2916 scriptum
3464 2853 3682 2901 exstat:

2117 2955 2135 2987 ι
2165 2934 2315 2990 Beati
2370 2935 2549 3000 mites,
2579 2934 2839 3005 quoniam
2895 2936 3254 3005 possidebunt
3307 2946 3504 2990 terram
3536 2935 3615 2989 “z
3658 2954 3677 2988 ι

2108 3025 2198 3082 hic
2234 3025 2378 3081 enim
2414 3026 2643 3080 observa
2671 3038 2858 3080 eorum
2900 3026 3075 3096 primo
3102 3042 3223 3082 esse
3257 3041 3483 3095 regnum
3514 3025 3652 3080 coelo

2107 3131 2253 3182 rum,
2285 3116 2377 3186 qui
2408 3115 2546 3170 beati
2574 3116 2959 3186 praedicantur,
2999 3122 3053 3170 et
3087 3115 3236 3186 ipsos
3266 3116 3459 3170 deinde
3486 3127 3577 3170 tcr.
3594 3129 3680 3169 am

2111 3221 2503 3276 possessuros;
2562 3220 2670 3261 non
2717 3207 2876 3276 quasi
2932 3220 3029 3276 per
3086 3221 3248 3262 omne
3298 3222 3471 3261 aevum
3517 3220 3680 3276 super

2109 3312 2231 3352 eam
2275 3296 2445 3353 futuri
2486 3297 2627 3365 sint,
2674 3313 2796 3352 nam
2839 3306 3125 3368 postquam
3175 3298 3440 3354 solamine
3483 3297 3683 3353 fuerint

2111 3389 2310 3457 levati,
2350 3399 2404 3445 et
2441 3398 2723 3460 propterea
2764 3391 2909 3460 quod
2950 3391 3261 3457 esurierint,
3315 3400 3370 3446 et
3413 3390 3685 3446 sitiverint

2109 3479 2401 3549 justitiam,
2445 3481 2561 3550 ipsa
2599 3482 2781 3536 satiati
2831 3491 2886 3537 et
2928 3483 3358 3537 miscricordiam
3404 3490 3683 3539 consecuti

2114 3570 2339 3638 fuerint,
2386 3580 2439 3626 et
2481 3569 2650 3626 Deum
2704 3572 2974 3639 viderint,
3029 3573 3311 3644 ipsiusque
3358 3574 3453 3628 ﬁlii
3505 3577 3685 3641 voca,i

2113 3658 2334 3726 fuerint,
2373 3676 2565 3716 rursus
2602 3661 2869 3716 cmlorum
2901 3676 3068 3733 regno
3108 3664 3478 3719 restituentur.
3522 3665 3680 3730 Quod

2113 3752 2158 3807 si
2189 3752 2339 3808 asina
2371 3762 2422 3807 et
2453 3753 2633 3822 pullus
2655 3767 2793 3823 quos
2821 3754 3077 3809 Servator
3119 3755 3457 3821 conscendit,
3487 3755 3523 3810 ii
3557 3766 3684 3811 sunt

2113 3858 2252 3913 quos
2287 3843 2548 3908 diximus,
2591 3859 2721 3900 cave
2772 3861 2838 3900 ne
2879 3845 2932 3899 in
2984 3847 3194 3902 ratione
3236 3848 3539 3901 carentium
3590 3861 3690 3902 ve-

2111 3937 2412 3991 terinorum
2463 3935 2780 3992 animalium
2827 3952 2949 3993 cum
3007 3938 3073 3992 iis
3114 3938 3314 4008 quibus
3352 3946 3539 3995 vectus
3582 3937 3683 3994 fuit

2114 4028 2386 4095 Servator,
2410 4028 2869 4096 comparationem
2912 4029 3176 4099 impingas
3202 4046 3215 4083 :
3240 4029 3509 4098 ejusmodi
3535 4031 3680 4086 enim

2111 4120 2344 4175 fortasse
2396 4119 2675 4191 quidpiam
2733 4120 2918 4176 animo
2972 4137 3200 4178 versans
3246 4120 3513 4192 Propheta
3543 4165 3556 4189 ,
3622 4138 3683 4178 se

423 4233 561 4288 τητα
602 4215 896 4288 κτηνὼδεις
929 4214 1098 4285 ἐσμὲν
1137 4213 1235 4284 οὐχ
1279 4217 1441 4285 ἡμεῖς
1490 4216 1666 4286 μόνοι,
1728 4215 1863 4271 ἀλλὰ
1913 4217 2005 4271 καὶ

2107 4214 2413 4283 iumentum
2462 4211 2628 4279 dixit,
2685 4211 2841 4289 74],
2910 4229 3018 4267 non
3066 4213 3284 4284 quidem
3341 4214 3681 4285 simpliciter,

1614 4310 1846 4367 VETUS
1883 4305 2458 4365 INTERPRETATIO.

427 4404 608 4460 festim
639 4403 880 4459 remittet
904 4417 1023 4458 eos.
1056 4413 1088 4473 γ’
1119 4401 1333 4458 Solutio
1361 4411 1540 4473 autem
1577 4402 1735 4459 istius
1763 4403 2101 4473 quastionis,
2133 4400 2705 4473 sicutgarbitrorthzec
2737 4409 2856 4473 est_:_
2865 4400 3131 4473 Quoniam
3166 4400 3439 4473 Dominus
3462 4402 3678 4472 quidem

426 4490 616 4544 eorum
638 4474 754 4544 _qui
787 4475 1002 4527 fuerant
1030 4472 1204 4544 ligati,
1237 4487 1398 4528 nemo
1425 4470 1564 4530 alius
1591 4486 1729 4537 erat,
1770 4470 1874 4531 nisi
1904 4474 1992 4529 ille
2018 4475 2085 4528 de
2111 4488 2221 4543 quo
2253 4471 2329 4526 ait
2364 4470 2662 4544 Apostolus
2701 4489 2715 4525 :
2756 4490 2775 4522 ι
2811 4470 2982 4528 Nobis
3016 4481 3196 4544 autem
3228 4488 3371 4544 unus
3409 4470 3679 4529 Dominus

426 4542 589 4614 Iesus
624 4542 895 4614 Christus,
938 4542 1238 4614 perhqttetn
1284 4543 1492 4614 omnia,
1536 4563 1556 4595 ι
1592 4544 1684 4598 cui
1711 4545 1973 4614 quoniam
2006 4542 2352 4614 nequaquam
2395 4542 2839 4614 contradicturus
2879 4545 3056 4614 fuerat
3089 4542 3291 4614 aliquis
3319 4543 3615 4614 dicentium
3656 4561 3669 4596 :

436 4631 454 4663 ι
502 4611 684 4683 Quare
714 4611 923 4683 solvitis
946 4611 1211 4683 pullum?
1248 4631 1266 4683 ι
1304 4612 1656 4683 manifestum
1701 4611 1803 4668 est.
1837 4612 1971 4668 Nam
2005 4611 2163 4683 quasi
2197 4611 2346 4666 nullo
2382 4612 3026 4683 contradicerepotenti,
3060 4612 3140 4667 sic
3184 4611 3322 4668 dicit
3363 4612 3615 4668 Christus
3661 4630 3677 4669 :

436 4701 459 4753 ι
509 4681 573 4753 fit
603 4680 646 4753 s_i
679 4680 875 4753 aliquis
899 4680 1052 4753 vobis
1086 4682 1306 4747 dixerit,
1340 4682 1531 4737 dicetis
1554 4684 1811 4753 quoniam
1842 4680 2104 4738 Dominus
2129 4697 2354 4751 operam
2379 4682 2672 4753 desiderat.
2704 4702 2722 4734 ι
2762 4680 2826 4735 Et
2854 4683 2975 4735 vide
3004 4682 3129 4753 quia
3160 4690 3445 4751 postquam
3481 4698 3675 4738 ascen-

430 4750 574 4804 derit
611 4749 771 4823 .lesus
812 4751 874 4823 in
899 4749 1332 4822 Hierosolymam
1372 4749 1587 4823 sedens
1612 4769 1774 4823 super
1802 4755 2007 4823 pullum
2056 4749 2203 4808 hunc
2228 4753 2312 4823 vel
2340 4752 2515 4817 illum,
2562 4752 2751 4805 missio
2780 4749 3034 4821 qtuedaut
3062 4752 3128 4823 ad
3160 4749 3314 4823 opus
3333 4754 3550 4822 aliquod
3583 4769 3679 4806 tte-

432 4821 732 4894 eessarium
764 4821 830 4873 ad
864 4821 1039 4890 ipsum
1077 4821 1255 4894 locum
1302 4830 1419 4894 erat
1455 4821 1659 4890 futura,
1682 4821 1753 4878 ’ut
1783 4821 1989 4894 aliquid
2028 4824 2210 4894 operis
2255 4822 2459 4877 faciant
2493 4822 2646 4894 asina
2681 4833 2751 4894 Act
2800 4823 2980 4894 pullus
3038 4821 3275 4894 ejus._Et
3322 4821 3677 4892 hocquidcm

429 4889 735 4961 significat,
756 4906 861 4961 non
886 4889 1077 4945 tamen
1109 4893 1271 4961 clare.
1324 4889 1555 4946 Sensum
1598 4901 1777 4947 autem
1820 4889 2133 4961 huiusmodi
2174 4892 2480 4946 intellectus
2525 4891 2732 4961 accipio
2760 4889 2987 4946 credens
3023 4889 3199 4945 ordini
3248 4889 3674 4949 beatitudinum.

432 4958 595 5043 quem
636 4958 763 5014 facit
798 4958 1273 5043 Mattliacus..Natii
1309 4970 1595 5043 postquam
1625 4962 1760 5043 dixit
1799 4976 1813 5016 :
1847 4982 1865 5015 ι
1894 4958 2054 5043 Beati
2077 4977 2345 5043 pauperes
2383 4958 2881 5043 Spirilll,.(le-0nitilfl
2913 4962 3153 5030 ipsorum
3176 4970 3531 5043 estregnunt
3565 4978 3677 5043 ca:-

429 5029 635 5102 lorum,
673 5040 845 5102 ipost
881 5031 984 5102 hoc
1016 5032 1281 5101 scriptum
1310 5029 1394 5085 est
1428 5029 1496 5085 εἰ
1532 5031 1680 5087 Beati
1717 5033 2009 5098 mansueti,
2041 5029 2298 5102 quoniam
2328 5029 2431 5101 ipsi
2454 5029 2822 5102 possidebunt
2855 5029 3078 5102 terram.
3112 5053 3129 5082 ι
3174 5029 3416 5089 Dicimus
3447 5035 3590 5087 enim
3620 5033 3677 5086 in

432 5101 519 5156 his
550 5099 810 5169 quoniatn
865 5101 1099 5170 primum
1135 5099 1353 5173 quidem
1392 5102 1675 5156 beatorum
1716 5111 1803 5155 est
1829 5099 2075 5173 regnunt—
2097 5099 2365 5173 caelorum
2401 5119 2414 5155 :
2450 5101 2503 5154 in
2531 5103 2771 5173 secundo
2819 5110 2997 5173 autem
3030 5101 3149 5157 loco
3175 5104 3530 5173 possidebunt
3569 5112 3678 5173 ter-

429 5186 571 5243 ram.
608 5185 717 5243 non
758 5178 827 5243 ut
850 5169 943 5240 per
976 5169 1423 5243 onmejsaeculum
1459 5173 1570 5227 sint
1609 5188 1773 5243 super
1796 5169 1942 5235 caui.
1979 5172 2072 5227 sed
2100 5172 2365 5227 consolati
2402 5184 2500 5243 pro
2528 5185 2595 5224 eo
2625 5169 2770 5239 quod
2794 5169 3205 5243 esurierunt,ie‘t
3234 5174 3489 5229 sitierunt
3514 5172 3672 5243 justi-

431 5241 558 5311 tiam
591 5239 771 5295 satiati
809 5239 862 5293 in
888 5256 975 5311 ea,
1001 5253 1055 5295 et
1084 5240 1516 5296 misericordiam
1544 5239 1854 5309 consecuti,
1879 5244 2073 5296 iterum
2103 5239 2463 5297 restituantur
2486 5240 2540 5294 in
2564 5256 2789 5310 regnum
2817 5241 3101 5297 cailorum.
3119 5242 3228 5296 Aut
3248 5252 3392 5298 certe
3416 5239 3674 5311 quoniam

431 5309 588 5383 multi
615 5325 682 5383 ei}
714 5311 915 5383 populo
943 5310 1279 5375 Iudaeorum,
1307 5311 1392 5364 vel
1421 5313 1687 5382 gentium,
1720 5311 1806 5367 vel
1833 5328 1974 5383 quos
2012 5313 2223 5368 asinam
2258 5321 2309 5366 et
2335 5312 2543 5383 pullum
2581 5309 2748 5383 supra
2773 5326 2967 5366 sumus
2989 5312 3344 5383 interpretati,
3375 5309 3471 5383 qui
3503 5311 3679 5383 credi-

429 5379 629 5453 derunt
657 5380 711 5434 in
742 5381 981 5444 Christo,
1012 5393 1067 5436 et
1093 5379 1451 5451 susceperunt
1485 5397 1648 5451 super
1677 5397 1755 5445 se,
1795 5379 1983 5453 postea
2014 5383 2167 5438 missi
2215 5396 2246 5436 a
2283 5379 2508 5453 Christo
2551 5379 2752 5453 reversi
2788 5391 2917 5436 sunt
2946 5382 3015 5453 ad
3060 5379 3675 5453 populumrﬁludaicum,

434 5447 511 5500 vel
559 5447 882 5524 adestne-ras
916 5460 1102 5518 gentes
1136 5447 1713 5524 uouduntcredentcs.
1751 5447 1812 5508 ut
1842 5453 2201 5524 pneiticarettt
2246 5452 2326 5507 eis
2358 5451 2648 5524 Dominum
2679 5449 2876 5524 {esum
2920 5447 3277 5524 Filium—Dei.
3327 5452 3392 5507 Et
3444 5453 3548 5524 hoc
3593 5447 3672 5506 est

431 5517 577 5585 quod
609 5517 879 5587 significat
913 5517 1100 5575 dicens
1138 5541 1151 5575 :
1191 5539 1209 5571 ι
1245 5519 1542 5577 Confestim
1577 5524 1816 5578 remittet
1844 5517 1977 5578 'eos.
2019 5543 2037 5575 ι
2080 5523 2136 5577 Si
2170 5538 2300 5594 ergo
2335 5522 2488 5576 asina
2517 5533 2573 5576 et
2613 5522 2795 5591 pullus
2830 5522 2952 5592 ejus
2995 5522 3068 5576 illi
3103 5530 3231 5580 sunt
3268 5539 3409 5593 quos
3434 5523 3675 5578 diximus

1637 5645 1677 5677 “
1726 5643 1895 5700 lCor.
1927 5662 2041 5711 vni,
2068 5646 2121 5701 6.
2227 5644 2267 5675 ³³
2308 5643 2436 5701 Luc.
2479 5659 2589 5709 xu,
2619 5644 2707 5701 53.
2810 5643 2852 5675 ⁸³
2896 5642 3082 5700 Matth.
3106 5659 3221 5703 nt.
3261 5644 3315 5699 5.
3422 5643 3468 5676 δ”
3508 5642 3674 5699 Marc.

1234 5713 1275 5743 ³⁸
1318 5713 1503 5769 Matth.
1540 5732 1591 5779 v,
1622 5715 1654 5769 5
1683 5726 1732 5770 et
1761 5733 1874 5785 seq.

500 5637 545 5669 ³⁸
584 5636 771 5692 Matth.
808 5658 920 5703 XXI,
958 5643 1010 5695 5.
1093 5642 1134 5674 θ’
1176 5641 1337 5696 Marc.
1370 5659 1444 5704 ιι.
1481 5644 1533 5699 5.

2227 5644 2267 5675 "'
2308 5643 2436 5701 Luc.
2479 5659 2589 5709 xu,
2619 5644 2707 5701 55.

432 5723 510 5775 ιι,
540 5709 593 5763 5.
670 5709 714 5741 *⁸
755 5708 885 5765 Lue.
921 5729 1032 5775 xix,
1068 5714 1155 5768 5i.
