4074 6300
426 386 561 445 1ιεῖ

1885 393 2045 449 ORIG
2055 392 2207 449 ENIS

3528 394 3671 453 “9.3

421 509 517 562 sed
564 511 705 579 apud
736 509 921 572 Deum,
965 509 1045 561 vel
1084 505 1225 575 apud
1258 506 1559 575 Christum,
1591 509 1676 565 his
1706 510 1883 565 verbis
1907 510 1950 541 "

2095 507 2251 579 ἡμῶν
2278 507 2455 578 πολλῷ
2484 506 2832 580 λογικώτεροι
2863 510 2955 563 καὶ
2976 509 3299 581 σοφώτεροι·
3328 507 3470 562 οὕτω
3498 509 3553 564 δέ
3573 511 3670 564 καὶ

427 619 445 646 ο
480 598 546 652 Et
574 614 676 670 ego
700 599 1002 668 jumentum
1036 598 1210 653 factus
1235 615 1355 653 sum
1380 601 1521 671 apud
1555 609 1640 666 te;
1677 620 1696 653 ι
1727 618 1849 655 nam
1871 601 1964 669 eju:

2090 600 2165 665 ὡς
2194 601 2333 672 πρὸς
2360 601 2420 655 τὸ
2451 602 2665 669 λογικόν
2698 601 2791 654 τοῦ
2822 602 3075 671 ποιμένος
3097 602 3345 672 πρόϐατά
3376 604 3542 673 ἐσμεν
3571 604 3671 657 αὖ·

418 690 511 758 qui
547 688 774 742 Verbum
824 690 999 757 ipsum
1046 700 1149 755 est,
1182 698 1237 743 et
1266 688 1361 743 Dei
1403 691 1703 760 majestatis
1755 693 1984 757 ratione,

410 779 656 848 jnmeuta
696 793 804 833 non
841 793 942 833 nos
974 778 1317 839 solummodo
1351 795 1566 845 sumus,
1600 782 1694 837 sed
1733 789 1788 837 et
1831 782 1987 837 nobis

415 868 614 931 ingenii
660 883 725 923 ac
769 868 1001 923 rationis
1050 868 1303 925 facultate
1361 870 1521 941 longe
1580 873 1985 942 praestantiorcs

410 969 465 1014 et
504 961 864 1030 sapientiores
913 961 1004 1015 alii
1063 964 1360 1018 :similiter
1412 980 1536 1018 cum
1589 965 1841 1019 rationali
1888 982 1984 1035 pa-

409 1051 573 1107 storis
621 1050 878 1107 facultate
941 1055 1285 1124 comparati,
1341 1071 1472 1111 oves
1521 1056 1694 1126 ipsius
1754 1072 1979 1122 sumus;

406 1150 686 1210 propterea
756 1142 902 1212 quod
970 1143 1255 1199 hominum
1322 1144 1485 1200 etiam
1550 1144 1979 1217 perfectissimo-

403 1245 523 1284 ium
584 1231 745 1294 ratio,
784 1232 928 1287 "cum
991 1233 1108 1304 ipsa
1162 1236 1375 1291 ratione
1434 1252 1558 1306 quaz
1608 1234 1845 1292 Verbum
1897 1246 1982 1291 est

400 1332 742 1392 comparata,
795 1325 919 1394 plus
963 1326 1033 1379 ab
1076 1342 1140 1381 ea
1211 1327 1506 1399 discrepat,
1568 1345 1733 1401 quam
1786 1330 1975 1394 asinae,

397 1414 617 1481 pullive,
650 1414 733 1469 vel
761 1415 881 1470 ovis
910 1417 1091 1471 anima
1128 1433 1255 1472 cum
1287 1418 1510 1476 homine
1550 1420 1767 1475 collata.
1803 1421 1978 1491 Atque

396 1506 531 1560 tales
582 1515 711 1565 sunt
767 1506 1003 1565 fortasse
1060 1510 1326 1582 subjngis,
1385 1527 1600 1568 necnon
1664 1522 1717 1568 et
1772 1514 1973 1583 pullus,

2088 692 2204 758 τοῦ,
2226 692 2304 763 τῷ
2331 693 2421 746 τὸν
2447 695 2504 744 ἐν
2538 690 2844 764 ἀνθρώποις
2866 693 2960 746 καὶ
2990 695 3103 756 τοῖς
3128 693 3485 757 τελειοτάτοις
3510 693 3669 762 λόγον

2088 782 2569 854 παραϐαλλόμενον
2587 781 2665 852 τῷ
2689 781 2975 853 Αύτολόγῳ
2998 782 3178 835 πλεῖον
3206 782 3347 852 ἐχειν
3372 783 3666 852 ἀπόστημα

2086 877 2180 929 ἀπ’
2214 876 2447 941 ἐκείνου,
2483 876 2516 946 ἢ
2553 876 2678 927 ὅσον
2718 875 2829 946 ἔχει
2864 876 3158 946 ἀπόστημα
3186 876 3307 929 ὄνου
3351 876 3444 928 καὶ
3482 874 3663 929 πώλου

2083 965 2230 1037 ψυχὴ
2262 966 2294 1038 ἦ
2329 967 2599 1037 προϐάτου
2632 966 2767 1038 πρὸς
2794 966 3097 1037 ἄνθρωπον.
3140 968 3248 1019 Kal.
3278 968 3418 1036 τάχα
3441 966 3664 1020 ἀναϐαι-

2083 1075 2241 1111 νοντα
2291 1059 2390 1127 μὲν
2423 1060 2503 1121 εἰς
2553 1058 2899 1128 Ἰεροσόλυμα
2933 1058 3298 1128 ὲποχουμένου
3321 1058 3416 1110 τοῦ
3461 1058 3659 1130 Ἰησοῦ,

2081 1147 2143 1201 τὸ
2177 1148 2489 1217 ὑποζύγιον,
2527 1148 2560 1220 ἦ
2597 1150 2691 1202 καὶ
2730 1151 2759 1203 6
2803 1148 2981 1211 πῶλος
3025 1149 3248 1203 τοιαῦτά
3280 1149 3458 1203 ἐστιν·
3507 1150 3662 1218 γενό-

2085 1255 2221 1308 μενα
2253 1239 2311 1291 δέ
2340 1241 2476 1303 ἐκεῖ,
2510 1241 2571 1292 οὐ
2606 1239 2756 1309 μένει
2786 1238 3107 1308 ὑποζύγιον,
3144 1240 3264 1294 οὐδὲ
3292 1240 3489 1305 πῶλος,
3523 1242 3661 1297 am

2080 1329 2468 1383 ἀποστέλλεται
2519 1330 2922 1400 μεταϐαλόντα,
2970 1332 3061 1384 καί
3116 1330 3502 1403 ὠφεληθέντα,
3563 1335 3659 1387 καὶ

2081 1423 2422 1492 μετασχόντα
2462 1421 2562 1492 τῆς
2597 1422 2693 1476 τοῦ
2737 1424 2909 1492 Λόγου
2947 1423 3221 1495 θειότητος
3254 1425 3349 1477 καὶ
3389 1426 3659 1496 ὑπεροχῆς

2076 1513 2177 1583 τῆς
2223 1511 2477 1582 γνώσεως
2506 1553 2521 1576 ,
2569 1512 2711 1567 ὥστε
2748 1516 2828 1577 εἰς
2865 1513 3023 1580 δόξαν
3060 1515 3194 1569 θεοῦ
3236 1516 3656 1571 ἀποστέλλεσθαι

392 1596 485 1665 qui
534 1592 724 1652 .lesum
771 1600 1029 1656 vehentes
1074 1600 1471 1674 Jerosolymam
1523 1605 1870 1670 ascendunt;
1920 1614 1964 1660 al

2075 1603 2233 1667 αὐτὰ,
2268 1604 2349 1666 εἰς
2380 1602 2472 1656 τὸν
2498 1603 2662 1656 τόπον
2680 1602 2803 1656 ὅθεν
2825 1602 2989 1672 ἐλύθη
3016 1603 3300 1675 πρότερον,
3325 1602 3419 1656 τοῦ
3451 1603 3656 1674 Κυρίου

392 1696 682 1759 postquam
727 1691 858 1747 illuc
886 1706 1272 1762 pervenerunt,
1296 1694 1410 1764 jam
1441 1694 1691 1766 suhjngis
1737 1697 1964 1766 amplius

2078 1698 2544 1766 μεταποιήσαντος
2580 1694 2721 1748 αὐτὰ
2742 1736 2757 1759 ,
2788 1695 2882 1748 καὶ
2918 1694 3108 1764 μισθὸν
3149 1695 3333 1758 αὐτοῖς
3363 1694 3658 1759 δεδωκότος

389 1789 446 1834 et
475 1782 653 1850 pullus
687 1799 795 1838 non
826 1794 975 1849 sunt,
1025 1785 1119 1841 sed
1151 1786 1366 1851 mutati,
1402 1797 1456 1841 et
1485 1787 1679 1858 adjuti,
1710 1796 1766 1843 et
1813 1787 1964 1843 Verbi

2072 1785 2167 1841 τοῦ
2209 1787 2525 1858 ἐνηνοχέναι
2570 1786 2735 1840 αὐτὸν
2780 1787 2880 1858 τὴν
2916 1785 3171 1856 τοιαύτην
3217 1785 3545 1857 μεταϐολὴν,
3579 1786 3658 1850 ώς

390 1873 693 1930 divinitatis
737 1885 792 1932 et
835 1877 1078 1933 scientias
1113 1878 1473 1934 sublimitatis
1506 1879 1802 1951 participes
1841 1880 1964 1937 facti

2073 1881 2165 1934 καὶ
2200 1880 2570 1952 ἀποσταλῆναι
2605 1878 2742 1933 αὐτά
2777 1881 2869 1932 ἐπὶ
2897 1879 2989 1933 τὸν
3024 1880 3286 1952 πρότερον
3310 1880 3496 1946 τόπον,
3527 1882 3655 1933 οὐκ-

389 1964 758 2035 dimittuntur,
786 1969 861 2024 ita
897 1979 956 2025 ut
986 1970 1043 2026 in
1094 1970 1324 2042 gloriam
1371 1970 1491 2041 Dei,
1533 1973 1591 2027 in
1634 1989 1760 2029 eum
1790 1975 1970 2029 locum

388 2058 535 2114 unde
578 2061 730 2132 prius
768 2063 931 2119 soluti
975 2072 1133 2127 sunt,
1178 2065 1526 2136 ablegentur,
1575 2069 1892 2124 commutati
1939 2086 1970 2124 a

388 2147 647 2217 Domino,
683 2153 823 2209 hanc
869 2156 1228 2211 mutationem
1276 2171 1379 2229 pro
1428 2169 1650 2213 vectura
1699 2175 1796 2214 sua
1843 2176 1971 2229 pre-

386 2242 523 2297 tium
559 2243 834 2313 solvente;
865 2247 1000 2303 adeo
1044 2256 1103 2303 ut
1147 2248 1203 2303 in
1254 2249 1492 2319 priorem
1522 2251 1725 2314 locum,
1758 2266 1866 2304 non
1901 2250 1969 2304 ad

387 2334 573 2403 priora
596 2351 761 2406 opera
789 2340 1175 2408 remittantur;
1208 2357 1334 2397 nam
1365 2352 1654 2413 postquam
1678 2358 1774 2398 eos
1802 2342 1969 2397 semel

278 2466 281 2471 »
384 2426 655 2484 solutione
678 2446 708 2485 a
742 2430 995 2498 vinculis,
1021 2434 1215 2505 suique
1237 2445 1458 2492 vectura
1481 2436 1736 2506 dignatus
1762 2444 1845 2490 est
1885 2437 1969 2489 be~

385 2518 904 2589 nignus‘Dominus
960 2534 1171 2589 noster,
1220 2527 1287 2582 ad
1344 2528 1560 2582 vincula
1615 2542 1712 2581 eos
1771 2527 1966 2581 iterum

382 2611 679 2668 amandare
705 2630 1050 2685 nequaquam
1085 2617 1293 2685 debuit,
1334 2626 1390 2674 et
1420 2619 1488 2673 ad
1517 2633 1681 2688 Opera
1707 2633 1772 2673 eo
1814 2619 1966 2673 deteo

381 2702 526 2758 riora
552 2719 715 2775 opere
756 2708 901 2777 quod
945 2716 1196 2779 egerunt,
1224 2724 1351 2764 cum
1395 2709 1559 2764 dorso
1597 2723 1700 2763 suo
1729 2707 1825 2763 Dei
1872 2708 1963 2762 Fi-

380 2791 514 2848 lium
568 2795 875 2853 subierunt.
918 2796 989 2853 At
1041 2807 1262 2868 propter
1314 2799 1586 2871 ejusmodi
1622 2800 1963 2872 mysterium,

379 2900 608 2957 qumque
645 2904 771 2943 cum
805 2906 871 2945 eo
905 2899 1223 2959 narrantur,
1269 2892 1615 2947 vehementer
1660 2892 1854 2959 laetari,
1907 2900 1962 2947 et

378 2978 638 3043 gaudium
666 2995 848 3046 suum,
874 2983 1019 3051 quod
1049 2981 1262 3038 fructus
1295 2980 1532 3053 Spiritus
1552 2994 1637 3039 est
1667 2984 1733 3051 ⁸⁸,
1762 2999 1963 3056 augere

377 3065 608 3122 decebat
656 3067 788 3124 Sion
824 3070 918 3126 Dei
949 3073 1137 3137 tiliam,
1171 3074 1455 3145 ipsiusque
1487 3074 1653 3130 ﬁliam
1688 3073 1964 3146 .lerosoly-

380 3171 525 3261 mam
575 3160 907 3228 praedicare;
939 3164 1193 3220 veniebat
1218 3167 1420 3238 quippe
1447 3169 1497 3223 ei
1525 3166 1640 3223 Rex
1667 3167 1871 3239 justus,
1907 3179 1961 3225 et
1985 3204 2028 3262 ρ

376 3248 675 3318 sospitans,
722 3253 817 3307 sed
869 3266 1083 3312 servata
1136 3260 1413 3329 aequitate,
1461 3269 1516 3315 et
1559 3266 1684 3316 eum
1739 3261 1952 3330 justitia

376 3340 674 3410 wspltans,
705 3355 760 3399 et
781 3345 847 3400 ad
878 3348 1108 3403 salutem
1139 3365 1471 3420 praeparans,
1508 3350 1604 3422 qui
1635 3365 1756 3406 eam
1797 3359 1953 3406 erant

373 3429 648 3499 adepturi.
682 3432 945 3491 Veniebat
974 3447 1156 3493 autem
1188 3440 1303 3511 ipse
1340 3440 1564 3496 Sionem
1596 3449 1651 3497 et
1677 3440 1952 3513 Jerosoly-

372 3535 518 3577 tuam
556 3539 576 3574 ι
613 3536 955 3595 mansuetus,
985 3539 1039 3584 et
1071 3532 1376 3589 ascendens
1419 3549 1583 3605 super
1609 3536 1949 3608 subjugalem

369 3618 426 3668 et
449 3612 653 3681 pullum
673 3616 926 3686 juvenem
959 3621 1027 3686 ι’,
1058 3641 1077 3674 ι
1113 3623 1191 3677 uti
1224 3640 1386 3694 supra
1410 3628 1785 3695 prodidimus;
1817 3628 1947 3683 visi»

370 3712 494 3761 tans
538 3704 701 3764 Israel
751 3710 1114 3782 disperdendo
1155 3715 1450 3786 quadrigas
1496 3732 1565 3773 ex
1638 3714 1894 3787 Ephraim
1930 3760 1946 3785 ,

366 3810 491 3864 quae
539 3796 844 3857 Pharaonis
892 3804 1176 3876 quadrigis
1225 3809 1541 3866 consimiles
1584 3812 1745 3884 742
1795 3820 1947 3876 sunt,

367 3888 587 3956 quando
616 3889 920 3950 Pharaonis
950 3911 1169 3961 currus,
1201 3908 1256 3953 et
1290 3899 1463 3969 ipsius
1491 3902 1676 3968 ecpias
1708 3901 1761 3954 iu
1795 3918 1946 3958 mare

366 3979 581 4047 disiecit
609 3979 677 4047 '°;
694 3981 943 4038 veniebat
963 3982 1089 4038 item
1111 3987 1432 4059 disperdeus
1473 4005 1673 4061 equum
1719 3991 1941 4047 bellico-

364 4086 485 4133 sum
509 4073 711 4128 animal
737 4076 804 4129 de
830 4075 1152 4145 Jerusalem,
1178 4089 1236 4136 ut
1265 4096 1454 4151 pacem
1484 4081 1668 4137 lsraeli
1701 4094 1937 4153 pareret,

364 4174 687 4217 convertens
730 4179 858 4220 oves
907 4167 1079 4236 ipsius
1134 4185 1257 4239 quae
1289 4171 1593 4239 perierant;
1631 4186 1842 4225 necnon
1886 4181 1937 4226 et

364 4262 427 4307 ut
456 4269 641 4323 pacem
672 4254 1022 4329 Jcrosolyma:
1066 4272 1351 4331 quaereret,
1399 4263 1599 4320 liberos
1645 4264 1818 4335 ipsius
1855 4280 1941 4320 re-

362 4343 569 4405 ducens
615 4348 707 4418 qui
757 4349 916 4418 ejecti
950 4350 1169 4407 fuerant
1192 4353 1260 4407 ".
1307 4353 1595 4424 Quomodo
1624 4366 1804 4411 autem
1850 4371 1939 4411 res

2074 1969 2153 2024 έτι
2201 1971 2294 2024 ἐπὶ
2335 1972 2449 2033 τοῖς
2484 1969 2667 2041 ἔργοις
2704 1971 2819 2032 τοῖς
2858 1968 3149 2040 πρότερον·
3190 1970 3250 2022 οὐ
3282 1969 3391 2041 γάρ
3432 1967 3655 2039 ἔμελλεν

2071 2062 2101 2113 ὁ
2141 2060 2521 2133 φιλάνθρωπος
2564 2059 2722 2132 ἡμῶν
2750 2060 2954 2132 Κύριος
2987 2060 3131 2126 ἅπαξ
3159 2061 3298 2114 αὐτά
3344 2060 3652 2133 παραδεξά-

2075 2171 2234 2226 μενος
2269 2155 2522 2226 τιμῆσαι,
2569 2156 2633 2225 τῇ
2674 2172 2733 2208 τε
2773 2153 2881 2208 ἀπὸ
2906 2154 3015 2209 τῶν
3037 2153 3251 2224 δεσμῶν
3277 2153 3427 2207 λύσει
3458 2154 3551 2207 καὶ
3580 2157 3647 2224 τῇ

2071 2245 2265 2300 ἐαυτοῦ
2289 2246 2497 2318 ὀχήσει,
2517 2246 2678 2300 πάλιν
2704 2245 2842 2300 αὐτὰ
2867 2246 3105 2318 πέμπειν
3132 2245 3224 2301 ἐπὶ
3246 2246 3373 2308 τοὺς
3391 2245 3646 2315 δεσμοὺς,

2070 2338 2103 2408 ἦ
2138 2337 2273 2409 ¹έργα
2302 2337 2560 2393 ἐλάττονα
2591 2331 2651 2391 οὗ
2681 2338 2979 2410 πεποίηκεν
3005 2338 3165 2410 ἔργου
3184 2379 3198 2402 ,
3242 2336 3509 2407 δεξάμενα
3533 2339 3647 2399 τοῖς

2038 2416 2258 2494 ’νώτοις
2308 2429 2399 2484 τὸν
2443 2429 2571 2484 Υἱὸν
2615 2428 2709 2482 τοῦ
2762 2429 2916 2483 Θεοῦ.
2979 2429 3195 2500 Πρέπον
3234 2429 3290 2482 δὲ
3329 2425 3399 2500 ἦν
3446 2429 3537 2481 ἐπὶ
3567 2427 3649 2498 τῷ

2067 2521 2293 2590 τοιούτῳ
2341 2518 2627 2591 μυστηρίῳ
2671 2519 2765 2571 καὶ
2806 2521 2920 2582 τοῖς
2969 2519 3086 2589 μετ’
3129 2518 3293 2572 αὐτοῦ
3334 2518 3647 2588 λεγομένοις

2071 2612 2273 2683 σφόδρα
2305 2610 2516 2683 χαίρειν
2545 2610 2639 2664 καὶ
2672 2612 2961 2666 ἐπιτείνειν
2990 2609 3163 2682 χαρὰν
3193 2610 3286 2663 τὸν
3306 2609 3515 2680 καρπὸν
3548 2608 3645 2662 τοῦ

2068 2700 2383 2772 Πνεύματος
2417 2702 2515 2771 τὴν
2544 2700 2818 2771 θυγατέρα
2848 2700 2942 2755 τοῦ
2970 2700 3104 2754 Θεοῦ
3145 2700 3283 2754 Σιὼν
3303 2740 3319 2764 ,
3354 2700 3448 2753 καὶ
3480 2700 3649 2768 θυγα-

2065 2791 2203 2862 τέρα
2240 2790 2403 2844 αὑτοῦ
2430 2790 2528 2862 τὴν
2572 2791 2929 2864 Ἰερουσαλὴμ
2955 2791 3277 2863 κηρύσσειν·
3314 2793 3511 2862 ἤρχετο
3533 2789 3647 2860 γὰρ

2066 2887 2200 2955 αὐτῇ
2228 2886 2257 2935 6
2299 2883 2560 2946 Βασιλεὺς
2598 2883 2803 2946 δίκαιος
2834 2884 2926 2937 καὶ
2958 2882 3166 2948 σώζων,
3212 2882 3348 2936 ἀλλά
3388 2883 3526 2952 μετὰ
3546 2882 3647 2935 τοῦ

2065 2980 2252 3048 τηρεῖν
2277 2976 2338 3029 τὸ
2374 2975 2579 3038 δίκαιος
2606 2971 2766 3039 εἶναι,
2789 2976 2883 3029 καὶ
2909 2974 3097 3039 σώζων
3121 2976 3258 3046 μετά
3278 2974 3643 3043 δικαιοσύνης,

2066 3070 2159 3121 καὶ
2190 3067 2526 3139 εὐτρεπίζων
2555 3070 2635 3130 εἰς
2672 3066 2942 3137 σωτηρίαν
2976 3067 3104 3131 τοὺς
3138 3066 3494 3137 σωζομένους.
3530 3068 3647 3120 Αὐ-

2064 3158 2154 3222 τὸς
2185 3158 2242 3211 δέ
2277 3159 2476 3229 ἤρχετο
2503 3158 2583 3219 εἰς
2616 3155 2754 3207 Σιὼν
2798 3157 2893 3209 καὶ
2948 3154 3300 3226 Ἰερουσαλὴμ
3333 3155 3511 3227 πραῢς
3544 3156 3648 3208 καὶ

2062 3246 2409 3317 ἐπιϐεϐηκὼς
2444 3245 2535 3298 ἐπὶ
2565 3245 2855 3315 ὑποζύγιον
2885 3246 2980 3299 καὶ
3011 3245 3189 3298 πῶλον
3224 3246 3366 3309 νέον,
3400 3245 3476 3308 ὡς
3503 3246 3645 3298 ἀπο-

2054 3338 2368 3407 δεδώκαμεν
2392 3379 2406 3402 ,
2450 3337 2763 3390 ἐπισκοπῶν
2801 3336 2893 3390 τὸν
2940 3335 3191 3409 Ἰσραὴλ,
3246 3338 3304 3389 ἐν
3337 3336 3414 3407 τῷ
3461 3336 3643 3401 ἐξολο-

2056 3430 2267 3503 θρεύειν
2290 3429 2510 3501 ἅρματα
2540 3428 2598 3495 ἐξ
2632 3429 2889 3500 Ἐφραῒμ,
2927 3426 3285 3498 παραπλήσια
3303 3429 3643 3499 τυγχάνοντα

2054 3524 2260 3596 ἅρμασι
2294 3521 2522 3593 Φαραὼ,
2554 3523 2643 3575 ὅτε
2678 3521 2900 3593 ἅρματα
2931 3520 3129 3593 Φαραὼ
3158 3522 3252 3575 καὶ
3282 3521 3379 3591 τὴν
3407 3522 3642 3592 δύναμιν

2055 3613 2219 3667 αὐτοῦ
2263 3613 2485 3687 ἔρριψεν
2525 3615 2605 3677 εἰς
2647 3613 2956 3668 θάλασσαν·
2988 3614 3186 3684 ἦρχετο
3218 3613 3275 3664 δέ
3317 3613 3412 3666 καὶ
3452 3613 3640 3666 ἵππων

2055 3704 2418 3776 ἐξολοθρεύων
2456 3703 2516 3766 τὸ
2557 3703 2855 3774 πολεμικὸν
2888 3702 3026 3767 ζῶον
3075 3702 3185 3756 ἀπὸ
3215 3702 3314 3773 τῆς
3363 3704 3638 3773 Ἰερουσα-

2053 3799 2185 3870 λὴμ,
2223 3801 2310 3854 ἵνα
2337 3801 2560 3871 εἰρήνην
2585 3798 2790 3870 ποιήσῃ
2820 3797 2898 3869 τῷ
2935 3796 3169 3871 Ἰσραὴλ,
3192 3798 3535 3868 ἐπιστρέφων
3561 3796 3639 3850 τὰ

2051 3891 2367 3945 ἀπολωλότα
2399 3890 2565 3944 αὐτοῦ
2602 3889 2850 3961 πρόϐατα
2874 3929 2888 3953 ,
2932 3890 3155 3960 εἰρήνην
3192 3889 3250 3941 δέ
3291 3890 3386 3942 καὶ
3416 3890 3482 3958 τῇ
3527 3889 3634 3940 ἰε-

2052 3982 2355 4056 ρουσαλὴμ,
2412 3982 2702 4050 ἐπανάγων
2753 3980 2921 4051 αὐτῆς
2982 3980 3282 4034 ἐκπεσόντα
3322 3981 3389 4035 τὰ
3440 3980 3631 4033 τέκνα.

2051 4075 2176 4140 Πῶς
2207 4075 2265 4129 δέ
2288 4076 2392 4129 οὐκ
2420 4073 2625 4144 ἔμελλε,
2643 4072 2884 4145 μεγάλης
2910 4076 3085 4144 χαρᾶς
3112 4069 3252 4126 εἶναι
3279 4073 3427 4139 ἀξιον
3449 4073 3508 4126 τὸ
3528 4072 3631 4126 οὖ-

2047 4186 2156 4232 τως
2181 4166 2437 4240 ἔρχεσθαι
2466 4166 2558 4219 τὸν
2589 4164 2795 4220 δίκαιον
2824 4165 3073 4247 βασιλέα,
3112 4165 3206 4221 καὶ
3239 4164 3496 4230 σώζοντα,
3532 4166 3631 4218 καὶ

2047 4259 2220 4330 πρᾶον
2275 4259 2354 4321 εἰς
2420 4254 2518 4327 τὴν
2590 4248 2975 4326 Ἱερουσαλῆμς
3043 4255 3131 4308 ὅτε
3183 4253 3406 4323 ἔμελλεν
3455 4253 3633 4320 ἐξολο-

2046 4349 2334 4421 θρεύεσθαι
2398 4351 2506 4403 πᾶν
2550 4347 2704 4414 τόξον
2759 4348 3072 4418 πολεμικὸν,
3128 4348 3217 4401 ἵνα
3273 4348 3470 4418 μηκέτι
3515 4364 3532 4396 ι
3573 4348 3627 4398 οἱ

363 4434 565 4507 ingenti
606 4438 766 4509 digna
817 4440 1015 4510 gaudio
1058 4457 1170 4499 non
1213 4452 1352 4509 erat,
1391 4442 1590 4517 Regem
1631 4446 1840 4515 justum
1887 4455 1939 4502 et

2066 4442 2361 4514 ιμαρτωλοὶ
2403 4441 2685 4494 ἐκτείνωσι
2718 4439 2881 4508 τόξα,
2924 4440 3061 4512 μηδέ
3119 4440 3446 4512 ἐτοιμάζωσι
3494 4440 3623 4511 βέλη

1544 4604 1787 4689 νιξτυδ
1825 4603 2404 4663 INTERPRETA'I‘IO.

364 4746 552 4801 supra,
584 4748 750 4802 super
774 4750 913 4810 quos
945 4733 1179 4810 Verbum
1223 4740 1488 4808 ascendit,
1534 4758 1643 4797 non
1679 4742 1778 4797 tibi
1822 4740 2073 4799 videatur
2106 4757 2286 4798 sermo
2331 4740 2576 4796 insulsus
2610 4737 2759 4810 quod
2792 4738 2977 4795 ﬁdeles
3011 4739 3621 4810 hominesanimalihus

360 4813 768 4883 comparentur.
805 4804 1060 4883 Forsitan
1109 4810 1256 4863 eiiim
1284 4811 1395 4883 tale
1426 4804 1631 4881 aliquid
1659 4813 1969 4881 intelligens
1995 4820 2049 4883 e_t
2071 4812 2339 4883 Propheta
2376 4811 2543 4883 dicit_
2558 4804 2642 4883 se:
2666 4808 2871 4883 factum
2916 4824 3038 4865 esse
3068 4810 3224 4883 quasi
3268 4809 3615 4883 iumentum;

360 4884 478 4952 nqn
496 4874 814 4952 simpliciter
842 4876 1171 4952 iumentum,
1207 4880 1300 4934 sed
1323 4881 1467 4952 sicut
1490 4874 1799 4952 jumentum
1829 4874 1975 4952 apud
2006 4874 2198 4948 Deum,
2229 4883 2315 4952 vel
2333 4882 2474 4951 apud
2505 4878 2784 4934 Christum
2802 4881 2942 4949 ejus,
2977 4874 3283 4952 secundum
3302 4880 3444 4952 quod
3490 4879 3568 4952 ait
3600 4874 3615 4934 ζ

365 4959 385 4989 ι
420 4937 491 5023 Ut
514 4937 821 5023 iumentum
842 4937 1028 5023 factus
1058 4937 1351 5023 sum_a_pud
1384 4937 1659 5007 tes-Nam
1691 4937 1958 5023 quantum
1980 4954 2048 5007 ad
2083 4937 2277 5023 Deum,
2301 4937 2550 5023 juinenta
2581 4965 2793 5023 sumus,
2828 4937 2939 5004 ῖιοιι
2969 4950 3153 5023 solum
3176 4964 3299 5017 nos,
3319 4937 3425 5005 'sed
3450 4950 3615 5023 etiam

360 5011 534 5093 multo
559 5011 1139 5093 nobis‘prudentiores.
1184 5011 1276 5073 Sic
1302 5030 1507 5086 autem,
1539 5011 1806 5091 quantum
1841 5024 1907 5078 ad
1937 5032 2212 5093 pastorem
2246 5011 2551 5093 Christum,
2574 5020 2738 5074 etiam
2760 5011 2904 5093 oves
2935 5020 3055 5089 ejus
3078 5011 3616 5093 su_mus':_quoniam

360 5088 510 5134 tanta
539 5082 794 5162 distantia
816 5094 905 5162 est
952 5087 1093 5162 inter
1122 5104 1248 5143 eum
1276 5099 1331 5144 et
1359 5082 1714 5162 nos,'quanta
1747 5094 1890 5147 inter
1923 5082 2200 5149 hominem
2243 5101 2297 5145 et
2333 5082 2733 5162 qualecumque
2752 5082 3084 5162 iumentum.
3118 5088 3184 5142 Et
3210 5082 3466 5162 forsitan
3490 5105 3614 5162 cum

358 5150 704 5233 ascenderint
729 5152 781 5206 in
815 5151 1270 5233 Hierosolymam,
1304 5150 1681 5233 seden'te'lesu
1722 5179 1887 5233 super
1918 5179 1998 5233 se,
2028 5163 2180 5218 asina
2211 5170 2266 5216 et
2293 5150 2496 5231 pullus,
2533 5169 2588 5214 et
2609 5150 2896 5233 facti'illic,
2931 5175 3037 5233 non
3070 5160 3369 5233 manebunt
3396 5158 3491 5219 ibi,
3520 5160 3615 5215 sed

361 5225 713 5301 rqlltillf‘mul'
739 5225 947 5301 imitati
972 5225 1200 5301 jam,_et
1228 5231 1554 5298 prodillcati,
1581 5242 1633 5287 et
1673 5225 1897 5288 enutriti
1941 5225 2104 5288 Verbi
2140 5225 2449 5295 divinitate,
2477 5225 2530 5284 et
2562 5230 2881 5301 eminentia,
2913 5229 3161 5295 scientia,
3192 5231 3476 5301 honestate
3509 5246 3525 5284 :
3556 5238 3617 5284 ιιι

355 5291 423 5343 ad
458 5292 686 5371 glariam
734 5290 829 5372 Dei
864 5290 1011 5372 digni
1044 5290 1350 5372 habeantur
1381 5290 1581 5359 remitti
1612 5302 1668 5356 in
1701 5303 1882 5359 locum
1925 5304 2068 5358 unde
2091 5290 2357 5372 assumpti
2389 5290 2624 5364 fuerant,
2655 5300 2806 5372 prius
2837 5290 3068 5372 Domino
3092 5290 3187 5355 eos
3213 5300 3534 5372 meliorante
3562 5309 3615 5372 et

354 5362 514 5427 quasi
552 5362 868 5444 umet-cedem
903 5362 1045 5421 hanc
1075 5369 1154 5423 eis
1189 5381 1484 5444 praestante
1513 5388 1613 5442 pro
1638 5389 1705 5429 eo
1730 5376 1876 5444 quod
1896 5443 1900 5444 ί
1921 5362 2428 5442 ροιιιινειιιιιιέιιηι
2458 5380 2523 5444 et_
2555 5362 2942 5444 requieverut‘st
2970 5370 3025 5444 in
3054 5386 3112 5425 se
3143 5378 3271 5444 :_ut,
3305 5369 3449 5423 sicut
3474 5369 3612 5444 dixi—

356 5447 501 5512 i‘uns,
531 5431 682 5512 digni
727 5434 1042 5512 habeantur
1069 5431 1272 5512 remitti
1303 5441 1357 5495 in
1393 5431 1574 5497 locum
1609 5431 1766 5498 terra;
1809 5431 1975 5511 hujus
2019 5460 2083 5495 ex
2119 5458 2228 5512 qua
2258 5440 2527 5511 assumpti
2556 5431 2790 5512 fuerant,
2820 5455 2927 5493 non
2967 5440 3080 5512 jam
3113 5431 3369 5512 ad‘opera
3405 5441 3607 5512 priora.

358 5499 465 5553 Nec
490 5499 635 5581 enim
658 5501 740 5581 fas
771 5513 855 5559 est
888 5514 947 5581 ut
974 5508 1287 5581 misericors
1324 5511 1490 5577 Deus,
1513 5514 1770 5570 dominus
1800 5499 2152 5579 constitutus;
2185 5499 2472 5581 postquam
2501 5499 2787 5565 semeleos'
2811 5499 3070 5579 suscepit,
3099 5519 3152 5564 et
3183 5499 3491 5581 honoravit,
3509 5518 3609 5562 (ιιι

361 5586 377 5614 κ
396 5570 576 5651 uit-uio
598 5574 781 5641 solvit,
811 5584 863 5629 et
893 5574 1018 5630 fecit
1045 5594 1142 5634 eos
1165 5583 1440 5651 propriam
1471 5570 1799 5646 sessionem,
1833 5591 1891 5636 nt
1915 5570 2093 5636 mittat
2130 5570 2226 5637 eos
2264 5570 2455 5636 ru'rsus
2479 5581 2547 5633 ad
2579 5581 2903 5651 vincula,et
2932 5570 3096 5651 opera
3123 5578 3294 5643 mala,
3320 5570 3606 5651 postquam

355 5640 522 5693 semel
558 5654 916 5711 susceperunt
943 5662 1108 5716 super
1139 5640 1306 5704 e'ord'a
1338 5668 1437 5708 sua
1466 5651 1667 5708 Filium
1697 5640 1812 5706 Dei.
1840 5653 1896 5706 In
1944 5652 2031 5709 his
2069 5652 2325 5707 omnibus
2364 5650 2722 5710 conveniebat
2766 5640 2923 5707 valde
2958 5640 3214 5719 éaudere,
3238 5640 3293 5704 et
3320 5640 3608 5703 extendere

435 5770 477 5805 “
510 5779 654 5837 Psal.
691 5799 861 5855 usu,
888 5787 977 5843 25.
1055 5791 1098 5823 ⁸⁸
1143 5793 1258 5848 Gal.
1288 5810 1339 5860 v,
1374 5796 1463 5849 22.
1542 5799 1585 5830 ⁸³
1625 5795 1807 5853 Matth.
1844 5816 1955 5865 xm,

2114 5799 2159 5832 '°
2200 5797 2486 5865 Exod.‘xv,
2522 5798 2574 5853 5.
2649 5798 2694 5832 ⁸¹
2736 5796 2926 5858 Matth.
2957 5816 3009 5865 ι,
3040 5799 3093 5854 6.
