4074 6300
440 403 463 455 l
478 399 576 457 l29

1384 394 1740 451 COMMENT.
1782 394 1849 450 ΙΝ
1888 392 2306 453 ΜΛΤΤΙΙίΕυΜ
2348 390 2583 445 τυιιῑδ
2626 388 2763 444 XVI.

3560 377 3697 438 H'ill

436 517 517 576 εἰς
566 511 840 583 φαρέτραν
877 507 969 562 τοῦ
1013 508 1402 575 κατατοξεῦσαι
1438 511 1494 562 ἐν
1541 511 1849 581 σκοτομήνῃ
1886 512 2011 573 τοὺς

2118 510 2477 577 sospitantcm
2519 516 2574 559 et
2615 507 2955 558 mansuetum
3004 497 3397 567 Jerosolymam
3430 493 3502 547 ita
3532 493 3697 547 adve-

438 603 613 667 εύθεῐς
634 604 698 672 τῇ
736 599 951 671 καρδίᾳ.
1002 619 1021 653 ι
1064 598 1295 671 Ἔμελλε
1323 599 1379 656 δέ
1413 600 1535 653 τότε
1571 601 1667 654 καὶ
1697 600 1899 670 πλῆθος
1928 601 2018 655 καὶ

435 692 626 762 εἰρήνη
658 686 795 744 εἷναι
842 688 950 741 ἀπὸ
993 686 1100 741 τῶν
1144 688 1510 742 πιστευόντων
1555 689 1648 742 καὶ
1696 689 2018 760 σωζομένων

433 781 622 843 ἐθνῶν,
668 781 1033 850 κατάρχοντος
1077 779 1281 833 ὑδάτων
1321 779 1426 843 ἐως
1465 780 1741 850 θαλάσσης
1785 779 1879 834 τοῦ
1915 782 2021 833 Σω-

434 872 618 943 τῆρος,
663 872 1030 943 κατάρχοντος
1071 872 1127 925 δέ
1157 872 1251 926 καὶ
1281 872 1541 944 ποταμῶν
1578 872 1862 937 διεκϐολὰς
1893 873 2016 943 γῆς,

434 964 526 1016 καὶ
556 962 822 1029 διεξόδους
860 963 1202 1033 ποιουμένων
1239 963 1332 1016 καὶ
1374 964 1700 1028 ποτιζόντων
1735 964 1802 1017 τὰ
1848 963 2019 1017 πολλὰ

433 1055 624 1125 αὐτῆς.
671 1053 730 1109 '0
770 1055 829 1107 δέ
874 1054 1042 1107 θέλων
1087 1052 1453 1127 ἁπλούστερον
1489 1055 1582 1108 ἐπὶ
1623 1054 1715 1107 τοῦ
1755 1054 1885 1107 λαοῦ
1938 1051 2019 1118 οἷς

433 1147 832 1218 ἐπιδεδήμηκεν
864 1148 893 1199 ό
922 1147 1114 1217 Σωτὴρ
1144 1146 1362 1199 ἀκούειν
1391 1146 1469 1199 τό*
1498 1165 1515 1197 ι
1539 1146 1787 1218 Θύγατερ
1820 1145 2011 1205 Σιὼν.»

435 1239 551 1305 καὶ,
588 1238 880 1310 «Θύγατερ
946 1237 1319 1309 Ἰερουσαλὴμ,
1347 1257 1365 1289 ι
1424 1240 1604 1309 φήσει,
1653 1238 1734 1290 ὅτι
1785 1239 1813 1290 ό
1862 1236 2018 1305 λόγος

435 1334 534 1404 μὲν
572 1332 903 1403 προστάσσει
938 1331 1151 1402 χαίρειν
1190 1332 1257 1401 τῇ
1297 1329 1526 1400 θυγατρὶ
1560 1328 1697 1384 Σιὼν
1721 1371 1735 1392 ,
1790 1328 1881 1383 καὶ
1916 1347 2015 1399 κη-

434 1423 654 1493 ρύσσειν
681 1426 746 1494 τῇ
786 1422 1016 1491 θυγατρὶ
1069 1419 1424 1493 Ἰερουσαλήμ
1446 1438 1459 1450 ·
1511 1423 1558 1473 εἰ
1591 1420 1651 1478 δέ
1681 1436 1825 1483 τινες
1860 1420 2017 1489 ἠπεί-

431 1514 607 1585 θησαν
642 1513 704 1565 ού
734 1512 803 1565 τὰ
835 1512 928 1566 τοῦ
963 1513 1171 1583 χαίρειν
1212 1514 1535 1581 ποιήσαντες
1561 1510 1687 1576 ἄξια
1708 1550 1723 1575 ,
1757 1510 1877 1563 οὐδὲ
1915 1528 2030 1582 παο,

434 1604 794 1676 ραδεξάμενοι
820 1604 881 1658 τὸ
923 1604 1051 1676 περ)⁸
1084 1604 1177 1657 τοῦ
1214 1604 1509 1676 κηρύσσειν
1547 1604 1895 1675 πρόσταγμα,
1922 1605 2016 1655 αὺ-

431 1696 515 1747 τοὶ
549 1695 833 1764 γεγόνασιν
869 1694 1078 1749 ἐαυτῶν
1108 1695 1271 1749 αἴτιοι
1302 1694 1395 1749 τοῦ
1444 1694 1631 1748 παθεῖν
1675 1694 1711 1749 ἃ
1742 1693 2013 1751 πεπόνθα-

430 1804 537 1852 σιν,
573 1786 713 1840 ὥστε
761 1787 1012 1858 λεχθῆναι
1063 1788 1245 1852 αὐτοῖς
1269 1805 1282 1818 ·
1346 1808 1364 1839 ι
1415 1788 1575 1858 Ὑμῖν
1614 1783 1681 1858 ἦν
1719 1788 2014 1857 ἀναγκαῖον

426 1879 790 1949 καταγγείλαι
830 1881 922 1938 τὸν
956 1880 1115 1949 λόγον
1156 1878 1250 1933 τοῦ
1290 1880 1455 1934 Θεοῦο
1500 1882 1621 1935 ἐπεὶ
1661 1880 1717 1933 δὲ
1761 1879 2013 1946 ἀναξίους

427 1971 645 2045 κρίνετε
679 1973 921 2036 ἑαυτοὺς,
953 1971 1061 2025 ἰδοὺ
1091 1971 1434 2043 στρεφόμεθα
1453 1972 1534 2036 εἰς
1556 1970 1625 2025 τὰ
1657 1970 1803 2041 ἔθνη.
1837 1989 1855 2021 ι
1891 1968 2011 2040 Χρὴ

425 2064 487 2117 δὲ
518 2066 611 2117 καὶ
644 2062 802 2117 τοῦτο
840 2064 1059 2128 εἰδέναι,
1093 2065 1174 2118 ὅτι
1198 2104 1211 2127 ,
1259 2063 1413 2117 πέντε
1448 2061 1829 2135 περιτυχόντες
1859 2062 2010 2116 ἐκδό-

431 2171 548 2208 σεσι
571 2154 663 2208 τοῦ
698 2155 991 2226 Ζαχαρίου,
1031 2153 1183 2226 παρὰ
1214 2153 1449 2224 μὲν.τοῖς
1484 2153 1885 2224 Ἑϐδομήκοντα
1915 2152 2011 2205 καὶ⁵

430 2242 507 2316 τῷ
564 2244 762 2315 ’Ᾱκύλᾳ
804 2243 1035 2315 εὕρομεν
1057 2244 1147 2297 τό·
1186 2262 1205 2295 ‹
1244 2243 1417 2306 Αὐτὸς
1452 2243 1661 2314 πραῢς,
1697 2244 1791 2296 καὶ
1829 2243 2011 2295 ἐπιϐε-

427 2334 615 2407 ϐηκὼς
654 2336 750 2389 ἐπὶ
792 2334 1080 2403 ὑποζύγιον
1129 2334 1227 2387 καὶ
1272 2333 1447 2387 πῶλον
1489 2333 1626 2398 νέον,
1686 2352 1703 2384 ι
1749 2334 1807 2405 ἢ,
1859 2351 1877 2384 ι
1918 2334 2012 2386 ἐπὶ

426 2426 552 2479 ὄνου
587 2427 681 2479 καὶ
706 2425 884 2479 πώλου
908 2424 1025 2478 υίοῦ
1056 2425 1289 2477 όνάδων·
1330 2443 1349 2476 ι
1390 2423 1542 2495 παρὰ
1573 2424 1630 2478 δὲ
1657 2423 1971 2487 Θεοδοτίωνι
1990 2441 2002 2453 ο

431 2534 456 2569 «ι
487 2517 659 2581 Αὐτὸς
678 2517 986 2579 ἐπακούων,
1015 2517 1107 2570 καὶ
1138 2514 1484 2586 ἐπιϐεϐηκὼς
1507 2513 1599 2567 ἐπὶ
1631 2513 1751 2577 όνον
1768 2514 1863 2575 καὶ
1894 2513 2010 2567 πῶ-

425 2608 519 2662 λον
559 2609 673 2662 υἱὸν
711 2608 860 2661 ὅνου-
903 2628 921 2658 ι
972 2606 1123 2679 παρὰ
1158 2606 1214 2659 δὲ
1256 2605 1536 2683 Συμμάχῳ
1560 2622 1573 2639 ο
1610 2623 1628 2656 ι
1666 2605 1837 2669 Αὐτὸς
1866 2621 2012 2659 πτω-

428 2712 542 2778 χδς,
561 2703 656 2758 καὶ
675 2700 1020 2773 ἐπιϐεϐηκὼς
1037 2700 1130 2754 ἐπὶ⁴
1152 2697 1273 2752 ὄνον
1302 2701 1396 2753 καὶ
1426 2697 1602 2755 πῶλον
1617 2697 1731 2751 υἱὸν
1753 2697 1955 2761 ὀνάδος-
1984 2717 2003 2749 ι

431 2796 489 2846 ἐν
514 2789 572 2843 δὲ
593 2794 658 2862 τῇ
693 2792 916 2861 πέμπτῃ
962 2789 1170 2843 ἐκδόσει
1192 2806 1205 2819 ο
1260 2807 1277 2839 ι
1313 2788 1482 2850 Αὐτὸς
1506 2786 1739 2857 πτωχὸς,
1768 2788 1861 2841 καὶ⁹
1890 2789 2010 2845 ἐπι-

430 2878 678 2951 ὃιϐηκὼς
705 2883 799 2935 ἐπὶ
830 2881 1122 2947 ὑποζύγιον
1162 2883 1255 2935 καὶ
1285 2882 1464 2936 πῶλον
1500 2882 1615 2935 υίδν
1641 2882 1800 2937 ὄνων.
1847 2898 1865 2930 ι
1899 2880 2010 2933 Καὶ

428 2971 647 3025 δύναταί
673 2972 737 3040 γέ
772 2990 854 3036 τις
884 2973 1056 3027 ταῦτα
1083 2975 1415 3045 ἐφαρμόζειν
1446 2976 1514 3045 τῇ
1543 2972 1683 3030 κατὰ
1704 2974 1795 3026 τὸν
1833 2969 2010 3036 ἐξετα-

427 3062 654 3132 ζόμενον
681 3065 775 3117 τοῦ
824 3065 1157 3133 Εὑαγγελίου
1193 3067 1358 3120 τόπον
1398 3066 1627 3138 ἱστορία,
1684 3066 1771 3119 ὅτε
1812 3066 2004 3135 πρᾶος,

2123 599 2280 653 nire?
2308 614 2431 652 cttnt
2476 597 2825 668 dissipandus
2852 602 2970 649 erat
3014 592 3196 647 omnis
3240 606 3401 646 arcus
3436 588 3580 652 belli,
3631 603 3698 641 ne

2122 688 2356 758 amplius
2386 708 2403 741 ι
2441 698 2750 759 peccatores
2785 686 3127 741 intenderent
3158 697 3340 744 arcus,
3366 688 3420 735 et
3446 689 3699 753 pararent

2121 780 2346 851 sagittas
2382 796 2513 835 suas
2550 781 2601 833 in
2633 762 2911 849 pharetra,
2945 774 3354 843 utsagittarent
3379 772 3432 824 in
3464 773 3699 826 obscuro

2121 882 2298 927 rectos
2324 871 2489 925 corde
2516 869 2773 925 ".tTune
2800 878 2981 925 autem
2996 873 3069 921 ἐι
3096 863 3393 918 multitudo
3421 872 3474 916 et
3505 877 3606 931 pax
3632 877 3695 915 ex

2120 963 2468 1018 credentibus
2520 970 2572 1016 et
2643 960 2873 1015 salutem
2926 955 3389 1026 consequentibus
3447 952 3699 1023 gentibus

2120 1055 2300 1110 futura
2349 1062 2484 1115 erat,
2529 1051 2844 1106 dominante
2889 1049 3046 1119 aquis
3098 1046 3383 1100 Servatore
3431 1044 3498 1098 ad
3547 1056 3698 1095 mare

2120 1160 2313 1214 usque,
2341 1152 2394 1199 et
2421 1143 2737 1197 ﬂuminibus
2771 1155 2989 1211 quoque
3033 1137 3271 1192 maxima
3319 1144 3477 1189 terrae
3524 1132 3696 1201 spatia

2120 1237 2532 1307 peragrantibus
2565 1247 2617 1291 et
2644 1233 3018 1306 irrigantibus,
3051 1231 3116 1286 ad
3146 1230 3285 1284 θεῖτε
3314 1242 3504 1297 usque
3540 1235 3699 1281 terrae

2118 1331 2318 1400 quibus
2363 1329 2607 1383 elilttunt.
2639 1326 2794 1393 Quod
2821 1325 2866 1380 si
2907 1324 3028 1394 quis
3063 1322 3130 1377 de
3173 1320 3396 1391 populo,
3427 1318 3493 1372 ad
3535 1332 3696 1387 quem

2118 1435 2339 1491 peregre
2363 1419 2579 1473 advenit
2596 1417 2871 1483 Servator,
2898 1414 3198 1485 simplicius
3222 1410 3567 1481 intelligenda
3586 1408 3701 1463 haec

2116 1528 2236 1567 esse
2264 1512 2440 1566 volet:
2467 1529 2484 1561 ι
2507 1510 2644 1565 Filia
2682 1508 2867 1575 8ἱοιι,ι
2902 1515 2956 1561 et
3000 1525 3017 1557 ι
3058 1504 3191 1559 Filia
3227 1502 3585 1560 Jerusalem.»
3611 1500 3701 1569 ju-

2115 1602 2243 1657 bere
2266 1601 2490 1656 verbum
2521 1602 2663 1656 dicet
2695 1601 2816 1654 ﬁliae
2864 1596 2993 1652 Sion
3023 1604 3082 1651 ut
3121 1596 3354 1666 gaudeat
3376 1603 3429 1649 et
3457 1592 3579 1647 ﬁliae
3605 1590 3695 1646 Je-

2115 1692 2352 1749 rusalem
2404 1702 2463 1747 ut
2517 1691 2805 1762 praedicet;
2850 1688 2941 1745 cui
2984 1688 3240 1742 mandato
3273 1686 3318 1740 si
3350 1686 3444 1761 qui
3488 1696 3695 1741 morem

2116 1797 2226 1837 non
2260 1780 2549 1852 gesserint,
2593 1780 2788 1834 idonea
2835 1777 3038 1832 laetitia:
3080 1790 3245 1847 opera
3293 1789 3403 1829 non
3454 1780 3693 1844 agentes,

2045 1859 2087 1914 Β
2108 1887 2295 1943 neque
2321 1870 2646 1944 pradicandi
2678 1877 3008 1940 praeceptum
3036 1866 3417 1936 suscipientes,
3445 1864 3548 1935 ipsi
3574 1878 3699 1925 eau-

2117 1978 2233 2018 sam
2275 1961 2542 2017 dederunt
2586 1977 2685 2016 cur
2734 1975 2797 2015 ea
2845 1973 2966 2029 quae
2996 1957 3239 2028 perpessi
3270 1964 3416 2022 sunt,
3449 1963 3698 2027 pateren-

2113 2065 2232 2123 tur;
2275 2055 2348 2109 ita
2394 2062 2453 2108 ut
2485 2054 2619 2124 ipsis
2648 2051 2935 2111 dicendum
2973 2050 3043 2105 sit
3067 2050 3113 2081 ³³
3148 2066 3162 2112 ς
3199 2066 3218 2099 ι
3258 2046 3428 2103 Vobis
3476 2054 3697 2116 oporte-

2113 2148 2208 2203 bat
2233 2145 2549 2210 annuntiari
2578 2158 2805 2215 regnum
2841 2141 2934 2198 Dei
2971 2162 2983 2197 :
3023 2141 3117 2197 sed
3144 2140 3402 2211 quoniam
3444 2138 3697 2207 indignos

2112 2254 2213 2295 vos
2252 2236 2538 2309 iudicatis,
2571 2251 2698 2291 ecce
2748 2236 3120 2299 convertimur
3169 2231 3234 2285 ad
3266 2238 3471 2300 gentes.
3507 2248 3524 2279 ι
3560 2227 3695 2281 Illud

2114 2330 2397 2388 sciendum
2448 2338 2706 2398 pmterea
2752 2328 2805 2381 in
2860 2327 3103 2396 quinque
3150 2338 3249 2378 nos
3280 2320 3555 2376 Zacharia:
3584 2319 3699 2374 edis

2112 2421 2289 2477 tiones
2322 2420 2603 2481 incidisse,
2633 2428 2686 2481 et
2733 2418 2873 2487 apud
2910 2414 3051 2469 LXX
3083 2423 3136 2469 et
3167 2413 3416 2482 Aquilam
3444 2409 3517 2470 ,ιιι
3545 2425 3699 2478 repe-

2111 2514 2252 2567 risse
2288 2530 2302 2565 :
2348 2530 2366 2569 ι
2405 2508 2524 2581 Ipse
2555 2519 2874 2569 mansuetus
2901 2518 2954 2563 et
2986 2506 3293 2581 ascendens
3320 2515 3483 2573 super
3498 2502 3699 2571 subjus
3760 2560 3791 2581 νυ

2112 2602 2309 2673 galem,
2336 2609 2390 2657 et
2412 2578 2620 2676 pullum
2647 2601 2902 2673 juvenem
2925 2617 2970 2666 ;I
2992 2598 3111 2653 vel:
3135 2616 3154 2648 ι
3189 2578 3623 2677 Stg'zier’Jas‘lnam,
3643 2602 3697 2647 ct

2113 2694 2321 2765 pullum
2397 2692 2568 2748 lilium
2624 2692 2937 2758 asinarum;
2998 2709 3017 2742 ι
3066 2678 3696 2759 apud“.Theodotionem

2112 2795 2294 2846 autem
2341 2804 2353 2839 :
2394 2803 2411 2837 ι
2458 2783 2576 2855 lpse
2604 2784 2905 2840 exaudiens
2952 2792 3005 2838 et
3036 2781 3337 2838 ascendens
3389 2794 3552 2857 super
3588 2778 3697 2832 asi~

2114 2896 2263 2946 nam,
2310 2888 2364 2935 et
2417 2879 2623 2950 pttllum
2651 2878 2824 2933 filium
2853 2877 3051 2943 asinae;
3109 2893 3129 2927 ι
3167 2884 3221 2929 at
3270 2874 3411 2943 apud
3448 2870 3698 2942 Symma-

2113 2975 2276 3030 chum
2326 2993 2339 3029 :
2381 2992 2399 3025 ι
2453 2972 2573 3043 Ipse
2602 2986 2828 3042 pauper,
2863 2977 2916 3024 et
2944 2966 3245 3023 ascendens
3273 2979 3437 3033 super
3458 2962 3693 3027 asinam,

2111 3075 2164 3119 et
2189 3063 2393 3134 pullum
2428 3062 2598 3117 lilium
2623 3061 2823 3127 asinae;
2859 3080 2877 3112 ι
2912 3059 2967 3113 in
3014 3058 3207 3127 quinta
3235 3069 3365 3110 vero
3395 3054 3633 3108 editione
3676 3071 3691 3108 :

426 3150 521 3204 καὶ
554 3153 841 3206 ἐπακούων
861 3193 876 3217 ,
916 3156 1011 3207 καὶ
1042 3155 1257 3225 πτωχὸς
1290 3155 1547 3227 ἐλήλυθεν
1574 3158 1654 3219 είς
1680 3154 1778 3227 τὴν
1811 3156 2007 3228 Ἰερου-

2118 3175 2137 3207 ‹
2171 3157 2290 3225 ipse
2329 3169 2532 3225 pauper
2557 3152 2862 3209 ascendens
2890 3165 3055 3220 super
3094 3148 3459 3218 subjugalem,
3489 3154 3544 3201 et
3569 3145 3693 3216 pul-

429 3240 614 3313 σαλὴμ
639 3245 669 3297 ό
713 3245 903 3317 Σωτήρ
928 3261 941 3275 ο
977 3243 1254 3316 ἐπτώχευε
1286 3247 1395 3317 γὰρ
1421 3247 1673 3311 πλούσιος
1710 3245 1806 3311 ὣν,
1851 3248 1936 3300 ἵνα
1961 3249 2009 3301 οἱ

424 3331 714 3398 ἀκούοντες
754 3335 920 3389 αὐτοῦ
954 3335 1048 3390 τοῦ
1080 3335 1445 3402 ὲπακούοντος
1474 3336 1633 3410 ἡμῶν
1668 3339 1735 3409 τῇ
1770 3337 2013 3409 πτωχείᾳ

422 3423 589 3478 αὐτοῦ
632 3425 1027 3499 πλουτήσωσιν.

2119 3248 2230 3302 lum
2254 3246 2424 3301 lilium
2455 3244 2758 3301 asinarum.
2795 3260 2814 3295 ι
2851 3240 2920 3296 Et
2952 3242 3067 3297 hate
3116 3240 3336 3310 quidem
3370 3245 3599 3310 possunt
3626 3239 3697 3292 ab

2117 3339 2303 3408 aliquo
2334 3337 2579 3393 historiae
2606 3335 2684 3390 illi
2707 3332 2953 3404 adaptari
2984 3347 3107 3403 quae
3138 3331 3244 3387 hoc
3268 3329 3545 3401 Evangelii
3575 3329 3694 3385 loco

2118 3429 2447 3494 continetur,
2471 3442 2595 3482 cum
2623 3432 2962 3488 mansuetus,
2987 3430 3042 3477 et
3068 3423 3387 3489 exaudiens,
3410 3429 3465 3476 et
3490 3434 3697 3491 pauper

424 3513 683 3573 Servater
710 3517 1104 3593 Jerosolymam
1138 3522 1419 3595 ingressus
1445 3533 1567 3591 est;
1605 3539 1728 3579 cum
1774 3524 1919 3579 enim
1960 3523 2114 3578 dives
2162 3531 2328 3588 esset,
2371 3522 2530 3591 inops
2582 3530 2763 3576 tamen
2810 3527 2947 3586 erat,
2983 3526 3043 3573 ut
3074 3518 3168 3588 qui
3226 3517 3507 3574 audientes
3532 3515 3693 3589 ’143

422 3606 476 3662 ci
501 3616 631 3664 sunt
658 3610 754 3680 qui
784 3627 883 3667 nos
913 3613 1155 3679 exaudit,
1188 3615 1361 3685 ipsius
1383 3624 1699 3686 paupertate
1729 3616 2016 3671 ditescant.

497 3701 727 3774 Ἶδωμεν
752 3704 808 3757 δέ
838 3707 966 3776 περὶ
994 3705 1095 3775 τῆς
1119 3701 1381 3777 Βηθφαγῆ
1414 3708 1509 3777 μὲν
1530 3706 1673 3760 κατὰ
1703 3706 2001 3771 Ματθαῖον,

425 3788 697 3861 Βηθανίας
723 3793 779 3846 δὲ
823 3793 964 3846 κατὰ
1002 3793 1094 3846 τὸν
1122 3793 1370 3864 Μάρκον,
1394 3792 1663 3863 Βηθφαγῆ
1693 3791 1748 3844 δέ
1778 3793 1872 3846 καὶ
1893 3793 2003 3862 Βη-

425 3882 614 3947 θανίας
652 3883 793 3937 κατὰ
812 3884 902 3938 τὸν
934 3885 1167 3941 Λουκᾶν.
1198 3882 1382 3937 Ταῦτα
1434 3883 1492 3938 δὲ
1520 3878 1589 3955 ἦν
1628 3882 1766 3955 πρὸς
1792 3882 1852 3936 τὸ
1879 3883 2004 3955 ὅρος

423 3973 485 4028 τὸ
512 3974 840 4047 καλούμενον
885 3976 1131 4031 Ἐλαιῶν.
1172 3974 1673 4049 Ἐρμηνεύεσθαιδὲ
1705 3992 1886 4046 φαμεν
1903 3974 2002 4046 τὴν

424 4065 718 4143 Βηθφαγὴν
741 4068 840 4140 μὲν
862 4087 881 4119 ι
905 4064 1052 4121 οἷκον
1079 4069 1342 4137 σιαγόνων
1374 4068 1392 4138 (
1400 4069 1451 4137 1)
1470 4090 1517 4137 ,ι
1539 4066 1663 4137 ἥτις
1683 4066 1791 4119 τῶν
1815 4068 1858 4119 ίε
1868 4066 2003 4137 ρὲων

2186 3705 2269 3757 l7.
2304 3702 2458 3759 Nunc
2503 3711 2683 3758 autem
2727 3704 2794 3760 de
2840 3703 3151 3773 Bethphage
3202 3701 3505 3758 secundum
3555 3700 3691 3756 Mat-

2113 3795 2346 3861 tltazum;
2376 3794 2635 3848 Bethania
2667 3794 2967 3850 secundum
2997 3793 3272 3859 Marcum;
3301 3791 3611 3863 Bethphage
3635 3800 3692 3847 et

2111 3886 2370 3942 Bethania
2401 3886 2697 3941 secundum
2726 3886 2925 3942 Lucam
2953 3901 3198 3955 agamus.
3243 3885 3369 3941 Haec
3392 3894 3571 3941 autem
3594 3902 3692 3942 su-

2111 3994 2207 4049 pra
2252 3990 2490 4033 montem
2551 3977 2770 4040 tiebant,
2816 3979 2909 4048 qui
2940 3977 3219 4033 Olivarum
3268 3978 3488 4033 dicitur.
3527 3977 3693 4046 Beth-

2112 4069 2284 4139 phage
2318 4085 2499 4138 porro,
2540 4087 2557 4119 ι
2607 4068 2828 4122 domum
2869 4068 3233 4134 maxillarum,
3265 4089 3281 4121 ι
3325 4070 3690 4141 interpretan-

1629 4183 1856 4240 VETUS
1895 4183 2476 4242 INTERPRETATIO.

422 4284 680 4353 gaudium
727 4283 966 4338 fructum
1002 4281 1237 4353 Spiritus
1264 4281 1439 4354 sancti
1477 4279 1642 4354 ﬁliam
1671 4280 1765 4335 Dei
1799 4279 1952 4354 Sion,
1981 4289 2033 4337 et
2073 4281 2238 4354 ﬁliam
2278 4281 2397 4350 ejus
2442 4280 2780 4354 Hierusalem
2812 4282 3429 4354 prmdicare.Veniebat
3457 4283 3601 4354 enim
3637 4286 3688 4339 ei

422 4351 516 4409 rex
563 4354 747 4424 justus
778 4363 835 4409 et
863 4351 1103 4424 salvan's,
1134 4362 1188 4406 et
1235 4368 1343 4407 non
1375 4351 1699 4424 simpliciter
1745 4351 1986 4424 salvans,
2037 4354 2132 4424 sed
2159 4352 2343 4421 justus
2387 4360 2441 4406 et
2465 4352 2703 4424 salvans,
2740 4353 2791 4407 id
2814 4351 2932 4420 'est,
2972 4370 3095 4409 cum
3135 4353 3344 4423 judicio
3373 4361 3431 4408 et
3471 4353 3689 4424 justitia

423 4421 643 4480 salvans
671 4443 684 4481 :
718 4424 963 4478 veniebat
989 4423 1183 4477 sedens
1214 4437 1379 4491 super
1403 4422 1613 4476 asinam
1645 4429 1698 4475 et
1725 4421 1929 4491 pullum
1961 4421 2254 4486 novellum,
2284 4437 2423 4491 quos
2453 4422 2715 4490 diximus,
2747 4424 2975 4479 visitans
3002 4421 3191 4486 Israel,
3223 4433 3278 4480 et
3305 4421 3688 4479 exterminans

422 4510 620 4550 currus
642 4511 708 4548 ex
736 4493 996 4563 Ephrata,
1021 4491 1228 4547 similes
1258 4490 1583 4563 constitutos
1611 4491 1866 4563 curribus
1895 4490 2197 4563 Pharaonis
2219 4490 2358 4561 quos
2384 4492 2613 4563 projecit
2640 4493 2694 4548 in
2722 4508 2893 4549 mare.
2925 4493 3189 4549 Veniebat
3220 4503 3403 4549 autem
3431 4501 3492 4548 ut
3516 4501 3690 4549 exter-

429 4564 602 4634 minet
650 4559 813 4634 etiam
868 4577 1071 4632 equum
1117 4562 1322 4616 animal
1369 4562 1629 4634 bellicum
1673 4561 1740 4634 de
1770 4559 2133 4634 Hierusalem,
2187 4559 2677 4634 utipacém’faciat
2706 4563 2896 4630 Israel,
2931 4574 3256 4620 co.tvertens
3288 4566 3529 4634 perditas
3559 4576 3690 4617 oves

425 4632 620 4705 ipsius.
650 4630 939 4699 Quomodo
966 4648 1072 4685 non
1101 4640 1219 4705 erat
1249 4632 1531 4705 res_digna
1566 4630 1767 4705 gaudio
1810 4646 2007 4705 magno
2040 4632 2119 4686 sic
2146 4632 2334 4705 venire
2377 4647 2557 4703 regem
2581 4633 2790 4702 justum
2818 4644 2981 4705 atque
3011 4630 3311 4689 salt-antem
3343 4636 3395 4688 in
3426 4633 3687 4705 Hierusa-

421 4699 529 4755 lem
563 4718 630 4755 ex
674 4718 781 4772 qua
820 4711 938 4756 erat
980 4699 1850 4775 exterminandus'omnisarcus
1877 4701 2128 4765 bellicus,
2161 4715 2220 4756 ut
2245 4702 2358 4771 jam
2395 4699 2673 4775 nunquam
2730 4723 2747 4755 ι
2793 4699 3105 4775 peccatores
3144 4725 3161 4756 ι
3200 4707 3251 4758 in
3298 4720 3365 4775 ea
3402 4703 3686 4759 intendant

428 4788 449 4843 ε
488 4786 698 4835 arcum,
740 4787 968 4843 {neque
996 4780 1305 4842 praeparent
1342 4790 1361 4823 ι
1401 4773 1631 4843 sagittas
1661 4772 1714 4824 in
1745 4772 2019 4843 pharetra,
2050 4779 2109 4826 ut
2134 4774 2391 4842 sagittent
2422 4773 2476 4826 in
2507 4775 2749 4828 obscuro
2782 4772 2960 4829 rectos
2992 4776 3173 4829 corde.
3220 4795 3237 4825 ι
3273 4774 3401 4828 Erat
3426 4783 3555 4829 tunc
3580 4788 3684 4843 pax

424 4840 604 4914 futura
652 4857 715 4897 ex
764 4840 1143 4914 ﬁdeigcntium‘
1186 4840 1518 4914 salvatarum
1568 4841 1798 4914 Domino
1843 4841 2181 4911 principante
2205 4840 2484 4914 aquarum
2523 4859 2700 4913 usque
2749 4846 2815 4899 ad
2849 4860 3017 4905 mare.
3058 4845 3109 4898 id
3145 4853 3248 4908 est,
3288 4840 3613 4914 populorum
3668 4862 3682 4896 :

426 4911 793 4984 principatum
824 4911 1004 4984 autem
1036 4922 1091 4984 et
1121 4911 1360 4984 ﬂuminis
1404 4912 1718 4984 emjssionis
1753 4920 1931 4984 terrae,
1972 4923 2025 4984 et
2052 4914 2232 4966 exitus
2269 4911 2626 4984 iacientium,
2652 4924 2719 4984 et»
2745 4915 3084 4984 irrigantittm
3138 4911 3304 4969 multa
3353 4911 3544 4984 ipsius.
3580 4912 3683 4979 Qui

420 4981 602 5055 autem
622 4983 1103 5055 isintplteitervult
1144 4983 1443 5055 intelligere
1472 4982 1604 5055 Sion
1638 4981 2219 5055 populosludaeorum
2246 4983 2311 5036 ad
2339 4998 2478 5055 quos
2508 4983 2656 5055 venit
2688 4981 2956 5055 Salvator,
2991 4984 3071 5039 sic
3105 4984 3287 5055 dicere
3315 4981 3516 5055 potest,
3545 4998 3685 5055 quo:

426 5054 571 5108 niam
622 5051 856 5123 Verbum
889 5053 1107 5123 quidem
1146 5051 1237 5106 Dei
1265 5051 1525 5123 praecepit
1555 5051 1793 5123 gaudere
1823 5052 1987 5105 ﬁliam
2020 5052 2174 5119 Sion,
2212 5061 2265 5106 et
2300 5051 2597 5123 praedicare
2627 5054 2790 5108 tiliam
2816 5051 3177 5109 Hierusalem.
3214 5054 3271 5109 Si
3296 5051 3477 5110 autem
3509 5051 3683 5123 aliqui

421 5139 610 5201 eorum
644 5122 1083 5201 diserediderint,
1117 5137 1223 5176 non
1255 5122 1419 5201 digna
1460 5122 1662 5193 gaudio
1693 5137 1857 5191 opera
1892 5123 2176 5201 facientes,
2207 5122 2381 5192 neque
2414 5123 2775 5201 suscipientes
2812 5125 3144 5201 praedicandi
3190 5132 3542 5201 praeceptum,
3578 5122 3681 5191 ipsi

421 5194 524 5265 §ibi
558 5211 723 5265 causa
750 5202 897 5265 sunt
942 5191 1093 5258 facti,
1118 5202 1178 5265 _ut
1219 5191 1494 5265 patiantur
1524 5208 1587 5246 ea
1616 5208 1749 5265 qua;
1783 5193 2114 5265 passi‘sunt,
2142 5201 2201 5247 ut
2230 5191 2371 5265 recte
2398 5191 2614 5247 dicatur
2645 5197 2711 5248 ad
2744 5191 2851 5249 eos“
2877 5210 2890 5247 :
2930 5212 2948 5245 ι
2994 5193 3158 5265 Vobis
3190 5191 3411 5265 quidem
3445 5196 3681 5248 missum

423 5263 598 5335 fuerat
616 5264 716 5335 Dei
748 5262 1011 5325 Verbum,
1040 5262 1134 5317 sed
1164 5263 1294 5335 quia
1332 5262 1584 5335 indignos
1607 5262 1989 5335 vosjttdicatis
2016 5271 2235 5317 aeternae
2267 5264 2408 5335 vitae,
2434 5278 2567 5335 ecce
2599 5265 2972 5335 convertimur
3003 5264 3070 5319 ad
3103 5262 3311 5335 gentes.
3363 5282 3382 5316 ι

496 5333 579 5387 l7.
615 5333 909 5390 Videamus
943 5342 1126 5387 autem
1152 5340 1205 5386 et
1232 5333 1309 5402 _de
1333 5333 1560 5402 nomine
1607 5331 1917 5402 Betltphage
1953 5335 2253 5402 secundum
2294 5332 2630 5399 Matthmum,
2660 5332 2936 5390 Bethania:
2988 5331 3169 5390 aute'm
3200 5334 3505 5402 secundum
3535 5331 3671 5402 Mar-

421 5416 570 5468 cum,
597 5403 909 5475 Bethphage
940 5410 1121 5457 autem
1151 5411 1204 5457 et
1231 5400 1509 5458 Bethania:
1554 5400 2109 5458 secundum'Lucam.
2142 5401 2208 5463 Et
2237 5403 2325 5458 hic
2352 5412 2470 5459 erat
2494 5405 2647 5473 lqeus
2680 5404 2734 5474 in
2770 5413 2957 5461 monte
2991 5405 3084 5479 qui
3132 5406 3430 5462 vocabatur
3456 5400 3679 5461 Oliveti.

492 5519 541 5553 ⁵⁸
577 5517 720 5576 Psal.
758 5539 814 5588 x,
845 5524 898 5577 5.
977 5524 1024 5555 ⁵³
1064 5521 1182 5578 Act.
1227 5538 1349 5587 xm,
1384 5521 1473 5576 46.

490 5636 927 5706 (“31:05:11th
965 5637 1082 5708 μὲν
1136 5634 1304 5708 οἶκον
1345 5637 1665 5708 σιαγόνων.
1711 5634 1992 5706 Origenes,

426 5704 608 5777 homil.
646 5704 999 5762 ὂτὶηᾟιισξε
1037 5728 1054 5758 α
1086 5707 1342 5762 Bethania
1386 5704 1997 5777 inl’erpretatttrﬂﬂomus

425 5775 762 5843 obedientiw;
808 5778 1119 5850 Betbphagc
1171 5795 1328 5843 vero,
1382 5775 1564 5832 domus
1624 5776 1994 5845 maxillarum,

2104 5636 2448 5691 sacerdotalis
2483 5638 2697 5705 quidam
2747 5639 2893 5693 locus
2938 5658 2949 5692 :
2985 5642 3210 5696 maxime
3244 5644 3387 5697 cnitn
3425 5649 3677 5701 sacerdo-

2107 5708 2250 5784 tibus
2296 5707 2596 5784 dabantur,
2650 5710 2790 5763 sicut
2837 5711 2888 5763 in
2939 5712 3052 5782 lege
3081 5716 3445 5784 iprzt'ctpiltlr;
3489 5736 3505 5766 ι
3541 5729 3595 5771 et
3626 5722 3679 5772 in

2104 5778 2257 5832 Joan.
2294 5793 2369 5841 tt,
2406 5778 2465 5832 l5
2495 5788 2547 5834 ct
2578 5795 2714 5850 δρψ,
2754 5789 2881 5836 ιυιιι.
2930 5778 3035 5837 Xt':
3080 5778 3209 5836 ’Ᾱπὸ
3246 5778 3536 5858 Βηθοραγῆς
3568 5789 3621 5841 δὲ
3650 5792 3679 5843 ὁ
