4074 6300
339 332 521 389 16-35
1336 332 1689 388 COMMENT.
1734 331 1802 386 IN
1841 332 1921 387 MA

2024 330 2257 388 ἩᾸΞΗΜ
2297 330 2537 387 TOMUS
2571 328 2709 385 XVI.
3493 341 3629 394 “34

334 449 630 519 ταγμένα
653 445 756 500 ὑπὸ
792 448 884 501 τοῦ
929 447 1103 519 Ἰησοῦ
1137 446 1393 503 λύεσθαιο
1451 441 1527 502 ὧν
1564 447 1818 512 λυόντων,
1857 448 1920 502 ὲά

2024 455 2161 507 item
2195 447 2287 517 qui
2328 434 2601 516 gentibus.
2632 443 3019 499 Verumtamen
3060 446 3202 501 inter
3230 462 3324 504 eos
3372 448 3466 519 qui
3511 453 3623 507 sol-

332 555 439 600 τις
481 537 629 612 λέγῃ
661 538 859 601 αὐτοῖς’
896 557 914 589 1
943 538 1007 591 Τί
1035 539 1190 593 λύετε
1221 539 1313 593 τὸν
1356 539 1533 593 πῶλον
1560 555 1574 604 ;
1608 559 1625 590 1
1676 539 1708 610 ἢ
1761 542 1921 593 ότιποι

2053 548 2189 593 vuut
2233 554 2354 609 qua:
2401 537 2538 592 solvi
2587 538 2842 607 praecepit
2888 535 3066 603 Jesns,
3114 553 3337 608 operum
3383 540 3623 612 ipsorum

334 625 522 692 τοῦν,
567 627 712 695 λέγει
744 627 871 699 περὶ
900 627 1248 699 ἀμφοτέρων,
1274 627 1640 700 κηρύσσομεν,
1663 629 1745 681 ὅτι
1770 628 1798 679 6
1831 627 1921 681 Κύ·

2052 630 2281 685 societas
2312 637 2415 693 est,
2442 639 2496 681 et
2520 617 2779 696 quaedam
2802 627 3119 693 communio
3146 645 3158 679 :
3188 628 3386 696 quibus
3408 633 3623 687 solven-

338 732 478 786 ριος
508 716 694 772 αὐτῶν
750 716 859 771 τῶν
913 718 1177 789 πρότερον
1227 719 1522 790 δεδεμένων
1575 719 1762 790 χρείαν
1811 718 1921 789 ἔχει

2051 722 2198 776 tibus
2225 720 2270 775 si
2297 719 2418 790 quis
2450 720 2597 775 dicat
2626 720 2674 754 δ’
2705 739 2717 773 :
2749 739 2768 772 1
2798 719 2936 786 Quid
2969 720 3182 774 solvitis
3207 722 3454 790 pullum?
3483 742 3503 774 1
3540 728 3624 780 vel

330 800 577 871 Χρείαν
608 803 665 857 δὲ
691 804 871 858 αὐτῶν
902 803 1036 875 ἔχει,
1091 805 1384 860 ἐπιϐαίνων
1431 806 1506 878 (6)
1539 808 1740 872 αὐτοῖς,
1793 808 1915 861 λελυ

2051 809 2195 865 aliud
2221 809 2460 879 quidvis,
2475 810 2544 863 de
2564 818 2795 880 utroque
2812 810 2909 875 ait,
2928 809 3157 864 Domino
3172 809 3240 864 iis
3256 810 3348 879 qui
3369 814 3625 867 antealli-

338 894 560 964 μένοις
583 896 691 950 ἀπὸ
713 896 824 951 τῶν
852 896 1287 968 ἁμαρτημάτων,
1318 899 1412 953 καὶ
1440 899 1631 970 ἄφεσιν
1659 900 1839 953 αὐτῶν
1870 902 1917 954 εί

2051 900 2158 971 gati
2188 899 2404 955 fuerant
2420 908 2567 970 'opus
2588 916 2711 956 esse
2734 901 3138 957 denuntiamus.
3163 899 3257 954 llis
3278 910 3456 956 autem
3482 919 3623 972 opus

332 985 586 1058 ληφόσι’
625 989 930 1061 δεδεμένοις
974 991 1082 1062 γὰρ
1110 991 1188 1044 ἔτι
1233 992 1326 1046 καὶ
1366 1011 1384 1044 1
1416 996 1622 1064 σειραῖς
1659 994 1767 1047 τῶν
1801 995 1921 1048 ἰδίωε

2052 989 2125 1044 illi
2154 998 2258 1055 est,
2280 991 2520 1059 peccatis
2543 990 2756 1045 solutos
2781 1003 2877 1045 eos
2906 1000 2962 1045 et
2986 990 3361 1044 remissionem
3397 990 3622 1061 adeptos

334 1081 654 1151 ἁμαρτιῶν
704 1081 1123 1153 σφιγγομένας»
1179 1083 1208 1135 6
1250 1083 1452 1155 Ἰησοῦς
1485 1085 1584 1138 οὐκ
1626 1086 1921 1151 ὲπικαθέζε

2050 1082 2453 1149 conscendens;
2477 1096 2601 1138 nam
2620 1082 2712 1153 qui
2737 1083 3030 1137 etiamnum
3053 1081 3199 1152 ligati
3214 1090 3341 1137 sunt
3360 1091 3414 1137 et
3431 1101 3450 1134 1
3473 1081 3620 1138 funi-

2050 1172 2151 1228 bus
2182 1179 2525 1242 peccatorum
2551 1173 3111 1243 constringuntur“,i
3146 1184 3309 1241 super
3340 1187 3434 1228 eos
3459 1170 3620 1230 Jesus

2049 1279 2155 1318 non
2202 1263 2370 1318 sedet.
2402 1261 2602 1318 Verum
2639 1265 2918 1318 enimvero
2948 1264 3103 1335 juxta
3137 1262 3377 1319 Marcum
3428 1274 3481 1319 et
3511 1263 3620 1318 Lu-

2048 1367 2167 1408 cam
2211 1354 2256 1385 “
2305 1371 2318 1407 :
2375 1372 2394 1405 1
2444 1352 2633 1410 Pullus
2663 1354 2859 1425 ligatus
2889 1364 2993 1421 est,
3037 1371 3200 1425 super
3228 1372 3390 1427 quem
3442 1357 3619 1412 adhuc

2047 1457 2208 1497 nemo
2240 1443 2520 1498 hominum
2553 1444 2725 1511 sedit;
2763 1464 2781 1496 1
2813 1444 2946 1499 nihil
2980 1446 3127 1500 enim
3158 1447 3353 1501 rationi
3382 1463 3616 1503 consen-

332 1186 469 1225 ται.
509 1172 671 1226 Κατὰ
702 1174 887 1242 μέντοι
914 1173 1005 1226 τὸν
1025 1174 1249 1245 Μάρκον
1273 1175 1367 1228 καὶ
1397 1176 1487 1228 τὸν
1508 1176 1738 1242 Λουκᾶν,
1778 1195 1798 1228 1
1822 1176 1946 1230 Πῶ-

331 1261 444 1326 λός
493 1264 615 1317 ἐστι
663 1262 965 1334 δεδεμένος,
999 1265 1083 1333 ἐφ’
1108 1263 1167 1317 ὃν
1200 1264 1377 1328 οὐδεὶς
1429 1261 1730 1337 ἀνθρώπων
1757 1266 1944 1321 ἐκάθι-

334 1370 474 1407 σενο
512 1374 532 1407 1
569 1355 719 1408 οὐδὲν
747 1354 856 1427 γὰρ
876 1354 1091 1424 λογικὸν
1122 1356 1217 1410 καὶ
1247 1357 1389 1411 κατὰ
1436 1359 1635 1431 τρόπον
1660 1359 1944 1431 γινόμενον

335 1447 703 1517 ἐπέπρακτο,
740 1448 832 1502 καὶ
865 1449 1046 1520 ἵδρυτο
1072 1449 1148 1520 τῷ
1178 1450 1285 1503 ἀπὸ
1310 1450 1418 1505 τῶν
1446 1450 1613 1505 ἐθνῶν
1638 1450 1820 1525 πώλῳ·
1848 1453 1942 1507 καὶ

334 1532 519 1601 οὗτος
543 1532 694 1608 rei}:
725 1539 877 1593 οὐδὲν
925 1540 1140 1609 λογικὸν
1188 1543 1451 1614 πρότερον
1485 1542 1737 1615 ὲφίδρυτο
1792 1543 1945 1598 εὐτύ-

335 1643 499 1698 χησε
530 1627 661 1682 Θεὸν
692 1629 840 1701 αὐτῷ
873 1631 1319 1703 ὲπικειθεσθῆναι,
1363 1632 1535 1701 Λόγον
1563 1632 1653 1687 τὸν
1687 1633 1816 1688 Υἱὸν
1844 1633 1921 1688 τοῐ

2046 1627 2285 1697 gentium
2327 1627 2535 1697 pullum
2589 1628 2982 1693 constitutum;
3020 1636 3075 1682 et
3129 1628 3255 1685 felix
3306 1629 3395 1684 ille
3442 1645 3617 1700 usque

336 1719 518 1783 Θεοῦ,
551 1721 654 1784 ἵνα,
682 1722 773 1774 ὑπ’
797 1721 959 1775 αὐτοῦ
976 1722 1238 1793 ἀγόμενος
1255 1723 1613 1795 ἡνιοχοῦντος,
1628 1727 1921 1799 καταντήσας

2047 1720 2181 1774 adeo
2238 1718 2340 1773 fuit
2385 1734 2548 1787 supra
2602 1734 2762 1788 quem
2808 1720 3070 1775 rationale
3116 1721 3249 1774 nihil
3288 1722 3611 1776 collocatum

339 1810 453 1864 ἐπὶ
502 1812 599 1882 τὴν
641 1812 994 1886 Ἰερουσαλὴμ
1028 1813 1123 1867 τοῦ
1172 1813 1327 1867 Θεοῦ.
1374 1813 1622 1869 Τοσαῦτα
1657 1816 1752 1887 μὲν
1778 1818 1921 1887 ἡμεῖς

2043 1810 2254 1875 fuerat,
2308 1820 2366 1866 ut
2409 1827 2573 1880 supra
2619 1825 2743 1865 eum
2789 1810 2932 1867 Deus
2985 1813 3323 1880 consideret,
3373 1811 3610 1868 Verbum

339 1901 437 1963 εἰς
466 1900 556 1955 τὸν
585 1902 746 1956 τόπον
778 1903 871 1956 ἐπὶ
901 1902 995 1956 τοῦ
1029 1902 1295 1974 παρόντος
1336 1902 1568 1975 εἴδομεν·
1623 1907 1652 1959 ό
1694 1905 1749 1959 δὲ
1774 1905 1921 1959 δυνά-

2041 1917 2235 1977 nempe
2266 1901 2359 1956 Dei
2406 1902 2579 1956 Filius
2605 1944 2620 1968 ,
2652 1915 2710 1957 ut
2734 1903 2800 1957 ah
2831 1903 2949 1972 ipso
2977 1914 3191 1959 vectore
3216 1905 3455 1959 habenas
3489 1921 3610 1959 mo-

345 2006 524 2060 μενος
550 1993 644 2045 κα1⁸
664 1992 858 2064 χωρῶν
878 1991 1099 2064 μείζονα
1128 1994 1210 2055 είς
1236 1992 1326 2046 τὸν
1346 1993 1509 2047 τόπον
1532 1994 1712 2065 χάριν,
1731 1994 1934 2064 λεγέτω

346 2080 580 2151 μείζονα
602 2084 695 2137 καὶ
723 2084 984 2155 βελτίονα,
1013 2083 1263 2145 κάκεῖνος
1294 2084 1492 2154 μᾶλλον
1524 2086 1801 2140 ἀκονέσθω
1827 2088 1921 2141 ὑπέ

2037 2087 2196 2141 nobis
2225 2086 2278 2139 in
2311 2086 2456 2139 hunc
2485 2085 2664 2140 locum
2688 2086 2904 2140 animus
2927 2083 2981 2139 in
3007 2086 3293 2155 prati-tentia
3319 2088 3606 2158 suggessit;

340 2170 465 2224 τῶν
496 2171 772 2240 διψώντων
804 2173 1164 2243 εὐαγγελικῆς
1190 2173 1505 2244 σαφηνείας.

2037 2176 2129 2246 qui
2167 2184 2345 2231 autem
2393 2175 2600 2244 majore
2647 2174 2904 2245 praeditus
2952 2186 3035 2231 est
3083 2175 3362 2242 facultate,
3395 2187 3449 2233 et
3486 2194 3607 2233 am-

346 2261 586 2332 pliorem
626 2262 716 2318 hic
746 2264 975 2332 gratiam
1015 2265 1180 2334 capit,
1248 2265 1425 2334 plura,
1488 2267 1822 2338 melioraque
1879 2268 2139 2339 proferat,
2177 2283 2474 2339 auremque
2508 2269 2560 2323 ei
2620 2268 2803 2338 potius
2852 2270 3263 2325 accommodent
3295 2274 3387 2341 qui
3440 2286 3610 2326 evan-

345 2355 581 2425 gelicam
613 2354 1052 2425 explanationem
1087 2357 1300 2413 sitiunt.

431 2470 450 2503 1
487 2451 852 2525 Πορευθέντες
875 2451 931 2504 δὲ
958 2452 1007 2504 oi
1042 2451 1302 2524 μαθηταὶ,
1327 2452 1422 2507 καὶ
1455 2454 1775 2525 ποιήσαντες
1796 2453 1930 2508 καθ-

345 2544 429 2610 ὼς
474 2545 803 2616 προσέταξεν
840 2544 1025 2607 αὐτοῖς
1077 2546 1105 2597 6
1155 2544 1381 2615 Ἰησοῦς,
1436 2546 1644 2616 ἤγαγον
1682 2546 1779 2618 τὴν
1810 2547 1930 2601 όνον

348 2636 447 2692 καὶ
465 2636 554 2690 τὸν
585 2636 815 2697 πῶλον.»
854 2635 959 2693 καὶ
974 2636 1042 2689 τὰ
1066 2636 1212 2707 ἑξῆς,
1245 2635 1349 2701 ἕως
1372 2636 1485 2691 τοῦ·
1527 2653 1547 2688 1
1585 2638 1644 2692 '0
1675 2638 1783 2692 ἀπὸ
1816 2640 1929 2692 Να-

350 2723 520 2798 ζαρὲτ
558 2726 659 2796 τῆς
682 2728 989 2791 Γαλιλαίας.
1029 2748 1046 2780 1
1091 2728 1149 2781 '0
1179 2727 1235 2781 δὲ
1257 2728 1484 2800 Μάρκος
1508 2728 1649 2783 οὕτω
1674 2728 1811 2783 κατὰ
1837 2730 1927 2784 τὸν

2038 1994 2262 2049 derante
2283 1993 2569 2059 deductus,
2596 1993 2985 2065 Jerosolymam
3014 1993 3108 2047 Dei
3138 1994 3611 2063 perveniret._Htec

2107 2453 2190 2509 18.
2224 2474 2241 2504 1
2278 2452 2482 2508 Euntes
2516 2462 2695 2508 autem
2740 2451 2991 2522 discipuli
3021 2452 3266 2508 fecerunt
3299 2454 3442 2509 sicut
3470 2471 3607 2525 pra}.

2033 2544 2176 2613 cepit
2226 2543 2333 2598 illis
2384 2542 2566 2608 Jesus,
2618 2550 2675 2597 et
2723 2542 3068 2599 adduxerunt
3120 2545 3329 2599 asinam
3377 2555 3431 2600 et
3485 2547 3604 2613 pul-

2031 2637 2149 2691 lum
2181 2635 2280 2697 ⁶’,1
2310 2644 2361 2689 et
2388 2634 2619 2705 reliqua,
2656 2633 2722 2689 ad
2749 2635 2863 2690 haec
2886 2650 3059 2705 usque
3088 2652 3102 2690 :
3133 2658 3150 2686 1
3173 2637 3219 2689 Α
3246 2635 3473 2691 Nazaret
3492 2636 3602 2692 Ga-

2024 2724 2196 2781 lilreze.
2215 2740 2235 2773 ι
2254 2720 2463 2779 Marcus
2481 2734 2659 2779 autem
2682 2726 2769 2782 his
2794 2727 2976 2783 verbis
3004 2726 3180 2782 locum
3213 2729 3359 2784 hunc
3381 2744 3603 2799 expres-

2048 1542 2291 1601 taneum,
2320 1534 2456 1588 nihil
2495 1543 2858 1604 Opportunum
2896 1533 3097 1590 factum
3129 1534 3324 1601 fuerat,
3357 1546 3412 1592 et
3450 1552 3614 1605 supra
3711 1573 3721 1580 -

349 2815 514 2870 τόπον
546 2816 779 2883 ἐξέθετο·
839 2836 860 2869 1
885 2819 994 2872 Καὶ
1019 2818 1341 2884 ἀπελθόντες
1373 2814 1531 2892 εὖρον
1583 2821 1758 2875 πῶλον
1782 2822 1926 2876 δεδε-

353 2904 515 2977 μένον
543 2905 679 2978 πρὸς
704 2907 802 2978 τὴν
822 2906 989 2979 θύραν
1016 2906 1120 2972 ἔξω
1149 2908 1242 2961 ἐπὶ
1266 2908 1360 2961 τοῦ
1377 2909 1641 2980 ἀμφόδου,
1658 2911 1750 2964 καὶ
1777 2911 1925 2964 λύου-

348 3011 435 3049 σιν
460 2997 677 3062 αὐτὸν,›
737 2998 829 3051 καὶ
868 2998 937 3051 τὰ
987 2999 1137 3068 ἑξῆς,
1168 2999 1269 3063 ἕως,
1299 3000 1414 3053 τοῦ·
1465 3018 1483 3051 1
1507 3001 1861 3074 Εὐλογημένη
1888 3004 1922 3075 ἡ

344 3087 615 3159 ἐρχομένη
644 3087 893 3158 βασιλεία
934 3088 1027 3143 τοῦ
1077 3090 1290 3162 Πατρὸς
1334 3091 1490 3162 ἡμῶν
1520 3092 1700 3145 Δαυΐδ·
1734 3095 1921 3166 είρήνη

344 3177 405 3230 ὲν
432 3179 544 3239 τοῖς
576 3176 820 3246 ὑψίστοις
860 3178 992 3249 (7).»
1035 3179 1146 3232 Καὶ
1176 3181 1204 3232 6
1234 3180 1447 3244 Λουκᾶς
1472 3178 1529 3233 δὲ
1562 3182 1787 3234 τοιαῦτά
1816 3199 1920 3253 φη-

2024 3196 2147 3235 vero
2182 3180 2314 3235 dicit
2345 3179 2522 3236 Lucas
2555 3178 2602 3211 “
2644 3197 2658 3233 :

343 3281 450 3321 σιν’
485 3286 504 3318 1
541 3267 887 3333 Ἀπελθόντες
915 3269 971 3321 δὲ
996 3270 1047 3322 οἱ
1086 3270 1489 3342 ἀπεσταλμένοι
1517 3265 1695 3342 εὗρον,
1732 3272 1867 3327 καθὰ
1887 3289 1916 3335 ς

340 3353 495 3413 εἶπεν
528 3358 730 3423 αὐτοῖς,
785 3359 994 3413 ἑστῶτα
1026 3359 1117 3412 τὸν
1150 3359 1328 3413 πῶλον
1365 3358 1495 3432 (8),1
1546 3361 1639 3414 καὶ
1667 3361 1735 3415 τὰ
1766 3360 1911 3433 ἐξῆς,

338 3446 446 3512 ἕως
480 3447 594 3503 τοῖν
642 3470 661 3503 1
700 3451 824 3505 Ἐὰν
864 3444 1010 3504 οὗτοι
1038 3452 1410 3522 σιωπήσωσιν,
1458 3453 1506 3504 οἱ
1556 3451 1692 3505 λίθοι
1722 3453 1916 3524 κεκρά-

2030 2817 2102 2872 sit
2126 2817 2175 2850 "
2210 2836 2223 2872 :
2259 2836 2278 2870 1
2331 2816 2397 2872 Et
2440 2818 2702 2874 abeuntes
2750 2818 3074 2873 invenerunt
3123 2818 3327 2888 pullum
3374 2819 3598 2890 ligatum

2029 2919 2155 2963 ante
2201 2907 2424 2978 januam
2474 2907 2609 2962 foris
2658 2908 2711 2962 in
2762 2907 2929 2973 bivio,
2960 2924 3013 2964 et
3040 2909 3257 2963 solvunt
3287 2923 3444 2975 eum;
3492 2926 3512 2960 1
3544 2917 3602 2965 et

2029 3010 2243 3063 caetera,
2280 3014 2451 3069 usque
2479 2999 2543 3054 ad
2571 2999 2623 3053 id
2663 3017 2677 3052 :
2717 3016 2735 3050 1
2776 2998 3126 3055 Benedictum
3155 2999 3299 3070 quod
3332 3001 3476 3054 venit
3516 3015 3601 3055 re-

2028 3105 2194 3157 gnum
2239 3088 2416 3143 Patris
2471 3088 2643 3143 nostri
2687 3087 2876 3155 David,
2921 3104 3025 3159 pax
3066 3089 3120 3143 in
3176 3087 3598 3146 excelsisailaeo

2710 3197 2728 3229 1
2767 3179 3042 3235 Abeuntes
3084 3179 3245 3253 ’145
3274 3188 3453 3235 autem
3499 3181 3592 3250 qui

2021 3269 2175 3325 missi
2229 3279 2406 3335 erant,
2453 3270 2797 3337 invenerant,
2840 3271 2984 3327 sicut
3031 3271 3167 3325 dixit
3200 3270 3324 3338 illis,
3358 3279 3590 3327 stantem

2018 3362 2250 3431 pullum,
2288 3382 2306 3413 1
2339 3371 2393 3417 et
2420 3378 2542 3432 quae
2570 3363 2813 3418 subnexa
2847 3371 2996 3424 sunt,
3030 3362 3097 3416 ad
3126 3361 3177 3415 id
3221 3377 3395 3433 usque
3425 3380 3440 3417 :
3475 3380 3494 3413 1
3534 3361 3591 3417 Si

2024 3453 2078 3507 111
2106 3454 2398 3519 tacuerint,
2428 3453 2635 3523 lapides
2663 3454 2992 3510 clamabunt.
3048 3471 3067 3504 1
3102 3451 3231 3508 Post
3254 3469 3319 3508 ea
3353 3468 3473 3522 quae
3522 3453 3590 3507 de

1531 3565 1759 3624 VETUS
1798 3565 2381 3622 INTERPRETATIO.

339 3675 465 3729 eum
498 3661 760 3716 habentes
787 3659 943 3715 initia
974 3659 1117 3724 fidei,
1155 3668 1284 3716 sunt
1311 3678 1329 3710 1
1366 3660 1508 3716 sicut
1533 3662 1756 3716 novellae
1779 3662 2046 3717 olivarum
2078 3662 2134 3715 in
2161 3661 2391 3715 circuitu
2432 3676 2636 3717 mensae
2678 3661 2906 3726 Christi,
2944 3681 2963 3713 1
2999 3661 3127 3729 quia
3153 3668 3280 3714 sunt
3314 3660 3407 3714 filii
3440 3661 3580 3728 ejus.

341 3728 399 3801 Si
433 3739 613 3801 autem
645 3737 860 3801 oportet
890 3739 947 3785 et
972 3729 1209 3784 duorum
1240 3730 1633 3801 discipulorum
1663 3747 1802 3801 quos
1843 3731 2290 3801 misit_Dominus
2334 3746 2594 3785 enarrare
2628 3734 2946 3801 mysterium
2982 3728 3260 3801 {forsitan
3295 3745 3401 3801 non
3437 3731 3578 3801 irra-

341 3797 896 3881 tionabilitrr'dieere
921 3814 1237 3881 possumus,
1264 3797 1432 3881 fuisse
1472 3797 1952 3881 eos_in'inyste_rio
1992 3799 2133 3881 Petri
2167 3811 2222 3854 et
2248 3799 2424 3881 Pauli,
2456 3802 2549 3870 qui
2571 3797 2796 3881 dextras
2831 3801 2933 3881 sibi
2966 3800 3244 3881 dederuut_
3258 3799 3579 3881 societatis:

337 3879 399 3940 ut
425 3868 618 3940 Petrus
640 3869 875 3940 quidem
925 3868 979 3923 in
1024 3868 1501 3940 circumcisiouem
1529 3870 1595 3924 ad
1625 3868 1965 3940 subjugalem
2001 3871 2124 3940 iret,
2153 3868 2554 3940 praedicaturus
2582 3870 2784 3939 populo
2824 3869 3265 3940 Judteorunrsub
3288 3868 3421 3939 jugo
3450 3868 3583 3940 legis

338 3938 555 4019 degenti
591 3959 606 4019 _:
640 3938 843 4019 Paulus
865 3947 1046 4019 autem
1080 3939 1147 3994 ad
1177 3940 1478 4019 gentes,‘a_d
1508 3938 1866 4019 novellum'et
1895 3938 2217 4019 indomitum
2252 3940 2479 4019 pullum.
2510 3938 2686 4019 _E_r_ant
2721 3949 2900 4019 autem
2932 3939 3094 4019 ambo
3115 3938 3452 4019 _(id'est__p‘op

3457 3939 3581 3994 ulus

341 4007 658 4094 exiludazis‘,
691 4018 747 4064 et
777 4010 1015 4079 populus
1038 4008 1409 4094 erigentibus)
1438 4009 1492 4062 in
1522 4010 1670 4094 villa,
1703 4019 1757 4094 et
1776 4024 1884 4094 non
1920 4010 1973 4066 in
2004 4010 2224 4094 civitate
2256 4007 2409 4073 Sion,
2441 4010 2524 4062 vel
2555 4007 2892 4094 Hierusalem
2925 4027 2938 4062 :
2966 4008 3058 4094 sed
3095 4007 3346 4094 discipuli
3376 4008 3578 4089 Christi

339 4080 558 4134 solvunt
586 4077 903 4148 utrumque,
942 4090 996 4134 et
1027 4079 1091 4133 ad
1116 4077 1397 4132 Christum
1441 4080 1762 4147 perducunt,
1797 4088 1856 4133 ut
1882 4078 2141 4135 ascendat
2170 4094 2333 4148 super
2372 4093 2468 4133 eos
2497 4094 2618 4133 cum
2650 4078 2813 4133 soluti
2846 4077 3047 4132 fuerint
3078 4094 3108 4133 a
3145 4077 3401 4148 peccatis,
3433 4079 3579 4132 acci-

339 4149 548 4217 pientes
580 4149 963 4217 remissionem
991 4164 1203 4203 eorum.
1242 4148 1416 4216 Super
1447 4149 1680 4216 alligatis
1702 4159 1881 4203 autem
1925 4149 2105 4203 adhuc
2127 4156 2181 4202 et
2205 4148 2436 4203 vinculis
2463 4158 2807 4217 peccatorum
2835 4163 3058 4202 suorum
3085 4148 3421 4210 constrictis,
3461 4163 3569 4203 non

336 4216 485 4288 sedet
519 4218 697 4275 Jcsus.
732 4216 1043 4273 Secundum
1072 4217 1313 4271 Marcum
1338 4226 1526 4288 autem
1553 4228 1608 4273 et
1635 4218 1861 4283 Lucam,
1895 4219 2063 4272 etiam
2092 4217 2273 4288 pullus
2300 4218 2663 4288 introducitur
2691 4216 3013 4288 alligandus,
3043 4232 3207 4286 super
3226 4233 3386 4286 quem
3416 4231 3576 4288 nemo

338 4287 616 4358 hominum
649 4290 790 4343 sedit
823 4306 852 4358 γε
887 4288 1022 4342 nihil
1069 4289 1213 4341 enim
1250 4287 1591 4358 rationabile,
1623 4304 1797 4358 neque
1825 4288 1967 4358 quod
2004 4286 2311 4358 secundum
2343 4302 2524 4358 mores
2558 4286 2827 4343 humanos
2865 4286 2979 4341 fieri
3022 4289 3179 4350 solet,
3213 4289 3268 4341 in
3314 4287 3569 4356 gentibus

335 4354 536 4413 factum
580 4358 769 4427 fuerat
785 4357 1098 4427 aliquando,
1126 4372 1300 4426 neque
1331 4355 1614 4412 fundatum
1643 4354 1803 4413 in'eis
1842 4354 2052 4427 aliquid
2082 4356 2404 4426 disciplinis,
2429 4357 2521 4427 sed
2548 4366 2739 4427 contra
2771 4359 3023 4427 meritum
3057 4372 3217 4412 suum
3247 4372 3278 4411 a
3310 4354 3418 4412 Deo
3444 4364 3574 4411 sunt

333 4430 632 4491 c0nsecuti,
666 4441 725 4481 ut
751 4424 986 4480 Verbum
1027 4426 1120 4481 Dei
1154 4424 1319 4496 super
1340 4441 1436 4481 eos
1461 4428 1692 4493 sederet,
1720 4437 1772 4481 ut
1807 4443 1873 4481 eo
1903 4424 2134 4482 ducente
2160 4424 2458 4496 ascendant
2492 4426 2544 4496 in
2573 4424 2903 4481 Hierusalem
2933 4425 3046 4481 Dei.

405 4495 491 4550 18.
528 4515 547 4547 1
577 4497 782 4551 Euntes
812 4506 993 4550 autem
1017 4494 1265 4567 discipuli
1292 4494 1538 4551 fecerunt
1568 4498 1707 4552 sicut
1734 4498 1988 4567 praecepit
2011 4497 2094 4551 eis
2118 4496 2296 4567 Jesus.
2330 4494 2394 4550 Et
2421 4495 2762 4551 adduxerunt
2787 4498 2995 4567 asinam
3029 4505 3079 4550 et
3129 4496 3356 4565 pullum,
3390 4503 3444 4550 et
3468 4495 3571 4550 im-

330 4574 632 4636 posuerunt
665 4581 828 4635 super
848 4581 973 4619 eum
1008 4566 1328 4622 vestimenta
1360 4582 1479 4630 sua,
1505 4576 1560 4621 et
1592 4566 1747 4622 sedit
1765 4566 1927 4636 super
1957 4582 2104 4622 eum.
2138 4586 2157 4617 1
2191 4566 2533 4620 Adduccntes
2558 4580 2687 4636 ergo
2723 4567 2788 4619 ad
2811 4566 3088 4621 Christum
3120 4567 3328 4620 asinam
3366 4573 3422 4619 et
3450 4566 3571 4635 pul-

332 4635 669 4707 lum,‘nudus
697 4650 791 4689 eos
826 4650 932 4689 non
961 4636 1304 4700 dimiserunt,
1341 4637 1433 4691 sed
1456 4647 1771 4691 ornamenta
1803 4635 1883 4692 eis
1916 4638 2293 4707 imposuerunt
2334 4636 2535 4707 quibus
2564 4635 2780 4690 fuerunt
2801 4637 3067 4697 adornati,
3100 4645 3154 4691 et
3179 4636 3418 4689 vestibus
3446 4638 3570 4704 qui--

330 4700 431 4757 bus
478 4704 577 4773 ipsi
602 4703 820 4758 fuerant
854 4707 1114 4774 cooperti,
1156 4707 1492 4761 honestatem
1522 4708 1602 4762 eis
1629 4709 1944 4777 adjicicntes
1970 4700 2110 4776 q'uos
2156 4719 2258 4760 suo
2309 4700 2490 4760 studio
2543 4707 2857 4760 solreranti
2901 4708 2945 4759 si
2994 4715 3093 4759 :ut
3127 4720 3288 4773 super
3340 4700 3566 4760 ornatos

330 4773 571 4828 vestibus
601 4774 993 4828 discipulorum
1026 4776 1227 4828 Christi
1260 4775 1515 4828 Christus
1558 4779 1813 4828 ascendat
1845 4788 1898 4828 et
1925 4777 2233 4828 requiescat
2265 4776 2319 4828 111
2351 4778 2452 4828 eis.
2483 4784 2537 4828 et
2569 4777 2708 4828 anud
2736 4791 2831 4828 eos
2864 4723 2953 4828 Elei
2988 4772 3223 4828 Verbum
3255 4773 3513 4828 fundetur
3546 4794 3560 4828 :

2910 4804 2931 4827 L‘

327 4773 571 4855 vesribus
601 4774 993 4843 discipulorum
1026 4776 1227 4856 Christi
1260 4775 1533 4856 Christus
1558 4773 1898 4856 ascendat_et
1923 4773 2233 4856 requiescat
2265 4776 2319 4829 in
2351 4778 2452 4856 eis,
2483 4784 2537 4829 et
2569 4777 2708 4856 apud
2736 4791 2831 4829 eos

2926 4777 2953 4828 ri
2988 4772 3223 4828 Verbum
3255 4773 3513 4828 fundetur
3546 4794 3560 4829 :

326 4844 583 4911 quoniam
614 4859 1058 4916 unumquemque
1083 4846 1470 4914 discipulorum
1503 4847 1727 4902 decebat
1770 4848 1973 4916 aliquid
2006 4844 2226 4901 Christo
2273 4845 2520 4899 conferre
2550 4844 2658 4915 regi
2696 4853 2999 4908 mansueto,
3040 4853 3099 4898 ut
3128 4844 3560 4916 possintdicere,

325 4916 580 4980 quoniam
622 4914 827 4986 Christi
863 4913 1056 4970 suuius
1102 4913 1278 4985 eperis
1322 4917 1630 4986 participes.
1666 4936 1685 4968 1
1728 4913 1964 4971 Plurima
1990 4925 2173 4970 autem
2202 4916 2358 4986 turba
2386 4913 2694 4971 straverunt
2726 4918 3044 4986 vestimenta
3092 4928 3190 4986 sua
3217 4913 3273 4968 iu
3313 4914 3427 4986 via.
3455 4915 3560 4969 Alii

324 4994 501 5038 autem
525 4984 801 5039 caedebant
829 4999 1010 5041 ramos
1039 4986 1105 5039 de
1128 4982 1438 5051 arboribus,
1462 4982 1862 5041 ct'stcrnebant
1894 4987 1947 5040 in
1981 4988 2089 5040 via.
2125 5004 2143 5037 1
2178 4985 2386 5041 Multus
2414 5000 2544 5055 ergo
2577 4984 2808 5054 populus
2837 5000 2960 5039 cum
2990 4982 3208 5039 Christo
3237 4985 3562 5041 ascendebat

386 5124 433 5156 "
471 5116 603 5179 Luc.
636 5141 747 5190 xrx,
779 5124 868 5194 '55.
946 5124 991 5155 ⁵⁸
1030 5122 1190 5178 Prov.
1222 5141 1272 5189 v,
1302 5125 1393 5179 22.
1470 5126 1511 5157 ⁶¹
1554 5124 1718 5180 Marc.
1751 5142 1825 5192 111,
1852 5125 1915 5192 2;

2024 5142 2087 5181 te.
2124 5142 2249 5189 xrx,
2286 5123 2376 5178 50.
2454 5124 2497 5155 ⁸²
2534 5123 2724 5180 Matth.
2758 5140 2869 5189 xxr,
2895 5125 2948 5189 6,
2980 5125 3009 5178 7
3036 5135 3089 5180 ct
3113 5141 3225 5194 seq.
3302 5124 3348 5155 “
3388 5123 3555 5181 Marc.

318 5208 371 5248 ιι
391 5235 406 5261 ,
449 5194 483 5248 4
513 5203 566 5249 et
594 5212 710 5265 seq.
789 5193 967 5249 "Ltic.
997 5211 1108 5259 xix,
1142 5195 1210 5248 5‘2
1236 5205 1291 5248 et
1323 5211 1439 5264 seq.

314 5304 443 5382 τὰς,
471 5319 576 5382 etc.
619 5310 1002 5382 Hieronymus,
1036 5310 1487 5382 Theophylaetus.

382 5378 460 5448 (6)
498 5381 714 5448 Χρείαν
749 5378 1045 5435 δὲ’ίιὺτῶν
1067 5378 1212 5450 ἔχει,
1244 5378 1582 5444 ἐπιϐαίνων,
1605 5393 1709 5437 etc.
1753 5382 1877 5435 Am-

316 5447 554 5523 brdsius,
588 5452 763 5523 lib_.7|x
796 5453 851 5504 in
878 5451 1033 5523 l_,~uc.,
1054 5447 1872 5523 'l‘licophylactus,Euthymius,

315 5515 611 5587 Rendgius,
641 5519 855 5576 Glossa.
888 5520 1150 5576 "UETIUS.

381 5586 457 5657 (⁷)
482 5586 716 5660 Εἰρήνη
766 5592 835 5644 ἐν
874 5593 996 5659 τοῖς
1035 5592 1338 5660 ὑψίστοις.
1398 5590 1660 5647 Uuiversa
1714 5592 1874 5647 Marri

312 5659 638 5728 exemplaria
661 5662 872 5733 habent
909 5681 920 5715 :
960 5659 1186 5717 Ὡσαννὰ
1218 5664 1277 5714 ἐν
1303 5664 1414 5726 τοῖς
1446 5662 1709 5733 ὑψίστοις,
1730 5665 1876 5733 quod

311 5740 608 5798 sequuntur
658 5730 1128 5800 interpretationes
1162 5733 1447 5789 universae.
1477 5730 1761 5805 Origenes
1782 5750 1877 5793 atu-

1982 5321 2113 5374 111111,
2149 5326 2245 5380 pro
2269 5306 2819 5381 diaawa’z,_supposuit
2857 5308 3042 5381 εἰρήνη
3088 5314 3147 5363 ἐν
3193 5306 3424 5381 οὐρανῷ,
3460 5308 3554 5361 καὶ

1981 5381 2107 5445 δόξα
2134 5379 2191 5434 ἓν
2225 5380 2488 5449 ῥψίστοις.
2517 5379 2592 5434 lo.

2055 5444 2132 5522 (8)
2162 5444 2369 5522 £15130?
2391 5450 2582 5522 καθὼς
2622 5445 2751 5503 εἷπε
2796 5449 2997 5522 ᾳρτοῖς
3025 5447 3253 5522 ἑστῶτα
3273 5446 3402 5522 ’τὸν
3433 5444 3552 5498 πῶ-

1987 5516 2123 5577 λοὶδέ
2160 5516 2423 5574 1181101111.
2457 5522 2700 5589 quidam,
2730 5531 2783 5575 et
2814 5519 3035 5588 Vulgata
3068 5519 3236 5573 editio
3270 5516 3400 5589 Luc.
3433 5533 3547 5583 xix,

1986 5592 2083 5647 5‘2:
2111 5611 2129 5643 ι
2152 5588 2495 5654 Invenerunt,
2525 5592 2668 5646 sicut
2696 5591 2832 5645 dixit
2860 5589 2984 5656 illis,
3009 5598 3241 5643 stantem
3272 5588 3473 5657 pullum
3494 5606 3540 5640 ευ

1985 5671 2038 5733 at
2066 5661 2188 5715 libri
2221 5658 2432 5733 reliqui,
2457 5670 2512 5714 et
2542 5660 3037 5733 interpretationes,
3072 5656 3287 5715 ἑστῶτα
3311 5658 3402 5715 τὸν
3431 5656 3547 5713 πῶ-

1984 5732 2092 5798 λον,
2120 5730 2655 5804 praetcrutittunt._lu.
