4074 6300
541 301 561 351 ‘I
585 300 680 355 i375

1992 306 2154 363 ORIG
2164 306 2316 362 ENIS

3652 315 3790 370 i436

538 409 753 465 duobus
786 409 1068 481 discipulis
1093 409 1158 464 ad
1192 411 1506 467 solvendam
1535 414 1768 483 asinam,
1792 425 1846 471 et
1872 418 1965 488 qui
1991 434 2100 474 cun‘

2221 419 2419 486 ξονται.
2460 438 2478 471 ι
2523 420 2849 483 ’Λκολούθως
2908 422 3020 484 τοῖς
3067 421 3479 492 ἀποδεδομένοις
3507 426 3633 495 περὶ
3679 427 3790 479 τῶν

542 498 628 551 illa
661 508 781 554 erat
811 500 1018 570 pullum
1051 500 1237 558 missis
1274 502 1659 573 disseruimus,
1688 515 1742 561 et
1774 524 2115 580 quaecunque

537 605 567 643 ι
598 591 754 645 nobis
785 590 836 643 in
870 605 994 643 eum
1033 590 1213 645 locum
1252 592 1414 670 allata
1446 605 1595 663 sunt,
1624 612 1686 652 ea
1719 597 1977 670 deinceps
2014 617 2112 656 ex-

535 694 802 750 ponemus
847 695 969 749 quaa
1005 679 1163 735 nobis
1213 668 1581 753 inpraesentia
1635 668 1932 758 proposita
1963 702 2110 756 sunt,

537 772 628 825 ubi
666 771 925 826 traditum
961 782 1066 838 est,
1092 775 1357 831 abeuntes
1387 779 1526 833 duos
1558 778 1879 850 discipulos,
1909 794 1963 837 et
2009 784 2113 840 sibi

534 874 565 915 ε
597 868 885 917 bervatore
924 865 1178 920 mandata
1213 865 1566 937 lacessentes,
1594 872 1806 928 asinam
1836 876 1902 930 ad
1934 876 2111 946 ipsum

533 966 658 1005 cum
683 952 830 1022 pullo
855 954 1167 1022 adduxisse;
1197 973 1334 1027 quos
1354 960 1573 1035 quidem
1595 965 1772 1021 nudos
1792 968 2111 1038 neutiquam

533 1046 879 1109 dimiserunt,
914 1049 1009 1104 sed
1056 1051 1298 1108 vestibus
1345 1053 1541 1111 solutae
1578 1057 1746 1113 asinae
1784 1069 1837 1114 et
1864 1061 1957 1131 qui
1988 1077 2111 1117 cum

530 1153 594 1192 ea
636 1146 751 1192 erat
794 1140 943 1209 pullo
994 1150 1247 1196 ornatum
1299 1145 1761 1215 coneiliantibus,
1820 1161 2113 1223 utrumque

531 1226 934 1296 instraverunt;
987 1231 1188 1300 quibus
1242 1232 1485 1289 vestibus
1526 1236 1630 1305 ipsi
1682 1254 1900 1310 quoque
1952 1252 2112 1297 antea

529 1320 709 1374 ornati
738 1330 893 1376 erant
923 1331 977 1376 et
1003 1324 1173 1392 operti
1198 1341 1212 1389 ;
1248 1334 1301 1378 et
1329 1334 1388 1378 ut
1416 1341 1580 1395 supra
1631 1330 1842 1385 asinam
1896 1348 1959 1387 ac
1988 1335 2111 1403 pul-

529 1406 640 1461 lum
682 1410 928 1465 vestibus
968 1421 1195 1468 ornatos
1249 1414 1641 1483 discipulorum
1696 1420 1790 1488 qui
1845 1435 2111 1493 praecepta

526 1502 607 1555 eis
643 1501 997 1568 tradiderant,
1026 1504 1201 1559 solum
1253 1504 1345 1561 Dei
1387 1505 1646 1573 Verbum,
1684 1510 1859 1567 soluta
1904 1518 2113 1572 anima-

526 1591 600 1644 lia
629 1606 859 1660 seseque
892 1592 1143 1648 vehentia
1175 1594 1404 1651 habenis
1438 1614 1632 1668 regens
1660 1604 2037 1673 conquiescat,
2060 1617 2113 1663 et

528 1679 846 1734 collocetur.
886 1678 1084 1735 Verum
1132 1698 1325 1739 eorum
1374 1688 1466 1757 qui
1501 1700 1765 1761 praecepta
1805 1692 1913 1750 illis
1942 1697 2111 1752 tradi-

2220 510 2635 564 ἀποσταλέντων
2685 511 2777 564 δύο
2809 512 3085 584 μαθητῶν,
3114 514 3205 566 ἐπὶ
3259 514 3320 567 τὸ
3344 514 3501 569 λῦσαι
3531 516 3628 583 τὴν
3650 518 3794 571 δεδε-

2221 601 2389 672 μένην
2422 601 2540 654 ὄνον
2569 601 2662 654 καὶ
2702 601 2792 653 τὸν
2842 601 3020 655 πῶλον
3053 603 3144 655 τὸν
3178 603 3295 673 μετ’
3322 604 3512 675 αὐτῆς,
3537 605 3632 659 καὶ
3658 609 3792 659 πᾶσι

2216 694 2327 758 τοῖς
2362 696 2440 758 είς
2483 693 2572 747 τὸν
2605 694 2769 746 τόπον
2797 692 3128 763 εἰρημένοις,
3164 693 3535 764 διηγησόμεθα
3583 696 3676 748 καὶ
3723 697 3794 750 τὰ

2218 786 2534 857 ἐκκείμενα,
2564 787 2621 839 ἐν
2675 779 2757 849 οἷς
2782 784 3050 850 λέλεκται,
3096 785 3178 838 δτι
3232 785 3590 857 πορευθέντες
3623 790 3672 840 οἱ
3699 787 3792 841 δύο

2221 878 2479 949 μαθηταὶ,
2513 879 2605 932 καὶ
2645 878 2971 949 ποιήσαντες
2993 877 3060 930 τὰ
3090 876 3195 929 ὑπὸ
3222 876 3314 930 τοῦ
3344 878 3596 950 Σωτῆρος
3611 880 3793 944 αὐτοῖς

2218 969 2693 1040 προστεταγμένα,
2724 970 2931 1041 ἤγαγον
2960 971 3097 1042 πρὸς
3127 970 3290 1024 αὐτὸν
3312 971 3409 1042 τὴν
3439 968 3561 1024 ὄνον
3584 971 3677 1024 καὶ
3700 971 3792 1023 τὸν

2218 1059 2417 1125 πῶλον,
2452 1058 2545 1123 οὓς
2576 1059 2675 1112 οὐκ
2729 1060 2974 1130 ἀφήκασι
3005 1062 3265 1131 γυμνοὺς,
3301 1060 3435 1114 ἀλλὰ
3465 1061 3669 1131 κόσμον
3696 1062 3793 1114 αὑ-

2217 1153 2329 1213 τοῖς
2382 1149 2720 1222 περιέθηκαν
2773 1152 2832 1202 ἐν
2894 1150 3129 1221 ἱματίοις
3177 1150 3588 1222 εὐσχημοσύνην
3635 1168 3792 1223 περι-

2219 1239 2452 1306 ποιοῦσι,
2507 1243 2815 1313 κοσμήσασι
2844 1241 2939 1313 τὴν
2991 1243 3080 1295 ὑπ’
3108 1242 3287 1296 αὐτῶν
3331 1241 3627 1313 λελυμένην
3668 1245 3790 1297 ὄνον

2217 1333 2312 1387 καὶ
2341 1333 2432 1386 τὸν
2486 1334 2601 1404 μετ’
2640 1334 2808 1403 αὐτῆς
2862 1333 3060 1386 πῶλονο
3091 1328 3175 1397 οἷς
3207 1333 3298 1386 καὶ¹
3350 1333 3505 1386 αὐτοὶ
3532 1329 3668 1404 ἦσαν
3698 1352 3792 1387 κε-

2218 1423 2669 1495 κοσμημένοικαὶ
2704 1423 3126 1495 ἐσκεπασμένοι,
3162 1425 3259 1477 καὶ
3312 1423 3401 1477 ἵνα
3448 1425 3793 1495 κεκοσμημέη

2217 1530 2327 1576 νοις
2353 1515 2416 1583 τῇ
2450 1514 2555 1584 ὄνῳ
2583 1515 2677 1567 καὶ
2704 1513 2779 1584 τῷ
2809 1513 2972 1584 πώλῳ
2996 1516 3109 1578 τοῖς
3138 1513 3395 1584 ἐνδύμασι
3414 1513 3523 1567 τῶν
3550 1513 3798 1579 διδαξὰνυσ

2216 1620 2323 1656 των
2353 1603 2609 1675 μαθητῶν
2634 1603 2707 1674 (9)
2743 1604 3199 1676 ἐπαναπαύσηται
3228 1605 3319 1659 καὶ
3352 1606 3611 1679 ἐφιδρυθῇ
3641 1609 3669 1660 ὀ
3700 1607 3794 1661 τοῦ

2217 1693 2353 1747 Θεοῦ
2377 1693 2546 1764 Λόγος
2568 1694 2850 1765 γινόμενος
2876 1695 3060 1749 ἐπάνω
3095 1695 3274 1767 μόνος,
3307 1699 3400 1750 καὶ
3445 1697 3658 1769 ἡνίοχος
3685 1698 3797 1751 τῶν

526 1772 723 1825 derant
791 1771 1035 1828 vestibus
1114 1774 1282 1829 asina:
1333 1779 1591 1849 pulloque
1644 1782 1890 1840 instratis
1948 1785 2100 1844 Jesus

2212 1782 2521 1855 λελυμένων
2574 1785 2670 1838 καὶ
2731 1784 3108 1854 βασταζόντων
3143 1785 3322 1838 αὐτόν.
3366 1766 3527 1840 Ἀλλὰ
3552 1766 3665 1849 τοῖς
3699 1788 3797 1857 μὲν

526 1861 746 1931 quidem
772 1863 967 1918 insidet
992 1882 1004 1917 :
1032 1868 1359 1935 atquoniam
1389 1884 1673 1929 mansueto
1698 1876 1853 1947 Regi,
1872 1887 1924 1932 et
1948 1896 2111 1950 super

527 1955 835 2026 subjugem,
868 1965 923 2012 et
968 1959 1174 2028 pullum
1219 1962 1474 2030 juvenem
1520 1968 1858 2031 ascendenti,
1907 1988 2110 2027 unum-

524 2060 799 2117 quemque
846 2049 1050 2119 aliquid
1103 2051 1353 2109 conferre
1403 2053 1662 2124 decebat;
1710 2060 1874 2116 simul
1924 2075 2106 2119 autem

524 2151 650 2191 cum
667 2136 796 2193 Jesu
830 2140 1065 2208 plurima
1095 2142 1147 2196 in
1164 2141 1468 2200 Jerusalem
1494 2147 1903 2218 ingrediebatur
1924 2156 2105 2223 turba;

524 2230 887 2298 susceptionis
922 2230 1281 2303 Sospitatoris
1307 2236 1547 2321 fructum
1579 2244 1943 2300 ostenderunt
1969 2263 2107 2318 quo-

521 2335 630 2389 que
674 2320 734 2387 ii,
775 2338 900 2376 cum
947 2332 1125 2381 vestes
1172 2342 1323 2395 suas,
1367 2320 1730 2402 ornatumque
1776 2349 1993 2391 onmem
2040 2355 2103 2394 ac

520 2413 922 2482 operimentum
957 2433 1122 2487 super
1152 2420 1360 2476 asinam
1400 2437 1465 2476 ac
1494 2423 1702 2491 pullum
1741 2426 1948 2481 sedenti
1978 2429 2108 2483 sub-

519 2503 791 2572 ﬁcerunt.
820 2505 937 2573 Qua
966 2524 1097 2580 ergo
1148 2512 1230 2565 via
1263 2512 1475 2568 asinam
1513 2514 1833 2586 pullumque
1866 2519 1919 2571 in
1949 2518 2106 2573 Jeru-

520 2597 689 2651 salem
722 2598 935 2669 agebat,
971 2616 1035 2655 ea
1068 2603 1263 2657 stravit
1302 2606 1625 2662 vestimenta
1655 2623 1751 2664 sua
1796 2610 1952 2664 turba
1982 2611 2105 2682 plu-

518 2691 656 2744 rima
689 2700 747 2745 ut
773 2707 868 2761 per
900 2692 1017 2747 loca
1053 2702 1211 2750 terrae
1241 2705 1696 2770 terrenarumque
1735 2717 1916 2756 rerum
1947 2720 2102 2773 pura,

518 2790 572 2837 et
614 2784 762 2838 nullo
793 2787 1013 2854 pulvere
1041 2787 1327 2858 inquinata
1373 2791 1549 2855 asina,
1581 2809 1646 2847 ac
1674 2794 1855 2863 pullus
1882 2795 2104 2853 ἔθνοεο-

517 2872 720 2943 lymam
763 2877 1139 2932 ascenderent.
1186 2878 1389 2935 Prmter
1420 2882 1560 2938 duos
1587 2900 1751 2954 porro
1779 2887 2100 2957 discipulos,

514 2977 569 3021 et
606 2979 782 3027 vestes
818 2989 945 3030 suas
994 2975 1048 3028 in
1094 2973 1179 3026 via
1215 2971 1650 3029 substerneutem
1692 2977 1855 3050 746
1885 2980 2098 3036 turbam

517 3057 806 3127 plurimam
833 3101 849 3125 ,
898 3064 1116 3117 tertium
1162 3080 1308 3119 nunc
1357 3080 1551 3135 agmen
1597 3078 2097 3136 commemoratur;
2128 3095 2170 3152 ο

518 3150 608 3203 alii
639 3153 907 3222 siquidem
940 3164 1199 3225 praeterea
1238 3158 1338 3213 vise
1370 3175 1474 3229 qua
1502 3158 1901 3230 Jerosolymam
1944 3174 2093 3230 pete-

517 3242 607 3295 bat
647 3245 977 3313 supradictis
1015 3248 1345 3305 animalibus
1388 3262 1576 3305 vectus
1626 3249 1808 3318 Iesus,
1842 3252 2095 3308 decorem

516 3334 912 3402 conciliabant;
952 3338 997 3392 is
1020 3349 1199 3392 autem
1254 3342 1416 3395 decor
1468 3342 1625 3395 cassis
1680 3342 1750 3396 ab
1807 3343 2096 3400 arboribus

515 3425 706 3490 ramis,
738 3434 793 3481 et
829 3428 897 3482 ab
932 3438 1162 3500 utraque
1194 3434 1643 3487 vestimentorum
1689 3442 1841 3503 parte
1889 3435 1942 3489 in
1991 3444 2097 3490 ter-

2211 1879 2275 1929 ἐκ
2298 1876 2407 1929 τῶν
2435 1876 2763 1943 διδαξάντων
2792 1876 3027 1947 ἱματίοις
3052 1876 3346 1931 ἐπιτεθεῖσι
3367 1881 3432 1950 τῇ
3459 1878 3566 1949 ὄνῳ
3595 1880 3690 1932 καὶ
3720 1880 3795 1949 τῷ

2214 1970 2378 2042 πώλῳ
2409 1973 2437 2023 6
2465 1970 2672 2042 Ἰησοῦς
2702 1970 3105 2034 ἐπικαθέζεται·
3141 1972 3261 2025 ἐπεὶ
3289 1971 3345 2025 δὲ
3365 1971 3595 2025 ἕκαστον
3623 1972 3795 2043 ἐχρῆν

2213 2064 2583 2134 συμϐαλέσθαι
2628 2082 2679 2117 τι
2711 2063 2790 2133 τῷ
2824 2066 2989 2135 πραεῖ
3013 2064 3235 2117 Βασιλεῖ
3278 2063 3625 2135 ἐπιϐεϐηκότι
3663 2066 3795 2117 ὑπο-

2212 2154 2381 2227 ζυγίῳ
2412 2156 2505 2209 καὶ
2535 2154 2697 2227 πώλῳ
2723 2155 2850 2226 νέῳ,
2878 2152 2945 2229 ἦν
2967 2155 3022 2208 δέ
3042 2156 3288 2219 πλεῖστος
3321 2156 3474 2227 ὄχλος
3504 2158 3532 2208 6
3567 2168 3790 2212 συνεισ-

2210 2248 2501 2318 ερχόμενος
2546 2250 2624 2311 είς
2670 2246 3022 2325 Ἰερουσαλὴμ
3094 2247 3171 2318 τῷ
3241 2249 3437 2318 Ἰησοῦ,
3489 2249 3585 2301 καὶ
3644 2241 3793 2300 οὗτοι

2210 2338 2418 2404 ἔδειξαν
2443 2337 2654 2409 καρπὸν
2687 2338 2786 2407 τῆς
2818 2337 2911 2390 τοῦ
2942 2337 3197 2407 Σωτῆρος
3230 2337 3500 2410 ἀποδοχῆς
3537 2339 3594 2389 ἐν
3619 2336 3701 2406 τῷ
3730 2336 3795 2390 τὰ

2211 2430 2418 2489 ἑαυτῶν
2446 2430 2632 2500 ἱμάτια
2655 2430 3025 2499 ὑποστρῶσαι,
3058 2429 3152 2483 καὶ
3201 2429 3259 2482 ὃν
3295 2425 3435 2500 εἶχον
3460 2429 3662 2499 κόσμον
3701 2428 3794 2482 καὶ

2216 2522 2447 2592 σκέπην,
2472 2521 2549 2593 τῷ
2582 2521 3027 2592 ἐπικαθεζομένῳ
3050 2523 3113 2593 τῇ
3133 2521 3239 2593 ὄνῳ
3264 2521 3356 2574 καὶ
3382 2521 3460 2591 τῷ
3482 2521 3666 2591 πώλῳ.
3705 2523 3793 2574 Ἐν

2211 2616 2275 2684 τῇ
2304 2614 2405 2685 ὀδῷ
2435 2613 2614 2668 τοίνυν
2639 2613 2757 2667 καθ’
2786 2608 2966 2684 ἣνῆγε
2987 2612 3083 2684 τὴν
3112 2612 3231 2666 ὄνον
3261 2614 3353 2666 καὶ
3374 2615 3463 2666 τὴν
3486 2612 3663 2666 πῶλον
3700 2612 3793 2665 ἐπὶ

2206 2705 2275 2757 τὰ
2320 2706 2383 2757 Ἰε
2395 2705 2686 2776 ροσόλυμα,
2727 2703 3006 2775 ἔστρωσαν
3036 2701 3102 2756 τὰ
3122 2701 3328 2755 ἑαυτῶν
3361 2702 3550 2772 ἱμάτια
3578 2704 3607 2754 6
3634 2700 3793 2753 πλεῖς

2209 2814 2331 2862 στος
2364 2797 2539 2868 ὄχλος,
2573 2798 2660 2850 ἴνα
2690 2795 2950 2868 καθαροῖς
2988 2796 3091 2867 γῆς
3137 2795 3232 2848 καὶ
3286 2795 3489 2865 γηΐνων
3522 2793 3793 2865 πραγμά-

2206 2904 2315 2938 των
2373 2887 2477 2939 καὶ⁴
2514 2885 2779 2956 μηδαμῶς
2832 2884 3011 2956 ἔχουσι
3061 2883 3337 2955 κονιορτὸν
3379 2885 3412 2954 ἡ
3472 2882 3592 2946 ὄνος
3638 2882 3793 2934 καὶὸ

2207 2976 2384 3039 πῶλος
2409 2975 2571 3046 ἐπιϐῇ
2601 2978 2666 3049 τῇ
2697 2974 3071 3047 Ἰερουσαλήμ.
3105 2974 3213 3027 Καὶ
3243 2974 3422 3044 τρίτον
3450 2972 3505 3025 δέ
3527 2988 3580 3025 τι
3600 2972 3795 3042 τάγμα

2206 3068 2265 3127 τὸ
2305 3067 2453 3137 παρὰ
2481 3068 2607 3130 τοὺς
2644 3066 2736 3118 δύο
2768 3065 3014 3137 μαθητὰς
3076 3065 3170 3119 καὶ
3227 3064 3317 3117 τὸν
3360 3061 3793 3135 ὑποστρώσαντα

2205 3159 2453 3212 πλεῖστον
2484 3158 2639 3227 ὄχλον
2669 3159 2737 3210 τὰ
2770 3157 2963 3228 ἱμάτια
2992 3159 3049 3210 ὲν
3081 3159 3145 3227 τῇ
3175 3155 3280 3225 ὁδῶ
3307 3155 3402 3210 νῦν
3424 3154 3788 3209 κατείλεκταιο

2204 3251 2351 3308 ἄλλοι
2407 3250 2517 3319 γὰρ
2576 3249 2885 3320 ὡραιότητα
2936 3247 3282 3319 περιεποίουν
3346 3248 3412 3316 τῇ
3467 3245 3573 3315 όδῴ
3618 3244 3688 3297 δι’
3724 3239 3792 3316 ῆς

2203 3342 2402 3395 ὥδευεν
2441 3340 2534 3393 ἐπὶ
2562 3338 2629 3392 τὰ
2664 3338 3008 3409 Ἰεροσόλυμα
3037 3340 3065 3391 6
3099 3336 3305 3408 Ἰησοῦς
3337 3335 3629 3406 ὀχούμενος
3676 3338 3791 3397 τοῖς

2205 3434 2641 3509 προειρημένοις
2678 3435 2712 3503 ἡ
2741 3432 2795 3484 δὲ
2826 3430 3095 3501 ὡραιότης
3135 3426 3222 3500 ἦν,
3272 3430 3623 3500 κοπτομένων
3640 3428 3788 3482 κλά-

2202 3529 2307 3586 δων
2364 3526 2471 3580 ἀπὸ
2506 3525 2736 3596 δένδρων
2776 3524 2869 3578 καὶ
2913 3522 3334 3595 στρωννυμένων
3390 3524 3522 3592 παρ’
3547 3521 3790 3591 ἑκάτερα

2202 3618 2310 3672 τῶν
2335 3616 2695 3687 ἐστρωμένων
2731 3614 2980 3685 ἱματίων·
3012 3614 3059 3665 εί
3088 3613 3162 3683 μὴ
3189 3613 3295 3683 ἄρα
3325 3611 3485 3665 τοῦτο
3524 3611 3788 3683 τέταρτον

2200 3711 2383 3781 τάγμα
2416 3706 2503 3780 ἦν’
2542 3708 2690 3761 ἄλλοι
2747 3705 2856 3777 γὰρ
2903 3707 2953 3759 οἱ
3004 3705 3219 3768 λύοντες
3266 3704 3525 3775 μαθηταὶ,
3575 3704 3782 3775 ἆλληή

2198 3802 2432 3873 λυομένη
2466 3800 2585 3865 ὄνος
2613 3800 2705 3859 καὶ
2735 3801 2763 3852 ὁ
2814 3801 2930 3869 μετ’
2961 3798 3128 3875 αὐτῆς
3183 3796 3379 3860 πῶλος,
3424 3799 3519 3851 καὶ
3550 3797 3729 3867 τρίτοι
3755 3797 3805 3854 ἂν

516 3533 632 3571 ram
664 3521 869 3587 sparsis
903 3532 1160 3593 acceptus
1188 3524 1508 3580 referendus
1539 3534 1659 3580 erat
1685 3544 1696 3579 :
1729 3526 1831 3581 nisi
1862 3526 2094 3583 fortasse

513 3621 704 3680 quarta
743 3612 857 3669 haec
906 3616 1105 3672 cohors
1141 3615 1343 3683 fuerit;
1380 3618 1471 3672 alii
1504 3620 1704 3689 quippe
1738 3628 1895 3674 erant
1927 3620 2093 3675 disci-

514 3704 623 3773 puli
653 3706 924 3762 Solventes
949 3725 964 3774 ;
992 3708 1099 3763 alia
1123 3709 1299 3765 soluta
1328 3711 1505 3775 asina,
1538 3719 1592 3766 et
1621 3727 1745 3765 cum
1776 3727 1839 3766 ea
1872 3712 2085 3781 pullus;

511 3796 653 3851 tertii
694 3814 878 3869 porro,
912 3800 1146 3871 plurima
1188 3803 1382 3869 turba;
1415 3812 1464 3857 et
1495 3804 1678 3874 quarti
1710 3804 1951 3867 (lenium,
1993 3804 2087 3874 qui

1704 3922 1936 3978 VETUS
1976 3917 2562 3979 lNTERPRETATlO.

509 4030 952 4114 i_n_Hierusalem,
998 4039 1092 4107 qui
1123 4047 1177 4091 et
1218 4038 1317 4105 ipsi
1361 4037 1598 4114 fructum
1634 4038 1999 4114 susceptionis
2031 4037 2232 4114 Christi
2284 4032 3303 4114 demonstraverunt,vestimentasua
3335 4041 3389 4114 et
3432 4049 3777 4103 quaecunque

462 4158 479 4169 ,
512 4101 819 4159 habuerunt
848 4101 1167 4160 ornamenta
1202 4101 1503 4169 sternentes
1543 4109 1593 4160 iu
1627 4109 1710 4161 via
1744 4101 1837 4176 per
1869 4124 2033 4176 quam
2081 4110 2235 4160 asina
2278 4107 2566 4166 transibat,
2599 4105 2852 4176 videlicet
2868 4111 2933 4176 ut
2959 4103 3160 4176 mUnde
3199 4101 3536 4176 incedentes,
3565 4101 3773 4159 terram

472 4230 477 4235 Α
509 4182 1141 4247 etreruurterrenarum
1171 4179 1445 4247 pulverem
1486 4171 1827 4246 nequaquam
1867 4171 2207 4245 contingant,
2243 4177 2326 4228 vel
2356 4176 2635 4247 patiantur
2666 4174 2719 4228 in
2751 4177 2835 4226 via
2866 4174 2954 4227 illa
2990 4189 3096 4247 qua
3124 4173 3176 4226 in
3203 4171 3774 4247 Hierusalemaseem

508 4241 728 4317 dobant.
759 4244 1064 4317 Ettertium
1096 4241 1290 4315 agmen
1337 4257 1459 4317 post
1502 4241 1799 4316 discipulos
1848 4257 1904 4301 et
1937 4241 2226 4316 plurimam
2265 4241 2476 4317 turbam
2512 4253 2855 4317 sternentem
2888 4245 3206 4317 vestimenta
3241 4258 3360 4305 sua,
3382 4243 3773 4317 introducitur,

506 4313 599 4378 qui
632 4313 1086 4393 pulchritudinem
1119 4310 1358 4384 aliquam
1396 4318 1575 4393 itineri
1609 4310 1897 4393 iaciebant.
1922 4310 2018 4387 per
2040 4319 2182 4393 quod
2218 4314 2753 4393 proﬁciscebaturni'n
2787 4312 3122 4393 ﬂieriisalem
3154 4310 3337 4393 Iesus.
3382 4310 3564 4393 Turba
3590 4324 3773 4393 autem

505 4398 629 4450 qum
651 4387 1010 4456 praecedebat,
1043 4395 1099 4440 et
1128 4381 1248 4454 quae
1282 4388 1630 4456 sequebatur,
1678 4381 1983 4441 clamabant
2034 4381 2311 4440 dicenti-:5:
2349 4404 2365 4433 ι
2394 4384 2618 4438 Osanna
2648 4383 2757 4456 lilio
2786 4381 2952 4456 David
2985 4401 2998 4435 :
3034 4382 3356 4456 Benedictus
3394 4385 3488 4451 qui
3531 4385 3681 4456 venit
3720 4384 3772 4437 in

513 4453 979 4533 noti-tincﬁoniini
1017 4474 1029 4509 :
1067 4452 1284 4533 Osanna
1319 4452 1373 4510 in
1404 4458 1653 4511 excelsis.
1698 4478 1715 4509 ι
1747 4459 1813 4533 lit
1842 4457 2212 4533 praecedentes
2245 4455 2464 4524 quidem
2500 4464 2626 4533 ante
2656 4452 2848 4533 ΖΙιξειιιη
2893 4453 3146 4533 dicentur
3178 4452 3269 4533 qui
3309 4462 3451 4533 ante.
3479 4453 3769 4533 adventum

504 4522 706 4579 Christi
735 4522 953 4579 fuerunt
980 4526 1151 4579 sancti
1189 4528 1481 4595 prophetm,
1512 4528 1758 4580 ctc:clet'i
1784 4522 1918 4595 ju'sti
1951 4522 2277 4594 :sequentes
2304 4536 2507 4583 autem,
2535 4525 2623 4593 qui
2653 4524 2870 4576 fuerunt
2899 4531 3017 4592 post
3040 4522 3523 4592 adventumjpsius
3539 4522 3770 4592 apostoli

575 4645 654 4711 (9)
694 4644 801 4698 Καὶ
836 4644 936 4698 ἵνα
971 4644 1439 4713 κεκοσμημένοις
1467 4644 1539 4713 τῇ
1573 4645 1689 4711 ὄνῳ
1721 4646 1813 4699 καὶ
1852 4645 1929 4711 τῷ
1963 4646 2083 4697 πώς

2205 4644 2416 4699 loeendi
2460 4643 2671 4697 videtur
2705 4642 2994 4707 tribuisse;
3035 4642 3115 4695 sic
3141 4641 3282 4696 enim
3321 4642 3410 4696 ille
3440 4643 3575 4698 locis
3607 4658 3766 4712 supra

501 4718 590 4781 ,ίῳ
617 4715 743 4792 τοῖς
764 4714 1056 4792 ἐνδύμασι
1083 4712 1199 4766 τῶν
1223 4712 1906 4792 διδαξάι’τέω-μειθῃτῶν.
1950 4714 2081 4792 item

2205 4716 2426 4792 laudatis
2446 4733 2475 4767 τ
2519 4733 2536 4766 ι
2569 4713 2828 4792 Ut_super
2859 4721 3081 4792 ornatos
3110 4713 3351 4771 vestibus
3378 4713 3765 4792 discipulorum

503 4786 666 4856 paulo
706 4794 827 4856 post
856 4803 870 4839 :
902 4785 1062 4856 Ἀλλὰ
1106 4788 1216 4848 τοῖς
1249 4785 1345 4856 μὲν
1364 4788 1434 4856 ἐκ
1459 4785 1565 4856 τῶν
1598 4782 1923 4856 διδαξάντων
1958 4787 2085 4855 ίμα-

2205 4785 2416 4856 Dhrisri,
2450 4804 2467 4834 ι
2507 4794 2611 4856 etc.
2644 4785 2774 4836 Item
2804 4802 2875 4856 :__c
2907 4782 3171 4856 Quoniam
3206 4782 3649 4856 unumquemque
3681 4782 3767 4856 di-

502 4853 636 4926 τίοις
668 4853 901 4926 ἐπιθεῖσι
932 4858 997 4926 τῇ
1031 4855 1137 4924 ὄνῳ
1167 4852 1381 4926 καῖοτῷ
1426 4855 1608 4925 πώλῳ,
1640 4865 1767 4913 νιν..
1802 4855 1910 4908 τῶν
1942 4852 2084 4908 διδα-

2205 4855 2526 4926 seipulorum
2554 4855 2780 4907 decebat
2802 4853 3005 4926 aliquid
3030 4852 3251 4926 Christo
3273 4852 3537 4926 conferre.
3570 4852 3596 4905 ⁷»
3624 4853 3767 4906 Asti-

505 4921 730 4996 ξάντων,
762 4922 814 4975 id
867 4921 1163 4996 esteorum
1205 4926 1296 4995 qui
1336 4921 1613 4996 [ii-receptis
1642 4926 1852 4979 asinam
1886 4937 1938 4979 et
1964 4928 2083 4996 pul-

502 4994 639 5065 lum.
667 4994 1136 5065 circumcisioneui
1167 4994 1446 5061 nimirum,
1465 5004 1751 5065 etgentcs,
1777 4997 1890 5049 sive
1917 4994 2081 5065 quos-

502 5064 632 5133 libct
662 5062 873 5133 Christi
893 5072 1135 5119 vectores
1154 5067 1492 5119 ermlierunt.
1511 5062 1794 5133 Origenes,
1826 5062 1973 5121 boui.
2006 5067 2072 5119 57

502 5135 557 5205 in
585 5132 766 5205 Luc._:
800 5151 816 5181 ι
849 5130 1072 5205 Solutus
1121 5150 1148 5188 a
1198 5134 1481 5205 discipulis
1518 5130 1707 5191 asinus
1756 5146 1810 5190 et
1859 5145 2079 5205 portans

496 5203 709 5267 Jesum,
730 5202 928 5257 incedit
956 5218 1118 5272 super
1134 5202 1450 5260 vestimenta
1481 5202 1877 5275 apostolorum,
1903 5223 2078 5275 quan-

500 5276 571 5328 do
604 5275 913 5346 doctrinam
941 5288 1129 5327 eorum
1178 5276 1420 5329 imitatur
1448 5285 1501 5329 et
1522 5274 1720 5330 ivitam.
1754 5296 1771 5327 ι
1814 5274 2077 5346 Hierony-

503 5362 627 5400 mus
660 5364 674 5399 :
711 5362 731 5396 ι
766 5342 946 5414 Vestis
998 5353 1177 5398 autem
1232 5346 1550 5414 apostolica,
1581 5346 1664 5401 vel
1695 5347 1941 5400 doctrina
1972 5342 2082 5399 vir-

502 5426 701 5487 tutum,
733 5413 1139 5487 velqedissertio
1168 5413 1572 5485 Scripturarum
1607 5417 1830 5487 intelligi
1863 5426 2036 5485 potest
2063 5435 2077 5479 ;

502 5486 616 5555 sive
641 5485 1136 5541 ecclesiasticarum
1179 5488 1490 5553 dogmatum
1535 5485 1844 5550 varietates,
1881 5488 2080 5555 quibus

503 5554 607 5607 nisi
639 5556 821 5609 anima
845 5555 1110 5610 instructa
1150 5555 1330 5620 fuerit,
1364 5566 1419 5610 et.
1444 5566 1656 5621 ornata,
1687 5554 1954 5611 sessorem
1985 5557 2082 5609 ha-

503 5622 634 5675 bere
667 5623 951 5679 Dominum
991 5641 1097 5679 non
1135 5625 1498 5679 mereturaAt
1532 5635 1686 5679 vetus
1724 5625 1973 5693 Origrnis
2002 5626 2085 5677 in-

507 5701 716 5757 terpres
738 5692 833 5759 τῷ,
851 5694 1194 5760 διδαξάντων,
1213 5695 1662 5763 signiﬁcationem
1686 5692 1947 5758 discendi,
1980 5710 2086 5749 non

2190 4922 2408 4994 putatur
2426 4923 2685 4994 Origenes
2709 4922 3110 4994 caunlein‘hauc
3127 4922 3411 4978 historiam
3437 4924 3763 4994 edisserens,

2192 4990 2325 5049 tum.
2363 5011 2416 5048 χι
2449 5000 2503 5047 in
2528 4990 2696 5045 ζΙοαη.
2734 5012 2756 5043 .·
2783 4990 2913 5045 Οἶδα
2943 4991 2999 5043 δέ
3028 5007 3186 5064 τινας
3209 4994 3305 5063 τὴν
3342 4993 3443 5064 μὲν
3479 4993 3761 5064 δεδεμένην

2188 5066 2307 5117 ὄνον
2332 5064 2679 5133 ἐξειληφότας
2698 5063 2822 5125 τοὶς
2843 5065 2904 5114 ὲκ
2930 5062 3226 5133 περιτομῆς
3248 5061 3618 5133 πιστεύοντας,
3641 5061 3763 5133 πολ-

2185 5134 2294 5188 λῶν
2319 5131 2535 5206 δεσμῶν
2562 5133 2668 5206 ύπὺ
2692 5132 2799 5206 τῶν
2823 5131 3069 5206 ⁸γνησίως
3096 5131 3172 5201 τῷ
3198 5132 3355 5206 ᾼόγῳ
3382 5132 3761 5206 πνευματικῶς

2186 5201 2681 5278 μεμαθητευμένων
2715 5201 3145 5278 ἀπολυομένουςο
3180 5202 3272 5278 τὸν
3314 5201 3372 5278 δέ
3421 5201 3600 5278 πῶλον
3635 5203 3762 5278 τοὺς

2184 5271 2293 5329 ante
2315 5271 2422 5328 τῶν
2449 5271 2635 5339 ἐθνῶν,
2668 5282 2770 5327 etc.
2803 5271 2970 5334 Idem,
3006 5272 3151 5324 hom.
3184 5272 3219 5325 2
3244 5274 3298 5325 in
3327 5274 3564 5328 Cantia.-
3584 5294 3602 5325 ι
3633 5273 3760 5325 Bea-

2185 5356 2252 5400 ta:
2284 5355 2411 5400 sunt
2439 5345 2541 5399 illa:
2570 5345 2765 5398 aniuue
2791 5358 2913 5411 qua:
2941 5343 3164 5411 dorsum
3196 5358 3357 5397 suum
3377 5353 3754 5401 curvaverant.

2185 5425 2245 5486 ut
2290 5415 2590 5486 suscipiant
2620 5410 2903 5486 sessorem
2941 5410 3178 5465 Verbum
3225 5412 3317 5467 Dei
3349 5430 3534 5486 super
3582 5430 3659 5486 se,
3693 5422 3759 5486 et

2184 5485 2335 5539 frena
2368 5482 2487 5554 ejus
2526 5484 2825 5553 patiuntur,
2862 5491 2921 5554 ut
2966 5498 3295 5554 quocunque
3347 5485 3461 5552 ipse
3508 5482 3756 5544 voluerit,

2190 5558 2368 5609 ﬂectat
2402 5553 2518 5613 eas,
2554 5564 2607 5607 et
2637 5562 2761 5625 agat
2794 5553 3016 5625 habenis
3047 5564 3434 5625 praceptorum
3466 5567 3704 5625 suorum.
3731 5568 3754 5600 ι

2191 5626 2350 5680 Certe
2388 5643 2417 5678 a
2449 5622 2702 5686 διδάσκω,
2731 5623 3085 5693 vocabulum_
3121 5641 3137 5670 ι
3187 5622 3341 5678 disco
3372 5643 3389 5675 ι
3440 5622 3756 5693 proﬂuxisse

2196 5696 2487 5753 verisimile
2518 5704 2599 5751 est
2634 5714 2646 5750 :
2678 5694 2771 5750 scd
2802 5692 3003 5764 ἐπέχω.
3044 5690 3304 5747 ΙΙιιετιυε.
