4074 6300
273 364 303 420 1
318 365 460 422 457
1280 363 1636 420 COMMENT.
1674 363 1739 420 ΙΝ
1782 363 1896 417 MA'.

2004 322 2197 420 Lacu
2241 361 2477 417 TOMUS
2519 357 2657 413 XVI.
3438 359 3579 415 ms

273 478 572 541 πλεῖστος
601 476 776 549 ὄχλος,
810 479 903 532 καὶ
922 478 1173 549 τέταρτοι
1204 481 1251 530 οἱ
1301 479 1590 542 κόπτοντες
1614 478 1737 542 τοὺς
1769 477 1896 530 κλά-

2007 492 2190 530 ramos
2218 475 2285 529 ab
2314 471 2601 529 arboribus
2643 469 3017 539 amputabant,
3053 479 3106 525 et
3134 470 3187 525 in
3212 473 3298 525 via
3330 469 3566 528 subster-

272 570 434 636 δους
470 570 581 624 ἀπὸ
640 569 746 623 τῶν
777 569 1007 640 δένδρων
1037 570 1131 622 καί¹
1193 568 1558 640 στρωννύντες
1591 570 1647 621 ὲν
1679 571 1745 639 τῇ
1777 566 1896 637 ὁδῷ.

2011 568 2228 622 nebant.
2262 565 2521 632 Quintam
2553 569 2834 633 prmterea,
2864 567 2915 612 et
2956 565 3166 614 sextam
3197 559 3473 613 cohortem
3511 575 3578 614 ex

276 662 442 716 Νόει
461 661 523 714 δέ
548 678 638 732 μοι
653 661 761 715 ἀπὸ
790 660 994 715 τούτων
1028 663 1124 714 καὶ
1148 661 1396 732 πέμπτον
1421 661 1515 714 καὶ
1539 660 1692 712 ἕκτον
1721 660 1896 729 τάγμα

2007 658 2074 713 iis
2106 656 2200 726 qui
2239 654 2423 710 Jesum
2452 652 2849 724 praecedebant,
2876 650 3080 720 quique
3108 649 3582 718 subsequebantur

2009 746 2293 802 conﬂatam
2330 748 2432 799 hoc
2458 745 2580 800 loco
2610 743 2946 798 observazet
2979 755 3104 797 vero
3127 740 3221 808 qni
3248 740 3579 809 praecedunt,

2007 856 2071 894 ex
2105 838 2308 893 sanctis
2339 836 2570 892 fortasse
2598 844 2653 891 et
2686 834 2966 906 prophetis
2995 833 3089 903 qui
3119 843 3246 887 ante
3289 833 3579 886 adventum

2005 932 2280 996 vixerunt,
2318 930 2574 986 collectos
2622 943 2741 984 esse
2799 928 2984 995 dices;
3029 925 3123 996 qui
3173 924 3585 993 subsequuntur

2008 1034 2211 1090 autem,
2237 1040 2301 1080 ex
2340 1023 2527 1094 justis,
2557 1023 2637 1077 vel
2685 1020 2889 1076 Christi
2924 1018 3189 1089 apostolis
3220 1017 3313 1088 qui
3336 1029 3460 1088 post
3487 1019 3583 1071 ad-

2006 1127 2228 1172 ventum
2274 1116 2512 1171 Verbum
2556 1115 2812 1172 assectati
2860 1122 3007 1169 sunt.
3052 1111 3440 1166 Verumtamen
3473 1126 3583 1164 non

2008 1210 2112 1264 alia
2146 1208 2533 1279 praecedentes,
2570 1208 2674 1261 alia
2713 1222 2840 1261 vero
2870 1205 3265 1274 subsequentes
3311 1202 3583 1270 dicebant,

2007 1316 2119 1356 uno
2160 1300 2303 1355 enim
2355 1314 2450 1353 ore
2501 1299 2644 1353 haud
2675 1313 2831 1354 secus
2863 1312 2927 1352 ac
2961 1311 3192 1352 concors
3224 1304 3277 1350 et
3310 1308 3586 1350 consonus

2007 1393 2209 1447 chorus
2261 1389 2570 1446 clamabant
2604 1403 2817 1454 omnes,
2845 1396 2902 1443 et
2931 1386 3238 1442 Servatoris
3273 1386 3584 1440 humanita—

2010 1489 2115 1534 tem
2140 1480 2225 1534 his
2251 1480 2430 1535 verbis
2459 1479 2893 1535 celebrabant“:
2920 1498 2939 1529 ι
2964 1476 3186 1533 Osanna
3206 1475 3316 1531 lilio
3329 1475 3530 1543 David;
3556 1496 3575 1528 ο

277 752 740 823 κατειλεγμένον
773 751 880 804 τῶν
907 752 998 805 τὸν
1046 751 1253 822 Ἰησοῦν
1283 752 1651 822 προαγόντων,
1677 750 1770 803 καὶ
1797 749 1904 803 τῶν

277 843 762 899 ἀκολουθούντων
811 843 995 914 αὐτῷ·
1059 842 1155 896 καὶ
1216 844 1556 914 προάγοντας
1635 843 1733 912 μὲν
1799 844 1903 911 φή-

286 949 429 997 σεις
463 932 578 1005 (10)
626 932 735 986 ἀπὸ
761 931 870 987 τῶν
900 932 1006 1003 πρὸ
1030 933 1131 1003 τῆς
1181 933 1480 1005 παρουσίας
1528 928 1667 986 εἶναι
1715 935 1779 986 ἐκ
1808 931 1903 985 τοῦ

282 1024 448 1079 λαοῦ
484 1025 730 1090 δικαίων,
762 1025 904 1095 τάχα
929 1024 1024 1078 καὶ
1054 1023 1365 1097 προφητῶψ
1400 1024 1820 1087 ἀκολουθοῦντας
1849 1023 1905 1076 δὲ

281 1118 442 1181 τυὲς
475 1116 586 1171 ἀπὸ
641 1116 751 1169 τῶν
791 1116 927 1186 μετά
984 1115 1083 1187 τήν
1136 1117 1439 1188 παρουσίαν
1495 1117 1773 1188 ἑπομένων
1825 1114 1906 1186 τῷ

281 1207 501 1278 Λόγῳ,
537 1206 632 1260 καὶ
669 1203 1106 1258 ἀκολουθούντων
1158 1204 1328 1276 αὐτῷ,
1381 1204 1492 1257 εἴτε
1543 1204 1766 1258 δικαίων
1794 1201 1904 1254 είτε

282 1300 405 1355 καὶ
438 1300 761 1356 ἀποστόλων
793 1296 1055 1370 Χριστοῦ.
1116 1296 1263 1369 Πλὴν
1294 1298 1395 1351 οὐκ
1424 1296 1557 1351 ἄλλα
1595 1297 1694 1367 μὲν
1721 1295 1903 1363 ἔλεγον

283 1394 344 1446 οἱ
387 1393 759 1465 προάγοντες,
790 1390 923 1446 ἄλλα
978 1389 1034 1443 δὲ
1072 1390 1123 1443 οἰ
1176 1388 1614 1456 ἀκολουθοῦντες
1673 1385 1905 1459 ἔκραζον

283 1482 422 1552 γὰρ
460 1481 661 1543 πάντες
690 1479 805 1550 ἅμα
839 1476 912 1541 ὡς
945 1476 1105 1550 χορὸς
1155 1476 1398 1547 συνᾴδων
1450 1476 1543 1530 καὶ
1591 1474 1901 1545 σύμφωνος,

288 1575 407 1628 καὶ
449 1573 633 1641 ἔλεγον
660 1574 753 1627 καὶ
791 1571 852 1626 τὸ
891 1570 1226 1643 ἀνθρώπινον
1266 1569 1561 1641 ὑμνοῦντες
1592 1568 1683 1623 τοῦ
1721 1567 1905 1637 Σωτῆ-

292 1682 407 1735 ρος
445 1666 503 1718 ὲν
535 1664 633 1736 τῷ’
672 1683 691 1716 ι
727 1662 958 1717 Ὡσαννά
980 1661 1058 1732 τῷ
1085 1661 1186 1732 υἱῷ
1220 1661 1432 1716 Δαυῖδ’›
1472 1662 1565 1715 καὶ
1596 1660 1697 1731 τὴν
1724 1659 1904 1713 δευτέ-

287 1775 418 1828 ραν
446 1756 611 1812 αὐτοῦ
642 1755 953 1828 ἐπιδημίαν·
1004 1774 1021 1805 ι
1048 1753 1423 1825 Εὐλογημένος
1454 1757 1481 1807 6
1510 1753 1803 1824 ἐρχόμενος
1845 1753 1903 1805 ὲν

2008 1579 2064 1625 at
2092 1569 2386 1625 secundum
2425 1570 2598 1640 ipsius
2635 1570 2950 1637 adventum,
2992 1568 3096 1623 hoc
3143 1569 3387 1639 hymno:
3425 1585 3444 1618 ι
3483 1566 3582 1622 Be-

2009 1662 2258 1718 nedictus
2291 1662 2383 1732 qui
2420 1662 2566 1716 venit
2597 1661 2653 1716 in
2680 1661 2900 1715 nomine
2932 1658 3187 1725 Domini;
3220 1679 3238 1711 ι
3277 1659 3582 1714 restitutio~

2010 1768 2133 1808 nem
2178 1761 2357 1807 autem
2388 1752 2508 1823 ejus
2553 1751 2608 1806 in
2638 1758 2826 1807 sancta
2868 1749 3112 1807 dicentes
3155 1769 3169 1804 :
3207 1768 3227 1801 ι
3273 1747 3492 1805 Osanna
3527 1748 3581 1803 in

292 1845 546 1919 ὀνόματι
572 1847 831 1917 Κυρίουοι
869 1845 966 1898 κιιί⁵
994 1845 1092 1916 τὴν
1123 1844 1203 1906 εἰς
1254 1844 1323 1897 τὰ
1353 1843 1483 1913 ἆγια
1512 1842 1896 1896 ἀποκατάστα-
1931 1852 1973 1906 Β
2001 1843 2249 1899 excelsis.
2289 1861 2308 1894 ι

296 1955 399 1991 σιν
430 1941 490 1992 ὲν
517 1937 614 2009 τῷο
653 1958 671 1989 ι
708 1937 937 1992 Ὡσαννά
969 1937 1027 1989 ὲν
1065 1939 1178 2001 τοῖς
1206 1935 1467 2005 ὑψίστοις.
1497 1956 1514 1987 ι

382 2029 607 2083 Τούτων
637 2028 701 2100 δὴ
730 2029 838 2082 τῶν
885 2027 1051 2099 τριῶν
1078 2028 1439 2099 ὲκφωνήσεων
1464 2026 1770 2097 λεγομένων
1799 2025 1903 2078 ὑπὸ

298 2115 419 2189 τῆς
448 2119 767 2189 συμφωνίας
797 2117 904 2171 τῶν
936 2117 1285 2188 προαγόντων
1344 2116 1438 2170 καὶ
1471 2114 1904 2169 ἀκολουθούντων

298 2209 394 2281 τῷ
443 2207 640 2280 Ἰησοῦ,
670 2209 698 2261 6
734 2208 836 2279 μὲν
869 2207 1040 2278 εἰσῄει
1070 2211 1150 2272 εἰς
1175 2207 1244 2261 τὰ
1269 2206 1497 2278 ἀληθινὰ
1534 2206 1897 2278 Ἰεροσόλυμα·

302 2297 646 2365 ξενισθεϊσαι
672 2298 729 2352 δὲ
761 2298 816 2351 αἰ
839 2297 1087 2369 οὐράνιαι
1111 2297 1387 2368 δυνάμεις,
1429 2299 1629 2359 αἵτινες
1657 2295 1902 2365 λέγονται

304 2391 471 2446 πᾶσα
493 2386 633 2444 εἶναι
665 2392 699 2461 ή
754 2389 928 2453 πόλις,
986 2388 1242 2457 ἔφασκον·
1282 2407 1299 2438 ι
1346 2388 1442 2450 Τίς
1473 2390 1619 2440 ἐστιν
1645 2382 1833 2451 οῦτοςς
1877 2407 1895 2439 ›

302 2480 579 2548 ἀνάλογον
597 2475 710 2543 τοῖς
732 2478 1182 2550 προφητευθεῖσιν
1210 2482 1267 2532 ἐν
1302 2478 1384 2547 κγ’
1417 2478 1618 2550 ψαλμῷ
1651 2480 1778 2551 περὶ
1802 2481 1903 2550 τῆς

302 2571 636 2644 ἀναλήψεως
663 2572 758 2625 τοῦ
786 2571 1056 2642 Σωτῆρος,
1089 2571 1184 2625 καὶ
1208 2570 1300 2623 τοῦ
1332 2569 1584 2642 ξενισμοῦ
1611 2570 1718 2625 τῶν
1742 2573 1903 2643 ούρα-

306 2662 449 2715 νεων
482 2662 764 2732 δυνάμεων
799 2660 1156 2733 ξενιζομένων
1202 2660 1296 2714 ἐπὶ
1354 2661 1432 2732 τῷ
1466 2660 1639 2732 καινῷ
1673 2661 1765 2715 τοῦ
1798 2680 1902 2715 σω-

312 2751 554 2822 ματικοῦ
591 2751 755 2806 αὐτοῦ
782 2753 1058 2823 ὀχήματος
1090 2751 1342 2823 θεάματι.
1379 2754 1532 2824 Ἔχει
1557 2752 1613 2807 δὲ
1642 2752 1816 2817 οὕτως
1843 2756 1900 2806 ὲν

308 2841 397 2912 τῷ
427 2842 645 2914 ψαλμῷ·
688 2861 708 2894 ι
736 2843 937 2915 Ἄρατε
971 2843 1165 2907 πύλας,
1190 2845 1241 2897 οί
1273 2844 1552 2916 ἄρχοντες,
1581 2844 1753 2914 ὑμῶν,
1808 2845 1900 2898 καὶ

306 2934 615 3004 ἐπάρθητε,
646 2933 812 2988 πύλαι
862 2933 1090 2999 αἰώνιοι,
1150 2936 1243 2989 καὶ
1294 2935 1658 2989 εἰσελεύσεται
1684 2936 1711 2987 6
1735 2936 1899 2988 Βασι-

304 3023 439 3088 λεὺς
466 3026 563 3097 τῆς
594 3025 772 3095 δόξης,
814 3046 832 3078 ι
888 3028 982 3080 καὶ
1025 3027 1093 3081 τὰ
1125 3027 1272 3097 ἑξῆς.
1316 3027 1425 3080 Καὶ
1469 3028 1526 3079 ὲν
1587 3027 1787 3099 Ἡσαΐᾳ
1841 3028 1899 3081 δὲ

305 3114 674 3185 παραπλήσια
701 3115 1108 3186 προφητεύεται
1135 3115 1265 3187 περί¹
1288 3116 1387 3186 τῆς
1414 3114 1555 3187 μετά
1573 3116 1671 3187 τὴν
1692 3118 1895 3169 οἰκονο-

309 3208 444 3279 μίαν
475 3206 661 3261 ἀνόδου
682 3207 774 3261 τοῦ
791 3208 1065 3280 Σωτῆρος·
1085 3209 1396 3279 γέγραπται
1418 3208 1548 3279 γάρ’
1580 3226 1599 3258 ι
1624 3207 1720 3271 Τίς
1743 3202 1895 3271 οὗτος

302 3301 335 3355 6
370 3300 814 3372 παραγενόμενος
846 3298 907 3365 ἐξ
951 3299 1150 3371 Ἐδὼμ,
1174 3298 1428 3373 ἐρύθημα
1465 3299 1697 3369 ἱματίων
1730 3298 1897 3352 αὐτοῦ

302 3392 373 3446 ἑκ
404 3392 594 3464 Βοσδρ,
628 3386 781 3455 οὗτος
812 3392 1010 3462 ὡραῖος
1038 3392 1096 3443 ὲν
1126 3392 1322 3463 στολῇ;
1359 3411 1378 3443 ι
1424 3390 1507 3444 Τὰ
1539 3391 1595 3444 δὲ
1628 3389 1770 3444 κατὰ
1803 3390 1894 3443 τὸν

300 3483 470 3538 τόπον
501 3483 597 3538 ὅλα
638 3485 732 3537 καὶ
772 3483 837 3536 σὺ
866 3483 1070 3555 δυνήσῃ
1108 3482 1508 3554 ἀναλεξάμενος
1535 3482 1890 3551 κατανοῆσαι,

299 3576 356 3633 τί
387 3591 449 3630 τε
492 3576 737 3647 λέγουσιν
774 3578 829 3631 αἱ
861 3573 1202 3646 ξενιζόμεναι
1243 3576 1501 3646 δυνάμεις
1536 3574 1629 3627 ἐπὶ
1671 3574 1771 3643 τῆς
1798 3573 1892 3627 τοῦ

303 3666 579 3739 σωτηρίου
624 3665 876 3736 σώματος
903 3663 1112 3728 ἀνόδου,
1139 3664 1235 3717 καὶ
1266 3664 1319 3718 τί
1367 3664 1556 3727 αὑταῖς
1595 3664 1891 3734 ἀποκρίνε-

298 3777 415 3813 ται.
449 3758 632 3813 Ταῦτα
655 3758 719 3829 δή
755 3774 843 3828 μοι
867 3754 1234 3828 παρείληπται
1266 3753 1573 3826 βουλομένῳ
1601 3753 1772 3808 σῶσαι
1792 3755 1891 3827 τὴν

298 3851 628 3907 ἀκολουθίαν
657 3851 756 3921 τῆς
796 3848 938 3904 κατὰ
972 3846 1071 3919 τήν
1113 3846 1333 3920 Γραφὴν
1374 3846 1749 3919 τροπολογίας,
1784 3848 1888 3914 ὅτι,

303 3960 325 3996 ι
365 3941 693 4006 εἰσελθόντος
738 3938 903 3994 αὐτοῦ
954 3939 1035 4003 είς
1072 3937 1439 4010 Ἰεροσόλυμα,
1489 3937 1704 4010 ἐσείσθη
1741 3940 1890 3993 πᾶσα

297 4035 332 4102 ἡ
386 4032 537 4095 πόλις
564 4032 797 4101 λέγουσα
821 4048 835 4062 ·
873 4031 970 4094 Τίς
1000 4033 1147 4084 ἐστιν
1187 4023 1373 4095 οὗτος;
1406 4048 1424 4081 ι
1456 4029 1610 4083 Μετά
1642 4029 1700 4083 δὲ
1733 4030 1890 4086 τοῦτο

296 4120 434 4193 ἑξῆς
469 4122 800 4193 γέγραπται,
847 4121 928 4175 ὅτι
975 4120 1161 4174 πολλοὶ
1197 4117 1413 4187 ἔλεγον·
1472 4136 1490 4169 ι
1537 4112 1706 4183 Οὗτός
1741 4122 1890 4173 ἐστιν

310 4212 522 4282 Ἰησοῦς
546 4215 576 4266 6
607 4214 894 4285 προφήτης
917 4213 947 4266 6
979 4212 1088 4266 ἀπὸ
1118 4209 1373 4281 Ναζαρὲτ
1398 4209 1497 4280 τῆς
1521 4210 1829 4279 Γαλιλαίας,
1863 4233 1881 4265 ι

297 4304 689 4374 ὁμολογοῦντες
709 4305 800 4358 τὸν
844 4302 1312 4375 προφητευθέντα,
1348 4302 1431 4356 ὅτι
1463 4319 1482 4353 ι
1525 4300 1887 4374 όΝαξωραῖος

298 4392 655 4466 κληθήσεται,
680 4415 699 4447 ι
716 4397 744 4449 6
760 4394 962 4466 κυρίως
978 4394 1056 4465 τῷ
1075 4393 1193 4465 Θεῴ
1215 4394 1301 4448 ἀεὶ
1317 4393 1695 4465 ἀνακείμενος.
1728 4392 1887 4447 Ἀλλά

296 4484 446 4538 κατά
487 4485 584 4556 τὴν
628 4486 877 4558 διήγησιν
918 4485 1120 4557 ταύτην
1169 4485 1593 4559 περιγεγράφθω
1625 4485 1692 4537 τὰ
1744 4485 1887 4539 κατά

299 4574 394 4626 τδν
435 4572 620 4636 τόπον,
652 4576 747 4627 καὶ
773 4575 914 4645 ἀρχή
942 4592 1027 4638 τις
1067 4574 1206 4627 ἔστω
1247 4575 1439 4646 ἑτέρας
1482 4575 1788 4646 περικοπῆς
1818 4575 1887 4629 τά

303 4662 699 4733 ἐπιφερόμενα,
749 4664 837 4717 ἵνα
880 4664 953 4736 μὴ
997 4665 1375 4737 άναγκάζηταί
1429 4687 1533 4735 τις,
1594 4670 1884 4724 συνάπτων

2080 2029 2165 2085 l9.
2198 2029 2469 2084 Caeterum
2506 2029 2646 2083 hanc
2674 2025 3124 2084 exclamationem
3165 2038 3272 2079 uno
3314 2031 3580 2080 concentu

2006 2121 2322 2175 tollentibus
2362 2120 2454 2190 qui
2485 2118 2670 2174 Jesum
2720 2117 3118 2189 praecedebant,
3149 2115 3354 2184 quique
3387 2128 3583 2185 seque-

2004 2213 2222 2276 bantur,
2282 2212 2398 2282 ipse
2454 2226 2639 2267 veram
2691 2209 3088 2279 Jerosolymam
3142 2207 3420 2277 ingressus
3473 2214 3579 2259 est.

2007 2303 2332 2375 Stupel'acta:
2370 2312 2551 2359 autem
2579 2304 2805 2359 virtutes
2833 2302 3102 2364 caelestes,
3149 2314 3271 2369 qua:
3302 2308 3411 2352 tota
3459 2312 3585 2351 esse

2004 2395 2196 2450 civitas
2229 2395 2506 2458 dicuntur,
2535 2395 2754 2450 aiebant
2786 2393 2831 2426 “
2860 2407 2875 2447 :
2925 2410 2944 2443 ι
2979 2390 3110 2458 Quis
3142 2399 3226 2445 est
3273 2388 3397 2443 hic?
3436 2405 3588 2458 oper-

2007 2492 2133 2547 inde
2186 2497 2244 2543 ut
2272 2502 2395 2558 quae
2419 2489 2476 2542 in
2508 2486 2769 2557 vigesimo
2794 2485 2955 2541 tertio
2982 2483 3194 2554 psalmo
3217 2482 3283 2536 de
3331 2479 3583 2536 Servato-

2004 2580 2081 2634 ris
2109 2580 2164 2634 in
2191 2580 2331 2635 coelo
2360 2579 2687 2649 rcceptione,
2720 2586 2774 2633 et
2824 2576 3133 2633 caelestium
3178 2574 3447 2629 virtutum
3484 2584 3584 2625 no—

2002 2684 2129 2723 vum
2173 2683 2449 2739 corporeae
2498 2668 2671 2738 ipsius
2716 2675 2952 2723 vecturae
3001 2664 3374 2735 spectaculum
3412 2660 3587 2715 admi-

2003 2760 2240 2815 rantium
2297 2769 2520 2830 stupore
2578 2768 2632 2814 et
2665 2758 3076 2830 perturbatione
3124 2754 3379 2826 praedicta
3433 2760 3581 2806 sunt.

2005 2847 2097 2905 Sic
2124 2858 2305 2905 autem
2338 2849 2391 2903 in
2419 2850 2521 2904 hoc
2544 2849 2755 2919 psalmo
2775 2847 3006 2902 habetur
3029 2847 3072 2877 ‘"
3099 2863 3114 2900 :
3143 2864 3160 2896 ι
3192 2843 3437 2899 Attollite
3456 2857 3584 2911 por-

2003 2947 2105 3001 tas,
2126 2937 2420 3006 principes,
2439 2947 2672 3001 vestras,
2696 2946 2750 2991 et
2765 2936 3077 3002 elevamini,
3094 2943 3263 3005 portae
3276 2932 3583 2994 aeternales,

2000 3040 2054 3084 ct
2080 3028 2326 3084 introibit
2354 3027 2469 3083 Rex
2515 3029 2723 3099 glorize,
2757 3049 2775 3081 ›
2808 3038 2862 3083 et
2883 3044 3006 3099 qua:
3035 3038 3360 3098 sequuntur.
3388 3025 3586 3081 Consi-

2002 3121 2149 3176 mitia
2164 3119 2561 3191 quoquelsaias
2572 3120 2640 3176 de
2657 3119 2985 3187 Servatoris,
3002 3129 3124 3190 post
3143 3119 3578 3174 administratam

2001 3211 2334 3283 provinciam
2358 3211 2464 3267 sibi
2485 3211 2821 3282 impositam,
2843 3227 3078 3268 ascensu
3108 3211 3436 3266 vaticinatur
3460 3227 3475 3276 ;
3502 3210 3585 3265 sic

1997 3302 2144 3358 enim
2168 3303 2433 3374 scriptum
2449 3312 2533 3359 est
2547 3304 2614 3359 “:
2626 3324 2644 3355 ι
2657 3303 2792 3370 Quis
2808 3313 2892 3360 est
2910 3304 3012 3359 iste
3029 3304 3121 3375 qui
3148 3304 3293 3360 venit
3307 3304 3373 3359 de
3389 3301 3583 3366 Edom,

1999 3393 2159 3467 74⁵1
2181 3396 2348 3451 rubor
2368 3395 2603 3451 vestium
2624 3395 2694 3451 de
2715 3396 2904 3462 Bosra,
2939 3396 3039 3451 iste
3062 3394 3337 3451 formosus
3365 3395 3419 3450 in
3444 3395 3582 3451 stola

2000 3484 2124 3538 sua?
2163 3502 2182 3535 ι
2216 3483 2391 3555 Hujus
2423 3500 2556 3540 sane
2578 3485 2685 3541 loci
2719 3486 2961 3557 singulas
2987 3495 3170 3555 partes
3204 3486 3370 3543 simul
3415 3487 3582 3542 colle-

1997 3582 2114 3630 ctas
2150 3589 2247 3644 per
2276 3585 2328 3630 te
2368 3582 2524 3645 potes
2553 3576 2885 3647 intelligere,
2925 3593 3137 3633 necnon
3172 3579 3301 3648 quid
3336 3579 3587 3648 corporis

2003 3664 2310 3721 Servatoris
2335 3679 2625 3720 ascensum
2651 3665 2915 3721 mirantes
2943 3666 3116 3721 turbae
3139 3666 3346 3730 dicant,
3372 3675 3424 3720 et
3450 3667 3582 3737 quid

1998 3753 2246 3823 responsi
2274 3751 2470 3809 ferant.
2499 3751 2626 3808 Haec
2654 3753 2872 3824 quidem
2905 3769 2936 3809 a
2970 3769 3058 3809 me
3083 3754 3245 3810 allata
3276 3761 3422 3816 sunt,
3473 3769 3583 3825 quo

1998 3847 2313 3918 tropologiaz
2340 3845 2639 3917 Scriptura:
2672 3846 3059 3903 cohaerentiam
3101 3862 3409 3914 servarem,
3453 3848 3581 3917 quia

2001 3957 2021 3990 ‹
2049 3954 2171 3994 cum
2190 3938 2913 4012 intrassetllierosolymam,
2937 3950 3207 3997 commota
3227 3949 3311 3996 est
3332 3940 3582 3995 universa

1997 4030 2211 4095 civitas,
2235 4030 2424 4086 dicens
2453 4049 2466 4084 :
2493 4030 2627 4097 Quis
2655 4040 2740 4088 est
2773 4031 2861 4086 hic
2894 4032 2964 4084 εει
3004 4051 3023 4083 ι
3062 4030 3194 4087 Post
3215 4032 3304 4086 illa
3326 4032 3585 4102 deinceps

1996 4122 2259 4191 scriptum
2284 4130 2368 4176 est
2393 4120 2597 4177 dixisse
2626 4122 2830 4177 multos
2860 4122 2906 4155 '°
2935 4140 2949 4176 :
2980 4139 2999 4173 ι
3042 4120 3141 4176 llic
3171 4131 3255 4177 est
3270 4119 3431 4178 Jesus
3459 4137 3584 4191 pro-

1996 4212 2157 4282 pheta
2184 4228 2212 4266 a
2241 4209 2510 4266 Nazareth
2536 4212 2819 4274 Galilaem,:
2845 4228 2970 4268 eum
2995 4212 3337 4280 conﬁtentes,
3369 4213 3436 4268 de
3469 4229 3580 4284 quo

1997 4304 2047 4360 id
2076 4304 2279 4359 editum
2320 4303 2497 4360 fuerat
2536 4304 2855 4361 vaticinium
2886 4307 2930 4338 ⁷³
2980 4325 2993 4361 :
3033 4325 3051 4358 ι
3098 4306 3367 4373 Quoniam
3406 4305 3580 4362 Naza-

1994 4412 2136 4451 rzeus
2165 4396 2483 4462 vocabitur,
2535 4416 2554 4450 ›
2602 4397 2886 4468 speciatim
2916 4398 3175 4452 nimirum
3222 4396 3335 4453 Deo
3364 4413 3581 4468 semper

1996 4497 2370 4561 consecratus.
2412 4487 2503 4543 Ve.
2520 4504 2609 4543 um
2635 4488 2738 4544 hac
2764 4488 3104 4559 expositione
3131 4488 3582 4559 circumscriptus

1995 4586 2112 4632 esto
2134 4578 2288 4633 locus
2318 4578 2421 4633 iste
2456 4595 2471 4632 :
2508 4594 2631 4648 qua:
2655 4587 2837 4633 autem
2866 4579 3110 4634 subnexa
3146 4588 3310 4643 sunt,
3362 4578 3579 4632 initium

1995 4670 2123 4724 dent
2145 4669 2301 4724 alteri
2325 4671 2592 4738 membro,
2618 4687 2685 4727 ne
2706 4685 2898 4726 eorum
2922 4671 3423 4741 interpretationem
3448 4684 3581 4723 cum

303 4754 398 4810 καὶ
432 4753 531 4824 τὴν
562 4754 690 4825 περὶ
718 4755 939 4809 ἐκείνων
968 4756 1217 4827 διήγησιν
1235 4760 1349 4821 τοῖς
1373 4762 1677 4829 προτέροις,
1702 4760 1885 4831 ζητεῖν

2002 4761 2374 4832 superioribus
2403 4770 2738 4817 connectens
2766 4762 2966 4833 aliquis
2995 4763 3303 4832 disquirere
3329 4770 3581 4832 cogatur,

1506 4873 1742 4935 VETUS
1780 4877 2362 4937 INTERPRETATIO.

304 4987 1140 5076 canet-ique.fidelesjquiusecuti.
1155 4999 1285 5076 sunt
1312 4990 1549 5076 Verbum
1582 4991 1697 5076 Dei.
1724 4992 1927 5047 Tamen
1958 5009 2065 5049 non
2101 4996 2249 5076 aliud
2269 4996 2521 5054 dicebant
2546 5002 2637 5076 qui
2665 5001 3059 5076 praecedebant,
3082 5000 3228 5056 aliud
3254 5014 3434 5076 autem
3483 5007 3575 5076 qui

306 5063 705 5141 sequebantur,
742 5062 836 5112 sed
866 5073 1064 5141 omnes
1095 5059 1404 5141 clamabant
1436 5063 1662 5141 insimul
1688 5067 2447 5141 conscna_._voce,_humanam
2483 5059 2629 5138 quid:
2653 5059 2701 5125 ιὶι
2738 5072 2938 5141 Christi
2967 5059 3426 5141 dispensationem
3460 5059 3572 5131 la'u;

303 5128 496 5186 dantes
541 5130 555 5182 i
583 5149 594 5181 ι
640 5130 878 5209 ecquod
909 5128 1206 5209 dicebant:
1242 5147 1260 5179 ι
1287 5128 1511 5209 Osanna
1545 5131 1657 5209 tilio
1688 5131 1857 5186 David
1894 5132 2262 5209 :ABenedictus
2290 5138 2382 5208 qui
2406 5128 2555 5194 ven-it
2583 5140 2637 5194 in
2665 5141 2889 5197 nomine
2914 5128 3128 5197 Domini
3164 5160 3179 5198 :
3215 5163 3236 5198 ι
3274 5128 3546 5201 restitutio
3558 5174 3577 5187 -

307 5217 427 5255 nem
456 5209 637 5253 autem
681 5198 801 5267 ejus
828 5199 880 5252 in
916 5207 1126 5258 sancta.
1161 5198 1214 5252 in
1247 5214 1314 5253 eo
1336 5202 1480 5268 quod
1505 5202 1756 5268 dicebant
1788 5219 1802 5256 :
1848 5220 1867 5253 ι
1903 5201 2126 5261 Osanna
2161 5208 2216 5262 in
2246 5198 2502 5265 ex'celsis.
2536 5229 2555 5265 ι

507 5271 617 5351 σΑΙιι
648 5266 752 5351 illo.
774 5278 1036 5351 tempore,
1066 5284 1189 5351 eum
1219 5266 1477 5351 intrasset
1499 5269 1660 5351 {esus
1680 5266 2150 5351 _l_lierosolymam,
2178 5288 2457 5334 commota
2496 5289 2583 5336 est
2620 5284 2874 5337 universa
2898 5282 3110 5348 civitas,
3152 5284 3340 5339 dicens
3374 5302 3389 5338 :
3439 5283 3575 5350 Quis

306 5349 397 5420 est.
424 5339 703 5424 hiciiln
739 5339 858 5424 istis
890 5355 1035 5424 nunc
1058 5339 1272 5424 duobus
1297 5339 1630 5395 clamoribus
1659 5341 1923 5424 dictis,ex
1949 5339 2227 5403 consensu
2255 5351 2676 5424 praecedentium
2715 5362 2769 5407 et
2801 5339 3143 5422 sequentium
3197 5352 3382 5409 Jcsum
3411 5395 3425 5420 ,
3447 5339 3576 5424 ipse

305 5408 526 5479 quidem
561 5410 781 5464 intravit
810 5410 862 5463 in
894 5408 1324 5477 Hierosolymam
1352 5425 1531 5464 veram
1562 5428 1574 5465 :
1606 5410 1944 5469 admirantes
1991 5425 2173 5471 autem
2204 5408 2434 5476 vii‘tutes
2480 5422 2733 5477 caelestes
2760 5463 2776 5490 ,
2810 5408 2931 5494 quia
2969 5425 3308 5494 appellantur
3353 5408 3570 5491 civitas.

376 5527 421 5558 “
461 5526 649 5581 Matth.
677 5544 788 5595 xu,
817 5529 871 5584 9.
918 5530 970 5562 ⁶⁶
1034 5529 1163 5584 ibid.
1195 5529 1282 5583 10.

1382 5530 1426 5560 ⁶⁷
1467 5528 1610 5587 Psal.
1649 5547 1781 5586 χχιιι
1805 5574 1820 5599 ,
1849 5532 1898 5587 7.

304 5597 346 5629 ’³
368 5596 559 5651 Matth.
598 5612 658 5661 ιι,
688 5599 777 5653 25.

2005 5535 2049 5566 ⁸⁸
2088 5534 2189 5592 lsa.
2225 5553 2379 5604 LXIII,
2419 5540 2464 5593 ι.
2584 5540 2629 5572 ⁸⁸
2670 5539 2861 5596 Matth.
2896 5559 3010 5604 xm,
3060 5540 3137 5594 l0.
3250 5540 3296 5572 "°
3319 5539 3448 5595 ibid.
3481 5541 3570 5598 Η.

2584 5540 2629 5572 ⁸⁸
2670 5539 2861 5596 Matth.
2896 5559 3010 5606 va,
3060 5540 3137 5594 l0.

376 5711 1043 5798 (10)](ςαίεξροὰγτηζςᾳς
1093 5718 1205 5798 “ei:
1249 5717 1483 5798 φήσεις,
1538 5730 1642 5777 etc.
1691 5719 1896 5797 Hieron;

2002 5739 2074 5786 Is,
2137 5722 2283 5790 Opus
2317 5723 2549 5791 imperf.,
2584 5722 2731 5779 hom.
2767 5725 2869 5792 37;
2906 5722 3565 5794 pseudo—‘1hrysostomus

308 5780 480 5840 hoin.’
505 5784 571 5838 12
602 5786 656 5838 in
691 5780 886 5852 Marti;
929 5780 1385 5862 'l‘hcuphyla'cttts.
