4074 6300
292 370 419 427 li“

1237 365 1589 423 COMMENT.
1634 366 1698 420 IN
1739 364 2152 421 ΜΑΤΤΗΔΕΙῙΜ
2193 362 2428 421 TOMUS
2467 364 2603 420 XVI.

3400 366 3543 423 ΝΗ.

285 482 383 551 τὴν
423 480 517 533 τοῦ
556 480 727 543 Ἰησοῦ
775 479 1066 552 πρόσταξιν
1106 480 1230 541 τοὺς
1273 480 1380 533 ἀπὸ
1423 479 1720 551 περιτομῆς
1765 479 1859 532 καὶ

1964 477 2178 533 Petrum
2224 488 2278 531 et
2327 478 2553 531 Paulum
2583 519 2596 543 ,
2649 476 2762 531 sive
2812 476 2922 531 duo
2974 478 3261 533 doctorum
3311 494 3534 550 genera.

285 571 413 634 τοὺς
458 571 565 624 ἀπὸ
605 570 989 641 ἀκροϐυστίας,
1035 569 1345 640 ἐκόσμησαν
1377 570 1594 633 αὐτοὺς,
1637 571 1731 623 καὶ
1767 586 1863 623 πε-

285 663 580 736 ποιήκασιν
613 663 908 733 εὐπρεπεῖς
944 662 1077 732 πρὸς
1115 660 1176 713 τδ
1218 660 1516 732 όχήσασθαι
1562 661 1744 724 αὐτοῖς
1771 661 1862 713 τὸν

285 752 456 821 Λόγον
499 753 714 807 ἀνιόντα
761 753 840 816 εἰς
885 751 988 818 τὴν
1019 752 1409 823 Ἰερουσαλήμ·
1457 751 1549 804 καὶ
1585 751 1652 805 τὰ
1701 750 1863 804 λοιπά

288 839 427 891 κατά
460 841 555 909 μὲν
591 840 719 908 μίαν
763 838 914 891 ἔσται
955 838 1238 908 διήγησιν·
1274 838 1416 893 κατά
1443 838 1501 891 δὲ
1544 839 1738 910 ἑτέραν
1777 840 1864 893 ἀεὶ

285 925 541 999 ἐνέστηκε
570 928 679 982 τῶν
721 928 1132 998 ἀποδεχομένων
1172 930 1262 982 τὸν
1311 929 1519 1001 Ἰησοῦν
1562 929 1865 1001 στρωννύν-

291 1035 391 1073 των
433 1020 580 1090 αὐτῷ
626 1019 714 1073 διά
757 1019 865 1073 τῶν
914 1020 1057 1072 ἰδίων
1106 1020 1417 1091 ἐνδυμάτων
1460 1021 1557 1091 τὴν
1601 1020 1738 1083 ὁδὸν,
1772 1022 1864 1073 καὶ

283 1109 632 1180 κοσμούντων
659 1110 823 1181 αὐτὴν
850 1112 960 1173 τοῖς
989 1110 1222 1173 κλάδοις,
1250 1113 1344 1165 καὶ
1371 1112 1740 1183 προαγόντων,
1770 1110 1864 1165 καὶ

281 1199 791 1254 ἐπακολουθούντων
812 1215 830 1231 ο
860 1199 953 1252 καὶ
975 1200 1151 1263 ἄλλως
1179 1200 1236 1253 δὲ
1262 1193 1492 1263 ἕκαστος
1512 1199 1599 1253 διά
1631 1201 1729 1271 μὲν
1752 1199 1861 1253 τῶν

282 1291 385 1364 ἤδη
420 1292 824 1364 πεπραγμένων
855 1292 1084 1364 προάγει
1114 1292 1205 1345 τὸν
1248 1290 1485 1361 Ἰησοῦν·
1528 1291 1618 1345 διὰ
1660 1292 1716 1347 δὲ
1756 1291 1866 1345 τῶν

276 1382 779 1454 προαχθησομένων
828 1381 1185 1438 ἐπακολουθεῖ
1227 1381 1397 1453 αύτῷ,
1445 1383 1539 1436 καὶ
1585 1382 1734 1451 λέγει
1791 1382 1861 1437 τὰ

275 1475 769 1545 ἀναγεγραμμένα.
799 1474 910 1527 Καὶ
930 1474 1013 1537 εἰς
1035 1472 1207 1527 ταῦτα
1230 1473 1287 1526 δὲ
1310 1475 1473 1544 ἡμεῖς
1495 1473 1595 1543 μὲν
1623 1472 1860 1528 τοσαῦτα

273 1564 525 1635 εἴδομεν·
560 1568 589 1620 ό
618 1565 675 1619 δὲ
711 1565 870 1637 ἡμῶν
913 1564 1184 1637 διαφέρων
1225 1563 1445 1618 πλείονα
1481 1566 1575 1619 καὶ
1622 1565 1864 1636 βλεπέτω

275 1655 383 1710 καὶ
418 1655 731 1711 διδασκέτω.
770 1655 914 1727 Πλὴν
954 1656 1011 1709 έν
1055 1673 1161 1709 τινι
1209 1655 1317 1709 τῶν
1356 1658 1435 1720 εἰς
1477 1656 1539 1710 τὸ
1581 1657 1721 1711 κατά
1752 1656 1866 1729 (15)

285 1747 548 1820 Ἰωάννην
580 1749 909 1819 Εὑαγγέλιον
940 1750 1033 1802 ἐπὶ
1062 1748 1225 1801 ποσὸν
1260 1750 1353 1802 καὶ
1381 1747 1552 1813 ταῦτα
1598 1747 1864 1818 ὲξητάσα-

1964 577 2252 637 postquam
2280 568 2657 632 circumcisos,
2702 576 2756 622 et
2792 568 2884 638 qui
2924 569 3249 637 praeputium
3292 584 3402 624 non
3437 570 3535 626 de-

1963 667 2281 727 posuerunt,
2318 656 2475 726 juxta
2507 658 2822 712 mandatum
2858 656 2985 712 Jesu
3033 657 3261 713 vinculis
3286 661 3536 718 exsolve-

1965 755 2112 814 runt,
2146 762 2240 801 eos
2262 762 2510 812 ornasse,
2540 757 2595 803 et
2620 747 2688 802 ad
2718 748 3020 803 vehendum
3049 747 3285 804 Verbum
3311 747 3536 805 Jeroso-

1964 838 2163 909 lymam
2195 839 2497 894 ascendens
2523 839 2776 894 decenter
2801 839 3145 906 instruxisse;
3188 849 3242 895 et
3291 842 3537 911 reliquo-

1966 940 2088 979 rum
2120 939 2285 994 porro
2314 942 2421 980 una
2444 926 2742 997 eademque
2766 928 2871 982 erit
2901 929 3226 998 explicatio;
3284 939 3342 983 at
3377 931 3533 1000 juxta

1965 1018 2191 1071 alteram
2220 1018 2744 1087 interpretationem,
2773 1035 2871 1075 eos
2899 1020 3040 1074 inter
3070 1022 3163 1091 qui
3206 1018 3395 1076 Iesum
3444 1037 3539 1076 su-

1967 1111 2224 1179 scipiunt,
2253 1110 2464 1178 ipsique
2489 1109 2631 1163 viam
2664 1108 2783 1165 suis
2811 1111 3053 1165 vestibus
3078 1112 3456 1178 substernunt,
3484 1121 3540 1167 et

1965 1202 2059 1272 qui
2091 1215 2211 1254 eam
2240 1201 2407 1255 ramis
2440 1210 2656 1265 ornant;
2689 1215 2895 1255 necnon
2926 1210 2979 1255 et
3008 1203 3146 1256 inter
3163 1218 3258 1257 eos
3279 1202 3371 1272 qui
3398 1218 3537 1272 prae-

1965 1294 2183 1357 cedunt,
2223 1308 2427 1363 eosque
2458 1292 2550 1362 qui
2577 1302 2906 1362 sequuntur,
2933 1293 3355 1363 disjunctionem
3389 1311 3537 1350 senio

1965 1399 2061 1455 per
2085 1385 2418 1440 intercedere
2445 1383 2734 1439 dicendum
2765 1394 2849 1440 est
2894 1403 2907 1439 :
2944 1386 3100 1440 aliter
3127 1386 3328 1457 quippe
3369 1401 3541 1443 unus-

1966 1477 2200 1547 quisque
2229 1491 2324 1546 per
2350 1491 2439 1531 res
2460 1491 2490 1531 a
2518 1491 2576 1531 se
2598 1476 2712 1543 jam
2739 1486 2897 1532 antea
2922 1488 3103 1548 gestas
3121 1477 3308 1534 Jesum
3338 1492 3541 1549 praece-

1966 1568 2067 1633 dit,
2094 1584 2192 1638 per
2214 1582 2303 1623 res
2326 1583 2454 1623 vero
2494 1568 2840 1638 postmodum
2888 1583 2919 1623 a
2953 1584 3013 1625 se
3040 1572 3306 1640 gerendas
3358 1571 3537 1641 ipsum

1968 1658 2321 1730 subsequitur
2345 1698 2361 1724 ,
2399 1670 2453 1714 et
2502 1675 2625 1730 quae
2668 1660 2871 1731 scripta
2919 1669 3047 1716 sunt
3093 1661 3240 1716 dicit.
3274 1662 3449 1732 Atque
3482 1662 3536 1717 in

1971 1750 2116 1804 hunc
2161 1748 2379 1819 quidem
2430 1749 2610 1803 locum
2660 1749 2775 1805 haec
2824 1751 3163 1806 comminisci
3213 1753 3538 1822 potuimus:

279 1857 382 1912 μεν
407 1856 421 1870 °
452 1841 542 1895 ὅτε
570 1841 856 1913 προέκειτο
882 1840 1240 1913 διηγήσασθαι
1278 1839 1340 1893 τό
1363 1856 1376 1873 ο
1414 1859 1432 1891 ι
1478 1840 1555 1911 Τῇ
1596 1838 1858 1913 ἐπαύριον

1964 1841 2054 1910 qui
2082 1841 2238 1897 nobis
2267 1855 2395 1895 vero
2429 1850 2667 1910 praestat,
2695 1841 2851 1911 plura
2883 1842 3150 1912 excogitet
3191 1852 3246 1899 et
3290 1846 3537 1902 edoceat.

277 1928 372 1985 οὖν
416 1931 571 2003 ὄχλος
604 1932 769 1997 πολὺς
813 1933 842 1985 ό
875 1931 1044 1986 ὲλθὼν
1076 1933 1156 1996 εἰς
1194 1931 1293 2003 την
1336 1932 1551 2003 ἑορτὴν,
1587 1950 1606 1983 ι
1654 1931 1747 1984 καὶ
1788 1930 1857 1983 τὰ

277 2022 428 2093 ιξῆς.

1966 1929 2354 1986 Verumtamen
2385 1932 2440 1984 in
2469 1929 2706 2000 quodam
2736 1946 2903 2002 super
2933 1933 3281 2003 Evangelium
3342 1951 3542 1991 secun-

1965 2021 2097 2076 dum
2128 2020 2392 2076 Joannem
2441 2022 2858 2086 commentario,
2897 2037 2960 2075 ea
2985 2036 3205 2092 quoque
3252 2022 3435 2094 aliqua
3473 2039 3541 2079 ex

278 2126 440 2189 parte
479 2134 508 2173 a
541 2120 700 2175 nohis
728 2136 962 2192 expensa
991 2129 1139 2187 sunt;
1174 2119 1393 2189 quando
1440 2117 1687 2174 videlicet
1725 2118 1856 2174 illud
1894 2118 2276 2189 exponendum
2307 2117 2464 2173 nobis
2519 2117 2856 2187 propositum
2908 2127 3027 2173 erat
3050 2118 3140 2173 7‘:
3181 2136 3201 2171 ι
3238 2117 3296 2173 In
3348 2121 3543 2175 crasti-

280 2228 414 2267 num
446 2223 624 2267 autem
656 2215 812 2269 turba
840 2217 1007 2270 multa
1044 2231 1167 2285 quae
1210 2221 1432 2268 venerat
1472 2213 1537 2268 ad
1566 2214 1706 2268 diem
1748 2214 1966 2280 festum,
2003 2233 2025 2267 ι
2059 2222 2114 2271 et
2140 2214 2368 2286 reliqua.

456 2308 592 2375 Περὶ
626 2306 745 2361 τῶν
768 2308 1180 2376 ἐκϐληθέντων
1211 2306 1327 2363 ἀπὸ
1361 2307 1468 2361 τοῦ
1498 2307 1674 2375 ιεροῦ.

360 2417 378 2450 ι
410 2399 520 2453 Καὶ
542 2398 789 2470 εἰσῆλθεν
816 2402 845 2453 ό
877 2399 1079 2470 Ἰησοῦς
1109 2401 1184 2464 είς
1214 2399 1273 2452 τὸ
1299 2400 1441 2470 ἱερὸν
1465 2399 1557 2453 τοῦ
1579 2400 1733 2465 Θεοῦ,
1766 2401 1861 2454 καὶ

281 2487 502 2553 ἐξέϐαλε
537 2489 743 2552 πάντας
772 2488 898 2551 τοὺς
931 2488 1244 2554 πωλοῦντας
1268 2490 1361 2543 καὶ
1397 2488 1763 2561 ἀγοράζοντας
1802 2490 1860 2542 έν

280 2575 361 2648 τῷ
388 2576 540 2649 ἱερῷ,
574 2597 592 2629 ι
625 2580 719 2632 καὶ
740 2581 810 2634 τὰ
842 2578 986 2651 ἑξῆς.
1021 2577 1102 2631 Τά
1138 2577 1195 2630 δὲ
1230 2578 1367 2632 κατά
1399 2578 1489 2630 τὸν
1514 2577 1677 2630 τόπον
1698 2577 1791 2631 καὶ
1810 2578 1859 2631 οἱ

273 2666 456 2721 ’λοιποὶ
484 2672 634 2741 τρεῖς
664 2670 1043 2739 εύαγγελισταὶ
1074 2668 1338 2733 ἐξέθεντο,
1366 2662 1439 2721 ὧν
1470 2668 1567 2739 τὴν
1602 2668 1739 2739 πρὸς
1767 2667 1861 2722 ἀλ-

282 2762 478 2834 λήλους
502 2764 763 2835 διαφορὰν
792 2764 853 2816 ού
881 2761 975 2815 τοῦ
994 2760 1354 2833 προκειμένου
1386 2759 1580 2831 καιροῦ
1605 2762 1722 2813 ἐστι
1747 2760 1864 2832 διη-

281 2853 555 2923 γήσασθαι
579 2872 592 2885 ·
640 2854 862 2926 ἀρκέσει
911 2853 1018 2924 γὰρ
1052 2853 1111 2906 τὸ
1159 2854 1217 2905 ὲν
1249 2852 1327 2923 τῷ
1355 2850 1723 2924 ἐξεταζομένῳ
1761 2851 1865 2904 Εὐ-

283 2943 527 3015 αγγελίῳ
561 2944 697 2998 κατά
727 2944 786 2997 τὸ
824 2943 1046 2998 δυνατὸν
1083 2944 1212 3014 ἡμῖν
1252 2943 1576 3015 σαφηνίσαι·
1602 2942 1712 2996 τῶν
1736 2960 1861 2995 τεσ-

282 3022 463 3109 σάρων
501 3034 896 3106 εὐαγγελιστῶν
924 3034 1350 3107 ἀναγραψάντων
1382 3034 1450 3088 τὰ
1481 3035 1621 3110 κατά
1649 3036 1739 3088 τὸν
1774 3037 1862 3089 τό·

279 3142 401 3191 πον,
430 3125 647 3179 πλείονα
676 3125 744 3179 τά
770 3124 912 3179 κατά
941 3124 1003 3178 τὺ
1032 3124 1253 3179 δυνατὸν
1286 3127 1417 3197 ἡμῖν
1442 3127 1731 3198 ἐξήτασται
1758 3128 1860 3180 ύπ-

2330 2307 2409 2362 De
2440 2308 2506 2360 iis
2531 2307 2619 2377 qui
2644 2306 2833 2377 templo
2863 2307 3014 2377 ejecti
3034 2318 3177 2363 sunt.

2033 2398 2124 2453 20.
2156 2416 2176 2450 ι
2208 2396 2275 2452 Ει
2296 2398 2518 2452 intravit
2549 2395 2714 2452 Jesus
2742 2397 2793 2449 in
2823 2398 3080 2467 templum
3118 2396 3236 2461 Dei,
3271 2406 3325 2452 et
3354 2397 3541 2467 ejicie-

1963 2489 2059 2544 bat
2086 2503 2277 2544 omnes
2304 2488 2600 2543 vendentes
2626 2497 2681 2543 et
2709 2497 2948 2544 ementes
2981 2489 3037 2543 in
3079 2490 3278 2559 templo
3304 2490 3372 2555 ",
3430 2506 3449 2542 ι
3485 2500 3548 2549 el

1966 2581 2195 2650 reliqua.
2223 2578 2453 2635 Exstant
2486 2579 2613 2635 item
2646 2580 2786 2650 apud
2819 2580 3057 2649 reliquos
3087 2588 3198 2635 tres
3263 2578 3541 2652 evangeli-

1957 2678 2094 2737 stas,
2107 2684 2445 2742 quaecunque
2459 2671 2725 2727 habentur
2755 2673 2858 2728 hoc
2890 2672 3033 2738 loco;
3060 2685 3292 2742 quorum
3319 2671 3460 2726 inter
3479 2686 3539 2727 se

1963 2759 2322 2815 ditferentiam
2370 2775 2643 2831 exponere
2696 2775 2806 2816 non
2857 2770 2941 2816 est
2989 2761 3154 2831 hujus
3201 2761 3303 2817 loci
3356 2779 3372 2817 :
3415 2776 3541 2833 quae

1964 2852 2110 2906 enim
2142 2851 2196 2905 in
2220 2866 2287 2906 eo
2309 2851 2455 2922 quod
2484 2852 2823 2922 eXplicamus
2857 2850 3149 2923 Evangelia
3164 2853 3536 2920 continentur,

1968 2957 2067 3012 pro
2094 2943 2236 2997 virili
2271 2942 2593 3013 explanasse
2617 2945 2752 3000 satis
2773 2945 2898 3012 erit;
2930 2960 3053 3000 cum
3100 2954 3338 3015 quatuor
3368 2959 3538 3000 evan-

1969 3032 2174 3111 gelista;
2211 3032 2398 3086 eadem
2430 3032 2751 3101 scripserint
2786 3047 2910 3102 qua:
2951 3031 3040 3087 hic
3071 3030 3349 3101 proposita
3388 3040 3537 3099 sunt,

1966 3120 2215 3190 pluribus
2239 3137 2302 3176 ea
2328 3137 2426 3191 pro
2456 3123 2662 3177 viribus
2718 3123 2922 3177 nostris
2961 3122 3285 3193 perscrutati
3323 3138 3536 3191 sumus,

279 3216 634 3288 αγορεύουσιν
666 3218 745 3277 είς
765 3215 823 3269 τὸ
852 3214 991 3269 κατά
1040 3215 1313 3285 Ἰωάννην,
1348 3215 1443 3269 καὶ
1473 3216 1547 3279 ὡς
1577 3212 1686 3270 οἷόν
1708 3234 1765 3270 τε
1789 3213 1855 3289 ἦν

1964 3227 2087 3268 cum
2110 3213 2459 3285 Evangelium
2473 3214 2771 3270 secundum
2783 3211 3045 3270 Joannem
3058 3217 3541 3288 interpretaremur

280 3302 636 3376 σαφηνίζουσι
665 3305 723 3359 τό
742 3321 754 3334 ·
787 3324 804 3356 ι
831 3307 939 3359 Καὶ
968 3299 1123 3378 εὗρεν
1146 3306 1203 3358 ὲν
1224 3305 1302 3376 τῷ
1329 3305 1456 3377 ἱερῷ
1479 3307 1603 3371 τοὺς
1626 3306 1860 3361 πωλοῦν·

278 3413 379 3458 τας
426 3395 554 3466 βόας
598 3398 691 3450 καὶ
738 3396 985 3469 πρόϐατα
1029 3397 1123 3450 καὶ
1180 3396 1529 3470 περιστερὰς,
1567 3417 1585 3449 ι
1645 3399 1740 3453 καὶ
1789 3398 1860 3452 τὰ

278 3485 411 3556 ἑξῆς
432 3502 447 3517 ⁶
495 3485 621 3540 ἔνθα
652 3486 1129 3558 κατασκευάζομεν
1164 3486 1275 3557 (16)
1321 3488 1423 3541 οὐκ
1449 3488 1707 3542 ἐλάττονα
1749 3489 1858 3543 τῶν

277 3576 595 3648 παραδόξων
635 3578 914 3649 δυνάμεων
955 3573 1093 3630 εἶναι
1119 3577 1211 3630 τοῦ
1253 3578 1426 3648 Ἰησοῦ
1461 3580 1555 3633 καὶ
1592 3579 1687 3650 τὴν
1725 3597 1858 3651 προ-

276 3669 557 3740 κειμένην,
587 3670 689 3734 ὅτι,
728 3670 977 3732 τέκτονος
1024 3668 1122 3738 μὲν
1164 3668 1519 3740 νομιζόμενος
1547 3664 1686 3722 εἶναι
1716 3670 1855 3736 υἱὸς,

272 3759 516 3835 τοσαύτῃ
546 3761 827 3833 παρρησίᾳ
858 3759 951 3813 καὶ
995 3757 1213 3829 ἐξουσία
1258 3760 1551 3831 ἐχρήσατο,
1583 3758 1860 3813 ἐκϐάλλων

275 3852 337 3907 ὲν
378 3852 684 3924 πανηγύρει
714 3852 821 3906 ἀπὸ
843 3849 938 3904 τοῦ
967 3847 1114 3920 ἱεροῦ
1142 3849 1272 3914 τοὺς
1311 3850 1859 3921 ἀναγεγραμμένους,

1962 3317 2037 3372 et,
2061 3306 2243 3376 quoad
2268 3307 2387 3378 ejus
2404 3308 2518 3363 fieri
2541 3316 2772 3378 poterat,
2795 3308 2911 3363 hate
2928 3316 3307 3364 exeuteremus
3327 3308 3373 3340 ⁷⁸
3392 3326 3408 3364 :
3428 3316 3450 3361 ι
3477 3309 3541 3363 Et

1964 3399 2171 3454 invenit
2188 3405 2243 3454 in
2264 3400 2463 3471 templo
2477 3400 2774 3455 vendentes
2787 3401 2975 3468 boves,
2997 3409 3051 3455 et
3073 3415 3225 3466 oves,
3251 3408 3307 3455 et
3324 3400 3538 3456 colum-

1964 3490 2082 3558 bas,
2097 3514 2114 3544 ι
2134 3500 2189 3545 et
2214 3492 2422 3561 reliqua
2447 3509 2461 3544 :
2492 3491 2563 3544 ihi
2588 3506 2695 3546 non
2717 3491 3000 3546 minimam
3018 3492 3311 3548 bancinter
3326 3501 3541 3563 porten-

1968 3592 2112 3637 tosas
2143 3581 2306 3653 759
2328 3582 2455 3636 Jesu
2498 3583 2727 3637 virtutes
2764 3582 2933 3638 fuisse
2966 3585 3305 3653 argumentis
3335 3586 3537 3654 proba-

1965 3688 2120 3737 mus;
2152 3672 2303 3741 quia,
2330 3688 2454 3727 cum
2490 3687 2590 3742 pro
2616 3672 2755 3727 fabri
2790 3673 2900 3728 lilio
2925 3674 3235 3741 haberetur,
3258 3690 3321 3730 ea
3353 3684 3536 3731 tamen

1963 3779 2096 3818 usus
2119 3771 2204 3818 est
2235 3764 2585 3828 confidentia,
2616 3772 2670 3817 et
2695 3767 3040 3833 auctoritate,
3077 3768 3131 3821 in
3154 3767 3367 3838 publico
3390 3776 3536 3823 coetu

1962 3869 1993 3908 e
2031 3853 2231 3923 templo
2275 3868 2369 3908 eos
2417 3852 2716 3909 deturbans
2754 3855 2821 3910 de
2861 3856 3061 3925 quibus
3097 3858 3357 3927 scriptum
3401 3869 3484 3914 est
3519 3878 3533 3915 :

277 3943 441 4015 ὁποίᾳ
466 3944 574 3997 οὐδ’
603 3947 632 3998 ὁ
663 3945 755 3998 τοῦ
788 3945 975 4009 ἔθνους
1003 3942 1303 4018 ἡγούμενος
1334 3941 1576 4017 εὐχερῶς
1604 3942 1670 3996 ἂν
1700 3943 1861 4014 ἤνυσε

279 4036 426 4091 τοῦθ’
469 4036 607 4109 ὅπερ
640 4036 846 4109 Ἰησοῦς
879 4036 1164 4108 πεποίηκε.
1212 4033 1324 4088 Καὶ
1352 4032 1862 4106 ὲτροπολογήσαμεν

1962 3956 2072 4012 qua
2112 3948 2384 4012 potestate
2424 3951 2584 3997 utens
2625 3942 2740 4012 ipse
2772 3944 3008 3999 nationis
3042 3947 3294 4016 princeps
3336 3948 3388 4001 id
3425 3964 3534 4003 non

1965 4030 2123 4085 facile
2149 4029 2486 4101 perfecisset,
2516 4031 2661 4101 quod
2692 4046 2723 4086 a
2754 4030 2882 4088 Jesu
2914 4044 3096 4089 actum
3126 4045 3228 4092 est.
3274 4037 3337 4092 Et
3365 4036 3535 4094 Joan-

1481 4173 1717 4231 VETUS
1754 4168 2337 4227 INTERPRETATIO.

279 4318 401 4387 ejus
432 4318 487 4373 in
516 4318 714 4373 coelum
743 4327 865 4388 post
901 4316 1371 4388 dispensationem
1390 4312 1669 4388 Passionis
1702 4312 1874 4388 ipsius
1897 4310 2003 4388 hoc
2022 4310 2194 4388 δῃοᾱο
2225 4327 2238 4363 :
2284 4328 2302 4361 ι
2338 4309 2589 4388 Qu_i_s_est
2620 4312 2720 4366 iste
2751 4312 2843 4381 qui
2872 4312 3020 4388 venit
3049 4330 3115 4371 ex
3143 4313 3335 4383 Edom,
3367 4317 3529 4375 rubra

278 4379 603 4443 v'estinienta
636 4379 843 4443 hahcns
877 4403 943 4443 ex
978 4379 1173 4453 Bosor,
1207 4386 1309 4439 iste
1348 4383 1629 4458 formosus
1654 4379 1945 4458 iqutola?_
1970 4399 1991 4433 ›
2021 4379 2136 4435 Hoc
2167 4389 2348 4434 autem
2392 4382 2632 4458 diximus
2655 4421 2672 4447 ,
2705 4379 2782 4436 ut
2812 4386 3168 4458 ostendamus
3212 4379 3530 4458 mysterium

276 4459 403 4561 ejusI
427 4460 570 4561 {pupil
599 4458 821 4522 dicitur,
863 4458 1123 4528 quoniam
1159 4450 1493 4511 ascendente
1522 4468 1589 4508 eo
1617 4453 1672 4508 in
1698 4450 2059 4519 Hierusalem,
2100 4460 2376 4506 commota
2404 4460 2489 4508 est
2521 4453 2774 4508 universa
2818 4454 3012 4511 civitas
3037 4456 3227 4512 dicens
3255 4450 3286 4512 ι’
3322 4476 3341 4510 ‹
3395 4457 3532 4525 Quis

276 4538 361 4583 est
390 4528 519 4582 hic?
559 4546 577 4579 ι

350 4596 441 4651 ‘20.
481 4594 853 4672 c_Et_intravit
879 4594 1037 4672 Iesus
1062 4596 1116 4650 in
1153 4595 1413 4672 templum
1447 4591 1650 4672 Dei,_et
1672 4591 1921 4672 ejiciebat
1946 4606 2140 4672 omnes
2163 4589 2480 4672 vendentes
2510 4600 2565 4647 et
2593 4603 2834 4672 ementes
2870 4593 2922 4648 in
2949 4597 3188 4672 templo,
3218 4607 3271 4651 et
3312 4613 3532 4656 mensas

279 4666 778 4735 nummulariorum
810 4669 1023 4727 evertit,
1055 4675 1109 4721 et
1139 4660 1426 4723 cathedras
1457 4660 1805 4735 vendentium
1839 4662 2143 4735 columbas.
2173 4660 2239 4714 Et
2264 4661 2402 4735 dixit
2433 4662 2516 4717 eis
2563 4681 2576 4717 :
2630 4660 2905 4735 scriptum
2935 4676 3016 4721 est
3061 4660 3084 4721 Ξ
3131 4660 3340 4723 Domus
3386 4686 3527 4735 mea,

278 4722 479 4807 domu?
502 4736 769 4807 orationis
792 4722 1073 4790 vocabitur
1102 4754 1115 4790 :
1146 4722 1245 4790 vos
1274 4744 1454 4807 autem
1494 4732 1701 4807 fecistis
1743 4747 1864 4786 eam
1893 4733 2233 4807 speluncam
2268 4731 2561 4807 latronum.
2617 4751 2637 4785 ι
2674 4722 2850 4802 Supra
2897 4751 3209 4792 mensuram
3250 4722 3530 4807 dignitatis

277 4805 485 4878 Christi
511 4804 707 4878 fuerat,
734 4808 1032 4878 secundum
1062 4807 1208 4875 quod
1244 4802 1709 4878 videbatur__tilius
1737 4817 1859 4857 esse
1887 4801 2049 4878 fabri,
2089 4812 2148 4856 ut
2177 4809 2334 4878 tanta
2365 4802 2561 4857 ﬁducia
2595 4801 2839 4878 uteretur
2865 4815 2920 4858 et
2963 4816 3229 4878 potestate
3250 4845 3269 4878 ε
3306 4801 3529 4878 Ejiciens

280 4876 586 4946 nundinam
618 4876 686 4929 de
711 4876 932 4946 templo,
962 4871 1197 4946 qua—nee
1222 4875 1482 4946 princeps
1494 4872 1734 4946 alicujus
1751 4874 2144 4946 gentisrutens,
2173 4871 2331 4946 facile
2359 4880 2571 4941 poterat
2602 4874 2875 4946 explicare
2901 4871 3215 4946 quodifecit
3242 4871 3429 4934 Jes'us.
3463 4877 3533 4935 Et

283 4947 402 5018 hzec
428 4943 998 5018 diximussecu'ndurn
1024 4945 1324 5018 simplicem
1356 4943 1711 5018 intellectum.
1747 4943 2060 5018 Secundum
2088 4944 2561 5018 moralemautem
2590 4944 2721 5018 talia
2750 4943 3013 5018 dicemus.
3031 4945 3113 5018 Et
3134 4949 3370 5017 primum
3406 4949 3531 5018 qui-

280 5016 501 5088 demde
532 5014 753 5085 templo,
778 5016 848 5088 de
875 5029 985 5088 quo
1004 5029 1099 5084 per
1126 5012 1449 5088 Prophetam
1479 5013 1617 5088 dixit
1646 5012 1786 5068 Deus
1819 5030 1832 5066 :
1873 5030 1892 5063 ι
1936 5012 2148 5088 pomus
2170 5012 2535 5088 mea,_dor_nus
2564 5014 2827 5088 orationis
2853 5012 3154 5071 vocabitur.
3198 5037 3223 5088 ν»
3261 5018 3404 5088 Ergo
3425 5012 3529 5076 ae-

278 5087 522 5140 cundum
558 5082 907 5154 corporalem
927 5082 1400 5155 circumcisionem
1430 5084 1634 5146 carnis,
1659 5091 1714 5155 et
1746 5083 2048 5155 secundum
2081 5082 2405 5155 corporales
2427 5083 2563 5154 legis
2595 5082 2934 5149 festivitates,
2982 5096 3035 5140 et
3068 5082 3358 5155 sacriﬁcia,
3396 5103 3531 5145 con-

279 5166 571 5225 sequenter
602 5152 670 5210 et'
685 5155 945 5224 templum
979 5152 1071 5209 Dei
1101 5153 1538 5218 existimabatur,
1575 5152 1719 5223 quod
1752 5167 1819 5206 ex
1850 5153 2121 5222 lapidibus
2146 5152 2440 5208 insensatis
2468 5152 2585 5208 erat
2607 5163 3005 5222 constructum,
3043 5158 3279 5228 primum
3305 5152 3524 5229 quidem

351 5270 400 5302 "
421 5268 581 5330 Joan.
608 5285 708 5338 ιιι,
746 5271 833 5325 12.
910 5271 954 5302 ’⁷
986 5269 1176 5324 Matth.
1201 5284 1318 5335 ιιι,
1348 5267 1436 5323 12.
1512 5268 1558 5300 ⁷⁸
1587 5266 1744 5323 Joan.
1778 5283 1842 5335 tt,
1882 5268 1968 5322 14.

353 5389 482 5465 (15)-
504 5391 680 5465 Πέὴνξ
709 5390 781 5465 ἐκ
811 5408 926 5465 τινι
953 5390 1093 5465 ’τῶν
1121 5393 1210 5457 εις
1245 5390 1313 5443 τὸ
1365 5390 1517 5465 κατὰ
1536 5432 1551 5457 ,
1591 5399 1719 5465 etc._
1746 5389 1850 5458 Qui
1959 5389 2184 5465 ﬁmb_‘:9'3
2216 5390 2393 5465 Ἰησοῦ
2427 5390 2647 5465 ἔλαττον
2677 5384 2814 5465 εἶναι
2842 5390 2935 5465 τοῦ
2974 5393 3199 5465 νεκροὺς
3230 5391 3460 5465 ἐγεῖραι,
3490 5394 3525 5465 ἣ

279 5461 435 5533 locus
470 5461 524 5515 in
552 5462 718 5532 Regio
747 5461 999 5533 Origenjs
1024 5460 1539 5517 Commentariorum
1588 5462 1646 5515 in
1684 5460 1845 5519 Joan.

1964 5460 2191 5533 τυφλοῖς
2204 5460 2333 5533 δψίν
2362 5464 2695 5533 παρασχεῖν·
2731 5462 2829 5514 οὐκ
2864 5460 2992 5515 ἄνευ
3022 5460 3130 5533 γὰρ
3161 5460 3534 5533 θεῖκῆςὲνερζ.

281 5531 563 5604 Ιὶιριολιιοη
592 5526 888 5600 comparet.
922 5530 1190 5604 “uerius.
1319 5602 1327 5604 _
1421 5599 1433 5604 _
1464 5601 1475 5604 _
1507 5599 1517 5604 _
1780 5602 1799 5604 _

1964 5526 2111 5604 γείας
2135 5526 2337 5604 οἷόν’τε
2372 5526 2565 5604 ἦν’ἒνα
2573 5526 2875 5604 ’ἄνθρωπον
2907 5526 3158 5604 τοσοῦτον
3189 5526 3393 5604 πλῆθος
3431 5526 3528 5587 ιά-

349 5600 466 5671 (l6)_
500 5601 679 5671 Ἔνθα
708 5599 1247 5671 ὀιιιταᾳκευάζόμεν·Δ
1268 5602 1380 5657 οὐκ
1408 5599 1701 5671 ἐλάττονα
1730 5602 1851 5656 τῶν
1957 5601 2191 5664 ϐάλλειν,
2226 5601 2338 5671 καὶΔ
2358 5599 2446 5671 μά]

280 5663 665 5739 παραδόξων,
717 5680 820 5726 etc.
867 5670 925 5724 In
957 5663 1166 5726 Catena
1212 5663 1542 5725 Cordcriana
1574 5671 1623 5724 in
1664 5670 1846 5738 Jo-an.,

281 5668 665 5739 παραδόξων,
717 5680 820 5726 etc.
867 5670 925 5724 In
957 5668 1166 5726 Catena
1212 5668 1542 5725 Cordcriana
1574 5671 1623 5724 in
1664 5670 1846 5738 Jo-an.,

281 5742 347 5792 a.l
369 5736 526 5794 Joan.
557 5754 618 5807 tt,
653 5739 753 5794 i5:
779 5741 982 5813 Μηδεὶς
1012 5739 1280 5811 νομιζέτω
1318 5740 1378 5793 τὸ
1418 5741 1660 5813 πραχθὲν
1688 5740 1847 5794 τοῦτο

1964 5672 2077 5724 κατ’
2095 5671 2279 5724 αὑτοῦ.
2306 5668 2588 5739 Oi-igenes,
2610 5668 2744 5726 toni.
2764 5668 2816 5725 at
2838 5668 2891 5724 iit
2907 5670 3127 5728 Joanm.’
3145 5668 3528 5743 Hiel'onymus,

1964 5741 2639 5812 pseudo-Chrysostomus,
2669 5741 2858 5797 homil.
2886 5743 2949 5797 l3
2972 5743 3028 5797 in
3058 5742 3226 5798 Marc.
3259 5743 3523 5799 ΙΙυετιεε.

318 5770 347 5791 ιι
369 5770 526 5794 tua".
557 5770 618 5807 ΙΙ,
654 5770 720 5794 10
740 5781 753 5794 ο
779 5770 981 5807 Πιηυειιε,
1014 5770 1280 5807 νυμιιδιεω
1318 5770 1378 5793 ὐυ
1418 5770 1627 5807 ἰιμςιλυα

1956 5741 2639 5812 pseudo-Chrysostomus,
2669 5741 2858 5797 homil.
2886 5743 3028 5797 13in
3058 5742 3226 5798 Marc.
3259 5741 3523 5799 Ilus'ritss.

1957 5601 2191 5664 ϐάλλειν,
2226 5601 2339 5672 καὶᾼ
2358 5600 2593 5672 μάλιστα
2624 5600 3043 5672 ἐξηγριωμένων
3076 5602 3184 5672 και
3209 5600 3530 5672 φωνούντων
3624 5618 3629 5621 ‘
