4074 6300
564 329 702 395 Hi3

2012 336 2331 392 ORIGENIS

3686 352 3825 410 NH

563 450 653 504 nis
683 448 898 519 quidem
948 456 1205 511 mentem,
1254 446 1444 502 littera:
1483 451 1760 504 contextui
1806 452 2129 518 servientes,

2236 454 2289 506 δὲ
2320 452 2700 518 δουλεύσαντες
2725 458 2790 526 τῇ
2826 455 2987 521 λέξει,
3016 457 3089 520 ὡς
3120 457 3453 529 ἐχωροῦμεν,
3485 456 3547 512 τὸ
3578 459 3826 517 Ἰωάννου

565 541 894 612 tropologice
952 539 1366 609 explicavimus,
1423 550 1694 610 quatenus
1760 557 1877 597 eam
1934 543 2140 598 fuimus

563 633 795 687 assecuti
827 649 840 684 :
877 630 970 685 sed
1008 630 1266 699 quoniam
1302 631 1471 686 series
1498 633 1736 702 postulat
1768 642 1827 686 ut
1866 632 1934 688 de
1980 634 2140 688 rebus

563 722 853 792 propositis
880 723 1182 778 secundum
1213 722 1449 779 Matthaei
1482 725 1855 780 narrationem
1894 726 2137 781 dissera-

563 831 705 878 mus,
742 816 989 868 invocato
1028 815 1304 885 sapientia:
1331 815 1511 883 Patre,
1552 817 1780 888 agedum
1823 834 1891 873 an
1932 818 2138 888 aliquid

563 908 754 963 audaci
790 906 915 964 Jesu
963 907 1204 964 facinore
1235 909 1460 979 dignum
1503 909 1593 964 hic
1625 910 1899 980 possimus
1934 911 2135 980 depro-

560 1016 729 1064 mere,
761 1001 1064 1056 videamus.
1105 1002 1183 1055 Ac
1217 1002 1452 1071 primum
1483 1001 1744 1071 quidnam
1782 1003 1853 1059 sit
1883 1004 2014 1059 illud
2041 1003 2135 1059 Dei

559 1094 818 1162 templum
864 1093 1156 1147 dicendum
1205 1102 1309 1156 est,
1358 1094 1502 1161 quod
1542 1109 1848 1164 agnoscens
1894 1094 2035 1150 Deus
2080 1095 2134 1149 in

559 1180 826 1250 Propheta
859 1181 995 1235 dixit
1020 1182 1107 1233 ηπ
1146 1201 1164 1232 ‹
1206 1180 1411 1236 Domus
1460 1196 1600 1248 mea,
1642 1183 1840 1239 domus
1868 1185 2135 1240 orationis

540 1270 859 1324 vocabitur.
907 1289 925 1320 ι
960 1268 1122 1324 Juxta
1155 1270 1629 1326 circumeisionem
1659 1286 1790 1342 ergo
1835 1256 2133 1328 secundum

557 1376 797 1427 carnem,
855 1368 909 1416 et
971 1363 1274 1431 corporalia
1347 1362 1478 1433 legis
1528 1362 1664 1419 festa
1729 1379 1791 1418 ac
1843 1364 2131 1431 sacrilicia,

556 1454 816 1521 templum
865 1452 958 1508 Dei
1003 1452 1418 1507 existimabatur
1450 1468 1573 1509 esse
1616 1452 1893 1523 opificium
1927 1455 2058 1509 illud
2104 1469 2135 1508 e

556 1540 830 1610 lapidibus
878 1556 1075 1595 sensus
1122 1540 1439 1610 expertibus
1474 1555 1503 1593 a
1555 1539 1849 1596 Salomone
1893 1542 2129 1611 primum

557 1642 957 1696 constructum,
988 1632 1057 1686 ab
1082 1630 1253 1688 Esdra
1284 1630 1481 1686 deinde
1509 1640 1897 1698 restauratum,
1926 1641 1981 1687 at
2006 1642 2130 1702 post

560 1724 985 1778 incarnationem
1013 1721 1163 1786 Jesu,
1195 1738 1224 1777 a
1256 1722 1518 1779 ltomanis
1540 1722 1759 1779 demum
1780 1726 2051 1793 dirutum;
2079 1737 2128 1780 ct

2243 544 2520 616 βούλημα’
2556 545 2668 599 ἀλλ’
2698 548 2820 599 ἐπεὶ
2850 550 2941 601 καὶ
2968 548 3061 602 νῦν
3103 551 3132 602 ὁ
3175 551 3365 622 είρμὸς
3410 552 3564 623 ἡμᾶς
3599 552 3828 607 ἀπαιτεῖ

2238 638 2413 690 εἰπεῖν
2454 636 2593 690 κατὰ
2625 637 2723 709 τὴν
2758 638 3031 692 Ματθαίου
3070 640 3215 707 λέξιν
3256 643 3386 714 περὶ
3416 642 3526 696 τῶν
3566 646 3826 715 ἐκκειμέ-

2239 744 2365 788 νων,
2400 725 2493 779 τὸν
2538 726 2757 798 Πατέρα
2799 728 2899 797 τῆς
2943 730 3130 798 σοφίας
3176 732 3656 803 ἐπικαλεσάμενοι,
3701 734 3824 806 φέρ’

2239 816 2436 888 ἴδωμεν
2464 820 2513 871 εί
2537 817 2684 884 ἄξιόν
2711 837 2763 872 τι
2784 819 3058 889 δυνάμεθα
3083 822 3181 892 τῆς
3208 821 3386 893 Ἰησοῦ
3418 823 3556 893 μετά
3589 823 3826 896 θάρσους

2239 905 2489 977 πράξεως
2520 910 2692 962 είπεῖν
2734 911 2813 972 εἰς
2854 910 2943 963 τὸν
2988 911 3169 965 τόπον.
3204 914 3315 966 Καὶ
3356 913 3574 984 πρῶτον
3605 916 3825 971 λεκτέον

2236 998 2288 1051 τί
2316 998 2377 1050 τὸ
2407 999 2554 1070 ἱερὸν
2584 999 2677 1053 τοῦ
2702 999 2858 1065 Θεοῦ,
2885 1002 3023 1072 ὅπερ
3054 1003 3329 1072 ὁμολογῶν
3355 1007 3385 1058 6
3415 1005 3551 1071 Θεὸς
3583 1003 3737 1061 εἶπεν
3764 1008 3824 1061 ὲν

2237 1087 2314 1158 τῷ
2356 1088 2650 1161 Προφήτῃ·
2689 1109 2708 1142 t
2754 1091 2813 1143 Ὀ
2842 1087 2989 1155 οἶκός
3014 1108 3115 1162 μου
3157 1089 3306 1158 οἶκος
3351 1097 3667 1167 προσευχῆς
3690 1097 3826 1169 κλη-

2238 1179 2479 1251 θήσεται.
2521 1201 2539 1232 ι
2584 1181 2869 1250 Ἀνάλογον
2902 1183 3000 1253 μὲν
3053 1179 3145 1237 οῦν
3188 1188 3254 1256 τῇ
3284 1186 3426 1240 κατά
3458 1190 3639 1258 σάρκα
3673 1206 3827 1263 περι-

2234 1273 2373 1342 τομῇ
2408 1271 2501 1324 καὶ
2529 1275 2647 1336 ταῖς
2682 1276 3021 1343 σωματικαῖς
3044 1273 3137 1327 τοῦ
3160 1274 3325 1346 νόμου
3351 1278 3569 1349 ἑορταῖς
3600 1280 3694 1334 καὶ
3721 1280 3821 1334 θυ-

2238 1363 2399 1425 σίαις,
2423 1362 2564 1433 ἱερὸν
2591 1364 2869 1434 ἐνομίζετο
2893 1363 2985 1417 τοῦ
3001 1364 3136 1419 Θεοῦ
3166 1364 3303 1421 εἶναι
3331 1369 3391 1421 τὸ
3406 1372 3471 1423 ὲκ
3487 1369 3648 1423 λίθων
3668 1374 3822 1426 ἀναι-

2238 1449 2445 1521 σθήτων
2479 1450 2909 1523 κατασκεύασμα
2940 1454 3290 1525 οἰκοδομηθὲν
3327 1458 3432 1510 ὑπὸ
3475 1458 3821 1530 Σολομῶντος

2236 1541 2468 1612 πρῶτον,
2530 1542 2625 1595 καὶ
2668 1543 3086 1615 ἀνοικοδομηθὲν
3127 1547 3206 1599 ἔτι
3248 1548 3353 1601 ὑπὸ
3399 1549 3625 1620 Ἔσδρα,
3680 1540 3819 1623 πλὴν

2236 1631 2375 1701 μετᾶ
2405 1630 2501 1702 τὴν
2530 1630 2620 1684 τοῦ
2648 1632 2898 1703 Σωτῆρος
2928 1635 3234 1705 οἰκονομίαν
3256 1637 3359 1689 ὑπὸ
3383 1638 3669 1709 Ῥωμαίων
3688 1640 3818 1694 καθ-

2234 1721 2448 1793 αιρεθέν
2473 1738 2487 1751 ’
2534 1722 2628 1775 καὶ
2658 1718 2804 1786 οἶκος
2847 1726 3053 1789 ἐκεῖνος
3101 1726 3511 1798 ὑπελαμὸάνετο
3552 1724 3689 1783 εἶναι
3727 1731 3818 1782 εῦ-

560 1814 677 1869 Ιιωο
716 1815 911 1868 domus
945 1812 1210 1868 orationis
1252 1828 1374 1868 esse
1406 1813 1755 1881 credebatur;
1794 1830 1905 1884 quo
1938 1830 2131 1870 everso

2236 1814 2335 1882 χῆς
2358 1830 2369 1843 ’
2401 1809 2462 1867 οὗ
2492 1813 2924 1884 καθαιρεθέντος,
2955 1817 3247 1886 ἀναγκαῖον
3277 1796 3583 1885 δῐουδαίους,
3613 1823 3689 1886 ὼς
3714 1840 3818 1893 μη-

556 1903 796 1971 Judzeos,
836 1912 1022 1974 utpote
1051 1904 1273 1958 domum
1306 1905 1699 1974 oratiouisjam
1748 1923 1858 1961 non
1898 1908 2133 1978 amplius

561 1996 843 2061 habentes,
884 1994 1225 2064 privilegium
1274 1995 1461 2050 itidem
1509 1997 1838 2053 visitationis
1885 1999 1977 2053 Dei
2017 1998 2132 2068 jam

557 2091 793 2160 amplius
840 2102 950 2142 non
1006 2086 1264 2142 habuisse
1308 2089 1619 2143 necessario
1672 2088 1965 2144 dicendum
2011 2097 2130 2153 est;

558 2196 671 2251 quo
700 2181 805 2236 frui
851 2182 1218 2237 credebantur
1247 2180 1551 2250 privilegio,
1583 2190 1866 2250 propterea
1899 2182 2043 2251 quod
2079 2182 2131 2233 in

557 2273 821 2326 orationis
869 2273 1035 2327 domo
1077 2271 1329 2334 orabant,
1379 2278 1666 2340 postquam
1715 2271 1902 2342 legalis
1953 2272 2134 2327 cultus

560 2362 746 2415 munia
788 2362 1056 2417 obierant.
1095 2360 1405 2429 Sospitator
1443 2376 1571 2415 vero
1612 2371 1797 2416 noster
1829 2362 1921 2431 qui
1963 2362 2134 2418 actio-

559 2467 689 2506 num
747 2467 970 2507 suarum
1031 2452 1357 2521 spiritalium
1418 2451 1662 2522 symbola
1710 2452 1901 2519 edidit,
1956 2470 2023 2509 ex
2066 2470 2133 2508 eo

560 2545 761 2613 templo
796 2545 1086 2599 vendentes
1118 2552 1172 2598 et
1201 2552 1443 2599 ementes
1485 2544 1837 2613 corporaliter
1877 2545 2134 2601 deturba-

559 2635 650 2699 rit,
682 2635 1177 2690 nummulariorum
1218 2650 1459 2702 mensas,
1490 2646 1543 2691 et
1573 2637 1860 2692 cathedras
1890 2641 2131 2694 venden-

561 2729 697 2782 tium
725 2728 1006 2784 columbas
1027 2728 1299 2793 everterit,
1322 2737 1375 2782 et
1398 2744 1518 2798 quae
1533 2730 1733 2799 scripta
1750 2740 1965 2785 exstant
1991 2732 2135 2786 dixe-

560 2819 652 2885 rit,
691 2819 759 2874 ad
801 2820 1217 2875 conversionem
1261 2821 1544 2890 praesentis
1581 2829 1695 2877 tum
1745 2821 1883 2877 forte
1923 2823 2129 2893 pepuli,

558 2912 652 2983 qui
685 2926 809 2967 cum
842 2922 1088 2967 sanetam
1135 2910 1490 2969 festivitatem
1523 2914 1577 2968 in
1611 2915 1831 2969 nomine
1866 2913 1956 2969 Dei
1990 2917 2131 2970 cele-

559 3000 719 3059 brare
760 3002 1054 3068 debuisset,
1090 3002 1489 3058 venditionibus
1525 3005 2002 3076 emptionibusque
2023 3022 2129 3059 non

561 3094 617 3149 in
643 3094 762 3148 loco
784 3093 1052 3163 ejusmodi
1083 3094 1249 3150 rebus
1279 3094 1496 3161 idoneo,
1534 3095 1629 3150 sed
1657 3096 1710 3149 in
1743 3096 1943 3165 templo
1970 3113 2131 3151 vaca-

560 3181 693 3236 bat:
739 3182 829 3235 hic
865 3182 956 3235 ubi
999 3182 1206 3250 coiens,
1256 3192 1514 3252 tanquam
1569 3183 1622 3237 in
1665 3186 1929 3240 orationis
1966 3186 2132 3239 domo

560 3289 719 3329 orare
750 3275 1011 3330 debebat:
1061 3284 1117 3328 at
1155 3290 1240 3329 res
1285 3275 1515 3330 orationi
1566 3276 1870 3333 contrarias
1915 3280 2129 3348 agebat,

563 3365 707 3421 haud
734 3381 891 3422 secus
916 3381 980 3421 ac
1010 3366 1063 3419 in
1091 3367 1267 3421 dicata
1304 3366 1564 3421 mercatui
1599 3367 1763 3423 domo
1799 3369 2037 3425 vendens
2069 3387 2134 3426 ac

561 3473 769 3525 cmens,
800 3458 1061 3528 pecunias
1083 3468 1418 3528 permutans,
1444 3466 1498 3512 et
1520 3459 1575 3513 in
1601 3459 1875 3516 cathedris
1903 3461 2134 3517 venden-

561 3549 754 3603 darum
784 3546 1161 3602 columbarum
1202 3548 1376 3617 gratia
1406 3549 1601 3603 sedens
1629 3569 1641 3603 :
1688 3548 2003 3606 Iudaeorum
2033 3568 2133 3607 au-

563 3651 670 3694 tem
728 3640 985 3696 facinoris
1048 3639 1346 3695 foeditatem
1416 3651 1543 3695 tunc
1598 3640 1758 3697 Jesus
1824 3645 2129 3712 abstulerit,

560 3733 780 3801 quando
823 3733 1159 3802 negotiantes
1202 3746 1319 3797 eos,
1363 3741 1418 3787 et
1458 3733 1511 3786 in
1561 3749 1854 3804 corporeas
1906 3736 2133 3791 delicias

561 3822 725 3893 750
754 3839 813 3877 se
841 3822 1203 3887 eﬁundentcs,
1237 3838 1362 3877 cum
1391 3822 1547 3892 juxta
1585 3827 1961 3895 praescriptum
1998 3827 2131 3899 legis

563 3914 761 3969 festqu
790 3914 1065 3969 celebrare
1093 3913 1430 3980 debuissent,
1464 3917 1828 3985 reprehendit.

632 4007 721 4062 2t.
774 4005 931 4062 Nunc
994 4015 1177 4062 autem
1211 4005 1504 4062 conflatum
1556 4023 1619 4062 cx
1670 4008 1805 4064 vivis
1859 4009 2129 4079 lapidibus

562 4100 824 4170 templum
863 4097 1162 4156 Ecclesiam
1208 4114 1328 4155 esse
1374 4100 1649 4165 existimo,
1696 4101 1749 4154 iu
1784 4115 1956 4171 eaque
1998 4117 2135 4155 non-

564 4191 745 4247 nullos
773 4206 916 4260 csse,
947 4191 1041 4262 qui
1078 4206 1186 4245 non
1228 4192 1388 4261 quasi
1419 4192 1473 4245 in
1516 4190 1758 4248 Ecclesia
1798 4178 2003 4258 vivant,
2038 4194 2133 4249 sed

563 4285 721 4356 quasi
770 4304 789 4336 ί
845 4287 1145 4340 secundum
1195 4299 1414 4339 carnem
1459 4283 1693 4339 militent
1716 4284 1798 4352 ⁸⁰;
1851 4302 1870 4337 ι
1930 4288 2134 4356 quique

563 4378 828 4435 orationis
875 4392 942 4432 ex
988 4376 1125 4431 vivis
1171 4375 1444 4445 lapidibus
1486 4384 1860 4430 constructam
1905 4377 2129 4431 domum

566 4488 661 4542 per
686 4488 841 4526 suam
886 4469 1185 4540 nequitiam
1230 4470 1503 4523 latronum
1536 4469 1851 4539 speluncam
1887 4468 2088 4525 faciant
2116 4490 2128 4525 ε

563 4566 688 4636 quis
710 4564 854 4620 enim
884 4572 1169 4634 postquam
1196 4569 1412 4630 peccata
1440 4562 1492 4614 in
1522 4560 1778 4616 Ecelesiis
1806 4562 2130 4630 quibusdam

565 4656 634 4710 ab
675 4658 740 4713 iis
773 4656 1066 4710 commissa
1097 4655 1452 4724 perspexerit,
1483 4652 1577 4723 qui
1607 4654 1836 4707 aliorum
1874 4653 2128 4722 pietatem

2238 1904 2353 1956 κέτι
2401 1904 2621 1974 ἔχοντας
2652 1901 2798 1957 οἷκον
2843 1909 3175 1980 προσευχῆς,
3209 1909 3385 1978 λέγειν
3429 1912 3628 1982 μηκέτι
3674 1913 3817 1983 ἔχειν

2234 1994 2295 2045 τὸ
2321 1990 2595 2064 ἐξαίρετον
2629 1995 2729 2063 τῆς
2758 1996 3062 2068 ἐπισκοπῆς
3093 1998 3187 2051 τοῦ
3211 1999 3369 2063 Θεοῦ,
3399 2002 3427 2054 ὃ
3453 2002 3599 2071 ἔχειν
3625 2002 3812 2072 ᾤοντο,

2237 2082 2386 2149 παρὰ
2418 2082 2478 2135 τὸ
2519 2085 2577 2135 ὲν
2610 2083 2687 2153 τῷ
2718 2085 2853 2155 οἴκῳ
2880 2086 2979 2156 τῆς
3012 2090 3319 2160 προσευχῆς
3364 2091 3638 2162 εὔχεσθαι,
3678 2096 3815 2164 μετά

2235 2172 2296 2224 τὸ
2336 2172 2402 2225 τά
2434 2173 2532 2244 τῆς
2556 2175 2783 2245 νομικῆς
2814 2176 3068 2247 λατρείας
3097 2178 3381 2231 ἐπιτελεῖν.
3414 2182 3521 2233 Καὶ
3551 2181 3814 2254 ὲκϋεσληο

2237 2261 2378 2316 κέτω
2414 2263 2738 2333 σωματικῶς
2773 2266 2867 2318 ἀπ’
2901 2254 3109 2318 ἐκείνου
3140 2269 3167 2319 ὁ
3189 2269 3282 2321 καὶ
3314 2268 3560 2339 σύμϐολα
3586 2272 3816 2341 ποιήσας

2235 2354 2343 2410 τῶν
2376 2354 2519 2408 ἰδίων
2553 2357 2932 2425 πνευματικῶν
2965 2359 3215 2429 πράξεων
3262 2361 3452 2432 Σωτὴρ
3479 2361 3659 2432 ἡμῶν,
3688 2364 3817 2427 τοὺς

2236 2445 2549 2509 πωλοῦντας
2591 2447 2683 2499 καὶ
2712 2446 3100 2517 ἀγοράζοντας,
3146 2448 3239 2500 καὶ
3267 2448 3365 2512 τάς
3406 2446 3683 2520 τραπέζας
3708 2448 3818 2503 τῶν

2236 2538 2597 2592 κολλυΰιστῶν
2630 2538 3101 2611 καταϐεϐληκέτω,
3137 2540 3230 2593 καὶ
3274 2540 3373 2603 τὰς
3406 2541 3674 2612 καθέδρας
3704 2541 3817 2594 τῶν

2237 2628 2540 2684 πολούντων
2566 2629 2666 2692 τὰς
2708 2630 3054 2701 περιστερὰς,
3093 2631 3186 2683 καὶ
3223 2632 3492 2702 εἰρηκέτω
3525 2633 3594 2685 τὰ
3636 2632 3818 2686 ἐκκεί-

2240 2738 2373 2790 μενα
2395 2721 2473 2784 εἰς
2497 2721 2829 2793 ἐπιστροφὴν
2854 2722 2949 2775 τοῦ
2972 2723 3091 2776 τότε
3115 2723 3266 2787 λαοῦ,
3297 2724 3419 2777 ἀντὶ
3448 2725 3652 2796 σεμνῆς
3681 2742 3819 2777 παν-

2234 2811 2486 2883 ηγύρεως
2520 2812 2938 2884 ἐπιτελουμένης
2985 2815 3042 2866 ἐν
3089 2814 3313 2885 ὀνόματι
3357 2815 3491 2869 Θεοῦ
3527 2814 3817 2885 σχολαζόν-

2234 2925 2341 2961 των
2380 2905 2456 2977 τῷ
2483 2907 2678 2960 πωλεῖν
2717 2907 2808 2960 καὶ
2837 2908 3149 2979 ἀγοράζειν,
3188 2908 3286 2961 οὐκ
3312 2910 3367 2962 ἐν
3398 2911 3462 2981 τῇ
3503 2908 3818 2981 καθηκούσῃ

2236 2999 2390 3071 χώρα
2437 2999 2495 3052 ὲν
2615 2999 2719 3052 ἔδει
2755 2999 2952 3053 πωλεῖν
3000 3001 3091 3053 καὶ⁷
3123 3000 3433 3073 ἀγοράζειν,
3478 3001 3592 3056 ἀλλ’
3633 3003 3690 3055 ὲν
3738 3002 3817 3073 τῷ

2238 3089 2368 3160 ἱερῷ
2392 3105 2404 3118 ·
2440 3087 2567 3142 ἔνθα
2594 3090 2762 3161 ἐχρῆν
2794 3091 2890 3159 μὲν
2919 3091 3342 3163 συνερχομένους
3371 3090 3625 3163 εὔχεσθαι
3654 3093 3727 3156 ὡς
3756 3095 3816 3147 ὲν

2188 3170 2201 3187 ’
2235 3181 2369 3251 οἴκῳ
2400 3183 2707 3253 προσευχῆς
2729 3200 2742 3212 ·
2785 3182 3001 3236 ἐποίουν
3048 3184 3103 3236 δὲ
3137 3185 3205 3238 τὰ
3242 3184 3460 3238 ὲναντία
3491 3186 3559 3256 τῇ
3594 3185 3725 3255 εὐχῇ
3760 3186 3820 3238 ὲν

2236 3271 2401 3342 αὐτῷ,
2434 3272 2508 3337 ὡς
2538 3274 2595 3325 ὲν
2641 3271 2774 3342 οἴκῳ
2812 3272 3100 3344 ἐμπορικῷ
3132 3273 3437 3338 πωλοῦντες
3481 3275 3575 3328 καὶ
3611 3275 3818 3346 ἀγορά-

2237 3366 2441 3430 ζοντες,
2467 3367 2561 3419 καὶ
2589 3364 2827 3437 ἀργύρια
2848 3365 3276 3434 κολλυδίζοντες,
3302 3368 3397 3421 καὶ
3425 3369 3519 3421 ἐπὶ
3542 3368 3823 3439 καθεδρῶν

2237 3456 2611 3528 καθεζόμενοι,
2643 3457 2735 3510 ἴνα
2764 3457 2985 3510 πωλῶσι
3023 3460 3371 3530 περιστεράς.
3399 3461 3510 3513 Καὶ
3549 3461 3610 3514 τὸ
3643 3459 3819 3531 ἄσεμ-

2238 3566 2328 3603 νον
2369 3549 2479 3602 τῶν
2520 3549 2818 3619 γινομένων
2853 3549 3005 3621 παρὰ
3050 3550 3328 3616 Ἰουδαίοις
3377 3553 3497 3608 τότε
3538 3554 3566 3605 ὁ
3609 3553 3817 3623 Ἰησοῦς

2239 3641 2396 3712 ἡμῶν
2424 3641 3067 3714 καθῃρηκέτω,,ὲλέγξας
3097 3644 3243 3707 τοὺς,
3279 3644 3398 3697 ἀντὶ
3432 3643 3525 3697 τοῦ
3560 3644 3698 3699 κατὰ
3726 3645 3818 3698 τὸν

2239 3737 2399 3805 νόμον
2443 3735 2738 3805 ἑορτάζειν,
2795 3736 3285 3807 ἐμπορευομένους,
3339 3737 3433 3790 καὶ
3485 3737 3817 3808 σωματικῶς

2238 3826 2576 3898 τρυφῶντας.

2310 4011 2420 4065 Καὶ
2449 4010 2541 4065 νῦν
2572 4011 2628 4065 δὲ
2658 4010 2862 4083 νομίζω
2900 4011 3041 4085 ἱερὸν
3078 4015 3142 4068 ix
3168 4012 3330 4068 λίθων
3372 4012 3590 4079 ζώντων
3614 4014 3820 4070 οικοδο-

2243 4103 2410 4175 μηθὲν
2437 4099 2697 4175 εἶναιτὴν
2733 4104 3080 4175 Ἐκκλησίαν,
3109 4105 3203 4159 καὶ
3230 4102 3369 4159 εἶναι
3398 4108 3455 4160 ὲν
3487 4107 3622 4177 αὐτῇ
3666 4124 3818 4170 τινας

2237 4198 2333 4268 οὐχ
2359 4197 2434 4259 ὡς
2467 4198 2525 4249 ὲν
2567 4195 2863 4267 Ἐκκλησία
2897 4195 3124 4262 ζῶντας,
3155 4195 3269 4250 ἀλλ’
3300 4197 3376 4260 ὡς
3410 4215 3429 4248 t
3469 4197 3609 4250 κατὰ
3640 4198 3817 4269 σάρκα

2239 4290 2716 4360 στρατευομένους,
2742 4308 2759 4340 ι
2789 4289 2984 4353 οἵτινες
3016 4289 3112 4343 καὶ⁵
3140 4288 3351 4342 ποιοῦσι
3379 4289 3470 4342 τὸν
3514 4290 3609 4360 τῆς
3644 4306 3815 4359 προσ-

2236 4383 2401 4453 ευχῆς
2437 4384 2499 4434 ὲκ
2530 4380 2745 4446 ζώντων
2786 4381 2949 4434 λίθων
2980 4376 3126 4434 οἷκον
3156 4381 3369 4454 λῃστῶν
3399 4381 3485 4435 διά
3516 4382 3613 4452 τὴν
3636 4380 3815 4433 αὐτῶν

2239 4472 2434 4527 κακίαν
2470 4470 2729 4542 σπήλαιον
2754 4486 2767 4499 '
2806 4470 2889 4533 τίς
2941 4470 3066 4540 γὰρ,
3112 4471 3450 4541 κατανοήσας
3488 4468 3555 4523 τὰ
3588 4469 3642 4522 ἐν
3675 4483 3815 4521 τισιν

2253 4563 2600 4634 Ἐκκλησίαις
2629 4562 3052 4633 ἁμαρτανόμενα
3076 4561 3179 4614 ὑπὸ
3200 4561 3307 4615 τῶν
3331 4560 3698 4632 νομιζομένων
3720 4576 3816 4611 πο-

2244 4655 2432 4725 ρισμὸν
2458 4651 2597 4708 εἶναι
2635 4652 2733 4723 τὴν
2769 4652 2973 4723 ἑτέρων
3000 4651 3302 4717 εὐσέϐειαν,
3340 4653 3437 4707 καὶ
3462 4652 3583 4706 δέον
3623 4655 3686 4705 ὲκ
3720 4653 3813 4707 τοῦ

1758 4790 1988 4845 VETUS
2038 4787 2624 4847 INTERPRETATIO.

568 4924 596 4960 a
632 4907 945 4970 Salomone.
969 4909 1163 4964 deinde
1196 4916 1502 4978 reparatum
1536 4909 1604 4963 ab
1630 4907 1831 4978 Esdra,
1862 4916 2049 4978 postea
2077 4922 2206 4962 vero
2234 4915 2353 4976 post
2389 4907 2591 4964 Christi
2629 4908 2918 4978 adventum
2950 4924 2979 4963 a
3025 4908 3292 4963 Romanis
3333 4908 3670 4978 destructum
3712 4926 3725 4961 :
3760 4912 3816 4958 et

569 4979 657 5030 illa
686 4981 1099 5034 existimabatur
1122 4975 1316 5033 domus
1344 4995 1466 5034 esse
1492 4979 1778 5035 orationis.
1810 4975 1928 5043 Qua
1956 4975 2252 5049 destructa,
2289 4992 2509 5049 necesse
2536 4988 2621 5033 est
2652 4987 2710 5032 ut
2736 4975 2910 5031 Judaei
2939 4980 3097 5047 quasi
3136 4994 3241 5049 non
3267 4978 3380 5048 jam
3406 4977 3670 5049 habentes
3716 4978 3819 5049 do.

568 5063 716 5118 mum
750 5050 1033 5118 orationis,
1058 5052 1169 5118 jam
1202 5062 1310 5102 non
1339 5050 1571 5103 habeant
1601 5050 1939 5117 privilegium
1967 5048 2351 5118 speculationis
2382 5046 2496 5114 Dei,
2530 5064 2627 5103 nec
2656 5048 2868 5116 possint
2903 5045 3210 5102 secundum
3237 5045 3406 5118 legem
3426 5045 3556 5118 Deo
3588 5048 3817 5103 servire.

566 5116 832 5197 liceri-go
861 5117 1024 5197 facto,
1058 5116 1241 5197 omina
1270 5118 1523 5197 Christus
1551 5116 1710 5197 ejecit
1736 5116 2073 5197 in’my-sterio
2097 5117 2718 5197 spiritualium_actuum
2756 5133 2981 5197 suorum
3014 5137 3027 5172 :
3077 5127 3132 5172 et
3182 5116 3309 5171 tunc
3335 5116 3462 5197 fecit
3505 5117 3811 5184 visibilitcr,

566 5189 710 5257 quod
740 5186 953 5257 semper
979 5188 1324 5243 invisibiliter
1357 5190 1488 5258 agit,
1521 5186 1745 5256 ejiriens
1780 5186 2072 5243 vendentes
2098 5194 2151 5241 et
2183 5194 2428 5241 ementes
2454 5187 2520 5241 tle
2543 5189 2763 5256 templo,
2795 5196 2849 5240 et
2877 5203 3094 5242 mensas
3121 5186 3618 5258 nummulariorum
3663 5202 3819 5241 ever-

567 5255 686 5312 tens
723 5267 775 5313 et
806 5255 1092 5313 cathedras
1117 5255 1463 5313 vendentium
1495 5260 1799 5323 columbas,
1826 5258 1893 5312 ad
1928 5258 2325 5325 correptionem
2367 5258 2574 5327 populi,
2619 5255 2677 5310 ut
2707 5272 2814 5310 non
2840 5272 2938 5325 pro
2971 5257 3159 5312 mundi
3194 5255 3580 5327 festivitatibus
3609 5257 3664 5310 in
3719 5272 3818 5309 no-

568 5331 712 5382 mine
744 5326 835 5382 Dei
868 5329 1233 5399 emptionibus
1257 5338 1310 5383 et
1343 5328 1749 5384 venditionibus
1774 5338 1968 5383 vacent
2000 5329 2054 5382 in
2085 5328 2202 5382 loco
2231 5342 2345 5399 non
2374 5326 2726 5399 competenti,
2771 5328 2823 5399 in
2855 5341 2966 5396 quo
3002 5342 3109 5381 non
3143 5327 3342 5381 debent
3387 5326 3623 5381 vendere
3646 5366 3660 5392 ,
3712 5341 3814 5381 nec

565 5415 768 5465 emere,
796 5400 901 5470 sed
931 5396 1270 5453 orationibus
1296 5414 1508 5463 vacare,
1539 5402 1633 5468 qui
1656 5408 2058 5470 congregantur
2076 5397 2255 5470 quasi
2278 5400 2333 5450 in
2360 5396 2525 5470 domo
2563 5396 2851 5450 orationis.

635 5441 915 5525 ibin}
933 5441 1951 5546 “ess’e‘i‘enrp’liiinvflei
1972 5482 2039 5546 es
2075 5441 2346 5546 lapidibus
2371 5467 2522 5546 vivis_
2535 5475 2930 5532 constructum,
2962 5469 3260 5546 yeclesiam
3286 5464 3511 5546 Christi.
3550 5461 3691 5518 Sunt
3716 5478 3817 5518 att-

566 5542 860 5614 tetnmulti
880 5543 942 5614 in
967 5556 1038 5614 ea
1050 5553 1160 5614 non
1183 5541 1324 5614 sicut
1350 5539 1504 5594 decet
1529 5534 1768 5594 viventes
1788 5534 2249 5614 spiritaliteﬁsed
2277 5556 2294 5587 ι
2321 5536 2621 5614 secundum
2656 5549 2873 5589 carnem
2904 5535 3159 5614 militant,
3190 5552 3210 5614 ξ
3238 5537 3331 5605 qui
3360 5543 3415 5589 et
3427 5534 3658 5614 domum
3686 5547 3815 5614 ora:

569 5609 732 5663 tionis
764 5612 829 5664 dc
880 5610 1148 5679 lapidibus
1186 5610 1324 5663 vivis
1363 5618 1735 5665 constructam
1784 5601 1989 5664 faciunt
2023 5607 2337 5678 speluncam
2377 5620 2499 5662 esse
2531 5606 2827 5671 latronum,
2874 5603 3085 5659 actibus
3130 5601 3384 5659 suis'non
3426 5602 3671 5660 Ecclesia
3706 5601 3813 5660 De!

640 5722 685 5757 τ’
722 5724 824 5782 lsa.
858 5742 965 5788 LVI,
997 5727 1050 5781 7.
1125 5728 1171 5760 ⁸ο
1202 5725 1244 5779 ll
1271 5725 1399 5783 Cor.
1434 5743 1490 5795 χ,
1524 5728 1577 5783 5.
