4074 6300
295 375 437 431 ιιιε

1237 370 1589 427 COMMENT.
1634 370 1699 425 IN
1739 367 2154 425 MATTIUEUM
2196 369 2433 427 TOMUS
2468 370 2607 426 XVI.

3422 378 3562 440 Hii}
3609 440 3616 447 .

294 490 629 559 Εὐαγγελίου
663 489 822 560 μόνον
850 486 1059 560 διαζῇν,
1100 488 1258 542 τοῦτο
1296 490 1394 560 μὲν
1440 490 1514 561 μὴ
1554 488 1869 549 ποιούντων,

1980 494 2246 555 ψιιοειιιιη
2265 500 2387 541 esse
2408 486 2747 550 existimant,
2775 500 3010 557 cumque
3034 501 3098 543 cx
3120 487 3416 562 Evangelia
3467 496 3549 549 vi-

291 582 526 636 πλοῦτον
561 581 618 634 δὲ
652 582 746 634 καῖ
784 580 985 652 πολλὴν
1011 580 1205 651 κτῆσιν
1233 581 1592 649 συναγόντων,
1635 580 1736 633 οὐκ
1761 580 1877 649 ἐρεῖ

292 672 562 743 σπήλαιον
602 671 814 745 λῃστῶν
854 672 1134 741 γεγονέναι
1177 672 1238 725 rb
1270 671 1586 742 τηλικοῦτον
1619 672 1717 742 τῆς
1753 671 1878 725 Ἐκ-

289 763 524 834 κλησίας
569 767 896 837 μυστήριονς
930 765 1082 817 Ὠστ“
1106 764 1172 818 ἂν
1214 766 1388 817 εἰπεῖν
1416 765 1507 817 τὸν
1546 761 1756 835 Ἰησοῦν
1784 764 1877 815 ἐπὶ

284 859 399 919 τοῖς
426 855 896 928 ἁμαρτανομένοις
923 857 981 908 ἐν
1003 850 1047 924 ᾧ
1073 856 1420 927 ᾠκοδόμησεν
1450 854 1582 928 ἱερῷ
1603 854 1785 920 ζῶντι,
1814 854 1876 909 τό

283 963 348 1000 τε
401 947 514 1001 ἀπὸ
561 946 669 1000 τῶν
713 946 961 1017 Ψαλμῶν
1000 945 1173 1011 οὕτως
1218 946 1373 1017 ἔχον*
1434 964 1454 997 ι
1512 947 1606 1011 Τίς
1638 946 1876 1017 ὠφέλεια

287 1039 347 1092 ἐν
376 1037 462 1108 τῷ
492 1037 682 1109 αἵματί
719 1055 819 1108 μου
859 1039 918 1091 ὲν
962 1036 1039 1108 τῷ
1080 1037 1379 1109 καταϐῆναί
1428 1055 1495 1108 με
1538 1039 1618 1102 είς
1656 1036 1874 1106 διαφθο-

289 1130 425 1201 ράν;
469 1149 488 1181 ι
532 1131 627 1184 καὶ
656 1130 718 1182 τὸ
759 1129 868 1182 ἀπὸ
900 1128 1015 1193 τοῦ,
1050 1129 1126 1193 ὡς
1155 1125 1325 1201 οἶμαι,
1368 1129 1527 1201 Ὠσηὲ
1570 1127 1704 1199 (17),
1746 1127 1876 1183 ἔνθα

283 1221 319 1290 ἠ
344 1218 443 1273 τοῦ
484 1218 659 1290 Ἰησοῦ
686 1218 837 1290 ,ψυχὴ
864 1219 1012 1288 λέγει
1034 1213 1618 1305 δυσαρεστουμένηκτῷ
1646 1217 1746 1289 βίῳ
1766 1218 1874 1271 τῶν

282 1311 739 1383 ἁμαρτανόντων,
783 1311 878 1364 καὶ
909 1311 966 1363 ὲν
995 1309 1073 1381 τῷ
1104 1310 1234 1382 ἱερῷ
1263 1305 1404 1364 εἶναι
1433 1309 1751 1375 δοκούντων,
1777 1310 1839 1364 τό
1857 1328 1869 1340 ·

284 1422 305 1456 ι
362 1404 562 1473 Οῐμοι,
618 1404 699 1455 ὅτι
751 1401 1016 1473 ἐγενήθην
1069 1402 1147 1466 ὡς
1202 1403 1447 1471 συνάγων
1503 1401 1757 1475 καλάμην
1816 1405 1874 1457 ὲν

277 1494 509 1567 ἀμητῷ,
541 1496 636 1548 κα)⁸
685 1496 760 1559 ὡς
808 1494 1125 1564 ὲπιφυλλίδα
1162 1496 1220 1549 ὲν
1255 1495 1529 1567 τρυγητῷ,
1577 1497 1675 1550 οὐκ
1724 1495 1874 1561 ὄντος

280 1588 524 1658 στάχυος
553 1586 665 1658 (l8)
692 1587 786 1640 τοῦ
823 1588 1014 1656 φαγεῖν
1039 1586 1108 1641 τά
1129 1587 1468 1659 πρωτόγονα.
1497 1588 1678 1657 Οῐμοι,
1703 1587 1869 1659 ψυχὴ,

277 1675 366 1727 ὅτι
397 1673 677 1728 ἀπόλωλεν
707 1675 941 1747 εὐλαϐὴς
985 1676 1093 1730 ἀπὸ
1121 1676 1222 1747 τῆς
1253 1676 1378 1747 γῆς,
1404 1676 1500 1730 καὶ
1530 1678 1559 1729 ό
1592 1677 1871 1748 κατορθῶν

280 1770 342 1822 ιν
385 1765 699 1839 ἀνθρώποις
734 1770 833 1839 οὐχ
877 1770 1135 1840 ὑπάρχει.
1175 1787 1193 1824 ι
1240 1769 1350 1821 Καὶ
1393 1767 1487 1822 ἐὰν
1518 1770 1870 1841 προσκόπτῃς

1985 586 2132 632 ctum
2155 586 2335 649 petere
2370 588 2637 649 oporteat,
2673 580 2722 634 id
2767 580 2989 649 quidem
3030 595 3138 634 non
3180 580 3410 650 faciunt,
3462 588 3559 640 sed

1980 668 2223 732 divitias,
2271 670 2627 740 ingentesque
2660 669 2947 725 facultates
2973 683 3311 739 comparant,
3339 682 3559 729 tantum

1980 757 2112 814 illud
2140 759 2399 815 Ecclesia:
2431 762 2750 833 mysterium
2779 762 3056 817 latronum
3088 764 3401 832 speluncam
3437 785 3562 824 esse

1979 850 2183 906 factum
2216 866 2327 908 nou
2360 851 2630 908 fateatur?
2663 853 2801 910 adeo
2846 863 2907 909 ut
2930 855 2996 910 de
3024 856 3284 924 peccatis,
3319 859 3372 912 in
3402 860 3556 925 vivo,

1978 943 2124 1012 quod
2154 943 2271 1013 ipse
2314 944 2621 1011 aediﬁcavit,
2663 945 2866 1015 templo
2905 946 3185 1014 admissis,
3214 950 3461 1018 apposite
3504 952 3557 1006 id

1978 1031 2127 1087 dicat
2151 1031 2427 1099 Christus,
2451 1036 2597 1106 quod
2628 1050 2657 1091 e
2684 1035 2918 1091 Psalmis
2959 1036 3338 1108 depromptum
3366 1041 3508 1096 est“
3535 1060 3551 1097 :

1983 1142 2002 1175 ι
2039 1123 2171 1190 Quae
2200 1125 2408 1181 utilitas
2449 1126 2507 1182 in
2548 1127 2813 1198 sanguine
2844 1141 2988 1190 meo,
3021 1128 3147 1184 dum
3179 1127 3452 1186 descendo
3497 1132 3553 1187 in

1977 1222 2425 1291 corruptionem?
2448 1241 2467 1274 ι
2495 1231 2550 1278 et
2564 1222 2709 1293 quod
2729 1221 2871 1293 apud
2891 1219 3053 1288 Osee,
3073 1223 3127 1277 ui
3147 1220 3327 1291 fallor,
3351 1235 3550 1290 exstat,

1977 1314 2072 1368 ubi
2120 1312 2248 1368 Jesu
2295 1316 2498 1383 anima,
2538 1316 2649 1371 vita
2695 1326 3066 1385 peccatorum,
3114 1319 3209 1387 qui
3247 1318 3303 1372 in
3348 1320 3556 1390 templo

1976 1402 2342 1460 nihilominus
2390 1421 2512 1462 esse
2553 1406 2827 1472 videntur,
2876 1406 3104 1475 oﬂ‘ensa,
3150 1409 3228 1463 ait
3270 1409 3356 1464 ⁸²ι
3399 1428 3419 1461 ι
3465 1408 3559 1465 Vae

1975 1494 2113 1549 mihi
2144 1497 2273 1566 quia
2304 1496 2483 1553 factus
2510 1512 2632 1553 sum
2668 1498 2811 1553 sicut
2840 1498 2934 1568 qui
2971 1509 3267 1570 congregat
3297 1500 3555 1571 stipulam

1976 1588 2029 1643 in
2070 1606 2271 1657 messe,
2299 1600 2353 1646 et
2385 1592 2529 1647 sicut
2563 1607 2810 1648 racemos
2842 1593 2895 1647 in
2934 1593 3228 1659 vindemia,
3273 1611 3397 1650 cuin
3444 1611 3556 1651 non

1975 1679 2046 1736 sit
2070 1681 2220 1750 spica
2243 1680 2311 1735 ad
2332 1683 2726 1741 comedendum
2744 1684 3042 1753 primitiva.
3071 1683 3164 1740 Va:
3189 1687 3320 1740 mihi
3349 1688 3554 1754 anima,

1973 1774 2101 1843 quia
2125 1776 2287 1844 periit
2324 1776 2449 1846 pius
2481 1776 2547 1831 de
2586 1784 2750 1841 terra,
2782 1784 2836 1830 et
2866 1792 2973 1831 non
3017 1785 3102 1832 est
3143 1778 3198 1832 in
3235 1779 3555 1836 hominibus

280 1877 348 1929 γε
383 1859 465 1931 τῷ
488 1859 662 1914 ταῦτα
686 1860 864 1928 λέγειν
893 1862 982 1915 τὸν
1022 1860 1246 1933 Ἰησοῦν,
1271 1861 1365 1915 καὶ
1394 1860 1692 1915 πενθοῦντα
1715 1863 1869 1934 ἡμῶν

1975 1865 2068 1934 qui
2104 1866 2397 1936 corrigat.»
2432 1863 2490 1919 Si
2520 1865 2621 1920 hac
2647 1881 2809 1935 porro
2832 1864 2957 1921 Jesu
2992 1868 3264 1935 oratione,
3299 1870 3557 1940 quodque

280 1953 354 2006 τὰ
390 1953 711 2020 πταίσματα
761 1954 990 2022 φάσκειν
1036 1954 1130 2007 τό·
1173 1972 1191 2005 ι
1244 1955 1424 2025 Οίμοι,
1476 1951 1645 2025 ψυχὴ,
1686 1973 1704 2006 ι
1745 1972 1870 2008 συν-

282 2045 542 2110 εξέτασον
575 2045 783 2109 τούτοις
824 2046 886 2098 rb
927 2046 1035 2100 άπὸ
1064 2046 1158 2100 τοῦ
1205 2045 1560 2115 Εὐαγγελίου,
1604 2045 1733 2101 ἔνθα
1778 2046 1873 2115 γέ-

280 2152 554 2206 γραπται,
582 2137 686 2197 ὅτι,
729 2154 746 2185 ι
785 2135 906 2189 ἰδὼν
938 2136 1037 2206 τὴν
1083 2135 1456 2207 Ἰερουσαλὴμ,
1492 2135 1755 2188 ἔκλαυσεν
1783 2136 1869 2189 ἐπ’

280 2226 445 2297 αὐτῇ,
497 2227 592 2279 καὶ
637 2223 779 2280 εἷπε.
831 2246 849 2277 ι
908 2226 1021 2279 Καὶ
1075 2226 1273 2296 μᾶλλόν
1311 2243 1396 2293 γε,
1431 2226 1591 2296 εἰπερ
1635 2226 1871 2294 εὐλόγως

281 2316 552 2372 ἔκλαυσεν
605 2318 697 2370 ἐπὶ
746 2316 1122 2388 Ἰερουσαλὴμ,
1170 2316 1534 2388 εὐλογώτερον
1580 2316 1871 2371 κλαύσεται

279 2410 378 2462 ἐπὶ
424 2409 522 2481 τὴν
565 2408 911 2479 Ἐκκλησίαν,
947 2408 1392 2479 οἰκοδομηθεῖσαν
1444 2409 1541 2478 μὲν
1590 2409 1677 2462 ἵνα
1725 2406 1872 2472 οἶκος

279 2502 600 2573 προσευχῆς
637 2496 693 2575 ᾖ,
726 2499 1023 2571 γενομένην
1054 2499 1111 2552 δὲ
1150 2499 1238 2553 διὰ
1282 2499 1382 2571 τὴν
1430 2500 1872 2571 αἰσχροκέρδειαν

278 2595 381 2648 καὶ
423 2596 635 2666 τρυφήν
667 2610 849 2656 τινων,
885 2591 998 2645 ἀλλ’
1030 2591 1141 2648 εἴθε
1176 2592 1251 2663 μὴ
1282 2592 1375 2646 καῖ
1405 2591 1512 2646 τῶν
1553 2593 1871 2664 ἡγουμένων

279 2686 381 2740 τοῦ
418 2687 571 2753 λαοῦ,
600 2687 861 2758 σπήλαιον
887 2686 1121 2759 λῃστῶν.
1167 2686 1325 2740 Ἀλλὰ
1354 2687 1475 2739 τότε
1502 2667 1597 2755 μὲν
1628 2685 1872 2757 εἰσῆλθεν

293 2778 506 2848 Ἰησοῦς
535 2782 615 2843 είς
657 2781 720 2833 τὸ
766 2779 907 2850 ἱερὸν
949 2777 1045 2832 τοῦ
1094 2777 1253 2842 θεοῦ,
1299 2779 1393 2831 καὶ
1432 2776 1702 2848 ὲκάθαρεν
1740 2776 1872 2830 αὐτὸ

278 2870 536 2924 ὲκϐαλὼν
568 2873 774 2937 πάντας
796 2873 922 2936 τοὺς
951 2872 1265 2935 πωλοῦντας
1293 2872 1387 2925 καὶ
1420 2870 1787 2942 ἀγοράζοντας
1814 2870 1872 2922 ὲν

277 2961 362 3032 τῷ
398 2962 548 3033 ἱερῷ,
581 2962 797 3026 καὶτὰς
824 2962 1102 3033 τραπέζας
1146 2963 1254 3016 τῶν
1297 2961 1657 3017 κολλυϐιστῶν
1701 2977 1871 3014 κατα-

282 3051 528 3121 στρέψας
563 3051 701 3123 μετὰ
752 3053 859 3106 τῶν
893 3051 1170 3124 καθεδρῶν
1214 3053 1271 3106 ὲν
1319 3047 1407 3115 αἷς
1465 3049 1783 3115 ἐκαθέζοντο
1821 3051 1871 3103 oi

280 3141 594 3207 πωλοῦντες
617 3143 717 3207 τὰς
751 3145 1097 3217 περιστεράς.
1118 3143 1230 3197 Νῦν
1256 3144 1312 3197 δὲ
1344 3146 1466 3199 ὅσον
1500 3143 1596 3214 μὲν
1615 3144 1716 3196 οὐκ
1753 3143 1873 3195 ἐπι-

284 3235 614 3289 σκοποῦνται
651 3236 701 3288 οἱ
729 3235 805 3306 τῷ
835 3236 1055 3307 ὀνόματι
1099 3235 1272 3308 Ἰησοῦ
1319 3234 1556 3308 Χριστοῦ
1594 3235 1868 3305 γινόμενοι

279 3327 378 3379 ἐπὶ
410 3325 471 3379 rb
502 3326 635 3380 αὐτὸ
657 3327 716 3379 ἐν
772 3332 1133 3396 συναγωγαῖς,
1163 3328 1299 3381 εἰσὶν
1342 3329 1392 3380 oi
1440 3327 1747 3391 πωλοῦντες
1775 3328 1869 3379 καῖ

281 3416 646 3489 ἀγοράζοντες
679 3419 736 3470 ὲν
760 3416 838 3488 τῷ
872 3410 1022 3489 ίερῷ,
1049 3418 1143 3471 καῖ¹
1170 3416 1240 3469 τὰ
1258 3416 1419 3471 λοιπὰ
1441 3416 1741 3480 ποιοῦντες,
1775 3418 1868 3470 καὶ

281 3507 519 3579 οὐδαμοῦ
582 3507 790 3579 Ἰησοῦς
839 3508 1021 3572 αὐτοῖς
1065 3508 1428 3577 ἐπιφαίνεται,
1484 3508 1574 3561 ἴνα
1621 3505 1867 3561 ἐκϐαλὼν

284 3598 438 3673 σώσῃ
467 3601 591 3663 τοὺς
615 3599 853 3663 λοιποὺς,
886 3599 918 3671 ἢ
952 3599 1238 3661 κάκείνους
1270 3597 1632 3668 ἐκϐληθέντας
1666 3600 1863 3669 ποιήσῃ

283 3690 670 3746 συναισθέσθαι
694 3692 793 3762 τῆς
811 3691 1105 3762 ἁμαρτίας,
1127 3690 1221 3743 καὶ⁵
1240 3688 1502 3743 εἰσελθεῖν
1521 3692 1599 3753 είς
1619 3689 1680 3742 τὸ
1698 3691 1740 3742 ίε
1751 3690 1860 3760 ρὸν,

279 3784 465 3837 οὐκέτι
513 3784 651 3856 μετά
683 3783 776 3836 τοῦ
828 3782 1024 3836 πωλεῖν
1074 3783 1167 3836 καῖ
1193 3782 1506 3853 ἀγοράζειν,
1546 3782 1579 3852 ἢ
1611 3782 1678 3835 τά
1702 3782 1865 3835 λοιπὰ

1975 1954 2162 2023 lapsus
2192 1965 2409 2011 nostros
2431 1956 2636 2011 deﬂens
2656 1956 2857 2012 dixerit
2889 1975 2902 2011 :
2947 1976 2964 2008 ι
2996 1955 3084 2012 Vae
3117 1960 3249 2013 mihi
3292 1960 3496 2028 anima,
3528 1980 3550 2014 ι

1974 2043 2284 2112 oﬂenderis,
2331 2064 2456 2103 cum
2506 2050 2591 2105 his
2632 2048 2900 2105 contende
2928 2048 2975 2079 ⁸³
3007 2065 3130 2119 quin
3163 2049 3435 2105 habentur
3485 2052 3546 2106 in

1976 2134 2293 2202 Evangelio,
2322 2138 2415 2192 ubi
2440 2140 2706 2209 scriptum
2735 2148 2840 2205 est,
2879 2157 2898 2190 ι
2941 2138 3207 2194 videntem
3230 2154 3355 2193 eum
3388 2138 3551 2194 Jeru-

1975 2226 2143 2281 salem
2175 2226 2394 2284 ﬂevisse
2440 2244 2606 2300 super
2654 2231 2825 2298 illam,
2878 2242 2934 2287 et
2978 2230 3208 2286 dixisse.
3252 2249 3272 2282 ι
3310 2229 3467 2297 Quod
3504 2231 3550 2285 si

1975 2333 2140 2387 super
2180 2318 2480 2375 Jerusalem
2535 2337 2659 2376 cum
2705 2322 2917 2377 ratione
2946 2320 3114 2386 ﬂevit,
3168 2323 3329 2391 longe
3376 2322 3554 2393 magis

1974 2408 2137 2462 etiam
2171 2419 2598 2466 consentaneum
2627 2401 2732 2467 erit
2770 2421 2832 2466 ut
2861 2428 3028 2482 super
3059 2412 3371 2467 Ecclesiam
3401 2412 3550 2479 ﬂeat,

1973 2513 2098 2568 quae
2124 2500 2192 2553 ad
2232 2501 2285 2554 id
2327 2502 2593 2557 aediﬁcata
2624 2511 2710 2558 est
2737 2509 2798 2557 ut
2831 2503 3028 2558 domus
3073 2503 3145 2557 sit
3173 2504 3459 2570 orationis,
3494 2514 3552 2559 at

1974 2598 2194 2660 propter
2223 2602 2438 2661 turpem
2490 2594 2881 2648 nonnullorum
2917 2604 3184 2663 quaestum
3235 2609 3299 2649 ac
3331 2594 3547 2662 luxum,

1974 2691 2138 2749 atque
2179 2683 2397 2736 utinam
2437 2698 2547 2737 non
2590 2695 2647 2739 et
2687 2685 2996 2755 principum
3045 2685 3253 2755 populi,
3289 2686 3549 2756 spelunca

1976 2772 2249 2827 latronum
2300 2774 2493 2830 eﬂ'ecta
2545 2776 2668 2830 est?
2720 2774 2917 2830 Verum
2952 2786 3081 2831 tunc
3127 2778 3412 2847 ingressus
3460 2790 3547 2833 est

1975 2862 2193 2931 quidem
2221 2862 2383 2919 Iesus
2410 2866 2462 2919 in
2489 2867 2747 2937 templum
2780 2866 2896 2934 Dei,
2923 2866 3081 2937 751
3115 2876 3170 2922 et
3192 2868 3320 2923 illttd
3346 2884 3548 2940 expur-

1977 2953 2142 3022 gavit,
2190 2956 2381 3023 ejectis
2432 2957 2689 3013 omnibus
2738 2957 3098 3014 vendentibus
3142 2969 3198 3014 et
3236 2962 3548 3017 ementibus

1976 3043 2031 3097 in
2067 3046 2287 3115 templo,
2324 3056 2377 3102 et
2403 3048 2607 3104 mensis
2647 3048 3137 3104 nummulariorum
3167 3052 3392 3118 eversis,
3438 3070 3547 3110 uua

1978 3147 2103 3189 cum
2135 3136 2413 3193 cathedris
2457 3137 2511 3192 in
2551 3138 2753 3208 quibus
2796 3138 3058 3194 sedebant
3103 3140 3198 3210 qui
3241 3143 3551 3199 vendebant

1977 3226 2276 3283 columbas.
2324 3229 2480 3285 Nunc
2525 3237 2707 3284 autem
2746 3230 2989 3299 quandiu
3037 3246 3144 3285 non
3191 3232 3550 3288 observantur

1976 3320 2071 3391 qui
2112 3320 2165 3374 in
2218 3322 2442 3377 nomine
2472 3320 2600 3378 Jesu
2636 3321 2839 3377 Christi
2884 3321 3050 3377 simul
3102 3322 3156 3377 in
3190 3327 3550 3381 conventibus

1976 3421 2196 3477 coeunt,
2224 3412 2258 3465 ii
2292 3422 2421 3467 sunt
2446 3412 2539 3483 qui
2568 3413 2830 3473 vendunt,
2857 3420 2911 3465 ct
2940 3422 3131 3468 emunt
3153 3413 3209 3468 in
3238 3417 3460 3486 templo,
3494 3429 3551 3474 et

1976 3503 2185 3573 reliqua
2222 3503 2454 3570 faciunt,
2500 3520 2678 3574 neque
2718 3505 2787 3561 iis
2820 3505 2931 3559 ullo
2959 3506 3122 3561 modo
3154 3508 3445 3564 videndum
3488 3528 3550 3567 se

1974 3596 2067 3650 dat
2085 3593 2266 3659 Jesus,
2293 3604 2373 3661 ut,
2392 3596 2580 3665 ejectis
2606 3597 2734 3665 illis,
2757 3598 2998 3667 reliquos
3019 3610 3216 3665 servet,
3235 3603 3317 3656 vel
3342 3613 3399 3657 ut
3426 3604 3546 3660 illos

1971 3688 2175 3756 ejectos
2220 3689 2272 3742 in
2314 3689 2521 3758 peccati
2566 3690 2650 3745 sui
2693 3691 3023 3762 agnitionem
3070 3704 3124 3749 et
3154 3696 3546 3752 conscientiam

1971 3779 2228 3846 adducat,
2259 3790 2311 3834 et
2342 3781 2394 3835 in
2430 3782 2691 3851 templum
2725 3798 2945 3847 rursus,
2996 3799 3106 3839 non
3137 3787 3426 3853 vendendi,
3463 3788 3547 3841 vel

1485 3916 1713 3975 VETUS
1751 3916 2331 3975 INTERPRETATIO.

278 4043 483 4115 dignis,
516 4044 609 4099 sed
646 4044 902 4114 Spelunca
933 4043 1225 4115 latronum.
1257 4040 1361 4108 Qui
1385 4042 1530 4096 enim
1554 4038 1866 4115 considerat
1893 4038 1947 4093 in
1982 4038 2169 4115 multis
2198 4036 2676 4115 Ecclesiistalium
2707 4038 3145 4115 Christianorum
3178 4051 3420 4115 peccata,
3450 4043 3546 4109 qui

280 4106 615 4185 arbitrentur
664 4106 941 4185 quaestum
972 4128 1096 4185 esse
1147 4106 1424 4185 pietatem,
1451 4119 1521 4185 _et
1564 4125 1689 4165 cum
1723 4109 1980 4185 deberent
2016 4106 2622 4185 de_Evangelio_vivere
2660 4110 2960 4185 secundum
3003 4110 3146 4185 quod
3179 4106 3359 4165 vivere
3380 4106 3548 4185 decet

283 4198 475 4239 servos
506 4184 620 4251 Dei,
658 4177 762 4239 li'oc
790 4198 895 4237 non
928 4177 1161 4247 faciunt,
1184 4183 1278 4238 sed
1313 4182 1530 4235 divitias
1567 4189 1622 4234 et
1647 4179 1852 4251 multas
1876 4180 2258 4251 possessiones
2284 4177 2613 4247 acquirunt:
2650 4193 2832 4251 nonne
2862 4180 3005 4251 dicet
3021 4177 3343 4251 'Speluncam
3380 4181 3545 4234 latro-

284 4269 415 4308 num
450 4247 645 4309 lactain
674 4269 797 4309 esse
829 4253 932 4308 sub
963 4253 1068 4307 illis
1094 4250 1415 4315 Ecclesiam,
1455 4260 1515 4304 ut
1547 4257 1693 4305 recte
1730 4247 1889 4304 dicat
1907 4248 2160 4303 Christus
2193 4247 2260 4301 ad
2294 4263 2388 4317 eos
2415 4255 2632 4317 propter
2652 4247 3070 4317 dissipationem’
3099 4248 3351 4304 Ecclesiae
3390 4265 3541 4306 suae:

284 4340 305 4373 ι
345 4324 479 4390 Quae.
501 4326 713 4380 utilitas
734 4326 787 4378 iii
806 4324 1073 4392 sanguine
1098 4337 1243 4388 meo,
1273 4323 1402 4377 dum
1427 4320 1779 4392 descendoin
1803 4316 2252 4392 corruptionem?
2275 4335 2294 4368 ι
2331 4316 2460 4392 ltein
2489 4316 2603 4387 ipse
2631 4332 2727 4392 per
2749 4316 3026 4392 Miehmam
3058 4319 3148 4392 tali
3175 4321 3337 4392 modo
3363 4338 3377 4375 :
3408 4338 3427 4372 ι
3457 4319 3545 4376 Vae

279 4387 418 4447 mihi
451 4396 712 4463 quoniam
756 4387 936 4449 factus
957 4409 1080 4448 sum
1114 4393 1257 4448 sicut
1286 4392 1378 4463 qui
1409 4390 1620 4463 colligit
1651 4389 1907 4463 stipulam
1946 4387 2001 4441 in
2042 4402 2239 4452 messe,
2282 4396 2336 4463 et
2378 4387 2521 4463 sicut
2554 4389 2647 4463 qui
2682 4402 2960 4443 racemum
2996 4389 3050 4442 in
3086 4390 3377 4452 vindemia,
3411 4406 3539 4463 cum

280 4477 392 4516 non
427 4457 499 4517 sit
529 4465 708 4519 botrio
734 4466 801 4520 ad
825 4464 1260 4518 manducandum
1289 4457 1668 4531 primogenita.
1694 4457 1784 4513 Vat
1809 4457 2005 4531 animai
2034 4473 2185 4521 mete,
2202 4457 2338 4531 quia
2360 4457 2519 4531 periit
2545 4458 2831 4512 timoratus
2857 4473 2888 4512 a
2913 4467 3076 4525 terra,
3105 4468 3159 4513 et
3186 4462 3279 4531 qui
3306 4462 3543 4531 corrigat

282 4532 336 4583 iu
368 4533 685 4588 hominibus
709 4549 815 4588 nou
843 4546 945 4588 est.
980 4553 998 4585 ι
1030 4532 1236 4588 Etcum
1268 4525 1602 4586 iutelleieris
1628 4528 1812 4584 Jesum
1843 4529 2110 4598 dicentem
2144 4525 2292 4598 talia,
2317 4536 2371 4598 et
2392 4525 2664 4598 lugentem
2697 4538 2915 4596 peccata
2940 4540 3144 4594 nostra,
3169 4525 3351 4598 aspice
3379 4525 3543 4585 simul

280 4608 337 4653 et
359 4602 490 4654 illud
526 4605 671 4671 quod
696 4604 749 4657 iu
776 4603 1068 4671 Evangelia
1106 4602 1366 4657 scribitur
1406 4620 1419 4655 :
1456 4617 1477 4650 ί
1516 4600 1654 4655 Cum
1686 4595 2646 4671 vidissetJerusalein,ﬂevit—super
2673 4595 2816 4664 eam,
2848 4607 2902 4652 et
2937 4598 3096 4671 dixit.
3130 4618 3149 4649 ι
3189 4595 3257 4653 Et
3296 4601 3341 4654 si
3363 4603 3540 4671 iratio-

283 4666 711 4741 nabilitcr'ﬂevit
748 4687 914 4741 super
932 4666 1263 4736 ierusalem,
1310 4680 1364 4727 et
1398 4667 1965 4741 rationabiliusﬂebit
1985 4682 2149 4737 super
2180 4666 2481 4741 Ecclesiam
2511 4666 2831 4741 aediﬁcatam
2856 4668 3075 4737 quidem
3100 4679 3157 4741 ut
3176 4680 3321 4741 esset
3343 4670 3541 4726 donius

282 4741 572 4807 orationis,
604 4737 1015 4797 factam—autem
1041 4751 1261 4812 propter
1306 4743 1482 4811 turpia
1507 4741 1656 4794 lucra
1696 4748 1751 4793 et
1792 4739 1955 4819 luxus
1992 4738 2351 4859 quorumdam
2380 4737 2563 4859 (quod
2594 4737 2800 4818 utinam
2838 4753 2946 4791 non
2980 4739 3197 4819 esseti)
3232 4740 3536 4819 principum

282 4812 469 4859 nonali
519 4813 834 4859 suetuucam
871 4812 1164 4859 lati-onum.
1210 4810 1314 4859 Sed
1355 4821 1483 4859 tunc
1512 4810 1732 4859 uuidem
1762 4810 1984 4859 intravit
2042 4822 2169 4859 esus
2202 4822 2254 4859 in
2289 4816 2432 4859 temo
2458 4822 2547 4859 um
2584 4805 2697 4859 Dei.
2736 4815 2791 4859 et
2825 4808 3107 4859 iimiiilavit
3135 4808 3287 4859 illud.
3316 4810 3536 4859 eiiciens

282 4812 469 4879 populi
519 4805 835 4881 speluncam
871 4805 1315 4881 lati-on'uniZVSed
1355 4805 1483 4865 tunc
1512 4810 1732 4879 quidem
1762 4809 1984 4881 intravit
2009 4805 2169 4862 Jesus
2202 4807 2254 4860 in
2289 4805 2547 4875 templum
2584 4805 2697 4881 Dei,
2736 4815 2791 4861 et
2825 4808 3107 4881 inundavit
3135 4805 3287 4872 illud,
3316 4805 3541 4881 ejicicus

285 4877 580 4937 vendentes
609 4891 663 4935 et
689 4890 931 4935 ementes
957 4881 1011 4933 in
1036 4880 1257 4950 templo,
1281 4890 1335 4934 et
1355 4877 2380 4950 mensasnuminularipritni_evertens
2411 4886 2463 4931 et
2498 4877 2787 4950 cathedras
2814 4877 3171 4950 vendentium
3208 4877 3488 4950 columbas
3523 4899 3537 4935 :

283 4963 432 5005 nunc
464 4962 645 5007 autem
677 4951 936 5020 quamdiu
975 4966 1080 5003 non
1114 4945 1422 5015 visitantur,
1456 4949 1550 5018 qui
1583 4949 1898 5020 in__iiomine
1930 4945 2072 5020 Jesu_
2097 4946 2302 5020 Christi
2336 4947 2668 5001 conveniunt
2708 4946 2761 4999 in
2807 4946 3013 5020 ipsum,
3050 4957 3178 5001 sunt
3212 4948 3264 5002 in
3298 4961 3539 5004 conven~

285 5020 433 5076 tibus
463 5016 753 5076 veiiileiites
785 5029 839 5074 et
873 5031 1113 5074 ementes
1143 5020 1197 5072 in
1231 5021 1451 5088 templo,
1474 5016 1541 5073 et
1583 5018 1791 5087 reliqua
1824 5017 2008 5071 omnia
2050 5016 2336 5078 facientes,
2376 5025 2429 5071 et
2470 5031 2744 5085 nusquam
2772 5016 2852 5070 eis
2885 5016 3139 5073 Christus
3183 5031 3429 5090 apparet,
3483 5030 3543 5075 ut

356 5162 397 5192 '”
428 5159 570 5215 Psal.
606 5173 770 5223 xxix,
808 5156 893 5211 l0.
969 5156 1013 5187 ⁸²
1038 5154 1198 5209 Micli.
1237 5170 1331 5219 vii,
1364 5157 1414 5222 l,
1446 5155 1499 5210 ‘2.
1575 5155 1620 5186 ⁸³
1651 5154 1781 5209 Luc.
1812 5171 1925 5219 xix,
1959 5155 2048 5209 il.

1964 5311 2017 5357 et
2046 5302 2241 5358 Arabs.
2284 5301 2565 5369 Hebraice,
2607 5287 2809 5364 Sum.
2856 5302 2986 5358 Item
3023 5321 3035 5357 ε
3071 5301 3347 5355 ἀπόλωλεν
3387 5300 3543 5355 εὐλα-

1962 5373 2087 5443 ϐής,
2110 5373 2181 5426 ita
2203 5373 2369 5427 editio
2386 5374 2813 5442 Complutensis,
2831 5383 2884 5428 et
2900 5374 3126 5443 Aldina;
3152 5371 3539 5442 Hieronymus,

1972 5461 1991 5494 ι
2024 5442 2317 5513 reverens;
2349 5462 2368 5494 ι
2419 5453 2475 5497 at
2527 5443 2776 5508 Sixtina,
2828 5442 3090 5513 εὐσεϐής,
3119 5443 3217 5513 _cui
3267 5449 3542 5513 consentit

1964 5513 2174 5583 Arabs;
2202 5511 2475 5566 Joiiatlian
2499 5552 2514 5576 ,
2556 5532 2577 5564 ι
2606 5515 2986 5568 misericordes
3002 5510 3060 5583 ξι
3098 5510 3315 5583 Syrus.
3353 5529 3372 5562 ι
3402 5510 3544 5566 inte-

1964 5597 2057 5651 ger
2091 5601 2109 5634 ι
2134 5582 2398 5637 Eumdem
2426 5584 2573 5637 hunc
2595 5584 2800 5651 locum,
2826 5584 2975 5638 hom.
2999 5581 3065 5635 14
3082 5579 3391 5651 in'Jerem.,
3417 5596 3543 5651 pro-

1964 5651 2454 5774 :erelnlerigeiies,
2488 5652 2739 5724 στάχυος,
2767 5650 2896 5719 etc.,
2928 5650 3163 5724 εὐλαϐής
3183 5693 3198 5718 ,
3229 5662 3545 5709 constanter

1984 5738 2064 5774 eiii
2097 5761 2110 5774 .
2172 5737 2225 5774 ι).

1984 5731 2110 5792 egit.
2148 5731 2225 5775 In.

356 5309 467 5379 (l7)
506 5311 613 5363 Kal
650 5307 712 5361 τὸ
744 5308 864 5362 ἀπὸ
885 5305 1121 5379 τοῦηῴς
1144 5299 1551 5379 οἶμαιηὨσηέ,
1573 5312 1681 5379 etc.
1712 5302 1851 5379 (lsee

286 5372 409 5434 cuiu
447 5372 666 5433 Michaea
698 5377 976 5432 memoriae
1008 5374 1180 5429 falsus
1226 5372 1491 5427 confudit.
1530 5373 1674 5427 ldem
1719 5373 1850 5427 alibi

287 5458 475 5520 peccat
503 5462 895 5520 saepenumero,
924 5444 1380 5520 quemadmodum
1407 5444 1525 5496 viro
1561 5441 1857 5520 scriptura:

288 5513 506 5588 quidem
531 5513 1049 5588 callentissiuio,‘sed
1072 5515 1190 5588 ejus
1213 5514 1330 5567 loca
1356 5514 1680 5588 inconsultis
1701 5513 1855 5588 libris

286 5583 599 5643 memoriter
628 5588 893 5649 recitanti,
913 5595 968 5641 et
988 5586 1055 5640 ad
1076 5585 1179 5638 alia
1203 5583 1515 5654 properanti
1543 5597 1646 5638 usu
1670 5583 1854 5637 venire

287 5659 489 5713 debuit.
517 5656 778 5711 Hus'rtus.

356 5729 468 5800 (l8)
498 5730 631 5800 Ot‘m
678 5726 851 5800 ὄντος
888 5724 1174 5800 στάχυος.
1224 5721 1468 5800 vulgata
1507 5721 1614 5800 τῶν
1653 5722 1710 5800 (ξς
1736 5721 1852 5775 edi-

289 5789 462 5855 tiones
496 5798 731 5853 habent:
764 5789 876 5866 Οὖχ
906 5789 1240 5866 ὑπάρχοντος
1272 5789 1514 5864 βότρυος.
1559 5791 1634 5847 ita
1678 5789 1849 5870 Syrtis
