4074 6300
439 293 574 347 ΜΗ)

1386 297 1741 355 (ΞΟΜΜΕΝΤ.
1786 297 1852 351 IN
1892 295 2022 350 ΜᾹἸ
2039 293 2307 349 Τιιιειιιι
2348 293 2584 350 τολιυε
2620 295 2761 351 τινι.

3563 299 3703 353 HTD

435 412 698 486 ’.αθέδρας
719 415 1000 489 ὠνόμασεν
1017 419 1046 472 ὁ
1068 419 1342 485 Ματθαῖος
1369 421 1462 475 καὶ
1479 423 1506 473 ὁ
1525 421 1771 492 Μάρκος,
1799 418 1863 482 εις
1880 435 2004 487 φασι

2117 414 2246 470 bant
2296 415 2628 470 mentionem
2689 414 2935 470 fecerunt
2993 412 3281 471 Matthmus
3350 423 3406 468 et
3451 411 3701 480 Marcus,

438 507 840 578 «ιατεστράφθαι
871 509 976 563 ὑπὸ
993 509 1088 564 τοῦ
1121 511 1317 583 Ἰησοῦ.
1358 512 1445 577 Ὡς
1467 512 1575 566 εἴθε
1597 511 1799 565 τούτων
1822 512 2017 582 ἤκουον

433 596 570 666 μετὰ
602 597 698 651 τοῦ
747 599 1050 670 πρέποντος
1084 602 1178 656 νοῦ
1218 605 1284 675 τῇ
1317 603 1438 675 θείᾳ
1465 604 1661 674 Γραφῇ
1692 605 1743 657 οἱ
1780 603 1872 656 ἐπὶ
1917 602 2017 672 τῆς

432 685 702 757 καθέδρας
736 688 1012 754 Μωῦσέως
1050 691 1344 763 αὐχοῦντες
1376 690 1698 757 καθέζεσθαι
1717 731 1731 755 ,
1783 692 1876 745 καὶ
1905 708 2017 744 πω-

432 776 654 843 λοῦντες
678 779 807 844 ὅλας
833 782 1128 855 ἐκκλησίας
1158 784 1498 857 περιστερῶν
1516 825 1531 848 ,
1563 785 1654 838 καὶ¹
1698 784 2017 857 παραδιδόν-

435 884 525 932 τες
553 868 725 933 αὑτὰς
739 871 1003 936 τοιούτοις
1030 873 1415 944 προεστηκόσι,
1452 875 1580 946 περὶ
1604 867 1680 928 ὧν
1724 873 1920 943 λέγοιτ’
1947 873 2015 928 ἂν

431 957 491 1011 τὸ
519 959 577 1011 ὲν
623 957 702 1030 τῷ
735 961 973 1033 Ἱερεμίᾳ
1015 963 1119 1016 ὑπὸ
1157 963 1251 1017 τοῦ
1283 965 1488 1037 Κυρίου
1531 965 1853 1035 λεγόμενον·
1885 982 1903 1016 ι
1949 967 2012 1020 Οἱ

434 1050 722 1123 ἡγούμενοι
754 1052 848 1107 τοῦ
874 1052 1004 1107 λαοῦ
1039 1071 1141 1125 μου
1169 1054 1268 1126 ἐμὲ
1291 1056 1391 1110 οὑκ
1411 1056 1630 1128 ᾔδεισαν
1650 1073 1665 1088 ο
1698 1057 1804 1110 υἱοὶ
1845 1057 2014 1128 ἄφρο-

428 1140 518 1205 νές
544 1144 671 1208 εἰσι,
706 1144 800 1198 καὶ
827 1144 888 1197 οὑ
925 1144 1163 1199 συνετοί·
1204 1147 1357 1214 σοφοί
1383 1149 1488 1200 εἰσι
1510 1147 1603 1200 τοῦ
1627 1148 2010 1219 κακοποιῆσαι,

430 1231 489 1286 τὸ
532 1233 589 1288 δὲ
631 1234 814 1299 καλῶς
859 1236 1085 1306 ποιῆσαι
1122 1238 1223 1291 οὐκ
1272 1237 1547 1308 ἔγνωσαν·
1589 1256 1607 1290 ι
1651 1238 1745 1293 καὶ
1766 1239 1826 1293 τὸ
1854 1242 1910 1294 ὲν
1935 1240 2014 1311 τῷ

429 1322 660 1396 Μιχαίᾳ,
687 1321 865 1396 οἶμαι,
891 1326 1036 1381 οὑτω
1057 1328 1382 1401 λελεγμένον
1401 1346 1416 1360 ο
1459 1349 1478 1382 ι
1508 1328 1575 1386 Οἱ
1604 1330 1898 1402 ἡγούμενοι
1914 1333 2011 1386 τοῦ

428 1412 560 1467 λαοῦ
595 1432 697 1485 μου
735 1416 1161 1489 ἐκϐληθήσονται
1207 1419 1266 1487 ἐξ
1301 1420 1451 1474 οἴκου
1489 1422 1697 1494 τρυφῆς
1740 1422 1953 1477 αὑτῶν·
1987 1443 2006 1476 ι

429 1507 477 1559 τί
502 1504 612 1578 γὰρ
632 1507 849 1578 ἤκουον,
889 1510 990 1564 οὑκ
1016 1510 1083 1566 ἂν
1110 1511 1400 1585 ὲπώλησαν
1431 1513 1531 1579 τὰς
1574 1516 1810 1587 Χριστοῦ
1853 1535 2011 1590 περι-

426 1594 648 1667 στερὰςε
665 1597 801 1652 άλλά
816 1600 1051 1674 κατέστη
1059 1618 1157 1657 σαν
1174 1602 1440 1676 ἄρχοντας
1458 1605 1636 1659 αὑτῶν
1661 1606 2011 1679 φειδομένους

428 1685 535 1739 τῶν
582 1691 948 1761 περιστερῶν,
998 1694 1093 1748 καὶ
1136 1696 1563 1767 προνοουμένους
1602 1698 1700 1770 τῆς
1736 1701 2013 1772 σωτηρίας

2117 502 2468 575 quasaJesu
2506 519 2726 560 eversas
2788 502 2956 560 fuisse
3012 513 3466 563 commemorant.
3527 506 3705 577 Atque

2119 595 2328 650 utinam
2361 594 2477 650 haec
2505 602 2687 651 mente
2723 594 2919 650 divinae
2946 592 3245 666 Scriptura:
3287 599 3703 654 accommodata

2121 685 2415 748 audirent,
2469 686 2563 755 qui
2621 702 2785 757 supra
2835 686 3149 741 cathedram
3181 686 3382 758 Moysis
3411 689 3601 745 sedere
3644 704 3705 746 se

2118 777 2442 847 gloriantur,
2469 786 2524 832 et
2554 786 2696 834 totas
2730 778 3105 835 columbarum
3148 779 3410 837 ecclesias
3436 781 3699 849 vendunt,

2117 883 2321 939 easque
2364 869 2636 939 ejusmodi
2680 869 2951 939 prmfectis
2996 871 3238 937 tradunt,
3293 871 3360 927 de
3392 871 3597 942 quibus
3644 874 3696 927 id

2116 959 2223 1015 dici
2255 968 2436 1029 potest
2469 961 2616 1031 quod
2651 962 2704 1016 in
2732 961 2968 1018 Jeremia
3000 978 3030 1017 a
3062 961 3297 1018 Domino
3330 964 3604 1033 profertur
3625 965 3698 1022 ’δι

2123 1072 2140 1102 ι
2169 1051 2450 1123 Principes
2491 1053 2676 1123 populi
2720 1053 2825 1108 mei
2870 1069 2978 1109 non
3027 1069 3116 1109 me
3150 1065 3559 1124 cognoverunt;
3599 1056 3699 1112 ﬁlit

2117 1143 2437 1214 insipientes
2485 1154 2615 1201 sunt
2665 1153 2720 1200 et
2775 1146 3033 1201 vecordes
3073 1164 3086 1200 :
3135 1147 3410 1217 sapientes
3461 1157 3591 1203 sunt
3639 1159 3701 1204 ut

2115 1234 2321 1291 faciant
2364 1235 2538 1302 mala,
2576 1237 2713 1292 bene
2760 1244 2940 1293 autem
2978 1236 3160 1294 facere
3214 1238 3605 1306 nescierunt”
3644 1251 3698 1297 et

2115 1325 2264 1397 quod
2292 1328 2433 1398 apud
2458 1328 2760 1395 Michaeam,
2794 1328 3008 1399 opinor,
3042 1327 3130 1386 his
3164 1330 3344 1387 verbis
3370 1341 3693 1402 conceptum

2113 1419 2263 1474 est”
2305 1437 2318 1474 :
2364 1439 2381 1471 ι
2412 1418 2696 1491 Principes
2728 1420 2912 1491 populi
2964 1422 3069 1476 mei
3119 1422 3409 1491 ejicientur
3437 1423 3506 1479 de
3532 1424 3695 1480 domo

2113 1510 2432 1567 deliciarum
2467 1527 2734 1567 suarum:
2766 1530 2784 1564 ι
2835 1512 2950 1568 haec
2985 1512 3130 1567 enim
3164 1514 3208 1570 si
3246 1514 3574 1584 audiissent,
3601 1531 3693 1572 co-

2115 1600 2331 1659 lumbas
2356 1602 2561 1658 Christi
2602 1602 2829 1658 minime
2871 1603 3117 1674 profecto
3152 1606 3556 1675 vendidissent,
3602 1609 3694 1665 sed

2115 1692 2386 1764 principes
2413 1695 2682 1751 columbis
2726 1705 3033 1764 parcentes,
3074 1712 3140 1753 ac
3184 1697 3251 1753 de
3290 1712 3478 1754 earum
3525 1700 3696 1757 salute

425 1777 626 1845 αὑτῶν,
657 1782 751 1835 καὶ
785 1783 847 1837 οὐ
878 1784 1375 1858 περιϐλεπομένους
1404 1789 1528 1842 τίνα
1555 1789 1632 1853 ὡς
1655 1793 1885 1862 παχεῖαν
1914 1809 2004 1845 πε-

2114 1786 2383 1842 sollicitos
2436 1787 2893 1854 constituissent;
2951 1803 3130 1859 neque
3186 1789 3697 1861 circumspicientes

428 1871 685 1944 ριστερὰν
727 1874 989 1941 θύσαντες
1048 1877 1161 1947 (21)
1210 1880 1716 1952 καταθοινήσονται.
1757 1882 1923 1952 Λέγει
1949 1883 2007 1936 δὲ

434 1958 646 2035 Ἰησοῦς
672 1968 784 2030 τοῖς
808 1967 1252 2041 ἐκϐαλλομένοις,
1293 1971 1369 2035 ὡς
1397 1971 1637 2026 πωλοῦσι
1677 1974 1772 2027 καὶ
1807 1974 2010 2046 ἀγορά-

426 2054 598 2121 ζουσι,
643 2059 737 2112 καὶ
777 2062 890 2125 τοῖς
920 2061 1315 2128 κολλυὸισταῖς,
1346 2065 1441 2119 καὶ
1473 2068 1586 2129 τοῖς
1625 2065 1865 2120 πωλοῦσι
1908 2065 2009 2130 τὰς

424 2148 773 2221 περιστερὰς,
788 2150 1055 2209 δυσωπῶν
1073 2155 1272 2220 αὑτοὺς
1291 2156 1397 2210 ἀπὸ
1417 2156 1523 2210 τῶν
1538 2157 1614 2220 ὡς
1632 2160 1696 2211 ἐκ
1713 2156 2004 2231 προσώπου

423 2237 517 2291 τοῦ
532 2239 744 2311 Πατρὸς
761 2240 1066 2313 λεγομένων
1080 2247 1447 2319 προφητειῶν,
1470 2249 1622 2302 ὅτιτὸ
1640 2248 1739 2321 μὲν
1758 2266 2007 2321 γεγραμ-

425 2327 585 2400 μένον
614 2330 781 2385 ὲστίν·
808 2351 828 2383 ι
869 2331 928 2386 '0
947 2330 1094 2400 οἶκός
1119 2353 1221 2408 μου
1242 2333 1390 2402 οἶκος
1419 2341 1725 2412 προσευχῆς
1742 2341 2009 2414 κληθήσε-

429 2434 545 2471 ταν
578 2438 598 2472 ι
633 2421 787 2476 οὐδὲν
805 2422 915 2496 γὰρ
952 2426 1080 2480 ἄλλο
1098 2427 1180 2481 δεῖ
1203 2423 1344 2483 εἶναι
1365 2431 1424 2483 ὲν
1463 2429 1761 2504 Ἐκκλησία
1797 2431 1932 2485 Θεοῦ
1970 2432 2003 2503 ἢ

421 2510 585 2582 εὐχὴν
619 2515 801 2586 πάσης
823 2517 986 2586 άγίας
1010 2517 1283 2590 πράξεως,
1307 2521 1404 2574 καὶ
1432 2522 1880 2596 προκαλουμένης
1906 2524 2005 2597 τὴν

421 2601 516 2658 τοῦ
539 2603 673 2658 Θεοῦ
695 2607 1022 2681 ἐπισκοπὴν,
1046 2610 1125 2674 εἰς
1144 2611 1308 2683 εὐχὴν
1325 2614 1473 2685 παρὰ
1489 2613 1607 2684 Θεῷ
1626 2613 2004 2688 λογιζομένης,

424 2692 559 2746 καθὸ
595 2695 690 2748 καὶ
720 2698 812 2750 τό·
848 2716 867 2750 ι
920 2699 1302 2767 Ἀδιαλείπτως
1341 2704 1744 2775 προσεύχεσθε,
1780 2725 1800 2758 ι
1848 2705 2006 2762 δυνα-

421 2784 513 2838 τόν
535 2787 708 2840 ἐστιν·
741 2789 899 2859 ὑμεῖς
926 2791 1004 2856 δὲ,
1031 2786 1078 2846 ὦ
1122 2788 1289 2860 οὗτοι,
1317 2798 1437 2860 ταῖς
1459 2796 1750 2870 ὑμετέραις
1784 2800 2007 2866 κακίαις

420 2873 512 2928 τὸν
539 2875 639 2947 τῆς
668 2881 978 2952 προσευχῆς
1018 2879 1165 2937 οἶκον
1206 2885 1467 2957 σπήλαιον
1507 2885 1720 2960 λῃστῶν
1771 2891 2004 2961 πεποιή-

421 2979 555 3017 κατε
575 2982 589 2995 ο
619 2968 715 3021 καὶ
743 2971 924 3042 εὑρεῖν
953 2973 1072 3029 ἔστι
1107 2974 1371 3048 πολλαχοῦ
1416 2979 1557 3032 κατὰ
1601 2979 1776 3052 βραχὺ
1830 2979 2005 3047 οὕτως

2109 1892 2350 1947 quonam
2396 1885 2666 1943 mactato,
2716 1879 2861 1933 haud
2901 1892 3062 1934 secus
3102 1894 3165 1935 ac
3204 1879 3391 1952 pingui
3440 1881 3692 1937 columba

2107 1968 2378 2039 cpulaturi
2419 1968 2551 2024 sint.
2602 1967 2804 2039 Ejectis
2842 1978 3024 2024 autem
3071 1968 3159 2035 iis,
3193 1974 3341 2040 quod
3399 1972 3694 2029 venderent

2108 2066 2273 2130 atque
2292 2070 2556 2126 emerent,
2587 2074 2797 2115 necnon
2832 2067 2887 2115 et
2916 2062 3298 2117 nummulariis
3330 2070 3386 2119 et
3414 2064 3693 2119 columba-

2106 2163 2231 2202 rum
2260 2147 2636 2204 venditoribus
2667 2149 2928 2218 pudorem
2963 2148 3234 2206 incutiens
3261 2149 3424 2209 Jesus
3468 2169 3533 2209 ex
3565 2155 3697 2210 vati-

2108 2237 2290 2304 ciniis,
2331 2239 2492 2308 quasi
2525 2253 2591 2293 ex
2616 2237 2795 2295 Patris
2822 2239 2908 2294 sui
2935 2254 3169 2310 persona
3210 2242 3394 2310 editis,
3428 2245 3692 2313 scriptum

2106 2345 2230 2385 esse
2261 2329 2426 2385 dicit:
2460 2349 2478 2382 ι
2509 2329 2717 2386 Domus
2751 2346 2900 2398 mea,
2932 2332 3131 2388 domus
3166 2334 3434 2390 orationis
3470 2336 3694 2393 vocabi—

2110 2427 2227 2485 tur;
2249 2436 2268 2470 ι
2295 2435 2396 2474 nec
2422 2420 2566 2475 enim
2599 2420 2747 2476 aliud
2774 2420 3074 2492 quidquam
3105 2423 3157 2478 in
3183 2421 3425 2480 Ecclesia
3451 2423 3543 2480 Dei
3571 2440 3689 2483 esse

2109 2518 2344 2580 oportet,
2378 2527 2545 2582 quam
2590 2511 2910 2582 petitionem
2950 2515 3124 2570 sancti
3163 2515 3457 2585 cujuslibet
3486 2517 3691 2587 operis,

2106 2609 2161 2655 et
2197 2600 2566 2656 visitationem
2607 2600 2699 2656 Dei
2736 2603 3087 2670 arcessentis,
3123 2612 3179 2659 et
3210 2606 3540 2674 precationis
3571 2607 3692 2663 loco

2109 2691 2252 2761 apud
2280 2691 2449 2747 Deum
2481 2692 2673 2759 habiti,
2698 2692 2854 2764 juxta
2882 2696 3027 2766 quod
3057 2695 3318 2766 possibile
3348 2697 3477 2752 illud
3506 2708 3590 2754 est
3609 2697 3688 2754 ⁸ος

2112 2797 2132 2833 ι
2189 2782 2320 2837 Sine
2354 2782 2758 2840 intermissione
2793 2794 2978 2854 orate;
3003 2803 3024 2839 ι
3071 2794 3129 2841 at
3162 2803 3261 2843 vos
3293 2788 3558 2843 orationis
3588 2790 3690 2843 do-

2106 2891 2257 2930 mum
2280 2874 2497 2946 ﬂagitiis
2516 2877 2713 2932 vestris
2732 2877 3004 2934 latronum
3032 2879 3349 2951 speluncam
3372 2878 3611 2936 fecistis:
3637 2890 3692 2936 ct

2106 2983 2479 3040 saepenumero
2501 2968 2569 3024 ad
2598 2970 3038 3039 depravationem
3089 2971 3249 3044 753
3293 2974 3554 3043 paulatim
3611 2974 3688 3031 ita

418 3055 497 3162 ti;
514 3056 845 3134 διαστροφὴν
863 3064 1158 3121 ὁδεύσαντα
1182 3067 1250 3121 τὰ
1272 3068 1371 3139 τῆς
1390 3069 1750 3143 νομιζομένης
1783 3073 2004 3145 Ἐκκλη-

2109 3070 2392 3132 vergentes
2425 3061 2682 3118 Ecclesiae
2719 3063 2942 3118 credita:
2980 3078 3070 3119 res
3110 3067 3417 3136 compcrire
3448 3067 3592 3130 licet,
3631 3078 3692 3123 ut

419 3145 541 3210 σίας
566 3149 883 3223 πράγματα,
914 3155 990 3220 ὡς
1014 3157 1179 3228 μηδὲν
1203 3158 1467 3231 σπηλαίου
1494 3160 1704 3233 λῃστῶν
1730 3162 2002 3234 διαφέρειν

2107 3169 2138 3207 a
2166 3153 2440 3210 latronum
2475 3156 2734 3226 spelunca
2765 3155 2818 3209 in
2850 3155 3074 3211 nomine
3096 3155 3298 3212 Christi
3327 3170 3690 3232 congregatus

419 3236 479 3324 τὸ
512 3237 785 3313 ἄθροισμα
810 3248 1173 3321 συναγόμενον
1200 3250 1258 3303 ὲν
1283 3251 1509 3324 ὀνόματι
1556 3251 1791 3323 Χριστοῦ
1814 3293 1829 3316 ,
1871 3253 2001 3308 ὥστ’

416 3322 482 3380 ἂν
514 3326 768 3397 λέγεσθαι
794 3334 1011 3399 αὑτοῖς·
1053 3355 1072 3388 ι
1108 3338 1184 3392 Δι’
1210 3339 1357 3409 ὑμᾶς
1382 3322 1478 3393 διὰ
1513 3322 1711 3406 παντὸς
1741 3341 1801 3394 τὸ
1830 3342 2002 3412 ὄνομα

419 3431 523 3485 μοι»
553 3417 954 3492 βλασφημεῖται
980 3426 1036 3478 ὲν
1055 3429 1167 3491 τοῖς
1190 3426 1417 3482 ἔθνεσιν.
1445 3448 1464 3480 ι
1493 3430 1555 3483 Εἰ
1583 3428 1641 3482 δὲ
1673 3430 1757 3484 δεῖ
1785 3429 1853 3485 τὰ
1883 3428 1999 3503 εῖδη

415 3508 541 3581 τρία
573 3514 906 3585 τυγχάνοντα
954 3517 1065 3589 (22)
1116 3519 1236 3574 τῶν·
1281 3521 1516 3574 ἐνταῦθα
1564 3522 1998 3593 κατειλεγμένων

416 3602 1008 3677 προσφιλονεικήσαντα
1026 3609 1094 3678 τῇ
1119 3610 1387 3680 σαφηνείᾳ
1416 3609 1514 3680 τῆς
1550 3609 1771 3680 Γραφῆς
1801 3610 1998 3681 ἐπιμε-

414 3694 669 3769 λέστερον
691 3698 1076 3770 διηγήσασθαι,
1113 3701 1321 3771 μήποτε
1352 3701 1402 3753 οἱ
1430 3701 1528 3772 μὲν
1564 3702 1622 3754 ὲν
1644 3699 1720 3772 τῷ
1751 3700 1864 3770 λαῷ
1896 3720 2002 3774 μη-

413 3786 526 3840 δενὶ
553 3787 586 3859 ἢ
630 3788 710 3860 τῷ
741 3790 932 3863 κόσμῳ
980 3791 1351 3863 σχολάζοντες,
1385 3793 1480 3846 καὶ
1534 3794 1662 3862 περὶ
1702 3792 1764 3846 τὸ
1798 3791 1996 3846 πωλεῖν

414 3878 508 3933 καὶ
536 3879 826 3951 ἀγοράζειν
858 3882 1019 3954 μόνον
1049 3881 1147 3945 τὰς
1172 3881 1454 3953 διατριϐὰς
1474 3880 1707 3952 ἔχοντες,
1736 3883 1830 3936 καὶ
1858 3900 1997 3937 σπα-

413 3968 541 4033 νίως
593 3972 713 4034 ταῖς
760 3972 1088 4043 προσευχαῖς
1144 3970 1680 4044 προσκαρτεροῦντες
1699 4010 1713 4035 ,
1769 3974 1863 4026 καὶ
1913 3969 1996 4039 οἷς

413 4064 636 4118 ἀπαιτεῖ
657 4064 837 4137 ἔργοις
857 4066 886 4118 ὁ
916 4062 1057 4128 θεῖος
1084 4063 1276 4132 Λόγος,
1303 4063 1441 4117 εἰσὶν
1463 4065 1512 4117 οἱ
1547 4062 1851 4128 πωλοῦντες
1898 4065 1992 4118 καὶ

413 4156 774 4227 ἀγοράζοντες
810 4158 868 4211 ὲν
918 4156 997 4230 τῷ
1028 4155 1158 4227 ίερῷ
1201 4156 1297 4209 τοῦ
1330 4154 1498 4210 Θεοῦ-
1526 4158 1574 4209 οί
1605 4155 1663 4209 δὲ
1710 4155 1784 4228 μὴ
1811 4155 1992 4221 καλῶς

411 4248 642 4305 διάκονοι
664 4249 993 4314 διοικοῦντες
1016 4250 1125 4322 (23)
1146 4247 1215 4302 τὰ
1237 4249 1336 4321 τῆς
1362 4247 1684 4320 Ἐκκλησίας
1710 4249 1813 4321 χρή
1823 4263 1988 4319 ματα,

2106 3253 2285 3302 coetus
2333 3246 2561 3302 minime
2609 3246 2844 3313 differat,
2895 3246 2967 3301 ita
3010 3257 3070 3302 ut
3110 3246 3218 3302 illis
3262 3248 3371 3304 dici
3423 3261 3590 3320 queat
3609 3252 3686 3309 εἰ

2109 3335 2365 3407 «Propter
2393 3350 2493 3391 vos
2519 3352 2733 3406 semper
2762 3351 2959 3391 nomen
2990 3351 3170 3392 meum
3189 3337 3598 3409 blasphematur
3627 3343 3681 3397 in

2102 3427 2374 3496 gentibus.
2407 3445 2427 3478 ι
2457 3424 2609 3492 Quod
2637 3426 2682 3480 si
2709 3425 3046 3482 illustrandae
3069 3423 3367 3497 Scriptum:
3387 3429 3559 3499 gratia
3583 3430 3686 3486 tria

2101 3530 2291 3570 eorum
2322 3531 2542 3586 genera,
2573 3517 2666 3585 qui
2697 3515 2786 3570 hic
2811 3515 3122 3585 congregati
3154 3524 3345 3584 erant,
3379 3519 3688 3575 accuratius

2102 3604 2424 3674 exponenda
2476 3611 2626 3669 sunt,
2672 3603 2967 3658 videndum
3020 3616 3205 3657 annon
3253 3605 3349 3675 qui
3404 3622 3437 3662 e
3485 3610 3686 3678 popqu

2102 3694 2267 3750 nullis
2299 3693 2424 3749 aliis
2451 3709 2614 3763 quam
2645 3691 2837 3747 mundi
2870 3693 3035 3748 rebus
3065 3705 3426 3763 occupantur,
3466 3707 3520 3752 et
3549 3713 3684 3753 vcn-

2100 3784 2281 3839 dendo
2328 3783 2510 3839 solum
2550 3782 2891 3851 emcudoque
2927 3780 3095 3837 dediti
3132 3792 3278 3850 sunt,
3326 3799 3452 3840 raro
3498 3795 3682 3846 autem

2100 3875 2478 3939 orationibus,
2532 3884 2586 3930 et
2637 3889 2760 3944 quae
2813 3874 3090 3930 desiderat
3142 3875 3389 3931 divinum
3443 3874 3680 3934 Verbum

2101 3965 2362 4037 operibus
2390 3965 2737 4028 incumbunt,
2766 3964 2803 4019 ii
2839 3964 2947 4020 sint
2977 3966 3072 4036 qui
3105 3966 3159 4021 in
3189 3966 3282 4023 Dei
3327 3970 3529 4040 templo
3551 3986 3682 4025 vcn-

2098 4058 2236 4112 dunt
2262 4065 2316 4112 et
2345 4064 2535 4111 emunt
2572 4073 2584 4107 :
2630 4055 2847 4111 diaconi
2904 4071 3033 4112 vero
3076 4059 3170 4127 qui
3212 4057 3466 4119 Ecclesia:
3512 4079 3679 4133 pecu.

2100 4150 2221 4205 nias
2248 4165 2358 4204 non
2391 4156 2538 4204 recte
2564 4148 2902 4219 dispensant,
2941 4149 3033 4204 scd
3059 4165 3153 4206 cas
3181 4166 3396 4223 semper
3424 4155 3678 4210 manibus

2096 4249 2462 4305 contrectant,
2511 4255 2620 4295 non
2673 4241 2898 4297 honeste
2940 4256 3068 4298 vero
3110 4243 3528 4315 administrant,
3579 4248 3672 4304 sed

1620 4383 1854 4442 VETUS
1891 4379 2475 4441 INTERPRETATIO.

412 4490 575 4546 modo
607 4491 897 4561 appellavit
920 4490 1250 4561 evangelista
1277 4500 1647 4561 eversas_essc
1679 4501 1710 4561 a
1744 4483 1893 4561 Jesu.
1930 4483 1993 4538 Et
2023 4484 2231 4561 utinam
2261 4481 2514 4561 audirent
2557 4480 2673 4561 luce
2705 4494 2828 4534 cum
2873 4478 3084 4561 decenti
3119 4477 3492 4561 admonitione
3520 4478 3670 4536 Scri-

412 4549 719 4630 ptur.e,qui
760 4549 1148 4633 gloriantur-"de
1180 4556 1644 4633 cathedrisMoysi
1679 4557 1733 4610 in
1774 4555 1971 4633 quibus
2010 4555 2227 4633 sedent,
2259 4551 2830 4633 ct_vendunt'o:nncs
2877 4549 3156 4633 ecclesias
3181 4549 3579 4633 columbarum:
3616 4561 3673 4607 et

412 4619 790 4701 iradnnt'eas"
805 4631 1005 4686 talibus
1028 4632 1355 4701 praepositis,
1399 4619 1642 4701 aduu'os
1670 4619 1826 4701 recte
1860 4626 2083 4701 dicatur
2123 4639 2155 4679 a
2191 4622 2421 4676 Domino
2458 4636 2556 4701 per
2596 4619 2886 4701 Jeremiam
2936 4620 3251 4701 prophetam
3284 4637 3298 4673 :
3330 4636 3349 4670 ι
3387 4619 3671 4701 Principes

431 4700 599 4768 )opttli
630 4701 732 4754 mei
768 4715 984 4770 menon
1016 4687 1390 4770 cognoverunt
1422 4719 1435 4754 :
1470 4687 1562 4770 lilii
1597 4696 1753 4770 enini
1774 4706 1900 4750 sunt
1926 4694 2265 4770 insipientes,
2296 4702 2349 4770 ct
2381 4687 2486 4770 non
2535 4690 2919 4770 intelligf-utcs.
2959 4687 3243 4770 Sapientes
3275 4699 3403 4770 sunt
3430 4691 3500 4770 ad
3525 4687 3668 4745 male

431 4716 599 4768 )Opllll
630 4716 732 4754 Ille!
768 4716 984 4755 menon
1016 4716 1390 4770 cognoverunt
1422 4719 1435 4754 :
1470 4716 1562 4752 llltl
1597 4716 1740 4750 Cltlln
1774 4716 1900 4750 sunt
1927 4716 2265 4773 IIISIPIUIILCS,
2296 4716 2349 4773 ut
2381 4716 2486 4772 ".0."
2535 4716 2919 4770 IIIICIIIBE'IIIFS.
2960 4716 3243 4769 captu-rtus
3275 4716 3403 4770 sunt.
3430 4716 3497 4743 am
3525 4716 3667 4745 tua“:

413 4716 746 4833 faciendum,
775 4768 909 4823 bene
935 4781 1115 4825 autem
1144 4772 1321 4826 facere
1351 4769 1621 4825 nesciunt.
1659 4764 1781 4841 r_Et
1816 4766 1956 4834 apud
1984 4763 2260 4817 {drchmam
2295 4761 2636 4841 s'mthterif
2666 4759 2948 4841 Principes
2976 4759 3157 4841 populi
3193 4774 3297 4841 met
3327 4760 3667 4841 expellentur

410 4843 478 4896 de
499 4842 662 4911 domo
693 4828 1020 4909 epulationis
1048 4855 1180 4895 sue.
1215 4861 1233 4894 ι
1271 4840 1325 4894 Si
1367 4850 1548 4911 autem
1597 4828 1866 4911 audirent,
1908 4848 2187 4911 nunquam
2232 4832 2528 4911 venderent
2556 4829 2760 4911 Christi
2786 4828 3100 4911 columnas,
3137 4828 3232 4883 sed
3267 4828 3666 4911 constituerent

413 4910 686 4980 principes
708 4899 898 4963 eorum
920 4924 1205 4980 parcentes
1227 4910 1517 4975 columbis,
1547 4918 1600 4980 et
1628 4904 1974 4980 providentes
1997 4899 2159 4980 saluti
2191 4916 2404 4965 earum,
2428 4908 2483 4980 et
2514 4915 2621 4954 non
2648 4899 3034 4980 despicientes,
3071 4913 3170 4952 nec
3198 4899 3507 4980 occidentes
3535 4900 3664 4970 pin-

411 4975 544 5049 gucs
567 4971 873 5035 columbas.
908 4971 964 5034 Si
994 4993 1172 5051 autem
1208 4989 1419 5047 oportet
1448 4971 1557 5051 tres
1577 4971 1963 5051 _ip_s_as_spe_cies
1992 4975 2221 5051 reiectas
2252 4988 2282 5025 a
2309 4972 2510 5051 templo
2548 4971 2768 5051 cautius
2795 4983 3093 5051 exponere,
3119 4971 3663 5051 possumus:

411 5038 737 5120 Quicunque
773 5051 825 5104 in
853 5050 1053 5121 populo
1087 5038 1402 5121 Christiano
1439 5047 1508 5103 ad
1536 5038 1673 5101 nihil
1710 5038 1857 5121 aliud
1889 5038 2168 5121 vacantin
2200 5041 2399 5121 saeculo
2433 5042 2557 5102 isto,
2590 5041 2693 5093 nisi
2720 5038 2865 5121 circa
2889 5038 3227 5121 venditiones
3252 5049 3307 5094 et
3328 5042 3661 5121 eruptiones,

411 5109 592 5177 Sirius
633 5109 817 5178 autem
855 5109 1292 5175 in'orationibus
1334 5127 1674 5188 permanent,
1717 5115 1801 5169 vel
1853 5114 1976 5188 aliis
2013 5111 2430 5188 actibusrectis
2468 5125 2609 5188 quos
2655 5110 2851 5188 quierit
2880 5122 3062 5162 sermo
3092 5109 3333 5188 divinus,
3382 5110 3483 5177 ipsi
3532 5120 3662 5164 sunt

413 5193 706 5248 vendentcs
734 5202 789 5247 et
816 5200 1058 5246 ementes
1090 5193 1142 5243 in
1172 5177 1372 5259 templo
1408 5187 1523 5252 Dei,
1574 5177 1836 5241 facientes
1859 5186 2095 5255 domum
2121 5181 2385 5236 orationis
2417 5177 2731 5251 speluncam
2763 5178 3058 5233 latronum.
3092 5177 3317 5235 Diaconi
3352 5190 3533 5234 autent
3563 5195 3661 5250 qut

481 5288 531 5321 “
558 5287 670 5345 Jer.
696 5302 773 5349 tv,
803 5285 894 5340 22.
969 5283 1015 5316 ⁸⁷
1040 5282 1204 5340 Mich.
1238 5300 1299 5351 ll,
1336 5285 1390 5340 9.
1466 5281 1560 5337 ⁸⁸1
1599 5281 1791 5337 Thess.
1827 5297 1878 5345 ν,
1910 5280 1997 5335 l7.

2107 5280 2246 5335 'lsa.
2274 5295 2369 5343 ιιι,
2404 5278 2455 5333 5.

482 5379 595 5451 (2|)
628 5379 739 5454 Kal
768 5374 1416 5454 ot?_:rspt6.l£:zo;aé1_~gvc
1442 5373 1578 5427 τινα
1610 5372 1689 5438 ὡς
1731 5370 1987 5441 παχεῖαν

414 5445 776 5527 περιστερριζ
791 5448 1242 5527 ᾒσανιςεςηίίιυ.
1282 5445 1667 5527 Hieronymus.

484 5514 598 5593 (22)
635 5514 706 5574 Et
740 5517 809 5572 δὲ
843 5516 940 5571 δεῖ
971 5516 1043 5571 τὰ
1085 5514 1215 5583 εἴδη
1254 5517 1387 5584 τρία
1427 5514 1834 5583 τυγχάνοντα,
1875 5521 1982 5568 etc.

416 5592 799 5661 Hieronymus.

430 5736 439 5737 ί
483 5662 596 5734 (25)
628 5662 694 5737 φὶ
724 5658 792 5737 δὲ
821 5658 903 5727 μὴ
937 5655 1133 5737 κακῶς
1168 5655 1433 5737 διάκοζρι
1461 5653 1852 5737 aermna-rec,
1876 5662 1982 5737 etc.

413 5725 549 5791 Cum
578 5725 985 5797 'azlcpisc'opum
1038 5730 1303 5781 honorum
1356 5725 1611 5782 Ecclesia:
1652 5726 1986 5795 dispensatio

776 5825 1050 5884 ΡΑτιιοι.
1089 5824 1203 5888 Gn.
1255 5822 1430 5885 Xlll.

2090 5370 2421 5442 pertineret,
2465 5366 2518 5421 id
2554 5367 2668 5438 ipse
2714 5380 2954 5442 n_on_per
3003 5380 3084 5433 se,
3124 5365 3216 5442 sed
3261 5380 3656 5442 nonnunquam

2093 5435 2187 5512 per
2230 5435 2607 5512 presbyteros,
2637 5435 2937 5512 saepissime
2978 5450 3073 5512 per
3119 5436 3381 5512 diaconos
3425 5435 3661 5492 adiitini-

2091 5505 2319 5565 stratiat.
2352 5505 2472 5563 Act.
2511 5523 2588 5571 vr,
2630 5506 2684 5577 l,
2730 5506 2767 5561 2
2796 5516 2849 5577 et
2876 5505 3173 5577 δρψ-(ηδε
3210 5505 3471 5577 diaconos
3517 5522 3659 5577 prae-

2091 5521 2319 5565 stianat.
2352 5521 2472 5563 Act.
2511 5523 2588 5571 vr,
2630 5521 2684 5570 ι,
2730 5521 2767 5561 z
2796 5521 2849 5561 et
3042 5521 3173 5560 tmte
3210 5521 3471 5560 utaconos
3517 5522 3659 5577 prae-

2091 5581 2263 5649 ceptis
2297 5580 2600 5649 int'ormaus
2632 5575 2923 5649 Apostolus
2974 5574 3275 5649 __T_im.__tn,
3317 5574 3372 5640 8,
3404 5576 3662 5649 turpibus

2093 5643 2258 5704 lueris
2282 5648 2624 5718 potissimum
2657 5643 2789 5718 ipsis
2814 5646 3108 5701 interdicit.
3146 5643 3411 5702 llusnvs.

3230 5813 3308 5870 56
