4074 6300
520 410 656 462 1553

515 605 748 676 συνέστη
813 601 1144 672 Ἐκκλησία,
1204 603 1260 653 ὲν
1283 600 1504 669 ὀνόματι
1543 599 1778 669 Χριστοῦ
1834 617 2091 670 συνεστη-

515 699 675 751 κυῖαν
711 695 871 766 μέχρι
891 694 992 763 τῆς
1029 692 1333 754 συντελεῖας
1361 690 1454 744 τοῦ
1482 691 1695 753 αἰῶνος,
1731 691 1824 754 οῦς
1857 691 1920 744 ἂν
1959 691 2092 762 εῦρῃ

515 787 593 857 τῷ
617 785 814 838 πωλεῖν
845 784 938 836 κα)⁵
965 781 1255 854 ἀγοράζειν
1281 783 1646 852 σχολάσαντας
1669 782 1775 834 τῶν
1812 781 2098 853 νομιζομέ-

518 886 622 922 νων
652 864 788 921 εἶναι
820 869 878 920 ὲν
910 868 988 938 τῷ
1018 867 1147 939 ἱερῷ
1169 869 1264 921 τοῦ
1288 869 1422 921 Θεοῦ
1452 869 1657 943 ὲκϐἀλῃ
1700 870 1842 941 (27)⁶
1889 872 1982 923 καὶ
2005 870 2094 934 οὒς

518 959 582 1012 ἂν
611 958 745 1031 εῦρῃ
780 959 1055 1030 τραπέζας
1080 959 1357 1030 πήξαντας
1386 962 1479 1014 καὶ
1508 962 1822 1029 γινομένους
1852 961 2097 1014 κολλυϐι-

522 1043 672 1106 στάς,
709 1043 940 1110 ἐλέγξει,
973 1045 1354 1116 καταστρέψας
1373 1045 1552 1098 αύτῶν
1577 1047 1674 1110 τὰς
1690 1047 1985 1118 τραπέζας,
2003 1048 2098 1100 καὶ

520 1131 598 1202 τῷ
622 1132 763 1203 λόγῳ
803 1133 985 1198 δείξας
1033 1129 1120 1186 οἷα
1148 1135 1276 1206 περὶ
1321 1135 1382 1188 τὸ
1415 1135 1677 1208 ἀργύριον
1711 1139 2059 1209 ἡμαρτήκασι
2081 1156 2094 1168 ο

520 1223 641 1275 τότε
666 1221 722 1275 δὲ
752 1224 844 1276 καὶ
872 1224 989 1288 τὰς,
1023 1223 1099 1287 ὼς
1127 1223 1524 1296 διηγησάμεθα,
1553 1226 1820 1299 καθέδρας
1849 1228 1956 1282 τῶν
1986 1243 2099 1280 πω-

522 1313 755 1368 λούντων
782 1314 880 1376 τὰς
906 1316 1232 1386 περιστερὰς
1261 1317 1642 1388 καταστρέψει.
1674 1320 1734 1370 Et
1759 1319 1814 1372 δέ
1836 1337 1919 1382 τις
1945 1319 2098 1373 οὐδὲν

522 1408 629 1462 τῶν
660 1408 824 1479 τριῶν
841 1408 1045 1462 τούτων
1072 1410 1227 1464 είδῶν
1253 1410 1385 1481 ἔχει,
1407 1413 1502 1467 καὶ
1529 1415 1587 1466 ἐν
1612 1413 1690 1484 τῷ
1721 1413 1832 1484 ναῷ
1855 1413 2101 1485 εὑρίσκε-

523 1517 613 1554 ται
644 1499 737 1554 τοῦ
765 1500 922 1564 Θεοῦ,
954 1500 1222 1572 θαρρείτω
1241 1519 1252 1532 ·
1285 1501 1406 1556 οὔτε
1437 1504 1546 1575 γὰρ
1574 1504 1964 1575 ἐκϐληθήσεται
1995 1503 2100 1557 ὑπὸ

522 1591 619 1644 τοῦ
673 1592 888 1662 Ἰησοῦ,
946 1592 1070 1646 οὔτε
1117 1612 1168 1647 τι
1205 1595 1312 1647 τῶν
1350 1594 1514 1648 αὑτοῦ
1563 1597 2097 1667 καταστραφήσεται,

523 1683 636 1736 οὗθ’
665 1684 741 1747 ὠς
771 1686 1000 1756 ποιήσας
1045 1685 1136 1740 τὸν
1166 1682 1313 1740 οἷκον
1349 1687 1660 1758 προσευχῆς
1709 1688 1970 1759 σπήλαιον
2007 1688 2101 1760 λῃ-

528 1773 667 1826 στῶν
717 1774 1141 1845 ὀνειδισθήσεται
1179 1775 1254 1838 ὡς
1296 1775 1530 1848 λῃστὴς,
1559 1779 1645 1830 ὅτε
1680 1777 2100 1848 κολασθήσονται

523 1867 574 1916 οἱ
598 1865 918 1935 ποιήσαντες
946 1869 1010 1938 τῇ
1037 1866 1242 1921 ἑαυτῶν
1270 1867 1491 1939 λῃστείᾳ
1518 1870 1611 1922 καὶ
1639 1870 1820 1941 ἀδικίᾳ
1839 1869 1932 1922 τὸν
1953 1866 2100 1924 οἷκον
2133 1844 2174 1902 Β

525 1954 622 2023 τῆς
655 1954 958 2024 προσευχῆς
991 1954 1248 2025 σπήλαιον
1274 1954 1506 2026 λῃστῶν.

597 2135 901 2207 Είρημένου
930 2135 1038 2206 (28)
1073 2135 1248 2189 τοίνυν
1277 2138 1356 2201 είς
1385 2137 1445 2190 τὸ
1475 2137 1636 2208 ῥητὸν
1664 2138 1763 2208 τῆς
1803 2136 2104 2191 ὑποπεσού-

528 2249 627 2304 σης
652 2233 781 2301 ἡμῖν
811 2231 902 2283 καὶ
924 2232 1004 2293 είς
1031 2230 1126 2302 τὴν
1166 2229 1485 2300 Ἐκκλησίαν
1507 2229 1670 2299 διχῶς
1710 2229 2104 2300 ἀποδεδομένης

527 2322 851 2391 διηγήσεως,
890 2321 1022 2392 φέρε
1057 2322 1194 2390 μετά
1225 2321 1396 2374 ταῦτα
1439 2319 1635 2391 ἴδωμεν
1673 2322 1720 2373 εἰ
1761 2319 1984 2374 δύναται
2014 2319 2105 2373 καὶ

527 2411 668 2465 οὓτω
687 2411 753 2464 τὰ
784 2413 922 2465 κατά
953 2413 1044 2464 τὸν
1076 2413 1236 2464 τόπον
1274 2409 1548 2482 νοηθῆναι.
1598 2413 1710 2464 Οὐκ
1749 2411 1966 2464 ἔλαττον
2008 2413 2106 2482 τῆς

540 2501 862 2572 Ἐκκλησίας
891 2501 1046 2570 φύσει
1073 2501 1215 2572 ἱερόν
1244 2502 1508 2555 ὲστιΘεοῦ
1536 2504 1684 2556 πᾶσα
1705 2503 1896 2572 λογικὴ
1923 2501 2104 2570 φύσις,

528 2591 1008 2662 κατεσκευασμένη
1037 2591 1121 2643 ἵνα
1144 2592 1366 2662 χωρήσῃ
1389 2589 1543 2654 δόξαν
1568 2590 1702 2643 Θεοῦ
1724 2630 1737 2654 ,
1774 2589 1901 2659 περὶ
1931 2584 1996 2660 ἧς
2017 2590 2108 2657 γέ-

529 2684 772 2752 γραπται
823 2684 880 2734 ἐν
934 2685 999 2754 τῇ
1047 2681 1275 2752 δευτέρᾳ
1319 2681 1424 2734 τῶν
1465 2681 1974 2752 Παραλειπομένων,
2015 2684 2110 2736 καὶ

530 2773 596 2841 τῇ
644 2771 800 2842 τρίτῃ
855 2771 961 2826 τῶν
1013 2772 1326 2837 Βασιλειῶν,
1375 2773 1634 2844 ὀφθείσης
1666 2773 1800 2843 μετά
1837 2772 1936 2843 τὴν
1965 2774 2110 2826 οίκου

529 2861 699 2935 δομὴν
723 2862 818 2916 τοῦ
853 2863 958 2917 νεὼ
986 2867 1042 2917 ὲν
1073 2864 1238 2935 αύτῷ.
1268 2864 1436 2918 Τοῦτο
1461 2865 1524 2937 δὴ
1555 2867 1616 2917 τὸ
1643 2865 1799 2934 φύσει
1829 2865 1938 2936 (29)
1965 2863 2108 2937 ἱερὸν

529 2953 625 3006 τοῦ
655 2954 812 3018 Θεοῦ,
844 2955 938 3026 τὴν
973 2956 1170 3027 ψυχὴν,
1206 2955 1644 3028 πεπληρώκαμεν
1685 2958 1734 3008 oi
1768 2957 2107 3028 ἁμαρτάνον·

527 3062 621 3107 τες
642 3045 962 3100 πωλούντων
983 3049 1075 3100 καί¹
1101 3049 1476 3120 ἀγοραζόντων
1493 3047 1787 3117 λογισμῶν,
1823 3047 1916 3101 καὶ
1935 3046 2107 3101 ἄλλων

532 3139 659 3207 περὶ
683 3138 946 3210 ἀργυρίου
974 3139 1151 3193 πάντα
1189 3143 1532 3194 σκοπούντων
1574 3138 1935 3209 διαλογισμῶν
1961 3156 1974 3168 ·
2014 3155 2110 3191 πε-

533 3232 637 3303 πλη
648 3231 898 3304 ρὼκαμεν
925 3233 982 3286 δὲ
1011 3235 1433 3306 ἁμαρτάνοντες,
1458 3235 1550 3288 καὶ
1588 3233 1761 3288 ἄλλων
1790 3233 2109 3287 πωλούντων

533 3327 626 3376 καὶ
651 3325 754 3377 ἀπε
763 3325 1109 3395 μπολούντων
1131 3327 1182 3379 εί
1215 3344 1266 3378 τι
1295 3326 1447 3394 ἅγιον
1465 3327 1574 3396 ('50)
1599 3324 1948 3395 κατάλειμμα
1967 3327 2024 3377 ὲν
2041 3327 2107 3396 τῇ

531 3415 675 3486 ψυχῇ
699 3417 855 3486 ἡμῶν
883 3418 1193 3488 γεγένηται,
1216 3420 1350 3490 ὅπερ
1376 3414 1442 3488 ἦν
1471 3418 1787 3490 περιστερά.
1824 3418 1989 3486 Λέγει
2018 3413 2110 3471 οῦν

532 3510 644 3570 τοῖς
671 3509 1070 3579 ἁμαρτάνουσιν
1092 3513 1120 3564 ὁ
1158 3510 1380 3580 Ἰησοῦς.
1412 3511 1504 3564 καὶ
1528 3511 1977 3582 πεπληρωμένοις
2015 3509 2110 3581 λῃ-

537 3597 675 3649 στῶν
713 3598 984 3670 λογισμῶν
1031 3599 1089 3652 τό
1107 3616 1120 3629 ο
1157 3619 1174 3649 ι
1203 3600 1513 3670 Γέγραπται
1533 3615 1547 3630 ·
1579 3599 1635 3653 Ὁ
1652 3595 1796 3660 οἶκός
1823 3615 1924 3668 μου
1959 3593 2108 3662 οἶκος

536 3686 841 3758 προσευχῆς
889 3687 1254 3759 κληθήσεται·
1289 3689 1446 3758 ὑμεῖς
1477 3687 1534 3739 δὲ
1564 3687 1725 3740 αὐτὸν
1774 3686 2110 3758 πεποιήκατε

541 3778 801 3850 σπήλαιον
812 3781 1046 3852 λῃστῶν.
1063 3800 1082 3832 ι
1100 3781 1160 3834 Ὀ
1181 3781 1277 3851 μὲν
1293 3776 1386 3834 οὖν
1421 3778 1627 3851 Ἰησοῦς
1651 3780 1776 3841 τοὺς
1794 3779 2123 3849 ποιήσαντας

541 3870 798 3941 σπήλαιον
818 3870 1028 3946 λῃστῶν
1049 3871 1137 3924 τὸν
1167 3868 1312 3924 οἷκον
1330 3871 1428 3942 τῆς
1447 3869 1752 3941 προσευχῆς
1784 3869 1983 3940 λῃστὰς
2005 3868 2118 3930 ἐξέ-

541 3959 703 4013 ϐαλεν
724 3961 788 4013 tu
810 3960 902 4013 τοῦ
937 3959 1082 4031 ἱεροῦ
1103 3977 1117 3991 ο
1145 3961 1194 4012 οἱ
1234 3960 1290 4013 δὲ
1326 3959 1396 4013 τὰ
1429 3960 1569 4014 αὑτά
1597 3961 1708 4022 τοῖς
1733 3957 1956 4029 λῃσταῖς
1988 3973 2118 4027 φρο-

537 4051 754 4114 νοῦντες
777 4053 904 4123 περὶ
940 4051 1036 4122 μὲν
1071 4050 1244 4122 Ἰησοῦ
1269 4052 1551 4123 εἰρήκασι⁶
1585 4070 1602 4101 ι
1635 4049 1876 4120 Σταύρου
1900 4088 1914 4113 ,
1953 4047 2114 4100 σταύ-

541 4161 634 4214 ρου
656 4143 848 4197 αὐτόν·
884 4163 902 4196 ι
931 4144 1058 4216 περὶ
1094 4144 1149 4196 δὲ
1199 4142 1294 4196 τοῦ
1331 4141 1524 4214 λῃστοῦ
1553 4141 1840 4214 Βαραϐϐᾶ·
1893 4161 1911 4192 ι
1951 4140 2110 4193 Ἀπό-

537 4234 697 4288 λυσον
738 4236 866 4306 ὑμῖν
894 4235 983 4288 τὸν
1021 4234 1328 4306 Βαραϐϐᾶν.
1378 4253 1396 4286 ι
1435 4235 1633 4305 Διόπερ
1673 4233 1832 4304 μέχρι
1875 4233 2110 4302 σήμερον

551 4331 792 4384 Ἰουδαῖοι
835 4330 1039 4403 Ἰησοῦν
1068 4330 1165 4400 μὲν
1188 4329 1287 4382 οὐκ
1319 4327 1549 4398 ἔχουσιν,
1579 4328 1639 4380 οὐ
1671 4327 1778 4397 γὰρ
1817 4322 2110 4378 πεπιστεύ-

541 4439 697 4476 κασιν
725 4424 803 4486 είς
826 4422 916 4476 τὸν
943 4422 1068 4475 Υίὸν
1102 4421 1194 4475 τοῦ
1227 4418 1361 4473 Θεοῦ
1381 4436 1394 4449 ·
1427 4419 1610 4490 ἔχουσι
1649 4418 1706 4472 δὲ
1743 4419 1862 4490 μεθ’
1902 4415 2108 4470 ἑαυτῶν

1455 401 1805 456 COMMENT.
1851 401 1914 454 LV
1958 400 2374 457 ΜΑΤΤΗᾸΞΕΜ
2411 402 2647 456 TOMUS
2688 400 2824 455 XVI.

512 515 602 570 τοῦ
635 513 769 570 Θεοῦ
824 514 962 574 ὅλον,
1015 513 1113 582 τὴν
1162 511 1340 564 πᾶσαν
1382 509 1723 579 Ἐκκλησίαν,
1769 509 1884 580 τὴν,
1933 510 1989 575 ἐξ
2029 502 2089 562 οὗ
2123 517 2163 570 Α

3627 408 3760 462 Μἐιί

2192 509 2378 562 stitnta
2410 518 2493 564 est
2517 507 2776 574 Ecclesia,
2824 510 2876 563 in
2920 509 3136 562 nomine
3169 509 3368 564 Christi
3404 512 3470 564 ad
3503 527 3762 568 consum-

2195 600 2489 653 mationem
2545 614 2717 667 usque
2769 598 2951 654 saeculi
3003 606 3353 667 perseverat,
3407 614 3767 671 quoscunque

2193 705 2258 743 ex
2302 690 2368 743 iis
2396 690 2488 758 qui
2537 691 2590 743 in
2621 689 2822 758 templo
2855 688 2947 742 Dei
2994 703 3115 743 esse
3143 687 3460 752 creduntur,
3498 694 3766 760 emptioni

2197 779 2604 848 venditionique
2646 793 2867 849 cperam
2907 778 3120 833 dedisse
3165 780 3518 846 compererit,
3553 781 3767 850 ejiciet;

2195 882 2444 937 quosque
2479 883 2695 922 mensas
2729 869 3006 932 statuisse,
3041 876 3095 923 et
3128 868 3508 922 nummulariae
3548 870 3625 924 rei
3672 886 3766 924 va-

2197 973 2352 1012 casse
2379 958 2813 1028 deprehenderit,
2849 958 3054 1012 eversis
3095 972 3283 1012 eorum
3320 960 3547 1022 mensis,
3575 975 3768 1028 pecca-

2198 1047 2378 1118 tisqne
2417 1049 2672 1103 omnibus
2706 1049 2849 1103 circa
2879 1047 3164 1119 pecuniam
3211 1049 3487 1113 admissis,
3516 1065 3768 1104 sermone

2197 1139 2400 1209 apertis
2430 1155 2495 1194 ac
2525 1139 2828 1209 patefactis,
2863 1147 3150 1208 coarguet;
3175 1150 3304 1194 tunc
3333 1155 3550 1210 quoque
3577 1156 3766 1196 eorum

2198 1231 2387 1296 etiam,
2435 1241 2495 1286 ut
2529 1232 2797 1297 diximus,
2845 1231 2938 1300 qui
2984 1230 3266 1284 columbas
3296 1231 3556 1296 vendunt,
3586 1232 3770 1286 cathe-

2199 1321 2325 1375 dras
2353 1323 2647 1376 subvertet.
2675 1320 2830 1387 Quod
2865 1323 2909 1375 si
2942 1320 3114 1375 tribus
3145 1319 3230 1374 his
3258 1320 3545 1390 generibus
3572 1321 3769 1390 aliquis

2201 1412 2516 1482 neutiquam
2565 1410 2730 1466 fuerit
2774 1410 2970 1477 affinis,
2999 1417 3051 1462 et
3082 1410 3134 1463 in
3160 1407 3255 1464 Del
3290 1409 3487 1479 templo
3522 1409 3769 1465 invenia-

2202 1511 2309 1566 tur,
2347 1503 2584 1557 eonlldat
2630 1503 2753 1569 ille;
2813 1517 2842 1555 a
2880 1499 3006 1556 Jesu
3049 1499 3192 1553 enim
3243 1500 3465 1556 minime
3502 1499 3768 1570 ejicietur,

2201 1609 2376 1664 neque
2418 1595 2483 1649 de
2525 1595 2690 1650 rebus
2731 1594 2795 1648 ad
2837 1608 2961 1646 eum
3016 1591 3413 1662 pertinentibus
3473 1593 3769 1663 quidquam

2201 1695 2498 1750 evertetur,
2550 1699 2726 1755 neque
2771 1683 3077 1753 quasi-qni
3131 1683 3400 1736 latronum
3458 1687 3766 1752 speluncam

2204 1774 2424 1830 domum
2493 1775 2756 1830 orationis
2811 1772 3036 1838 fecerit,
3088 1773 3267 1828 verbis
3328 1783 3584 1842 tanquam
3636 1775 3772 1829 latro

2204 1866 2593 1936 castigabitur;
2646 1882 2769 1921 eum
2831 1880 3022 1935 poenas
3069 1866 3296 1928 dabunt,
3327 1865 3421 1934 qui
3471 1865 3775 1922 latrociniis

2205 1955 2318 2011 suis
2361 1965 2415 2009 et
2453 1956 2690 2026 nequitia
2719 1956 2941 2011 domum
2975 1956 3238 2011 orationis
3255 1957 3525 2010 latronum
3557 1958 3768 2026 spelun-

2203 2061 2321 2100 cam
2357 2044 2622 2100 fecerunt.

2274 2138 2363 2192 25.
2408 2137 2704 2208 Postquam
2749 2147 2880 2209 ergo
2925 2139 3282 2210 excogitatam
3329 2151 3359 2192 a
3387 2137 3564 2201 nobis,
3592 2149 3646 2192 et
3673 2137 3770 2194 Ec.

2204 2229 2382 2284 clesia:
2411 2229 2610 2299 duplici
2645 2229 2806 2286 modo
2837 2232 3160 2302 applicatam
3192 2232 3587 2302 expositionem
3615 2245 3774 2302 super

2205 2322 2310 2376 hoc
2347 2321 2466 2376 loco
2505 2323 2849 2385 tradidimus,
2883 2323 3134 2392 agedum,
3171 2339 3238 2378 an
3271 2338 3337 2378 eo
3367 2337 3587 2393 quoque
3621 2333 3777 2392 pacto

2207 2412 2430 2483 intelligi
2480 2413 2692 2482 possint
2733 2429 2855 2483 qua:
2898 2413 3002 2468 hoc
3043 2413 3314 2468 haben'ur
3339 2413 3483 2479 loco,
3522 2423 3779 2483 praeterea

2165 2554 2168 2557 Α
2207 2500 2508 2557 videamus.
2542 2501 2694 2556 Haud
2734 2517 2892 2557 secus
2921 2517 2985 2558 ac
3013 2502 3274 2569 Ecclesia,
3305 2504 3622 2558 naturaliter
3643 2513 3776 2558 tem—

2208 2593 2354 2662 pinm
2382 2591 2472 2646 Dei
2512 2601 2597 2646 est
2638 2592 2892 2648 universa
2936 2603 3129 2648 natura
3176 2595 3388 2648 ratione
3435 2595 3683 2666 praedita,
3713 2593 3779 2651 ad

2210 2683 2260 2737 id
2293 2691 2473 2736 creata
2506 2693 2566 2736 ut
2595 2683 2774 2754 capiat
2795 2684 3022 2754 gloriam
3050 2681 3162 2750 Dei,
3187 2699 3308 2754 qum
3329 2683 3780 2756 Paralipomenon

2209 2774 2472 2841 secundo,
2503 2784 2555 2830 et
2590 2776 2750 2830 tertio
2779 2775 2985 2848 Regum
3021 2775 3133 2830 visa
3168 2792 3290 2832 esse
3325 2777 3380 2832 in
3424 2778 3623 2848 templo
3658 2785 3785 2847 post

2209 2864 2384 2934 ipsius
2412 2874 2741 2921 structuram
2784 2877 3040 2922 narratur
3062 2868 3130 2921 ’³.
3179 2869 3236 2923 ld
3269 2878 3471 2932 autem,
3503 2871 3647 2940 quod
3685 2885 3782 2926 na-

2211 2965 2330 3010 tura
2359 2967 2550 3026 suapte
2578 2959 2836 3028 templum
2867 2957 2960 3013 Dei
2988 2967 3090 3025 est,
3124 2959 3358 3013 animam
3391 2961 3614 3024 scilicet.
3649 2978 3778 3016 ven-

2208 3047 2462 3103 d.-.ntibus
2489 3057 2543 3103 et
2567 3050 2870 3106 ementibus
2895 3049 3056 3121 755
3085 3053 3522 3122 cogitationibus,
3551 3062 3604 3108 et
3630 3070 3779 3124 qua:-

2155 3195 2178 3215 Ἰ
2211 3153 2427 3207 cunque
2459 3138 2523 3192 ad
2565 3153 2678 3193 rem
2715 3140 3138 3196 nummulariam
3179 3143 3451 3213 pertinent
3501 3145 3784 3198 attenden-

2137 3200 2179 3253 (ἶ
2215 3229 2360 3283 tibus
2391 3243 2490 3283 nos
2517 3237 2802 3298 peccantes
2831 3231 3254 3300 complevimus;
3281 3240 3444 3302 atque
3478 3232 3599 3288 aliis
3632 3233 3784 3300 item,

2213 3319 2341 3372 dum
2379 3321 2616 3388 peccatis
2645 3320 2809 3375 dediti
2843 3336 3066 3387 sumus,
3102 3323 3460 3379 vendentibus
3497 3332 3550 3379 et
3590 3324 3788 3380 nundi-

2215 3410 2476 3464 nantibus
2524 3409 2788 3481 quidquid
2824 3419 3070 3466 sanctum
3117 3412 3171 3466 in
3203 3413 3382 3468 anima
3425 3423 3610 3470 nostra
3657 3414 3786 3469 reli-

2213 3515 2379 3568 quum
2430 3499 2554 3566 fuit,
2601 3501 2748 3570 quod
2800 3511 2916 3556 erat
2961 3503 3234 3568 columba,
3289 3505 3634 3574 replevimus.
3682 3504 3788 3572 Qui

2211 3604 2344 3658 ergo
2381 3591 2616 3658 peccatis
2663 3590 2862 3645 addicti
2903 3599 3053 3658 sunt,
3091 3601 3146 3646 et
3193 3595 3632 3663 cegitationibns,
3667 3613 3789 3667 quas

2219 3680 2487 3734 latronum
2519 3681 2726 3736 similes
2759 3681 2891 3746 sint,
2922 3683 3110 3752 repleti
3139 3693 3286 3750 sunt,
3320 3685 3385 3740 iis
3424 3687 3496 3740 ait
3522 3686 3682 3744 Jesus
3705 3691 3784 3742 ἰε

2237 3794 2255 3824 ι
2316 3772 2587 3843 Scriptum
2634 3781 2774 3829 est:
2831 3771 3034 3828 Domus
3110 3790 3260 3838 mea,
3337 3777 3530 3832 domus
3587 3781 3791 3834 oratio-

2222 3865 2307 3920 nis
2343 3864 2657 3930 vocabitur;
2705 3877 2804 3919 vos
2836 3872 3015 3918 autem
3051 3864 3257 3922 fecistis
3296 3866 3439 3920 illam
3475 3867 3788 3936 speluncam

2224 3957 2522 4010 latronum.
2556 3974 2574 4007 ι
2625 3954 2889 4012 Latrones
2926 3971 3078 4027 ergo,
3123 3957 3214 4026 qui
3258 3957 3481 4012 domum
3530 3961 3788 4016 orationis

2221 4047 2534 4118 speluncam
2571 4045 2815 4102 fecerunt
2847 4048 3143 4111 latronum,
3180 4049 3380 4119 templo
3407 4050 3564 4120 ejecit
3595 4049 3785 4107 Jesns:

2217 4147 2272 4192 at
2317 4137 2411 4208 qui
2455 4137 2644 4192 eadem
2691 4136 2758 4192 de
2794 4136 2920 4192 Jesu
2965 4137 3206 4192 sentiunt
3250 4154 3370 4208 quae
3418 4139 3680 4204 latrones,
3725 4141 3792 4196 de

2212 4231 2342 4286 Jesu
2376 4229 2592 4300 quidem
2624 4229 3579 4302 dixerunt":tCrucilige,cruciﬁge
3597 4249 3786 4299 eumn

2214 4321 2281 4376 de
2309 4321 2519 4375 latrone
2567 4329 2745 4375 autem
2782 4320 3068 4375 Barabba:
3103 4339 3119 4371 ι
3149 4320 3368 4376 Dimitte
3413 4322 3570 4378 nobis
3596 4323 3791 4380 Barab-

2214 4415 2360 4470 bam.
2399 4435 2416 4466 ι
2467 4415 2738 4481 Quocirca
2788 4415 2853 4469 ad
2887 4415 3029 4471 hanc
3083 4429 3256 4485 usque
3282 4415 3421 4470 diem
3453 4415 3638 4471 Jesnm
3672 4426 3788 4487 qu:-

1739 4552 1970 4611 VETUS
2009 4549 2595 4607 INTERPRETATIO.

543 4671 702 4744 liquerit
734 4688 842 4727 non
883 4673 1089 4744 habens
1114 4674 1315 4744 aliquid
1349 4676 1415 4729 de
1444 4675 1529 4728 his
1570 4673 1892 4728 criminibus
1922 4672 2118 4736 tribus,
2151 4681 2204 4726 et
2247 4671 2500 4744 inventus
2530 4669 2696 4744 fuerit
2724 4686 2847 4744 esse
2878 4671 2936 4744 in
2956 4673 3192 4744 templo,
3222 4672 3480 4729 conﬁdat.
3510 4673 3618 4728 Nec.
3644 4678 3787 4732 enim

541 4743 788 4815 eiicietur
813 4759 841 4798 a
869 4742 1119 4815 _Christo,
1156 4740 1255 4798 nec
1280 4745 1484 4815 aliquid
1516 4744 1636 4814 ejus
1657 4751 2077 4815 evertetur,_ne_t_:
2102 4742 2521 4815 exprobrabitur
2539 4742 2694 4815 quasi
2726 4740 3152 4815 feceritgomtini
3183 4745 3448 4815 orationis
3475 4746 3787 4815 speluncam

543 4808 842 4888 latronum.
869 4811 1006 4867 Puto
1024 4822 1212 4888 autem
1243 4821 1296 4888 ct
1328 4808 1390 4888 in:
1413 4815 1517 4868 hoc
1545 4808 1790 4888 tempore
1817 4808 2329 4888 invisibiliter'venit
2353 4808 2514 4864 Iesus
2544 4808 2609 4888 ad
2641 4813 2886 4882 singulas
2919 4810 3341 4888 EcclesiasDci,
3378 4821 3432 4868 et
3467 4808 3617 4888 ejicit
3647 4834 3788 4888 quos

543 4898 707 4952 supra
735 4883 974 4938 diximus
1005 4883 1200 4952 dignos
1237 4884 1524 4953 ejectione.
1550 4881 1995 4953 Quotiescunque
2017 4881 2397 4953 enimexcitat
2424 4881 2776 4935 tentationem
2819 4895 2980 4950 super
3004 4881 3328 4949 Ecclesiam,
3359 4881 3508 4938 venit
3539 4888 3606 4941 ad
3641 4881 3786 4953 eam,

539 4963 596 5008 et
617 4953 801 5023 visitat
834 4968 976 5016 eam,
1004 4951 1427 5023 ut’l‘aciat’quod
1454 4952 1631 5023 facere
1655 4951 1921 5008 scribitur
1943 4953 1997 5006 in
2036 4951 2146 5023 hoc
2171 4951 2318 5023 loco.

614 5023 705 5078 23.
740 5021 873 5078 Post
908 5023 1022 5077 hare
1057 5018 1340 5078 videamus
1373 5037 1440 5076 ne
1480 5022 1620 5078 forte
1653 5033 1707 5078 et
1731 5023 1811 5078 sic
1845 5023 1999 5077 locus
2034 5021 2136 5074 iste
2169 5019 2394 5088 intelligi
2428 5019 2619 5088 possit.
2655 5018 2847 5075 Omnis
2882 5020 3024 5074 enim
3054 5031 3249 5077 natura
3281 5023 3619 5082 rationabilis
3647 5035 3786 5080 tem-

541 5092 691 5162 plum
728 5103 812 5149 est
844 5093 959 5154 Dei,
997 5108 1119 5162 qua:
1149 5093 1214 5147 ad
1248 5094 1348 5148 hoc
1379 5101 1465 5146 est
1493 5102 1694 5157 creata,
1731 5102 1790 5146 ut
1812 5093 1990 5160 capiat
2019 5091 2244 5163 gloriam
2285 5089 2398 5163 Dei.
2436 5088 2551 5163 Hoc
2583 5104 2714 5160 ergo
2738 5091 2992 5163 qnolest
3025 5093 3344 5147 naturaliter
3372 5097 3633 5163 templum
3668 5097 3785 5160 Dei,

544 5159 594 5237 id
629 5171 712 5237 est
762 5163 968 5237 anima,
1001 5159 1290 5237 implcmus
1314 5172 1601 5237 peccantes
1634 5159 1961 5237 quibusdam
1998 5161 2216 5237 quidem
2252 5159 2632 5237 vendentibus,
2658 5159 2992 5237 quihusdam
3018 5169 3206 5237 autem
3239 5159 3547 5237 ementibus
3575 5159 3784 5237 cogitaé

543 5232 784 5311 tionibus
815 5233 996 5297 malis,
1027 5230 1093 5311 et:
1113 5230 1406 5311 si_aliqnid_
1426 5230 1678 5311 sanctum
1710 5232 1978 5311 reliquum
2013 5239 2097 5285 est
2123 5231 2387 5311 in_anima
2414 5239 2633 5311 nostra,
2659 5230 2804 5298 quod
2837 5231 3219 5311 estcolumba.
3255 5231 3395 5311 _D_ieit
3416 5248 3550 5311 ergo
3580 5230 3672 5290 ad'
3690 5247 3785 5291 eos

543 5304 634 5371 qui
676 5311 925 5371 peccant,
957 5311 1011 5356 et
1040 5304 1183 5371 pleni
1223 5298 1352 5358 sunt
1382 5302 1593 5356 furibus
1619 5298 2044 5371 cogitationibus
2076 5319 2088 5353 :
2128 5317 2144 5349 ι
2185 5298 2390 5352 Demus
2426 5313 2582 5371 mea,
2603 5306 2802 5353 domus
2831 5300 3422 5371 orationisivncabitur.
3470 5298 3574 5358 Vos
3601 5315 3784 5360 autem

547 5367 748 5427 fecistis
776 5387 897 5426 eam
931 5367 1245 5441 speluncam
1285 5373 1578 5427 latronum.-
1611 5391 1629 5423 ο
1671 5367 1737 5425 Et
1763 5370 1922 5426 Jesus
1953 5372 2170 5440 quidem
2206 5384 2302 5423 eos
2347 5368 2440 5437 qui
2477 5370 2788 5438 speluncam
2824 5367 3064 5423 fecerant
3099 5370 3371 5425 latronum
3404 5373 3630 5428 domum
3663 5389 3786 5429 ora-

615 5507 656 5538 "
688 5507 732 5561 Ii
756 5507 963 5583 Par._v,
1000 5511 1062 5566 l4
1091 5529 1105 5576 ;
1137 5510 1206 5564 111
1241 5510 1370 5583 Reg.
1417 5526 1533 5576 vm,
1568 5510 1654 5564 ll.

1731 5510 1776 5541 "
1809 5508 1994 5565 Matth.
2046 5523 2160 5575 xxi,
2210 5507 2294 5560 l3.

549 5576 699 5630 ἔθευ.
732 5595 845 5643 nx,
876 5581 929 5634 6.

2384 5507 2432 5536 ”
2462 5506 2652 5562 Matth.
2686 5525 2852 5576 xxvn,
2885 5509 2974 5575 2i,
3023 5507 3130 5575 22;
3167 5509 3298 5564 Luc.
3350 5525 3506 5578 mu,
3557 5514 3644 5578 l9,
3679 5516 3785 5586 2i;

618 5714 732 5790 (2])
777 5719 1046 5790 ’Exo’ddn.
1077 5721 1236 5776 Forte
1275 5722 1619 5777 scribendum
1651 5722 1886 5778 ἐκϐαλεῖ.

618 5720 732 5784 (‘27)
777 5720 1046 5790 ’Exo’djn.
1077 5721 1236 5776 Forte
1275 5722 1619 5777 scribendum
1651 5722 1886 5778 ἐκϐαλεῖ.

617 5785 727 5856 (28)
764 5791 1111 5858 Εὶρημένου.
1155 5792 1311 5846 Forte
1338 5792 1655 5863 εἰρημένης.

2291 5724 2403 5792 (9.9)
2443 5721 2620 5777 Τοῦτο
2650 5720 2750 5787 δὴ,
2781 5730 2883 5776 etc.
2921 5721 3050 5776 Vide
3078 5722 3295 5792 Origen.
3343 5735 3379 5780 t.
3413 5744 3448 5782 ιι
3479 5729 3528 5780 in
3552 5728 3710 5784 Joun.

2295 5793 2408 5862 (50)
2445 5795 2657 5859 "Artor.
2685 5792 2866 5848 Codex
2900 5793 3118 5862 llcgius,
3145 5795 3290 5849 ἄλλο.

2295 5793 2408 5862 (50)
2445 5795 2657 5859 "Artor.
2685 5792 2866 5848 Codex
2900 5793 3118 5862 llcgius,
3145 5795 3290 5849 ἄλλο.
