4074 6300
372 409 510 464 “59

1824 396 2146 452 OBEGENIS

3480 381 3506 432 ‘l
3524 375 3622 431 {GU

373 521 528 576 heusi
571 528 715 585 sunt,
752 524 934 585 utpote
968 513 1058 583 qui
1105 512 1173 566 ad
1224 511 1275 565 id
1323 525 1430 564 non
1473 509 1875 565 advertissentl
1926 528 1938 562 :

2062 510 2121 572 ὓς
2169 508 2243 578 μὴ
2274 503 2596 575 νενοηκὸτας
2631 500 2722 553 τό·
2773 519 2789 550 ι
2845 498 2938 550 Ἐκ
2979 495 3242 565 στόματος
3288 487 3498 561 νηπίων
3528 493 3624 542 καὶ

378 627 399 661 ι
437 607 515 662 Ex
559 621 654 660 ore
704 603 989 657 infantium
1035 611 1087 654 et
1141 599 1459 654 lactentium
1501 597 1775 668 perfecisti
1829 599 1946 650 lau-

2048 598 2387 671 θηλαζόντων
2419 593 2732 664 κατηρτίσω
2759 585 2933 652 αἷνον;
2979 606 2998 638 ι
3042 586 3148 639 Καὶ
3186 583 3305 637 ἐπεὶ
3331 582 3622 636 κατέλιπεν

374 698 531 754 dem?
559 716 575 748 ι
611 696 673 749 Ει
709 694 965 764 quoniam
1001 692 1139 747 hanc
1164 692 1381 761 reliquit
1413 689 1867 760 Hierosolymam,
1894 699 1947 744 et

2062 695 2227 746 axsiva
2256 690 2323 742 τά
2361 686 2727 758 Ἱεροσόλυμα,
2772 682 2864 736 καὶ
2895 681 2997 745 ἔξω
3029 679 3218 748 γέγονε
3245 677 3344 746 τῆς
3391 676 3620 737 πόλεως,

374 798 526 844 extra
553 786 826 840 civitatem
858 784 980 848 fuit,
1016 785 1224 840 idcirco
1254 784 1481 849 corruit,
1517 791 1571 836 et
1612 783 1750 851 lapis
1782 797 1948 851 super

2062 781 2134 835 5ιά
2173 779 2333 833 τοῦτο
2371 777 2648 840 πέπτωκε,
2693 772 2784 826 καὶ
2813 771 2958 834 λίθος
3009 771 3102 822 ἐπὶ
3131 767 3276 820 λίθον
3313 766 3516 837 ἧρξατο
3548 765 3624 835 μὴ

375 877 605 947 lapidem
633 890 742 930 non
776 876 1008 944 amplius
1047 889 1290 937 manere,
1323 871 1435 927 imo
1461 881 1515 927 et
1543 872 1783 927 subverti
1831 887 1947 926 ca:-

376 968 481 1036 pit,
510 965 684 1021 donec
717 967 902 1022 omnia
953 965 1424 1020 exscinderentur.
1463 961 1617 1017 Venit
1658 962 1710 1016 in
1747 961 1948 1016 Betha-

377 1056 543 1118 niam,
575 1055 895 1110 obedientiaa
923 1054 1168 1118 domum,
1202 1050 1500 1106 Ecclesiam
1544 1049 1823 1111 nimirum,
1859 1049 1948 1102 ubi

375 1143 686 1198 diversatus
709 1153 791 1199 est
822 1152 873 1198 et
902 1143 1200 1213 requievit;
1231 1139 1668 1210 quandoquidem
1696 1137 1952 1192 Hieroso-

377 1234 553 1304 lymae,
588 1233 679 1286 ubi
705 1232 992 1287 reclinaret
1023 1241 1186 1302 caput
1209 1231 1251 1294 ⁸,
1281 1238 1464 1300 utpote
1503 1228 1772 1298 ejusmodi
1805 1228 1954 1298 priu-

377 1326 589 1396 cipibus
615 1325 956 1379 sacerdotum
982 1340 1045 1379 ac
1065 1324 1262 1378 scribis
1287 1337 1405 1376 eam
1431 1321 1814 1386 incolentibus,
1845 1336 1952 1375 non

378 1417 628 1471 habebat.
667 1416 959 1486 Postquam
996 1425 1173 1470 autem
1223 1415 1276 1467 in
1308 1413 1595 1477 Bethania,
1629 1412 1956 1466 obedientize

379 1507 586 1561 scilicet
608 1507 792 1570 domo,
825 1505 1158 1573 conquievit,
1180 1513 1468 1574 postquam
1493 1502 1751 1556 constitui
1777 1512 1956 1572 coepta

378 1607 460 1652 est
487 1595 747 1662 Ecclesia,
793 1605 846 1650 et
875 1597 930 1650 in
983 1583 1045 1650 ea
1096 1594 1518 1664 conquiescendi
1570 1594 1784 1647 initium
1828 1591 1960 1648 fecit

378 1687 654 1750 Christus,
701 1696 834 1741 tunc
884 1687 938 1739 in
993 1686 1265 1740 civitatem
1319 1699 1484 1754 quam
1543 1684 1855 1753 reliquerat,
1905 1693 1960 1737 et

380 1787 534 1832 extra
565 1792 729 1847 quam
765 1775 965 1838 fuerat,
1000 1774 1308 1840 revertitur,
1341 1783 1394 1828 et
1424 1775 1478 1830 in
1521 1789 1640 1830 eam
1683 1782 1958 1827 revertens

2052 873 2251 945 μένειν,
2277 869 2410 923 ἀλλὰ
2438 868 2531 920 καὶ
2551 862 2954 935 καθαιρεῖσθαι,
2987 859 3092 922 ἐως
3118 858 3297 911 πάντα
3319 855 3619 945 καταλυθῇ.

2048 941 2250 1014 ςἮλθεν
2275 961 2353 1022 εἰς
2373 955 2665 1027 Βηθανίαν,
2687 953 2778 1004 τὸν
2798 951 2895 1020 τῆς
2926 949 3170 1018 ὑπακοῆς
3195 945 3305 1018 (56)
3332 941 3496 1008 οἷκον,
3522 943 3621 1014 τὴν

2062 1049 2407 1121 Ἐκκλησίαν,
2436 1045 2563 1099 ἔνθα
2584 1043 2678 1096 καὶ
2703 1040 2954 1112 ηὐλίσθη,
2991 1039 3084 1092 καὶ
3107 1036 3466 1090 ἀνεπαύσατο·
3496 1034 3618 1085 ἐπεὶ

2055 1141 2128 1210 μὴ
2159 1134 2301 1208 εἶχεν
2341 1139 2396 1189 ἐν
2448 1132 2841 1206 Ἱεροσολύμοις
2874 1129 2976 1182 πού
3011 1129 3110 1199 τὴν
3151 1125 3394 1197 κεφαλὴν
3423 1124 3618 1189 κλῖναι,

2053 1228 2147 1281 ἆτε
2172 1226 2424 1280 τοιούτων
2477 1225 2776 1295 ἀρχιερέων
2825 1222 2918 1274 καὶ
2952 1219 3323 1289 γραμματέων
3355 1216 3523 1270 ὄντων
3568 1218 3624 1268 ἐν

2053 1318 2254 1380 αὐτοῖς.
2297 1319 2426 1368 Ὅτε
2465 1316 2522 1368 δέ
2565 1313 2908 1368 ἀνεπαύσατο
2945 1313 2999 1363 ἐν
3041 1311 3107 1378 τῇ
3143 1307 3380 1378 Βηθανία
3422 1306 3628 1377 τῷγτῆς

2055 1410 2300 1480 ὑπακοῆς
2340 1407 2493 1477 οἴκῳ,
2541 1403 2678 1477 μετά
2725 1405 2825 1475 τὴν
2865 1401 3037 1473 ἀρχὴν
3083 1397 3179 1452 τοῦ
3235 1398 3497 1468 συστῆναι
3530 1399 3630 1468 τὴν

2067 1501 2410 1570 Ἐκκλησίαν,
2441 1500 2535 1552 καὶ
2563 1495 2980 1552 ἀναπαύσασθαι
3002 1493 3093 1546 τὸν
3123 1492 3356 1563 Χριστὸν
3391 1493 3447 1544 ἐν
3470 1492 3629 1561 αὐτῇ,

2055 1591 2174 1643 τότε
2207 1590 2468 1658 ἐπανάγει
2507 1589 2586 1650 είς
2613 1589 2713 1657 τὴν
2742 1586 2894 1639 πόλιν
2923 1586 2987 1655 ἥν
3016 1583 3397 1647 καταλέλοιπε,
3444 1583 3538 1635 καὶ
3565 1579 3632 1652 ἧς

2057 1683 2161 1747 ἔξω
2184 1683 2394 1752 γέγονε,
2431 1680 2524 1733 καὶ
2549 1679 2837 1745 ἐπανάγων
2869 1677 2948 1739 είς
2985 1675 3152 1746 αὐτὴν
3174 1676 3358 1746 πεινῇ,
3377 1675 3472 1726 καὶ
3505 1673 3634 1742 μίαν

2069 1773 2192 1828 ἰδὼν
2216 1773 2384 1844 συκῆν
2417 1771 2508 1824 ἐπὶ⁹
2540 1770 2638 1840 τῆς
2668 1767 2809 1833 ὀδοῦ,
2837 1767 2896 1821 τὸ
2917 1767 3128 1837 δένδρον
3161 1765 3253 1818 τοῦ
3287 1764 3440 1828 λαοῦ,
3469 1760 3634 1834 ἦλθεν

381 1868 586 1933 esurit;
637 1875 692 1921 et
723 1866 839 1920 visa
875 1879 982 1918 una
1031 1863 1084 1916 in
1130 1865 1216 1917 via
1250 1863 1374 1929 ficu,
1404 1879 1526 1933 quae
1574 1861 1754 1932 populi
1794 1861 1955 1914 arbor

2062 1866 2142 1917 ἐπ’
2180 1863 2375 1934 αὑτήν·
2410 1863 2503 1915 καὶ
2527 1860 2679 1913 οὐδὲν
2717 1851 2875 1929 εὗρεν
2907 1859 2964 1909 ἐν
3001 1856 3136 1927 αὐτῇ
3169 1854 3465 1927 βρώσιμον.
3498 1855 3634 1908 ἀλλὰ

381 1967 516 2024 erat,
545 1957 775 2012 accessit
801 1956 867 2010 ad
899 1970 1050 2019 eam;
1079 1962 1132 2008 et
1163 1953 1298 2007 nihil
1331 1955 1381 2008 in
1407 1970 1470 2008 ea
1506 1954 1684 2019 edule,
1713 1951 1807 2006 sed
1835 1952 1956 2005 vita:

381 2058 590 2105 tantum
647 2048 798 2118 signa
849 2045 1091 2101 invenit:
1145 2043 1269 2098 folia
1317 2045 1518 2114 quippe
1560 2044 1614 2097 iu
1667 2058 1728 2098 ea
1777 2051 1953 2108 orant,

387 2143 595 2210 absque
633 2141 744 2194 ullo
789 2137 969 2193 fructu
1008 2155 1021 2190 :
1063 2143 1193 2191 tunc
1238 2151 1368 2190 vero
1428 2134 1682 2203 quoniam
1713 2133 1956 2186 animata

381 2237 500 2282 erat
534 2227 689 2290 ficus,
725 2241 844 2280 eam
887 2233 1195 2294 propterea,
1232 2223 1390 2293 quasi
1424 2223 1660 2278 debitam
1711 2221 1812 2277 sibi
1858 2221 1958 2276 im-

385 2316 747 2385 precationem
794 2313 1028 2378 audiret,
1071 2313 1360 2384 compellat
1411 2312 1497 2368 his
1526 2313 1709 2368 verbis
1749 2331 1764 2366 ε
1806 2310 1957 2366 Nun-

383 2421 544 2475 quam
575 2407 669 2462 tibi
701 2407 1016 2462 inuascatur
1047 2404 1276 2470 fructus,
1313 2404 1478 2474 758
1507 2404 1749 2474 quandiu
1776 2420 1960 2474 perse-

380 2499 589 2554 verabit
634 2513 874 2568 praesens
910 2507 1040 2552 aetas
1061 2498 1104 2550 ".
1138 2494 1264 2550 Inde
1293 2494 1371 2562 fit,
1414 2505 1474 2549 ut
1505 2496 1707 2550 sterilis
1733 2496 1962 2551 exsistat

382 2591 692 2647 Judaaorum
725 2605 1019 2661 synagoga,
1045 2596 1100 2642 et
1129 2586 1197 2640 ad
1224 2587 1756 2642 consummationem
1789 2601 1960 2656 usque

384 2681 589 2744 seculi,
618 2681 792 2735 donec
817 2679 1093 2748 plenitudo
1117 2678 1357 2749 gentium
1387 2677 1657 2744 adveniat,
1687 2678 1811 2732 talis
1834 2676 1956 2732 erit.

386 2771 609 2827 Exaruit
626 2778 805 2823 autem
827 2769 984 2836 ficus,
1005 2784 1128 2823 cum
1149 2769 1288 2822 inter
1313 2767 1560 2822 homines
1582 2769 1822 2822 humano
1841 2784 1962 2823 cor-

383 2875 512 2930 pure
541 2861 762 2916 indutus
789 2869 842 2914 et
871 2860 986 2930 ipse
1001 2859 1160 2915 Jesus
1183 2859 1481 2914 etiamnqu
1506 2859 1728 2914 viveret.
1758 2858 1959 2915 Viden-

384 2961 464 3005 tes
483 2959 663 3006 autem
683 2951 934 3021 discipuli
955 2951 1134 3006 mirati
1154 2959 1283 3007 sunt
1299 2951 1574 3006 dicentes"
1597 2970 1608 3004 :
1638 2970 1654 3002 ι
1676 2949 1960 3016 Quomodo

383 3043 645 3095 continuo
670 3043 812 3096 aruit
833 3043 1006 3098 ficus?
1031 3061 1049 3094 ι
1083 3043 1280 3096 animae
1301 3043 1498 3112 quippe
1517 3042 1690 3097 oculis
1712 3041 1962 3096 arefacta:

373 3136 523 3199 ficus
548 3132 863 3202 mysterium
889 3133 1156 3198 viderunt,
1177 3141 1232 3186 et
1253 3147 1360 3186 non
1379 3143 1486 3186 tam
1504 3132 1649 3202 quod
1667 3131 1960 3198 exaruerit,

2065 1955 2222 2025 μόνον
2254 1953 2400 2022 ζωῆς
2439 1951 2673 2021 ἔμφασιν
2698 1966 2710 1979 ·
2755 1947 2927 2018 φύλλα
2959 1945 3069 2017 γὰρ
3111 1945 3279 2018 χωρὶς
3318 1945 3547 2016 καρπῶν
3579 1948 3634 2000 ἐν

2062 2049 2127 2117 τῇ
2169 2048 2337 2116 συκῇ·
2379 2040 2473 2096 εἶτ’
2520 2042 2640 2095 ἐπεὶ
2686 2040 2924 2111 ἔμψυχος
2972 2034 3040 2110 ἧν
3088 2037 3288 2108 αὖτηή
3338 2037 3496 2107 συκῆ,
3547 2037 3635 2090 διὰ

2061 2135 2220 2190 τοῦτο
2255 2135 2403 2203 λέγει
2430 2133 2506 2196 ὡς
2537 2130 2812 2204 ἀκουούσῃ
2834 2129 2930 2200 τὴν
2957 2129 3271 2201 πρέπουσαν
3305 2127 3439 2196 αὐτῇ
3475 2126 3632 2196 ἀράν.

2064 2228 2136 2280 Τὸ
2177 2226 2233 2279 δέ
2270 2225 2559 2294 λεγόμενον
2607 2221 2844 2275 τοιοῦτον
2888 2215 2974 2291 ἦν·
3023 2220 3185 2272 Ὅσον
3235 2218 3564 2288 συνέστηκεν
3609 2215 3637 2266 δ

2064 2317 2296 2381 ἐνεστὼς
2341 2316 2494 2383 αίὼν,
2547 2314 2744 2387 μηκέτι
2787 2314 2998 2382 γένοιτο
3042 2311 3100 2365 ἔν
3143 2328 3223 2364 σοι
3261 2310 3492 2382 καρπός.
3539 2310 3638 2363 Διὰ

2064 2411 2220 2464 τοῦτο
2248 2409 2493 2481 ἄκαρπός
2525 2408 2726 2478 ἐστινὴ
2760 2405 3029 2459 Ἰουδαίων
3059 2403 3348 2473 συναγωγὴ
3371 2402 3506 2472 (5Ἱ),
3543 2403 3637 2455 καὶ

2064 2503 2220 2556 τοῦτο
2253 2503 2458 2571 γίνεται
2495 2501 2631 2570 αὐτῇ
2661 2499 2765 2564 ἐως
2799 2499 2899 2569 τῆς
2941 2497 3248 2560 συντελείας
3282 2495 3374 2548 τοῦ
3422 2494 3635 2559 αἰῶνος,

2065 2592 2170 2655 ἓως
2207 2591 2266 2643 τὸ
2297 2590 2569 2663 πλήρωμα
2607 2588 2714 2642 τῶν
2755 2588 2924 2642 ἐθνῶν
2963 2586 3197 2658 εἰσέλθῃ.
3244 2584 3543 2657 Ἐξηράνθη
3581 2585 3638 2636 δὲ

2067 2685 2099 2755 ή
2129 2683 2266 2753 συκῆ
2293 2682 2373 2734 ἔτι
2407 2666 2797 2752 ἐπιδημοῦντος
2819 2680 2896 2750 τῷ
2929 2679 3028 2749 βίῳ
3057 2678 3165 2732 τῶν
3192 2677 3286 2732 ἀνθ
3297 2677 3516 2748 ρώπων,
3547 2677 3640 2730 καὶ

2067 2771 2539 2844 ἐνανθρωποῦντος
2578 2770 2768 2842 Ἰησοῦ.
2809 2770 3026 2834 Ἰδόντες
3049 2770 3106 2822 δὲ
3132 2771 3180 2821 oi
3215 2768 3453 2839 μαθηταὶ
3485 2766 3642 2820 ἐθαύ-

2070 2879 2247 2934 μασαν
2291 2863 2572 2930 λέγοντες·
2637 2879 2655 2911 ι
2709 2859 2833 2923 Πῶς
2895 2861 3235 2931 παραχρῆμα
3283 2857 3552 2930 ἐξηράνθη
3606 2860 3638 2928 ή

2069 2955 2246 3025 συκῆ;
2279 2973 2296 3004 ι
2321 2955 2433 3016 τοῖς
2456 2951 2563 3022 γὰρ
2603 2951 2699 3022 τῆς
2722 2950 2898 3021 ψυχῆς
2931 2949 3227 3021 ὀφθαλμοῖς
3274 2947 3412 3002 εἶδον
3446 2950 3507 3002 τὸ
3534 2951 3634 3020 τῆς

2069 3044 2431 3117 ξηρανθείσης
2471 3043 2643 3112 συκῆς
2687 3045 3002 3114 μυστήριον,
3055 3043 3147 3094 καὶ
3196 3041 3498 3112 ἐθαύμασαν
3535 3039 3634 3110 οὐχ

2069 3138 2128 3190 ού
2139 3155 2238 3202 τως
2262 3140 2352 3191 ἐπὶ
2364 3134 2442 3206 τῷ
2461 3130 2740 3204 ἐξηράνθαι
2763 3134 2952 3206 αὑτὴ),
2974 3133 3048 3198 ὡς
3074 3135 3165 3187 ἐπὶ
3196 3133 3270 3204 τῷ
3301 3132 3636 3205 παραχρῆμα

379 3240 548 3293 quam
563 3224 708 3294 quod
728 3225 908 3279 subito
923 3233 977 3279 et
991 3225 1278 3294 derepente
1299 3224 1526 3287 aruerit,
1545 3223 1958 3292 obstupuerunt.

2079 3220 2373 3294 ἐξηράνθαι
2398 3223 2623 3276 ἔϐλεπον
2653 3223 2760 3295 γὰρ
2804 3222 2974 3294 ξηρὰν
3009 3224 3107 3295 τὴν
3155 3223 3346 3293 συκῆν,
3378 3223 3467 3276 τὸν
3509 3223 3640 3275 λαὸν

385 3315 608 3370 Aridam
643 3316 786 3370 enim
825 3315 1011 3379 ﬁcum,
1052 3315 1200 3371 hunc
1245 3315 1504 3370 nimirum
1548 3313 1762 3370 lsraelis
1795 3330 1967 3384 popu-

388 3407 529 3473 lum,
555 3406 936 3473 intuebantur;
957 3415 1008 3460 et
1035 3421 1158 3461 cum
1185 3405 1478 3462 arefactam
1495 3406 1785 3476 derepente
1806 3405 1966 3461 ﬁcum

388 3497 633 3551 videntes
674 3496 930 3566 discipuli
976 3496 1326 3561 mirarentur,
1367 3498 1522 3566 quasi
1571 3497 1624 3550 id
1671 3497 1817 3567 quod
1881 3496 1965 3549 di-

391 3597 536 3641 ctum
596 3586 772 3641 fuerat
822 3584 1155 3642 confirmans
1201 3585 1391 3652 'Jesus,
1444 3588 1516 3642 ita
1571 3587 1896 3657 respondit’
1951 3605 1964 3640 :

393 3698 413 3728 σ
462 3679 656 3745 Amen,
689 3678 735 3733 si
768 3678 1072 3733 habueritis
1106 3678 1288 3742 ﬁdem,
1327 3688 1382 3733 et
1413 3695 1520 3733 non
1557 3677 1960 3743 hmsitaveritis,

389 3789 498 3828 non
538 3773 712 3828 solum
744 3774 848 3828 hoc
877 3774 1022 3844 quod
1050 3771 1178 3826 fleui
1214 3771 1463 3843 contigit,
1491 3770 1735 3837 facietis;
1777 3771 1872 3827 sed
1910 3781 1964 3828 et

389 3865 433 3919 si
465 3864 634 3920 monti
667 3865 792 3920 huic
820 3865 1066 3920 dixeritis
1093 3883 1106 3918 :
1134 3863 1283 3920 Tolle
1299 3871 1371 3930 te,
1391 3872 1445 3917 et
1467 3862 1608 3933 iacta
1633 3872 1685 3918 te
1712 3862 1762 3916 in
1789 3880 1959 3930 mare,

393 3957 502 4010 fiet.
553 3974 571 4008 ι
606 3955 709 4022 Qui
737 3971 868 4026 ergo
906 3956 1136 4011 credunt
1163 3953 1435 4023 discipuli,
1470 3969 1646 4024 neque
1689 3954 1960 4021 dubitant,

389 4047 442 4101 id
492 4061 711 4119 quoque
752 4046 1010 4114 cilicium,
1061 4047 1205 4117 quod
1251 4045 1374 4100 ticui
1419 4047 1666 4115 contigit,
1719 4046 1961 4101 dicentes

390 4140 440 4192 ei
483 4138 528 4170 ¹⁶
573 4158 586 4194 :
625 4156 643 4190 ι
699 4137 868 4193 Vobis
918 4139 1206 4209 oportebat
1247 4138 1395 4208 loqui
1441 4138 1666 4192 verbum
1703 4137 1818 4203 Dei,
1865 4139 1957 4192 sed

390 4231 649 4300 quoniam
684 4230 937 4299 indignos
969 4245 1066 4286 vos
1103 4230 1362 4299 judicatis
1383 4269 1397 4290 .
1430 4244 1555 4284 ecce
1589 4231 1960 4284 convertimur

388 4321 454 4375 ad
489 4328 702 4394 gentes,
743 4340 762 4375 ι
799 4337 1026 4391 eamque
1060 4335 1089 4374 a
1131 4336 1190 4376 se
1235 4321 1475 4376 relictam
1521 4321 1854 4388 arefaciunt,
1900 4334 1958 4377 ut

2069 3317 2160 3368 τὸν
2198 3314 2410 3386 Ἰσραὴλ
2427 3316 2652 3376 ἐκεῖνον,
2679 3317 2773 3368 καὶ
2804 3313 3141 3384 θαυμάζουσι
3161 3318 3269 3378 τοῖς
3293 3314 3560 3386 μαθηταῖς
3586 3317 3644 3368 ἐν

2068 3407 2146 3478 τῷ
2176 3407 2479 3479 ἑωρακέναι
2509 3407 2850 3478 παραχρῆμα
2895 3406 2993 3478 τὴν
3031 3409 3199 3478 συκῆν
3233 3406 3640 3479 ἐξηραμμένην,

2069 3499 2389 3572 ἀποκριθεὶς
2437 3501 2465 3551 ὁ
2523 3498 2728 3569 Ἰησοῦς
2767 3495 2919 3551 εἶπεν
2965 3497 3213 3569 ἐμπεδῶν
3254 3499 3316 3551 τὸ
3357 3497 3644 3568 λεγόμενον

2068 3589 2180 3660 τῷ·
2213 3609 2231 3642 ι
2291 3588 2482 3660 Ἀμὴν,
2508 3590 2611 3652 ὃτι,
2644 3587 2737 3641 ἐὰν
2773 3587 2932 3658 ἔχητε
2963 3589 3169 3651 πίστιν,
3206 3587 3298 3641 xai.
3331 3586 3406 3658 μὴ
3440 3587 3644 3657 διακρι-

2064 3681 2214 3752 θῆτε,
2247 3683 2308 3735 ού
2343 3682 2500 3752 μόνον
2531 3681 2591 3734 τὸ
2616 3681 2713 3751 τῆς
2748 3680 2918 3750 συκῆς
2954 3683 3230 3752 ποιήσετε,
3267 3681 3401 3734 ἀλλά
3433 3681 3536 3734 κᾶν
3567 3679 3644 3750 τῷ

2064 3774 2179 3845 δρει
2239 3773 2410 3844 τούτῳ
2458 3771 2676 3844 εἴπητε·
2740 3771 2968 3842 ’Λρθητι
3019 3773 3111 3825 καὶ
3155 3772 3377 3844 βλήθητι
3421 3774 3502 3836 εἰς
3543 3771 3642 3842 τὴν

2063 3865 2356 3929 θάλασσαν,
2381 3865 2690 3936 γενήσεται.
2723 3884 2742 3915 ι
2782 3863 2987 3916 Οὐκοῦν
3013 3864 3062 3916 ol
3093 3864 3438 3928 πιστεύοντες
3467 3864 3644 3936 μαθη-

2065 3957 2172 4020 ταὶ,
2207 3957 2298 4009 καὶ
2325 3955 2398 4026 μὴ
2417 3956 2837 4026 διακρινόμενοι,
2872 3953 3080 4008 ποιοῦσι
3113 3956 3205 4010 καὶ
3238 3955 3297 4007 τὸ
3323 3955 3420 4026 τῆς
3448 3954 3639 4023 συκῆς,

2063 4049 2311 4117 λέγοντες
2336 4048 2472 4118 αὐτῇ
2491 4065 2503 4077 ο
2547 4067 2564 4098 ι
2615 4048 2773 4118 Ὑμῖν
2797 4043 2866 4119 ἦν
2897 4049 3192 4115 ἀναγκαῖον
3222 4045 3519 4116 λαληθῆναι
3553 4044 3643 4097 τὸν

2064 4140 2220 4208 λόγον
2249 4138 2342 4192 τοῦ
2373 4138 2506 4192 Θεοῦ
2527 4157 2540 4170 ο
2579 4140 2699 4192 ἐπεὶ
2728 4139 2784 4193 δὲ
2807 4141 2908 4192 οὐκ
2936 4139 3119 4204 ἀξίους
3148 4139 3359 4210 κρίνετε
3392 4139 3639 4199 ἑαυτοὺς,

2067 4227 2176 4281 ἰδοὺ
2195 4227 2605 4299 συστρεφόμεθα
2628 4227 2739 4298 (58)
2763 4230 2842 4291 είς
2854 4229 2920 4282 τὰ
2936 4228 3083 4300 ἔθνη,
3110 4246 3128 4279 ι
3149 4229 3241 4282 καὶ
3253 4227 3643 4289 καταλιπιῦντες

2062 4321 2231 4392 αὐτὴν
2255 4320 2595 4393 ξηραίνουσιν
2618 4318 2804 4392 αὐτὴν,
2838 4321 2902 4372 ἶν’
2925 4323 2956 4392 ὴ
2982 4320 3184 4393 {curth
3209 4321 3435 4391 δύναμις
3469 4320 3642 4391 αὐτῆς

1586 4434 1816 4492 VETUS
1854 4435 2432 4492 INTERI'RETATIO.

387 4559 557 4631 cipes,
593 4567 648 4631 et
682 4558 915 4631 scribas,
948 4558 1047 4631 qui
1071 4556 1312 4611 sciebant
1339 4558 1555 4631 quidem
1590 4559 1859 4631 mirabilia
1893 4576 2020 4631 qua:
2050 4559 2178 4615 fecit
2206 4559 2386 4627 Jesus,
2416 4571 2470 4615 et
2510 4576 2710 4631 pueros
2751 4561 3140 4631 clamantespin
3175 4557 3638 4631 templo,_uibilo-

394 4626 578 4709 ini'uus
613 4626 957 4709 indoigpanotes
984 4627 1246 4709 adversus
1275 4626 1372 4709 eos
1402 4628 1494 4696 qui
1529 4626 2040 4709 [ζου-ιιι,Ιειιιάιιιὶιιιιι2
2070 4632 2227 4709 (ιιιὲΒί
2256 4633 2350 4700 qui
2375 4626 2486 4709 non
2511 4626 2904 4709 intellexerunt
2928 4629 3073 4709 quod
3107 4626 3582 4709 fuerat’scriptum
3622 4645 3635 4680 :

394 4715 413 4748 ι
457 4695 530 4749 Ex
566 4712 660 4776 ore
698 4695 985 4776 infantium
1014 4705 1067 4750 et
1099 4695 1432 4776 lactentium;
1457 4697 1730 4776 perfecis_ti
1767 4699 2034 4776 laudem?
2075 4695 2102 4752 ι’
2134 4700 2200 4754 Ει
2229 4695 2513 4776 quoniam
2535 4701 2750 4776 rel_i_qui_t
2783 4695 3341 4776 illam—lliegtsalem,
3373 4695 3437 4752 et
3461 4696 3641 4776 factus

387 4777 471 4817 est
499 4774 652 4840 extra
679 4767 979 4840 eam,pideo
1006 4766 1228 4840 _cecidit_,
1253 4776 1305 4840 et
1329 4766 1468 4836 lapis
1491 4783 1654 4840 super
1685 4769 1917 4838 lapidem
1960 4769 2033 4823 ibi
2060 4779 2205 4826 stare
2230 4766 2336 4824 rion
2367 4771 2562 4840 potuit.
2600 4766 2758 4826 venit
2791 4780 2973 4826 autem
3008 4771 3060 4823 in
3094 4767 3412 4840 Bethaniam
3440 4767 3506 4840 ad
3535 4767 3636 4840 do-

389 4850 539 4916 mum
570 4836 920 4916 obedientire,
970 4838 1020 4890 id
1068 4844 1152 4916 est
1184 4835 1506 4916 Ecclesiam,
1541 4835 1594 4889 in
1640 4835 1755 4916 qua
1789 4848 1870 4892 est
1901 4835 2555 4916 etialncommora'tuset
2578 4842 2864 4910 requievit,
2896 4857 2962 4895 eo
2980 4841 3140 4916 quod
3175 4853 3282 4892 non
3317 4837 3548 4890 habebat
3583 4835 3636 4888 in

389 4901 924 4984 llierosolymiskubi
960 4915 1124 4984 caput
1156 4907 1412 4984 reclinet,
1437 4922 1560 4984 qua:
1599 4901 1794 4984 talibus
1825 4910 2199 4984 sacerdotibus
2230 4920 2284 4964 et
2311 4910 2512 4984 populo
2545 4901 2713 4984 impio
2740 4901 2860 4984 erat
2883 4901 3084 4979 repleta
3119 4929 3131 4963 :
3167 4924 3290 4963 cum
3327 4916 3507 4960 autem
3555 4921 3640 4984 rej-

386 4971 690 5055 quievisset
710 4974 763 5026 in
791 4971 1073 5055 Bethania,
1099 4975 1151 5028 in
1181 4971 1704 5055 domo-obedientize,
1737 4987 1856 5046 post
1885 4979 2208 5055 priucnpium
2236 4971 2602 5055 constituendi
2625 4971 2968 5055 'Ecclesiam',
3011 4975 3641 5055 postquatn__repausa\_"it

395 5042 789 5126 aliquantulum
825 5045 875 5096 in
900 5059 984 5107 ea,
1013 5047 1454 5126 tuncrevertitur
1477 5047 1531 5099 in
1568 5042 1841 5126 civitatem
1874 5042 2038 5126 quam
2063 5042 2231 5126 paulo
2264 5061 2401 5126 ante
2417 5050 2728 5126 reliquerat.
2764 5049 2830 5126 _Et
2858 5042 3137 5126 revertens
3155 5042 3470 5126 esuriit.'Et
3503 5044 3636 5098 vidit

393 5113 1074 5192 uuamuliculueamsecus
1108 5115 1274 5192 viam,
1306 5116 1582 5180 arborem,
1619 5113 2326 5192 populum'cirguiucisum.
2361 5118 2427 5192 Et
2460 5113 2687 5192 veniens
2717 5120 2786 5174 ad
2816 5136 2934 5175 eam
2971 5119 3179 5192 nullum
3212 5116 3450 5192 fructum
3485 5131 3640 5192 man-

393 5183 696 5237 ducabilem
730 5183 934 5236 invenit
961 5183 1128 5248 inea,
1161 5186 1252 5239 sed
1281 5195 1491 5240 tantum
1529 5183 1765 5255 speciem
1809 5190 1950 5242 vitze.
1995 5187 2146 5243 Folia
2181 5189 2326 5243 enim
2359 5189 2476 5244 sine
2512 5187 2781 5245 fructibus
2819 5199 2980 5245 erant
3021 5189 3077 5244 in
3110 5190 3237 5244 ficu.
3283 5186 3348 5241 Et
3376 5186 3636 5257 quoniam

407 5298 510 5420 ‘6.“
543 5297 686 5354 Psal.
718 5312 834 5363 vm,
864 5297 914 5351 5.
1031 5297 1261 5354 ‘Matth.
1295 5316 1414 5364 vui,
1438 5301 1528 5355 20.
1637 5302 1655 5333 '
1689 5301 1879 5357 Matth.
1923 5320 2036 5371 ut,
2098 5303 2186 5371 18,
2245 5303 2328 5359 19.
2435 5305 2456 5336 ⁸
2490 5306 2620 5362 ibid.
2654 5303 2746 5360 20.
2858 5307 2879 5338 9
2907 5304 3039 5360 ibid.
3074 5304 3164 5358 2i.
3278 5303 3321 5334 ¹⁹
3356 5303 3476 5356 Act.
3515 5315 3632 5364 xui,

461 5483 573 5555 ('56)
595 5478 920 5555 Ἦλθεν-είς
940 5485 1263 5555 Βῃ-θανίαῃ,
1292 5485 1396 5537 τὸν
1416 5484 1524 5553 τῆς
1546 5486 1840 5555 ὑπακοῆς,
1855 5496 1960 5543 etc.

390 5549 630 5606 llilarius
659 5567 781 5606 can.
806 5553 867 5606 2f
909 5553 962 5606 in
989 5549 1175 5607 Matth.
1205 5553 1466 5608 Hunnus.

461 5619 574 5690 (57)
639 5622 740 5693 Διὰ
781 5623 960 5693 Ξογῦτο
1009 5621 1277 5690 ἄκαρπός
1337 5625 1508 5678 ἐστιν
1557 5629 1594 5693 ἡ
1660 5626 1962 5682 Ἰουδαίων

388 5688 727 5810 criminari.
781 5690 1016 5745 Hilarius
1055 5688 1174 5746 cau.
1212 5688 1272 5772 ιιι
1308 5693 1358 5746 in
1385 5688 1606 5758 Matthf;
1641 5696 1961 5752 Ambrosius

391 5757 424 5810 I.
455 5772 523 5810 vtl
551 5773 603 5810 In
681 5772 764 5810 uc.
793 5775 912 5810 can.
947 5761 1036 5810 25.
1079 5760 1223 5810 Onus
1251 5764 1458 5810 numeri.
1491 5765 1679 5810 homil-
1714 5767 1797 5810 39,
1834 5766 1960 5810 Rm-

391 5757 424 5811 1.
455 5772 523 5810 vu
551 5759 603 5812 in
633 5757 764 5812 Luc.
793 5775 912 5829 cap.
947 5761 1036 5827 25,
1079 5760 1223 5830 Οριιδ
1251 5764 1458 5830 imperi.
1489 5757 1679 5819 homil.
1714 5767 1800 5832 59,
1832 5766 1960 5819 Bre-

2066 5493 2141 5546 vis
2161 5494 2461 5556 enarratio;
2481 5491 2917 5562 Theophylactus
2935 5490 2986 5542 in
2998 5489 3254 5562 eumdem
3282 5487 3426 5543 hunc
3445 5484 3632 5540 Matth.

2072 5564 2272 5627 locum,
2299 5563 2426 5617 etin
2457 5557 2725 5626 Marcfx;
2748 5560 2960 5616 Glossa.
2997 5557 3256 5614 ΙΙυετιυε.

2142 5633 2251 5701 (58)
2295 5633 2473 5687 COdex
2507 5631 2839 5701 Anglicanus
2875 5645 2970 5701 seu
2999 5627 3326 5701 Holmiensis
3348 5666 3362 5690 ,
3412 5641 3636 5694 συστρε‹

2068 5697 2294 5772 φόμεθα,
2330 5702 2507 5756 Editio
2543 5697 2744 5766 lluetii,
2777 5697 3134 5770 στρεφόμεθα.
