4074 6300
420 401 439 453 1
454 400 555 457 467

1869 417 2195 475 ORIGENIS

3542 431 3674 487 Hli8

419 513 634 567 habenti
683 514 918 579 dabitur,
954 525 1005 570 et
1049 517 1379 586 abundabit;
1417 522 1468 576 ei
1513 532 1690 579 autem
1735 526 1828 596 qui
1880 543 1984 580 non

2091 531 2350 602 θήσεται,
2438 536 2529 588 καὶ
2594 536 3098 607 περισσευθήσεται·
3173 541 3280 594 ἀπὸ
3331 543 3387 596 δὲ
3450 545 3546 597 τοῦ
3603 547 3677 618 μὴ

418 604 599 669 habet,
628 615 680 659 et
709 607 848 673 quod
877 606 1087 661 videtur
1115 609 1312 666 habere
1339 611 1616 668 auferetur
1645 616 1714 670 ab
1741 632 1827 683 eo,
1867 637 1884 669 ι
1921 634 1988 672 ne

415 696 561 764 quod
611 696 820 750 videtur
866 699 1104 763 habere,
1155 705 1393 759 otiosum
1456 707 1544 761 sit.
1604 707 1988 781 Unusquisque

419 801 580 855 porro
613 786 1003 857 discipulorum
1054 793 1099 847 si
1143 795 1302 850 fidem
1355 796 1624 860 habuerit,
1657 807 1711 852 et
1737 815 1844 854 non
1882 801 1987 872 du-

420 878 696 940 bitaverit,
730 879 782 934 id
825 884 968 952 quod
1021 885 1144 941 ficui
1189 888 1433 958 contigit,
1476 887 1624 956 facit,
1657 891 1912 961 quodque
1937 893 1986 947 ei

419 967 720 1022 subnexum
753 981 856 1028 est.

492 1057 582 1113 23.
610 1059 919 1125 Quinetiam
950 1065 1168 1133 planum
1197 1066 1372 1122 facere
1401 1083 1580 1138 operm
1610 1069 1842 1140 pretium
1883 1081 1985 1138 est,

417 1149 693 1216 quomodo
737 1151 1039 1221 discipulus
1097 1153 1264 1222 Jesu,
1321 1173 1442 1212 cum
1499 1157 1732 1213 fructum
1779 1160 1830 1214 in
1884 1161 1986 1216 ficu

417 1238 758 1306 quaesiverit.
810 1256 909 1296 nec
955 1246 1248 1314 repererit,
1276 1246 1324 1301 ei
1354 1246 1601 1300 dicat“:
1643 1267 1660 1298 ι
1702 1247 1986 1322 Nunquam

415 1343 482 1382 ex
514 1337 565 1382 te
616 1329 823 1387 fructus
855 1345 1112 1390 nascatur
1157 1337 1209 1390 in
1252 1340 1675 1408 sempiternum,
1713 1359 1730 1392 ι
1785 1352 1843 1396 ut
1890 1343 1990 1396 hoc

420 1419 540 1488 ipso
587 1432 866 1477 momento
911 1424 1047 1481 ficus
1093 1427 1383 1481 confestim
1415 1429 1622 1482 arefiat.
1671 1429 1869 1485 Animo
1903 1431 1989 1486 hic

417 1511 513 1564 tibi
561 1511 794 1582 aliquem
842 1515 981 1584 finge
1029 1516 1190 1586 762
1232 1532 1353 1586 quat
1400 1518 1464 1572 ad
1518 1518 1672 1573 fidem
1724 1520 1989 1588 pertinent

417 1604 756 1670 promentem
780 1643 794 1668 ,
827 1613 881 1657 et
908 1605 962 1658 in
997 1607 1216 1660 nomine
1245 1605 1370 1661 Jesu
1409 1608 1568 1664 edere
1605 1624 1664 1663 se
1693 1625 1756 1664 ac
1785 1610 1987 1676 bibere,

417 1697 470 1748 et
501 1689 552 1742 in
580 1690 776 1742 animae
807 1706 920 1744 sua:
953 1691 1146 1761 plateis
1180 1705 1444 1764 przecepta
1478 1694 1662 1750 Jesum
1701 1697 1991 1754 tradidisse

419 1777 728 1832 credentem
756 1797 769 1846 ;
799 1780 994 1836 deinde
1021 1782 1324 1852 discipulus
1357 1787 1634 1855 sapientia:
1666 1786 1901 1842 fructum
1935 1801 1989 1842 et

2087 623 2322 692 ἔχοντος,
2347 626 2482 680 καὶὸ
2508 627 2655 680 δοκεῖ
2679 627 2821 697 ἔχειν
2847 630 3143 700 ἀρθήσεται
3163 631 3258 684 ἀπ’
3288 634 3453 687 αὑτοῦ
3488 635 3622 705 (45),
3653 658 3672 688 ι

2089 714 2176 766 ἵνα
2211 715 2284 786 μὴ
2314 717 2481 787 ἀργὸν
2583 718 2612 770 ὃ
2639 718 2788 772 δοκεῖ
2827 721 2990 789 ἔχειν.
3032 721 3301 786 Ἕκαστος
3325 724 3382 777 δὲ
3423 725 3534 779 τῶν
3577 744 3679 796 μα·-

2089 804 2288 876 θητῶν,
2311 809 2407 861 ἐὰν
2437 808 2534 880 ἔχῃ
2565 809 2768 874 πίστιν,
2798 812 2892 865 καὶ
2927 812 3001 882 μὴ
3052 812 3329 884 διακριθῇ,
3370 816 3466 869 καὶ
3490 816 3551 870 τὸ
3579 815 3676 886 τῆς

2089 896 2260 966 συκῆς
2283 903 2443 963 ποιεῖ,
2479 901 2573 954 καὶ
2600 902 2660 954 τὸ
2693 902 2817 972 ἑξῆς
2842 903 2989 973 αὐτῴ
3014 905 3424 974 ἐπιφερόμενον.

2157 1053 2268 1106 Καὶ
2305 1051 2461 1123 ἔργον
2489 1052 2609 1108 ἐστὶ
2639 1053 2810 1121 δεῖξαι
2854 1056 2970 1118 πῶς
3010 1058 3038 1108 ό
3090 1055 3265 1126 Ἰησοῦ
3302 1055 3546 1129 μαθητὴς
3569 1057 3668 1129 ζη-

2088 1142 2259 1212 τήσας
2303 1141 2516 1214 καρπὺν
2555 1145 2614 1196 ὲν
2658 1147 2816 1216 συκῇ,
2866 1146 2961 1198 καὶ
3007 1144 3080 1215 μὴ
3127 1144 3476 1218 εὐρὼν,λέγῃ
3503 1149 3658 1218 αὐτῇ·

2095 1251 2112 1282 ι
2145 1232 2359 1303 Μηκέτι
2395 1235 2458 1287 ὲκ
2495 1233 2587 1286 σοῦ
2612 1239 2821 1304 καρπὸς
2845 1237 3052 1303 γένοιτο
3078 1239 3158 1300 είς
3187 1237 3278 1290 τὸν
3298 1237 3488 1302 αἰῶνα,
3526 1259 3544 1290 ι
3577 1240 3664 1293 ἴνα

2090 1323 2429 1395 παραχρῆμα
2459 1325 2552 1377 καὶ
2590 1326 2676 1376 ἐπ’
2719 1325 2869 1396 αὐτῷ
2913 1326 3151 1398 ξηρανθῇ
3196 1328 3228 1396 ἡ
3263 1328 3420 1398 συκῆ.
3455 1329 3563 1382 Καὶ
3590 1332 3668 1390 εἰς

2088 1413 2258 1467 ταῦτα
2282 1413 2339 1467 δὲ
2372 1415 2562 1484 νόησόν
2601 1433 2721 1470 τινα
2762 1416 2830 1470 τὰ
2873 1417 2971 1487 τῆς
3005 1417 3239 1481 πίστεως
3273 1417 3670 1487 ἐπαγγελλόμε-

2089 1522 2196 1568 νον,
2231 1505 2325 1558 καὶ
2374 1504 2617 1574 οίόμενον
2645 1507 2702 1558 ὲν
2747 1505 2825 1576 τῷ
2856 1507 3081 1577 ὀνόματι
3115 1507 3208 1561 τοῦ
3250 1508 3424 1580 Ἰησοῦ
3450 1509 3666 1573 ἐσθίειν,

2091 1596 2182 1648 xai.
2204 1596 2399 1659 πίνειν,
2429 1596 2522 1650 καὶ
2552 1596 2642 1648 τὸν
2685 1597 2890 1667 Ἰησοῦν
2923 1599 2981 1650 ὲν
3010 1602 3131 1663 ταῖς
3161 1599 3546 1672 πλατείαιςτῆς
3569 1601 3670 1670 ψυ-

2089 1683 2192 1755 χῆς
2228 1685 2390 1738 αὐτοῦ
2428 1685 2776 1756 δεδιδαχέναν
2821 1683 2938 1741 εἶτα
2975 1689 3156 1759 ἡκέτω
3201 1690 3447 1762 μαθητὴς
3493 1689 3668 1762 ζητῶν

2091 1775 2299 1846 καρπὸν
2329 1776 2519 1844 σοφίας
2547 1779 2639 1829 καὶ
2667 1778 2824 1846 λόγον
2845 1779 2902 1830 ἐν
2929 1779 3095 1850 αὐτῷ,
3128 1779 3268 1833 κατὰ
3299 1781 3396 1851 τὴν
3424 1780 3666 1851 περὶτοῦ

420 1883 726 1922 sermonem
770 1869 825 1924 in
865 1871 956 1926 illo
999 1888 1252 1942 quaerens
1281 1876 1537 1940 accedat,
1576 1889 1846 1946 quatenus
1876 1878 1984 1948 ipse

2089 1864 2354 1919 διδάσκειν
2385 1866 2452 1919 τὰ
2483 1867 2600 1920 θεῖα
2641 1868 2991 1937 ἐπαγγελίαν,
3027 1870 3122 1922 καὶ
3168 1870 3345 1941 ζητῶν
3382 1872 3472 1924 καὶ
3516 1874 3670 1942 ἐρευ-

420 1957 604 2012 divina
652 1959 846 2014 docere
891 1976 950 2016 se
995 1962 1264 2029 pollicitus
1305 1971 1424 2028 est;
1480 1973 1535 2017 at
1588 1965 1903 2034 inquirens,
1935 1975 1988 2020 et

421 2065 672 2104 sermone
717 2051 834 2120 ejus
879 2051 1182 2120 perieulum
1242 2053 1446 2109 faciens
1492 2056 1700 2110 nullum
1752 2055 1986 2112 fructum

420 2138 694 2207 inveniat,
720 2151 772 2195 et
800 2141 1021 2198 Christo
1051 2156 1332 2214 propterea
1361 2161 1590 2202 vacuum
1626 2163 1747 2201 esse
1778 2159 1990 2216 specta-

419 2231 628 2285 toribus
666 2231 1022 2302 significans,
1071 2236 1217 2291 hunc
1267 2251 1399 2290 vana
1453 2237 1539 2292 sui
1587 2237 1986 2292 existimatione

419 2321 607 2376 laesum
643 2339 922 2392 nunquam
960 2323 1203 2380 fructum
1237 2325 1367 2381 dare
1402 2341 1564 2396 posse
1595 2327 1772 2381 verbis
1802 2326 1984 2382 decla-

417 2423 518 2467 ret.
565 2410 698 2466 Vide
729 2430 857 2484 ergo
901 2431 1081 2471 annon
1123 2417 1268 2486 quod
1305 2417 1358 2470 in
1401 2418 1502 2472 ficu
1547 2415 1676 2472 fecit
1707 2415 1898 2483 Jesus,
1931 2417 1984 2470 in

415 2505 684 2572 ejusmodi
723 2507 946 2562 homine
982 2508 1183 2578 pariter
1213 2507 1408 2562 efficiat
1441 2509 1532 2578 qui
1582 2509 1685 2562 fide
1714 2509 1900 2577 pollet,
1935 2517 1988 2562 et

418 2596 640 2650 minime
670 2596 898 2652 dubitat.
932 2597 996 2653 Et
1035 2600 1205 2654 multo
1238 2601 1456 2671 quidem
1493 2600 1664 2655 salius
1698 2608 1782 2654 est
1833 2599 1987 2654 falla-

415 2701 532 2739 cem
565 2685 725 2741 ficum
746 2728 760 2752 ,
818 2699 873 2744 et
907 2689 1083 2744 vivere
1113 2691 1407 2756 creditam,
1451 2690 1662 2746 fructus
1704 2706 1833 2746 vero
1877 2706 1984 2746 non

417 2775 739 2842 mittentem,
765 2787 820 2832 et
844 2781 1148 2836 sterilitatis
1176 2780 1546 2845 manifestam,
1574 2781 1826 2850 discipuli
1853 2780 1983 2834 Ser-

416 2867 619 2923 vatoris
653 2869 836 2925 verbis
863 2871 1069 2926 aridam
1114 2872 1378 2928 declarari
1399 2911 1414 2935 ,
1447 2888 1612 2942 quam
1656 2874 1777 2927 vitae
1808 2873 1987 2942 specie

414 2970 478 3007 ac
509 2954 861 3011 simulatione
910 2958 1191 3013 hominum
1237 2961 1462 3015 minime
1502 2959 1770 3016 malorum
1808 2969 1864 3015 et
1893 2961 1986 3015 deo

407 3049 570 3111 ceptu
623 3042 862 3098 facilium
923 3047 1088 3101 corda
1132 3047 1337 3104 diutius
1387 3048 1656 3120 decipere.
1712 3049 1984 3105 Eximium

406 3150 544 3202 ergo
571 3135 700 3190 illud
732 3138 909 3193 visum
954 3148 1069 3204 est,
1099 3140 1245 3208 quod
1277 3141 1423 3196 circa
1459 3144 1619 3196 ficum
1652 3144 1763 3214 egit
1790 3143 1981 3212 Jesus,

415 3223 697 3295 ipsiusque
751 3227 1027 3298 discipuli.
1085 3228 1390 3299 Unicuique
1434 3241 1613 3286 autem
1671 3233 1872 3288 infideli
1933 3217 2054 3289 etC

414 3315 603 3385 iniquo
630 3357 644 3382 ,
692 3334 789 3388 pro
832 3320 1163 3376 infidelitatis
1206 3338 1271 3378 ac
1320 3323 1622 3393 iniquitatis
1676 3333 1791 3378 rata
1832 3337 1983 3392 parte

417 3419 650 3464 montem
725 3413 1038 3468 incumbere
1089 3415 1376 3483 existimo,
1437 3417 1530 3486 qui
1592 3416 1983 3488 discipulorum

412 3495 541 3551 Jesu
595 3515 844 3556 sermone
922 3503 1218 3568 auferatur,
1281 3514 1336 3560 et
1398 3508 1450 3560 in
1516 3522 1664 3562 mare
1733 3508 1981 3577 supplicii

415 3587 588 3654 ipsius
617 3591 896 3659 mittatur;
940 3603 994 3649 et
1026 3611 1364 3666 quaecunque
1399 3597 1452 3651 in
1479 3597 1855 3667 deprecatione
1891 3615 1982 3669 pe-

416 3679 597 3735 tierint
620 3679 746 3740 Jesu
779 3683 1028 3755 discipuli
1074 3687 1389 3756 credentes,
1437 3699 1754 3759 accepturos
1777 3732 1790 3757 ,
1823 3690 1982 3759 quasi

2091 1955 2195 2007 νῶν
2226 1955 2304 2026 τῷ
2329 1956 2469 2026 λόγῳ
2517 1956 2698 2020 αὐτὸν,
2742 1957 2944 2027 μηδένα
2973 1958 3178 2030 καρπὸν
3224 1960 3540 2030 εὑρισκέτω·
3575 1960 3669 2013 καὶ

2089 2047 2174 2099 διὰ
2212 2047 2366 2100 τοῦτο
2409 2047 2570 2100 αὑτὸν
2624 2048 2891 2116 παριστὰς
2928 2051 3043 2112 τοῖς
3089 2049 3356 2120 θεωροῦσι
3386 2050 3542 2102 κενὸν
3574 2051 3665 2103 τοῦ

2089 2137 2344 2209 Χριστοῦ,
2397 2139 2712 2210 παριστάτω
2762 2139 2840 2208 τῷ
2867 2138 3009 2209 λόγῳ
3037 2140 3118 2193 ὅτι
3171 2142 3269 2210 οὑχ
3317 2137 3424 2194 οἷόν
3459 2157 3515 2193 τε
3546 2140 3663 2192 τινὰ

2089 2229 2296 2301 καρπὸν
2325 2229 2403 2282 ἔτι
2427 2229 2676 2298 γενέσθαι
2707 2229 2855 2301 αὐτῷ
2886 2232 2964 2295 εἰς
2984 2230 3073 2284 τὸν
3099 2230 3270 2284 αἰῶνα
3290 2231 3394 2284 ὑπὸ
3429 2231 3526 2301 τῆς
3554 2233 3666 2302 οἰή-

2091 2335 2225 2380 σεως
2250 2317 2626 2389 βεσλαμμένῳ.
2663 2320 2804 2390 Ὅρα
2830 2315 2923 2373 οὖν
2957 2321 3006 2372 εἰ
3041 2321 3114 2391 μὴ
3145 2321 3203 2374 ἐν
3234 2320 3507 2391 τοιούτῳό
3529 2320 3666 2390 ἔχων

2089 2409 2268 2462 πίστιν
2291 2409 2383 2463 καὶ
2413 2409 2489 2480 μὴ
2526 2409 2844 2480 διακριθεὶς,
2875 2410 2934 2462 τὸ
2957 2410 3054 2481 τῆς
3079 2409 3248 2480 συκῆς
3274 2410 3666 2482 παραπλησίως

2090 2519 2203 2564 πως
2233 2499 2310 2571 τῷ
2348 2500 2520 2572 Ἰησοῦ
2550 2503 2711 2554 ποιεῖ.
2737 2501 2848 2553 Καὶ
2871 2499 3114 2570 κρεῖττόν
3139 2500 3202 2569 γέ
3228 2502 3364 2567 ἐστι,
3393 2500 3492 2571 τὴν
3520 2501 3659 2553 άπα-

2087 2593 2252 2663 τηλὴν
2283 2593 2470 2660 συκῆν,
2505 2593 2598 2645 καὶ
2631 2591 2991 2663 νομιζομένην
3018 2593 3114 2662 μὲν
3146 2591 3262 2664 ζῇν,
3292 2593 3364 2663 μὴ
3387 2608 3664 2662 καρποφο-

2091 2682 2284 2754 ροῦσαν
2312 2683 2390 2746 δὲ,
2421 2682 2788 2753 ἐλεγχθεῖσαν,
2811 2683 2893 2735 ὅτι
2913 2683 3158 2752 ἄκαρπός
3187 2686 3318 2745 ὲστι,
3353 2682 3522 2754 ξηρὰν
3547 2685 3662 2747 τοῖς

2087 2775 2264 2843 λόγοις
2296 2773 2390 2827 τοῦ
2428 2773 2667 2845 μαθητοῦ
2710 2773 2883 2844 Ἰησοῦ
2925 2775 3177 2844 φανῆναι,
3210 2773 3243 2845 ἦ
3273 2773 3551 2827 ἀπατῶντι
3595 2777 3662 2844 τῇ

2087 2866 2414 2939 νομιζομένῃ
2455 2865 2565 2937 ζωῇ
2607 2864 2716 2937 (46)
2751 2866 2845 2918 καὶ
2906 2870 2968 2938 τῇ
3015 2869 3376 2938 προσποιήσει
3414 2865 3514 2930 τὰς
3558 2869 3664 2919 τῶν

2088 2957 2306 3011 ἀκάκων
2329 2957 2424 3010 καὶ
2450 2957 2868 3027 εὑεξαπατήτων
2890 2957 3136 3029 καρδίας.
3169 2957 3347 3012 Καλὸν
3377 2953 3469 3011 οῦν
3495 2960 3660 3030 ἐφάνη

2087 3050 2178 3102 καὶ
2203 3048 2292 3101 τοῦ
2330 3047 2506 3120 Ἰησοῦ
2526 3049 2618 3101 καὶ
2641 3049 2750 3101 τῶν
2783 3047 3037 3120 μαθητῶν
3059 3047 3223 3102 αὑτοῦ
3254 3047 3414 3119 ἔργον
3443 3048 3504 3101 τὸ
3527 3049 3660 3101 κατὰ

2085 3144 2185 3214 τὴν
2208 3141 2604 3213 ξηραινομένην
2636 3141 2824 3212 συκῆψ
2864 3143 2922 3194 ὲν
2963 3143 3175 3213 ἑκάστῳ
3205 3141 3272 3207 δ’,
3310 3137 3485 3211 οἶμαι,
3536 3142 3660 3194 ἀπί-

2089 3252 2199 3304 στῳ
2231 3233 2323 3287 καὶ
2351 3233 2537 3303 ἀνόμῳ
2570 3233 2693 3304 ὅρος
2721 3233 3014 3299 ἐπίκειται,
3064 3233 3205 3288 κατὰ
3248 3233 3345 3304 τὴν
3377 3232 3662 3304 ὁμολογίαν

2088 3325 2189 3394 τῆς
2222 3321 2476 3386 ἀπιστίας
2520 3323 2612 3376 καὶ
2656 3322 2754 3393 τῆς
2793 3324 3041 3394 ἀνομίας,
3073 3323 3150 3394 τῷ
3179 3324 3320 3395 λόγῳ
3346 3325 3454 3376 τῶν
3487 3321 3663 3394 μαθη-

2087 3417 2194 3469 τῶν
2232 3413 2403 3486 Ἰησοῦ
2431 3415 2717 3485 αἰρόμενον
2751 3417 2846 3469 καὶ
2881 3416 3202 3487 βαλλόμενον
3232 3417 3311 3479 είς
3336 3417 3432 3487 τὴν
3466 3414 3662 3469 θάλασ-

2091 3524 2188 3560 σαν
2231 3507 2332 3576 τῆς
2367 3506 2638 3569 κολάσεως
2668 3505 2854 3560 αὐτοῦ’
2889 3508 2982 3560 καὶ
3011 3506 3188 3561 πάντα
3217 3507 3274 3560 δὲ
3309 3508 3410 3561 ὃσα
3451 3507 3547 3560 ὲὰν
3574 3509 3659 3560 αἱ·

2087 3599 2251 3652 τῶσιν
2273 3599 2330 3650 ὲν
2352 3599 2417 3668 τῇ
2444 3599 2714 3668 προσευχῇ
2740 3597 3084 3662 πιστεύοντες
3112 3601 3161 3652 oi
3204 3597 3378 3669 Ἰησοῦ
3405 3598 3658 3669 μαθηταὶ,

2087 3688 2345 3760 λήψονται
2372 3689 2446 3751 ὡς
2481 3687 2720 3758 μαθηταὶ
2762 3687 2915 3741 οὐδὲν
2956 3688 3063 3742 τῶν
3113 3689 3187 3762 μὴ
3231 3689 3457 3744 δεόντων
3504 3690 3660 3760 αἰτη-

1607 3805 1834 3862 VETUS
1871 3803 2445 3861 INTERPRETATIO.

415 3896 790 3972 unusquisque
827 3898 1217 3969 discipulorum
1258 3903 1303 3959 si
1345 3902 1594 3958 habuerit
1635 3901 1828 3969 fidem,
1869 3913 1922 3958 et
1962 3920 2070 3957 non
2112 3902 2463 3968 haesitaverit,
2505 3911 2560 3956 et
2597 3903 2756 3958 ficum
2798 3919 3045 3959 arescere
3086 3902 3246 3966 facit,
3288 3913 3340 3956 et
3380 3907 3524 3972 quod
3567 3917 3658 3957 se-

413 3965 598 4031 quitur
628 3980 772 4018 eum.

485 4033 572 4086 ‘28.
714 4045 799 4090 est
826 4038 1007 4111 operis
1033 4039 1429 4103 demonstrare,
1457 4042 1731 4110 quomodo
1754 4042 1956 4098 Christi
1983 4041 2286 4111 discipulus
2313 4056 2564 4111 quaerens
2593 4039 2826 4096 fructum
2856 4041 2909 4095 in
2943 4043 3067 4106 ficu,
3102 4051 3156 4111 et
3206 4057 3310 4096 non
3351 4041 3656 4106 inveniens,

412 4102 556 4190 dicat
588 4103 654 4157 ad
679 4120 798 4158 eam
827 4102 895 4160 ς’(
929 4107 1216 4190 Nunquam
1238 4127 1314 4190 “es
1339 4121 1388 4190 te
1418 4102 1628 4190 fructus
1663 4124 1918 4166 nascatur
1943 4111 1996 4164 in
2025 4102 2307 4190 atteri-tum,
2332 4102 2358 4162 ἰ
2392 4120 2450 4164 ut
2485 4111 2767 4190 confestim
2800 4102 3064 4190 siccetur.
3106 4109 3329 4190 Utputa,
3363 4102 3655 4190 ponetttihi

410 4172 643 4250 aliquem
678 4190 798 4242 quae
824 4187 952 4250 sunt
981 4172 1196 4248 quidem
1234 4180 1354 4248 fidei
1417 4181 1792 4250 profitentem,
1829 4191 1881 4236 et
1925 4172 2362 4250 pronuntiantem
2401 4197 2459 4235 se
2495 4180 2548 4234 in
2598 4182 2816 4235 nomine
2859 4181 2984 4235 Jesu
3032 4172 3447 4250 manducare'et
3475 4179 3659 4234 bibere

411 4257 594 4321 coram
631 4244 766 4312 ipso,
801 4244 1071 4321 et‘Jesum
1116 4250 1168 4302 in
1201 4245 1391 4321 plateis
1417 4244 1598 4321 cordis
1629 4252 1747 4318 ejus
1784 4244 2036 4306 docuisse
2065 4270 2076 4305 :
2110 4252 2182 4305 ita
2216 4251 2398 4321 veniat
2439 4249 2741 4321 discipulus
2771 4250 2970 4306 Christi
3004 4266 3254 4319 quterens
3291 4249 3528 4305 fructum
3563 4265 3656 4303 sa-

413 4312 627 4390 pientia:
655 4322 714 4390 e_t_
741 4316 889 4390 verbi
926 4318 977 4370 in
1007 4333 1072 4390 eo
1103 4312 1400 4390 secundum
1438 4312 1828 4389 professionem
1865 4321 2094 4376 docendi
2145 4336 2266 4390 quae
2304 4319 2393 4374 Dei
2429 4330 2556 4375 sunt
2582 4312 2595 4374 Ξ
2623 4337 2872 4390 quaerens
2895 4329 2949 4375 et
2972 4312 3224 4376 scrutaris
3255 4335 3379 4374 eum
3415 4335 3509 4389 per
3537 4335 3656 4371 ver-

417 4383 566 4456 bum,
605 4384 810 4437 nullum
844 4386 1082 4456 inveniat
1113 4388 1346 4441 fructum
1380 4383 1528 4444 in'eo
1557 4408 1569 4442 :
1605 4401 1657 4444 et
1684 4391 1803 4444 ideo
1848 4383 2193 4445 manifestum
2228 4389 2435 4444 faciens
2463 4402 2586 4444 eum
2612 4383 2968 4456 [videntibus
2999 4406 3226 4445 vacuum
3253 4405 3281 4444 a
3313 4383 3530 4444 Christo
3556 4407 3653 4442 ex-

417 4450 596 4529 hibeat
620 4467 716 4520 per
743 4455 1277 4529 verbum,_quoniam
1306 4473 1412 4529 non
1445 4469 1527 4529 est
1558 4460 1812 4529 possibile
1839 4461 2075 4529 aliquem
2104 4460 2343 4513 fructum
2380 4459 2493 4513 fieri
2525 4461 2577 4512 in
2613 4450 2684 4513 eo
2716 4461 2766 4513 in
2803 4461 3192 4528 sempiternum
3219 4461 3311 4529 qui
3341 4476 3404 4513 ex
3431 4460 3656 4513 arbitrio

414 4519 574 4574 hesus
599 4519 698 4576 est.
739 4524 891 4599 Sicut
919 4534 972 4599 et
1000 4519 1189 4599 Petrus
1222 4527 1357 4580 dixit
1387 4529 1452 4599 ad
1483 4519 1759 4583 Simonem
1779 4571 1792 4594 ,
1825 4519 2128 4599 arefaciens
2154 4545 2277 4582 eum
2307 4531 2399 4599 qui
2447 4529 2727 4583 videbatur
2757 4519 2959 4583 Christi
3003 4519 3280 4599 professor
3307 4547 3319 4584 :
3356 4549 3374 4580 ι
3416 4529 3650 4584 Pecunia

415 4603 503 4645 tua
540 4600 717 4645 tecum
754 4595 822 4647 sit
855 4594 907 4647 in
943 4595 1218 4669 interitum
1242 4638 1256 4662 ,
1284 4598 1542 4669 quoniam
1587 4599 1789 4669 donum
1826 4598 1918 4652 Dei
1948 4600 2269 4653 existimasti
2299 4594 2350 4669 te
2377 4614 2471 4668 per
2497 4601 2783 4669 pecuniam
2845 4594 3141 4667 possidere.
3175 4598 3286 4653 Cor
3317 4599 3470 4669 enini
3501 4609 3652 4652 tuum

413 4675 521 4738 non
555 4671 637 4716 est
670 4673 879 4738 rectum
907 4679 1090 4738 coram
1122 4664 1252 4718 Deo.
1297 4664 1350 4718 ln
1390 4666 1509 4722 felle
1543 4668 1688 4721 enim
1736 4669 2115 4724 amaritudinis
2143 4678 2197 4723 et
2222 4664 2554 4738 obligatione
2599 4664 2901 4738 iniquitatis
2930 4669 3085 4724 video
3118 4679 3167 4723 te
3203 4685 3342 4724 esse.
3375 4687 3394 4720 ι
3434 4667 3498 4722 Et
3544 4684 3656 4722 me-

414 4731 519 4808 lius
547 4740 628 4784 est
665 4731 910 4808 fallacem
944 4736 1104 4808 ficum
1140 4738 1471 4808 quaevivere
1510 4739 1856 4792 existimatur
1882 4780 1896 4797 ,
1927 4754 2036 4791 non
2086 4750 2266 4792 autem
2298 4731 2590 4793 fr'uctilicat
2623 4731 2777 4808 quasi
2813 4740 2965 4803 viva,
2999 4749 3246 4808 argutam
3289 4741 3416 4807 quia
3449 4749 3533 4792 est
3565 4739 3652 4792 in-

413 4797 698 4877 fructuosa
719 4804 913 4858 siccari
949 4797 1544 4877 vet-bis‘discipulorum
1572 4807 1795 4871 Christi,
1831 4817 1885 4862 et
1922 4808 2036 4862 fieri
2067 4808 2433 4871 manifestam,
2468 4797 2728 4877 quam-ut
2761 4797 2972 4862 foretur
3001 4797 3130 4863 dum
3162 4797 3343 4863 vivere
3367 4809 3652 4864 existima-

412 4877 519 4932 tur,
550 4885 645 4938 per
670 4873 980 4942 figmentum
1010 4872 1369 4944 professionis
1401 4876 1771 4932 innocentium
1797 4878 1984 4944 corda,
2009 4888 2063 4933 et
2093 4893 2281 4934 eorum
2311 4878 2400 4948 qui
2429 4872 2585 4933 facile
2612 4878 2947 4933 scducuntur
2973 4897 3002 4933 ιι
3039 4879 3254 4933 talibus.
3291 4881 3535 4934 Arbitror
3564 4893 3656 4932 auo

475 4965 522 4996 ²¹
556 4963 745 5019 Matth.
777 4983 889 5031 xxI,
927 4968 1010 5022 l9.

481 5056 594 5137 tib)
642 5057 867 5137 ames
895 5061 1002 5137 τοῦ
1029 5063 1114 5137 gi,
1134 5065 1409 5137 ξχονςτος,
1447 5066 1542 5119 καὶ
1579 5065 1981 5137 ὂδοκεῖἕχειν

397 5125 733 5206 ιάρςλήσεται
761 5127 864 5181 ἀπ’
894 5125 1111 5186 αὐτοῦ’
1133 5125 1219 5206 ιίιὶΔ
1270 5125 1494 5204 Vni-gata
1538 5136 1705 5206 editio
1732 5155 1744 5189 :
1785 5156 1803 5188 ι
1833 5125 1976 5206 quod

411 5199 624 5251 videtur
648 5197 867 5262 habere,
901 5218 919 5250 ι
954 5209 1008 5254 et
1035 5203 1223 5271 optimi
1264 5197 1422 5260 codd.
1451 5205 1660 5273 antiqui
1689 5223 1701 5259 :
1741 5221 1804 5261 ac
1842 5197 1972 5262 con-

410 5280 546 5336 gruo
572 5277 718 5345 certe
753 5283 914 5345 sensu
941 5274 1071 5345 :_qui
1100 5275 1246 5327 enim
1282 5289 1387 5328 nou
1422 5275 1611 5336 habet.
1669 5277 1839 5330 videri
1884 5293 1974 5345 p0-

411 5347 516 5404 test
571 5336 821 5412 habere;
878 5336 1075 5412 habere
1131 5358 1317 5396 revera
1381 5359 1485 5396 non
1537 5354 1713 5412 potest
1755 5362 1766 5396 :
1810 5336 1976 5400 adeoc

406 5423 530 5481 que
577 5408 814 5481 genuina
875 5411 1130 5481 esthhmc
1177 5413 1491 5481 explicatio,
1531 5408 1589 5466 ut
1651 5414 1782 5467 illud
1834 5415 1975 5470 Mat-

408 5477 692 5554 ihasixm,
737 5479 821 5541 lz,
868 5489 922 5554 _et
957 5477 1263 5554 Ματςηινξ
1290 5482 1381 5554 25.
1432 5485 1518 5536 vix
1554 5484 1710 5539 aliter
1751 5485 1974 5554 intelligi

405 5547 796 5628 {mssitnquam
820 5551 905 5628 Isi,
951 5553 1046 5628 καὶ
1068 5551 1096 5603 ὃ
1137 5551 1393 5628 exemita
1417 5568 1788 5620 exponamus,
1820 5547 1974 5628 καΓό

407 5614 557 5666 δοκεῖ
602 5614 762 5684 ἔχειν.
815 5614 1197 5674 (ἐοηιιιιὶεευηῖ
1225 5622 1372 5674 enim
1413 5614 1571 5677 servo
1600 5614 1858 5678 cessatori
1910 5642 1974 5680 ae

408 5683 568 5750 pigro
617 5683 876 5763 talentum
916 5691 1172 5763 ablatum
1221 5690 1284 5742 iri
1325 5691 1456 5763 dicit
1509 5692 1784 5758 Servator,
1827 5696 1971 5763 quod

413 5754 664 5825 quamvis
708 5754 834 5810 illud
878 5761 945 5813 ab
975 5762 1107 5816 hero
1148 5761 1437 5829 acceperit,
1460 5778 1524 5816 ac
1560 5754 1972 5833 propterea'ha-

2084 5070 2212 5123 bere
2241 5068 2507 5129 videatur,
2533 5081 2599 5121 eo
2644 5077 2822 5122 tamen
2861 5082 2969 5122 non
3000 5071 3192 5130 utitur,
3237 5069 3329 5123 sed
3363 5071 3415 5122 in
3451 5079 3651 5122 terram

2080 5139 2306 5201 defodit,
2333 5153 2397 5191 ac
2449 5137 2671 5206 perinde
2709 5147 2792 5192 est
2825 5147 2883 5192 ut
2922 5139 2969 5192 si
3015 5155 3123 5192 non
3173 5139 3388 5192 habeat.
3425 5137 3650 5193 Frustra

2080 5224 2211 5277 ergo
2236 5207 2373 5262 Beza
2393 5248 2408 5272 ,
2437 5215 2490 5262 et
2519 5206 2752 5279 Grotius
2768 5208 2899 5279 illud
2927 5226 2938 5260 :
2985 5210 3096 5261 Καὶ
3123 5209 3152 5262 ὃ
3182 5207 3332 5279 δοκεῖ
3365 5209 3510 5279 ἔχειν
3553 5225 3651 5277 pro

2079 5279 2107 5332 ὃ
2129 5279 2262 5348 ἔχει,
2298 5294 2363 5332 ex
2393 5279 2706 5348 Lucrxvul,
2737 5277 2825 5342 18,
2869 5277 2975 5348 huc
3006 5279 3276 5333 intrusum
3316 5277 3484 5332 fuisse
3518 5294 3651 5332 con-

2076 5347 2436 5418 jectant,nec
2461 5347 2622 5415 hujus
2665 5347 2937 5418 parabolae
2977 5364 3143 5417 scopo
3169 5350 3458 5402 convenire
3495 5364 3646 5402 asse-

2081 5417 2227 5471 runt.
2281 5417 2483 5471 Eorum
2547 5425 2725 5487 tamen
2781 5417 3108 5485 conjecturae
3176 5420 3313 5473 favet
3381 5419 3649 5487 interpres

2081 5488 2354 5557 A‘Jthiops,
2393 5487 2484 5555 qui
2519 5485 2659 5554 apud
2691 5487 3001 5540 Matthaeum
3025 5497 3078 5557 et
3107 5487 3306 5541 Lucam
3336 5485 3648 5543 constanter

2081 5559 2239 5610 vertit
2263 5556 2278 5610 :'
2307 5577 2325 5607 ‹
2349 5557 2492 5626 quod
2519 5557 2702 5626 datum
2731 5557 2832 5626 fuit
2855 5558 2924 5609 ei.
2955 5556 3260 5626 {Hui-111m.

2153 5627 2264 5695 (dli)
2301 5623 2688 5680 ’Πάπατῶντι
2720 5624 2794 5692 τῇ
2827 5624 3174 5696 νομιζομένῃ
3199 5626 3331 5697 ζωῇ.
3364 5627 3604 5681 Emenda
3630 5644 3642 5680 :

2080 5697 2111 5766 ἢ
2161 5697 2373 5766 ἀπατᾷ-ι
2412 5697 2508 5768 Δἔτι
2563 5700 2647 5765 τῇ,
2689 5698 2770 5748 Vel
2817 5698 3029 5768 ἀπατᾷν
3079 5701 3164 5768 τῇ.
3204 5697 3368 5754 Vetus
3416 5699 3641 5766 interpr.

2085 5764 2108 5818 ι’
2133 5783 2293 5836 quam
2319 5764 2376 5822 ut
2403 5764 2632 5834 foretur,
2663 5785 2680 5816 ι
2711 5777 2814 5821 etc.
2851 5765 2923 5819 lu.
