  <div class='ocr_page' id='page_1' title='image "/cluster/home/n/w/nwhite01/storage/ocr_20150623/13/mdp.39015007036059/738.png"; bbox 0 0 4074 6300; ppageno 0'>
   <div class='ocr_carea' id='block_1_1' title="bbox 422 389 559 443">
    <p class='ocr_par' dir='ltr' id='par_1_1' title="bbox 422 389 559 443">
     <span class='ocr_line' id='line_1_1' title="bbox 422 389 559 443; baseline -0.007 -2"><span class='ocrx_word' id='word_1_1' title='bbox 422 390 441 441; x_wconf 83' lang='lat' dir='ltr'><strong>l</strong></span> <span class='ocrx_word' id='word_1_2' title='bbox 454 389 559 443; x_wconf 68' lang='grc' dir='ltr'><strong>ωε»</strong></span> 
     </span>
    </p>
   </div>
   <div class='ocr_carea' id='block_1_2' title="bbox 1374 377 2744 440">
    <p class='ocr_par' dir='ltr' id='par_1_2' title="bbox 1374 377 2744 440">
     <span class='ocr_line' id='line_1_2' title="bbox 1374 377 2744 440; baseline -0.005 0"><span class='ocrx_word' id='word_1_3' title='bbox 1374 381 1728 440; x_wconf 74' lang='lat' dir='ltr'><strong>COMMENT.</strong></span> <span class='ocrx_word' id='word_1_4' title='bbox 1769 382 1836 436; x_wconf 81' lang='lat' dir='ltr'><strong>IN</strong></span> <span class='ocrx_word' id='word_1_5' title='bbox 1876 380 2292 439; x_wconf 56' lang='lat' dir='ltr'><strong>MATTHXEUM</strong></span> <span class='ocrx_word' id='word_1_6' title='bbox 2331 378 2566 437; x_wconf 75' lang='lat' dir='ltr'><strong>TOMUS</strong></span> <span class='ocrx_word' id='word_1_7' title='bbox 2605 377 2744 433; x_wconf 75' lang='lat' dir='ltr'><strong>XVI.</strong></span> 
     </span>
    </p>
   </div>
   <div class='ocr_carea' id='block_1_3' title="bbox 3545 366 3681 420">
    <p class='ocr_par' dir='ltr' id='par_1_3' title="bbox 3545 366 3681 420">
     <span class='ocr_line' id='line_1_3' title="bbox 3545 366 3681 420; baseline -0.022 0"><span class='ocrx_word' id='word_1_8' title='bbox 3545 366 3681 420; x_wconf 68' lang='grc' dir='ltr'>ατο</span> 
     </span>
    </p>
   </div>
   <div class='ocr_carea' id='block_1_4' title="bbox 418 488 2002 576">
    <p class='ocr_par' dir='ltr' id='par_1_4' title="bbox 418 501 2002 576">
     <span class='ocr_line' id='line_1_4' title="bbox 418 501 2002 576; baseline -0.004 -14"><span class='ocrx_word' id='word_1_9' title='bbox 418 523 622 569; x_wconf 85' lang='grc' dir='ltr'>σοντες,</span> <span class='ocrx_word' id='word_1_10' title='bbox 657 506 752 560; x_wconf 79' lang='grc' dir='ltr'><strong>καὶ</strong></span> <span class='ocrx_word' id='word_1_11' title='bbox 778 506 854 570; x_wconf 83' lang='grc' dir='ltr'>ὡς</span> <span class='ocrx_word' id='word_1_12' title='bbox 879 503 1187 575; x_wconf 79' lang='grc' dir='ltr'><strong>πειθόμενοι</strong></span> <span class='ocrx_word' id='word_1_13' title='bbox 1215 501 1292 574; x_wconf 80' lang='grc' dir='ltr'>τῷ</span> <span class='ocrx_word' id='word_1_14' title='bbox 1316 503 1642 575; x_wconf 75' lang='grc' dir='ltr'><strong>διδασκάλῳ,</strong></span> <span class='ocrx_word' id='word_1_15' title='bbox 1675 503 1841 576; x_wconf 81' lang='grc' dir='ltr'>μηδὲν</span> <span class='ocrx_word' id='word_1_16' title='bbox 1875 504 2002 558; x_wconf 81' lang='grc' dir='ltr'>ἀλλο</span> 
     </span>
    </p>
   </div>
   <div class='ocr_carea' id='block_1_5' title="bbox 2101 488 3680 576">
    <p class='ocr_par' dir='ltr' id='par_1_5' title="bbox 2103 488 3680 572">
     <span class='ocr_line' id='line_1_5' title="bbox 2103 488 3680 572; baseline -0.01 -14"><span class='ocrx_word' id='word_1_17' title='bbox 2103 502 2400 572; x_wconf 76' lang='lat' dir='ltr'><strong>discipulos</strong></span> <span class='ocrx_word' id='word_1_18' title='bbox 2430 498 2565 554; x_wconf 85' lang='lat' dir='ltr'><strong>nihil</strong></span> <span class='ocrx_word' id='word_1_19' title='bbox 2597 514 2704 557; x_wconf 90' lang='lat' dir='ltr'><strong>non</strong></span> <span class='ocrx_word' id='word_1_20' title='bbox 2732 510 2949 567; x_wconf 65' lang='lat' dir='ltr'><strong>aequum</strong></span> <span class='ocrx_word' id='word_1_21' title='bbox 2981 494 3266 566; x_wconf 86' lang='lat' dir='ltr'><strong>petituros,</strong></span> <span class='ocrx_word' id='word_1_22' title='bbox 3295 499 3347 547; x_wconf 91' lang='lat' dir='ltr'><strong>et</strong></span> <span class='ocrx_word' id='word_1_23' title='bbox 3377 488 3538 562; x_wconf 84' lang='lat' dir='ltr'><strong>quasi</strong></span> <span class='ocrx_word' id='word_1_24' title='bbox 3564 505 3680 543; x_wconf 88' lang='lat' dir='ltr'><strong>ma-</strong></span> 
     </span>
    </p>
   </div>
   <div class='ocr_carea' id='block_1_6' title="bbox 416 593 2002 668">
    <p class='ocr_par' dir='ltr' id='par_1_6' title="bbox 416 593 2002 668">
     <span class='ocr_line' id='line_1_6' title="bbox 416 593 2002 668; baseline -0.002 -17"><span class='ocrx_word' id='word_1_25' title='bbox 416 597 694 662; x_wconf 82' lang='grc' dir='ltr'>αἰτοῦντες</span> <span class='ocrx_word' id='word_1_26' title='bbox 721 596 830 668; x_wconf 70' lang='grc'><strong>(47)</strong></span> <span class='ocrx_word' id='word_1_27' title='bbox 862 595 894 667; x_wconf 83' lang='grc' dir='ltr'><strong>ἢ</strong></span> <span class='ocrx_word' id='word_1_28' title='bbox 934 593 1002 649; x_wconf 88' lang='grc' dir='ltr'><strong>τά</strong></span> <span class='ocrx_word' id='word_1_29' title='bbox 1037 594 1247 666; x_wconf 82' lang='grc' dir='ltr'>μεγάλα</span> <span class='ocrx_word' id='word_1_30' title='bbox 1286 595 1381 648; x_wconf 72' lang='grc' dir='ltr'><strong>καὶ</strong></span> <span class='ocrx_word' id='word_1_31' title='bbox 1412 594 1482 648; x_wconf 84' lang='grc' dir='ltr'><strong>τὰ</strong></span> <span class='ocrx_word' id='word_1_32' title='bbox 1527 595 1842 668; x_wconf 72' lang='grc' dir='ltr'>ἐπουράνια·</span> <span class='ocrx_word' id='word_1_33' title='bbox 1882 593 2002 648; x_wconf 87' lang='grc' dir='ltr'>εἷπε</span> 
     </span>
    </p>
   </div>
   <div class='ocr_carea' id='block_1_7' title="bbox 418 686 2005 761">
    <p class='ocr_par' dir='ltr' id='par_1_7' title="bbox 418 686 2005 761">
     <span class='ocr_line' id='line_1_7' title="bbox 418 686 2005 761; baseline -0.002 -18"><span class='ocrx_word' id='word_1_34' title='bbox 418 689 528 761; x_wconf 79' lang='grc' dir='ltr'>γὰρ</span> <span class='ocrx_word' id='word_1_35' title='bbox 556 690 585 742; x_wconf 89' lang='lat'><strong>6</strong></span> <span class='ocrx_word' id='word_1_36' title='bbox 624 688 827 758; x_wconf 82' lang='grc' dir='ltr'>Ἰησοῦς</span> <span class='ocrx_word' id='word_1_37' title='bbox 856 690 968 751; x_wconf 84' lang='grc' dir='ltr'>τοῖς</span> <span class='ocrx_word' id='word_1_38' title='bbox 1006 687 1274 759; x_wconf 83' lang='grc' dir='ltr'><strong>μαθηταῖς</strong></span> <span class='ocrx_word' id='word_1_39' title='bbox 1299 687 1487 754; x_wconf 83' lang='grc' dir='ltr'>αὑτοῦ,</span> <span class='ocrx_word' id='word_1_40' title='bbox 1524 706 1543 740; x_wconf 70' lang='grc' dir='ltr'><strong>ι</strong></span> <span class='ocrx_word' id='word_1_41' title='bbox 1578 689 1792 741; x_wconf 79' lang='grc' dir='ltr'><strong>Αἰτεῖτε</strong></span> <span class='ocrx_word' id='word_1_42' title='bbox 1821 686 1890 741; x_wconf 81' lang='grc' dir='ltr'><strong>τὰ</strong></span> <span class='ocrx_word' id='word_1_43' title='bbox 1917 704 2005 759; x_wconf 84' lang='grc' dir='ltr'>με·</span> 
     </span>
    </p>
   </div>
   <div class='ocr_carea' id='block_1_8' title="bbox 419 778 2002 852">
    <p class='ocr_par' dir='ltr' id='par_1_8' title="bbox 419 778 2002 852">
     <span class='ocr_line' id='line_1_8' title="bbox 419 778 2002 852; baseline -0.003 -16"><span class='ocrx_word' id='word_1_44' title='bbox 419 781 579 850; x_wconf 83' lang='grc' dir='ltr'><strong>γάλα,</strong></span> <span class='ocrx_word' id='word_1_45' title='bbox 610 781 703 834; x_wconf 73' lang='grc' dir='ltr'><strong>καὶ</strong></span> <span class='ocrx_word' id='word_1_46' title='bbox 732 780 799 833; x_wconf 73' lang='grc' dir='ltr'>τὰ</span> <span class='ocrx_word' id='word_1_47' title='bbox 825 778 999 851; x_wconf 84' lang='grc' dir='ltr'>μικρά</span> <span class='ocrx_word' id='word_1_48' title='bbox 1026 779 1458 852; x_wconf 66' lang='grc' dir='ltr'><strong>προστεθήσεται</strong></span> <span class='ocrx_word' id='word_1_49' title='bbox 1488 782 1637 852; x_wconf 83' lang='grc' dir='ltr'>ὑμῖν·</span> <span class='ocrx_word' id='word_1_50' title='bbox 1675 781 1770 834; x_wconf 75' lang='grc' dir='ltr'>καὶ</span> <span class='ocrx_word' id='word_1_51' title='bbox 1802 782 2002 834; x_wconf 76' lang='grc' dir='ltr'><strong>αἰτεῖτε</strong></span> 
     </span>
    </p>
   </div>
   <div class='ocr_carea' id='block_1_9' title="bbox 418 870 1995 945">
    <p class='ocr_par' dir='ltr' id='par_1_9' title="bbox 418 870 1995 945">
     <span class='ocr_line' id='line_1_9' title="bbox 418 870 1995 945; baseline -0.001 -20"><span class='ocrx_word' id='word_1_52' title='bbox 418 871 486 927; x_wconf 83' lang='grc' dir='ltr'><strong>τὰ</strong></span> <span class='ocrx_word' id='word_1_53' title='bbox 513 872 829 942; x_wconf 64' lang='grc' dir='ltr'>ἐπουράνια,</span> <span class='ocrx_word' id='word_1_54' title='bbox 867 872 960 925; x_wconf 81' lang='grc' dir='ltr'>καὶ</span> <span class='ocrx_word' id='word_1_55' title='bbox 986 870 1058 925; x_wconf 84' lang='grc' dir='ltr'>τὰ</span> <span class='ocrx_word' id='word_1_56' title='bbox 1086 872 1303 942; x_wconf 75' lang='grc' dir='ltr'><strong>ἐπίγεια</strong></span> <span class='ocrx_word' id='word_1_57' title='bbox 1333 872 1764 945; x_wconf 75' lang='grc' dir='ltr'><strong>προστεθήσεται</strong></span> <span class='ocrx_word' id='word_1_58' title='bbox 1790 871 1936 943; x_wconf 83' lang='grc' dir='ltr'>ὑμῖν.</span> <span class='ocrx_word' id='word_1_59' title='bbox 1977 890 1995 923; x_wconf 77' lang='grc' dir='ltr'><strong>ι</strong></span> 
     </span>
    </p>
   </div>
   <div class='ocr_carea' id='block_1_10' title="bbox 497 1047 2000 1124">
    <p class='ocr_par' dir='ltr' id='par_1_10' title="bbox 497 1047 2000 1124">
     <span class='ocr_line' id='line_1_10' title="bbox 497 1047 2000 1124; baseline 0.003 -23"><span class='ocrx_word' id='word_1_60' title='bbox 497 1047 557 1101; x_wconf 89' lang='lat'><strong>&#39;0</strong></span> <span class='ocrx_word' id='word_1_61' title='bbox 607 1048 665 1101; x_wconf 83' lang='grc' dir='ltr'>δὲ</span> <span class='ocrx_word' id='word_1_62' title='bbox 720 1049 967 1124; x_wconf 83' lang='grc' dir='ltr'>Μάρκος,</span> <span class='ocrx_word' id='word_1_63' title='bbox 1019 1049 1337 1122; x_wconf 68' lang='grc' dir='ltr'>ἀναγράψας</span> <span class='ocrx_word' id='word_1_64' title='bbox 1383 1051 1452 1106; x_wconf 82' lang='grc' dir='ltr'>τὰ</span> <span class='ocrx_word' id='word_1_65' title='bbox 1496 1051 1635 1108; x_wconf 86' lang='grc' dir='ltr'><strong>κατά</strong></span> <span class='ocrx_word' id='word_1_66' title='bbox 1685 1052 1776 1106; x_wconf 79' lang='grc' dir='ltr'>τὸν</span> <span class='ocrx_word' id='word_1_67' title='bbox 1816 1054 2000 1117; x_wconf 85' lang='grc' dir='ltr'>τόπον,</span> 
     </span>
    </p>
   </div>
   <div class='ocr_carea' id='block_1_11' title="bbox 417 1138 2003 1214">
    <p class='ocr_par' dir='ltr' id='par_1_11' title="bbox 417 1138 2003 1214">
     <span class='ocr_line' id='line_1_11' title="bbox 417 1138 2003 1214; baseline 0.001 -20"><span class='ocrx_word' id='word_1_68' title='bbox 417 1139 761 1210; x_wconf 82' lang='grc' dir='ltr'>ἀπεμφαῖνόν</span> <span class='ocrx_word' id='word_1_69' title='bbox 791 1157 844 1192; x_wconf 87' lang='grc' dir='ltr'><strong>τι</strong></span> <span class='ocrx_word' id='word_1_70' title='bbox 883 1138 959 1203; x_wconf 84' lang='grc' dir='ltr'>ὡς</span> <span class='ocrx_word' id='word_1_71' title='bbox 1001 1140 1137 1213; x_wconf 82' lang='grc' dir='ltr'>πρὸς</span> <span class='ocrx_word' id='word_1_72' title='bbox 1183 1140 1244 1194; x_wconf 86' lang='grc' dir='ltr'><strong>τὸ</strong></span> <span class='ocrx_word' id='word_1_73' title='bbox 1279 1142 1441 1213; x_wconf 83' lang='grc' dir='ltr'>ῥητὸν</span> <span class='ocrx_word' id='word_1_74' title='bbox 1485 1141 1791 1214; x_wconf 83' lang='grc' dir='ltr'>προσέθηκε</span> <span class='ocrx_word' id='word_1_75' title='bbox 1843 1145 2003 1214; x_wconf 82' lang='grc' dir='ltr'>ποιή-</span> 
     </span>
    </p>
   </div>
   <div class='ocr_carea' id='block_1_12' title="bbox 420 1228 2005 1304">
    <p class='ocr_par' dir='ltr' id='par_1_12' title="bbox 420 1228 2005 1304">
     <span class='ocr_line' id='line_1_12' title="bbox 420 1228 2005 1304; baseline 0.001 -20"><span class='ocrx_word' id='word_1_76' title='bbox 420 1246 539 1294; x_wconf 85' lang='grc' dir='ltr'>σας,</span> <span class='ocrx_word' id='word_1_77' title='bbox 571 1231 675 1294; x_wconf 83' lang='grc' dir='ltr'>ὅτι,</span> <span class='ocrx_word' id='word_1_78' title='bbox 721 1249 739 1281; x_wconf 77' lang='grc' dir='ltr'><strong>ι</strong></span> <span class='ocrx_word' id='word_1_79' title='bbox 774 1228 899 1284; x_wconf 86' lang='grc' dir='ltr'>ἰδὼν</span> <span class='ocrx_word' id='word_1_80' title='bbox 922 1230 950 1282; x_wconf 91' lang='lat'><strong>6</strong></span> <span class='ocrx_word' id='word_1_81' title='bbox 983 1230 1189 1301; x_wconf 83' lang='grc' dir='ltr'>Ἰησοῦς</span> <span class='ocrx_word' id='word_1_82' title='bbox 1217 1231 1326 1286; x_wconf 81' lang='grc' dir='ltr'>ἀπὸ</span> <span class='ocrx_word' id='word_1_83' title='bbox 1355 1231 1627 1304; x_wconf 80' lang='grc' dir='ltr'><strong>μακρόθεν</strong></span> <span class='ocrx_word' id='word_1_84' title='bbox 1650 1233 1822 1303; x_wconf 86' lang='grc' dir='ltr'><strong>συκῆν</strong></span> <span class='ocrx_word' id='word_1_85' title='bbox 1853 1232 2005 1304; x_wconf 74' lang='grc' dir='ltr'>ἔχουο</span> 
     </span>
    </p>
   </div>
   <div class='ocr_carea' id='block_1_13' title="bbox 418 1316 2003 1396">
    <p class='ocr_par' dir='ltr' id='par_1_13' title="bbox 418 1316 2003 1396">
     <span class='ocr_line' id='line_1_13' title="bbox 418 1316 2003 1396; baseline 0.001 -21"><span class='ocrx_word' id='word_1_86' title='bbox 418 1338 518 1375; x_wconf 88' lang='grc' dir='ltr'><strong>σαν</strong></span> <span class='ocrx_word' id='word_1_87' title='bbox 546 1319 742 1391; x_wconf 80' lang='grc' dir='ltr'>φύλλα,</span> <span class='ocrx_word' id='word_1_88' title='bbox 773 1316 936 1391; x_wconf 85' lang='grc' dir='ltr'>ἦλθεν</span> <span class='ocrx_word' id='word_1_89' title='bbox 965 1321 1041 1386; x_wconf 84' lang='grc' dir='ltr'>ὡς</span> <span class='ocrx_word' id='word_1_90' title='bbox 1077 1323 1326 1395; x_wconf 80' lang='grc' dir='ltr'><strong>εὑρήσων</strong></span> <span class='ocrx_word' id='word_1_91' title='bbox 1352 1341 1406 1377; x_wconf 88' lang='grc' dir='ltr'><strong>τι</strong></span> <span class='ocrx_word' id='word_1_92' title='bbox 1432 1327 1489 1377; x_wconf 86' lang='grc' dir='ltr'>ὲν</span> <span class='ocrx_word' id='word_1_93' title='bbox 1519 1325 1681 1396; x_wconf 74' lang='grc' dir='ltr'>αύτῇο</span> <span class='ocrx_word' id='word_1_94' title='bbox 1747 1323 1916 1378; x_wconf 76' lang='grc' dir='ltr'>ἐλθὼν</span> <span class='ocrx_word' id='word_1_95' title='bbox 1945 1323 2003 1377; x_wconf 88' lang='grc' dir='ltr'>δὲ</span> 
     </span>
    </p>
   </div>
   <div class='ocr_carea' id='block_1_14' title="bbox 417 1411 2005 1486">
    <p class='ocr_par' dir='ltr' id='par_1_14' title="bbox 417 1411 2005 1486">
     <span class='ocr_line' id='line_1_14' title="bbox 417 1411 2005 1486; baseline 0.002 -22"><span class='ocrx_word' id='word_1_96' title='bbox 417 1412 504 1464; x_wconf 69' lang='grc' dir='ltr'><strong>ἐπ’</strong></span> <span class='ocrx_word' id='word_1_97' title='bbox 526 1412 715 1482; x_wconf 78' lang='grc' dir='ltr'>αὐτὴν,</span> <span class='ocrx_word' id='word_1_98' title='bbox 741 1412 835 1464; x_wconf 83' lang='grc' dir='ltr'>καὶ</span> <span class='ocrx_word' id='word_1_99' title='bbox 864 1411 1026 1483; x_wconf 86' lang='grc' dir='ltr'>μηδὲν</span> <span class='ocrx_word' id='word_1_100' title='bbox 1048 1412 1222 1484; x_wconf 85' lang='grc' dir='ltr'>εὑρὼν</span> <span class='ocrx_word' id='word_1_101' title='bbox 1246 1416 1293 1467; x_wconf 90' lang='grc' dir='ltr'><strong>εἰ</strong></span> <span class='ocrx_word' id='word_1_102' title='bbox 1314 1413 1387 1486; x_wconf 84' lang='grc' dir='ltr'><strong>μὴ</strong></span> <span class='ocrx_word' id='word_1_103' title='bbox 1409 1414 1581 1485; x_wconf 78' lang='grc' dir='ltr'>φύλλα</span> <span class='ocrx_word' id='word_1_104' title='bbox 1613 1416 1793 1486; x_wconf 79' lang='grc' dir='ltr'>μόνον’</span> <span class='ocrx_word' id='word_1_105' title='bbox 1819 1414 1879 1467; x_wconf 85' lang='grc' dir='ltr'><strong>ού</strong></span> <span class='ocrx_word' id='word_1_106' title='bbox 1896 1413 2005 1486; x_wconf 90' lang='grc' dir='ltr'><strong>γάρ</strong></span> 
     </span>
    </p>
   </div>
   <div class='ocr_carea' id='block_1_15' title="bbox 416 1498 2003 1576">
    <p class='ocr_par' dir='ltr' id='par_1_15' title="bbox 416 1498 2003 1576">
     <span class='ocr_line' id='line_1_15' title="bbox 416 1498 2003 1576; baseline 0.001 -20"><span class='ocrx_word' id='word_1_107' title='bbox 416 1498 486 1573; x_wconf 75' lang='grc' dir='ltr'>ἦν</span> <span class='ocrx_word' id='word_1_108' title='bbox 513 1505 542 1555; x_wconf 98' lang='lat'><strong>6</strong></span> <span class='ocrx_word' id='word_1_109' title='bbox 575 1502 765 1574; x_wconf 87' lang='grc' dir='ltr'>καιρὸς</span> <span class='ocrx_word' id='word_1_110' title='bbox 796 1502 995 1569; x_wconf 87' lang='grc' dir='ltr'>σύκων,</span> <span class='ocrx_word' id='word_1_111' title='bbox 1043 1504 1361 1574; x_wconf 74' lang='grc' dir='ltr'><strong>ἀποκριθεὶς</strong></span> <span class='ocrx_word' id='word_1_112' title='bbox 1392 1500 1543 1560; x_wconf 73' lang='grc' dir='ltr'>εἶπεν</span> <span class='ocrx_word' id='word_1_113' title='bbox 1581 1507 1752 1576; x_wconf 77' lang='grc' dir='ltr'><strong>αὐτῇ·</strong></span> <span class='ocrx_word' id='word_1_114' title='bbox 1791 1504 2003 1576; x_wconf 79' lang='grc' dir='ltr'><strong>Μηκέτι</strong></span> 
     </span>
    </p>
   </div>
   <div class='ocr_carea' id='block_1_16' title="bbox 418 1594 2004 1670">
    <p class='ocr_par' dir='ltr' id='par_1_16' title="bbox 418 1594 2004 1670">
     <span class='ocr_line' id='line_1_16' title="bbox 418 1594 2004 1670; baseline 0.002 -23"><span class='ocrx_word' id='word_1_115' title='bbox 418 1596 498 1657; x_wconf 84' lang='grc' dir='ltr'><strong>είς</strong></span> <span class='ocrx_word' id='word_1_116' title='bbox 519 1594 612 1648; x_wconf 82' lang='grc' dir='ltr'>τὸν</span> <span class='ocrx_word' id='word_1_117' title='bbox 644 1594 816 1648; x_wconf 85' lang='grc' dir='ltr'>αἰῶνα</span> <span class='ocrx_word' id='word_1_118' title='bbox 844 1596 908 1649; x_wconf 79' lang='grc' dir='ltr'>ἐκ</span> <span class='ocrx_word' id='word_1_119' title='bbox 939 1595 1033 1648; x_wconf 82' lang='grc' dir='ltr'>σοῦ</span> <span class='ocrx_word' id='word_1_120' title='bbox 1059 1597 1248 1668; x_wconf 76' lang='grc' dir='ltr'>μηδεὶς</span> <span class='ocrx_word' id='word_1_121' title='bbox 1277 1598 1488 1668; x_wconf 84' lang='grc' dir='ltr'>καρπὸν</span> <span class='ocrx_word' id='word_1_122' title='bbox 1501 1595 1870 1669; x_wconf 77' lang='grc' dir='ltr'>φάγη.›Είποι</span> <span class='ocrx_word' id='word_1_123' title='bbox 1895 1597 2004 1670; x_wconf 84' lang='grc' dir='ltr'><strong>γὰρ</strong></span> 
     </span>
    </p>
   </div>
   <div class='ocr_carea' id='block_1_17' title="bbox 422 1684 2004 1761">
    <p class='ocr_par' dir='ltr' id='par_1_17' title="bbox 422 1684 2004 1761">
     <span class='ocr_line' id='line_1_17' title="bbox 422 1684 2004 1761; baseline 0.001 -22"><span class='ocrx_word' id='word_1_124' title='bbox 422 1685 489 1739; x_wconf 81' lang='grc' dir='ltr'>ἄν</span> <span class='ocrx_word' id='word_1_125' title='bbox 519 1700 623 1748; x_wconf 77' lang='grc' dir='ltr'>τιςο</span> <span class='ocrx_word' id='word_1_126' title='bbox 655 1685 718 1739; x_wconf 86' lang='grc' dir='ltr'><strong>Εἰ</strong></span> <span class='ocrx_word' id='word_1_127' title='bbox 760 1684 834 1756; x_wconf 84' lang='grc' dir='ltr'>μὴ</span> <span class='ocrx_word' id='word_1_128' title='bbox 868 1687 897 1738; x_wconf 89' lang='lat'><strong>6</strong></span> <span class='ocrx_word' id='word_1_129' title='bbox 932 1687 1122 1758; x_wconf 80' lang='grc' dir='ltr'>καιρὸς</span> <span class='ocrx_word' id='word_1_130' title='bbox 1160 1687 1340 1742; x_wconf 87' lang='grc' dir='ltr'>σύκων</span> <span class='ocrx_word' id='word_1_131' title='bbox 1368 1684 1457 1760; x_wconf 81' lang='grc' dir='ltr'>ἦν,</span> <span class='ocrx_word' id='word_1_132' title='bbox 1491 1689 1607 1754; x_wconf 87' lang='grc' dir='ltr'><strong>πῶς</strong></span> <span class='ocrx_word' id='word_1_133' title='bbox 1646 1685 1806 1761; x_wconf 79' lang='grc' dir='ltr'>ἦλθεν</span> <span class='ocrx_word' id='word_1_134' title='bbox 1833 1691 1862 1743; x_wconf 87' lang='lat'><strong>6</strong></span> <span class='ocrx_word' id='word_1_135' title='bbox 1903 1688 2004 1760; x_wconf 83' lang='grc' dir='ltr'><strong>Ἰη-</strong></span> 
     </span>
    </p>
   </div>
   <div class='ocr_carea' id='block_1_18' title="bbox 420 1773 2002 1849">
    <p class='ocr_par' dir='ltr' id='par_1_18' title="bbox 420 1773 2002 1849">
     <span class='ocr_line' id='line_1_18' title="bbox 420 1773 2002 1849; baseline 0.004 -23"><span class='ocrx_word' id='word_1_136' title='bbox 420 1773 545 1838; x_wconf 75' lang='grc' dir='ltr'>σοῦς</span> <span class='ocrx_word' id='word_1_137' title='bbox 574 1773 650 1838; x_wconf 90' lang='grc' dir='ltr'>ὼς</span> <span class='ocrx_word' id='word_1_138' title='bbox 680 1775 928 1846; x_wconf 82' lang='grc' dir='ltr'><strong>εὑρήσων</strong></span> <span class='ocrx_word' id='word_1_139' title='bbox 959 1793 1011 1831; x_wconf 89' lang='grc' dir='ltr'><strong>τι</strong></span> <span class='ocrx_word' id='word_1_140' title='bbox 1044 1779 1104 1831; x_wconf 79' lang='grc' dir='ltr'>ἐν</span> <span class='ocrx_word' id='word_1_141' title='bbox 1129 1778 1290 1849; x_wconf 78' lang='grc' dir='ltr'>αὐτῇ,</span> <span class='ocrx_word' id='word_1_142' title='bbox 1318 1779 1413 1833; x_wconf 75' lang='grc' dir='ltr'>καὶ</span> <span class='ocrx_word' id='word_1_143' title='bbox 1445 1779 1562 1845; x_wconf 84' lang='grc' dir='ltr'><strong>πῶς</strong></span> <span class='ocrx_word' id='word_1_144' title='bbox 1595 1780 1820 1845; x_wconf 79' lang='grc' dir='ltr'>δικαίως</span> <span class='ocrx_word' id='word_1_145' title='bbox 1849 1776 2002 1834; x_wconf 82' lang='grc' dir='ltr'>εἶπεν</span> 
     </span>
    </p>
   </div>
   <div class='ocr_carea' id='block_1_19' title="bbox 416 1843 2076 1943">
    <p class='ocr_par' dir='ltr' id='par_1_19' title="bbox 416 1843 2076 1943">
     <span class='ocr_line' id='line_1_19' title="bbox 416 1843 2076 1943; baseline 0.004 -25"><span class='ocrx_word' id='word_1_146' title='bbox 416 1865 584 1938; x_wconf 78' lang='grc' dir='ltr'>αὐτῇ·</span> <span class='ocrx_word' id='word_1_147' title='bbox 621 1884 639 1917; x_wconf 78' lang='lat' dir='ltr'><strong>t</strong></span> <span class='ocrx_word' id='word_1_148' title='bbox 685 1843 896 1937; x_wconf 78' lang='grc' dir='ltr'>Μηκέτι</span> <span class='ocrx_word' id='word_1_149' title='bbox 926 1870 1007 1932; x_wconf 83' lang='grc' dir='ltr'><strong>εἰς</strong></span> <span class='ocrx_word' id='word_1_150' title='bbox 1031 1867 1122 1922; x_wconf 84' lang='grc' dir='ltr'><strong>τὸν</strong></span> <span class='ocrx_word' id='word_1_151' title='bbox 1151 1843 1324 1924; x_wconf 42' lang='lat' dir='ltr'><strong>atii-vat</strong></span> <span class='ocrx_word' id='word_1_152' title='bbox 1349 1871 1413 1924; x_wconf 83' lang='grc' dir='ltr'>ὲκ</span> <span class='ocrx_word' id='word_1_153' title='bbox 1438 1843 1755 1943; x_wconf 16' lang='grc' dir='ltr'>σοῦγμηδείς</span> <span class='ocrx_word' id='word_1_154' title='bbox 1789 1843 2002 1943; x_wconf 84' lang='grc' dir='ltr'>καρπὸν</span> <span class='ocrx_word' id='word_1_155' title='bbox 2034 1843 2076 1899; x_wconf 75' lang='grc' dir='ltr'><strong>Β</strong></span> 
     </span>
    </p>
   </div>
   <div class='ocr_carea' id='block_1_20' title="bbox 417 1958 2002 2034">
    <p class='ocr_par' dir='ltr' id='par_1_20' title="bbox 417 1958 2002 2034">
     <span class='ocr_line' id='line_1_20' title="bbox 417 1958 2002 2034; baseline 0.001 -21"><span class='ocrx_word' id='word_1_156' title='bbox 417 1958 601 2032; x_wconf 56' lang='grc' dir='ltr'>φάγω</span> <span class='ocrx_word' id='word_1_157' title='bbox 641 1978 660 2011; x_wconf 75' lang='grc' dir='ltr'><strong>ι</strong></span> <span class='ocrx_word' id='word_1_158' title='bbox 692 1959 836 2033; x_wconf 84' lang='grc' dir='ltr'>Πρὸς</span> <span class='ocrx_word' id='word_1_159' title='bbox 874 1959 1033 2013; x_wconf 79' lang='grc' dir='ltr'>τοῦτο</span> <span class='ocrx_word' id='word_1_160' title='bbox 1059 1960 1114 2013; x_wconf 80' lang='grc' dir='ltr'>δὲ</span> <span class='ocrx_word' id='word_1_161' title='bbox 1145 1960 1439 2026; x_wconf 79' lang='grc' dir='ltr'>λελέξεται,</span> <span class='ocrx_word' id='word_1_162' title='bbox 1470 1962 1552 2016; x_wconf 87' lang='grc' dir='ltr'>ὃτι</span> <span class='ocrx_word' id='word_1_163' title='bbox 1579 1961 1691 2034; x_wconf 72' lang='grc'><strong>(48)</strong></span> <span class='ocrx_word' id='word_1_164' title='bbox 1723 1964 1772 2015; x_wconf 91' lang='grc' dir='ltr'>οἰ</span> <span class='ocrx_word' id='word_1_165' title='bbox 1819 1980 2002 2016; x_wconf 85' lang='grc' dir='ltr'>κατει-</span> 
     </span>
    </p>
   </div>
   <div class='ocr_carea' id='block_1_21' title="bbox 416 2049 2000 2125">
    <p class='ocr_par' dir='ltr' id='par_1_21' title="bbox 416 2049 2000 2125">
     <span class='ocr_line' id='line_1_21' title="bbox 416 2049 2000 2125; baseline 0.003 -23"><span class='ocrx_word' id='word_1_166' title='bbox 416 2049 666 2122; x_wconf 68' lang='grc' dir='ltr'>λεγμένα</span> <span class='ocrx_word' id='word_1_167' title='bbox 692 2050 844 2124; x_wconf 88' lang='grc' dir='ltr'><strong>παρά</strong></span> <span class='ocrx_word' id='word_1_168' title='bbox 869 2051 945 2123; x_wconf 82' lang='grc' dir='ltr'><strong>τῷ</strong></span> <span class='ocrx_word' id='word_1_169' title='bbox 987 2052 1295 2125; x_wconf 78' lang='grc' dir='ltr'>Ἀποστόλῳ</span> <span class='ocrx_word' id='word_1_170' title='bbox 1317 2054 1520 2125; x_wconf 78' lang='grc' dir='ltr'><strong>καρποί⁸</strong></span> <span class='ocrx_word' id='word_1_171' title='bbox 1542 2053 1637 2108; x_wconf 79' lang='grc' dir='ltr'><strong>τοῦ</strong></span> <span class='ocrx_word' id='word_1_172' title='bbox 1672 2053 2000 2125; x_wconf 88' lang='grc' dir='ltr'>πνεύματος,</span> 
     </span>
    </p>
   </div>
   <div class='ocr_carea' id='block_1_22' title="bbox 416 2142 2005 2217">
    <p class='ocr_par' dir='ltr' id='par_1_22' title="bbox 416 2142 2005 2217">
     <span class='ocr_line' id='line_1_22' title="bbox 416 2142 2005 2217; baseline 0.003 -21"><span class='ocrx_word' id='word_1_173' title='bbox 416 2143 626 2215; x_wconf 88' lang='grc' dir='ltr'>ἀγάπη,</span> <span class='ocrx_word' id='word_1_174' title='bbox 658 2142 824 2215; x_wconf 88' lang='grc' dir='ltr'>χάρα,</span> <span class='ocrx_word' id='word_1_175' title='bbox 856 2144 1069 2216; x_wconf 81' lang='grc' dir='ltr'>εἰρήνη,</span> <span class='ocrx_word' id='word_1_176' title='bbox 1101 2143 1471 2216; x_wconf 78' lang='grc' dir='ltr'>μακροθυμία,</span> <span class='ocrx_word' id='word_1_177' title='bbox 1505 2145 1831 2217; x_wconf 84' lang='grc' dir='ltr'>χρηστότης,</span> <span class='ocrx_word' id='word_1_178' title='bbox 1866 2147 2005 2216; x_wconf 84' lang='grc' dir='ltr'>ἀγα-</span> 
     </span>
    </p>
   </div>
   <div class='ocr_carea' id='block_1_23' title="bbox 417 2231 2003 2310">
    <p class='ocr_par' dir='ltr' id='par_1_23' title="bbox 417 2231 2003 2310">
     <span class='ocr_line' id='line_1_23' title="bbox 417 2231 2003 2310; baseline 0.004 -25"><span class='ocrx_word' id='word_1_179' title='bbox 417 2231 650 2302; x_wconf 76' lang='grc' dir='ltr'>θωσύνη,</span> <span class='ocrx_word' id='word_1_180' title='bbox 685 2234 888 2298; x_wconf 81' lang='grc' dir='ltr'>πίστις,</span> <span class='ocrx_word' id='word_1_181' title='bbox 947 2235 1210 2306; x_wconf 81' lang='grc' dir='ltr'>πραότης,</span> <span class='ocrx_word' id='word_1_182' title='bbox 1261 2236 1577 2308; x_wconf 75' lang='grc' dir='ltr'>ἐγκράτεια,</span> <span class='ocrx_word' id='word_1_183' title='bbox 1624 2236 1738 2291; x_wconf 78' lang='grc' dir='ltr'>ἔστι</span> <span class='ocrx_word' id='word_1_184' title='bbox 1787 2239 1883 2310; x_wconf 82' lang='grc' dir='ltr'>μὲν</span> <span class='ocrx_word' id='word_1_185' title='bbox 1913 2239 2003 2293; x_wconf 83' lang='grc' dir='ltr'>ὅτε</span> 
     </span>
    </p>
   </div>
   <div class='ocr_carea' id='block_1_24' title="bbox 415 2320 2003 2394">
    <p class='ocr_par' dir='ltr' id='par_1_24' title="bbox 415 2320 2003 2394">
     <span class='ocr_line' id='line_1_24' title="bbox 415 2320 2003 2394; baseline 0.006 -23"><span class='ocrx_word' id='word_1_186' title='bbox 415 2320 473 2372; x_wconf 75' lang='grc' dir='ltr'>ὲν</span> <span class='ocrx_word' id='word_1_187' title='bbox 510 2321 694 2391; x_wconf 80' lang='grc' dir='ltr'>οἰκείῳ</span> <span class='ocrx_word' id='word_1_188' title='bbox 725 2321 1062 2376; x_wconf 83' lang='grc' dir='ltr'>ἀποδίδονται</span> <span class='ocrx_word' id='word_1_189' title='bbox 1096 2321 1306 2394; x_wconf 79' lang='grc' dir='ltr'>καιρῷ⁶</span> <span class='ocrx_word' id='word_1_190' title='bbox 1345 2323 1549 2394; x_wconf 82' lang='grc' dir='ltr'>βέλτιον</span> <span class='ocrx_word' id='word_1_191' title='bbox 1573 2325 1630 2379; x_wconf 80' lang='grc' dir='ltr'>δὲ</span> <span class='ocrx_word' id='word_1_192' title='bbox 1658 2328 1727 2392; x_wconf 90' lang='grc' dir='ltr'>εἰ,</span> <span class='ocrx_word' id='word_1_193' title='bbox 1758 2325 1865 2380; x_wconf 84' lang='grc' dir='ltr'><strong>τῶν</strong></span> <span class='ocrx_word' id='word_1_194' title='bbox 1903 2344 2003 2382; x_wconf 88' lang='grc' dir='ltr'><strong>πε-</strong></span> 
     </span>
    </p>
   </div>
   <div class='ocr_carea' id='block_1_25' title="bbox 420 2411 2001 2490">
    <p class='ocr_par' dir='ltr' id='par_1_25' title="bbox 420 2411 2001 2490">
     <span class='ocr_line' id='line_1_25' title="bbox 420 2411 2001 2490; baseline 0.004 -27"><span class='ocrx_word' id='word_1_195' title='bbox 420 2411 782 2482; x_wconf 81' lang='grc' dir='ltr'>ριεστηκότων</span> <span class='ocrx_word' id='word_1_196' title='bbox 810 2414 903 2466; x_wconf 76' lang='grc' dir='ltr'><strong>ἐπὶ</strong></span> <span class='ocrx_word' id='word_1_197' title='bbox 925 2414 1166 2468; x_wconf 75' lang='grc' dir='ltr'>ἐναντίον</span> <span class='ocrx_word' id='word_1_198' title='bbox 1186 2414 1266 2486; x_wconf 82' lang='grc' dir='ltr'><strong>τῷ</strong></span> <span class='ocrx_word' id='word_1_199' title='bbox 1297 2419 1664 2488; x_wconf 81' lang='grc' dir='ltr'>καρποφορεῖν</span> <span class='ocrx_word' id='word_1_200' title='bbox 1696 2418 2001 2490; x_wconf 84' lang='grc' dir='ltr'>προκαλου-</span> 
     </span>
    </p>
   </div>
   <div class='ocr_carea' id='block_1_26' title="bbox 420 2499 2004 2577">
    <p class='ocr_par' dir='ltr' id='par_1_26' title="bbox 420 2499 2004 2577">
     <span class='ocr_line' id='line_1_26' title="bbox 420 2499 2004 2577; baseline 0.006 -25"><span class='ocrx_word' id='word_1_201' title='bbox 420 2499 617 2569; x_wconf 76' lang='grc' dir='ltr'>μένων,</span> <span class='ocrx_word' id='word_1_202' title='bbox 658 2501 910 2574; x_wconf 83' lang='grc' dir='ltr'>δυνηθείη</span> <span class='ocrx_word' id='word_1_203' title='bbox 940 2521 1023 2568; x_wconf 88' lang='grc' dir='ltr'><strong>τις</strong></span> <span class='ocrx_word' id='word_1_204' title='bbox 1067 2504 1178 2568; x_wconf 74' lang='grc' dir='ltr'>καὶ,</span> <span class='ocrx_word' id='word_1_205' title='bbox 1212 2504 1301 2559; x_wconf 80' lang='grc' dir='ltr'><strong>διὰ</strong></span> <span class='ocrx_word' id='word_1_206' title='bbox 1327 2504 1387 2559; x_wconf 85' lang='grc' dir='ltr'>τὸ</span> <span class='ocrx_word' id='word_1_207' title='bbox 1416 2505 1557 2561; x_wconf 91' lang='grc' dir='ltr'>πάνυ</span> <span class='ocrx_word' id='word_1_208' title='bbox 1589 2506 1909 2577; x_wconf 82' lang='grc' dir='ltr'>ὠφελεῖσθαι</span> <span class='ocrx_word' id='word_1_209' title='bbox 1941 2511 2004 2562; x_wconf 84' lang='grc' dir='ltr'>ὲκ</span> 
     </span>
    </p>
   </div>
   <div class='ocr_carea' id='block_1_27' title="bbox 415 2587 2003 2668">
    <p class='ocr_par' dir='ltr' id='par_1_27' title="bbox 415 2587 2003 2668">
     <span class='ocr_line' id='line_1_27' title="bbox 415 2587 2003 2668; baseline 0.006 -26"><span class='ocrx_word' id='word_1_210' title='bbox 415 2587 508 2642; x_wconf 82' lang='grc' dir='ltr'>τοῦ</span> <span class='ocrx_word' id='word_1_211' title='bbox 536 2593 734 2661; x_wconf 85' lang='grc' dir='ltr'>Λόγου,</span> <span class='ocrx_word' id='word_1_212' title='bbox 760 2591 911 2648; x_wconf 75' lang='grc' dir='ltr'>οὐδὲν</span> <span class='ocrx_word' id='word_1_213' title='bbox 937 2588 1097 2666; x_wconf 79' lang='grc' dir='ltr'>ἦττον</span> <span class='ocrx_word' id='word_1_214' title='bbox 1125 2596 1216 2650; x_wconf 75' lang='grc' dir='ltr'>καὶ</span> <span class='ocrx_word' id='word_1_215' title='bbox 1242 2596 1360 2650; x_wconf 86' lang='grc' dir='ltr'>τότε</span> <span class='ocrx_word' id='word_1_216' title='bbox 1380 2595 1576 2650; x_wconf 83' lang='grc' dir='ltr'>διδόναι</span> <span class='ocrx_word' id='word_1_217' title='bbox 1606 2598 1730 2661; x_wconf 83' lang='grc' dir='ltr'>τοὺς</span> <span class='ocrx_word' id='word_1_218' title='bbox 1756 2598 2003 2668; x_wconf 80' lang='grc' dir='ltr'>καρποὺς</span> 
     </span>
    </p>
   </div>
   <div class='ocr_carea' id='block_1_28' title="bbox 416 2683 2002 2755">
    <p class='ocr_par' dir='ltr' id='par_1_28' title="bbox 416 2683 2002 2755">
     <span class='ocr_line' id='line_1_28' title="bbox 416 2683 2002 2755; baseline 0.005 -20"><span class='ocrx_word' id='word_1_219' title='bbox 416 2683 512 2735; x_wconf 74' lang='grc' dir='ltr'><strong>τοῦ</strong></span> <span class='ocrx_word' id='word_1_220' title='bbox 546 2683 874 2755; x_wconf 83' lang='grc' dir='ltr'>πνεύματος.</span> <span class='ocrx_word' id='word_1_221' title='bbox 921 2687 986 2738; x_wconf 87' lang='grc' dir='ltr'><em>Ὃ</em></span> <span class='ocrx_word' id='word_1_222' title='bbox 1017 2685 1074 2738; x_wconf 81' lang='grc' dir='ltr'>δὲ</span> <span class='ocrx_word' id='word_1_223' title='bbox 1101 2685 1262 2755; x_wconf 85' lang='grc' dir='ltr'>λέγω,</span> <span class='ocrx_word' id='word_1_224' title='bbox 1286 2686 1523 2740; x_wconf 79' lang='grc' dir='ltr'>τοιοῦτόν</span> <span class='ocrx_word' id='word_1_225' title='bbox 1553 2689 1699 2742; x_wconf 77' lang='grc' dir='ltr'>ἐστιν</span> <span class='ocrx_word' id='word_1_226' title='bbox 1719 2705 1731 2717; x_wconf 94' lang='grc'><strong>·</strong></span> <span class='ocrx_word' id='word_1_227' title='bbox 1767 2684 1862 2753; x_wconf 70' lang='grc' dir='ltr'>Εἷς</span> <span class='ocrx_word' id='word_1_228' title='bbox 1893 2688 2002 2743; x_wconf 82' lang='grc' dir='ltr'>τῶν</span> 
     </span>
    </p>
   </div>
   <div class='ocr_carea' id='block_1_29' title="bbox 417 2774 2005 2851">
    <p class='ocr_par' dir='ltr' id='par_1_29' title="bbox 417 2774 2005 2851">
     <span class='ocr_line' id='line_1_29' title="bbox 417 2774 2005 2851; baseline 0.004 -24"><span class='ocrx_word' id='word_1_229' title='bbox 417 2774 646 2845; x_wconf 82' lang='grc' dir='ltr'>καρπῶν</span> <span class='ocrx_word' id='word_1_230' title='bbox 679 2775 771 2831; x_wconf 79' lang='grc' dir='ltr'><strong>τοῦ</strong></span> <span class='ocrx_word' id='word_1_231' title='bbox 801 2776 1110 2848; x_wconf 82' lang='grc' dir='ltr'>πνεύματός</span> <span class='ocrx_word' id='word_1_232' title='bbox 1137 2778 1283 2831; x_wconf 71' lang='grc' dir='ltr'>ἐστιν</span> <span class='ocrx_word' id='word_1_233' title='bbox 1310 2778 1529 2851; x_wconf 73' lang='grc' dir='ltr'>ἀγάπηο</span> <span class='ocrx_word' id='word_1_234' title='bbox 1563 2778 1769 2851; x_wconf 84' lang='grc' dir='ltr'>ταύτης</span> <span class='ocrx_word' id='word_1_235' title='bbox 1796 2780 1854 2834; x_wconf 85' lang='grc' dir='ltr'>δὲ</span> <span class='ocrx_word' id='word_1_236' title='bbox 1883 2798 2005 2835; x_wconf 84' lang='grc' dir='ltr'>και-</span> 
     </span>
    </p>
   </div>
   <div class='ocr_carea' id='block_1_30' title="bbox 420 2863 2001 2943">
    <p class='ocr_par' dir='ltr' id='par_1_30' title="bbox 420 2863 2001 2943">
     <span class='ocr_line' id='line_1_30' title="bbox 420 2863 2001 2943; baseline 0.006 -28"><span class='ocrx_word' id='word_1_237' title='bbox 420 2863 512 2933; x_wconf 80' lang='grc' dir='ltr'>ρὸς</span> <span class='ocrx_word' id='word_1_238' title='bbox 550 2864 669 2935; x_wconf 87' lang='grc' dir='ltr'>μὲν,</span> <span class='ocrx_word' id='word_1_239' title='bbox 714 2867 802 2918; x_wconf 84' lang='grc' dir='ltr'><strong>ὅτε</strong></span> <span class='ocrx_word' id='word_1_240' title='bbox 844 2866 903 2918; x_wconf 83' lang='grc' dir='ltr'>οὒ</span> <span class='ocrx_word' id='word_1_241' title='bbox 939 2866 1175 2939; x_wconf 84' lang='grc' dir='ltr'>χαλεπὸν</span> <span class='ocrx_word' id='word_1_242' title='bbox 1203 2868 1495 2923; x_wconf 82' lang='grc' dir='ltr'>ἀποδοῦναι</span> <span class='ocrx_word' id='word_1_243' title='bbox 1536 2868 1626 2923; x_wconf 83' lang='grc' dir='ltr'>τὸν</span> <span class='ocrx_word' id='word_1_244' title='bbox 1667 2870 1880 2943; x_wconf 85' lang='grc' dir='ltr'>καρπὸν</span> <span class='ocrx_word' id='word_1_245' title='bbox 1906 2870 2001 2926; x_wconf 85' lang='grc' dir='ltr'>τοῦ</span> 
     </span>
    </p>
   </div>
   <div class='ocr_carea' id='block_1_31' title="bbox 416 2953 2002 3033">
    <p class='ocr_par' dir='ltr' id='par_1_31' title="bbox 416 2953 2002 3033">
     <span class='ocr_line' id='line_1_31' title="bbox 416 2953 2002 3033; baseline 0.007 -29"><span class='ocrx_word' id='word_1_246' title='bbox 416 2953 768 3021; x_wconf 80' lang='grc' dir='ltr'>ἀγαπᾶσθαι·</span> <span class='ocrx_word' id='word_1_247' title='bbox 797 2956 892 3010; x_wconf 76' lang='grc' dir='ltr'>καὶ</span> <span class='ocrx_word' id='word_1_248' title='bbox 920 2957 1066 3013; x_wconf 75' lang='grc' dir='ltr'>ἐστιν</span> <span class='ocrx_word' id='word_1_249' title='bbox 1094 2959 1313 3032; x_wconf 80' lang='grc' dir='ltr'>ἀγαπᾷν</span> <span class='ocrx_word' id='word_1_250' title='bbox 1343 2959 1435 3013; x_wconf 85' lang='grc' dir='ltr'>τὸν</span> <span class='ocrx_word' id='word_1_251' title='bbox 1467 2959 1765 3029; x_wconf 80' lang='grc' dir='ltr'>ἀγαπῶντα</span> <span class='ocrx_word' id='word_1_252' title='bbox 1789 2961 2002 3033; x_wconf 78' lang='grc' dir='ltr'>καρπὸς</span> 
     </span>
    </p>
   </div>
   <div class='ocr_carea' id='block_1_32' title="bbox 420 3043 2004 3124">
    <p class='ocr_par' dir='ltr' id='par_1_32' title="bbox 420 3043 2004 3124">
     <span class='ocr_line' id='line_1_32' title="bbox 420 3043 2004 3124; baseline 0.007 -29"><span class='ocrx_word' id='word_1_253' title='bbox 420 3043 521 3115; x_wconf 77' lang='grc' dir='ltr'>μὲν</span> <span class='ocrx_word' id='word_1_254' title='bbox 570 3044 664 3098; x_wconf 78' lang='grc' dir='ltr'><strong>τοῦ</strong></span> <span class='ocrx_word' id='word_1_255' title='bbox 700 3047 1030 3118; x_wconf 89' lang='grc' dir='ltr'>πνεύματος,</span> <span class='ocrx_word' id='word_1_256' title='bbox 1082 3050 1142 3102; x_wconf 84' lang='grc' dir='ltr'>οὐ</span> <span class='ocrx_word' id='word_1_257' title='bbox 1196 3051 1302 3123; x_wconf 78' lang='grc' dir='ltr'>μὴν</span> <span class='ocrx_word' id='word_1_258' title='bbox 1345 3052 1402 3105; x_wconf 84' lang='grc' dir='ltr'>ὲν</span> <span class='ocrx_word' id='word_1_259' title='bbox 1431 3052 1694 3124; x_wconf 80' lang='grc' dir='ltr'>ούκαιρῷ,</span> <span class='ocrx_word' id='word_1_260' title='bbox 1736 3052 1801 3106; x_wconf 80' lang='grc' dir='ltr'><strong>ἶν’</strong></span> <span class='ocrx_word' id='word_1_261' title='bbox 1834 3052 2004 3117; x_wconf 77' lang='grc' dir='ltr'>οὕτως</span> 
     </span>
    </p>
   </div>
   <div class='ocr_carea' id='block_1_33' title="bbox 2105 579 3683 666">
    <p class='ocr_par' dir='ltr' id='par_1_33' title="bbox 2105 579 3683 666">
     <span class='ocr_line' id='line_1_33' title="bbox 2105 579 3683 666; baseline -0.009 -21"><span class='ocrx_word' id='word_1_262' title='bbox 2105 593 2289 666; x_wconf 59' lang='grc' dir='ltr'><strong>εἰσινο⁴</strong></span> <span class='ocrx_word' id='word_1_263' title='bbox 2322 590 2798 659; x_wconf 86' lang='lat' dir='ltr'><strong>obtemperantes,</strong></span> <span class='ocrx_word' id='word_1_264' title='bbox 2846 600 3021 656; x_wconf 90' lang='lat' dir='ltr'><strong>neque</strong></span> <span class='ocrx_word' id='word_1_265' title='bbox 3065 582 3364 653; x_wconf 83' lang='lat' dir='ltr'><strong>quidquam</strong></span> <span class='ocrx_word' id='word_1_266' title='bbox 3408 579 3514 634; x_wconf 89' lang='lat' dir='ltr'><strong>msi</strong></span> <span class='ocrx_word' id='word_1_267' title='bbox 3565 593 3683 633; x_wconf 86' lang='lat' dir='ltr'><strong>ma-</strong></span> 
     </span>
    </p>
   </div>
   <div class='ocr_carea' id='block_1_34' title="bbox 2104 666 3681 752">
    <p class='ocr_par' dir='ltr' id='par_1_34' title="bbox 2104 666 3681 752">
     <span class='ocr_line' id='line_1_34' title="bbox 2104 666 3681 752; baseline -0.007 -18"><span class='ocrx_word' id='word_1_268' title='bbox 2104 696 2269 752; x_wconf 83' lang='lat' dir='ltr'><strong>gnum</strong></span> <span class='ocrx_word' id='word_1_269' title='bbox 2305 688 2360 733; x_wconf 89' lang='lat' dir='ltr'><strong>ct</strong></span> <span class='ocrx_word' id='word_1_270' title='bbox 2401 678 2623 734; x_wconf 76' lang='lat' dir='ltr'><strong>cceleste</strong></span> <span class='ocrx_word' id='word_1_271' title='bbox 2667 682 2974 747; x_wconf 87' lang='lat' dir='ltr'><strong>poscentes.</strong></span> <span class='ocrx_word' id='word_1_272' title='bbox 3025 671 3171 726; x_wconf 82' lang='lat' dir='ltr'><strong>Dixit</strong></span> <span class='ocrx_word' id='word_1_273' title='bbox 3218 670 3362 724; x_wconf 89' lang='lat' dir='ltr'><strong>enim</strong></span> <span class='ocrx_word' id='word_1_274' title='bbox 3397 666 3681 737; x_wconf 84' lang='lat' dir='ltr'><strong>discipulis</strong></span> 
     </span>
    </p>
   </div>
   <div class='ocr_carea' id='block_1_35' title="bbox 2105 760 3680 840">
    <p class='ocr_par' dir='ltr' id='par_1_35' title="bbox 2105 760 3680 840">
     <span class='ocr_line' id='line_1_35' title="bbox 2105 760 3680 840; baseline -0.01 -12"><span class='ocrx_word' id='word_1_275' title='bbox 2105 775 2220 828; x_wconf 82' lang='lat' dir='ltr'><strong>suis</strong></span> <span class='ocrx_word' id='word_1_276' title='bbox 2248 770 2471 827; x_wconf 78' lang='lat' dir='ltr'><strong>Jcsus“</strong></span> <span class='ocrx_word' id='word_1_277' title='bbox 2502 787 2515 823; x_wconf 91' lang='lat'><strong>:</strong></span> <span class='ocrx_word' id='word_1_278' title='bbox 2553 789 2571 822; x_wconf 73' lang='grc' dir='ltr'><strong>ι</strong></span> <span class='ocrx_word' id='word_1_279' title='bbox 2603 768 2795 840; x_wconf 82' lang='lat' dir='ltr'><strong>Magna</strong></span> <span class='ocrx_word' id='word_1_280' title='bbox 2818 768 3011 838; x_wconf 86' lang='lat' dir='ltr'><strong>petite,</strong></span> <span class='ocrx_word' id='word_1_281' title='bbox 3040 775 3096 822; x_wconf 89' lang='lat' dir='ltr'><strong>et</strong></span> <span class='ocrx_word' id='word_1_282' title='bbox 3126 779 3292 836; x_wconf 88' lang='lat' dir='ltr'><strong>parva</strong></span> <span class='ocrx_word' id='word_1_283' title='bbox 3336 760 3494 815; x_wconf 86' lang='lat' dir='ltr'><strong>vobis</strong></span> <span class='ocrx_word' id='word_1_284' title='bbox 3523 760 3680 817; x_wconf 74' lang='lat' dir='ltr'><strong>attri-</strong></span> 
     </span>
    </p>
   </div>
   <div class='ocr_carea' id='block_1_36' title="bbox 2103 853 3682 932">
    <p class='ocr_par' dir='ltr' id='par_1_36' title="bbox 2103 853 3682 932">
     <span class='ocr_line' id='line_1_36' title="bbox 2103 853 3682 932; baseline -0.008 -12"><span class='ocrx_word' id='word_1_285' title='bbox 2103 867 2371 930; x_wconf 90' lang='lat' dir='ltr'><strong>buentur;</strong></span> <span class='ocrx_word' id='word_1_286' title='bbox 2421 871 2476 920; x_wconf 89' lang='lat' dir='ltr'><strong>et</strong></span> <span class='ocrx_word' id='word_1_287' title='bbox 2513 862 2754 919; x_wconf 73' lang='lat' dir='ltr'><strong>cmlestia</strong></span> <span class='ocrx_word' id='word_1_288' title='bbox 2797 859 2995 932; x_wconf 88' lang='lat' dir='ltr'><strong>petite,</strong></span> <span class='ocrx_word' id='word_1_289' title='bbox 3026 866 3082 913; x_wconf 90' lang='lat' dir='ltr'><strong>et</strong></span> <span class='ocrx_word' id='word_1_290' title='bbox 3114 867 3329 914; x_wconf 87' lang='lat' dir='ltr'><strong>terrena</strong></span> <span class='ocrx_word' id='word_1_291' title='bbox 3361 853 3516 910; x_wconf 82' lang='lat' dir='ltr'><strong>vobis</strong></span> <span class='ocrx_word' id='word_1_292' title='bbox 3547 853 3682 923; x_wconf 83' lang='lat' dir='ltr'><strong>adji-</strong></span> 
     </span>
    </p>
   </div>
   <div class='ocr_carea' id='block_1_37' title="bbox 2104 955 2398 1012">
    <p class='ocr_par' dir='ltr' id='par_1_37' title="bbox 2104 955 2398 1012">
     <span class='ocr_line' id='line_1_37' title="bbox 2104 955 2398 1012; baseline -0.017 0"><span class='ocrx_word' id='word_1_293' title='bbox 2104 955 2336 1012; x_wconf 84' lang='lat' dir='ltr'><strong>cientur.</strong></span> <span class='ocrx_word' id='word_1_294' title='bbox 2376 973 2398 1006; x_wconf 74' lang='grc' dir='ltr'><strong>ι</strong></span> 
     </span>
    </p>
   </div>
   <div class='ocr_carea' id='block_1_38' title="bbox 2172 1035 3683 1104">
    <p class='ocr_par' dir='ltr' id='par_1_38' title="bbox 2172 1035 3683 1104">
     <span class='ocr_line' id='line_1_38' title="bbox 2172 1035 3683 1104; baseline -0.008 -3"><span class='ocrx_word' id='word_1_295' title='bbox 2172 1047 2262 1101; x_wconf 76' lang='grc'><strong>29.</strong></span> <span class='ocrx_word' id='word_1_296' title='bbox 2303 1047 2373 1101; x_wconf 83' lang='lat' dir='ltr'><strong>At</strong></span> <span class='ocrx_word' id='word_1_297' title='bbox 2415 1045 2631 1101; x_wconf 83' lang='lat' dir='ltr'><strong>Marcus</strong></span> <span class='ocrx_word' id='word_1_298' title='bbox 2668 1044 2810 1099; x_wconf 91' lang='lat' dir='ltr'><strong>hanc</strong></span> <span class='ocrx_word' id='word_1_299' title='bbox 2838 1040 3191 1098; x_wconf 88' lang='lat' dir='ltr'><strong>conscribens</strong></span> <span class='ocrx_word' id='word_1_300' title='bbox 3218 1035 3507 1092; x_wconf 80' lang='lat' dir='ltr'><strong>historiam</strong></span> <span class='ocrx_word' id='word_1_301' title='bbox 3529 1079 3544 1104; x_wconf 92' lang='lat'><strong>,</strong></span> <span class='ocrx_word' id='word_1_302' title='bbox 3571 1035 3683 1090; x_wconf 88' lang='lat' dir='ltr'><strong>dis-</strong></span> 
     </span>
    </p>
   </div>
   <div class='ocr_carea' id='block_1_39' title="bbox 2105 1128 3682 1208">
    <p class='ocr_par' dir='ltr' id='par_1_39' title="bbox 2105 1128 3682 1208">
     <span class='ocr_line' id='line_1_39' title="bbox 2105 1128 3682 1208; baseline -0.006 -15"><span class='ocrx_word' id='word_1_303' title='bbox 2105 1149 2423 1205; x_wconf 85' lang='lat' dir='ltr'><strong>sentaneum</strong></span> <span class='ocrx_word' id='word_1_304' title='bbox 2494 1138 2735 1208; x_wconf 87' lang='lat' dir='ltr'><strong>aliquid,</strong></span> <span class='ocrx_word' id='word_1_305' title='bbox 2802 1135 3134 1204; x_wconf 82' lang='lat' dir='ltr'><strong>minimeque</strong></span> <span class='ocrx_word' id='word_1_306' title='bbox 3191 1128 3489 1185; x_wconf 82' lang='lat' dir='ltr'><strong>verisimile</strong></span> <span class='ocrx_word' id='word_1_307' title='bbox 3548 1144 3682 1184; x_wconf 77' lang='lat' dir='ltr'><strong>con-</strong></span> 
     </span>
    </p>
   </div>
   <div class='ocr_carea' id='block_1_40' title="bbox 2104 1221 3685 1295">
    <p class='ocr_par' dir='ltr' id='par_1_40' title="bbox 2104 1221 3685 1295">
     <span class='ocr_line' id='line_1_40' title="bbox 2104 1221 3685 1295; baseline -0.006 -11"><span class='ocrx_word' id='word_1_308' title='bbox 2104 1229 2273 1286; x_wconf 85' lang='lat' dir='ltr'><strong>textui</strong></span> <span class='ocrx_word' id='word_1_309' title='bbox 2307 1230 2522 1286; x_wconf 89' lang='lat' dir='ltr'><strong>videtur</strong></span> <span class='ocrx_word' id='word_1_310' title='bbox 2545 1229 2845 1295; x_wconf 87' lang='lat' dir='ltr'><strong>addidisse,</strong></span> <span class='ocrx_word' id='word_1_311' title='bbox 2898 1227 3087 1283; x_wconf 84' lang='lat' dir='ltr'><strong>dicens</strong></span> <span class='ocrx_word' id='word_1_312' title='bbox 3114 1223 3366 1280; x_wconf 78' lang='lat' dir='ltr'><strong>Jesum&quot;</strong></span> <span class='ocrx_word' id='word_1_313' title='bbox 3391 1241 3410 1275; x_wconf 74' lang='grc' dir='ltr'><strong>ι</strong></span> <span class='ocrx_word' id='word_1_314' title='bbox 3443 1237 3566 1278; x_wconf 90' lang='lat' dir='ltr'><strong>cum</strong></span> <span class='ocrx_word' id='word_1_315' title='bbox 3606 1221 3685 1275; x_wconf 88' lang='lat' dir='ltr'><strong>vi-</strong></span> 
     </span>
    </p>
   </div>
   <div class='ocr_carea' id='block_1_41' title="bbox 2104 1313 3683 1391">
    <p class='ocr_par' dir='ltr' id='par_1_41' title="bbox 2104 1313 3683 1391">
     <span class='ocr_line' id='line_1_41' title="bbox 2104 1313 3683 1391; baseline -0.008 -13"><span class='ocrx_word' id='word_1_316' title='bbox 2104 1321 2273 1378; x_wconf 90' lang='lat' dir='ltr'><strong>disset</strong></span> <span class='ocrx_word' id='word_1_317' title='bbox 2302 1337 2333 1379; x_wconf 88' lang='lat' dir='ltr'><strong>a</strong></span> <span class='ocrx_word' id='word_1_318' title='bbox 2367 1320 2528 1391; x_wconf 89' lang='lat' dir='ltr'><strong>longe</strong></span> <span class='ocrx_word' id='word_1_319' title='bbox 2562 1319 2724 1377; x_wconf 88' lang='lat' dir='ltr'><strong>ﬁcum</strong></span> <span class='ocrx_word' id='word_1_320' title='bbox 2761 1318 3050 1375; x_wconf 82' lang='lat' dir='ltr'><strong>habentem</strong></span> <span class='ocrx_word' id='word_1_321' title='bbox 3082 1315 3213 1371; x_wconf 80' lang='lat' dir='ltr'><strong>folia</strong></span> <span class='ocrx_word' id='word_1_322' title='bbox 3235 1357 3251 1383; x_wconf 92' lang='lat'><strong>,</strong></span> <span class='ocrx_word' id='word_1_323' title='bbox 3278 1314 3495 1371; x_wconf 84' lang='lat' dir='ltr'><strong>venisse</strong></span> <span class='ocrx_word' id='word_1_324' title='bbox 3525 1313 3683 1384; x_wconf 87' lang='lat' dir='ltr'><strong>quasi</strong></span> 
     </span>
    </p>
   </div>
   <div class='ocr_carea' id='block_1_42' title="bbox 2105 1403 3684 1482">
    <p class='ocr_par' dir='ltr' id='par_1_42' title="bbox 2105 1403 3684 1482">
     <span class='ocr_line' id='line_1_42' title="bbox 2105 1403 3684 1482; baseline -0.005 -16"><span class='ocrx_word' id='word_1_325' title='bbox 2105 1412 2309 1482; x_wconf 88' lang='lat' dir='ltr'><strong>aliquid</strong></span> <span class='ocrx_word' id='word_1_326' title='bbox 2344 1412 2397 1466; x_wconf 91' lang='lat' dir='ltr'><strong>in</strong></span> <span class='ocrx_word' id='word_1_327' title='bbox 2436 1426 2501 1468; x_wconf 91' lang='lat' dir='ltr'><strong>ea</strong></span> <span class='ocrx_word' id='word_1_328' title='bbox 2544 1411 2893 1469; x_wconf 90' lang='lat' dir='ltr'><strong>inventurum</strong></span> <span class='ocrx_word' id='word_1_329' title='bbox 2924 1427 2938 1464; x_wconf 89' lang='lat'><strong>:</strong></span> <span class='ocrx_word' id='word_1_330' title='bbox 2973 1424 3096 1464; x_wconf 91' lang='lat' dir='ltr'><strong>cum</strong></span> <span class='ocrx_word' id='word_1_331' title='bbox 3132 1408 3370 1463; x_wconf 85' lang='lat' dir='ltr'><strong>venisset</strong></span> <span class='ocrx_word' id='word_1_332' title='bbox 3399 1413 3582 1459; x_wconf 82' lang='lat' dir='ltr'><strong>autem</strong></span> <span class='ocrx_word' id='word_1_333' title='bbox 3616 1403 3684 1459; x_wconf 88' lang='lat' dir='ltr'><strong>ad</strong></span> 
     </span>
    </p>
   </div>
   <div class='ocr_carea' id='block_1_43' title="bbox 2103 1496 3683 1575">
    <p class='ocr_par' dir='ltr' id='par_1_43' title="bbox 2103 1496 3683 1575">
     <span class='ocr_line' id='line_1_43' title="bbox 2103 1496 3683 1575; baseline -0.004 -19"><span class='ocrx_word' id='word_1_334' title='bbox 2103 1518 2260 1564; x_wconf 87' lang='lat' dir='ltr'><strong>eam,</strong></span> <span class='ocrx_word' id='word_1_335' title='bbox 2310 1510 2365 1556; x_wconf 87' lang='lat' dir='ltr'><strong>et</strong></span> <span class='ocrx_word' id='word_1_336' title='bbox 2405 1501 2539 1555; x_wconf 89' lang='lat' dir='ltr'><strong>nihil</strong></span> <span class='ocrx_word' id='word_1_337' title='bbox 2574 1501 2871 1557; x_wconf 76' lang='lat' dir='ltr'><strong>invenisset</strong></span> <span class='ocrx_word' id='word_1_338' title='bbox 2911 1508 3107 1575; x_wconf 65' lang='lat' dir='ltr'><strong>praeter</strong></span> <span class='ocrx_word' id='word_1_339' title='bbox 3151 1497 3311 1569; x_wconf 77' lang='lat'><strong>763</strong></span> <span class='ocrx_word' id='word_1_340' title='bbox 3348 1496 3515 1561; x_wconf 79' lang='lat' dir='ltr'><strong>folia;</strong></span> <span class='ocrx_word' id='word_1_341' title='bbox 3573 1512 3683 1552; x_wconf 90' lang='lat' dir='ltr'><strong>non</strong></span> 
     </span>
    </p>
   </div>
   <div class='ocr_carea' id='block_1_44' title="bbox 2103 1588 3685 1663">
    <p class='ocr_par' dir='ltr' id='par_1_44' title="bbox 2103 1588 3685 1663">
     <span class='ocr_line' id='line_1_44' title="bbox 2103 1588 3685 1663; baseline -0.004 -15"><span class='ocrx_word' id='word_1_342' title='bbox 2103 1594 2249 1648; x_wconf 89' lang='lat' dir='ltr'><strong>enim</strong></span> <span class='ocrx_word' id='word_1_343' title='bbox 2279 1592 2449 1648; x_wconf 79' lang='lat' dir='ltr'><strong>fuisse</strong></span> <span class='ocrx_word' id='word_1_344' title='bbox 2477 1601 2690 1663; x_wconf 85' lang='lat' dir='ltr'><strong>tempus</strong></span> <span class='ocrx_word' id='word_1_345' title='bbox 2722 1590 2950 1649; x_wconf 91' lang='lat' dir='ltr'><strong>ﬁcorum</strong></span> <span class='ocrx_word' id='word_1_346' title='bbox 2981 1631 2997 1657; x_wconf 92' lang='lat'><strong>,</strong></span> <span class='ocrx_word' id='word_1_347' title='bbox 3025 1590 3445 1659; x_wconf 89' lang='lat' dir='ltr'><strong>respondentem</strong></span> <span class='ocrx_word' id='word_1_348' title='bbox 3479 1588 3685 1643; x_wconf 82' lang='lat' dir='ltr'><strong>dixisse</strong></span> 
     </span>
    </p>
   </div>
   <div class='ocr_carea' id='block_1_45' title="bbox 2103 1675 3684 1752">
    <p class='ocr_par' dir='ltr' id='par_1_45' title="bbox 2103 1675 3684 1752">
     <span class='ocr_line' id='line_1_45' title="bbox 2103 1675 3684 1752; baseline -0.006 -13"><span class='ocrx_word' id='word_1_349' title='bbox 2103 1682 2191 1739; x_wconf 90' lang='lat' dir='ltr'><strong>ei:</strong></span> <span class='ocrx_word' id='word_1_350' title='bbox 2222 1682 2340 1737; x_wconf 83' lang='lat' dir='ltr'><strong>Jam</strong></span> <span class='ocrx_word' id='word_1_351' title='bbox 2391 1697 2500 1738; x_wconf 93' lang='lat' dir='ltr'><strong>non</strong></span> <span class='ocrx_word' id='word_1_352' title='bbox 2544 1681 2777 1752; x_wconf 90' lang='lat' dir='ltr'><strong>amplius</strong></span> <span class='ocrx_word' id='word_1_353' title='bbox 2824 1680 2878 1734; x_wconf 93' lang='lat' dir='ltr'><strong>in</strong></span> <span class='ocrx_word' id='word_1_354' title='bbox 2924 1688 3188 1735; x_wconf 69' lang='lat' dir='ltr'><strong>aeternum</strong></span> <span class='ocrx_word' id='word_1_355' title='bbox 3237 1692 3304 1733; x_wconf 82' lang='lat' dir='ltr'><strong>ex</strong></span> <span class='ocrx_word' id='word_1_356' title='bbox 3348 1687 3401 1733; x_wconf 90' lang='lat' dir='ltr'><strong>te</strong></span> <span class='ocrx_word' id='word_1_357' title='bbox 3446 1675 3684 1732; x_wconf 82' lang='lat' dir='ltr'><strong>fructum</strong></span> 
     </span>
    </p>
   </div>
   <div class='ocr_carea' id='block_1_46' title="bbox 2106 1767 3685 1846">
    <p class='ocr_par' dir='ltr' id='par_1_46' title="bbox 2106 1767 3685 1846">
     <span class='ocr_line' id='line_1_46' title="bbox 2106 1767 3685 1846; baseline -0.004 -18"><span class='ocrx_word' id='word_1_358' title='bbox 2106 1774 2394 1846; x_wconf 85' lang='lat' dir='ltr'><strong>quisquam</strong></span> <span class='ocrx_word' id='word_1_359' title='bbox 2430 1771 2740 1828; x_wconf 86' lang='lat' dir='ltr'><strong>manducet.</strong></span> <span class='ocrx_word' id='word_1_360' title='bbox 2776 1792 2794 1824; x_wconf 70' lang='grc' dir='ltr'><strong>ι</strong></span> <span class='ocrx_word' id='word_1_361' title='bbox 2826 1769 2960 1829; x_wconf 86' lang='lat' dir='ltr'><strong>Nam</strong></span> <span class='ocrx_word' id='word_1_362' title='bbox 2993 1769 3039 1825; x_wconf 89' lang='lat' dir='ltr'><strong>si</strong></span> <span class='ocrx_word' id='word_1_363' title='bbox 3068 1768 3320 1834; x_wconf 88' lang='lat' dir='ltr'><strong>ﬁcorum,</strong></span> <span class='ocrx_word' id='word_1_364' title='bbox 3348 1768 3556 1839; x_wconf 89' lang='lat' dir='ltr'><strong>inquiet</strong></span> <span class='ocrx_word' id='word_1_365' title='bbox 3582 1767 3685 1821; x_wconf 87' lang='lat' dir='ltr'><strong>ali-</strong></span> 
     </span>
    </p>
   </div>
   <div class='ocr_carea' id='block_1_47' title="bbox 2104 1859 3686 1936">
    <p class='ocr_par' dir='ltr' id='par_1_47' title="bbox 2104 1859 3686 1936">
     <span class='ocr_line' id='line_1_47' title="bbox 2104 1859 3686 1936; baseline -0.003 -16"><span class='ocrx_word' id='word_1_366' title='bbox 2104 1866 2263 1936; x_wconf 86' lang='lat' dir='ltr'><strong>quis,</strong></span> <span class='ocrx_word' id='word_1_367' title='bbox 2308 1877 2522 1935; x_wconf 81' lang='lat' dir='ltr'><strong>tempus</strong></span> <span class='ocrx_word' id='word_1_368' title='bbox 2558 1878 2667 1918; x_wconf 92' lang='lat' dir='ltr'><strong>non</strong></span> <span class='ocrx_word' id='word_1_369' title='bbox 2699 1872 2815 1918; x_wconf 89' lang='lat' dir='ltr'><strong>erat</strong></span> <span class='ocrx_word' id='word_1_370' title='bbox 2841 1902 2855 1927; x_wconf 93' lang='lat'><strong>,</strong></span> <span class='ocrx_word' id='word_1_371' title='bbox 2884 1860 3159 1932; x_wconf 87' lang='lat' dir='ltr'><strong>quomodo</strong></span> <span class='ocrx_word' id='word_1_372' title='bbox 3186 1861 3253 1917; x_wconf 90' lang='lat' dir='ltr'><strong>ad</strong></span> <span class='ocrx_word' id='word_1_373' title='bbox 3292 1859 3456 1915; x_wconf 88' lang='lat' dir='ltr'><strong>ﬁcum</strong></span> <span class='ocrx_word' id='word_1_374' title='bbox 3477 1901 3492 1926; x_wconf 92' lang='lat'><strong>,</strong></span> <span class='ocrx_word' id='word_1_375' title='bbox 3527 1860 3686 1930; x_wconf 83' lang='lat' dir='ltr'><strong>quasi</strong></span> 
     </span>
    </p>
   </div>
   <div class='ocr_carea' id='block_1_48' title="bbox 2104 1952 3687 2028">
    <p class='ocr_par' dir='ltr' id='par_1_48' title="bbox 2104 1952 3687 2028">
     <span class='ocr_line' id='line_1_48' title="bbox 2104 1952 3687 2028; baseline -0.004 -15"><span class='ocrx_word' id='word_1_376' title='bbox 2104 1957 2308 2028; x_wconf 90' lang='lat' dir='ltr'><strong>aliquid</strong></span> <span class='ocrx_word' id='word_1_377' title='bbox 2337 1957 2391 2011; x_wconf 91' lang='lat' dir='ltr'><strong>in</strong></span> <span class='ocrx_word' id='word_1_378' title='bbox 2416 1972 2476 2012; x_wconf 90' lang='lat' dir='ltr'><strong>ea</strong></span> <span class='ocrx_word' id='word_1_379' title='bbox 2496 1956 2843 2019; x_wconf 88' lang='lat' dir='ltr'><strong>inventurus,</strong></span> <span class='ocrx_word' id='word_1_380' title='bbox 2866 1952 3026 2008; x_wconf 77' lang='lat' dir='ltr'><strong>Jesus</strong></span> <span class='ocrx_word' id='word_1_381' title='bbox 3048 1952 3318 2009; x_wconf 77' lang='lat' dir='ltr'><strong>accessit?</strong></span> <span class='ocrx_word' id='word_1_382' title='bbox 3336 1959 3391 2006; x_wconf 88' lang='lat' dir='ltr'><strong>et</strong></span> <span class='ocrx_word' id='word_1_383' title='bbox 3411 1952 3687 2022; x_wconf 84' lang='lat' dir='ltr'><strong>quomodo</strong></span> 
     </span>
    </p>
   </div>
   <div class='ocr_carea' id='block_1_49' title="bbox 2103 2047 3687 2121">
    <p class='ocr_par' dir='ltr' id='par_1_49' title="bbox 2103 2047 3687 2121">
     <span class='ocr_line' id='line_1_49' title="bbox 2103 2047 3687 2121; baseline -0.003 -14"><span class='ocrx_word' id='word_1_384' title='bbox 2103 2051 2150 2107; x_wconf 90' lang='lat' dir='ltr'><strong>ei</strong></span> <span class='ocrx_word' id='word_1_385' title='bbox 2175 2050 2300 2121; x_wconf 83' lang='lat' dir='ltr'><strong>jure</strong></span> <span class='ocrx_word' id='word_1_386' title='bbox 2327 2050 2506 2109; x_wconf 78' lang='lat' dir='ltr'><strong>dixit:</strong></span> <span class='ocrx_word' id='word_1_387' title='bbox 2546 2067 2564 2102; x_wconf 74' lang='grc' dir='ltr'><strong>ι</strong></span> <span class='ocrx_word' id='word_1_388' title='bbox 2592 2047 2712 2104; x_wconf 82' lang='lat' dir='ltr'><strong>Jam</strong></span> <span class='ocrx_word' id='word_1_389' title='bbox 2738 2063 2847 2103; x_wconf 91' lang='lat' dir='ltr'><strong>non</strong></span> <span class='ocrx_word' id='word_1_390' title='bbox 2885 2048 3119 2121; x_wconf 84' lang='lat' dir='ltr'><strong>amplius</strong></span> <span class='ocrx_word' id='word_1_391' title='bbox 3146 2048 3201 2101; x_wconf 91' lang='lat' dir='ltr'><strong>in</strong></span> <span class='ocrx_word' id='word_1_392' title='bbox 3232 2055 3496 2102; x_wconf 70' lang='lat' dir='ltr'><strong>aeternum</strong></span> <span class='ocrx_word' id='word_1_393' title='bbox 3535 2061 3602 2100; x_wconf 81' lang='lat' dir='ltr'><strong>ex</strong></span> <span class='ocrx_word' id='word_1_394' title='bbox 3636 2055 3687 2102; x_wconf 88' lang='lat' dir='ltr'><strong>te</strong></span> 
     </span>
    </p>
   </div>
   <div class='ocr_carea' id='block_1_50' title="bbox 2104 2137 3688 2214">
    <p class='ocr_par' dir='ltr' id='par_1_50' title="bbox 2104 2137 3688 2214">
     <span class='ocr_line' id='line_1_50' title="bbox 2104 2137 3688 2214; baseline -0.004 -14"><span class='ocrx_word' id='word_1_395' title='bbox 2104 2143 2342 2200; x_wconf 79' lang='lat' dir='ltr'><strong>fructum</strong></span> <span class='ocrx_word' id='word_1_396' title='bbox 2379 2143 2671 2214; x_wconf 88' lang='lat' dir='ltr'><strong>quisquam</strong></span> <span class='ocrx_word' id='word_1_397' title='bbox 2716 2140 3048 2196; x_wconf 85' lang='lat' dir='ltr'><strong>manducet?</strong></span> <span class='ocrx_word' id='word_1_398' title='bbox 3076 2158 3094 2191; x_wconf 71' lang='grc' dir='ltr'><strong>ι</strong></span> <span class='ocrx_word' id='word_1_399' title='bbox 3145 2139 3225 2193; x_wconf 86' lang='lat' dir='ltr'><strong>Ad</strong></span> <span class='ocrx_word' id='word_1_400' title='bbox 3270 2139 3323 2192; x_wconf 90' lang='lat' dir='ltr'><strong>id</strong></span> <span class='ocrx_word' id='word_1_401' title='bbox 3364 2137 3469 2193; x_wconf 90' lang='lat' dir='ltr'><strong>dici</strong></span> <span class='ocrx_word' id='word_1_402' title='bbox 3509 2146 3688 2208; x_wconf 85' lang='lat' dir='ltr'><strong>potest</strong></span> 
     </span>
    </p>
   </div>
   <div class='ocr_carea' id='block_1_51' title="bbox 2103 2230 3684 2305">
    <p class='ocr_par' dir='ltr' id='par_1_51' title="bbox 2103 2230 3684 2305">
     <span class='ocr_line' id='line_1_51' title="bbox 2103 2230 3684 2305; baseline -0.006 -12"><span class='ocrx_word' id='word_1_403' title='bbox 2103 2245 2457 2293; x_wconf 86' lang='lat' dir='ltr'><strong>enumeratos</strong></span> <span class='ocrx_word' id='word_1_404' title='bbox 2509 2235 2654 2305; x_wconf 89' lang='lat' dir='ltr'><strong>apud</strong></span> <span class='ocrx_word' id='word_1_405' title='bbox 2705 2231 3095 2304; x_wconf 76' lang='lat' dir='ltr'><strong>Apostolum&quot;</strong></span> <span class='ocrx_word' id='word_1_406' title='bbox 3161 2230 3373 2287; x_wconf 79' lang='lat' dir='ltr'><strong>fruetus</strong></span> <span class='ocrx_word' id='word_1_407' title='bbox 3422 2230 3684 2300; x_wconf 82' lang='lat' dir='ltr'><strong>spiritus,</strong></span> 
     </span>
    </p>
   </div>
   <div class='ocr_carea' id='block_1_52' title="bbox 2103 2317 3688 2393">
    <p class='ocr_par' dir='ltr' id='par_1_52' title="bbox 2103 2317 3688 2393">
     <span class='ocr_line' id='line_1_52' title="bbox 2103 2317 3688 2393; baseline -0.003 -14"><span class='ocrx_word' id='word_1_408' title='bbox 2103 2323 2423 2380; x_wconf 86' lang='lat' dir='ltr'><strong>charitatem</strong></span> <span class='ocrx_word' id='word_1_409' title='bbox 2468 2337 2683 2393; x_wconf 88' lang='lat' dir='ltr'><strong>nempe,</strong></span> <span class='ocrx_word' id='word_1_410' title='bbox 2711 2322 2990 2392; x_wconf 78' lang='lat' dir='ltr'><strong>gaudium,</strong></span> <span class='ocrx_word' id='word_1_411' title='bbox 3021 2336 3231 2391; x_wconf 90' lang='lat' dir='ltr'><strong>pacem,</strong></span> <span class='ocrx_word' id='word_1_412' title='bbox 3263 2320 3563 2387; x_wconf 79' lang='lat' dir='ltr'><strong>lenitatem,</strong></span> <span class='ocrx_word' id='word_1_413' title='bbox 3593 2317 3688 2374; x_wconf 83' lang='lat' dir='ltr'><strong>be—</strong></span> 
     </span>
    </p>
   </div>
   <div class='ocr_carea' id='block_1_53' title="bbox 2104 2412 3687 2487">
    <p class='ocr_par' dir='ltr' id='par_1_53' title="bbox 2104 2412 3687 2487">
     <span class='ocr_line' id='line_1_53' title="bbox 2104 2412 3687 2487; baseline -0.004 -15"><span class='ocrx_word' id='word_1_414' title='bbox 2104 2416 2461 2487; x_wconf 87' lang='lat' dir='ltr'><strong>nignitatem,</strong></span> <span class='ocrx_word' id='word_1_415' title='bbox 2524 2415 2854 2483; x_wconf 86' lang='lat' dir='ltr'><strong>bonitatem,</strong></span> <span class='ocrx_word' id='word_1_416' title='bbox 2912 2414 3109 2480; x_wconf 87' lang='lat' dir='ltr'><strong>ﬁdem,</strong></span> <span class='ocrx_word' id='word_1_417' title='bbox 3172 2412 3687 2480; x_wconf 81' lang='lat' dir='ltr'><strong>mansuetudinem,</strong></span> 
     </span>
    </p>
   </div>
   <div class='ocr_carea' id='block_1_54' title="bbox 2106 2506 3688 2578">
    <p class='ocr_par' dir='ltr' id='par_1_54' title="bbox 2106 2506 3688 2578">
     <span class='ocr_line' id='line_1_54' title="bbox 2106 2506 3688 2578; baseline -0.001 -17"><span class='ocrx_word' id='word_1_418' title='bbox 2106 2506 2521 2578; x_wconf 84' lang='lat' dir='ltr'><strong>temperantiam</strong></span> <span class='ocrx_word' id='word_1_419' title='bbox 2576 2521 2973 2577; x_wconf 87' lang='lat' dir='ltr'><strong>nonnunquam</strong></span> <span class='ocrx_word' id='word_1_420' title='bbox 3023 2506 3245 2577; x_wconf 82' lang='lat' dir='ltr'><strong>proprio</strong></span> <span class='ocrx_word' id='word_1_421' title='bbox 3294 2520 3397 2561; x_wconf 89' lang='lat' dir='ltr'><strong>suo</strong></span> <span class='ocrx_word' id='word_1_422' title='bbox 3446 2514 3688 2574; x_wconf 81' lang='lat' dir='ltr'><strong>tempore</strong></span> 
     </span>
    </p>
   </div>
   <div class='ocr_carea' id='block_1_55' title="bbox 2104 2595 3690 2668">
    <p class='ocr_par' dir='ltr' id='par_1_55' title="bbox 2104 2595 3690 2668">
     <span class='ocr_line' id='line_1_55' title="bbox 2104 2595 3690 2668; baseline -0.002 -16"><span class='ocrx_word' id='word_1_423' title='bbox 2104 2597 2259 2663; x_wconf 88' lang='lat' dir='ltr'><strong>dari;</strong></span> <span class='ocrx_word' id='word_1_424' title='bbox 2294 2606 2348 2652; x_wconf 89' lang='lat' dir='ltr'><strong>at</strong></span> <span class='ocrx_word' id='word_1_425' title='bbox 2378 2598 2458 2664; x_wconf 89' lang='lat' dir='ltr'><strong>si,</strong></span> <span class='ocrx_word' id='word_1_426' title='bbox 2501 2597 2927 2668; x_wconf 84' lang='lat' dir='ltr'><strong>provocantibus</strong></span> <span class='ocrx_word' id='word_1_427' title='bbox 2961 2598 3086 2653; x_wconf 81' lang='lat' dir='ltr'><strong>licet</strong></span> <span class='ocrx_word' id='word_1_428' title='bbox 3114 2598 3184 2652; x_wconf 87' lang='lat' dir='ltr'><strong>ad</strong></span> <span class='ocrx_word' id='word_1_429' title='bbox 3233 2596 3536 2652; x_wconf 86' lang='lat' dir='ltr'><strong>contrarias</strong></span> <span class='ocrx_word' id='word_1_430' title='bbox 3571 2595 3690 2649; x_wconf 80' lang='lat' dir='ltr'><strong>fru-</strong></span> 
     </span>
    </p>
   </div>
   <div class='ocr_carea' id='block_1_56' title="bbox 2104 2688 3685 2758">
    <p class='ocr_par' dir='ltr' id='par_1_56' title="bbox 2104 2688 3685 2758">
     <span class='ocr_line' id='line_1_56' title="bbox 2104 2688 3685 2758; baseline -0.001 -13"><span class='ocrx_word' id='word_1_431' title='bbox 2104 2698 2293 2745; x_wconf 89' lang='lat' dir='ltr'><strong>ctuum</strong></span> <span class='ocrx_word' id='word_1_432' title='bbox 2319 2688 2604 2745; x_wconf 84' lang='lat' dir='ltr'><strong>emissioni</strong></span> <span class='ocrx_word' id='word_1_433' title='bbox 2627 2703 2713 2745; x_wconf 89' lang='lat' dir='ltr'><strong>res</strong></span> <span class='ocrx_word' id='word_1_434' title='bbox 2733 2689 3222 2745; x_wconf 86' lang='lat' dir='ltr'><strong>circumstantibus</strong></span> <span class='ocrx_word' id='word_1_435' title='bbox 3250 2688 3439 2752; x_wconf 88' lang='lat' dir='ltr'><strong>rebus,</strong></span> <span class='ocrx_word' id='word_1_436' title='bbox 3459 2696 3685 2758; x_wconf 90' lang='lat' dir='ltr'><strong>propter</strong></span> 
     </span>
    </p>
   </div>
   <div class='ocr_carea' id='block_1_57' title="bbox 2105 2777 3688 2851">
    <p class='ocr_par' dir='ltr' id='par_1_57' title="bbox 2105 2777 3688 2851">
     <span class='ocr_line' id='line_1_57' title="bbox 2105 2777 3688 2851; baseline 0 -19"><span class='ocrx_word' id='word_1_437' title='bbox 2105 2779 2243 2837; x_wconf 82' lang='lat' dir='ltr'><strong>latas</strong></span> <span class='ocrx_word' id='word_1_438' title='bbox 2269 2794 2300 2834; x_wconf 82' lang='lat' dir='ltr'><strong>a</strong></span> <span class='ocrx_word' id='word_1_439' title='bbox 2328 2777 2506 2839; x_wconf 84' lang='lat' dir='ltr'><strong>Verbo</strong></span> <span class='ocrx_word' id='word_1_440' title='bbox 2554 2779 2801 2850; x_wconf 82' lang='lat' dir='ltr'><strong>ingentes</strong></span> <span class='ocrx_word' id='word_1_441' title='bbox 2834 2780 3142 2851; x_wconf 84' lang='lat' dir='ltr'><strong>suppetias,</strong></span> <span class='ocrx_word' id='word_1_442' title='bbox 3169 2786 3300 2835; x_wconf 86' lang='lat' dir='ltr'><strong>tunc</strong></span> <span class='ocrx_word' id='word_1_443' title='bbox 3323 2794 3541 2850; x_wconf 91' lang='lat' dir='ltr'><strong>quoque</strong></span> <span class='ocrx_word' id='word_1_444' title='bbox 3571 2777 3688 2832; x_wconf 80' lang='lat' dir='ltr'><strong>fru-</strong></span> 
     </span>
    </p>
   </div>
   <div class='ocr_carea' id='block_1_58' title="bbox 2104 2869 3688 2941">
    <p class='ocr_par' dir='ltr' id='par_1_58' title="bbox 2104 2869 3688 2941">
     <span class='ocr_line' id='line_1_58' title="bbox 2104 2869 3688 2941; baseline -0.001 -17"><span class='ocrx_word' id='word_1_445' title='bbox 2104 2879 2226 2925; x_wconf 87' lang='lat' dir='ltr'><strong>ctus</strong></span> <span class='ocrx_word' id='word_1_446' title='bbox 2249 2869 2475 2940; x_wconf 87' lang='lat' dir='ltr'><strong>spiritus</strong></span> <span class='ocrx_word' id='word_1_447' title='bbox 2519 2870 2653 2926; x_wconf 90' lang='lat' dir='ltr'><strong>dare</strong></span> <span class='ocrx_word' id='word_1_448' title='bbox 2681 2870 2881 2941; x_wconf 85' lang='lat' dir='ltr'><strong>aliquis</strong></span> <span class='ocrx_word' id='word_1_449' title='bbox 2909 2871 3071 2934; x_wconf 89' lang='lat' dir='ltr'><strong>valet,</strong></span> <span class='ocrx_word' id='word_1_450' title='bbox 3100 2869 3233 2925; x_wconf 91' lang='lat' dir='ltr'><strong>illud</strong></span> <span class='ocrx_word' id='word_1_451' title='bbox 3261 2884 3391 2925; x_wconf 88' lang='lat' dir='ltr'><strong>vero</strong></span> <span class='ocrx_word' id='word_1_452' title='bbox 3422 2877 3688 2939; x_wconf 69' lang='lat' dir='ltr'><strong>praestan-</strong></span> 
     </span>
    </p>
   </div>
   <div class='ocr_carea' id='block_1_59' title="bbox 2106 2959 3689 3030">
    <p class='ocr_par' dir='ltr' id='par_1_59' title="bbox 2106 2959 3689 3030">
     <span class='ocr_line' id='line_1_59' title="bbox 2106 2959 3689 3030; baseline -0.001 -12"><span class='ocrx_word' id='word_1_453' title='bbox 2106 2963 2213 3019; x_wconf 89' lang='lat' dir='ltr'><strong>tius</strong></span> <span class='ocrx_word' id='word_1_454' title='bbox 2244 2979 2386 3020; x_wconf 90' lang='lat' dir='ltr'><strong>esse.</strong></span> <span class='ocrx_word' id='word_1_455' title='bbox 2413 2963 2568 3030; x_wconf 84' lang='lat' dir='ltr'><strong>Quod</strong></span> <span class='ocrx_word' id='word_1_456' title='bbox 2602 2972 2782 3019; x_wconf 88' lang='lat' dir='ltr'><strong>autem</strong></span> <span class='ocrx_word' id='word_1_457' title='bbox 2815 2963 2966 3024; x_wconf 85' lang='lat' dir='ltr'><strong>dico.</strong></span> <span class='ocrx_word' id='word_1_458' title='bbox 2992 2961 3098 3018; x_wconf 90' lang='lat' dir='ltr'><strong>tale</strong></span> <span class='ocrx_word' id='word_1_459' title='bbox 3128 2970 3211 3017; x_wconf 92' lang='lat' dir='ltr'><strong>est</strong></span> <span class='ocrx_word' id='word_1_460' title='bbox 3241 2979 3255 3016; x_wconf 90' lang='lat'><strong>:</strong></span> <span class='ocrx_word' id='word_1_461' title='bbox 3298 2961 3441 3016; x_wconf 90' lang='lat' dir='ltr'><strong>inter</strong></span> <span class='ocrx_word' id='word_1_462' title='bbox 3476 2959 3689 3017; x_wconf 82' lang='lat' dir='ltr'><strong>fructus</strong></span> 
     </span>
    </p>
   </div>
   <div class='ocr_carea' id='block_1_60' title="bbox 2107 3054 3684 3125">
    <p class='ocr_par' dir='ltr' id='par_1_60' title="bbox 2107 3054 3684 3125">
     <span class='ocr_line' id='line_1_60' title="bbox 2107 3054 3684 3125; baseline 0.001 -18"><span class='ocrx_word' id='word_1_463' title='bbox 2107 3055 2330 3125; x_wconf 83' lang='lat' dir='ltr'><strong>spiritus</strong></span> <span class='ocrx_word' id='word_1_464' title='bbox 2354 3064 2668 3113; x_wconf 85' lang='lat' dir='ltr'><strong>recensetur</strong></span> <span class='ocrx_word' id='word_1_465' title='bbox 2691 3055 2971 3122; x_wconf 85' lang='lat' dir='ltr'><strong>charitas;</strong></span> <span class='ocrx_word' id='word_1_466' title='bbox 3008 3054 3156 3111; x_wconf 92' lang='lat' dir='ltr'><strong>illius</strong></span> <span class='ocrx_word' id='word_1_467' title='bbox 3186 3063 3300 3108; x_wconf 91' lang='lat' dir='ltr'><strong>tum</strong></span> <span class='ocrx_word' id='word_1_468' title='bbox 3334 3061 3547 3122; x_wconf 86' lang='lat' dir='ltr'><strong>tempus</strong></span> <span class='ocrx_word' id='word_1_469' title='bbox 3576 3062 3684 3120; x_wconf 88' lang='lat' dir='ltr'><strong>est,</strong></span> 
     </span>
    </p>
   </div>
   <div class='ocr_carea' id='block_1_61' title="bbox 413 3134 2002 3225">
    <p class='ocr_par' dir='ltr' id='par_1_61' title="bbox 413 3134 2002 3216">
     <span class='ocr_line' id='line_1_61' title="bbox 413 3134 2002 3216; baseline 0.006 -29"><span class='ocrx_word' id='word_1_470' title='bbox 413 3134 667 3207; x_wconf 81' lang='grc' dir='ltr'>ὀνομάσω</span> <span class='ocrx_word' id='word_1_471' title='bbox 699 3138 826 3209; x_wconf 67' lang='grc'><strong>(49),</strong></span> <span class='ocrx_word' id='word_1_472' title='bbox 862 3139 1061 3196; x_wconf 80' lang='grc' dir='ltr'>σύκων.</span> <span class='ocrx_word' id='word_1_473' title='bbox 1102 3140 1270 3194; x_wconf 85' lang='grc' dir='ltr'>Ἐπάν</span> <span class='ocrx_word' id='word_1_474' title='bbox 1299 3142 1356 3195; x_wconf 85' lang='grc' dir='ltr'>δὲ</span> <span class='ocrx_word' id='word_1_475' title='bbox 1391 3143 1484 3197; x_wconf 73' lang='grc' dir='ltr'><strong>ἐπὶ</strong></span> <span class='ocrx_word' id='word_1_476' title='bbox 1512 3143 1572 3196; x_wconf 83' lang='grc' dir='ltr'>τὸ</span> <span class='ocrx_word' id='word_1_477' title='bbox 1597 3147 1775 3216; x_wconf 81' lang='grc' dir='ltr'>μισεῖν</span> <span class='ocrx_word' id='word_1_478' title='bbox 1802 3161 2002 3214; x_wconf 82' lang='grc' dir='ltr'>προκα-</span> 
     </span>
    </p>
   </div>
   <div class='ocr_carea' id='block_1_62' title="bbox 2101 3134 3683 3225">
    <p class='ocr_par' dir='ltr' id='par_1_62' title="bbox 2105 3144 3683 3217">
     <span class='ocr_line' id='line_1_62' title="bbox 2105 3144 3683 3217; baseline -0.001 -17"><span class='ocrx_word' id='word_1_479' title='bbox 2105 3162 2227 3202; x_wconf 88' lang='lat' dir='ltr'><strong>cum</strong></span> <span class='ocrx_word' id='word_1_480' title='bbox 2266 3147 2523 3203; x_wconf 63' lang='lat' dir='ltr'><strong>amicitia:</strong></span> <span class='ocrx_word' id='word_1_481' title='bbox 2549 3162 2655 3217; x_wconf 88' lang='lat' dir='ltr'><strong>qua</strong></span> <span class='ocrx_word' id='word_1_482' title='bbox 2691 3144 3000 3215; x_wconf 78' lang='lat' dir='ltr'><strong>diligimur,</strong></span> <span class='ocrx_word' id='word_1_483' title='bbox 3026 3144 3264 3201; x_wconf 80' lang='lat' dir='ltr'><strong>fructum</strong></span> <span class='ocrx_word' id='word_1_484' title='bbox 3301 3146 3526 3202; x_wconf 84' lang='lat' dir='ltr'><strong>reddere</strong></span> <span class='ocrx_word' id='word_1_485' title='bbox 3556 3160 3683 3215; x_wconf 83' lang='lat' dir='ltr'><strong>ope-</strong></span> 
     </span>
    </p>
   </div>
   <div class='ocr_carea' id='block_1_63' title="bbox 414 3226 2001 3307">
    <p class='ocr_par' dir='ltr' id='par_1_63' title="bbox 414 3226 2001 3307">
     <span class='ocr_line' id='line_1_63' title="bbox 414 3226 2001 3307; baseline 0.008 -29"><span class='ocrx_word' id='word_1_486' title='bbox 414 3226 568 3299; x_wconf 85' lang='grc' dir='ltr'>λῆταί</span> <span class='ocrx_word' id='word_1_487' title='bbox 596 3244 680 3293; x_wconf 88' lang='grc' dir='ltr'><strong>τις</strong></span> <span class='ocrx_word' id='word_1_488' title='bbox 706 3229 797 3284; x_wconf 85' lang='grc' dir='ltr'><strong>τὸν</strong></span> <span class='ocrx_word' id='word_1_489' title='bbox 828 3231 1169 3299; x_wconf 85' lang='grc' dir='ltr'>πιστεύοντα,</span> <span class='ocrx_word' id='word_1_490' title='bbox 1196 3233 1422 3289; x_wconf 80' lang='grc' dir='ltr'>τοιαῦτα</span> <span class='ocrx_word' id='word_1_491' title='bbox 1459 3235 1734 3307; x_wconf 84' lang='grc' dir='ltr'>πράττων,</span> <span class='ocrx_word' id='word_1_492' title='bbox 1760 3237 1854 3290; x_wconf 77' lang='grc' dir='ltr'>καὶ</span> <span class='ocrx_word' id='word_1_493' title='bbox 1881 3238 2001 3289; x_wconf 84' lang='grc' dir='ltr'>ὲπι-</span> 
     </span>
    </p>
   </div>
   <div class='ocr_carea' id='block_1_64' title="bbox 413 3317 1998 3397">
    <p class='ocr_par' dir='ltr' id='par_1_64' title="bbox 413 3317 1998 3397">
     <span class='ocr_line' id='line_1_64' title="bbox 413 3317 1998 3397; baseline 0.008 -28"><span class='ocrx_word' id='word_1_494' title='bbox 413 3317 706 3385; x_wconf 72' lang='grc' dir='ltr'>ϐουλεύων,</span> <span class='ocrx_word' id='word_1_495' title='bbox 746 3323 839 3376; x_wconf 72' lang='grc' dir='ltr'>καὶ</span> <span class='ocrx_word' id='word_1_496' title='bbox 873 3326 985 3387; x_wconf 86' lang='grc' dir='ltr'>τοῖς</span> <span class='ocrx_word' id='word_1_497' title='bbox 1014 3323 1167 3395; x_wconf 80' lang='grc' dir='ltr'>ήθεσι</span> <span class='ocrx_word' id='word_1_498' title='bbox 1210 3324 1586 3397; x_wconf 77' lang='grc' dir='ltr'>βεϐλαμμένος</span> <span class='ocrx_word' id='word_1_499' title='bbox 1612 3325 1708 3394; x_wconf 83' lang='grc' dir='ltr'>ὢν,</span> <span class='ocrx_word' id='word_1_500' title='bbox 1736 3327 1876 3381; x_wconf 84' lang='grc' dir='ltr'>ὥστε</span> <span class='ocrx_word' id='word_1_501' title='bbox 1911 3328 1998 3381; x_wconf 88' lang='grc' dir='ltr'>δο-</span> 
     </span>
    </p>
   </div>
   <div class='ocr_carea' id='block_1_65' title="bbox 417 3408 1999 3491">
    <p class='ocr_par' dir='ltr' id='par_1_65' title="bbox 417 3408 1999 3491">
     <span class='ocr_line' id='line_1_65' title="bbox 417 3408 1999 3491; baseline 0.008 -29"><span class='ocrx_word' id='word_1_502' title='bbox 417 3412 532 3462; x_wconf 83' lang='grc' dir='ltr'>κεῖν</span> <span class='ocrx_word' id='word_1_503' title='bbox 552 3409 702 3476; x_wconf 80' lang='grc' dir='ltr'>ἀξιος</span> <span class='ocrx_word' id='word_1_504' title='bbox 729 3408 870 3467; x_wconf 79' lang='grc' dir='ltr'>εἶναι</span> <span class='ocrx_word' id='word_1_505' title='bbox 901 3413 995 3467; x_wconf 80' lang='grc' dir='ltr'><strong>τοῦ</strong></span> <span class='ocrx_word' id='word_1_506' title='bbox 1028 3414 1320 3486; x_wconf 87' lang='grc' dir='ltr'>μισεῖσθαι,</span> <span class='ocrx_word' id='word_1_507' title='bbox 1350 3419 1379 3471; x_wconf 87' lang='lat'><strong>6</strong></span> <span class='ocrx_word' id='word_1_508' title='bbox 1406 3417 1462 3472; x_wconf 80' lang='grc' dir='ltr'>δὲ</span> <span class='ocrx_word' id='word_1_509' title='bbox 1492 3417 1699 3483; x_wconf 88' lang='grc' dir='ltr'>δίκαιος</span> <span class='ocrx_word' id='word_1_510' title='bbox 1736 3418 1870 3491; x_wconf 86' lang='grc' dir='ltr'>μηδὲ</span> <span class='ocrx_word' id='word_1_511' title='bbox 1907 3420 1999 3474; x_wconf 77' lang='grc' dir='ltr'><strong>τὸν</strong></span> 
     </span>
    </p>
   </div>
   <div class='ocr_carea' id='block_1_66' title="bbox 413 3496 1998 3578">
    <p class='ocr_par' dir='ltr' id='par_1_66' title="bbox 413 3496 1998 3578">
     <span class='ocr_line' id='line_1_66' title="bbox 413 3496 1998 3578; baseline 0.008 -29"><span class='ocrx_word' id='word_1_512' title='bbox 413 3496 654 3551; x_wconf 79' lang='grc' dir='ltr'>τοιοῦτον</span> <span class='ocrx_word' id='word_1_513' title='bbox 696 3503 852 3573; x_wconf 77' lang='grc' dir='ltr'>μισῇ,</span> <span class='ocrx_word' id='word_1_514' title='bbox 883 3502 998 3557; x_wconf 79' lang='grc' dir='ltr'>ἀλλ’</span> <span class='ocrx_word' id='word_1_515' title='bbox 1029 3504 1104 3567; x_wconf 83' lang='grc' dir='ltr'>ὡς</span> <span class='ocrx_word' id='word_1_516' title='bbox 1131 3504 1246 3569; x_wconf 71' lang='grc' dir='ltr'>υἱὸς</span> <span class='ocrx_word' id='word_1_517' title='bbox 1276 3525 1294 3557; x_wconf 75' lang='grc' dir='ltr'><strong>ι</strong></span> <span class='ocrx_word' id='word_1_518' title='bbox 1334 3506 1428 3560; x_wconf 81' lang='grc' dir='ltr'><strong>τοῦ</strong></span> <span class='ocrx_word' id='word_1_519' title='bbox 1471 3508 1563 3561; x_wconf 84' lang='grc' dir='ltr'>τὸν</span> <span class='ocrx_word' id='word_1_520' title='bbox 1589 3507 1741 3578; x_wconf 74' lang='grc' dir='ltr'>ἥλιον</span> <span class='ocrx_word' id='word_1_521' title='bbox 1772 3508 1998 3561; x_wconf 78' lang='grc' dir='ltr'>ἀνατέλ-</span> 
     </span>
    </p>
   </div>
   <div class='ocr_carea' id='block_1_67' title="bbox 413 3587 2000 3665">
    <p class='ocr_par' dir='ltr' id='par_1_67' title="bbox 413 3587 2000 3665">
     <span class='ocr_line' id='line_1_67' title="bbox 413 3587 2000 3665; baseline 0.008 -26"><span class='ocrx_word' id='word_1_522' title='bbox 413 3587 595 3652; x_wconf 78' lang='grc' dir='ltr'>λοντος</span> <span class='ocrx_word' id='word_1_523' title='bbox 640 3590 734 3642; x_wconf 73' lang='grc' dir='ltr'><strong>ἐπὶ</strong></span> <span class='ocrx_word' id='word_1_524' title='bbox 776 3596 1046 3665; x_wconf 83' lang='grc' dir='ltr'>πονηροὺς</span> <span class='ocrx_word' id='word_1_525' title='bbox 1078 3596 1171 3649; x_wconf 79' lang='grc' dir='ltr'><strong>καὶ</strong></span> <span class='ocrx_word' id='word_1_526' title='bbox 1202 3595 1461 3664; x_wconf 85' lang='grc' dir='ltr'>ἀγαθοὺς,</span> <span class='ocrx_word' id='word_1_527' title='bbox 1499 3616 1516 3648; x_wconf 73' lang='grc' dir='ltr'><strong>ι</strong></span> <span class='ocrx_word' id='word_1_528' title='bbox 1552 3598 1647 3651; x_wconf 72' lang='grc' dir='ltr'>καὶ</span> <span class='ocrx_word' id='word_1_529' title='bbox 1676 3598 1795 3650; x_wconf 77' lang='grc' dir='ltr'>τότε</span> <span class='ocrx_word' id='word_1_530' title='bbox 1836 3599 2000 3652; x_wconf 80' lang='grc' dir='ltr'>αὐτὸν</span> 
     </span>
    </p>
   </div>
   <div class='ocr_carea' id='block_1_68' title="bbox 412 3678 2002 3758">
    <p class='ocr_par' dir='ltr' id='par_1_68' title="bbox 412 3678 2002 3758">
     <span class='ocr_line' id='line_1_68' title="bbox 412 3678 2002 3758; baseline 0.006 -26"><span class='ocrx_word' id='word_1_531' title='bbox 412 3678 622 3753; x_wconf 77' lang='grc' dir='ltr'>ἀγαπᾷ,</span> <span class='ocrx_word' id='word_1_532' title='bbox 667 3682 828 3736; x_wconf 73' lang='grc' dir='ltr'>οἱονεὶ</span> <span class='ocrx_word' id='word_1_533' title='bbox 873 3686 930 3738; x_wconf 83' lang='grc' dir='ltr'>ὲν</span> <span class='ocrx_word' id='word_1_534' title='bbox 965 3685 1208 3758; x_wconf 81' lang='grc' dir='ltr'>οὐκαιρῷ</span> <span class='ocrx_word' id='word_1_535' title='bbox 1247 3686 1410 3740; x_wconf 85' lang='grc' dir='ltr'>σύκου</span> <span class='ocrx_word' id='word_1_536' title='bbox 1440 3686 1540 3757; x_wconf 83' lang='grc' dir='ltr'>τῆς</span> <span class='ocrx_word' id='word_1_537' title='bbox 1573 3687 1792 3757; x_wconf 85' lang='grc' dir='ltr'>ἀγάπης</span> <span class='ocrx_word' id='word_1_538' title='bbox 1827 3687 2002 3754; x_wconf 78' lang='grc' dir='ltr'>διδοὺς</span> 
     </span>
    </p>
   </div>
   <div class='ocr_carea' id='block_1_69' title="bbox 410 3771 2001 3851">
    <p class='ocr_par' dir='ltr' id='par_1_69' title="bbox 410 3771 2001 3851">
     <span class='ocr_line' id='line_1_69' title="bbox 410 3771 2001 3851; baseline 0.004 -26"><span class='ocrx_word' id='word_1_539' title='bbox 410 3771 503 3826; x_wconf 80' lang='grc' dir='ltr'>τὸν</span> <span class='ocrx_word' id='word_1_540' title='bbox 525 3775 734 3845; x_wconf 78' lang='grc' dir='ltr'>καρπὸν</span> <span class='ocrx_word' id='word_1_541' title='bbox 763 3775 896 3847; x_wconf 84' lang='grc'><strong>(50),</strong></span> <span class='ocrx_word' id='word_1_542' title='bbox 924 3778 1191 3847; x_wconf 86' lang='grc' dir='ltr'>μακάριός</span> <span class='ocrx_word' id='word_1_543' title='bbox 1221 3778 1361 3832; x_wconf 74' lang='grc' dir='ltr'>ἐστι.</span> <span class='ocrx_word' id='word_1_544' title='bbox 1401 3777 1474 3831; x_wconf 85' lang='grc' dir='ltr'>Τὸ</span> <span class='ocrx_word' id='word_1_545' title='bbox 1495 3777 1540 3831; x_wconf 77' lang='grc' dir='ltr'>δ’</span> <span class='ocrx_word' id='word_1_546' title='bbox 1573 3778 1758 3849; x_wconf 83' lang='grc' dir='ltr'>ὅμοιον</span> <span class='ocrx_word' id='word_1_547' title='bbox 1786 3779 2001 3851; x_wconf 85' lang='grc' dir='ltr'>νοήσεις</span> 
     </span>
    </p>
   </div>
   <div class='ocr_carea' id='block_1_70' title="bbox 412 3864 1998 3942">
    <p class='ocr_par' dir='ltr' id='par_1_70' title="bbox 412 3864 1998 3942">
     <span class='ocr_line' id='line_1_70' title="bbox 412 3864 1998 3942; baseline 0.006 -26"><span class='ocrx_word' id='word_1_548' title='bbox 412 3864 507 3917; x_wconf 79' lang='grc' dir='ltr'>καὶ</span> <span class='ocrx_word' id='word_1_549' title='bbox 542 3865 635 3918; x_wconf 74' lang='grc' dir='ltr'><strong>ἐπὶ</strong></span> <span class='ocrx_word' id='word_1_550' title='bbox 661 3866 762 3936; x_wconf 76' lang='grc' dir='ltr'><strong>τῆς</strong></span> <span class='ocrx_word' id='word_1_551' title='bbox 786 3868 994 3938; x_wconf 57' lang='grc' dir='ltr'>χαρᾶς</span> <span class='ocrx_word' id='word_1_552' title='bbox 1033 3868 1221 3940; x_wconf 82' lang='grc' dir='ltr'>φέρειν</span> <span class='ocrx_word' id='word_1_553' title='bbox 1255 3868 1353 3940; x_wconf 83' lang='grc' dir='ltr'>μὲν</span> <span class='ocrx_word' id='word_1_554' title='bbox 1387 3867 1496 3941; x_wconf 90' lang='grc' dir='ltr'><strong>γάρ</strong></span> <span class='ocrx_word' id='word_1_555' title='bbox 1527 3869 1619 3922; x_wconf 87' lang='grc' dir='ltr'>τὸν</span> <span class='ocrx_word' id='word_1_556' title='bbox 1652 3871 1862 3942; x_wconf 83' lang='grc' dir='ltr'>καρπὸν</span> <span class='ocrx_word' id='word_1_557' title='bbox 1904 3870 1998 3925; x_wconf 80' lang='grc' dir='ltr'>τοῦ</span> 
     </span>
    </p>
   </div>
   <div class='ocr_carea' id='block_1_71' title="bbox 416 3955 1999 4035">
    <p class='ocr_par' dir='ltr' id='par_1_71' title="bbox 416 3955 1999 4035">
     <span class='ocr_line' id='line_1_71' title="bbox 416 3955 1999 4035; baseline 0.006 -28"><span class='ocrx_word' id='word_1_558' title='bbox 416 3955 720 4027; x_wconf 87' lang='grc' dir='ltr'>πνεύματος</span> <span class='ocrx_word' id='word_1_559' title='bbox 744 3957 842 4031; x_wconf 83' lang='grc' dir='ltr'>τὴν</span> <span class='ocrx_word' id='word_1_560' title='bbox 869 3958 1062 4032; x_wconf 84' lang='grc' dir='ltr'>χαρὰν,</span> <span class='ocrx_word' id='word_1_561' title='bbox 1089 3960 1314 4033; x_wconf 87' lang='grc' dir='ltr'>μηδενὸς</span> <span class='ocrx_word' id='word_1_562' title='bbox 1338 3961 1432 4013; x_wconf 76' lang='grc' dir='ltr'><strong>ἐπὶ</strong></span> <span class='ocrx_word' id='word_1_563' title='bbox 1464 3961 1524 4015; x_wconf 82' lang='grc' dir='ltr'><strong>τὸ</strong></span> <span class='ocrx_word' id='word_1_564' title='bbox 1552 3961 1840 4017; x_wconf 84' lang='grc' dir='ltr'>λυπεῖσθαι</span> <span class='ocrx_word' id='word_1_565' title='bbox 1865 3980 1999 4035; x_wconf 69' lang='grc' dir='ltr'>προι-</span> 
     </span>
    </p>
   </div>
   <div class='ocr_carea' id='block_1_72' title="bbox 2102 3236 3689 3307">
    <p class='ocr_par' dir='ltr' id='par_1_72' title="bbox 2102 3236 3689 3307">
     <span class='ocr_line' id='line_1_72' title="bbox 2102 3236 3689 3307; baseline -0.001 -15"><span class='ocrx_word' id='word_1_566' title='bbox 2102 3254 2288 3295; x_wconf 89' lang='lat' dir='ltr'><strong>rosum</strong></span> <span class='ocrx_word' id='word_1_567' title='bbox 2328 3255 2435 3296; x_wconf 88' lang='lat' dir='ltr'><strong>non</strong></span> <span class='ocrx_word' id='word_1_568' title='bbox 2480 3247 2600 3306; x_wconf 88' lang='lat' dir='ltr'><strong>est;</strong></span> <span class='ocrx_word' id='word_1_569' title='bbox 2654 3248 2709 3293; x_wconf 90' lang='lat' dir='ltr'><strong>et</strong></span> <span class='ocrx_word' id='word_1_570' title='bbox 2752 3237 2963 3294; x_wconf 83' lang='lat' dir='ltr'><strong>fructus</strong></span> <span class='ocrx_word' id='word_1_571' title='bbox 3008 3252 3141 3293; x_wconf 88' lang='lat' dir='ltr'><strong>sane</strong></span> <span class='ocrx_word' id='word_1_572' title='bbox 3175 3236 3401 3307; x_wconf 88' lang='lat' dir='ltr'><strong>spiritus</strong></span> <span class='ocrx_word' id='word_1_573' title='bbox 3446 3243 3531 3293; x_wconf 89' lang='lat' dir='ltr'><strong>est</strong></span> <span class='ocrx_word' id='word_1_574' title='bbox 3561 3237 3689 3291; x_wconf 81' lang='lat' dir='ltr'><strong>dili-</strong></span> 
     </span>
    </p>
   </div>
   <div class='ocr_carea' id='block_1_73' title="bbox 2100 3327 3686 3401">
    <p class='ocr_par' dir='ltr' id='par_1_73' title="bbox 2100 3327 3686 3401">
     <span class='ocr_line' id='line_1_73' title="bbox 2100 3327 3686 3401; baseline 0.001 -18"><span class='ocrx_word' id='word_1_575' title='bbox 2100 3339 2314 3401; x_wconf 80' lang='lat' dir='ltr'><strong>gentem</strong></span> <span class='ocrx_word' id='word_1_576' title='bbox 2345 3328 2602 3400; x_wconf 75' lang='lat' dir='ltr'><strong>diligere,</strong></span> <span class='ocrx_word' id='word_1_577' title='bbox 2655 3344 2842 3384; x_wconf 83' lang='lat' dir='ltr'><strong>verum</strong></span> <span class='ocrx_word' id='word_1_578' title='bbox 2889 3330 2941 3384; x_wconf 91' lang='lat' dir='ltr'><strong>in</strong></span> <span class='ocrx_word' id='word_1_579' title='bbox 2973 3337 3348 3399; x_wconf 88' lang='lat' dir='ltr'><strong>nontempore,</strong></span> <span class='ocrx_word' id='word_1_580' title='bbox 3392 3337 3451 3383; x_wconf 90' lang='lat' dir='ltr'><strong>ut</strong></span> <span class='ocrx_word' id='word_1_581' title='bbox 3492 3328 3564 3383; x_wconf 87' lang='lat' dir='ltr'><strong>ita</strong></span> <span class='ocrx_word' id='word_1_582' title='bbox 3597 3327 3686 3384; x_wconf 86' lang='lat' dir='ltr'><strong>di-</strong></span> 
     </span>
    </p>
   </div>
   <div class='ocr_carea' id='block_1_74' title="bbox 2100 3419 3684 3491">
    <p class='ocr_par' dir='ltr' id='par_1_74' title="bbox 2100 3419 3684 3491">
     <span class='ocr_line' id='line_1_74' title="bbox 2100 3419 3684 3491; baseline -0.001 -14"><span class='ocrx_word' id='word_1_583' title='bbox 2100 3436 2253 3487; x_wconf 86' lang='lat' dir='ltr'><strong>cam,</strong></span> <span class='ocrx_word' id='word_1_584' title='bbox 2299 3419 2550 3477; x_wconf 89' lang='lat' dir='ltr'><strong>ﬁcorum.</strong></span> <span class='ocrx_word' id='word_1_585' title='bbox 2597 3424 2667 3476; x_wconf 85' lang='lat' dir='ltr'><strong>At</strong></span> <span class='ocrx_word' id='word_1_586' title='bbox 2713 3436 2839 3477; x_wconf 90' lang='lat' dir='ltr'><strong>cum</strong></span> <span class='ocrx_word' id='word_1_587' title='bbox 2892 3422 3101 3476; x_wconf 82' lang='lat' dir='ltr'><strong>ﬁdelem</strong></span> <span class='ocrx_word' id='word_1_588' title='bbox 3159 3421 3357 3491; x_wconf 88' lang='lat' dir='ltr'><strong>aliquis</strong></span> <span class='ocrx_word' id='word_1_589' title='bbox 3399 3420 3465 3475; x_wconf 89' lang='lat' dir='ltr'><strong>ad</strong></span> <span class='ocrx_word' id='word_1_590' title='bbox 3498 3421 3684 3476; x_wconf 87' lang='lat' dir='ltr'><strong>odimn</strong></span> 
     </span>
    </p>
   </div>
   <div class='ocr_carea' id='block_1_75' title="bbox 2101 3506 3685 3578">
    <p class='ocr_par' dir='ltr' id='par_1_75' title="bbox 2101 3506 3685 3578">
     <span class='ocr_line' id='line_1_75' title="bbox 2101 3506 3685 3578; baseline 0.003 -16"><span class='ocrx_word' id='word_1_591' title='bbox 2101 3506 2262 3566; x_wconf 79' lang='lat' dir='ltr'><strong>factis</strong></span> <span class='ocrx_word' id='word_1_592' title='bbox 2290 3509 2409 3565; x_wconf 88' lang='lat' dir='ltr'><strong>suis</strong></span> <span class='ocrx_word' id='word_1_593' title='bbox 2434 3509 2826 3575; x_wconf 83' lang='lat' dir='ltr'><strong>concitaverit,</strong></span> <span class='ocrx_word' id='word_1_594' title='bbox 2871 3509 2986 3566; x_wconf 91' lang='lat' dir='ltr'><strong>sive</strong></span> <span class='ocrx_word' id='word_1_595' title='bbox 3019 3509 3250 3565; x_wconf 89' lang='lat' dir='ltr'><strong>insidias</strong></span> <span class='ocrx_word' id='word_1_596' title='bbox 3277 3517 3533 3578; x_wconf 84' lang='lat' dir='ltr'><strong>struens,</strong></span> <span class='ocrx_word' id='word_1_597' title='bbox 3568 3510 3685 3566; x_wconf 81' lang='lat' dir='ltr'><strong>sive</strong></span> 
     </span>
    </p>
   </div>
   <div class='ocr_carea' id='block_1_76' title="bbox 2103 3599 3683 3671">
    <p class='ocr_par' dir='ltr' id='par_1_76' title="bbox 2103 3599 3683 3671">
     <span class='ocr_line' id='line_1_76' title="bbox 2103 3599 3683 3671; baseline 0.003 -18"><span class='ocrx_word' id='word_1_598' title='bbox 2103 3599 2412 3670; x_wconf 84' lang='lat' dir='ltr'><strong>depravatis</strong></span> <span class='ocrx_word' id='word_1_599' title='bbox 2460 3615 2635 3671; x_wconf 83' lang='lat' dir='ltr'><strong>usque</strong></span> <span class='ocrx_word' id='word_1_600' title='bbox 2662 3601 2796 3656; x_wconf 89' lang='lat' dir='ltr'><strong>adeo</strong></span> <span class='ocrx_word' id='word_1_601' title='bbox 2830 3601 3077 3657; x_wconf 86' lang='lat' dir='ltr'><strong>moribus</strong></span> <span class='ocrx_word' id='word_1_602' title='bbox 3110 3600 3373 3670; x_wconf 63' lang='lat' dir='ltr'><strong>praeditus</strong></span> <span class='ocrx_word' id='word_1_603' title='bbox 3399 3640 3412 3665; x_wconf 89' lang='lat'><strong>,</strong></span> <span class='ocrx_word' id='word_1_604' title='bbox 3449 3611 3509 3657; x_wconf 89' lang='lat' dir='ltr'><strong>ut</strong></span> <span class='ocrx_word' id='word_1_605' title='bbox 3556 3601 3683 3657; x_wconf 89' lang='lat' dir='ltr'><strong>odio</strong></span> 
     </span>
    </p>
   </div>
   <div class='ocr_carea' id='block_1_77' title="bbox 2102 3687 3677 3760">
    <p class='ocr_par' dir='ltr' id='par_1_77' title="bbox 2102 3687 3677 3760">
     <span class='ocr_line' id='line_1_77' title="bbox 2102 3687 3677 3760; baseline 0.003 -19"><span class='ocrx_word' id='word_1_606' title='bbox 2102 3688 2300 3757; x_wconf 77' lang='lat' dir='ltr'><strong>dignus</strong></span> <span class='ocrx_word' id='word_1_607' title='bbox 2326 3687 2603 3754; x_wconf 89' lang='lat' dir='ltr'><strong>videatur;</strong></span> <span class='ocrx_word' id='word_1_608' title='bbox 2630 3688 2811 3758; x_wconf 86' lang='lat' dir='ltr'><strong>justus</strong></span> <span class='ocrx_word' id='word_1_609' title='bbox 2836 3698 3017 3743; x_wconf 89' lang='lat' dir='ltr'><strong>autem</strong></span> <span class='ocrx_word' id='word_1_610' title='bbox 3051 3704 3120 3743; x_wconf 88' lang='lat' dir='ltr'><strong>ne</strong></span> <span class='ocrx_word' id='word_1_611' title='bbox 3152 3690 3428 3743; x_wconf 87' lang='lat' dir='ltr'><strong>hominem</strong></span> <span class='ocrx_word' id='word_1_612' title='bbox 3458 3691 3677 3760; x_wconf 91' lang='lat' dir='ltr'><strong>quidem</strong></span> 
     </span>
    </p>
   </div>
   <div class='ocr_carea' id='block_1_78' title="bbox 2099 3776 3679 3848">
    <p class='ocr_par' dir='ltr' id='par_1_78' title="bbox 2099 3776 3679 3848">
     <span class='ocr_line' id='line_1_78' title="bbox 2099 3776 3679 3848; baseline 0.001 -16"><span class='ocrx_word' id='word_1_613' title='bbox 2099 3776 2371 3847; x_wconf 87' lang='lat' dir='ltr'><strong>ejusmodi</strong></span> <span class='ocrx_word' id='word_1_614' title='bbox 2403 3777 2530 3832; x_wconf 89' lang='lat' dir='ltr'><strong>odio</strong></span> <span class='ocrx_word' id='word_1_615' title='bbox 2563 3777 2911 3847; x_wconf 85' lang='lat' dir='ltr'><strong>prosequitur</strong></span> <span class='ocrx_word' id='word_1_616' title='bbox 2938 3817 2955 3844; x_wconf 91' lang='lat'><strong>,</strong></span> <span class='ocrx_word' id='word_1_617' title='bbox 3009 3777 3103 3832; x_wconf 90' lang='lat' dir='ltr'><strong>sed</strong></span> <span class='ocrx_word' id='word_1_618' title='bbox 3140 3779 3300 3848; x_wconf 89' lang='lat' dir='ltr'><strong>quasi</strong></span> <span class='ocrx_word' id='word_1_619' title='bbox 3346 3778 3492 3833; x_wconf 86' lang='lat' dir='ltr'><strong>illius</strong></span> <span class='ocrx_word' id='word_1_620' title='bbox 3533 3778 3679 3834; x_wconf 87' lang='lat' dir='ltr'><strong>ﬁlius</strong></span> 
     </span>
    </p>
   </div>
   <div class='ocr_carea' id='block_1_79' title="bbox 2106 3866 3672 3939">
    <p class='ocr_par' dir='ltr' id='par_1_79' title="bbox 2106 3866 3672 3939">
     <span class='ocr_line' id='line_1_79' title="bbox 2106 3866 3672 3939; baseline 0.003 -20"><span class='ocrx_word' id='word_1_621' title='bbox 2106 3867 2229 3939; x_wconf 69' lang='lat' dir='ltr'><strong>«qui</strong></span> <span class='ocrx_word' id='word_1_622' title='bbox 2260 3868 2431 3923; x_wconf 90' lang='lat' dir='ltr'><strong>solem</strong></span> <span class='ocrx_word' id='word_1_623' title='bbox 2455 3867 2584 3922; x_wconf 84' lang='lat' dir='ltr'><strong>oriri</strong></span> <span class='ocrx_word' id='word_1_624' title='bbox 2616 3866 2743 3922; x_wconf 83' lang='lat' dir='ltr'><strong>facit</strong></span> <span class='ocrx_word' id='word_1_625' title='bbox 2765 3883 2927 3938; x_wconf 82' lang='lat' dir='ltr'><strong>super</strong></span> <span class='ocrx_word' id='word_1_626' title='bbox 2961 3868 3133 3923; x_wconf 91' lang='lat' dir='ltr'><strong>malos</strong></span> <span class='ocrx_word' id='word_1_627' title='bbox 3161 3878 3216 3922; x_wconf 90' lang='lat' dir='ltr'><strong>et</strong></span> <span class='ocrx_word' id='word_1_628' title='bbox 3241 3868 3526 3933; x_wconf 65' lang='lat' dir='ltr'><strong>bonos”,r</strong></span> <span class='ocrx_word' id='word_1_629' title='bbox 3559 3879 3672 3924; x_wconf 89' lang='lat' dir='ltr'><strong>tum</strong></span> 
     </span>
    </p>
   </div>
   <div class='ocr_carea' id='block_1_80' title="bbox 2100 3959 3680 4032">
    <p class='ocr_par' dir='ltr' id='par_1_80' title="bbox 2100 3959 3680 4032">
     <span class='ocr_line' id='line_1_80' title="bbox 2100 3959 3680 4032; baseline 0.001 -17"><span class='ocrx_word' id='word_1_630' title='bbox 2100 3976 2318 4032; x_wconf 92' lang='lat' dir='ltr'><strong>quoque</strong></span> <span class='ocrx_word' id='word_1_631' title='bbox 2374 3975 2500 4014; x_wconf 90' lang='lat' dir='ltr'><strong>eum</strong></span> <span class='ocrx_word' id='word_1_632' title='bbox 2551 3959 2759 4029; x_wconf 78' lang='lat' dir='ltr'><strong>diligit;</strong></span> <span class='ocrx_word' id='word_1_633' title='bbox 2797 3960 2853 4014; x_wconf 92' lang='lat' dir='ltr'><strong>in</strong></span> <span class='ocrx_word' id='word_1_634' title='bbox 2882 3970 3241 4030; x_wconf 89' lang='lat' dir='ltr'><strong>nontempore</strong></span> <span class='ocrx_word' id='word_1_635' title='bbox 3270 3960 3519 4016; x_wconf 85' lang='lat' dir='ltr'><strong>videlicet</strong></span> <span class='ocrx_word' id='word_1_636' title='bbox 3545 3964 3680 4017; x_wconf 76' lang='lat' dir='ltr'><strong>lico-</strong></span> 
     </span>
    </p>
   </div>
   <div class='ocr_carea' id='block_1_81' title="bbox 414 4047 2002 4126">
    <p class='ocr_par' dir='ltr' id='par_1_81' title="bbox 414 4047 1998 4126">
     <span class='ocr_line' id='line_1_81' title="bbox 414 4047 1998 4126; baseline 0.006 -26"><span class='ocrx_word' id='word_1_637' title='bbox 414 4047 773 4121; x_wconf 80' lang='grc' dir='ltr'>καλουμένου,</span> <span class='ocrx_word' id='word_1_638' title='bbox 818 4051 912 4105; x_wconf 75' lang='grc' dir='ltr'>καὶ</span> <span class='ocrx_word' id='word_1_639' title='bbox 957 4051 1426 4124; x_wconf 88' lang='grc' dir='ltr'>δυσαρεστεῖσθαι,</span> <span class='ocrx_word' id='word_1_640' title='bbox 1460 4054 1520 4107; x_wconf 87' lang='grc' dir='ltr'>οὺ</span> <span class='ocrx_word' id='word_1_641' title='bbox 1568 4054 1836 4126; x_wconf 85' lang='grc' dir='ltr'>χαλεπόν·</span> <span class='ocrx_word' id='word_1_642' title='bbox 1870 4056 1998 4110; x_wconf 86' lang='grc' dir='ltr'>ὅταν</span> 
     </span>
    </p>
   </div>
   <div class='ocr_carea' id='block_1_82' title="bbox 2101 4047 3681 4126">
    <p class='ocr_par' dir='ltr' id='par_1_82' title="bbox 2104 4051 3681 4119">
     <span class='ocr_line' id='line_1_82' title="bbox 2104 4051 3681 4119; baseline -0.001 -10"><span class='ocrx_word' id='word_1_643' title='bbox 2104 4070 2226 4109; x_wconf 83' lang='lat' dir='ltr'><strong>rum</strong></span> <span class='ocrx_word' id='word_1_644' title='bbox 2265 4052 2551 4108; x_wconf 88' lang='lat' dir='ltr'><strong>charitatis</strong></span> <span class='ocrx_word' id='word_1_645' title='bbox 2589 4053 2798 4107; x_wconf 80' lang='lat' dir='ltr'><strong>fruetus</strong></span> <span class='ocrx_word' id='word_1_646' title='bbox 2842 4052 3010 4119; x_wconf 87' lang='lat' dir='ltr'><strong>dans,</strong></span> <span class='ocrx_word' id='word_1_647' title='bbox 3057 4051 3248 4109; x_wconf 84' lang='lat' dir='ltr'><strong>beatus</strong></span> <span class='ocrx_word' id='word_1_648' title='bbox 3294 4061 3395 4107; x_wconf 90' lang='lat' dir='ltr'><strong>est.</strong></span> <span class='ocrx_word' id='word_1_649' title='bbox 3434 4052 3576 4107; x_wconf 87' lang='lat' dir='ltr'><strong>Idem</strong></span> <span class='ocrx_word' id='word_1_650' title='bbox 3612 4052 3681 4107; x_wconf 88' lang='lat' dir='ltr'><strong>de</strong></span> 
     </span>
    </p>
   </div>
   <div class='ocr_carea' id='block_1_83' title="bbox 413 4139 2002 4219">
    <p class='ocr_par' dir='ltr' id='par_1_83' title="bbox 413 4139 2001 4218">
     <span class='ocr_line' id='line_1_83' title="bbox 413 4139 2001 4218; baseline 0.004 -23"><span class='ocrx_word' id='word_1_651' title='bbox 413 4139 471 4195; x_wconf 71' lang='grc' dir='ltr'>δὲ</span> <span class='ocrx_word' id='word_1_652' title='bbox 497 4140 568 4197; x_wconf 83' lang='grc' dir='ltr'><strong>τά</strong></span> <span class='ocrx_word' id='word_1_653' title='bbox 595 4143 693 4215; x_wconf 83' lang='grc' dir='ltr'>μὲν</span> <span class='ocrx_word' id='word_1_654' title='bbox 720 4143 1117 4216; x_wconf 83' lang='grc' dir='ltr'>περιεστηκότα</span> <span class='ocrx_word' id='word_1_655' title='bbox 1150 4144 1243 4199; x_wconf 72' lang='grc' dir='ltr'><strong>ἐπὶ</strong></span> <span class='ocrx_word' id='word_1_656' title='bbox 1264 4144 1462 4216; x_wconf 87' lang='grc' dir='ltr'>λύπην,</span> <span class='ocrx_word' id='word_1_657' title='bbox 1494 4146 1588 4200; x_wconf 72' lang='grc' dir='ltr'>καὶ</span> <span class='ocrx_word' id='word_1_658' title='bbox 1611 4145 1870 4218; x_wconf 85' lang='grc' dir='ltr'>ἀθυμίαν,</span> <span class='ocrx_word' id='word_1_659' title='bbox 1907 4146 2001 4200; x_wconf 78' lang='grc' dir='ltr'>καὶ</span> 
     </span>
    </p>
   </div>
   <div class='ocr_carea' id='block_1_84' title="bbox 2101 4139 3679 4219">
    <p class='ocr_par' dir='ltr' id='par_1_84' title="bbox 2107 4143 3679 4219">
     <span class='ocr_line' id='line_1_84' title="bbox 2107 4143 3679 4219; baseline 0.001 -18"><span class='ocrx_word' id='word_1_660' title='bbox 2107 4145 2305 4219; x_wconf 87' lang='lat' dir='ltr'><strong>gaudio</strong></span> <span class='ocrx_word' id='word_1_661' title='bbox 2354 4143 2630 4216; x_wconf 84' lang='lat' dir='ltr'><strong>intellige;</strong></span> <span class='ocrx_word' id='word_1_662' title='bbox 2678 4143 2935 4215; x_wconf 86' lang='lat' dir='ltr'><strong>gaudium</strong></span> <span class='ocrx_word' id='word_1_663' title='bbox 2982 4144 3127 4199; x_wconf 89' lang='lat' dir='ltr'><strong>enim</strong></span> <span class='ocrx_word' id='word_1_664' title='bbox 3162 4143 3401 4199; x_wconf 79' lang='lat' dir='ltr'><strong>fructum</strong></span> <span class='ocrx_word' id='word_1_665' title='bbox 3454 4144 3679 4214; x_wconf 82' lang='lat' dir='ltr'><strong>spiritus</strong></span> 
     </span>
    </p>
   </div>
   <div class='ocr_carea' id='block_1_85' title="bbox 1610 4259 2467 4321">
    <p class='ocr_par' dir='ltr' id='par_1_85' title="bbox 1610 4259 2467 4321">
     <span class='ocr_line' id='line_1_85' title="bbox 1610 4259 2467 4321; baseline -0.006 -3"><span class='ocrx_word' id='word_1_666' title='bbox 1610 4262 1843 4321; x_wconf 80' lang='lat' dir='ltr'><strong>VETUS</strong></span> <span class='ocrx_word' id='word_1_667' title='bbox 1880 4259 2467 4319; x_wconf 77' lang='lat' dir='ltr'><strong>INTERPRETATIO.</strong></span> 
     </span>
    </p>
   </div>
   <div class='ocr_carea' id='block_1_86' title="bbox 412 4353 3673 4430">
    <p class='ocr_par' dir='ltr' id='par_1_86' title="bbox 412 4353 3673 4430">
     <span class='ocr_line' id='line_1_86' title="bbox 412 4353 3673 4430; baseline -0.001 -20"><span class='ocrx_word' id='word_1_668' title='bbox 412 4365 519 4430; x_wconf 84' lang='lat' dir='ltr'><strong>tem</strong></span> <span class='ocrx_word' id='word_1_669' title='bbox 551 4358 685 4430; x_wconf 81' lang='lat' dir='ltr'><strong>etin</strong></span> <span class='ocrx_word' id='word_1_670' title='bbox 714 4373 1042 4430; x_wconf 85' lang='lat' dir='ltr'><strong>unoquoque</strong></span> <span class='ocrx_word' id='word_1_671' title='bbox 1068 4358 1269 4430; x_wconf 64' lang='lat' dir='ltr'><strong>inﬁdeli</strong></span> <span class='ocrx_word' id='word_1_672' title='bbox 1292 4357 1565 4430; x_wconf 5' lang='lat' dir='ltr'><strong>etginiquo</strong></span> <span class='ocrx_word' id='word_1_673' title='bbox 1596 4369 1835 4414; x_wconf 89' lang='lat' dir='ltr'><strong>montem</strong></span> <span class='ocrx_word' id='word_1_674' title='bbox 1862 4376 1983 4416; x_wconf 91' lang='lat' dir='ltr'><strong>esse</strong></span> <span class='ocrx_word' id='word_1_675' title='bbox 2015 4360 2315 4415; x_wconf 86' lang='lat' dir='ltr'><strong>secundum</strong></span> <span class='ocrx_word' id='word_1_676' title='bbox 2352 4371 2665 4419; x_wconf 87' lang='lat' dir='ltr'><strong>mensuram</strong></span> <span class='ocrx_word' id='word_1_677' title='bbox 2693 4354 3027 4430; x_wconf 69' lang='lat' dir='ltr'><strong>inﬁdelitatis</strong></span> <span class='ocrx_word' id='word_1_678' title='bbox 3061 4353 3449 4430; x_wconf 83' lang='lat' dir='ltr'><strong>et_iniquitatis</strong></span> <span class='ocrx_word' id='word_1_679' title='bbox 3481 4353 3673 4424; x_wconf 88' lang='lat' dir='ltr'><strong>ipsius,</strong></span> 
     </span>
    </p>
   </div>
   <div class='ocr_carea' id='block_1_87' title="bbox 411 4422 3678 4499">
    <p class='ocr_par' dir='ltr' id='par_1_87' title="bbox 411 4422 3678 4499">
     <span class='ocr_line' id='line_1_87' title="bbox 411 4422 3678 4499; baseline 0 -21"><span class='ocrx_word' id='word_1_680' title='bbox 411 4426 506 4499; x_wconf 82' lang='lat' dir='ltr'><strong>qui</strong></span> <span class='ocrx_word' id='word_1_681' title='bbox 529 4428 721 4499; x_wconf 71' lang='lat' dir='ltr'><strong>verbis</strong></span> <span class='ocrx_word' id='word_1_682' title='bbox 753 4422 1147 4499; x_wconf 76' lang='lat' dir='ltr'><strong>discipulorum</strong></span> <span class='ocrx_word' id='word_1_683' title='bbox 1174 4427 1374 4499; x_wconf 77' lang='lat' dir='ltr'><strong>Christi</strong></span> <span class='ocrx_word' id='word_1_684' title='bbox 1413 4422 1623 4499; x_wconf 69' lang='lat' dir='ltr'><strong>tollitur</strong></span> <span class='ocrx_word' id='word_1_685' title='bbox 1647 4438 1703 4484; x_wconf 91' lang='lat' dir='ltr'><strong>et</strong></span> <span class='ocrx_word' id='word_1_686' title='bbox 1728 4430 1964 4484; x_wconf 89' lang='lat' dir='ltr'><strong>mittitur</strong></span> <span class='ocrx_word' id='word_1_687' title='bbox 2003 4431 2057 4485; x_wconf 93' lang='lat' dir='ltr'><strong>in</strong></span> <span class='ocrx_word' id='word_1_688' title='bbox 2086 4444 2238 4485; x_wconf 87' lang='lat' dir='ltr'><strong>mare</strong></span> <span class='ocrx_word' id='word_1_689' title='bbox 2277 4435 2676 4499; x_wconf 76' lang='lat' dir='ltr'><strong>tormentoran</strong></span> <span class='ocrx_word' id='word_1_690' title='bbox 2704 4425 2844 4499; x_wconf 79' lang='lat' dir='ltr'><strong>ejus.</strong></span> <span class='ocrx_word' id='word_1_691' title='bbox 2892 4422 3169 4499; x_wconf 79' lang='lat' dir='ltr'><strong>omnia</strong></span> <span class='ocrx_word' id='word_1_692' title='bbox 3204 4422 3543 4494; x_wconf 75' lang='lat' dir='ltr'><strong>quaecunque</strong></span> <span class='ocrx_word' id='word_1_693' title='bbox 3583 4440 3678 4493; x_wconf 78' lang='lat' dir='ltr'><strong>pe-</strong></span> 
     </span>
    </p>
   </div>
   <div class='ocr_carea' id='block_1_88' title="bbox 416 4494 3678 4570">
    <p class='ocr_par' dir='ltr' id='par_1_88' title="bbox 416 4494 3678 4570">
     <span class='ocr_line' id='line_1_88' title="bbox 416 4494 3678 4570; baseline 0.001 -24"><span class='ocrx_word' id='word_1_694' title='bbox 416 4495 608 4550; x_wconf 89' lang='lat' dir='ltr'><strong>tierint</strong></span> <span class='ocrx_word' id='word_1_695' title='bbox 638 4496 691 4550; x_wconf 90' lang='lat' dir='ltr'><strong>in</strong></span> <span class='ocrx_word' id='word_1_696' title='bbox 720 4494 969 4570; x_wconf 69' lang='lat' dir='ltr'><strong>oratione</strong></span> <span class='ocrx_word' id='word_1_697' title='bbox 991 4497 1282 4570; x_wconf 76' lang='lat' dir='ltr'><strong>credentes</strong></span> <span class='ocrx_word' id='word_1_698' title='bbox 1312 4497 1564 4570; x_wconf 77' lang='lat' dir='ltr'><strong>discipuli</strong></span> <span class='ocrx_word' id='word_1_699' title='bbox 1595 4496 1725 4570; x_wconf 67' lang='lat' dir='ltr'><strong>Jcsu</strong></span> <span class='ocrx_word' id='word_1_700' title='bbox 1775 4501 2092 4570; x_wconf 91' lang='lat' dir='ltr'><strong>percipient,</strong></span> <span class='ocrx_word' id='word_1_701' title='bbox 2123 4499 2279 4570; x_wconf 88' lang='lat' dir='ltr'><strong>quasi</strong></span> <span class='ocrx_word' id='word_1_702' title='bbox 2309 4494 2796 4570; x_wconf 83' lang='lat' dir='ltr'><strong>diseipuli_Christi</strong></span> <span class='ocrx_word' id='word_1_703' title='bbox 2815 4533 2833 4570; x_wconf 88' lang='lat'><strong>,_</strong></span> <span class='ocrx_word' id='word_1_704' title='bbox 2859 4494 2994 4570; x_wconf 78' lang='lat' dir='ltr'><strong>nihil</strong></span> <span class='ocrx_word' id='word_1_705' title='bbox 3019 4496 3164 4570; x_wconf 82' lang='lat' dir='ltr'><strong>quod</strong></span> <span class='ocrx_word' id='word_1_706' title='bbox 3196 4510 3302 4570; x_wconf 84' lang='lat' dir='ltr'><strong>non</strong></span> <span class='ocrx_word' id='word_1_707' title='bbox 3329 4504 3544 4570; x_wconf 78' lang='lat' dir='ltr'><strong>oportet</strong></span> <span class='ocrx_word' id='word_1_708' title='bbox 3582 4509 3678 4570; x_wconf 75' lang='lat' dir='ltr'><strong>pe-</strong></span> 
     </span>
    </p>
   </div>
   <div class='ocr_carea' id='block_1_89' title="bbox 417 4564 3674 4639">
    <p class='ocr_par' dir='ltr' id='par_1_89' title="bbox 417 4564 3674 4639">
     <span class='ocr_line' id='line_1_89' title="bbox 417 4564 3674 4639; baseline 0.002 -25"><span class='ocrx_word' id='word_1_709' title='bbox 417 4572 611 4631; x_wconf 88' lang='lat' dir='ltr'><strong>tentes,</strong></span> <span class='ocrx_word' id='word_1_710' title='bbox 642 4573 706 4639; x_wconf 67' lang='lat' dir='ltr'><strong>et</strong></span> <span class='ocrx_word' id='word_1_711' title='bbox 722 4567 847 4639; x_wconf 84' lang='lat' dir='ltr'><strong>quia</strong></span> <span class='ocrx_word' id='word_1_712' title='bbox 881 4567 1162 4623; x_wconf 88' lang='lat' dir='ltr'><strong>credentes</strong></span> <span class='ocrx_word' id='word_1_713' title='bbox 1188 4564 1611 4639; x_wconf 62' lang='lat' dir='ltr'><strong>magistro&#39;nihil</strong></span> <span class='ocrx_word' id='word_1_714' title='bbox 1640 4564 1790 4624; x_wconf 72' lang='lat' dir='ltr'><strong>aliud</strong></span> <span class='ocrx_word' id='word_1_715' title='bbox 1821 4564 2011 4639; x_wconf 78' lang='lat' dir='ltr'><strong>petunt</strong></span> <span class='ocrx_word' id='word_1_716' title='bbox 2039 4564 2154 4639; x_wconf 79' lang='lat' dir='ltr'><strong>nisi</strong></span> <span class='ocrx_word' id='word_1_717' title='bbox 2177 4584 2373 4639; x_wconf 84' lang='lat' dir='ltr'><strong>magna</strong></span> <span class='ocrx_word' id='word_1_718' title='bbox 2401 4564 2467 4639; x_wconf 62' lang='lat' dir='ltr'><strong>et</strong></span> <span class='ocrx_word' id='word_1_719' title='bbox 2488 4565 2933 4639; x_wconf 74' lang='lat' dir='ltr'><strong>cmlest_ia,_sicut</strong></span> <span class='ocrx_word' id='word_1_720' title='bbox 2967 4565 3241 4639; x_wconf 75' lang='lat' dir='ltr'><strong>ipsedicit</strong></span> <span class='ocrx_word' id='word_1_721' title='bbox 3276 4564 3344 4618; x_wconf 90' lang='lat' dir='ltr'><strong>ad</strong></span> <span class='ocrx_word' id='word_1_722' title='bbox 3373 4564 3674 4635; x_wconf 76' lang='lat' dir='ltr'><strong>discipulos</strong></span> 
     </span>
    </p>
   </div>
   <div class='ocr_carea' id='block_1_90' title="bbox 413 4633 3453 4710">
    <p class='ocr_par' dir='ltr' id='par_1_90' title="bbox 413 4633 3453 4710">
     <span class='ocr_line' id='line_1_90' title="bbox 413 4633 3453 4710; baseline 0.001 -25"><span class='ocrx_word' id='word_1_723' title='bbox 413 4645 546 4710; x_wconf 65' lang='lat' dir='ltr'><strong>suos</strong></span> <span class='ocrx_word' id='word_1_724' title='bbox 570 4651 583 4686; x_wconf 94' lang='lat'><strong>:</strong></span> <span class='ocrx_word' id='word_1_725' title='bbox 616 4633 844 4710; x_wconf 48' lang='lat' dir='ltr'><strong>_r_Pe&#39;tite</strong></span> <span class='ocrx_word' id='word_1_726' title='bbox 871 4651 1091 4710; x_wconf 69' lang='lat' dir='ltr'><strong>magna,</strong></span> <span class='ocrx_word' id='word_1_727' title='bbox 1119 4645 1174 4710; x_wconf 83' lang='lat' dir='ltr'><strong>et</strong></span> <span class='ocrx_word' id='word_1_728' title='bbox 1200 4633 1426 4710; x_wconf 76' lang='lat' dir='ltr'><strong>minima</strong></span> <span class='ocrx_word' id='word_1_729' title='bbox 1459 4638 1617 4695; x_wconf 88' lang='lat' dir='ltr'><strong>vobis</strong></span> <span class='ocrx_word' id='word_1_730' title='bbox 1650 4633 1999 4710; x_wconf 79' lang='lat' dir='ltr'><strong>adjicientur.</strong></span> <span class='ocrx_word' id='word_1_731' title='bbox 2030 4633 2506 4710; x_wconf 10' lang='lat' dir='ltr'><strong>Petiteiceelestia,</strong></span> <span class='ocrx_word' id='word_1_732' title='bbox 2541 4645 2596 4691; x_wconf 92' lang='lat' dir='ltr'><strong>et</strong></span> <span class='ocrx_word' id='word_1_733' title='bbox 2623 4635 2952 4710; x_wconf 80' lang='lat' dir='ltr'><strong>adjicientur</strong></span> <span class='ocrx_word' id='word_1_734' title='bbox 2976 4634 3133 4710; x_wconf 78' lang='lat' dir='ltr'><strong>vobis</strong></span> <span class='ocrx_word' id='word_1_735' title='bbox 3163 4646 3413 4710; x_wconf 79' lang='lat' dir='ltr'><strong>terrena._</strong></span> <span class='ocrx_word' id='word_1_736' title='bbox 3434 4652 3453 4688; x_wconf 72' lang='grc' dir='ltr'><strong>ι</strong></span> 
     </span>
    </p>
   </div>
   <div class='ocr_carea' id='block_1_91' title="bbox 480 4700 3673 4778">
    <p class='ocr_par' dir='ltr' id='par_1_91' title="bbox 480 4700 3673 4778">
     <span class='ocr_line' id='line_1_91' title="bbox 480 4700 3673 4778; baseline 0.001 -24"><span class='ocrx_word' id='word_1_737' title='bbox 480 4700 570 4757; x_wconf 78' lang='lat'><strong>29.</strong></span> <span class='ocrx_word' id='word_1_738' title='bbox 611 4702 827 4778; x_wconf 82' lang='lat' dir='ltr'><strong>Marcus</strong></span> <span class='ocrx_word' id='word_1_739' title='bbox 857 4700 1038 4778; x_wconf 63' lang='lat' dir='ltr'><strong>autem</strong></span> <span class='ocrx_word' id='word_1_740' title='bbox 1064 4707 1121 4778; x_wconf 75' lang='lat' dir='ltr'><strong>in</strong></span> <span class='ocrx_word' id='word_1_741' title='bbox 1150 4706 1255 4762; x_wconf 90' lang='lat' dir='ltr'><strong>hoc</strong></span> <span class='ocrx_word' id='word_1_742' title='bbox 1288 4708 1477 4778; x_wconf 85' lang='lat' dir='ltr'><strong>eodem</strong></span> <span class='ocrx_word' id='word_1_743' title='bbox 1508 4712 1630 4763; x_wconf 89' lang='lat' dir='ltr'><strong>loco</strong></span> <span class='ocrx_word' id='word_1_744' title='bbox 1678 4700 1949 4774; x_wconf 76' lang='lat' dir='ltr'><strong>scribens,</strong></span> <span class='ocrx_word' id='word_1_745' title='bbox 1982 4709 2129 4764; x_wconf 90' lang='lat' dir='ltr'><strong>aliud</strong></span> <span class='ocrx_word' id='word_1_746' title='bbox 2160 4708 2366 4778; x_wconf 90' lang='lat' dir='ltr'><strong>aliquid</strong></span> <span class='ocrx_word' id='word_1_747' title='bbox 2399 4700 2676 4778; x_wconf 81' lang='lat' dir='ltr'><strong>quantum</strong></span> <span class='ocrx_word' id='word_1_748' title='bbox 2692 4700 2764 4778; x_wconf 76' lang='lat' dir='ltr'><strong>ad</strong></span> <span class='ocrx_word' id='word_1_749' title='bbox 2797 4712 3005 4759; x_wconf 78' lang='lat' dir='ltr'><strong>textum</strong></span> <span class='ocrx_word' id='word_1_750' title='bbox 3037 4704 3302 4778; x_wconf 62' lang='lat' dir='ltr'><strong>adiecisse</strong></span> <span class='ocrx_word' id='word_1_751' title='bbox 3325 4705 3568 4778; x_wconf 60' lang='lat' dir='ltr'><strong>videtur,</strong></span> <span class='ocrx_word' id='word_1_752' title='bbox 3586 4702 3673 4757; x_wconf 85' lang='lat' dir='ltr'><strong>di-</strong></span> 
     </span>
    </p>
   </div>
   <div class='ocr_carea' id='block_1_92' title="bbox 411 4772 3667 4860">
    <p class='ocr_par' dir='ltr' id='par_1_92' title="bbox 411 4772 3667 4860">
     <span class='ocr_line' id='line_1_92' title="bbox 411 4772 3667 4860; baseline 0.001 -34"><span class='ocrx_word' id='word_1_753' title='bbox 411 4773 825 4860; x_wconf 61' lang='lat' dir='ltr'><strong>censquoniam</strong></span> <span class='ocrx_word' id='word_1_754' title='bbox 857 4775 1237 4860; x_wconf 57' lang='lat' dir='ltr'><strong>videns_{esus</strong></span> <span class='ocrx_word' id='word_1_755' title='bbox 1270 4796 1288 4828; x_wconf 79' lang='grc' dir='ltr'><strong>ι</strong></span> <span class='ocrx_word' id='word_1_756' title='bbox 1321 4777 1482 4860; x_wconf 82' lang='lat' dir='ltr'><strong>ﬁcum</strong></span> <span class='ocrx_word' id='word_1_757' title='bbox 1519 4778 1776 4860; x_wconf 72' lang='lat' dir='ltr'><strong>delonge</strong></span> <span class='ocrx_word' id='word_1_758' title='bbox 1806 4772 2097 4860; x_wconf 82' lang='lat' dir='ltr'><strong>habentem</strong></span> <span class='ocrx_word' id='word_1_759' title='bbox 2129 4772 2312 4859; x_wconf 54' lang='lat' dir='ltr'><strong>folia,</strong></span> <span class='ocrx_word' id='word_1_760' title='bbox 2336 4772 2680 4860; x_wconf 79' lang='lat' dir='ltr'><strong>venitquasi</strong></span> <span class='ocrx_word' id='word_1_761' title='bbox 2731 4772 3667 4860; x_wconf 16' lang='lat' dir='ltr'><strong>inventurusal‘iquidin;cingunt</strong></span> 
     </span>
    </p>
   </div>
   <div class='ocr_carea' id='block_1_93' title="bbox 411 4842 3669 4915">
    <p class='ocr_par' dir='ltr' id='par_1_93' title="bbox 411 4842 3669 4915">
     <span class='ocr_line' id='line_1_93' title="bbox 411 4842 3669 4915; baseline 0.002 -23"><span class='ocrx_word' id='word_1_762' title='bbox 411 4842 647 4915; x_wconf 72' lang='lat' dir='ltr'><strong>venisset</strong></span> <span class='ocrx_word' id='word_1_763' title='bbox 674 4850 855 4898; x_wconf 90' lang='lat' dir='ltr'><strong>autem</strong></span> <span class='ocrx_word' id='word_1_764' title='bbox 912 4854 965 4900; x_wconf 88' lang='lat' dir='ltr'><strong>et</strong></span> <span class='ocrx_word' id='word_1_765' title='bbox 988 4846 1123 4901; x_wconf 86' lang='lat' dir='ltr'><strong>nihil</strong></span> <span class='ocrx_word' id='word_1_766' title='bbox 1165 4846 1461 4904; x_wconf 83' lang='lat' dir='ltr'><strong>invenisset</strong></span> <span class='ocrx_word' id='word_1_767' title='bbox 1494 4847 1600 4903; x_wconf 87' lang='lat' dir='ltr'><strong>nisi</strong></span> <span class='ocrx_word' id='word_1_768' title='bbox 1634 4842 1766 4904; x_wconf 78' lang='lat' dir='ltr'><strong>folia</strong></span> <span class='ocrx_word' id='word_1_769' title='bbox 1800 4858 2050 4915; x_wconf 91' lang='lat' dir='ltr'><strong>tantum,</strong></span> <span class='ocrx_word' id='word_1_770' title='bbox 2095 4864 2197 4904; x_wconf 90' lang='lat' dir='ltr'><strong>nec</strong></span> <span class='ocrx_word' id='word_1_771' title='bbox 2227 4848 2372 4902; x_wconf 90' lang='lat' dir='ltr'><strong>enim</strong></span> <span class='ocrx_word' id='word_1_772' title='bbox 2399 4842 2758 4915; x_wconf 12' lang='lat' dir='ltr'><strong>erati&#39;tempus</strong></span> <span class='ocrx_word' id='word_1_773' title='bbox 2795 4845 3025 4915; x_wconf 75' lang='lat' dir='ltr'><strong>ticuum,</strong></span> <span class='ocrx_word' id='word_1_774' title='bbox 3058 4843 3396 4912; x_wconf 87' lang='lat' dir='ltr'><strong>respondens</strong></span> <span class='ocrx_word' id='word_1_775' title='bbox 3427 4842 3567 4913; x_wconf 77' lang='lat' dir='ltr'><strong>dixit</strong></span> <span class='ocrx_word' id='word_1_776' title='bbox 3600 4844 3669 4915; x_wconf 81' lang='lat' dir='ltr'><strong>ad</strong></span> 
     </span>
    </p>
   </div>
   <div class='ocr_carea' id='block_1_94' title="bbox 408 4910 3669 4990">
    <p class='ocr_par' dir='ltr' id='par_1_94' title="bbox 408 4910 3669 4990">
     <span class='ocr_line' id='line_1_94' title="bbox 408 4910 3669 4990; baseline 0.001 -27"><span class='ocrx_word' id='word_1_777' title='bbox 408 4923 530 4965; x_wconf 89' lang='lat' dir='ltr'><strong>eam</strong></span> <span class='ocrx_word' id='word_1_778' title='bbox 560 4929 574 4966; x_wconf 89' lang='lat'><strong>:</strong></span> <span class='ocrx_word' id='word_1_779' title='bbox 601 4910 890 4990; x_wconf 85' lang='lat' dir='ltr'><strong>Nunquam</strong></span> <span class='ocrx_word' id='word_1_780' title='bbox 925 4931 990 4969; x_wconf 79' lang='lat' dir='ltr'><strong>ex</strong></span> <span class='ocrx_word' id='word_1_781' title='bbox 1021 4926 1073 4990; x_wconf 80' lang='lat' dir='ltr'><strong>te</strong></span> <span class='ocrx_word' id='word_1_782' title='bbox 1103 4917 1157 4990; x_wconf 89' lang='lat' dir='ltr'><strong>i_n</strong></span> <span class='ocrx_word' id='word_1_783' title='bbox 1186 4926 1448 4990; x_wconf 68' lang='lat' dir='ltr'><strong>mternuni</strong></span> <span class='ocrx_word' id='word_1_784' title='bbox 1483 4918 1775 4990; x_wconf 84' lang='lat' dir='ltr'><strong>quisquam</strong></span> <span class='ocrx_word' id='word_1_785' title='bbox 1830 4910 2420 4990; x_wconf 78' lang='lat' dir='ltr'><strong>fructummanducet.</strong></span> <span class='ocrx_word' id='word_1_786' title='bbox 2460 4935 2479 4969; x_wconf 70' lang='grc' dir='ltr'><strong>ι</strong></span> <span class='ocrx_word' id='word_1_787' title='bbox 2513 4910 2929 4990; x_wconf 50' lang='lat' dir='ltr'><strong>Dicit&#39;aliquis“:</strong></span> <span class='ocrx_word' id='word_1_788' title='bbox 2962 4910 3018 4990; x_wconf 64' lang='lat' dir='ltr'><strong>gi</strong></span> <span class='ocrx_word' id='word_1_789' title='bbox 3054 4910 3165 4990; x_wconf 76' lang='lat' dir='ltr'><strong>non</strong></span> <span class='ocrx_word' id='word_1_790' title='bbox 3197 4920 3315 4968; x_wconf 87' lang='lat' dir='ltr'><strong>erat</strong></span> <span class='ocrx_word' id='word_1_791' title='bbox 3350 4912 3565 4990; x_wconf 73' lang='lat' dir='ltr'><strong>tempus</strong></span> <span class='ocrx_word' id='word_1_792' title='bbox 3602 4912 3669 4967; x_wconf 81' lang='lat' dir='ltr'><strong>ﬁ-</strong></span> 
     </span>
    </p>
   </div>
   <div class='ocr_carea' id='block_1_95' title="bbox 410 4963 3665 5059">
    <p class='ocr_par' dir='ltr' id='par_1_95' title="bbox 410 4963 3665 5059">
     <span class='ocr_line' id='line_1_95' title="bbox 410 4963 3665 5059; baseline 0.001 -26"><span class='ocrx_word' id='word_1_793' title='bbox 410 4963 1080 5059; x_wconf 54' lang='lat' dir='ltr'><strong>c.i..‘..;,‘qfania;i;.};.;a</strong></span> <span class='ocrx_word' id='word_1_794' title='bbox 1102 4963 1450 5054; x_wconf 59' lang='grc' dir='ltr'><strong>Ῑὲεῐζὲιῖιὶὲἰ</strong></span> <span class='ocrx_word' id='word_1_795' title='bbox 1484 4963 1807 5059; x_wconf 58' lang='grc' dir='ltr'><strong>ἰὶἷῦξῗιίῖιῖίἱε</strong></span> <span class='ocrx_word' id='word_1_796' title='bbox 1830 4963 2067 5059; x_wconf 65' lang='grc' dir='ltr'><strong>ἐὶιῖᾇῦἷῖ</strong></span> <span class='ocrx_word' id='word_1_797' title='bbox 2082 4963 2665 5059; x_wconf 45' lang='lat' dir='ltr'><strong>agamnam;</strong></span> <span class='ocrx_word' id='word_1_798' title='bbox 2687 4963 3244 5059; x_wconf 54' lang='grc' dir='ltr'><strong>Ῑιὶέἶὲῐιίιῗίξεὶξὲεήἱ</strong></span> <span class='ocrx_word' id='word_1_799' title='bbox 3262 4963 3337 5038; x_wconf 58' lang='grc' dir='ltr'><strong><em>ἴα</em></strong></span> <span class='ocrx_word' id='word_1_800' title='bbox 3352 4963 3665 5059; x_wconf 60' lang='grc' dir='ltr'><strong>ίΝιιῇᾇῐωῖει</strong></span> 
     </span>
    </p>
   </div>
   <div class='ocr_carea' id='block_1_96' title="bbox 408 5051 3667 5129">
    <p class='ocr_par' dir='ltr' id='par_1_96' title="bbox 408 5051 3667 5129">
     <span class='ocr_line' id='line_1_96' title="bbox 408 5051 3667 5129; baseline 0.001 -25"><span class='ocrx_word' id='word_1_801' title='bbox 408 5064 472 5129; x_wconf 66' lang='lat' dir='ltr'><strong>ex</strong></span> <span class='ocrx_word' id='word_1_802' title='bbox 492 5060 553 5129; x_wconf 77' lang='lat' dir='ltr'><strong>te</strong></span> <span class='ocrx_word' id='word_1_803' title='bbox 578 5051 871 5129; x_wconf 82' lang='lat' dir='ltr'><strong>quisquam</strong></span> <span class='ocrx_word' id='word_1_804' title='bbox 887 5055 1137 5129; x_wconf 64' lang='lat' dir='ltr'><strong>fructum</strong></span> <span class='ocrx_word' id='word_1_805' title='bbox 1171 5051 1500 5129; x_wconf 79' lang='lat' dir='ltr'><strong>manducet?</strong></span> <span class='ocrx_word' id='word_1_806' title='bbox 1527 5076 1549 5109; x_wconf 76' lang='grc' dir='ltr'><strong>ι</strong></span> <span class='ocrx_word' id='word_1_807' title='bbox 1575 5057 1780 5129; x_wconf 69' lang='lat' dir='ltr'><strong>Contra</strong></span> <span class='ocrx_word' id='word_1_808' title='bbox 1815 5051 1948 5114; x_wconf 63' lang='lat' dir='ltr'><strong>haac&#39;</strong></span> <span class='ocrx_word' id='word_1_809' title='bbox 1969 5051 2418 5129; x_wconf 66' lang='lat' dir='ltr'><strong>respondemus,</strong></span> <span class='ocrx_word' id='word_1_810' title='bbox 2455 5051 2717 5129; x_wconf 80' lang='lat' dir='ltr'><strong>quoniam</strong></span> <span class='ocrx_word' id='word_1_811' title='bbox 2751 5053 3021 5129; x_wconf 75' lang='lat' dir='ltr'><strong>numerati</strong></span> <span class='ocrx_word' id='word_1_812' title='bbox 3053 5051 3121 5109; x_wconf 88' lang='lat' dir='ltr'><strong>ab</strong></span> <span class='ocrx_word' id='word_1_813' title='bbox 3150 5054 3428 5129; x_wconf 84' lang='lat' dir='ltr'><strong>Apostolo_</strong></span> <span class='ocrx_word' id='word_1_814' title='bbox 3452 5051 3667 5106; x_wconf 80' lang='lat' dir='ltr'><strong>fructus</strong></span> 
     </span>
    </p>
   </div>
   <div class='ocr_carea' id='block_1_97' title="bbox 411 5119 3661 5198">
    <p class='ocr_par' dir='ltr' id='par_1_97' title="bbox 411 5119 3661 5198">
     <span class='ocr_line' id='line_1_97' title="bbox 411 5119 3661 5198; baseline 0 -25"><span class='ocrx_word' id='word_1_815' title='bbox 411 5119 651 5189; x_wconf 60' lang='lat' dir='ltr'><strong>Spiritus</strong></span> <span class='ocrx_word' id='word_1_816' title='bbox 680 5119 853 5179; x_wconf 70' lang='lat' dir='ltr'><strong>sancti</strong></span> <span class='ocrx_word' id='word_1_817' title='bbox 887 5124 942 5180; x_wconf 88' lang='lat' dir='ltr'><strong>hi</strong></span> <span class='ocrx_word' id='word_1_818' title='bbox 967 5133 1116 5192; x_wconf 92' lang='lat' dir='ltr'><strong>sunt,</strong></span> <span class='ocrx_word' id='word_1_819' title='bbox 1153 5125 1417 5191; x_wconf 82' lang='lat' dir='ltr'><strong>charitas,</strong></span> <span class='ocrx_word' id='word_1_820' title='bbox 1445 5128 1734 5195; x_wconf 82' lang='lat' dir='ltr'><strong>gaudium,</strong></span> <span class='ocrx_word' id='word_1_821' title='bbox 1767 5145 1871 5198; x_wconf 77' lang='lat' dir='ltr'><strong>pax</strong></span> <span class='ocrx_word' id='word_1_822' title='bbox 1900 5168 1915 5192; x_wconf 95' lang='lat'><strong>,</strong></span> <span class='ocrx_word' id='word_1_823' title='bbox 1951 5119 2245 5198; x_wconf 75' lang='lat' dir='ltr'><strong>patientia,</strong></span> <span class='ocrx_word' id='word_1_824' title='bbox 2274 5119 2606 5197; x_wconf 81' lang='lat' dir='ltr'><strong>benignitas,</strong></span> <span class='ocrx_word' id='word_1_825' title='bbox 2642 5123 2881 5188; x_wconf 84' lang='lat' dir='ltr'><strong>bonitas,</strong></span> <span class='ocrx_word' id='word_1_826' title='bbox 2913 5122 3067 5188; x_wconf 80' lang='lat' dir='ltr'><strong>ﬁdes,</strong></span> <span class='ocrx_word' id='word_1_827' title='bbox 3108 5119 3490 5187; x_wconf 79' lang='lat' dir='ltr'><strong>mansuetudo,</strong></span> <span class='ocrx_word' id='word_1_828' title='bbox 3527 5136 3661 5176; x_wconf 77' lang='lat' dir='ltr'><strong>con-</strong></span> 
     </span>
    </p>
   </div>
   <div class='ocr_carea' id='block_1_98' title="bbox 476 5266 2002 5344">
    <p class='ocr_par' dir='ltr' id='par_1_98' title="bbox 476 5266 1970 5344">
     <span class='ocr_line' id='line_1_98' title="bbox 476 5266 1970 5344; baseline 0.007 -23"><span class='ocrx_word' id='word_1_829' title='bbox 476 5268 522 5299; x_wconf 80' lang='lat'><strong>&quot;</strong></span> <span class='ocrx_word' id='word_1_830' title='bbox 549 5266 741 5327; x_wconf 79' lang='lat' dir='ltr'><strong>Matth.</strong></span> <span class='ocrx_word' id='word_1_831' title='bbox 774 5287 850 5338; x_wconf 78' lang='lat' dir='ltr'><strong>Vl,</strong></span> <span class='ocrx_word' id='word_1_832' title='bbox 876 5271 979 5338; x_wconf 77' lang='lat'><strong>55;</strong></span> <span class='ocrx_word' id='word_1_833' title='bbox 1018 5271 1150 5328; x_wconf 87' lang='lat' dir='ltr'><strong>Luc.</strong></span> <span class='ocrx_word' id='word_1_834' title='bbox 1184 5287 1280 5339; x_wconf 76' lang='grc' dir='ltr'>ιιι,</span> <span class='ocrx_word' id='word_1_835' title='bbox 1318 5273 1407 5329; x_wconf 79' lang='lat' dir='ltr'><strong>3i.</strong></span> <span class='ocrx_word' id='word_1_836' title='bbox 1486 5275 1532 5307; x_wconf 81' lang='grc'>³³</span> <span class='ocrx_word' id='word_1_837' title='bbox 1565 5274 1732 5331; x_wconf 85' lang='lat' dir='ltr'><strong>Marc.</strong></span> <span class='ocrx_word' id='word_1_838' title='bbox 1763 5292 1839 5341; x_wconf 75' lang='grc' dir='ltr'>ιιι,</span> <span class='ocrx_word' id='word_1_839' title='bbox 1885 5277 1970 5344; x_wconf 80' lang='lat' dir='ltr'><strong>l5,</strong></span> 
     </span>
    </p>
   </div>
   <div class='ocr_carea' id='block_1_99' title="bbox 2101 5266 3223 5344">
    <p class='ocr_par' dir='ltr' id='par_1_99' title="bbox 2166 5267 3223 5340">
     <span class='ocr_line' id='line_1_99' title="bbox 2166 5267 3223 5340; baseline -0.009 -10"><span class='ocrx_word' id='word_1_840' title='bbox 2166 5274 2213 5308; x_wconf 76' lang='lat'><strong>&quot;‘</strong></span> <span class='ocrx_word' id='word_1_841' title='bbox 2242 5272 2363 5330; x_wconf 85' lang='lat' dir='ltr'><strong>Gal.</strong></span> <span class='ocrx_word' id='word_1_842' title='bbox 2393 5289 2445 5340; x_wconf 89' lang='lat' dir='ltr'><strong>v,</strong></span> <span class='ocrx_word' id='word_1_843' title='bbox 2471 5271 2562 5339; x_wconf 72' lang='lat'><strong>29.,</strong></span> <span class='ocrx_word' id='word_1_844' title='bbox 2590 5271 2680 5326; x_wconf 73' lang='lat'><strong>25.</strong></span> <span class='ocrx_word' id='word_1_845' title='bbox 2759 5271 2803 5301; x_wconf 77' lang='grc'>³⁵</span> <span class='ocrx_word' id='word_1_846' title='bbox 2836 5267 3024 5323; x_wconf 79' lang='lat' dir='ltr'><strong>Matth.</strong></span> <span class='ocrx_word' id='word_1_847' title='bbox 3052 5283 3106 5336; x_wconf 91' lang='lat' dir='ltr'><strong>v,</strong></span> <span class='ocrx_word' id='word_1_848' title='bbox 3134 5267 3223 5323; x_wconf 67' lang='grc'><strong>45.</strong></span> 
     </span>
    </p>
   </div>
   <div class='ocr_carea' id='block_1_100' title="bbox 473 5406 1981 5494">
    <p class='ocr_par' dir='ltr' id='par_1_100' title="bbox 473 5406 1981 5494">
     <span class='ocr_line' id='line_1_100' title="bbox 473 5406 1981 5494; baseline 0.007 -34"><span class='ocrx_word' id='word_1_849' title='bbox 610 5408 838 5494; x_wconf 59' lang='grc' dir='ltr'><strong>τμηδὲν</strong></span> <span class='ocrx_word' id='word_1_850' title='bbox 1037 5412 1364 5494; x_wconf 58' lang='grc' dir='ltr'>αῖζοτξντες.</span> <span class='ocrx_word' id='word_1_851' title='bbox 1407 5412 1589 5470; x_wconf 85' lang='lat' dir='ltr'><strong>Codex</strong></span> <span class='ocrx_word' id='word_1_852' title='bbox 1631 5414 1981 5482; x_wconf 82' lang='lat' dir='ltr'><strong>Holmiensis,</strong></span> 
     </span>
    </p>
   </div>
   <div class='ocr_carea' id='block_1_101' title="bbox 405 5468 1362 5550">
    <p class='ocr_par' dir='ltr' id='par_1_101' title="bbox 405 5468 1362 5550">
     <span class='ocr_line' id='line_1_101' title="bbox 405 5468 1362 5550; baseline 0.01 -23"><span class='ocrx_word' id='word_1_853' title='bbox 610 5468 831 5550; x_wconf 69' lang='lat' dir='ltr'><strong>Regius,</strong></span> <span class='ocrx_word' id='word_1_854' title='bbox 860 5480 1027 5550; x_wconf 76' lang='grc' dir='ltr'>μηδὲν</span> <span class='ocrx_word' id='word_1_855' title='bbox 1065 5468 1362 5548; x_wconf 71' lang='grc' dir='ltr'>αἰτοῦντες.</span> 
     </span>
    </p>
   </div>
   <div class='ocr_carea' id='block_1_102' title="bbox 405 5544 1983 5670">
    <p class='ocr_par' dir='ltr' id='par_1_102' title="bbox 405 5544 1983 5670">
     <span class='ocr_line' id='line_1_102' title="bbox 473 5544 1983 5669; baseline 0.009 -71"><span class='ocrx_word' id='word_1_856' title='bbox 473 5544 585 5669; x_wconf 54' lang='grc' dir='ltr'><strong>ᾖὸ)</strong></span> <span class='ocrx_word' id='word_1_857' title='bbox 628 5544 786 5614; x_wconf 77' lang='grc' dir='ltr'>Πρὀ</span> <span class='ocrx_word' id='word_1_858' title='bbox 835 5544 1010 5604; x_wconf 57' lang='grc' dir='ltr'>τοῦτο</span> <span class='ocrx_word' id='word_1_859' title='bbox 1053 5551 1122 5603; x_wconf 80' lang='grc' dir='ltr'>δὲ</span> <span class='ocrx_word' id='word_1_860' title='bbox 1149 5544 1462 5618; x_wconf 71' lang='grc' dir='ltr'><strong>λελέξεται</strong></span> <span class='ocrx_word' id='word_1_861' title='bbox 1508 5553 1597 5608; x_wconf 79' lang='grc' dir='ltr'><strong>ὅτι</strong></span> <span class='ocrx_word' id='word_1_862' title='bbox 1625 5595 1640 5620; x_wconf 98' lang='grc'><strong>,</strong></span> <span class='ocrx_word' id='word_1_863' title='bbox 1679 5566 1787 5611; x_wconf 90' lang='lat' dir='ltr'><strong>etc.</strong></span> <span class='ocrx_word' id='word_1_864' title='bbox 1836 5555 1983 5611; x_wconf 82' lang='lat' dir='ltr'><strong>Idem</strong></span> 
     </span>
     <span class='ocr_line' id='line_1_103' title="bbox 405 5615 1978 5670; baseline 0.003 -4"><span class='ocrx_word' id='word_1_865' title='bbox 405 5615 473 5670; x_wconf 88' lang='lat' dir='ltr'><strong>ha</strong></span> <span class='ocrx_word' id='word_1_866' title='bbox 546 5624 566 5669; x_wconf 84' lang='grc' dir='ltr'><strong>ι</strong></span> <span class='ocrx_word' id='word_1_867' title='bbox 598 5626 788 5670; x_wconf 87' lang='lat' dir='ltr'><strong>auctor</strong></span> <span class='ocrx_word' id='word_1_868' title='bbox 813 5618 1101 5670; x_wconf 79' lang='lat' dir='ltr'><strong>Comment-</strong></span> <span class='ocrx_word' id='word_1_869' title='bbox 1131 5623 1184 5670; x_wconf 80' lang='lat' dir='ltr'><strong>in</strong></span> <span class='ocrx_word' id='word_1_870' title='bbox 1221 5622 1461 5670; x_wconf 77' lang='lat' dir='ltr'><strong>Marcum</strong></span> <span class='ocrx_word' id='word_1_871' title='bbox 1488 5622 1704 5670; x_wconf 70' lang='lat' dir='ltr'><strong>Origeni</strong></span> <span class='ocrx_word' id='word_1_872' title='bbox 1737 5627 1978 5670; x_wconf 64' lang='grc' dir='ltr'><strong>ηςονίηιί-</strong></span> 
     </span>
    </p>
   </div>
   <div class='ocr_carea' id='block_1_103' title="bbox 406 5618 1979 5738">
    <p class='ocr_par' dir='ltr' id='par_1_103' title="bbox 406 5618 1979 5738">
     <span class='ocr_line' id='line_1_104' title="bbox 406 5618 1979 5738; baseline 0.01 -72"><span class='ocrx_word' id='word_1_873' title='bbox 406 5618 578 5738; x_wconf 47' lang='lat' dir='ltr'><strong>“illis:</strong></span> <span class='ocrx_word' id='word_1_874' title='bbox 592 5626 788 5738; x_wconf 55' lang='grc' dir='ltr'>ἔξεισι·</span> <span class='ocrx_word' id='word_1_875' title='bbox 813 5618 1101 5676; x_wconf 81' lang='lat' dir='ltr'><strong>Comment.</strong></span> <span class='ocrx_word' id='word_1_876' title='bbox 1131 5623 1184 5676; x_wconf 80' lang='lat' dir='ltr'><strong>in</strong></span> <span class='ocrx_word' id='word_1_877' title='bbox 1219 5622 1461 5677; x_wconf 76' lang='lat' dir='ltr'><strong>Marcum</strong></span> <span class='ocrx_word' id='word_1_878' title='bbox 1488 5618 1704 5696; x_wconf 82' lang='lat' dir='ltr'><strong>Origeni</strong></span> <span class='ocrx_word' id='word_1_879' title='bbox 1737 5627 1979 5696; x_wconf 87' lang='lat' dir='ltr'><strong>ascripti.</strong></span> 
     </span>
    </p>
   </div>
   <div class='ocr_carea' id='block_1_104' title="bbox 455 5699 674 5739">
    <p class='ocr_par' dir='ltr' id='par_1_104' title="bbox 455 5699 674 5739">
     <span class='ocr_line' id='line_1_105' title="bbox 455 5699 674 5739; baseline -0.009 -1"><span class='ocrx_word' id='word_1_880' title='bbox 455 5700 578 5739; x_wconf 79' lang='lat' dir='ltr'><strong>UE&#39;I&#39;I</strong></span> <span class='ocrx_word' id='word_1_881' title='bbox 592 5699 674 5739; x_wconf 81' lang='lat' dir='ltr'><strong>US.</strong></span> 
     </span>
    </p>
   </div>
   <div class='ocr_carea' id='block_1_105' title="bbox 476 5755 1982 5830">
    <p class='ocr_par' dir='ltr' id='par_1_105' title="bbox 476 5755 1982 5830">
     <span class='ocr_line' id='line_1_106' title="bbox 476 5755 1982 5830; baseline 0.008 -22"><span class='ocrx_word' id='word_1_882' title='bbox 476 5755 588 5823; x_wconf 63' lang='lat'><strong>(69)</strong></span> <span class='ocrx_word' id='word_1_883' title='bbox 647 5756 729 5809; x_wconf 83' lang='grc' dir='ltr'><strong>Οὺ</strong></span> <span class='ocrx_word' id='word_1_884' title='bbox 788 5756 909 5824; x_wconf 78' lang='grc' dir='ltr'>μὴν</span> <span class='ocrx_word' id='word_1_885' title='bbox 979 5760 1049 5814; x_wconf 84' lang='grc' dir='ltr'><strong>ἐν</strong></span> <span class='ocrx_word' id='word_1_886' title='bbox 1103 5761 1399 5829; x_wconf 74' lang='grc' dir='ltr'>οἰικαιρῷ,</span> <span class='ocrx_word' id='word_1_887' title='bbox 1475 5762 1551 5817; x_wconf 81' lang='grc' dir='ltr'><strong>ἵν’</strong></span> <span class='ocrx_word' id='word_1_888' title='bbox 1614 5764 1800 5830; x_wconf 79' lang='grc' dir='ltr'>οὕτως</span> <span class='ocrx_word' id='word_1_889' title='bbox 1849 5766 1982 5819; x_wconf 81' lang='grc' dir='ltr'>ὀνο-</span> 
     </span>
    </p>
   </div>
   <div class='ocr_carea' id='block_1_106' title="bbox 712 5944 741 5961">
    <p class='ocr_par' dir='ltr' id='par_1_106' title="bbox 712 5944 741 5961">
     <span class='ocr_line' id='line_1_107' title="bbox 712 5944 741 5961; baseline 0 0"><span class='ocrx_word' id='word_1_890' title='bbox 712 5944 741 5961; x_wconf 64' lang='grc' dir='ltr'><strong>ο</strong></span> 
     </span>
    </p>
   </div>
   <div class='ocr_carea' id='block_1_107' title="bbox 2081 5403 3663 5485">
    <p class='ocr_par' dir='ltr' id='par_1_107' title="bbox 2081 5403 3663 5485">
     <span class='ocr_line' id='line_1_108' title="bbox 2081 5403 3663 5485; baseline -0.006 -16"><span class='ocrx_word' id='word_1_891' title='bbox 2081 5414 2297 5485; x_wconf 45' lang='grc' dir='ltr'>μάσω,</span> <span class='ocrx_word' id='word_1_892' title='bbox 2328 5412 2610 5485; x_wconf 84' lang='lat' dir='ltr'><strong>Ejusmodi</strong></span> <span class='ocrx_word' id='word_1_893' title='bbox 2653 5409 2879 5485; x_wconf 78' lang='lat' dir='ltr'><strong>nomina</strong></span> <span class='ocrx_word' id='word_1_894' title='bbox 2916 5409 3120 5485; x_wconf 65' lang='lat' dir='ltr'><strong>ﬁngere</strong></span> <span class='ocrx_word' id='word_1_895' title='bbox 3162 5403 3663 5485; x_wconf 45' lang='lat' dir='ltr'><strong>Graecisnfamiliare</strong></span> 
     </span>
    </p>
   </div>
   <div class='ocr_carea' id='block_1_108' title="bbox 2085 5474 3657 5550">
    <p class='ocr_par' dir='ltr' id='par_1_108' title="bbox 2085 5474 3657 5550">
     <span class='ocr_line' id='line_1_109' title="bbox 2085 5474 3657 5550; baseline -0.009 -10"><span class='ocrx_word' id='word_1_896' title='bbox 2085 5474 2188 5540; x_wconf 69' lang='lat' dir='ltr'><strong>est.</strong></span> <span class='ocrx_word' id='word_1_897' title='bbox 2243 5483 2341 5536; x_wconf 92' lang='lat' dir='ltr'><strong>Dio</strong></span> <span class='ocrx_word' id='word_1_898' title='bbox 2368 5474 2553 5550; x_wconf 55' lang='lat' dir='ltr'><strong>&#39;dixit,</strong></span> <span class='ocrx_word' id='word_1_899' title='bbox 2614 5474 3314 5550; x_wconf 34' lang='grc' dir='ltr'>οὑτιμωρίανξΧεμηορίιοη</span> <span class='ocrx_word' id='word_1_900' title='bbox 3365 5474 3657 5550; x_wconf 68' lang='lat' dir='ltr'><strong>(Ecquam.</strong></span> 
     </span>
    </p>
   </div>
   <div class='ocr_carea' id='block_1_109' title="bbox 2085 5522 3662 5673">
    <p class='ocr_par' dir='ltr' id='par_1_109' title="bbox 2085 5522 3662 5673">
     <span class='ocr_line' id='line_1_110' title="bbox 2085 5522 3662 5673; baseline -0.008 -65"><span class='ocrx_word' id='word_1_901' title='bbox 2085 5522 3317 5673; x_wconf 48' lang='grc' dir='ltr'>ἔύξρήυμάταυέηῂιἦξέῖόῗόργεῗόὐκεξουισίαν,</span> <span class='ocrx_word' id='word_1_902' title='bbox 3355 5544 3498 5616; x_wconf 88' lang='lat' dir='ltr'><strong>quod</strong></span> <span class='ocrx_word' id='word_1_903' title='bbox 3539 5545 3662 5602; x_wconf 88' lang='lat' dir='ltr'><strong>ausi</strong></span> 
     </span>
     <span class='ocr_line' id='line_1_111' title="bbox 2086 5616 3258 5673; baseline -0.002 0"><span class='ocrx_word' id='word_1_904' title='bbox 2086 5633 2216 5673; x_wconf 87' lang='lat' dir='ltr'><strong>sunt</strong></span> <span class='ocrx_word' id='word_1_905' title='bbox 2246 5624 2410 5673; x_wconf 85' lang='lat' dir='ltr'><strong>etiam</strong></span> <span class='ocrx_word' id='word_1_906' title='bbox 2446 5622 2646 5673; x_wconf 87' lang='lat' dir='ltr'><strong>imitari</strong></span> <span class='ocrx_word' id='word_1_907' title='bbox 2718 5618 2852 5673; x_wconf 87' lang='lat' dir='ltr'><strong>atini</strong></span> <span class='ocrx_word' id='word_1_908' title='bbox 2886 5618 3154 5672; x_wconf 89' lang='lat' dir='ltr'><strong>nonnulli.</strong></span> <span class='ocrx_word' id='word_1_909' title='bbox 3181 5616 3258 5671; x_wconf 84' lang='lat' dir='ltr'><strong>In.</strong></span> 
     </span>
    </p>
   </div>
   <div class='ocr_carea' id='block_1_110' title="bbox 2086 5616 3258 5679">
    <p class='ocr_par' dir='ltr' id='par_1_110' title="bbox 2086 5616 3258 5679">
     <span class='ocr_line' id='line_1_112' title="bbox 2086 5616 3258 5679; baseline -0.007 0"><span class='ocrx_word' id='word_1_910' title='bbox 2086 5616 2216 5679; x_wconf 57' lang='lat' dir='ltr'><strong>sunt</strong></span> <span class='ocrx_word' id='word_1_911' title='bbox 2243 5616 2410 5676; x_wconf 65' lang='lat' dir='ltr'><strong>etiam</strong></span> <span class='ocrx_word' id='word_1_912' title='bbox 2446 5622 2646 5675; x_wconf 85' lang='lat' dir='ltr'><strong>imitari</strong></span> <span class='ocrx_word' id='word_1_913' title='bbox 2676 5616 2852 5673; x_wconf 84' lang='lat' dir='ltr'><strong>Latini</strong></span> <span class='ocrx_word' id='word_1_914' title='bbox 2886 5618 3154 5672; x_wconf 89' lang='lat' dir='ltr'><strong>nonnulli.</strong></span> <span class='ocrx_word' id='word_1_915' title='bbox 3181 5616 3258 5671; x_wconf 83' lang='lat' dir='ltr'><strong>In.</strong></span> 
     </span>
    </p>
   </div>
   <div class='ocr_carea' id='block_1_111' title="bbox 2157 5684 3669 5774">
    <p class='ocr_par' dir='ltr' id='par_1_111' title="bbox 2157 5684 3669 5774">
     <span class='ocr_line' id='line_1_113' title="bbox 2157 5684 3669 5774; baseline -0.007 -26"><span class='ocrx_word' id='word_1_916' title='bbox 2157 5692 2491 5774; x_wconf 40' lang='lat' dir='ltr'><strong>(50l.Codex</strong></span> <span class='ocrx_word' id='word_1_917' title='bbox 2519 5691 2742 5761; x_wconf 72' lang='lat' dir='ltr'><strong>Regius,</strong></span> <span class='ocrx_word' id='word_1_918' title='bbox 2770 5686 2948 5743; x_wconf 87' lang='grc' dir='ltr'>σύκων</span> <span class='ocrx_word' id='word_1_919' title='bbox 2973 5691 3073 5762; x_wconf 73' lang='grc' dir='ltr'><strong>τῆς</strong></span> <span class='ocrx_word' id='word_1_920' title='bbox 3095 5687 3315 5757; x_wconf 85' lang='grc' dir='ltr'>ἀγάπης</span> <span class='ocrx_word' id='word_1_921' title='bbox 3336 5684 3509 5749; x_wconf 83' lang='grc' dir='ltr'>διδοὺς</span> <span class='ocrx_word' id='word_1_922' title='bbox 3537 5684 3669 5747; x_wconf 68' lang='grc' dir='ltr'><strong>τὼς</strong></span> 
     </span>
    </p>
   </div>
   <div class='ocr_carea' id='block_1_112' title="bbox 2086 5779 2347 5833">
    <p class='ocr_par' dir='ltr' id='par_1_112' title="bbox 2086 5779 2347 5833">
     <span class='ocr_line' id='line_1_114' title="bbox 2086 5779 2347 5833; baseline -0.008 -17"><span class='ocrx_word' id='word_1_923' title='bbox 2086 5779 2347 5833; x_wconf 78' lang='grc' dir='ltr'>καρπούς.</span> 
     </span>
    </p>
   </div>
  </div>
