4074 6300
455 367 595 422 H73

1930 362 2254 419 ()RIGENIS

3593 382 3729 435 H76

453 487 654 539 tionem
707 483 899 537 Joanni
951 479 1205 550 Baptista:
1237 479 1394 533 ﬁdem
1425 480 1789 535 detraxissent
1816 496 1832 534 ‘:
1864 491 2026 550 atque

2131 484 2256 545 τοὺς
2287 481 2645 553 πυθομένους,
2691 484 2777 538 ἵνα
2806 485 2931 557 δόξῃ
2971 488 3155 552 αὐτοῖς
3190 492 3428 562 εὐλόγως
3471 496 3548 569 μὴ
3594 499 3721 550 ἀπο-

453 581 524 630 ita
555 576 792 630 vicissim
825 571 1206 641 interrogando
1231 570 1366 625 duas
1398 586 1486 625 res
1530 571 1868 636 confecisse;
1905 587 2029 624 nam

450 678 670 737 propter
716 665 874 718 (idem
925 661 1120 717 Joanni
1171 661 1471 716 detractam
1526 677 1618 716 eos
1659 662 2030 729 insimulasse,

452 762 968 824 percontatoresque
992 767 1123 808 suos
1156 752 1230 806 ita
1266 751 1607 815 distraxissc,
1639 761 1698 805 ut
1722 753 2032 821 responsio~

449 862 572 899 nem
619 845 752 916 ipsis
784 861 906 900 cum
940 845 1154 898 ratione
1197 858 1306 898 non
1333 843 1549 897 dedisse
1583 844 1879 899 videretur.
1934 843 2032 899 Hic

446 953 578 992 vero
606 939 801 993 dixerit
831 939 1105 1008 quispiam
1147 937 1437 991 ridiculum
1481 936 1650 992 fuisse
1682 937 1734 990 id
1765 953 2029 1007 quaerere,

449 1031 502 1084 in
548 1046 659 1100 qua
704 1038 970 1098 potestate
1018 1028 1178 1082 Jesus
1231 1028 1346 1082 haec
1393 1027 1627 1096 faceret;
1662 1043 1762 1083 nec
1795 1029 1940 1082 enim
1976 1029 2030 1082 in

447 1123 646 1178 diaboli
679 1131 944 1192 potestate
974 1137 1036 1174 ea
1066 1136 1124 1175 se
1154 1121 1334 1174 facere
1387 1135 1782 1191 responsurum
1813 1117 1983 1174 fuisse
2011 1135 2025 1183 ;

447 1233 625 1287 neque
654 1216 706 1271 id
739 1231 870 1270 sane
900 1229 1293 1284 responsurum
1333 1229 1442 1268 non
1483 1213 1654 1268 fuisse
1683 1212 2030 1268 Servatorem

447 1309 622 1364 solum
657 1308 801 1372 dico,
835 1305 930 1360 sed
963 1321 1063 1361 nec
1093 1323 1110 1354 ι
1145 1305 1422 1360 hominem
1449 1304 1679 1375 peccati,
1715 1304 1808 1373 qui
1837 1304 2034 1358 adver-

446 1409 599 1455 satur
633 1409 688 1454 et
713 1399 990 1453 extollitur
1039 1412 1202 1467 supra
1233 1411 1396 1452 omne
1449 1395 1593 1464 quod
1637 1395 1839 1449 dicitur
1865 1393 2029 1462 Deus,

445 1500 542 1546 aut
588 1489 734 1560 quod
779 1489 979 1544 colitur
1008 1488 1055 1520 "'
1079 1528 1094 1551 ,
1132 1507 1150 1539 ι
1189 1487 1472 1542 veritatem
1509 1486 1919 1541 sciscitantibus
1945 1486 2030 1540 di-

445 1595 662 1638 cturum
702 1597 760 1637 se
804 1583 859 1636 in
898 1581 1098 1636 diaboli
1148 1588 1413 1650 potestate
1450 1580 1680 1634 virtutes
1711 1594 1936 1642 omnes,
1968 1594 2032 1634 ac

446 1676 601 1741 signa
642 1681 698 1726 et
732 1680 978 1741 portenta
1035 1669 1197 1724 edere
1219 1711 1234 1734 ,
1284 1669 1484 1739 quibus
1520 1677 1783 1723 terrorem
1813 1666 2027 1730 incutit,

445 1774 499 1820 et
529 1765 677 1833 ipsos
724 1763 913 1827 etiam,
969 1762 1015 1817 si
1051 1761 1166 1816 ﬁeri
1216 1761 1422 1832 possit,
1467 1759 1670 1815 electos
1707 1759 1940 1828 decipiet
1961 1759 2026 1812 ³⁸.

2136 575 2436 644 κρίνεσθαι.
2473 575 2609 627 Ἀλλ’
2636 577 2776 629 εἴποι
2800 594 2883 640 τις
2917 578 2982 632 ἂν
3018 582 3150 652 πρὸς
3175 583 3368 647 ταῦτα,
3400 587 3484 638 ὅτι
3517 588 3724 656 γελοῖον

2132 660 2199 736 ἦν
2233 666 2292 718 τὸ
2322 667 2684 721 πυνθάνεσθαι
2728 670 2786 720 ὲν
2833 669 2962 740 ποίᾳ
3014 672 3229 744 ἐξουσία
3270 677 3444 731 ταῦτα
3489 681 3663 735 ἐποίει
3702 686 3725 736 ὁ

2148 757 2382 828 Ἰησοῦς⁹
2415 760 2515 812 οὐκ
2554 759 2620 812 ἂν
2649 759 2756 830 γὰρ
2790 761 3142 831 ἀπεκρίνατο,
3171 766 3253 818 ὅτι
3295 771 3352 820 ὲν
3395 773 3460 840 τῇ
3492 771 3587 825 τοῦ
3615 773 3716 828 διαο

2134 848 2289 902 ἧόλου
2325 847 2543 921 ἐξουσίᾳ
2569 867 2582 881 ο
2609 852 2702 904 καὶ
2734 850 2794 903 οὔ
2829 869 2989 922 φημι,
3021 855 3102 907 ὅτι
3134 857 3162 907 ὀ
3197 859 3388 931 Σωτὴρ
3421 862 3581 916 τοῦτο
3627 866 3724 918 οὐκ

2133 939 2198 993 ἂν
2227 941 2577 1013 ἀπεκρίνατο,
2601 941 2713 996 ἀλλ’
2741 943 2860 997 οὐδὲ
2885 963 2904 995 ι
2930 946 2958 998 ό
2983 945 3080 1000 ἀνθ
3091 964 3270 1016 ρωπος
3297 951 3393 1022 τῆς
3417 954 3721 1027 ἁμαρτίας,

2131 1033 2158 1084 ὁ
2187 1033 2581 1104 ἀντικείμενος,
2611 1034 2704 1087 καὶ
2730 1035 3090 1108 ἐπαιρόμενος
3113 1039 3206 1091 ἐπὶ
3227 1041 3397 1095 πάντα
3421 1043 3720 1117 λεγόμενον

2130 1123 2263 1176 Θεὸν
2316 1124 2349 1194 ἢ
2403 1123 2653 1195 σέϐασμα
2685 1144 2705 1176 ι
2739 1127 2883 1179 εῐποι
2931 1127 2998 1180 ἂν
3044 1131 3157 1192 τοῖς
3193 1131 3612 1204 ’πυνθανομένοις
3657 1138 3719 1191 τὸ

2133 1211 2350 1283 ἀληθὲς,
2381 1213 2463 1266 ὅτι
2494 1215 2551 1265 ὲν
2583 1216 2647 1284 τῇ
2678 1212 2774 1267 τοῦ
2805 1215 3050 1270 διαϐόλου
3089 1217 3309 1291 ἐξουσίᾳ
3349 1227 3494 1276 ποιεῖ
3537 1228 3722 1280 πᾶσαν

2131 1303 2384 1374 δύναμιν,
2411 1305 2504 1359 καὶ
2533 1309 2752 1377 σημεῖα,
2784 1307 2877 1360 καὶ
2905 1308 3127 1382 τέρατα,
3151 1312 3209 1363 ὲν
3234 1307 3314 1375 οἷς
3339 1316 3722 1387 καταπλήσσει

2131 1414 2240 1458 ται,
2267 1397 2359 1449 καὶ
2380 1395 2774 1469 ἀποπλανήσει,
2799 1401 2845 1451 εί
2871 1399 3113 1465 δυνατὸν,
3138 1404 3231 1456 καὶ
3256 1405 3383 1466 τοὺς
3409 1403 3712 1473 ἐκλεκτούς.

2131 1488 2194 1539 Εἰ
2216 1486 2271 1540 δὲ
2303 1485 2424 1539 οὐδὲ
2454 1488 2663 1552 ἐκεῖνος
2690 1487 2836 1542 εἴποι
2871 1490 2953 1543 ἂψ
2969 1493 3027 1544 ὲν
3056 1495 3120 1563 τῇ
3157 1493 3250 1546 τοῦ
3275 1495 3523 1550 διαϐόλου
3565 1500 3712 1563 ἐξου-

2134 1577 2225 1648 σίᾳ
2257 1581 2432 1631 ποιεῖν
2459 1577 2529 1631 τά
2557 1580 2780 1650 σημεῖα,
2816 1599 2834 1631 ‹
2875 1582 2970 1634 καὶ
3001 1585 3071 1636 τὰ
3108 1583 3312 1655 τέρατα
3341 1587 3434 1639 τοῦ
3470 1587 3710 1657 ψεύδους,

2131 1665 2199 1720 τὰ
2225 1668 2280 1720 ὲν
2315 1667 2463 1739 πάσῃ
2499 1669 2683 1740 ἀπάτῃ
2718 1669 2931 1734 ἀδικίας
2961 1675 3071 1736 τοῖς
3111 1673 3506 1746 ἀπολλυμένοις
3541 1697 3560 1731 ι
3597 1682 3713 1735 ἐπι-

2131 1757 2450 1829 τελούμενα,
2495 1760 2648 1830 πόσῳ
2691 1760 2850 1814 πλέον
2885 1765 2912 1815 ὁ
2946 1763 3134 1836 Σωτὴρ
3173 1766 3273 1819 οὐκ
3306 1767 3394 1835 ἂν,
3425 1771 3473 1822 εἰ
3519 1773 3611 1826 καὶ
3641 1773 3713 1843 μὴ

445 1856 599 1923 Quod
627 1857 672 1912 si
699 1870 767 1910 ne
794 1856 840 1910 is
866 1854 1086 1925 quidem
1131 1854 1184 1907 in
1227 1861 1496 1922 potestate
1545 1852 1746 1910 diaboli
1777 1853 1939 1906 edere
1969 1866 2026 1905 se

2133 1848 2538 1920 ἀντηρώτησεν,
2582 1851 2709 1905 ἀλλο
2753 1869 2802 1905 τι
2848 1835 3178 1924 ἀπεκρίνατο
3222 1857 3254 1928 ἢ
3303 1858 3384 1912 ὅτι
3417 1862 3474 1912 ἐν
3517 1866 3582 1933 τῇ
3623 1835 3713 1918 τοῦ

447 1949 603 2018 signa
635 1949 945 2011 conﬁtetur,
983 1966 1001 1996 ι
1035 1955 1087 2000 et
1123 1945 1370 2015 prodigia
1400 1944 1564 2014 766
1594 1943 1885 2008 mendacii,
1906 1957 2028 2011 qua:

447 2043 504 2097 in
534 2041 682 2096 omni
717 2039 1028 2096 seductione
1066 2037 1395 2107 iniquitatis,
1432 2036 1498 2091 iis
1531 2034 1626 2104 qui
1658 2043 1890 2105 pereunt
1913 2035 1979 2100 ³⁸,
2005 2054 2023 2085 ι

448 2131 837 2202 perﬁciuntur;
871 2137 1078 2198 quanto
1114 2128 1288 2198 magis
1321 2125 1601 2189 Servator,
1635 2124 1852 2180 etiamsi
1889 2123 2028 2178 reci-

2133 1937 2303 2002 Θεοῦ;
2347 1939 2490 2009 Πρὸς
2529 1939 2586 1992 δὲ
2627 1940 2726 2013 τὴν
2763 1941 2936 2006 οὕτως
2965 1945 3219 2016 προφανῆ
3267 1948 3580 2020 ἀπόκρισιν,
3623 1955 3715 2006 καὶ

2135 2027 2376 2092 ἐκείνους
2412 2029 2794 2096 πυνθάνεσθαι,
2827 2032 2922 2084 καὶ
2949 2031 3040 2086 τὸν
3063 2035 3292 2106 Σωτῆρα
3325 2037 3398 2110 μὴ
3431 2039 3717 2112 ἀποκρίνε-

2139 2123 2282 2186 σθαι,
2312 2123 2504 2194 εὔηθες
2535 2121 2673 2178 εἷναί
2707 2143 2798 2196 μοι
2824 2127 3088 2195 φαίνεται.

451 2238 672 2290 procam
702 2222 1060 2291 quaestionem
1110 2234 1218 2274 non
1249 2218 1576 2288 objecisset,
1624 2216 1770 2271 aliud
1799 2217 2173 2286 respondisset
2222 2217 2377 2283 nihil,
2426 2233 2592 2287 quam
2652 2233 2712 2273 se
2764 2219 2878 2274 hac
2929 2218 3110 2275 facere
3162 2222 3215 2275 in
3255 2221 3348 2276 Dei
3407 2231 3714 2294 potestate?

444 2319 812 2384 Quaestionem
866 2317 1030 2387 igitur
1059 2331 1154 2371 eos
1184 2315 1557 2385 proposuisse,
1593 2313 1659 2368 ad
1689 2329 1852 2383 quam
1886 2311 2062 2368 facilis
2090 2314 2223 2366 adeo
2269 2323 2388 2367 erat
2441 2322 2494 2368 et
2547 2314 2793 2384 expedita
2833 2315 3137 2386 responsio,
3188 2317 3253 2374 ad
3305 2332 3537 2390 eamque
3591 2319 3716 2376 Ser-

445 2423 684 2469 vatorem
739 2427 849 2467 non
893 2411 1262 2483 respondisse,
1319 2411 1370 2467 id
1418 2410 1599 2464 dicere
1641 2409 1856 2476 videtur
1881 2407 2016 2462 mihi
2057 2408 2474 2478 perabsurdum.

513 2505 568 2558 ἓ.
629 2503 760 2557 \‘ide
784 2517 914 2572 ergo
942 2515 1121 2555 annon
1148 2498 1377 2554 hrecsit
1409 2498 1574 2568 hujus
1603 2498 1709 2552 loci
1744 2496 2020 2567 signitice-

446 2597 521 2650 tio
554 2615 567 2650 :
603 2595 657 2649 in
686 2581 779 2648 Dei
811 2592 1094 2663 sapientia,
1127 2607 1248 2662 quae
1272 2591 1584 2646 divinarum
1619 2589 2022 2644 humanarum-

444 2702 552 2758 que
598 2701 818 2750 rerum,
868 2693 923 2738 et
967 2683 1172 2752 quibus
1218 2682 1323 2736 illae
1373 2696 1442 2736 ex
1489 2680 1672 2734 causis
1724 2677 2026 2748 proﬂuent,

445 2777 729 2834 scientiam
769 2775 1202 2846 comprehendit,
1235 2772 1505 2843 ejusmodi
1553 2771 1798 2826 thesauri
1839 2771 2020 2826 conti-

446 2878 667 2934 nentur,
695 2869 886 2937 quales
916 2864 1196 2935 sapientiae
1224 2871 1278 2918 et
1304 2863 1549 2918 scientia:
1581 2862 1872 2917 thesauros
1899 2874 2022 2914 esse

445 2957 600 3012 decet
625 2957 704 3023 '7;
755 2971 822 3010 ac
857 2956 894 3009 ii
927 2955 1147 3025 quidem
1186 2961 1314 3008 sunt
1356 2951 1661 3007 absconditi
1695 2969 1708 3003 :
1745 2959 1799 3004 et
1821 2949 1867 3004 si
1901 2947 2027 3018 quis

445 3048 643 3118 dignus
677 3047 897 3101 habitus
944 3054 1026 3102 est
1051 3045 1143 3115 qui
1181 3063 1200 3096 ι
1236 3044 1421 3099 audiat
1449 3057 1648 3098 arcana
1675 3041 1860 3106 verba,
1905 3054 2028 3108 quae

447 3156 556 3196 non
584 3140 708 3193 licet
735 3138 944 3193 homini
975 3137 1122 3206 loqui
1147 3137 1190 3168 ³⁸
1213 3175 1226 3198 ,
1269 3155 1287 3188 ι
1323 3135 1369 3190 is
1402 3133 1719 3203 cognoverit
1754 3151 1772 3183 ι
1806 3131 2025 3201 sapien-

447 3231 578 3285 tiam
607 3231 659 3284 in
694 3229 953 3300 mysterio
989 3225 1385 3291 absconditam,
1425 3240 1586 3296 quam
1619 3221 2028 3294 prazdestinavit

2199 2497 2410 2569 Μήποτ’
2437 2491 2532 2550 οὖν
2560 2496 2631 2550 τὰ
2652 2499 2791 2552 κατὰ
2816 2500 2906 2553 τὸν
2928 2502 3089 2554 τόπον
3117 2502 3315 2556 τοιαῦτ’
3346 2504 3493 2556 ἐστίν
3522 2520 3534 2532 ·
3564 2504 3622 2556 ὲν
3641 2503 3709 2572 τῇ

2131 2587 2291 2658 σοφία
2308 2586 2403 2640 τοῦ
2418 2586 2552 2640 Θεοῦ
2567 2589 2896 2662 περιεχούσῃ
2912 2591 3214 2664 ἐπιστήμην
3231 2592 3384 2646 θείων
3402 2594 3495 2646 καὶ
3506 2593 3604 2646 ἀνθ
3613 2611 3716 2664 ρω-

2129 2679 2298 2732 πίνων
2323 2679 2686 2750 πραγμάτων,
2707 2681 2802 2736 καὶ
2817 2682 2925 2736 τῶν
2945 2683 3148 2736 τούτων
3169 2684 3483 2748 αἰτιῶν,εἱσὶ
3504 2684 3714 2756 θησαυ-

2131 2769 2236 2841 ροὶ,
2253 2769 2470 2833 ὁποίους
2489 2769 2569 2822 δεῖ
2581 2768 2720 2824 εἶναι
2732 2773 2856 2835 τοὺς
2873 2772 2968 2843 τῆς
2987 2772 3177 2842 σοφίας
3193 2771 3497 2846 θησαυροὺς
3511 2774 3714 2844 καὶτῆς

2129 2860 2404 2928 γνώσεως·
2437 2861 2530 2913 καὶ
2557 2861 2694 2915 εἰσὶν
2725 2856 2870 2916 οὗτοι
2894 2864 3225 2934 ἀπόκρυφον
3262 2866 3355 2919 καὶ
3381 2867 3433 2918 ετ
3454 2883 3536 2928 τις
3565 2867 3710 2918 ἐστὶν

2135 2954 2412 3019 ἀξιωθεὶς(
2435 2953 2716 3009 εἰδέναιτά
2733 2957 2945 3027 ἄρρητα
2963 2959 3186 3029 ῥήματα
3211 2957 3246 3011 ἀ
3267 2959 3367 3010 οὐκ
3389 2957 3591 3022 ἔξεστιν
3615 2960 3708 3010 ἀν-

2131 3045 2158 3096 0
2168 3042 2334 3114 ρώπῳ
2363 3042 2616 3113 λαλῆσαι,
2631 3063 2648 3094 ι
2671 3043 2835 3115 εἰδείη
2857 3044 2921 3097 ἂν
2958 3064 2976 3096 ι
2997 3045 3095 3116 τὴν
3115 3041 3182 3098 ὲν
3205 3047 3490 3119 μυστηρίῳ
3521 3047 3706 3116 σοφίαν

2129 3135 2223 3204 τὴν
2239 3133 2758 3205 ἀποκεκρυμμένην,
2776 3134 2841 3205 ἢν
2855 3134 3160 3206 προώρισεν
3173 3139 3200 3189 ὁ
3211 3137 3342 3200 Θεὸς
3354 3138 3461 3209 πρὸ
3473 3138 3577 3190 τῶν
3589 3136 3712 3190 αἰώ-

2130 3243 2237 3279 νων
2262 3227 2342 3288 είς
2352 3225 2508 3292 δόξαν
2535 3247 2552 3277 ι
2569 3225 2676 3277 τῶν
2690 3224 2930 3280 δικαίων.
2947 3227 3097 3280 Εἰσὶν
3112 3224 3203 3282 οὖν
3221 3230 3275 3281 ὲν
3287 3232 3399 3292 τοῖς
3408 3229 3509 3299 τῆς
3523 3230 3710 3298 σοφίας

449 3321 591 3376 Deus
616 3330 742 3375 ante
773 3319 970 3375 srecula
1000 3319 1053 3372 in
1083 3318 1314 3387 gloriam
1353 3337 1370 3369 ι
1412 3317 1687 3386 justorum
1715 3315 1780 3370 ³³.
1851 3315 1906 3368 In
1941 3329 2026 3369 re-

2131 3316 2341 3386 καὶτῆς
2373 3315 2627 3384 γνώσεως
2661 3317 3003 3388 ἀποκρύφοις
3027 3317 3319 3391 θησαυροῖς
3347 3320 3493 3388 λόγοι
3529 3320 3710 3390 βαθεῖς

447 3411 682 3467 conditis
724 3424 856 3480 ergo
905 3408 1187 3480 sapientiae
1211 3416 1265 3462 et
1297 3407 1540 3462 scientiae
1588 3405 1863 3461 thesauris
1889 3419 2014 3475 pro-

448 3503 614 3557 funda
658 3500 925 3556 delitescit
955 3507 1010 3554 et
1041 3513 1240 3555 arcana
1281 3498 1525 3554 doctrina
1561 3497 1629 3553 de
1656 3496 1889 3552 diversis
1921 3511 2021 3567 po-

450 3591 737 3648 testatibus
760 3632 776 3659 ,
804 3607 926 3662 quae
954 3589 1254 3662 generatim
1301 3589 1520 3660 quidem
1551 3588 1673 3644 dua:
1703 3595 1872 3654 sunt,
1900 3602 2023 3654 spe-

446 3685 631 3740 ciatim
658 3698 787 3740 vero
825 3683 880 3738 in
927 3692 1158 3752 utraque
1187 3681 1401 3735 illarum
1431 3680 1612 3750 plures
1639 3689 1692 3734 et
1717 3679 2024 3748 incompre-

449 3777 746 3834 hensibiles
769 3777 1141 3831 continentur.
1185 3772 1345 3830 Tales
1376 3782 1558 3828 autem
1589 3781 1717 3828 sunt
1743 3772 2026 3843 generales

450 3873 556 3926 illa:
599 3871 720 3925 dua:
769 3877 1063 3940 potestates
1112 3886 1125 3922 :
1162 3867 1281 3922 alia!
1327 3867 1381 3921 in
1416 3867 1782 3938 praestantiori
1833 3865 2028 3920 ordine

2130 3408 2223 3461 καὶ
2267 3407 2567 3480 ἀπόρρητοι
2597 3409 2726 3479 περὶ
2744 3408 3015 3480 διαφόρων
3033 3409 3310 3478 ἐξουσιῶν,
3341 3412 3573 3479 γενικῶς
3609 3413 3710 3482 μὲν

2130 3499 2242 3564 δύο,
2269 3498 2452 3563 ίδικῶς
2472 3498 2667 3553 δὲκαθ’
2695 3500 2960 3572 ἑκατέραν
2981 3501 3090 3554 τῶν
3105 3501 3197 3554 δύο
3221 3501 3461 3566 πλείονες
3477 3504 3570 3556 καὶ
3581 3503 3706 3556 δυση

2132 3591 2414 3664 θεώρητοι.
2445 3594 2509 3645 Αἱ
2547 3591 2604 3645 δὲ
2643 3593 2859 3662 γενικαὶ
2883 3592 2976 3646 δύο
3003 3591 3240 3658 ἐξουσίαι
3267 3593 3510 3648 τοιαῦταί
3534 3595 3669 3648 εἰσιν
3689 3611 3703 3623 ·

2130 3685 2186 3736 αἱ
2238 3684 2335 3754 μέν
2377 3685 2484 3736 εἰσι
2528 3682 2624 3736 τοῦ
2671 3685 2977 3756 κρείττονος
3029 3686 3334 3756 τάγματος’
3390 3686 3481 3740 καὶ
3521 3686 3710 3760 ὥσπερ

2127 3775 2264 3828 εἰσὶν
2311 3773 2587 3846 ἄνθρωποι
2626 3775 2761 3828 Θεοῦ
2809 3776 2907 3846 οὐχ
2951 3777 3002 3828 οἱ
3041 3779 3312 3848 τυχόντες,
3344 3779 3437 3831 καὶ
3484 3779 3709 3847 ἄγγελοι

2128 3869 2265 3924 Θεοῦ
2303 3870 2584 3941 μακάριοι,
2613 3870 2707 3922 καὶ
2742 3870 3014 3941 προφῆται
3055 3869 3149 3923 τοῦ
3186 3871 3318 3924 Θεοῦ
3348 3870 3708 3943 θεοφορούμε-

447 3973 773 4027 censentur;
827 3970 880 4016 et
927 3960 1387 4030 quemadmodum
1421 3958 1644 4028 quidam
1691 3966 1820 4012 sunt
1851 3958 2026 4012 homi-

2131 3976 2239 4013 νοι·
2271 3957 2443 4020 οὕτως
2488 3958 2594 4011 εἰσί
2637 3975 2779 4021 τινες
2824 3957 3063 4022 ἐξουσίαι
3090 3960 3183 4013 τοῦ
3221 3960 3378 4025 Θεοῦ,
3412 3961 3539 4034 περὶ
3570 3957 3644 4014 ὦν
3676 3964 3706 4015 ὁ

451 4070 548 4110 nes
580 4053 673 4108 Dei
710 4067 817 4107 non
848 4052 1132 4117 vulgares,
1179 4058 1233 4106 et
1267 4049 1444 4120 angeli
1479 4049 1571 4104 Dei
1603 4049 1785 4114 beati,
1823 4058 1876 4104 et
1903 4063 2026 4118 pro-

2144 4049 2464 4114 Ἀπόστολος
2518 4049 2753 4120 Χριστὸν
2804 4049 3095 4120 δοξολογῶν
3145 4051 3289 4120 λέγει
3343 4053 3399 4104 ὲν
3452 4055 3515 4124 τῇ
3571 4053 3706 4124 πρὸς

1642 4161 1874 4219 VETUS
1912 4161 2492 4220 INTERPRETATIO.

451 4280 803 4352 responderet
839 4283 983 4351 quod
1021 4292 1136 4338 erat
1175 4299 1361 4338 verum
1389 4323 1402 4348 ,
1443 4284 1702 4351 quoniam
1746 4283 1797 4336 in
1842 4291 2108 4352 poteSIate
2143 4281 2342 4352 diaboli
2400 4279 2532 4334 facit
2568 4297 2757 4352 omnes
2796 4283 3022 4337 virtutes
3048 4323 3063 4348 ,
3091 4280 3167 4352 et'
3197 4281 3348 4350 signa
3375 4321 3390 4345 ,
3429 4291 3482 4335 et
3519 4283 3705 4352 prodi-

451 4349 578 4434 gia,
620 4351 821 4432 quibus
857 4349 1505 4434 seducat,_.si.possibi_le
1541 4365 1660 4434 est,
1699 4363 1752 4408 et
1789 4349 1988 4432 electos
2013 4351 2142 4434 ’θεῖς
2227 4349 2589 4434 SiOergohne‘e
2630 4351 2716 4434 ille
2755 4352 2956 4431 diceret
2990 4367 3048 4406 se
3087 4351 3142 4405 iu
3183 4359 3449 4420 potestate
3503 4349 3701 4431 diaboli

455 4420 631 4492 facere
673 4439 694 4472 ι
738 4422 891 4492 signa
930 4430 983 4492 et
1022 4420 1267 4492 prodigia
1307 4423 1589 4478 mendacia
1629 4424 1683 4476 in
1726 4423 1899 4492 omni
1935 4422 2251 4476 seductione
2301 4420 2604 4489 iniquitatis
2644 4421 2728 4492 his
2766 4421 2857 4492 qui
2898 4431 3155 4492 pereunt,
3207 4441 3225 4471 ι
3286 4433 3492 4492 quanto
3529 4423 3700 4492 magis

455 4491 718 4547 Dominus
757 4499 811 4562 et
852 4489 1117 4562 Salvator,
1160 4489 1502 4562 nequaquam
1528 4533 1542 4557 ,
1577 4493 1703 4562 Aetsi
1740 4506 1848 4546 non
1890 4491 2281 4562 interrogasset
2317 4500 2541 4544 econtra
2566 4531 2582 4555 ,
2624 4489 2795 4562 aliud:
2826 4489 3030 4560 aliquid
3068 4489 3419 4562 responderet
3445 4530 3460 4554 ,
3503 4491 3605 4546 nisi
3626 4489 3697 4544 'in

455 4571 722 4633 potestate
759 4560 892 4616 Dei?
931 4560 1010 4633 Ad
1052 4561 1211 4633 talem
1250 4560 1379 4633 ergo
1417 4560 1919 4633 manifestissimam
1961 4560 2238 4633 rationein
2271 4561 2490 4624 horum,
2529 4569 2595 4633 et_
2623 4560 2744 4613 illos
2785 4561 3235 4633 interrogare,_et
3270 4560 3547 4633 Christum
3590 4575 3695 4614 non

455 4629 818 4704 respondere,
881 4631 1015 4685 satis
1055 4631 1185 4704 utile
1225 4629 1368 4704 milii
1399 4632 1630 4685 videtur.
1708 4630 1763 4686 Si
1803 4631 1928 4700 quis
1967 4639 2146 4684 autem
2177 4629 2370 4704 _di_rat_,
2430 4630 2689 4704 quoniam
2731 4644 2839 4704 non
2883 4631 3288 4704 interrogabant
3326 4630 3597 4704 principes
3630 4639 3696 4704 ut

451 4698 734 4757 audientes
769 4702 1062 4764 discerent,
1088 4701 1180 4755 sed
1223 4712 1280 4755 ut
1316 4701 1468 4755 illum
1510 4710 1774 4757 terrerent
1816 4698 1834 4755 Ξ
1873 4709 2062 4770 utputa
2089 4741 2104 4766 ,
2146 4700 2192 4754 si
2233 4699 2363 4753 facit
2402 4698 2601 4770 aliquis
2638 4699 2783 4767 quod
2819 4699 2976 4754 nobis
3017 4715 3126 4753 non
3165 4700 3342 4770 placet
3382 4699 3434 4770 in
3475 4699 3696 4770 nostris,

453 4772 684 4828 dicimus
721 4771 772 4826 ei
814 4789 828 4825 :
870 4770 1006 4838 Quis
1045 4779 1095 4824 te
1126 4771 1294 4840 jussit
1333 4771 1436 4826 hoc
1471 4770 1689 4825 facere?
1743 4785 1850 4825 non
1893 4768 2137 4825 volentes
2176 4769 2403 4834 audire,
2442 4769 2558 4840 sed
2616 4785 2738 4840 eum
2771 4775 3048 4840 terrentes
3073 4807 3087 4830 ,
3129 4779 3187 4823 ut
3227 4768 3316 4822 ille
3353 4769 3532 4840 sciens
3567 4769 3695 4838 quia

453 4856 614 4922 nemo
649 4857 781 4922 eum,
811 4838 1377 4922 jussit,._reeedat.ab
1408 4853 1532 4922 actu
1574 4859 1586 4895 :
1629 4843 1708 4896 sic
1745 4851 1797 4895 et
1835 4840 2104 4922 principes
2150 4838 2571 4922 interrogabant
2628 4838 2920 4892 Dominum
2981 4846 3243 4922 terrentes
3303 4839 3697 4922 potius__quarn

455 4908 849 4980 interrogantes
874 4951 888 4976 ,
931 4923 990 4966 ut
1028 4910 1116 4965 ille
1155 4911 1310 4979 quasi
1367 4913 1546 4967 sciens
1587 4927 1644 4966 se
1685 4926 1793 4966 non
1836 4908 1890 4964 in
1934 4908 2198 4980 potestate
2235 4908 2329 4961 Dei
2369 4910 2470 4962 hoc
2506 4923 2706 4980 agere,
2768 4915 3010 4980 cessaret
3047 4908 3115 4962 ab
3151 4923 3333 4980 opere.
3413 4908 3517 4980 Sed
3563 4909 3697 4980 quid

453 4979 598 5047 quod
637 4977 692 5032 et
723 4978 974 5034 Christus
1013 4981 1087 5034 ita
1124 4977 1448 5047 respondit?
1491 4999 1509 5030 ι
1542 4981 1714 5036 Dicite
1750 4981 1880 5035 mihi
1920 4977 2017 5034 vos
2059 4979 2181 5042 hoc,
2223 4987 2276 5032 et
2309 4991 2410 5047 ego
2449 4978 2607 5032 vobis
2644 4979 2765 5032 dico
2800 4978 2853 5031 in
2883 4993 2989 5047 qua
3019 4987 3286 5046 potestate
3321 4978 3434 5032 haec
3473 4977 3636 5032 facio.
3675 4995 3693 5027 ι

453 4997 598 5047 quoa
637 4997 692 5032 el
723 4997 974 5034 υιιιῚειιιε
1013 4997 1087 5034 ιω
1124 4997 1212 5037 res
1252 4997 1447 5035 οηαιιῖ
1491 4999 1509 5030 ι
1542 4997 1714 5036 υιίιιιθ
1750 4997 1880 5035 ιῐιιιιι
1920 4997 2017 5034 VOS
2059 4997 2181 5042 1100,
2223 4997 2276 5032 ει
2309 4997 2410 5047 ego
2449 4997 2607 5032 VODIS
2644 4997 2765 5032 UICO
2801 4997 2853 5031 111
2883 4997 2989 5047 qua
3021 4997 3286 5046 petesutte
3321 4997 3400 5031 I18

453 5049 930 5118 Quodinunquam
969 5051 1174 5110 diceret
1210 4997 1390 5114 festis,
1432 5051 1477 5106 si
1516 5067 1610 5106 eos
1649 5066 1758 5105 non
1799 5049 2058 5118 discendi
2081 5063 2268 5113 causa,
2312 5049 2404 5101 sed
2448 5049 2703 5118 terrendi,
2744 5048 3078 5117 interrogare
3117 5048 3400 5118 sensisset.

521 5117 575 5172 2.
622 5117 752 5173 Vide
785 5116 916 5188 ergo
942 5135 1010 5173 ne
1042 5120 1179 5191 forte
1211 5121 1537 5191 intelligatur
1563 5123 1641 5177 sie
1671 5121 1758 5174 hic
1795 5121 1969 5191 locus.
2036 5116 2782 5191 Sunt__potestatesdiversae,
2816 5133 2938 5191 qua:
2964 5117 3288 5191 generaliter
3315 5117 3537 5191 quidem
3569 5130 3696 5191 sunt

451 5190 573 5260 duas
599 5207 611 5242 :
649 5203 754 5260 una
786 5186 872 5260 ρκ’
887 5198 1038 5260 parte
1060 5188 1154 5244 Dei
1177 5229 1190 5250 ,
1229 5186 1411 5245 altera'
1431 5207 1496 5246 ex
1528 5199 1680 5260 parte
1709 5190 1908 5260 diaboli
1943 5208 1957 5244 :
1985 5186 2287 5260 specialiter
2318 5196 2501 5260 autem
2523 5187 2727 5260 plures,
2766 5197 2820 5241 et
2851 5186 3342 5260 incomparabiles.
3388 5186 3481 5260 De
3494 5187 3697 5260 quibus

452 5259 746 5330 Apostolus
775 5257 1053 5314 Christum
1081 5259 1390 5328 glorilicans
1423 5257 1614 5316 scribit
1646 5262 1711 5315 ad
1738 5257 2111 5320 ColossenSes,
2141 5257 2326 5330 dicens
2359 5257 2553 5330 omnia
2574 5257 2627 5310 in
2657 5271 2724 5311 eo
2754 5272 2876 5330 esse
2903 5269 3107 5330 secreta
3140 5272 3263 5326 quae
3305 5257 3358 5330 in
3384 5258 3538 5312 C(elis
3573 5268 3697 5311 sunt

450 5326 586 5384 et'in
615 5329 801 5393 terris,
832 5329 944 5383 sive
993 5326 1258 5394 visibilis,
1291 5331 1404 5386 site
1431 5331 1718 5384 invisibilia
1740 5370 1756 5393 ,
1788 5331 1902 5383 sive
1930 5330 2117 5392 sedes,
2154 5328 2268 5381 sive
2295 5326 2724 5392 dominationes,
2758 5328 2872 5381 sive
2908 5327 3242 5395 principatus
3262 5366 3277 5390 ,
3312 5328 3428 5381 sive
3459 5337 3697 5396 potestas

452 5410 553 5454 tes.
626 5397 749 5469 Non
774 5400 913 5455 dixit
944 5413 1110 5454 unum
1143 5401 1525 5469 principatum,
1557 5410 1651 5454 aut
1675 5415 1839 5454 unam
1872 5397 2322 5469 dominationem,
2349 5409 2657 5469 autunam
2675 5396 2882 5461 sedem,
2911 5405 3004 5469 aut
3028 5411 3190 5450 unam
3223 5395 3564 5469 potestatem,
3601 5395 3696 5449 sed

453 5471 670 5524 multas.
713 5467 780 5521 Et
810 5470 950 5524 sicut
982 5477 1107 5523 sunt
1137 5466 1188 5523 in
1225 5466 1376 5538 parte
1412 5469 1526 5535 Dei,
1556 5471 1630 5524 ita
1662 5478 1790 5526 sunt
1818 5469 1870 5522 in
1899 5477 2050 5538 parte
2080 5466 2280 5520 diaboli
2310 5466 2463 5519 multi
2489 5466 2847 5538 principatus,
2878 5467 3062 5520 multa:
3102 5474 3419 5538 potestates,
3449 5467 3588 5520 sicut
3620 5475 3694 5518 te-

453 5550 627 5592 statur
645 5539 936 5608 Apostolus
951 5539 1139 5596 dicens
1168 5557 1180 5592 ε
1222 5535 1370 5593 {Non
1394 5551 1478 5594 est
1501 5541 1656 5594 nobis
1679 5535 1988 5595 colluctatio
2017 5551 2140 5592 cum
2165 5551 2327 5590 carne
2350 5545 2404 5591 et
2425 5535 2712 5605 sanguine,
2741 5537 2832 5591 sed
2862 5538 3122 5590 adversus
3149 5537 3569 5605 principatus,et
3600 5551 3696 5603 po-

523 5675 564 5748 θ’
592 5675 635 5748 ll
669 5675 859 5732 Thess.
888 5680 946 5744 ii,
979 5681 1032 5733 4.
1111 5681 1156 5712 ³⁸
1183 5679 1352 5738 Marc.
1384 5695 1500 5748 χιιι,
1533 5680 1624 5734 9.2.
1725 5681 1768 5711 ³⁸
1803 5679 1841 5731 ll
1869 5675 2026 5732 Thes:

2131 5694 2160 5741 ι,
2194 5675 2249 5742 9,
2288 5673 2368 5731 l0.
2467 5678 2508 5708 ³⁷
2541 5675 2754 5730 Coloss.
2777 5689 2842 5741 ιι,
2866 5675 2918 5729 5.
2999 5668 3044 5701 ⁸⁸
3079 5666 3122 5721 ΙΙ
3149 5667 3276 5724 Cor.
3305 5683 3403 5735 xu,
3435 5665 3485 5722 4.

450 5742 532 5796 ³⁹Ι
565 5746 692 5797 Cor.
732 5761 792 5809 ιι,
828 5749 878 5800 7.

2467 5678 2508 5708 ³⁷
2541 5675 2754 5730 Coloss.
2777 5689 2842 5741 ιι,
2866 5675 2918 5729 5.
