4074 6300
423 399 554 454 ΜΠ

1335 400 1686 455 COMMENT.
1730 399 1796 454 IN
1837 355 2250 454 MATd‘lL‘EUM
2293 398 2534 453 TOMUS
2574 398 2740 455 ΧΥΞΙ.

3541 406 3673 463 1273

419 519 898 590 Κολασσαεῖ;.(5ι),
925 519 1026 571 ὅτι·
1059 537 1077 568 ι
1107 519 1292 572 Ἔστιν
1309 522 1336 572 6
1356 521 1544 592 Σωτὴρ
1560 522 1722 574 εἰκὼν
1749 521 1838 574 τοῦ
1866 520 1985 573 Θεοί

2107 517 2280 584 [tinctae
2307 517 2401 572 Dei
2449 519 2632 573 divino
2681 519 2883 589 Spiritu
2920 519 3111 588 amati;
3166 522 3234 576 ita
3273 525 3517 594 qutedam
3549 542 3674 584 sunt

415 607 510 662 τοῦ
539 610 793 680 ἀοράτου,
825 609 1172 680 Πρωτότοκος
1206 610 1385 680 πάσης
1412 611 1659 676 κτίσεως,
1696 615 1754 665 ἐν
1778 605 1821 680 ᾧ
1851 615 1996 666 ἐκτί-

419 698 519 768 σθη
563 699 632 753 τά
677 700 852 752 πάντα
903 701 959 752 ἐν
1009 703 1123 763 τοῖς
1166 700 1416 771 οὐρανοῖς
1461 702 1555 755 καὶ
1587 703 1679 755 ἐπὶ
1726 703 1824 774 τῆς
1868 703 1993 773 γῆς,

417 793 525 845 εἴτε
546 792 737 864 όρατά,
768 790 878 844 εἴτε
908 793 1132 864 ἀόρατα,
1161 794 1269 847 εἴτε
1293 795 1489 866 θρόνοι,
1517 795 1626 847 εἴτε
1655 797 1992 868 κυριότητες,

417 883 524 937 εἴτε
557 884 744 955 ἀρχαὶ,
776 884 885 936 εἴτε
921 885 1188 951 ἐξουσίαι·
1225 887 1293 941 τὰ
1334 887 1510 942 πάντα
1557 889 1624 941 δι’
1672 889 1857 954 αὑτοῦ,
1900 892 1994 943 καὶ

417 975 497 1036 είς
536 974 699 1027 αὐτὸν
742 973 1021 1027 ἔκτισται⁸
1066 976 1158 1028 καὶ
1198 974 1360 1039 αὐτός
1391 979 1506 1030 ἐστι
1540 977 1646 1048 πρὸ
1686 977 1922 1032 πάντων.
1967 998 1986 1031 ι

422 1068 516 1119 Ἐν
532 1063 624 1121 οὖν
653 1066 792 1132 εἶδος
820 1069 927 1124 τῶν
948 1071 1051 1124 ὑπὸ
1066 1071 1156 1125 τὸν
1176 1071 1327 1137 Θεὸν,
1347 1073 1402 1126 αἱ
1423 1074 1478 1126 ἐν
1503 1075 1726 1146 Χριστῷ
1755 1076 1992 1130 κτισθεῖ-

418 1171 507 1206 σαι
536 1154 794 1221 ἐξουσίαι,
824 1158 1007 1230 ἕτεραι
1048 1160 1197 1231 παρά
1231 1164 1329 1224 τὰς
1360 1162 1555 1236 ἀρχὰς,
1593 1165 1687 1218 καὶ
1714 1167 1839 1230 τοὺς
1871 1167 1994 1239 θρό-

417 1263 558 1312 νους,
596 1249 689 1302 καὶ
714 1251 812 1315 τὰς
843 1252 1170 1324 κυριότητας
1189 1270 1200 1282 ·
1227 1254 1319 1308 καὶ
1347 1256 1550 1327 ἑκάστη
1582 1256 1884 1323 ἐξουσιάζει
1913 1278 1993 1313 τι-

416 1337 542 1403 νῶν,
577 1341 883 1411 τεταγμένη
921 1341 1024 1395 ὑπὸ
1055 1344 1147 1396 τοῦ
1183 1343 1316 1398 Θεοῦ
1352 1345 1492 1398 κατά
1526 1364 1647 1400 τινα
1679 1349 1990 1421 ἀπόρρητον

415 1429 570 1494 ἀξίαν
603 1431 831 1484 ἐπὶτῶν
875 1432 1039 1498 ἀξίων
1087 1435 1495 1500 ἐξουσιάςεσθαι
1545 1439 1684 1492 κατὰ
1732 1440 1831 1510 τὴν
1878 1442 1992 1494 δια-

415 1521 586 1594 φορὰν
620 1524 796 1578 αὐτῶν
830 1525 934 1578 ὑπὸ
961 1527 1195 1598 ἑκάστην
1225 1527 1332 1580 τῶν
1363 1528 1640 1592 ἐξουσιῶν.
1686 1532 1796 1584 Καὶ
1824 1533 1988 1596 πολὺς

414 1611 479 1665 ἀν
504 1616 532 1666 6
560 1614 713 1683 λόγος
743 1617 836 1670 καὶ
863 1617 1292 1688 δυσερμήνευτος
1323 1620 1404 1690 εἴη
1434 1620 1561 1692 περὶ
1587 1620 1694 1675 τῶν
1721 1624 1862 1676 κατά
1892 1624 1989 1689 τὰς

414 1702 661 1768 ἐξουσίας
691 1704 914 1769 ταύτας,
945 1707 1037 1759 καὶ
1072 1706 1177 1761 τῶν
1207 1706 1667 1778 ἐξουσιαζομένων
1698 1711 1788 1765 ὑπ’
1811 1712 1988 1766 αὐτῶν

415 1796 776 1864 πραγμάτων.
817 1798 901 1861 Ὠς
930 1798 988 1853 δέ
1020 1799 1125 1852 εἰσί
1156 1816 1298 1862 τινες
1332 1799 1567 1863 ἐξουσίαι
1595 1801 1686 1854 τοῦ
1713 1803 1869 1867 Θεοῦ,
1895 1805 1986 1858 οὖ-

2098 609 2190 662 Dci
2227 619 2542 678 potestates,
2580 611 2646 664 de
2676 611 2874 679 quibus
2903 610 3178 666 Christum
3211 615 3490 673 celebrans
3529 621 3675 690 Apo-

2098 701 2271 754 stolus
2322 701 2375 754 in
2423 701 2663 770 Epistola
2699 701 2764 756 ad
2793 701 3146 760 (Zolossenscs
3174 707 3249 760 ait
3278 708 3355 774 δ’,
3411 715 3670 781 quoniam

2099 785 2359 842 Servator
2399 808 2417 840 ι
2453 799 2535 844 est
2572 789 2753 862 imago
2788 789 2881 847 Dei
2913 794 3224 860 invisibilis,
3277 801 3674 871 primogenitns

2095 879 2274 933 omnis
2298 890 2564 936 creatura:
2599 901 2610 936 :
2653 883 2702 936 in
2736 900 2844 954 quo
2873 886 3089 941 condita
3130 899 3258 944 sunt
3305 893 3581 954 universa.
3617 894 3670 948 in

2093 971 2245 1026 coelis
2279 980 2332 1026 et
2365 971 2418 1026 in
2455 982 2619 1040 terra,
2659 977 2773 1032 sive
2796 977 3030 1034 visibilia
3054 1021 3068 1046 ,
3129 991 3183 1036 et
3214 981 3530 1050 invisibilia,
3557 987 3673 1042 sive

2093 1062 2309 1128 throni,
2358 1063 2472 1118 sive
2499 1067 2935 1137 dominationes,
2985 1071 3099 1127 sive
3131 1073 3504 1144 principatus,
3556 1079 3671 1135 sive

2093 1163 2405 1222 potestates,
2434 1158 2618 1212 omnia
2651 1174 2748 1228 per
2771 1161 2972 1230 ipsum,
2991 1172 3044 1216 et
3076 1163 3127 1217 in
3155 1165 3271 1234 ipso
3294 1179 3474 1222 creata
3502 1179 3666 1225 sunt:

2090 1253 2143 1297 et
2174 1245 2287 1314 ipse
2329 1255 2411 1301 est
2463 1256 2588 1302 ante
2635 1265 2847 1308 omnes.
2889 1272 2907 1303 ι
2968 1252 3145 1308 Unum
3181 1257 3346 1327 igitur
3375 1275 3549 1328 genus
3587 1273 3671 1315 est

2089 1349 2278 1390 carum
2314 1353 2435 1406 qua:
2459 1340 2562 1394 sub
2595 1340 2702 1396 Deo
2735 1345 3045 1400 constitutae
3081 1357 3226 1410 sunt.
3250 1360 3445 1406 creata:
3477 1369 3672 1422 nempe

2093 1426 2144 1479 in
2174 1427 2394 1483 Christo
2421 1439 2747 1498 potestates,
2795 1450 2824 1488 a
2868 1437 3295 1507 principatibus,
3343 1451 3396 1496 et
3432 1444 3664 1506 thronis,

2088 1525 2140 1569 et
2168 1517 2634 1576 dominationibus
2678 1524 2904 1580 diversa:
2931 1545 2945 1580 :
2980 1536 3034 1581 et
3061 1545 3400 1602 unaquaeque
3425 1544 3667 1604 potesta-

2090 1618 2197 1662 tem
2250 1609 2411 1664 habet
2454 1611 2508 1665 in
2544 1613 2721 1680 aliqua
2744 1656 2759 1682 ,
2798 1630 2825 1668 a
2860 1614 2968 1671 Deo
3002 1617 3160 1687 juxta
3185 1636 3440 1676 arcanam
3473 1641 3666 1694 quam-

2088 1700 2210 1753 dam
2241 1701 2556 1772 dignitatem
2580 1707 2874 1761 constituta
2899 1723 3062 1778 supra
3087 1726 3148 1765 ea
3175 1727 3296 1783 quae
3321 1714 3483 1784 digna
3514 1729 3662 1780 sunt,

2094 1791 2253 1862 767
2286 1801 2344 1848 ut
2373 1793 2666 1866 unicuique
2696 1814 2726 1852 e
2755 1800 3116 1867 potestatibus
3149 1818 3248 1872 pro
3273 1805 3389 1860 suis
3416 1806 3668 1863 differen-

413 1904 518 1949 τως
541 1886 646 1940 εἰσὶ
669 1889 762 1941 καὶ
789 1889 1025 1944 ἐναντίαι
1055 1890 1314 1959 ἀνάλογον
1342 1896 1455 1956 τοῖς
1477 1893 1575 1963 τῆς
1603 1895 1876 1965 ἁμαρτίας
1897 1899 1985 1950 ἀν-

2091 1883 2180 1937 tiis
2207 1884 2420 1939 subdita
2457 1887 2586 1943 sint.
2641 1887 2718 1944 Ac
2752 1889 2819 1944 de
2849 1892 3010 1946 rebus
3040 1871 3257 1962 quidem
3304 1897 3369 1950 ad
3395 1913 3488 1953 eas
3513 1911 3666 1969 pote-

413 1976 651 2048 θρώποις
683 1978 773 2037 καὶ
803 1982 914 2042 τοῖς
940 1981 1191 2048 ἀγγέλοις
1219 1980 1312 2034 τοῦ
1337 1981 1581 2037 διαϐόλου
1603 2002 1615 2012 ·
1658 1985 1752 2037 καὶ
1779 1985 1893 2038 ἐστι
1927 2005 1987 2054 γε

411 2073 522 2133 τοῖς
550 2072 747 2141 μηκέτι
775 2071 912 2142 πρὸς
942 2067 1080 2144 αἷμα
1123 2075 1217 2128 καὶ
1247 2078 1424 2146 σάρκα
1460 2077 1807 2144 παλαίουσιν,
1851 2080 1990 2136 ἀλλὰ

410 2159 496 2212 διὰ
543 2161 604 2214 τὸ
648 2163 1115 2234 ἐπαναδεὸηκέναι
1157 2168 1223 2235 τῇ
1271 2166 1497 2238 δυνάμει
1540 2168 1676 2241 πρὸς
1719 2168 1787 2223 τὰ
1846 2171 1987 2245 ὑπὲρ

409 2251 580 2305 ταῦτα
609 2252 1032 2326 ἀγωνιζομένοις
1056 2298 1071 2323 ,
1102 2259 1134 2328 ἡ
1161 2259 1306 2329 πάλη
1339 2260 1476 2331 πρὸς
1504 2261 1602 2324 τὰς
1630 2263 1986 2332 ἀνταγωνιζο-

414 2340 582 2411 μένας
607 2345 718 2406 τοῖς
750 2343 1007 2414 ἀθληταῖς
1036 2345 1136 2416 τῆς
1172 2346 1482 2412 θεοσεϐείας
1514 2350 1778 2416 ἐξουσίας.
1819 2355 1904 2418 Ὠς
1931 2355 1988 2409 δὲ

413 2427 634 2482 πλείονα
661 2431 918 2502 τάγματα
953 2429 1020 2505 ἦν
1049 2435 1154 2487 ὑπὸ
1179 2437 1271 2491 τὸν
1306 2438 1466 2507 Θεὸν,
1506 2441 1678 2506 οὕτως
1710 2444 1805 2496 καὶ
1835 2448 1890 2498 ἐν
1919 2449 1984 2518 τῇ

412 2515 629 2589 ἐναντίᾳ
674 2518 827 2592 χώρᾳ
875 2523 936 2575 οὐ
993 2525 1153 2595 μόνον
1200 2525 1438 2592 ἐξουσίαι
1492 2530 1663 2598 εἰσὶν,
1709 2533 1843 2588 ἀλλά
1891 2515 1985 2590 καῖ

411 2609 850 2681 κοσμοκράτορες
890 2612 982 2666 τοῦ
1015 2616 1239 2680 σκότους
1268 2617 1487 2683 τούτου,
1527 2620 1617 2674 καὶ
1644 2628 1987 2694 πνευματικά

409 2697 510 2767 τῆς
533 2701 796 2772 πονηρίας
822 2704 880 2758 ἐν
901 2707 1012 2768 τοῖς
1043 2707 1384 2779 ἐπουρανίοις
1400 2728 1412 2740 ·
1436 2711 1574 2784 τάχα
1595 2714 1650 2768 δὲ
1679 2717 1772 2769 καὶ
1797 2719 1981 2790 ἀρχαί.

424 2787 566 2855 Ἐγὼ
595 2791 639 2842 δ’
665 2787 839 2863 οἶμαι,
867 2796 948 2848 ὄτι
975 2799 1068 2850 καὶ
1102 2798 1279 2852 πάντα
1311 2799 1579 2874 ὁμώνυμα
1605 2809 1715 2871 τοῖς
1736 2787 1983 2866 τοῦ-Θεοῦ

415 2879 530 2932 ἐστι
561 2882 654 2934 καὶ
681 2884 823 2938 κατὰ
852 2887 948 2958 τὴν
972 2889 1342 2964 ἐναντιότητα.
1366 2895 1708 2968 Διειληφότες
1736 2895 1826 2954 οὖν
1841 2905 1890 2955 οἱ
1916 2903 1983 2957 τά

408 2969 733 3042 διαφέροντα
775 2976 1012 3064 ὀνόματα
1058 2983 1465 3056 κεκληρωμένοι
1499 2990 1556 3041 ἐν
1598 2989 1676 3060 τῷ
1733 2992 1982 3066 Ἰσραὴλ,

405 3061 681 3117 τουτέστιν
716 3067 764 3118 οἱ
796 3061 1073 3141 ἀρχιερεῖς
1101 3075 1194 3126 καὶ
1225 3076 1274 3126 οἱ
1314 3077 1671 3150 πρεσϐύτεροι
1698 3081 1791 3134 τοῦ
1811 3061 1980 3150 λαοῦ,

406 3150 534 3220 περὶ
563 3151 821 3217 ἐξουσιῶν
858 3158 1098 3224 πλείονα,
1127 3165 1220 3216 καὶ
1249 3165 1357 3217 εἴτε
1388 3169 1451 3221 ἐκ
1482 3171 1849 3241 παραδόσεων,
1869 3175 1977 3227 εἴτε
2007 3199 2048 3254 C

406 3238 499 3289 καὶ
529 3239 908 3310 ἐπιϐάλλοντες
927 3289 940 3311 ,
994 3248 1110 3303 εἴτε
1137 3252 1230 3305 καὶ
1262 3253 1319 3320 ἐξ
1349 3238 1680 3328 ἀποκρύιρων
1716 3261 1836 3330 (οὐκ
1865 3259 1981 3318 οἴδα

406 3327 641 3398 εὐλόγως
686 3331 718 3403 ἢ
769 3335 1044 3406 ἀναλόγως
1080 3335 1221 3413 [52])
1259 3327 1598 3415 κινούμενοι,
1663 3327 1849 3421 ἐώρων
1893 3353 1980 3406 τὸν

405 3419 537 3472 Θεὸν
570 3422 636 3474 τὰ
663 3426 921 3496 τεράστια
957 3431 1306 3486 ἐπιτελοῦντα
1330 3436 1388 3488 οὐ
1415 3438 1579 3508 χωρίς
1618 3419 1758 3505 τινος
1797 3443 1980 3496 συνού-

409 3525 508 3578 σης
532 3511 680 3582 αὑτῷ
699 3513 946 3583 ἐξουσίας
971 3537 983 3549 ·
1007 3521 1209 3594 ταύτης
1232 3520 1324 3578 οὖν
1347 3526 1409 3578 τὸ
1433 3524 1571 3593 εἶδος
1605 3531 1712 3584 ἀπὸ
1740 3533 1840 3603 τῆς
1869 3535 1980 3588 ἐπι-

409 3603 621 3674 στήμης
668 3606 838 3678 Ἰησοῦ
883 3611 1074 3680 μαθεῖν
1127 3615 1442 3684 ἐϐούλοντο,
1493 3620 1525 3689 ἢ
1571 3620 1667 3691 τῆς
1720 3623 1980 3697 δοκούσης

405 3693 586 3758 αὐτοῖς
613 3692 751 3751 εἶναι
772 3701 1081 3774 ἐπιστήμης
1106 3706 1164 3757 ἐν
1190 3705 1358 3777 αὐτῷ.
1388 3710 1498 3762 Καὶ
1524 3711 1570 3762 εἰ
1598 3713 1697 3781 μὲν
1719 3708 1858 3784 ἦσαν
1881 3692 1979 3789 ἀρ-

406 3789 605 3857 χιερεῖς
637 3805 781 3854 τινες
814 3792 958 3860 ἅγιοι
986 3795 1079 3847 καὶ
1109 3797 1389 3868 μακάριοι,
1415 3800 1596 3865 ὁποῖος
1625 3805 1654 3856 6
1692 3805 1975 3878 Ἀαρὼν,ἥ

404 3879 432 3928 6
466 3877 745 3952 Ἐλεάζαρ,
772 3882 804 3953 ἢ
839 3885 866 3936 6
893 3884 1094 3950 Φινεὲς,
1123 3885 1154 3957 ἢ
1179 3888 1292 3940 ὅσοι
1323 3891 1622 3956 ἐπαινετῶς
1651 3893 1720 3946 τὰ
1749 3896 1848 3965 τῆς
1871 3877 1978 3950 lat?

403 3971 659 4042 τουργίας
687 3974 1016 4039 διετέλεσαν,
1045 3977 1091 4029 οἱ
1123 3978 1413 4051 πυθόμενοι
1438 3981 1532 4036 τοῦ
1557 3985 1806 4056 Σωτῆρος
1834 3989 1974 4055 τότε,

404 4064 498 4115 καὶ
530 4064 890 4136 πρεσϐύτεροι
932 4069 1300 4142 παραπλήσιοι
1335 4067 1417 4137 οἷς
1445 4077 1564 4128 κατ’
1597 4077 1813 4150 ἐντολὴν
1840 4080 1974 4140 Θεοῦ

403 4154 644 4224 Μωῦσῆς
662 4155 961 4224 ἐξελέξατο,
981 4161 1145 4224 εἰκὸς,
1165 4162 1244 4214 ὅτι
1261 4163 1335 4226 ὡς
1361 4165 1420 4218 οὐ
1448 4166 1817 4236 πειράζουσιν,
1839 4169 1976 4223 ἀλλά

403 4244 800 4318 φιλομαθοῦσι,
827 4252 920 4303 καὶ
945 4250 1117 4316 ἀξίοις
1143 4253 1248 4305 τῶν
1281 4254 1612 4324 τηλικούτων
1641 4259 1974 4331 μαθημάτων

402 4338 746 4410 παρέστησεν
773 4341 838 4395 ἂν
866 4342 1174 4414 ἀρξάμενος
1197 4347 1224 4397 6
1256 4345 1446 4418 Σωτὴρ
1479 4347 1667 4416 λόγον,
1700 4350 1758 4404 ὃν
1794 4353 1912 4405 οὐδὲ
1945 4357 1973 4409 6

403 4429 605 4500 κόσμος
620 4431 739 4495 ὅλος
767 4435 963 4504 χωρεῖν
983 4434 1232 4503 ἠδύνατο·
1281 4438 1374 4490 καὶ
1401 4438 1705 4511 ἀρξάμενος
1731 4442 1796 4495 ἂν
1829 4462 1969 4516 παρ-

2088 1981 2278 2041 states,
2327 1985 2380 2030 et
2405 1993 2527 2047 qua:
2557 1979 2642 2034 his
2682 1981 2898 2036 subdita
2927 1992 3074 2050 sunt,
3120 1987 3517 2054 pertinentibus
3546 1990 3664 2046 dis-

2088 2079 2268 2120 serere
2295 2068 2504 2136 prolixa
2544 2085 2630 2126 res
2677 2081 2761 2127 est
2794 2083 2847 2127 ct
2877 2073 3132 2128 difﬁcilis.
3193 2076 3665 2142 Quemadmodum

2088 2166 2267 2212 autem
2295 2169 2424 2214 sunt
2447 2163 2694 2232 quaedam
2721 2163 2815 2218 Dei
2845 2175 3160 2236 potestates,
3195 2168 3265 2222 ita
3291 2179 3418 2224 sunt
3448 2182 3664 2229 contra-

2089 2246 2183 2302 ria:
2212 2248 2440 2320 aliquae,
2467 2253 2622 2322 juxta
2652 2255 2902 2312 homines
2935 2258 3176 2327 peccati,
3208 2269 3262 2313 et
3295 2263 3516 2330 angelos
3540 2264 3662 2317 dia-

2087 2340 2231 2406 boli;
2267 2351 2320 2397 et
2349 2343 2415 2398 iis
2437 2345 2655 2414 quidem
2687 2347 2779 2416 qui
2817 2349 3078 2404 adversus
3111 2353 3428 2420 sanguinem
3463 2364 3511 2407 et
3543 2372 3668 2409 ear-

2087 2449 2209 2487 netn
2239 2450 2346 2488 non
2372 2437 2606 2505 amplius
2631 2439 3016 2507 colluctantur,
3046 2442 3137 2496 sed
3163 2444 3308 2511 quod
3342 2445 3539 2501 virtute
3567 2465 3661 2501 su-

2088 2527 2360 2595 pergressi
2393 2527 2525 2591 sint,
2558 2529 2873 2598 prteliantur
2900 2549 3023 2587 cum
3055 2537 3449 2607 superioribus,
3473 2551 3660 2596 contra

2085 2619 2191 2680 poti
2213 2623 2379 2670 states
2414 2617 2678 2674 adversus
2728 2620 3003 2691 religionis
3051 2625 3284 2680 athletas
3321 2626 3663 2686 decertantes

2087 2703 2230 2758 lucta
2267 2719 2370 2761 est.
2411 2705 2478 2762 Et
2505 2712 2964 2779 quemadmodum
2995 2715 3214 2784 plurimi
3240 2729 3395 2774 erant
3423 2721 3526 2777 sub
3550 2722 3660 2777 Deo

2085 2795 2337 2864 ordines,
2394 2799 2467 2853 ita
2514 2809 2567 2855 et
2615 2803 2669 2856 in
2717 2804 2992 2858 contraria
3037 2815 3188 2875 parte
3219 2824 3326 2863 non
3367 2820 3663 2880 potestates

2086 2896 2214 2940 sunt
2263 2888 2558 2957 duntaxat,
2610 2895 2702 2949 sed
2726 2904 2780 2949 et
2807 2895 2996 2950 mundi
3039 2908 3278 2954 rectores
3314 2903 3655 2958 tenebrarum

2088 2974 2316 3043 harum,
2367 2989 2419 3034 et
2465 2983 2767 3052 spiritualia
2821 2987 3078 3056 nequitia:
3127 2988 3182 3042 in
3229 2991 3541 3048 coelestibus
3569 2994 3610 3026 “
3639 3035 3653 3056 .

2088 3063 2321 3123 fortasse
2349 3081 2402 3124 et
2431 3072 2787 3142 principatus.
2858 3074 2972 3144 Ego
3009 3093 3135 3133 vero
3165 3095 3502 3152 quaecunque
3533 3095 3659 3139 sunt

2088 3158 2228 3224 apud
2260 3157 2452 3226 Deum,
2484 3178 2572 3218 res
2600 3165 2702 3218 sibi
2734 3168 3090 3235 cognomines
3118 3168 3171 3224 in
3203 3173 3475 3227 contraria
3506 3186 3660 3244 parte

2085 3247 2288 3304 habere
2322 3252 2595 3309 existimo.
2655 3255 2756 3320 Qui
2792 3272 2922 3328 ergo
2953 3260 3101 3315 varia
3151 3261 3202 3315 in
3243 3260 3406 3317 Israel
3438 3266 3658 3320 nomina

2085 3339 2260 3394 sortiti
2291 3351 2465 3406 erant,
2505 3344 2610 3398 hoc
2637 3356 2752 3412 est,
2780 3348 3054 3418 principes
3085 3352 3427 3406 sacerdOtum
3449 3396 3464 3420 ,
3494 3364 3548 3409 et
3573 3372 3659 3410 se-

2083 3431 2265 3487 niores
2304 3435 2520 3503 populi,
2567 3450 2690 3490 cum
2718 3437 2785 3493 de
2816 3442 3174 3508 potestatibus
3217 3445 3446 3500 multum
3479 3446 3652 3503 disce-

2083 3531 2349 3590 ptassent,
2379 3525 2492 3579 sive
2517 3543 2582 3580 ex
2615 3529 3019 3598 traditionibus,
3045 3533 3160 3588 sive
3192 3549 3255 3588 ex
3287 3537 3506 3606 proprio
3535 3547 3654 3593 stu-

2081 3612 2173 3665 dio
2205 3628 2269 3668 ac
2294 3614 2584 3678 industria,
2621 3618 2734 3671 sive
2759 3633 2825 3672 ex
2852 3623 3066 3676 arcanis
3092 3624 3245 3680 libris
3281 3627 3372 3695 (an
3401 3643 3524 3682 cum
3561 3646 3653 3682 ra-

2084 3700 2262 3768 tione,
2314 3718 2506 3767 necne,
2557 3706 2783 3776 uescio)
2836 3711 3128 3778 commoti,
3184 3711 3353 3768 Deum
3403 3728 3650 3784 portenta

2070 3794 2343 3859 edentem,
2369 3811 2476 3850 non
2500 3798 2618 3852 sine
2641 3802 2930 3870 conjuncta
2955 3802 3026 3856 illi
3059 3815 3326 3874 potestate
3349 3809 3606 3863 videbant
3635 3827 3648 3861 :

2071 3890 2234 3959 hbjus
2285 3893 2447 3964 igitur
2484 3893 2711 3951 formam
2775 3915 2806 3953 a
2865 3899 3089 3956 scientia
3125 3903 3288 3967 Jesu,
3329 3906 3414 3960 vel
3450 3921 3571 3976 quae
3606 3907 3660 3961 ei

2071 3983 2250 4042 inesse
2308 3989 2628 4058 videbatur,
2676 3993 2885 4050 discere
2935 3998 3206 4054 volebant.
3269 4001 3655 4073 Verumenim-g

2071 4100 2201 4140 vero
2230 4086 2275 4141 si
2305 4104 2370 4142 ex
2404 4090 2469 4144 iis
2496 4091 2588 4161 qui
2630 4091 2971 4148 Servatorem
3009 4105 3136 4151 tunc
3175 4097 3654 4172 interrogaverunt

2079 4177 2424 4232 sacerdotum
2468 4179 2804 4252 principibus
2838 4185 3009 4239 sancti
3063 4185 3230 4256 aliqui
3258 4196 3314 4242 et
3346 4187 3488 4242 beati
3513 4189 3652 4243 fuis-

2079 4267 2220 4335 sem,
2267 4270 2446 4339 qualis
2473 4282 2589 4325 erat
2632 4273 2837 4340 Aaron,
2876 4274 2959 4329 vel
2985 4274 3230 4343 Eleazar,
3266 4288 3362 4332 aut
3389 4277 3653 4348 Phinees,

2079 4359 2161 4414 vel
2189 4361 2498 4432 quicunque
2525 4365 2811 4419 ministerii
2841 4366 2925 4420 sui
2957 4367 3102 4422 vices
3154 4383 3279 4424 cum
3307 4369 3465 4426 laude
3495 4373 3648 4428 ohic-

2077 4460 2234 4514 rant,
2285 4452 2366 4506 vel
2404 4454 2646 4508 seniores
2679 4454 2746 4510 iis
2781 4454 3011 4512 fuissent
3043 4458 3251 4515 similes
3284 4475 3424 4529 quos
3455 4476 3520 4516 ex
3551 4461 3645 4516 Dt-i

403 4522 572 4575 εδίδου
615 4527 713 4593 τὴν
742 4527 1051 4598 ἐπιστήμην
1087 4528 1214 4599 περὶ
1237 4528 1348 4581 τῶν
1391 4531 1676 4603 μακαρίων
1700 4533 1974 4600 ἐξουσιῶν,

2085 4539 2338 4593 mandato
2365 4539 2576 4612 Moyses
2606 4541 2858 4611 seligeret
2879 4583 2894 4608 ,
2942 4544 3237 4601 verisimile
3265 4554 3350 4603 est
3377 4561 3484 4599 non
3521 4556 3643 4600 tan-

401 4614 496 4668 καὶ¹
527 4617 626 4686 τῆς
667 4616 927 4688 διαφορᾶς
962 4618 1163 4682 αὐτῶν,
1195 4621 1290 4674 καὶ
1320 4622 1418 4692 τῆς
1452 4621 1629 4688 αἰτίας
1657 4624 1749 4678 τοῦ
1777 4627 1968 4698 ἐληλυ-

2085 4645 2240 4699 quam
2273 4645 2331 4685 sc
2354 4631 2707 4697 tentantibus,
2741 4634 2831 4687 sed
2863 4633 3024 4704 quasi
3057 4632 3302 4690 discendi
3332 4635 3565 4706 cupidis,
3593 4647 3647 4691 et

401 4705 550 4758 θέναι
582 4706 750 4768 αὑτὰς
788 4708 882 4760 ἐπὶ
922 4709 983 4762 τὸ
1017 4706 1155 4763 εἶναι
1183 4711 1461 4779 ἐξουσίας,
1491 4715 1584 4767 καὶ
1606 4715 1712 4768 τῶν
1746 4718 1838 4770 ὑπ’
1872 4720 1968 4773 αῠο

2085 4731 2228 4774 lanto
2261 4719 2587 4776 documento
2625 4722 2802 4792 dignis
2824 4763 2842 4790 ,
2875 4723 3178 4778 doctrinam
3233 4726 3445 4781 tradere
3499 4726 3649 4781 iure»

398 4799 518 4860 ταῖς
541 4836 556 4861 ,
590 4797 701 4850 εἴτε
731 4800 826 4853 καὶ
853 4799 1059 4870 ψυχῶν,
1103 4802 1209 4855 εἴτε
1252 4806 1344 4858 καὶ
1385 4808 1781 4861 όποιωνποτοῦν
1825 4810 1969 4879 λογι-

2085 4819 2293 4883 pturum
2329 4809 2500 4866 lu’sse
2535 4809 2873 4868 Servatorem
2898 4855 2913 4880 ,
2953 4830 3115 4883 quam
3149 4830 3217 4869 ne
3250 4817 3490 4871 mundus
3518 4817 3643 4886 qui»:

400 4885 542 4939 κῶν·
585 4885 896 4951 διεξὼδευσε
937 4891 980 4942 δ’
1018 4890 1083 4943 ἂν
1113 4893 1208 4945 καὶ
1245 4893 1340 4948 τὸν
1385 4897 1512 4966 περὶ
1563 4897 1670 4950 τῶν
1709 4899 1966 4953 ἐναντίων

2085 4901 2196 4955 lem
2227 4901 2516 4956 universus
2540 4917 2732 4972 capere
2775 4904 3068 4974 potuisset;
3107 4914 3161 4960 et
3189 4906 3255 4962 dc
3290 4907 3464 4962 beatis
3495 4885 3648 4977 ροισι

1598 5011 1825 5070 VETUS
1858 5015 2440 5073 INTERPRETATIO.

400 5127 620 5175 testatos
641 5160 654 5183 ,
693 5120 955 5214 adversus
987 5132 1224 5180 rectores
1253 5125 1414 5193 hujus
1441 5127 1628 5180 mundi
1657 5129 2001 5186 tenebrarum
2035 5132 2227 5185 harum
2250 5170 2266 5194 ,
2294 5131 2555 5188 adversus
2589 5132 2850 5214 spiritalia
2880 5133 3135 5204 nequitiae
3164 5134 3216 5187 iu
3242 5135 3576 5190 coelestibus.
3612 5155 3642 5214 ξ

400 5188 506 5214 Ε’.-Α
539 5201 712 5214 ..μ-Α...
745 5207 803 5214 ι.-.
845 5192 978 5214 ἑαυΑ-
1066 5195 1308 5214 _-___!-_._
1368 5206 1398 5214 κ.
1438 5211 1453 5214 _
1486 5196 1599 5214 ,,-,'-
1643 5211 1761 5214 A__,U
1847 5201 1858 5214 1
2116 5203 2126 5213 ο
2415 5211 2423 5214 .

400 5188 509 5284 Ego
537 5201 714 5244 autem
743 5192 1006 5284 arbirtror,
1059 5188 1404 5263 quoniam'et
1428 5196 1608 5250 omnia
1629 5201 1948 5284 eorumdem
1981 5188 2264 5281 nominum
2293 5188 2632 5284 osuntnapud'
2652 5203 2937 5284 diabolum
2967 5188 3311 5284 quaecunque
3341 5214 3471 5260 sunt
3497 5207 3645 5274 apud

397 5257 565 5355 Dleum
599 5277 612 5314 :
644 5271 699 5314 et
725 5271 810 5316 est
843 5262 991 5355 ttorte
1027 5257 1277 5355 potestasL
1294 5281 1357 5320 ex
1390 5266 1748 5355 potestatibus
1785 5270 2084 5355 universis,
2137 5286 2258 5338 quae
2285 5270 2404 5355 ipsi
2426 5257 2644 5355 Christo
2669 5273 2944 5355 ministrat
2972 5257 3124 5355 {alia
3151 5257 3329 5355 autem
3363 5291 3483 5355 quae

398 5327 1002 5424 phetis‘cooplerabatur
1028 5327 1352 5424 facientibus
1379 5327 1532 5405 signa
1564 5353 1576 5388 :
1606 5345 1659 5390 et
1681 5353 1786 5424 non
1820 5327 2080 5424 omnibus.
2104 5327 2210 5424 una
2234 5327 2498 5424 potestas,
2546 5340 2640 5422 sed
2672 5341 3118 5424 ali:i"l'orte.istis.2
3150 5344 3261 5424 alia
3288 5327 3470 5424 aptent
3505 5343 3634 5406 illis,

398 5398 1043 5493 secundum‘dignitatem
1070 5398 1192 5457 tidei
1223 5398 1456 5493 eorum:
1499 5421 1671 5493 quam
1703 5407 2087 5493 solussciebat.
2109 5398 2271 5493 Pons}
2338 5398 2530 5491 Et.nec
2557 5411 2612 5493 in
2637 5413 2889 5493 omnibus
2918 5398 3208 5493 virtutibus
3237 5398 3503 5493 faciendis
3524 5398 3642 5493 tina

395 5467 692 5562 eademque
715 5467 959 5553 potestas
985 5472 1402 5562 Eooperabatur,
1429 5467 1538 5562 sed:
1560 5475 1612 5528 iu
1644 5477 1969 5562 quibusdam
1997 5480 2214 5561 quidem
2244 5479 2376 5562 hiec,
2411 5479 2467 5533 in
2500 5479 2825 5562 quibusdam
2859 5491 3037 5535 autem
3065 5483 3168 5562 alia
3197 5500 3214 5562 :_
3235 5493 3288 5536 et
3309 5483 3375 5536 ad
3410 5467 3498 5562 res
3523 5467 3641 5562 for:

396 5534 539 5589 sitan
579 5534 885 5606 iitl'eriores,
925 5534 1152 5596 inferior
1180 5560 1192 5596 :
1231 5544 1295 5596 ad
1328 5534 1415 5597 res
1444 5553 1624 5597 autem
1656 5534 2064 5614 eminentiores,
2099 5534 2445 5604 eminentior.
2513 5534 2792 5620 Principes
2817 5566 2943 5622 ergo
2975 5553 3342 5618 sacerdotum,
3369 5560 3424 5605 et
3449 5551 3637 5606 senio;

465 5628 510 5658 “
541 5627 754 5684 Coloss.
787 5646 824 5695 ι,
861 5633 948 5695 15,
988 5631 1074 5700 16,
1114 5632 1199 5688 l7.
1275 5633 1315 5664 “
1351 5632 1549 5702 Ephes.
1581 5650 1654 5699 vt,
1688 5634 1772 5688 l2.

466 5720 578 5794 (ξς)
613 5721 789 5794 Codex
822 5723 1172 5794 Anglicanus,
1208 5726 1554 5791 Κολοσσαεῖς.

2076 5747 2109 5800 ι
2127 5737 2308 5782 utrum
2338 5738 2518 5785 autem
2572 5732 2982 5800 rationabiliter,
3019 5749 3085 5786 an
3124 5730 3584 5786 irrationabiliter.
3611 5751 3629 5783 I

469 5788 583 5858 (52)
627 5788 968 5862 Ἀναλόγωὶι.
1021 5788 1167 5865 Lege
1215 5796 1442 5867 ἀλόγως.
1515 5788 1682 5851 Vetus
1735 5796 1958 5866 interpr.

2070 5797 2330 5853 "venus.
