4074 6300
500 275 636 332 H79

1947 278 2276 336 οιηιςεκιε

3620 285 3638 334 1
3663 284 3755 334 εει*

497 405 752 468 statibus,
782 419 1082 474 earumque
1105 403 1428 470 differentia,
1451 402 1625 472 deque
1653 401 1836 457 causis
1868 417 1965 456 cur
1996 401 2062 455 ad

2170 399 2423 466 ἐξουσιῶν
2453 399 2628 468 λόγον,
2663 399 2755 453 καὶ
2782 398 2878 463 τὰς
2911 397 3175 469 διαφοράς
3202 399 3380 452 αὐτῶν
3408 400 3754 470 παρέστησεν

494 509 823 566 potestatum
854 495 1168 567 dignitatem
1203 495 1566 566 pervenerint,
1586 494 1761 564 deque
1792 494 1858 548 iis
1888 493 2072 563 subje-

495 592 592 646 ctis
621 591 734 644 sive
767 589 995 652 animis,
1053 589 1166 642 sive
1197 588 1406 642 ratione
1436 587 1677 659 praeditis
1727 585 2067 656 qnibuscun-

492 696 599 751 quc
632 680 794 733 rebus
829 678 1112 733 scientiam
1142 677 1460 748 impertire;
1512 677 1642 747 quin
1673 685 1727 730 et
1757 690 1974 730 omnem
2004 674 2071 729 de

492 767 781 824 contrariis
815 767 1174 836 potestatibus
1209 765 1513 820 doctrinam
1544 777 1824 824 enarrare,
1852 775 2072 815 earnm-

491 878 598 931 que
631 858 964 914 differentias
994 859 1290 913 declarare.
1335 856 1630 910 Docturum
1660 864 1918 924 praetcrea
1945 866 2068 906 eum

493 951 662 1006 fuisse
691 950 987 1005 verisimile
1027 958 1110 1004 est
1146 949 1301 1018 juxta
1328 947 1456 1002 illud
1489 946 1536 979 δ’
1573 964 1585 1000 :
1625 964 1643 997 ι
1681 944 1789 998 Lex
1825 944 2070 997 ordinata

491 1055 586 1110 per
614 1039 872 1110 angelos,
915 1057 934 1090 ι
969 1050 1018 1090 et
1056 1038 1185 1090 illud
1216 1037 1262 1068 ⁸³
1297 1053 1310 1090 :
1353 1053 1373 1086 ι
1409 1035 1463 1090 Si
1497 1035 1588 1105 qui
1618 1050 1710 1104 per
1734 1033 1956 1102 angelos
1983 1031 2072 1085 di-

491 1140 611 1186 ctus
638 1139 719 1184 est
749 1144 949 1193 sermo,
989 1127 1163 1182 factus
1195 1138 1279 1183 est
1312 1127 1532 1191 firmus;
1573 1145 1590 1178 ι
1623 1125 1780 1196 juxta
1810 1125 1962 1188 illud,
1995 1124 2070 1178 in-

492 1237 655 1293 quam
678 1263 694 1288 ,
727 1220 870 1290 quod
904 1221 970 1274 de
997 1220 1205 1290 angelis
1241 1219 1342 1287 legi
1375 1217 1848 1282 ministrantibus,
1891 1224 1946 1270 et
1974 1231 2072 1285 po-

493 1326 684 1372 testate
727 1317 779 1370 in
815 1315 1114 1386 Scriptnris
1158 1313 1417 1368 traditum
1465 1320 1583 1373 est;
1622 1309 1676 1364 in
1719 1326 1825 1380 qua
1851 1348 1866 1372 ,
1918 1309 2068 1364 verbi

491 1408 684 1478 gratia,
713 1415 1002 1478 potestate,
1033 1406 1198 1476 768
1230 1404 1337 1459 Deo
1364 1403 1728 1467 ministrante,
1745 1403 1827 1455 vel
1855 1402 1906 1455 in
1942 1402 2068 1471 qui-

496 1499 633 1563 bus,
689 1497 1120 1566 unumquodque
1166 1494 1533 1564 prodigiorum
1577 1511 1698 1566 quae
1727 1495 2071 1563 contigerunt

492 1591 547 1644 in
572 1587 827 1660 Egypto,
868 1586 1070 1641 factum
1096 1594 1214 1651 est;
1247 1601 1497 1655 quaenam
1528 1585 1655 1640 item
1689 1593 1929 1656 potestas
1954 1581 2068 1634 vir—

492 1700 572 1752 ga:
602 1681 803 1752 Moysis
838 1679 893 1733 in
924 1688 1228 1748 serpentem
1252 1686 1627 1732 transmutata:
1661 1691 1881 1747 operam
1910 1689 2064 1729 suam

489 1774 772 1846 praestitit;
828 1781 942 1826 tum
973 1785 1225 1840 quaenam
1261 1768 1389 1822 huic
1424 1769 1696 1823 contraria
1719 1811 1732 1832 ,
1781 1765 2067 1837 Egyptia-

491 1879 681 1918 carum
719 1863 996 1930 virgarum
1028 1860 1082 1914 in
1111 1860 1378 1914 dracones
1407 1858 1788 1928 permutationi
1821 1857 2070 1910 ministe-

490 1959 632 2011 rium
685 1970 846 2010 suum
899 1951 1162 2016 contulit;
1215 1950 1469 2005 virtutem
1520 1963 1736 2018 quoque
1787 1946 2069 2017 potestatis

490 2047 870 2116 explanasset,
922 2058 1029 2112 qua
1073 2040 1326 2096 effectum
1377 2047 1493 2107 est,
1543 2048 1604 2094 ut
1636 2037 1871 2092 Aaronis
1915 2038 2069 2108 virga

489 2137 870 2208 Egyptiorum
914 2134 1095 2202 virgas
1128 2133 1439 2198 devoraret;
1491 2130 1717 2185 dixisset
1761 2130 1922 2183 etiam
1958 2145 2068 2200 qua

492 2236 759 2299 potestate
803 2226 856 2280 in
907 2225 1086 2279 nivem
1141 2238 1336 2278 manus
1388 2223 1590 2294 Moysis
1623 2231 1830 2276 mutata
1863 2221 1963 2288 sit;
2015 2229 2070 2276 et

490 2335 739 2392 quaenam
774 2335 838 2372 ex
860 2317 1198 2394 adversariis
1231 2325 1473 2385 potestas
1503 2314 1774 2386 Egyptiis
1821 2313 2068 2368 incanta-

491 2413 704 2467 toribus
755 2409 1032 2480 sigillatim
1084 2407 1474 2478 opitulabatur,
1511 2407 1730 2478 quando
1779 2408 1932 2478 signa
1971 2406 2067 2462 Dei

491 2502 694 2558 imitari
740 2501 1086 2555 videbantur.
1145 2498 1338 2554 Decem
1387 2500 1641 2555 similiter
1688 2497 2066 2572 Egyptiorum

491 2595 696 2665 plagas,
734 2602 788 2647 et
814 2593 1108 2662 legationes
1160 2593 1422 2647 adversus
1447 2606 1542 2647 eos
1567 2593 1765 2648 missas
1795 2593 2066 2647 malorum

490 2688 808 2757 angelorum
855 2699 957 2752 ope
1001 2683 1409 2738 administratas
1443 2681 1610 2738 fuisse
1638 2698 2067 2740 commemoras-

491 2787 573 2833 set
602 2794 616 2831 :
645 2792 893 2846 quamam
924 2775 1052 2829 item
1084 2780 1324 2842 potestas
1354 2772 1407 2826 in
1440 2773 1623 2844 populi
1661 2775 1947 2830 transitum
1972 2789 2068 2844 per

492 2885 642 2924 mare
696 2867 965 2930 Rubrum,
1000 2875 1053 2920 et
1101 2865 1156 2919 in
1206 2863 1582 2945 Egyptiorum
1633 2866 2063 2921 submersionem

490 2974 711 3028 operam
745 2972 901 3012 suam
935 2955 1197 3022 contulit;
1228 2963 1283 3010 et
1317 2971 1440 3025 qua:
1464 2966 1736 3026 potestas,
1782 2965 1839 3011 ut
1867 2972 2067 3011 amarm

2175 493 2259 546 ἄν.
2281 491 2440 552 Εἰκὸς
2462 490 2520 543 δέ
2544 491 2626 543 ὅτι
2649 490 2885 554 ἐδίδαξεν
2909 488 2978 542 ἂν
3006 489 3267 557 ἀνάλογον
3290 488 3369 561 τῷ
3391 504 3407 522 ’
3443 509 3461 539 ι
3505 490 3564 541 '0
3596 491 3757 561 νόμος

2171 581 2450 649 διαταγεὶς
2478 580 2544 633 δι’
2577 579 2828 649 ἀγγέλων
2849 621 2863 644 ,
2895 598 2914 632 ι
2950 581 3044 633 καὶ
3071 581 3133 632 τό
3152 597 3164 610 ·
3202 599 3219 630 ι
3249 580 3312 632 Εἰ
3342 581 3370 632 6
3410 580 3477 633 δι’
3511 581 3756 649 ἀγγέλων

2172 673 2425 743 λαληθεὶς
2449 671 2609 740 λόγος
2637 671 2850 739 ἐγένετο
2881 671 3118 742 βέϐαιος,
3155 691 3173 723 ι
3211 672 3473 741 ἀνάλογόν
3506 690 3648 744 φημι
3680 673 3757 741 τῷ

2171 763 2316 835 λόγῳ
2349 763 2429 834 τῷ
2470 765 2599 836 περ)⁴
2643 764 2752 817 τῶν
2801 763 3280 836 διακονησαμένων
3305 763 3384 835 τῷ
3409 764 3559 836 νόμῳ
3591 766 3755 834 ἀγγέ-

2172 853 2300 918 λων,
2323 855 2538 925 καὶτῆς
2561 855 2703 910 κατὰ
2723 855 2821 920 τὰς
2843 855 3067 928 Γραφὰς
3097 855 3344 922 ἐξουσίας
3363 873 3376 886 ·
3409 851 3519 910 οἷον
3542 859 3600 909 ἐν
3623 858 3752 928 mi;

2173 947 2390 1018 ἐξουσίᾳ
2420 947 2808 1018 διακονουμένῃ
2827 945 2905 1016 τῷ
2931 946 3070 1017 Θεῷ,
3096 946 3129 1018 ἢ
3156 945 3339 1010 ποίαις
3377 949 3608 1000 ἕκαστον
3644 947 3754 1000 τῶν

2173 1041 2230 1092 ἐν
2270 1039 2531 1107 Αἰγύπτῳ
2575 1039 2878 1117 τεραστίων
2928 1038 3250 1108 γεγένηται·
3295 1038 3388 1091 καὶ
3427 1039 3512 1101 τίς
3559 1038 3660 1109 μὲν
3717 1040 3750 1108 ὴ

2172 1127 2390 1193 ἐξουσία
2411 1128 2800 1200 διακονουμένη
2825 1130 2890 1199 τῇ
2916 1127 3296 1200 μεταϐαλούσῃ
3325 1132 3405 1194 είς
3423 1131 3545 1200 ὅφιν
3569 1129 3750 1203 ῥάϐδῳ

2171 1219 2452 1283 Μωῦσέως
2472 1235 2486 1249 ⁸
2512 1219 2596 1282 τίς
2623 1220 2679 1273 δέ
2705 1219 2878 1292 ταύτῃ
2899 1220 3117 1274 ἐναντία
3149 1221 3540 1292 διακονουμένη
3569 1225 3634 1293 τῇ
3663 1238 3752 1293 με·

2170 1311 2521 1382 ταμορφὼσει
2551 1312 2658 1366 τῶν
2685 1314 3074 1381 Αἰγυπτιακῶν
3098 1314 3306 1385 ῥάϐδων
3329 1317 3408 1378 είς
3429 1315 3744 1388 δράκοντας·

2171 1401 2267 1455 καὶ
2302 1397 2454 1454 εἶπεν
2485 1403 2550 1455 ἂν
2580 1402 2678 1472 τὴν
2705 1401 2934 1474 δύναμιν
2961 1403 3062 1473 τῆς
3093 1403 3342 1469 ἐξουσίας
3371 1405 3463 1473 ἀφ’
3491 1401 3561 1478 ἦς
3591 1408 3749 1460 κατέ-

2171 1510 2292 1546 πιεν
2325 1495 2358 1564 ἡ
2388 1492 2481 1545 τοῦ
2521 1492 2731 1566 ’Δαρὼν
2763 1493 2956 1564 ῥάϐδος
2981 1493 3078 1558 τὰς
3107 1495 3216 1549 τῶν
3241 1495 3588 1565 Αἰγυπτίων·
3625 1494 3747 1551 εἷπε

2169 1584 2213 1637 δ’
2237 1583 2301 1637 ἂν
2326 1584 2420 1638 καὶ
2451 1584 2532 1649 τίς
2575 1588 2606 1655 ἡ
2644 1585 2860 1649 ἐξουσία
2883 1585 2983 1656 τῆς
3012 1589 3091 1650 είς
3121 1587 3272 1657 χιόνα
3306 1590 3606 1661 μεταϐολῆς
3633 1609 3747 1662 χει-

2173 1675 2266 1746 ρὸς
2292 1676 2571 1740 Μωῦσέως
2591 1716 2606 1741 ,
2641 1678 2737 1730 καὶ
2767 1677 2831 1730 ἐκ
2857 1677 2966 1731 τῶν
2991 1680 3250 1733 ἐναντίων
3279 1682 3406 1734 ποία
3436 1678 3504 1754 ἦν
3530 1682 3746 1747 ἐξουσία

2172 1763 2524 1836 συμπνέουσα
2559 1766 2680 1820 καθ’
2714 1767 2943 1822 ἕκαστον
2975 1772 3088 1833 τοῖς
3130 1771 3400 1835 ἐπαοιδοίς
3430 1772 3540 1826 τῶν
3583 1775 3747 1842 Λίγυ-

2171 1857 2343 1911 πτίων
2367 1897 2382 1922 ,
2425 1858 2513 1911 ὅτε
2551 1857 2769 1912 ἐδόκουν
2805 1860 3084 1931 μιμεῖσθαι
3113 1861 3180 1914 τὰ
3212 1865 3412 1933 σημεῖα
3446 1863 3540 1916 τοῦ
3570 1865 3704 1919 Θεοῦ
3727 1883 3741 1896 ο

2169 1947 2265 2001 καὶ
2292 1947 2464 2011 οὕτως
2505 1948 2572 2003 ἂν
2615 1949 2927 2015 διεξὼδευσε
2968 1950 3066 2016 τὰς
3101 1952 3233 2006 δέκα
3274 1953 3385 2006 τῶν
3431 1955 3746 2022 Αἰγυπτίων

2170 2037 2382 2110 πληγὰς
2403 2080 2417 2104 ,
2454 2039 2549 2092 καὶ
2575 2039 2670 2112 τὴν
2704 2043 2824 2094 κατ’
2852 2042 3028 2096 αὐτῶν
3058 2044 3363 2116 ἀποστολὴν
3396 2045 3468 2098 δι’
3494 2047 3743 2115 ἀγγέλων

2170 2131 2456 2202 πονηρῶν·
2489 2128 2608 2186 εἷπε
2652 2132 2697 2185 δ’
2737 2133 2803 2187 ἂν
2832 2133 2926 2187 καὶ
2962 2133 3048 2197 τίς
3101 2134 3318 2200 ἐξουσία
3360 2137 3742 2209 ὑπηρετήσατο

2168 2226 2235 2295 τῇ
2265 2223 2354 2276 διὰ
2393 2223 2492 2294 τῆς
2531 2224 2796 2296 Ἐρυθρᾶς
2825 2224 3103 2296 θαλάσσης
3131 2227 3287 2299 διόδῳ
3325 2228 3418 2280 τοῦ
3452 2228 3580 2282 λαοῦ
3602 2270 3617 2295 ,
3649 2232 3743 2283 καὶ

2171 2314 2582 2370 καταποντὼσει
2625 2316 2734 2370 τῶν
2773 2317 3084 2384 Αἰγυπτίων
3104 2335 3119 2349 ο
3152 2317 3236 2382 τίς
3263 2336 3322 2372 τε
3357 2319 3573 2384 ἐξουσία
3600 2322 3744 2392 ὑπη-

2170 2407 2438 2478 ρετήσατο
2470 2410 2535 2479 τῇ
2580 2407 2668 2462 διὰ
2710 2408 2863 2472 ξύλου
2897 2409 3163 2482 μεταϐολῇ
3203 2411 3392 2475 ὕδατος
3418 2411 3614 2485 πικροῦ
3659 2414 3740 2476 είς

2168 2498 2479 2570 γλυκύτητα
2496 2517 2508 2530 ·
2530 2497 2647 2553 εἷπε
2671 2500 2716 2552 δ’
2737 2499 2800 2554 ἂν
2824 2503 2917 2554 καὶ
2940 2501 3037 2572 τὴν
3060 2501 3300 2566 ἐξουσίαν
3325 2505 3357 2575 ἢ
3381 2505 3735 2575 διηκονήσατο

2168 2593 2246 2664 τῷ
2279 2592 2386 2648 ἀπὸ
2417 2593 2621 2665 πέτρας
2657 2592 2808 2646 ὕδατι
2831 2611 2844 2623 ο
2875 2594 2968 2647 καὶ
3001 2595 3114 2665 ἤτοι
3145 2594 3242 2665 τὴν
3271 2596 3466 2666 αὑτὴν,
3499 2597 3532 2666 ἢ
3567 2597 3735 2668 ἄλλην

2170 2685 2513 2758 παρέστησεν
2556 2683 2801 2750 ἐξουσίαν
2845 2685 3305 2758 διακονησαμένην
3334 2672 3411 2757 τῷ
3457 2686 3596 2757 ὑετῷ
3641 2687 3735 2741 τοῦ

2174 2779 2349 2850 μάννα
2379 2778 2473 2833 καὶ
2505 2781 2570 2849 τῇ
2597 2779 2705 2832 τῶν
2739 2777 3166 2851 ὀρτυγομητρῶν
3198 2779 3370 2850 ἐφόδῳ
3394 2795 3408 2810 ο
3441 2774 3561 2832 εἷπε
3591 2781 3634 2834 δ’
3673 2781 3738 2835 ἂν

2171 2871 2265 2923 καὶ
2306 2869 2388 2932 τίς
2416 2871 2448 2941 ἡ
2481 2869 2699 2936 ἐξουσία
2726 2871 2758 2940 ἠ
2788 2870 2850 2923 τὸ
2876 2870 3010 2924 αὐτὸ
3043 2869 3217 2940 μάννα
3251 2869 3361 2924 τῶν
3387 2870 3482 2940 μὲν
3517 2870 3576 2935 ’ἐξ
3606 2872 3740 2943 ἠμε-

2171 2961 2282 3033 ρῶν
2309 2962 2584 3033 τρέπουσα
2611 2962 2690 3025 είς
2723 2959 3010 3033 σκώληκας
3035 2961 3130 3015 καὶ
3156 2961 3438 3025 δυσωδίαν,
3473 2967 3536 3032 τῇ
3559 2963 3614 3014 δὲ
3641 2963 3735 3016 τοῦ

492 3065 647 3120 aqua:
693 3049 827 3121 ligni
873 3062 974 3118 ope
1019 3047 1072 3101 in
1104 3047 1290 3103 dulces
1323 3056 1802 3113 converterentur,
1839 3046 2013 3102 effecit
2051 3066 2063 3101 :

2176 3053 2454 3106 Σαϐϐάτου
2487 3053 2670 3125 ἡμέρᾳ
2697 3052 3059 3122 φυλάττουσα.
3089 3052 3200 3107 Καὶ
3229 3053 3284 3105 τί
3329 3071 3396 3123 με
3427 3053 3509 3106 δεῖ
3543 3053 3735 3106 ἀναλε-

489 3143 781 3213 cuiusnam
810 3140 937 3195 item
972 3138 1258 3209 petestatis
1289 3139 1534 3194 subsidio
1563 3154 1700 3208 aqua
1734 3153 1764 3192 e
1787 3147 1934 3208 petra
1970 3155 2065 3195 ex-

489 3235 716 3300 silierit,
762 3233 1138 3302 exposuisset;
1183 3231 1574 3300 eamdemque,
1613 3232 1696 3285 vel
1727 3241 1871 3286 certe
1901 3231 2063 3286 aliam

495 3332 812 3397 potestatem
857 3338 1070 3378 mannze
1099 3323 1334 3393 pluviam
1368 3321 1698 3392 profudisse,
1715 3331 1769 3377 et
1794 3323 2063 3393 ingentem

497 3417 640 3474 illam
672 3417 780 3471 vim
811 3418 1156 3472 coturnicum
1191 3415 1488 3470 immisisse
1538 3414 1910 3476 declarasset;
1939 3430 2066 3484 ape-

493 3510 694 3564 ruisset
713 3507 843 3564 itcm
874 3524 1112 3579 quanam
1142 3515 1412 3578 potestate
1444 3505 1595 3560 ﬁeret
1623 3514 1680 3559 ut
1705 3520 1900 3560 manna
1934 3505 2063 3559 illud

492 3600 684 3673 primis
733 3615 826 3654 sex
869 3600 1061 3654 diebus
1096 3599 1150 3653 in
1175 3613 1389 3653 vermes
1419 3605 1720 3663 mutatum,
1768 3597 1968 3650 malum
2000 3596 2066 3651 de

492 3708 551 3747 sc
578 3692 797 3746 odorem
844 3691 1019 3752 daret,
1054 3690 1142 3744 die
1169 3698 1349 3744 autem
1381 3688 1601 3743 Sabbati
1635 3689 1904 3758 integrum
1951 3701 2066 3742 ser-

491 3789 731 3834 varetur.
775 3779 839 3834 Et
865 3779 995 3849 quid
1027 3778 1218 3832 attinet
1247 3777 1490 3847 prodigia
1520 3791 1582 3832 ea
1607 3776 1788 3831 omnia
1811 3816 1824 3840 ,
1858 3791 1978 3846 quae
2011 3776 2064 3829 in

489 3873 706 3927 deserto
752 3871 819 3926 ad
865 3878 1096 3925 mortem
1151 3885 1324 3940 usque
1351 3868 1555 3940 Moysis
1586 3869 1952 3938 contigerunt,
1977 3885 2065 3923 re-

490 3963 752 4024 censere?
801 3978 925 4016 cum
961 3978 1024 4017 ea
1057 3961 1306 4017 dicturus
1339 3959 1532 4016 fuisset
1561 3960 1818 4015 Servator
1845 3976 1967 4031 quae
1997 3961 2062 4016 ad

491 4061 815 4125 potestatem
868 4042 1215 4122 pertinebant
1236 4089 1253 4118 ,
1287 4050 1333 4106 si
1366 4050 1513 4121 digni
1547 4049 1777 4105 fuissent
1809 4049 2067 4106 sacerdo-

491 4159 606 4202 tum
633 4146 928 4217 principes,
960 4155 1016 4200 et
1041 4145 1286 4200 seniores
1332 4144 1537 4214 populi,
1572 4159 1804 4214 quorum
1833 4144 2066 4199 interro-

491 4237 696 4309 gationi
727 4252 1052 4307 responsum
1080 4237 1325 4292 daretur.
1361 4235 1678 4305 Consimilia
1713 4245 1894 4291 autem
1921 4234 2066 4291 facili

491 4329 707 4399 negotio
757 4327 1060 4398 repereris,
1115 4327 1162 4381 si
1192 4327 1502 4381 universam
1533 4326 1869 4397 Scripturam
1915 4327 2064 4382 evol-

2170 3145 2396 3216 γόμενον
2411 3143 2479 3197 τὰ
2502 3146 2557 3196 ἐν
2583 3147 2647 3215 τῇ
2665 3145 2858 3215 ἐρήμῳ
2877 3144 3137 3215 τεράστια
3160 3142 3323 3216 μέχρι
3342 3143 3442 3213 τῆς
3459 3145 3591 3197 Μωῦ
3601 3144 3736 3208 σέως

2169 3236 2427 3306 τελευτῆς
2459 3235 2835 3306 παριστάνειν,
2857 3237 2936 3289 ὅτι
2971 3231 3122 3289 εἶπεν
3154 3236 3220 3290 ἂν
3248 3237 3276 3289 6
3298 3235 3488 3306 Σωτὴρ
3514 3235 3583 3289 τὰ
3611 3238 3741 3306 περὶ

2169 3329 2266 3398 τῆς
2318 3327 2599 3393 ἐξουσίας,
2656 3328 2703 3380 εί
2745 3322 2884 3399 ἦσαν
2931 3326 3068 3392 ἄξιοι
3119 3328 3169 3381 oi
3219 3329 3498 3399 ἀρχιερεῖς
3548 3329 3642 3382 καὶ
3689 3329 3741 3382 οἱ

2169 3417 2526 3490 πρεσϐύτεροι
2568 3416 2663 3469 τοῦ
2714 3416 2843 3470 λαοῦ
2889 3418 2991 3487 τῆς
3033 3417 3168 3488 πρὸς
3218 3417 3278 3469 τὸ
3326 3416 3516 3488 πύσμα
3560 3417 3741 3471 αὐτῶν

2167 3503 2546 3574 άποκρίσεως;
2588 3502 2679 3558 καί
2714 3520 2795 3556 σοι
2835 3503 3064 3574 πάρεστι
3089 3503 3150 3557 τὸ
3181 3504 3441 3573 ἀνάλογον
3462 3546 3476 3569 ,
3510 3508 3739 3577 ἐπερχοο

2171 3595 2318 3666 μένῳ
2354 3594 2451 3666 τὴν
2493 3594 2620 3665 ὃλην
2651 3594 2872 3666 Γραφὴν
2894 3636 2908 3658 ,
2931 3597 3063 3667 ὁρᾷν
3082 3611 3098 3628 ⁸
3125 3595 3210 3659 ¹ι’ίς
3241 3613 3300 3650 τε
3332 3598 3366 3669 ἡ
3393 3598 3610 3662 ἐξουσία
3641 3598 3734 3652 τοῦ

2169 3688 2358 3758 στῆναι
2389 3687 2479 3740 τὸν
2519 3687 2670 3756 ἣλιον
2699 3687 2840 3741 κατὰ
2878 3684 3134 3752 Γαϐαὼν,
3182 3686 3278 3742 καὶ
3322 3687 3552 3760 σελήνην
3597 3689 3738 3743 κατά

2169 3779 2429 3850 φάραγγα
2469 3777 2578 3846 (55)
2615 3775 2792 3848 Ἐλώμ
2817 3793 2832 3809 ·
2862 3777 2994 3831 πολὺ
3031 3778 3315 3849 πρότερον,
3350 3777 3442 3830 τοῦ
3471 3778 3740 3846 διοδευθῆ-

2169 3890 2256 3924 ναι
2287 3870 2378 3924 τὸν
2421 3869 2691 3941 Ἰορδάνην
2721 3869 2997 3940 ποταμὸν,
3044 3869 3138 3924 καὶ
3189 3869 3281 3923 τοῦ
3325 3869 3635 3924 παύσασθαι
3676 3869 3738 3922 τὸ

2170 3963 2365 4034 μάννα.
2401 3963 2512 4017 Καὶ
2550 3962 2641 4015 ἐπὶ
2670 3961 2768 4032 τῆς
2793 3961 2975 4031 βίϐλου
3005 3961 3061 4014 δέ
3092 3962 3199 4016 τῶν
3231 3960 3452 4030 Κριτῶν
3482 3961 3649 4015 πολλὰ
3672 3961 3737 4014 ἂν

2167 4052 2388 4106 τοιαῦτα
2417 4049 2674 4122 ζητηθείη
2699 4090 2713 4111 ,
2757 4050 2851 4104 καὶ
2889 4050 3134 4122 εὑρεθείη
3157 4094 3170 4116 ,
3201 4045 3310 4104 οἷον
3343 4051 3470 4122 περὶ
3510 4051 3599 4104 τὸν
3642 4051 3736 4104 Γεο

2167 4143 2298 4197 δεὼν
2319 4183 2333 4207 ,
2367 4143 2460 4196 καὶ
2496 4143 2586 4195 τὸν
2621 4139 2861 4212 Σαμψὼν
2899 4140 3174 4214 παράδοξα
3197 4157 3212 4172 ·
3245 4141 3380 4194 ἀλλὰ
3412 4143 3504 4196 καὶ
3532 4143 3595 4194 ἐκ
3628 4141 3736 4194 τῶν

2167 4232 2464 4287 Βασιλειῶν
2503 4232 2572 4285 τὰ
2598 4233 2724 4305 περὶ
2765 4231 2855 4285 τὸν
2881 4229 3149 4301 Σαμουὴλ,
3174 4231 3266 4284 καὶ
3289 4230 3379 4283 τὸν
3420 4229 3622 4294 Ἠλίαν,
3642 4231 3735 4283 καὶ

2165 4325 2256 4380 τὸν
2293 4319 2594 4378 Ἐλισσαῖον
2614 4367 2629 4391 ,
2661 4324 2870 4379 καὶτὸν
2905 4321 3178 4386 Ἐζεκίαν.
3217 4321 3326 4375 Καὶ
3368 4321 3540 4385 οὕτως
3572 4321 3730 4373 ἐπελ-

489 4435 585 4475 vas
617 4437 630 4474 :
669 4433 698 4472 a
731 4433 967 4488 quanam
998 4425 1263 4487 potestate
1307 4416 1386 4472 sol
1413 4417 1674 4472 adversus
1708 4416 2061 4484 Gabaonitas,

2170 4415 2275 4471 θὼν
2306 4417 2371 4470 ἂν
2396 4420 2424 4471 6
2449 4416 2638 4488 Σωτὴρ
2666 4417 2758 4469 καὶ¹
2786 4415 2845 4469 τὸ
2885 4412 3147 4477 κατακτὰς
3173 4411 3458 4484 διαφόρους
3486 4412 3735 4478 ἐξουσίας

488 4512 616 4565 luna
663 4519 844 4565 autem
897 4518 1086 4564 contra
1128 4508 1323 4562 vallem
1385 4507 1577 4578 Ajalon
1626 4509 1958 4576 constiterit;
2007 4517 2062 4564 et

2170 4507 2386 4563 διελθὼν
2415 4509 2710 4579 μυστήριον
2751 4506 2984 4572 ἐδίδαξεν
3014 4505 3080 4560 ἂν
3109 4506 3169 4558 ἐν
3197 4505 3324 4575 ποίᾳ
3363 4503 3610 4574 ἐξουσία,
3644 4505 3738 4556 καὶ

492 4605 649 4672 longe
693 4611 887 4667 antea,
933 4615 1168 4672 quanam
1222 4608 1488 4670 potestate
1537 4608 1847 4670 permeatus
1901 4599 2064 4655 fuerit

2170 4601 2284 4665 πῶς
2314 4599 2654 4674 ὑπερεχούσῃ
2681 4599 2854 4653 ἐποίει
2893 4597 2930 4652 ά
2969 4597 3192 4650 ἔϐλεπεν
3221 4598 3249 4649 6
3287 4595 3414 4658 λαὸς
3443 4595 3734 4666 τεράστια,

487 4693 752 4749 Jordanes
784 4693 1014 4756 fluvius,
1055 4700 1107 4746 et
1133 4706 1332 4745 manna
1362 4691 1675 4746 cessaverit.
1717 4693 1794 4747 Ac
1829 4692 1883 4746 in
1921 4691 2061 4746 libro

2170 4691 2381 4766 δοθείσῃ
2408 4691 2557 4763 αὐτῷ
2589 4693 2690 4745 οὑκ
2720 4691 2828 4744 ἀπό
2869 4707 3013 4754 τινος
3047 4689 3277 4758 ἀγγέλου
3308 4689 3400 4741 καὶ
3427 4685 3736 4758 λειτουργοῦ

489 4787 710 4855 quidem
743 4784 994 4842 Judicum
1022 4784 1277 4856 pleraque
1310 4783 1576 4854 ejusmodi
1606 4783 1774 4854 quaeri
1803 4797 1869 4838 ac
1909 4796 2064 4854 repe-

2170 4779 2301 4834 Θεοῦ
2326 4818 2341 4844 ,
2388 4781 2509 4834 οὐδὲ
2547 4779 2635 4834 διά
2675 4796 2816 4843 τινος
2851 4779 2959 4832 τῶν
3007 4777 3414 4849 ὑποδεεστέρων
3446 4776 3538 4831 τοῦ
3569 4775 3735 4839 Θεοῦ.

492 4877 586 4930 riri
619 4877 825 4944 possint
850 4876 1115 4948 prodigia,
1149 4891 1212 4930 ea
1241 4885 1369 4945 puta
1409 4889 1530 4944 qua:
1581 4874 1722 4929 circa
1751 4873 2057 4929 Gedeonem

2170 4871 2284 4926 ἀλλ’
2312 4871 2420 4925 ἀπὸ
2446 4869 2612 4925 αὑτοῦ
2640 4871 2734 4924 τοῦ
2767 4871 3003 4942 Πατρός.

1684 4989 1923 5046 VETUS
1963 4986 2544 5045 INTERPRETATIO.

491 5100 579 5140 res
604 5084 786 5155 populi
817 5094 1207 5156 cognoscentes
1235 5086 1392 5156 plura
1426 5086 1494 5140 de
1523 5086 1885 5156 potestatibus
1907 5125 1922 5150 ,
1957 5093 2012 5139 et
2036 5084 2294 5156 gradibus
2323 5088 2790 5156 sacramentorum
2822 5081 3129 5156 caelestium
3153 5120 3171 5148 ,
3218 5077 3740 5156 sive_ex_tradit_i0ne

493 5149 784 5225 majorum,
829 5149 942 5210 sive
971 5154 1038 5208 de
1065 5149 1289 5212 secretis
1334 5149 1683 5225 quibusdam,
1719 5165 1902 5210 utrum
1932 5149 2112 5225 autem
2142 5153 2559 5225 rationabiliter,
2593 5161 2687 5206 aut
2729 5150 3196 5225 irrationabiliter,
3229 5150 3448 5225 escitati
3481 5149 3738 5225 videbant

488 5219 673 5280 Iesum
702 5225 868 5279 nndta
898 5225 1143 5294 prodigia
1175 5219 1458 5280 facieniem
1490 5242 1594 5279 non
1629 5227 1746 5280 sine
1771 5233 2036 5292 potestate
2066 5224 2246 5294 aliqua
2295 5223 2345 5276 ei
2373 5221 2616 5294 subjecta
2648 5239 2662 5275 :
2691 5230 2745 5276 et
2776 5221 3211 5294 ideoipotestatis
3241 5220 3388 5294 illius
3415 5219 3654 5294 speciem
3675 5226 3739 5294 _t_-.t

492 5295 873 5365 proprietatem
901 5288 1160 5365 volebant
1183 5296 1373 5349 audire
1385 5311 1426 5365 ιι
1449 5294 1688 5350 Christo.
1757 5288 1822 5348 Et
1852 5295 1896 5348 si
1923 5294 2140 5363 quidem
2159 5288 2705 5365 'fuissentprincipes
2733 5288 3082 5365 sacerdotum
3115 5289 3282 5358 aliqui
3314 5289 3528 5354 sancti,
3563 5288 3740 5356 qualis

491 5359 821 5430 fuit'Aaron,
858 5364 940 5418 vel
968 5362 1214 5431 Eleazar,
1258 5365 1340 5419 vel
1384 5363 1637 5430 Phinecs,
1671 5365 1751 5419 vel
1780 5359 2309 5434 quicu'nqueeorum
2337 5361 2428 5434 qui
2461 5359 2978 5434 bene—functionem
3007 5374 3167 5434 suam.
3193 5365 3739 5434 consummaverunt,

489 5436 648 5504 quasi
682 5450 788 5489 non
809 5426 1176 5501 'tentantibus,
1198 5426 1314 5489 'sed
1343 5435 1556 5489 discere
1586 5426 1953 5504 cupientibus,
1987 5426 2042 5486 et
2083 5431 2263 5501 dignis
2289 5429 2605 5501 bujusmodi
2634 5431 2884 5496 scientia,
2918 5431 3037 5485 sine
3077 5427 3246 5483 dubio
3271 5426 3600 5482 declarasset
3623 5441 3744 5496 my-

563 5553 744 5608 "Gal.
779 5571 863 5619 ιιι,
897 5556 980 5610 l9.
1057 5554 1105 5588 “
1136 5553 1302 5611 Hebr.
1335 5569 1395 5622 ιι,
1426 5555 1480 5610 2.

562 5675 676 5742 (55)
705 5677 864 5729 Κατὰ
895 5677 1186 5747 φάραγγα.
1219 5676 1294 5730 ita
1325 5677 1520 5747 legitur
1548 5677 1600 5731 in
1649 5677 1834 5732 codice
1868 5675 2067 5748 Anglic:

2173 5717 2185 5742 ,
2217 5676 2444 5732 lluctius
2475 5687 2654 5733 tamen
2681 5676 2864 5732 omisit
2898 5674 3058 5730 κατά.
