4074 6300
384 438 519 493 148ῒί

1289 432 1637 489 COMMENT.
1681 433 1747 486 IN
1791 433 2198 488 MATTILEUM
2241 432 2478 487 TOMUS
2515 431 2678 487 XVII.

3489 435 3633 493 MSS

379 575 478 622 στας
511 557 575 611 τὰ
609 556 843 617 ἐναντία,
952 555 1085 625 μηδέ
1118 552 1214 625 τὴν
1246 553 1417 624 ἀρχὴν
1450 554 1809 624 ἐπηγγείλατο
1846 554 1954 623 (fill)

2060 553 2216 623 771
2249 567 2435 622 opera.
2464 556 2549 607 cu-i
2588 570 2654 608 ne
2677 555 2841 608 verbo
2875 554 3091 624 quidem
3126 555 3393 610 bonorum
3421 554 3630 611 facinnu

385 649 523 702 κατὰ
564 648 740 718 φωνὰς
772 646 943 714 λόγων
987 644 1203 713 ἀγαθῶν
1240 644 1519 717 πράξεων·
1565 645 1646 698 ἔτι
1701 646 1756 698 δὲ
1820 646 1955 717 πρὸς

382 744 507 806 τοὺς
551 741 757 813 μεγάλα
799 741 896 811 μὲν
939 739 1458 810 ἐπαγγελλομένους,
1503 740 1668 810 μηδὲν
1715 739 1770 792 δὲ
1806 740 1954 794 ,κατὰ

382 836 478 905 τὴν
511 830 836 900 ἐπαγγελίαν
865 831 1198 901 πράττοντας
1219 849 1231 861 ·
1263 829 1291 880 6
1323 830 1421 899 μὲν
1449 830 1557 900 γάρ
1578 847 1661 893 τις
1686 830 1848 883 οἱονεὶ
1876 830 1956 882 λέ-

382 939 502 992 γει·
543 920 799 991 Μεῖζονῆ
837 923 956 974 κατ’
994 922 1093 991 ἐμέ
1122 920 1414 992 παρθενίαν
1452 921 1653 991 ταύτην
1685 921 1743 973 οὐ
1780 921 1948 974 θέλω·

380 1014 475 1068 καὶ
506 1013 604 1082 τῆς
630 1004 771 1083 ἐμῆς
803 1010 957 1077 ἀξίας
982 1010 1186 1079 βέλτιον
1214 1010 1274 1062 τὸ
1305 1010 1707 1080 ἁποταξάμενον
1736 1009 1813 1080 τῷ
1855 1010 1954 1080 βίῳ

382 1101 756 1174 σχολάζειντῷ
787 1101 930 1171 λόγῳ
951 1118 963 1130 ·
997 1102 1026 1154 ὁ
1051 1102 1107 1154 δέ
1142 1118 1304 1172 φησιν
1336 1101 1564 1154 ἕκαστον
1600 1100 1810 1154 ἁκούων
1849 1100 1955 1153 τῶν

381 1202 438 1254 ἐν
468 1202 535 1272 τῇ
564 1201 750 1270 Γραφῇ
786 1197 1032 1269 μεγάλων
1064 1197 1266 1269 ἔργων’
1306 1215 1325 1246 ι
1368 1196 1532 1265 Ἐγὼ,
1562 1195 1757 1266 Κύριε.
1792 1214 1810 1246 ›
1845 1195 1956 1248 Καὶ

381 1291 525 1344 ἐστιν
573 1291 698 1343 ἰδεῖν
743 1289 902 1342 οἱονεὶ
935 1290 998 1341 ἐκ
1040 1287 1401 1358 μεταμελείας
1433 1288 1582 1350 τινάς
1621 1286 1955 1349 ἐπιδιδόντας

382 1385 460 1446 εἰς
500 1383 558 1434 τὸ
606 1380 831 1449 βέλτιον,
877 1381 971 1433 καὶ
1014 1379 1476 1451 ἐπιμελουμένους
1518 1378 1726 1432 ἐαυτῶν
1762 1378 1855 1430 ἐπὶ
1898 1377 1960 1430 τὸ

382 1476 626 1543 κρεῖττον
679 1473 828 1541 παρά
874 1470 970 1539 τὴν
1010 1468 1245 1540 ἀρχῆθεν
1293 1467 1636 1539 προσδοκίαν*
1673 1466 1867 1529 ἄλλους
1899 1465 1956 1518 δὲ

385 1562 814 1634 προπετέστερον
853 1559 950 1629 μὲν
988 1559 1157 1612 πολλὰ
1192 1558 1712 1629 ἐπαγγειλαμένους,
1751 1559 1861 1620 τοῖς
1901 1556 1958 1611 δὲ

381 1654 561 1725 ἔργοις
598 1650 1035 1722 ἀντιπράξαντας
1064 1652 1181 1714 ταῖς
1218 1650 1585 1718 ἐπαγγελίαις.

453 1914 605 1970 Μετὰ
643 1916 698 1969 δὲ
726 1914 821 1986 τὴν
853 1911 1164 1986 παραϐολὴν
1203 1911 1520 1983 ἐπιφέρεται
1566 1910 1700 1981 πρὸς
1737 1909 1834 1979 μὲν
1866 1908 1956 1960 τὸν
1989 1894 2029 1948 Β

383 2010 623 2062 εἰπόνταε
663 2028 680 2057 (
719 2008 792 2060 06
824 2006 981 2068 θέλω,
1027 2025 1045 2055 ι
1092 2005 1185 2058 καὶ
1220 2004 1443 2074 ὕστερον
1491 1999 1955 2073 μεταμεληθέντα,

384 2100 476 2153 καὶ
505 2099 823 2159 ἀπελθόντα,
853 2097 932 2150 τόδ
963 2116 980 2146 ‹
1022 2095 1190 2166 Ἀμὴν
1212 2095 1355 2162 λέγω
1384 2094 1531 2164 ὑμῖν,
1558 2095 1639 2147 ὅτι
1659 2093 1708 2145 οἱ
1734 2091 1958 2145 τελῶναι

383 2191 476 2242 καὶ
500 2192 554 2241 αἱ
584 2189 777 2259 πόρναι
810 2188 1138 2256 προάγουσιν
1163 2186 1305 2256 ὑμᾶς
1331 2186 1410 2247 είς
1437 2185 1534 2256 τὴν
1561 2184 1837 2255 βασιλείαν
1863 2182 1955 2236 τοῦ

382 2279 517 2334 Θεοῦ
541 2297 553 2309 ο
602 2299 619 2330 ι
654 2279 789 2349 πρὸς
821 2276 876 2329 δὲ
908 2276 998 2329 τὸν
1026 2276 1270 2338 εἰπόντα,
1313 2294 1331 2325 ι
1385 2273 1543 2342 Ἐγὼ,
1578 2272 1770 2342 Κύριε,
1807 2291 1825 2324 ι
1863 2274 1957 2325 καὶ

387 2372 461 2441 μὴ
495 2368 811 2431 ἀπελθόντα,
839 2367 927 2420 τόο
966 2385 984 2417 ι
1024 2362 1192 2418 ’Ἦλθε
1221 2365 1328 2436 γὰρ
1369 2364 1619 2435 Ἰωάννης
1647 2365 1782 2435 πρὸς
1815 2363 1957 2432 ὑμᾶς

384 2466 441 2516 ἐν
475 2460 577 2532 ὁδῷ
620 2459 983 2528 δικαιοσύνης,
1032 2460 1126 2512 καὶ
1172 2459 1272 2511 οὐκ
1323 2455 1674 2510 ἐπιστεύσατε
1714 2453 1890 2524 αὐτῷ-
1932 2473 1950 2507 ι

383 2553 477 2605 καὶ
502 2551 592 2604 τό·
635 2571 653 2601 ι
703 2551 890 2620 Ὑμεῖς
923 2548 979 2600 δὲ
1016 2549 1236 2611 ἰδόντες,
1274 2547 1333 2599 οὐ
1368 2545 1768 2616 μετεμελήθητε
1800 2544 1955 2598 ὕστε-

387 2661 498 2715 ρον,
527 2643 619 2696 τοῦ
650 2640 934 2695 πιστεῦσαι
962 2642 1018 2693 ἐν
1037 2639 1204 2709 αὐτῷ.
1237 2659 1255 2692 ι
1303 2638 1632 2709 Ἐπιστήσας
1656 2637 1712 2691 δέ
1731 2654 1812 2700 τις
1846 2638 1956 2701 τοῖς

384 2734 490 2786 ἀπὸ
516 2732 914 2804 μοχθηροτάτου
943 2731 1056 2801 βίου
1084 2729 1539 2803 προσερχομένοις
1557 2728 1635 2799 τῷ
1675 2729 1836 2800 λόγῳ,
1863 2729 1957 2782 καὶ

385 2824 696 2877 πιστεύουσι
728 2823 805 2893 τῷ
845 2822 1085 2892 Χριστῷ,
1120 2823 1213 2875 καὶ
1256 2825 1366 2884 τοῖς
1395 2820 1622 2891 αὐχοῦσι
1662 2821 1751 2873 τὸν
1792 2820 1955 2890 νόμον

384 2914 623 2977 καὶτοὺς
655 2914 956 2985 προφήτας,
987 2914 1081 2967 καὶ
1102 2911 1388 2967 ἀπιστοῦσι
1412 2910 1488 2982 τῷ
1523 2910 1638 2981 Υἱῷ
1670 2909 1763 2963 τοῦ
1797 2908 1952 2974 Θεοῦ,

380 3007 475 3061 καὶ
501 3005 812 3068 ἀκολάστως
847 3004 1042 3075 βιοῦσι,
1078 3005 1171 3058 καὶ
1199 3004 1495 3075 ὠμοτέροις
1518 3003 1653 3075 πρὸς
1676 3004 1801 3066 τοὺς
1830 3005 1958 3074 ὀμο-

382 3095 579 3166 φύλους
603 3096 978 3165 τυγχάνουσιν,
1008 3094 1196 3163 ὄψεται
1228 3096 1316 3148 τὸν
1357 3094 1530 3166 Ἰησοῦ
1565 3093 1722 3161 λόγον
1753 3092 1950 3163 ἀληθῆ,

387 3209 406 3240 α
441 3189 522 3241 ὅτι
551 3188 600 3241 οἱ
635 3186 732 3257 μὲν
761 3185 987 3239 τελῶναι
1012 3186 1105 3239 καὶ
1139 3186 1195 3239 αἱ
1230 3185 1426 3256 πόρναι
1458 3185 1757 3255 προάγουσι
1809 3203 1826 3237 ι
1863 3184 1953 3237 τὸν
1980 3220 2023 3278 C

393 3279 607 3352 Ἰσραὴλ
641 3298 658 3329 ι
693 3280 772 3342 είς
796 3278 893 3350 τὴν
917 3277 1189 3348 βασιλείαν
1217 3275 1309 3329 τοῦ
1337 3275 1502 3329 Θεοῦ’
1541 3295 1558 3326 ι
1586 3274 1685 3328 ὁδέ
1710 3273 1832 3328 ἰδὼν
1861 3275 1952 3329 τὸν

394 3371 598 3443 Ἰησοῦν
639 3372 845 3432 ἐκεῖνος
895 3368 1107 3440 Ἰσραὴλ
1147 3368 1266 3421 οὐδὲ
1321 3367 1480 3439 μέχρι
1521 3367 1678 3438 δεῦρο
1716 3384 1954 3438 μεταμε-

380 3459 572 3523 λεῖται,
615 3461 699 3513 ἵνα
742 3459 843 3512 κᾶν
878 3459 1098 3530 ὕστερον
1136 3456 1401 3531 πιστεύσῃ
1427 3461 1493 3529 τῇ
1531 3458 1775 3531 ἀληθείᾳ.
1807 3458 1950 3530 Πρό-

386 3568 510 3623 σχες
542 3554 599 3606 δὲ
649 3552 742 3605 καὶ
773 3552 879 3623 τῷ·
923 3573 940 3603 ι
978 3553 1315 3624 Προάγουσιν
1356 3551 1501 3619 ὑμᾶς
1533 3552 1613 3612 είς
1652 3550 1750 3620 τὴν
1798 3549 1949 3619 βασι-

383 3642 530 3696 λείαν
568 3642 659 3696 τοῦ
695 3643 849 3706 Θεοῦ,
894 3662 912 3695 ι
947 3645 1046 3696 οὐκ
1074 3642 1414 3696 ἀποκλείοντι
1443 3640 1535 3694 τὸν
1592 3639 1807 3710 Ἰσραὴλ
1836 3641 1948 3693 εἰσ-

382 3733 632 3805 έρχεσθαι
674 3737 752 3797 εἰς
799 3734 895 3805 τὴν
937 3732 1210 3804 βασιλείαν
1260 3731 1353 3786 τοῦ
1405 3730 1573 3785 Θεοῦ·
1619 3730 1792 3794 οὐδεὶς
1839 3730 1947 3802 γάρ

384 3824 612 3896 προάγει
652 3825 741 3879 τὸν
775 3825 1023 3896 οὐδαμῶς
1061 3824 1315 3894 ἐσόμενον
1356 3824 1412 3875 ἐν
1446 3822 1637 3892 ἐκείνῳ
1668 3821 1746 3891 τῷ
1775 3821 1947 3890 τόπῳ,

383 3920 441 3972 ἐν
486 3912 530 3986 ᾧ
565 3917 814 3989 προῆξεν.
866 3918 1006 3988 Ὅρα
1048 3913 1140 3969 οὖν
1190 3916 1397 3985 μήποτε
1447 3914 1792 3985 ἐμφαίνεται,
1847 3914 1949 3976 δτι,

382 4010 508 4062 ὅταν
557 4011 615 4062 τὸ
664 4008 937 4079 πλήρωμα
991 4005 1097 4060 τῶν
1150 4005 1318 4059 ἐθνῶν
1375 4004 1611 4078 εἰσέλθῃ,
1666 4005 1788 4057 τότε
1844 4005 1954 4068 πᾶς

396 4103 605 4174 Ἰσραὴλ
649 4101 968 4171 σωθήσεται.
991 4097 1234 4151 Νοείσθω
1253 4097 1309 4149 δὲ
1328 4098 1357 4150 ὁ
1390 4095 1603 4169 Ἰσραὴλ
1629 4096 1726 4165 οὐχ
1759 4097 1787 4148 ὁ
1815 4095 1955 4149 κατά

386 4192 582 4263 σάρκα,
616 4191 727 4244 ἀλλ’
760 4189 788 4240 6
819 4192 875 4242 ἐν
898 4190 965 4259 τῇ
994 4187 1242 4257 εὐγενείᾳ
1280 4186 1378 4257 τῆς
1414 4185 1588 4255 ψυχῆς
1619 4201 1954 4256 χαρακτηρι-

382 4280 626 4352 ζόμενος,
666 4283 760 4336 καὶ
792 4281 928 4353 ἔχων
981 4280 1077 4350 μὲν
1114 4278 1172 4332 τὸ
1205 4277 1400 4346 εὐφυὲς
1434 4276 1570 4345 πρὸς
1605 4276 1817 4329 σύνεσιν
1856 4275 1950 4329 καὶ

2060 660 2180 697 rum
2219 645 2521 697 rudimenta
2546 646 2951 715 promiserant:
2990 647 3055 701 iis
3086 646 3212 701 item
3250 645 3383 701 illud
3429 662 3627 703 conve~

2060 735 2139 788 nit
2159 734 2249 803 qui
2275 750 2472 804 magna
2499 735 2714 804 quidem
2749 735 3113 804 promittunt,
3165 752 3222 790 re
3276 752 3456 792 autem
3501 754 3625 807 pro-

2062 826 2226 880 missa
2253 840 2352 880 sua
2384 826 2608 882 minime
2638 827 2865 897 implent
2894 847 2906 882 :
2941 828 3017 882 ait
3044 827 3188 883 enim
3207 869 3221 894 ,
3252 828 3399 882 verbi
3427 830 3624 899 gratia,

2062 917 2294 986 aliquis:
2323 916 2696 986 Virginitatem
2722 919 2866 972 illam
2891 919 3018 973 nolo
3040 934 3161 988 quat
3184 918 3329 973 vires
3361 932 3509 972 meas
3537 933 3632 973 su-

2062 1017 2216 1077 perat
2236 1024 2249 1072 ;
2268 1008 2394 1062 item
2419 1028 2431 1063 :
2463 1008 2580 1065 Vita
2600 1009 2699 1064 hac
2713 1010 2981 1076 abdicata,
3005 1008 3207 1064 Christi
3227 1008 3391 1063 verbo
3407 1023 3628 1078 operam

2063 1100 2193 1154 dare
2217 1099 2468 1169 dignitati
2514 1115 2650 1155 meae
2680 1116 2743 1155 ac
2772 1101 2966 1156 merito
2995 1100 3266 1155 antecellit
3294 1118 3308 1154 :
3339 1099 3426 1154 ille
3448 1110 3629 1155 autem

2063 1189 2299 1259 ingentia
2336 1190 2426 1244 illa
2454 1189 2697 1246 facinora
2729 1208 2849 1262 qua:
2883 1193 2936 1246 in
2970 1191 3249 1265 Scriptura
3290 1207 3632 1262 commemo-

2064 1289 2285 1342 rantur,
2329 1281 2555 1339 audiens
2587 1281 2719 1336 dicit
2750 1300 2762 1334 :
2800 1299 2819 1331 ι
2859 1280 2990 1352 Ego,
3015 1280 3275 1349 Domine;
3309 1302 3326 1333 ι
3357 1290 3468 1336 tum
3502 1298 3633 1343 vero

2065 1369 2356 1424 nonnullos
2387 1370 2544 1439 quasi
2589 1371 2909 1440 poenitentia
2962 1371 3155 1426 ductos
3183 1370 3366 1425 videre
3403 1371 3530 1427 licet
3580 1372 3634 1427 in

2065 1459 2194 1514 boni
2227 1460 2472 1530 rectique
2504 1461 2686 1516 studio
2708 1460 3083 1530 proﬁcientes,
3119 1470 3173 1515 et
3216 1462 3400 1516 virtuti
3438 1471 3636 1530 praeter

2065 1564 2184 1603 eam
2220 1566 2383 1619 quam
2434 1550 2588 1605 initio
2629 1550 2890 1606 dederant
2932 1552 3390 1619 exspectationem
3424 1553 3638 1607 naviter

2065 1654 2287 1707 operam
2320 1640 2543 1706 dantes;
2599 1641 2736 1696 alios
2788 1649 2967 1695 autem
3008 1650 3292 1710 postquam
3331 1642 3499 1696 multa
3554 1652 3635 1695 ten

2065 1746 2211 1785 mere
2235 1731 2454 1801 polliciti
2493 1739 2640 1798 sunt,
2668 1732 2927 1802 pleraque
2966 1740 3154 1786 contra
3209 1732 3475 1801 promissa
3532 1749 3631 1788 sua

2062 1832 2303 1891 agentes.

2131 1912 2184 1967 5.
2214 1911 2345 1969 Post
2370 1913 2687 1983 parabolam
2721 1923 2924 1980 autem,
2960 1916 3007 1968 ci
3032 1915 3124 1984 qui
3148 1915 3282 1971 dixit
3313 1935 3325 1970 :
3364 1936 3382 1966 ι
3417 1915 3576 1983 Nolo,
3608 1936 3627 1969 ι

2062 2015 2115 2063 et
2147 2005 2464 2077 pmnitentia
2491 2006 2839 2074 postmodum
2885 2007 3080 2060 ductus
3110 2007 3283 2071 abiit,
3318 2009 3369 2061 id
3401 2008 3632 2078 subjun-

2061 2098 2204 2168 gitur
2235 2096 2282 2127 ⁸ο
2317 2115 2330 2149 :
2370 2112 2388 2146 ι
2415 2095 2584 2150 Amen
2616 2096 2738 2150 dico
2767 2096 2944 2163 vobis,
2966 2097 3091 2167 quia
3132 2097 3404 2166 publicani
3428 2108 3481 2161 et
3512 2114 3633 2154 me-

2061 2188 2286 2243 retrices
2320 2185 2634 2256 praecedunt
2661 2202 2757 2241 vos
2790 2186 2844 2240 in
2874 2203 3100 2257 regnum
3128 2186 3219 2243 Dei
3254 2206 3267 2241 :
3309 2207 3326 2238 ι
3372 2188 3422 2243 ei
3450 2199 3632 2244 autem

2059 2279 2152 2348 qui
2181 2278 2319 2332 dixit
2344 2278 2386 2309 ⁵³
2421 2296 2432 2331 :
2459 2295 2476 2327 σ
2512 2275 2647 2347 Ego,
2676 2276 2924 2341 Domine,
2956 2296 2974 2329 ι
3009 2278 3230 2332 minime
3259 2287 3439 2334 autem
3475 2280 3632 2347 abiit,

2060 2369 2191 2424 illud
2218 2369 2261 2401 "
2294 2387 2306 2424 :
2347 2386 2366 2419 ι
2405 2366 2565 2422 Venit
2586 2368 2731 2423 enim
2757 2367 2824 2423 ad
2859 2384 2955 2423 vos
2987 2366 3231 2423 Joannes
3260 2369 3314 2422 in
3350 2370 3435 2423 via
3465 2369 3633 2439 justi-

2060 2464 2165 2525 ειη,
2200 2469 2254 2515 et
2283 2476 2388 2516 non
2419 2459 2726 2515 credidistis
2754 2460 2840 2527 ei;
2869 2480 2887 2512 ι
2924 2468 3087 2530 atque
3111 2460 3234 2514 item
3263 2460 3392 2513 illud
3422 2479 3435 2514 :
3465 2479 3485 2512 ι
3521 2458 3632 2516 Vos

2058 2562 2238 2607 autem
2272 2554 2536 2619 videntes,
2571 2566 2672 2606 nec
2702 2551 3077 2621 paenitentiam
3116 2550 3388 2606 habuistis
3421 2560 3629 2621 postea,

2059 2653 2121 2698 ut
2149 2645 2441 2700 crederetis
2474 2644 2543 2699 ei.
2581 2662 2599 2692 i
2630 2642 2787 2710 Quod
2822 2644 2869 2698 si
2921 2643 3045 2712 quis
3071 2644 3136 2697 ad
3194 2658 3292 2698 eos
3340 2645 3633 2699 attenderit

2057 2738 2150 2807 qui
2175 2752 2206 2791 a
2232 2735 2439 2791 nefaria
2472 2735 2580 2790 vita
2607 2735 2672 2789 ad
2692 2735 2849 2789 tidem
2875 2742 3180 2799 transeunt,
3204 2744 3258 2788 et
3278 2734 3479 2790 Christi
3511 2751 3634 2805 par.

2058 2839 2140 2883 tes
2169 2828 2600 2897 amplectuntur;
2636 2834 2689 2881 et
2717 2825 2786 2881 ad
2827 2841 2922 2881 eos
2963 2828 3056 2897 qui
3090 2827 3260 2897 legem
3298 2842 3364 2882 ac
3396 2827 3631 2897 prephe-

2058 2920 2387 2989 tasjactant,
2415 2917 2556 2973 Filio
2589 2926 2772 2973 autem
2800 2917 2892 2972 Dei
2917 2918 3075 2973 ﬁdem
3107 2918 3420 2985 detrahunt,
3449 2933 3514 2973 ac
3543 2918 3627 2973 in-

2059 3018 2425 3081 temperanter
2448 3009 2662 3076 vivunt,
2694 3017 2749 3064 et
2776 3009 3039 3065 adversus
3064 3010 3289 3064 tribules
3333 3009 3629 3065 crudeliter

2058 3116 2115 3156 se
2143 3108 2359 3170 gerunt,
2393 3115 2580 3155 verum
2611 3100 2658 3155 is
2678 3115 2799 3155 esse
2823 3097 2951 3154 Jesu
2987 3114 3295 3156 sermonem
3321 3100 3631 3170 deprehena

2057 3189 2192 3250 det,
2245 3205 2264 3237 ι
2301 3187 2429 3256 quia
2464 3186 2739 3257 publicani
2791 3195 2845 3262 c_t
2902 3188 3215 3242 meretrices
3263 3187 3576 3257 praecedunt
3604 3206 3625 3240 ι

2054 3275 2308 3332 lsraelem
2343 3295 2363 3327 ‹
2400 3277 2455 3331 in
2490 3292 2718 3348 regnum
2750 3276 2867 3333 Dei.
2903 3296 2921 3328 ι
2956 3275 3112 3332 Hunc
3164 3286 3344 3333 autem
3374 3277 3627 3337 lsraelem

2056 3367 2147 3437 qui
2179 3366 2365 3422 Jesum
2382 3368 2515 3424 vidit
2542 3383 2611 3423 ne
2637 3383 2785 3424 nunc
2802 3369 3020 3439 quidem
3040 3369 3290 3440 paenitet,
3320 3371 3628 3434 utveritati,

2056 3473 2180 3513 sero
2213 3458 2357 3527 licet,
2388 3460 2741 3515 assentiatur.
2771 3460 2913 3526 Quin
2948 3469 3002 3515 et
3043 3461 3173 3516 illud
3208 3461 3580 3518 animadverte
3611 3479 3625 3518 :

2063 3569 2080 3600 ι
2119 3548 2439 3607 Przecedunt
2460 3567 2557 3605 vos
2581 3553 2634 3605 in
2664 3568 2892 3622 regnum
2924 3552 3040 3618 Dei,
3082 3572 3101 3605 ι
3130 3553 3275 3621 quod
3321 3553 3572 3609 lsraelem
3598 3571 3630 3612 a

2056 3643 2208 3711 regni
2242 3641 2335 3696 Dei
2366 3642 2612 3713 ingressu
2650 3659 2757 3697 non
2786 3643 3067 3712 prohibet;
3098 3658 3257 3697 nemo
3308 3645 3453 3698 cnim
3489 3661 3630 3715 prae-

2056 3733 2198 3788 cedit
2217 3749 2342 3788 eum
2372 3733 2464 3802 qui
2493 3733 2597 3789 hoc
2619 3733 2741 3788 loco
2763 3749 3042 3803 nunquam
3067 3733 3283 3790 futurus
3308 3743 3410 3798 est,
3442 3737 3492 3789 in
3520 3752 3631 3806 quo

2058 3825 2174 3894 ipse
2207 3825 2504 3893 praecessit.
2537 3822 2672 3879 Vide
2697 3839 2827 3894 ergo
2847 3840 2977 3879 num
3008 3824 3137 3879 illud
3166 3823 3522 3893 signiﬁcatur,
3551 3825 3631 3880 l‘u-

2055 3924 2236 3971 turum
2268 3929 2464 3984 nempe
2523 3922 2583 3969 ut
2640 3914 2870 3969 salutem
2920 3914 3208 3969 universus
3242 3913 3405 3969 Israel
3433 3929 3629 3970 censeo

2056 4013 2275 4074 quatur,
2303 4019 2425 4059 cum
2446 4004 2686 4074 gentium
2727 4004 3004 4073 plenitudo
3032 4004 3329 4059 advenerit.
3356 4004 3631 4077 lntelliga~

2058 4105 2147 4150 tur
2173 4103 2351 4150 autem
2386 4094 2571 4161 lsrael,
2596 4110 2703 4150 non
2734 4096 2829 4165 qui
2860 4096 3160 4152 secundum
3207 4110 3424 4151 carnem
3452 4138 3468 4163 ,
3531 4099 3625 4153 sed

2056 4187 2148 4257 qui
2184 4188 2380 4241 anima:
2421 4187 2582 4256 772
2632 4187 2912 4241 nobilitate
2955 4187 3214 4256 praeditus
3243 4187 3583 4256 signiﬁcatur
3608 4226 3625 4250 ,

2058 4278 2260 4347 quique
2292 4278 2496 4347 optima
2527 4278 2592 4333 ad
2631 4277 3036 4347 intelligendum
3073 4286 3128 4331 et
3160 4277 3340 4332 indole
3360 4317 3374 4343 ,
3419 4285 3473 4332 et
3506 4292 3621 4348 per.

1580 4388 1806 4445 VETUS
1846 4388 2428 4445 INTERPRETATIO.

384 4519 768 4587 virginitatem,
798 4529 971 4587 neque
1004 4512 1167 4587 alium
1191 4508 1489 4587 secundum
1523 4507 1873 4587 Evangelium
1904 4507 2203 4587 spiritalem
2258 4517 2462 4575 actum,
2503 4509 2761 4587 operibus
2810 4517 2988 4587 autem
3018 4508 3317 4587 ostendunt
3341 4506 3486 4587 quod
3525 4522 3624 4561 nec

385 4578 644 4640 ali'initio
674 4578 847 4654 usque
886 4578 951 4637 ad
988 4579 1622 4654 verbumpromiserunt,
1659 4586 2006 4654 ecaritra_eos
2042 4578 2368 4654 qu_i_lmag_na
2397 4580 2746 4648 promittunt,
2778 4579 2910 4632 nihil
2937 4586 3118 4632 autem
3150 4579 3450 4654 secundum
3490 4592 3621 4646 pro-

385 4656 700 4711 missionem
730 4644 883 4708 suam
922 4644 1441 4722 hujusmodi'agunt.
1479 4646 1615 4722 Dicit
1639 4647 1801 4722 etiam
1831 4646 2029 4722 aliquis
2053 4644 2071 4698 ε’
2105 4644 2413 4717 Virginitas'
2429 4664 2603 4722 super
2625 4644 2841 4722 marest,
2870 4657 3089 4722 propter
3119 4648 3263 4715 quod
3299 4647 3425 4701 nolo
3450 4644 3619 4722 eam:

385 4735 439 4781 et
466 4724 642 4793 majus
671 4733 755 4778 est
786 4739 947 4792 quam
981 4716 1708 4793 virlus‘mca'abrenuntiare
1758 4717 1897 4793 hanc
1943 4716 2131 4793 vitam,
2166 4716 2440 4793 etvacare
2464 4716 2815 4793 spiritalibus
2849 4716 3030 4793 verbis
3063 4734 3076 4771 :
3109 4726 3175 4793 et_
3192 4725 3379 4785 postea
3407 4719 3619 4793 recogi-

388 4805 509 4850 tans
551 4785 616 4848 ad
665 4785 887 4847 meliora
943 4809 1001 4848 se
1057 4790 1221 4845 tradit
1245 4803 1407 4857 quam
1457 4785 1705 4858 proﬁteri
1733 4785 2016 4840 videbatur
2044 4787 2097 4839 in
2156 4787 2367 4856 primis.
2413 4785 2518 4841 Alii
2547 4798 2725 4842 autem
2760 4787 3020 4842 audacter
3066 4787 3236 4841 multa
3273 4786 3619 4858 promittunt,

385 4865 640 4938 operibus
666 4871 845 4938 autem
875 4863 1144 4938 contraria
1184 4855 1298 4938 suis
1334 4855 2005 4938 protiiissionibusfigunt1

453 4935 507 4989 5.
538 4933 667 4987 Post
699 4933 1009 5002 parabolam
1043 4940 1220 5002 autem
1243 4923 1373 5002 dicit
1388 4923 1459 4980 de
1491 4941 1557 4981 eo
1585 4926 1677 5002 qui
1707 4923 1882 4980 dixit}
1926 4943 1943 4975 ι
1970 4923 2128 5002 Ν-οιο,
2162 4945 2182 4978 ι
2214 4935 2398 5002 postea
2429 4925 2973 5002 autem_recogit_avit,
2995 4933 3049 4979 ct
3079 4924 3158 4980 sic
3181 4925 3314 4980 abiit
3343 4943 3415 5002 :_¢
3447 4925 3617 5002 tamen

383 5004 508 5058 dico
532 4994 718 5068 vobis,
763 5003 1020 5072 quoniam
1063 4997 1333 5072 publicani
1365 5007 1418 5072 et
1455 4995 1767 5072 meretrices
1815 4997 2127 5072 praecedunt
2178 4994 2272 5052 vus
2313 4997 2367 5072 in
2403 5012 2570 5072 regno
2604 4995 2726 5072 Dei.
2765 4994 2789 5046 ἱ
2823 4995 2900 5072 {id
2934 5011 3057 5049 eum
3091 5007 3276 5072 autem
3301 4995 3408 5072 qui
3440 4994 3615 5072 digit:

390 5092 409 5125 ι
454 5074 616 5134 Vado,
649 5062 888 5137 domine,
911 5079 965 5125 et
994 5062 1101 5125 non
1136 5068 1287 5137 abiit,
1327 5085 1345 5137 ι
1383 5066 1485 5120 hoc
1513 5064 1680 5137 refert
1709 5083 1721 5118 :
1765 5081 1784 5114 ι
1830 5062 2242 5137 VenitJoaunes
2274 5068 2338 5120 ad
2357 5062 2549 5137 ivos'in
2584 5067 2673 5137 via
2708 5065 2951 5137 iustitiae,
3008 5081 3108 5119 nec
3135 5062 3553 5137 credidistis__ei_.
3592 5083 3613 5115 ›

387 5142 584 5198 lterum
607 5132 674 5196 de
697 5132 1118 5210 primo'quidem
1145 5156 1218 5210 τι
1253 5135 1534 5210 Publicani
1580 5141 1848 5210 autemet
1898 5136 2227 5210 meretrices
2246 5132 2596 5210 crediderunt
2627 5132 2751 5210 ei.)
2793 5135 2872 5188 Ad
2925 5150 3049 5210 eum
3081 5144 3279 5210 autem
3305 5135 3398 5210 qui
3430 5132 3568 5210 digit
3597 5149 3614 5185 :

392 5233 409 5264 ι
445 5212 616 5278 Vado,
640 5203 878 5278 domine,
911 5203 964 5264 et
996 5225 1103 5278 non
1137 5208 1270 5262 abiit
1299 5224 1312 5259 :
1348 5204 1661 5278 Vos‘autem
1691 5203 1937 5278 vi_de_ntes
1964 5219 2063 5259 nec
2086 5206 2802 5278 paenitentiam_egistis,_ut
2834 5205 3130 5278 crederetis
3160 5204 3230 5259 ei.
3271 5203 3616 5278 {Considera

386 5292 437 5335 et
457 5283 584 5337 illud
603 5271 762 5351 'quod
788 5271 875 5334 ait
901 5300 915 5334 :
944 5277 1309 5351 «APra:_c_edunt
1333 5289 1429 5351 vos
1460 5274 1518 5351 in
1543 5288 1708 5351 regno
1732 5271 1825 5326 Dei
1857 5290 1924 5351 :_i
1946 5271 2203 5351 quoniam
2238 5291 2346 5351 non
2374 5271 2603 5351 exclusit
2630 5273 2867 5351 Iudaeos,
2893 5285 2954 5328 ut
2981 5288 3086 5351 non
3118 5274 3491 5351 ingrediantur
3512 5271 3627 5324 ali-

387 5353 603 5418 quando
631 5343 682 5404 in
717 5365 940 5420 regnum
965 5348 1077 5420 Dei.
1105 5346 1274 5420 Nemo
1294 5346 1437 5420 enim
1469 5343 1669 5397 dicitur
1696 5343 1994 5411 prmcedere
2022 5359 2162 5420 eum
2181 5345 2233 5397 in
2250 5344 2621 5420 _aliquo_|oco,
2649 5346 2741 5413 qui
2774 5358 2881 5420 non
2913 5345 3156 5413 sequitur
3172 5358 3293 5420 eum
3314 5356 3410 5420 per
3437 5343 3614 5420 ipsum

389 5410 594 5484 locum;
629 5421 751 5474 vide
777 5410 906 5490 Ergo
933 5433 999 5490 ne
1030 5419 1165 5473 forte
1193 5418 1294 5470 hoc
1329 5415 1528 5490 indicet
1548 5410 1748 5490 seruio,
1785 5420 1844 5465 ut
1872 5427 1996 5490 cum
2022 5414 2300 5490 plenitudo
2332 5410 2570 5483 gentium
2607 5410 2913 5490 intraverit,
2941 5410 3072 5490 tunc
3101 5412 3279 5490 omnis
3314 5410 3474 5490 Israel
3495 5410 3617 5490 ,δοίη

386 5505 487 5543 vus
513 5480 792 5545 eﬂiciutur.
828 5480 1071 5557 lvntellige
1097 5495 1274 5539 autem
1322 5483 1455 5557 mihi
1491 5482 1760 5557 Israelitas
1797 5482 1889 5550 qui
1917 5480 2037 5537 non
2054 5480 2357 5539 secundum
2376 5499 2597 5539 carnem
2629 5492 2790 5549 sunt,
2824 5483 2916 5537 sed
2946 5484 3036 5554 qui
3061 5481 3390 5555 ingenuitate
3419 5480 3616 5539 anima:

388 5557 549 5614 lsrael
572 5560 940 5630 intelliguntur
976 5553 1033 5611 in
1062 5557 1164 5611 ﬁde
1194 5564 1249 5609 ct
1268 5553 1524 5624 operibus
1555 5553 1732 5606 bonis.

455 5702 502 5733 ”
533 5698 718 5753 Matth.
752 5714 865 5765 xxt,
886 5698 973 5751 5‘1.
1048 5699 1093 5729 “
1122 5696 1248 5752 ibid.
1282 5694 1371 5748 50.
1447 5694 1492 5725 ⁸⁸
1524 5690 1653 5747 ibid.
1677 5690 1766 5753 5‘2,

456 5840 567 5905 (.39)
608 5837 745 5903 Lege
777 5834 1187 5904 ἐπηγγείλαντο.
