4074 6300
474 483 611 539 M37

1923 485 2246 540 ORlGENlS

3580 493 3720 549 H.298

474 600 786 669 spicacitate
814 598 1007 667 pollet;
1035 612 1139 651 non
1173 606 1231 651 ut
1272 598 1572 667 postulabat
1603 608 1780 652 autem
1814 600 1925 654 inec
1956 601 2025 652 in-

2139 598 2199 650 τδ
2226 599 2546 670 διορατικδν,
2585 600 2645 653 ού
2678 600 2784 671 μὴν
2812 601 2974 667 ἀξίως
3002 602 3098 673 τῆς
3131 603 3355 672 εὐφυΐας
3388 604 3722 676 ἀνατραφεὶς

472 694 643 758 doles,
677 694 728 747 in
759 695 860 746 fide
894 703 946 746 et
971 694 1078 746 vita
1106 693 1242 747 bona
1272 694 1531 747 educatus
1556 703 1656 748 est.

687 782 762 835 De
791 785 937 836 vinea
958 783 1201 853 plantam
1224 793 1270 837 et
1307 783 1554 854 agricolis
1597 783 1819 836 tradita.

543 932 596 986 6.
630 949 648 983 ι
687 931 862 985 Aliam
897 932 1209 1000 parabolam
1241 933 1445 988 audite.
1480 932 1651 987 Homo
1680 942 1798 986 crat
1854 942 2038 1002 pater-

471 1022 705 1078 familias
727 1022 819 1092 qui
852 1024 1117 1093 plantavit
1154 1024 1401 1086 vineam,
1433 1032 1485 1078 et
1515 1039 1694 1093 sepem
1732 1024 2038 1079 circumde-

468 1116 548 1170 dit
571 1115 641 1180 ei,
667 1124 719 1169 et
753 1113 890 1169 fodit
924 1116 974 1168 in
1008 1130 1071 1170 ea
1097 1116 1334 1170 torcular
1366 1117 1432 1181 ⁸³,
1476 1136 1493 1167 ι
1523 1127 1574 1171 et
1641 1117 1844 1185 reliqua
1885 1118 1950 1169 ad
1985 1116 2036 1170 id

467 1220 684 1275 usque:
723 1223 741 1256 ι
778 1203 1006 1261 Dabitur
1028 1208 1173 1277 genti
1198 1208 1412 1263 facienti
1456 1209 1665 1263 fructus
1698 1209 1836 1279 cjus.
1883 1227 1902 1260 ι
1931 1208 2035 1274 Qui

471 1296 739 1367 parabolae
786 1312 1004 1352 sensum
1066 1298 1254 1353 leviter
1301 1307 1514 1353 tantum
1550 1301 1815 1369 attinget,
1860 1315 2034 1370 neque

467 1386 733 1443 dictiones
773 1388 1019 1458 singulas
1048 1389 1484 1458 perscrutabitur
1514 1432 1529 1456 ,
1584 1391 1800 1461 planam
1832 1391 1945 1445 hzec
1984 1390 2032 1444 ei

466 1479 522 1532 ct
548 1479 886 1548 perspicuam
917 1479 1238 1533 sententiam
1274 1479 1543 1534 videbitur
1585 1482 1881 1541 continere,
1912 1495 2031 1534 eam

470 1571 676 1626 scilicet
703 1586 717 1623 :
752 1570 855 1636 Qu:
876 1585 975 1625 nos
1000 1571 1277 1640 praecessit
1300 1573 1531 1642 populus
1550 1581 1604 1627 et
1627 1572 1719 1626 Dei
1754 1588 1880 1642 pars
1910 1572 2030 1639 fuit,

467 1661 622 1714 vinea
657 1671 772 1714 erat
807 1676 837 1714 a
864 1660 1278 1730 patrefatnilias,
1308 1663 1466 1731 cujus
1500 1664 1554 1717 in
1588 1664 1844 1733 parabola
1889 1680 2035 1718 men-

468 1754 543 1806 tio
563 1752 642 1817 fit,
674 1753 915 1819 consita;
954 1751 1044 1807 Dei
1070 1762 1271 1819 autem,
1310 1771 1419 1825 quo
1454 1764 1602 1810 tutus
1645 1767 1760 1810 erat
1787 1795 1800 1820 ,
1855 1755 2035 1825 praesi-

464 1839 637 1904 dium,
667 1829 730 1893 e'a
755 1847 873 1893 erat
903 1854 1093 1908 sepes;
1124 1849 1179 1895 at
1219 1843 1477 1911 templum
1516 1844 1682 1897 turris
1715 1853 1864 1909 erat;
1922 1854 2033 1898 tor-

2142 693 2198 742 ὲν
2239 692 2415 744 πίστει
2448 692 2542 745 καὶ
2577 692 2675 763 βίῳ
2708 692 2911 763 ἀγαθῷ.

2140 786 2275 852 Περὶ
2317 784 2422 837 τοῦ
2457 783 2857 853 φυτευθέντος
2900 785 3254 853 ἀμπελῶνος
3300 787 3397 839 καὶ
3440 786 3721 842 ἐκδοθέν-

2713 871 2814 919 τος
2846 863 3140 923 γεωργίῖς.

2214 963 2231 993 ι
2271 944 2469 1014 Ἄλλην
2505 943 2815 1015 παραϐολὴν
2845 943 3147 998 ἀκούσατε·
3189 945 3508 1017 ’Ἄνθρωπος
3546 943 3614 1018 ἦν
3641 950 3723 1001 oi-

2137 1035 2488 1107 κοδεσπότης,
2533 1035 2589 1099 ὃς
2640 1035 2932 1104 ἐφύτευσεν
2979 1036 3307 1107 ἀμπελῶνα,
3339 1039 3435 1091 ml.
3466 1038 3719 1110 φραγμὸν

2137 1127 2285 1198 αύτῷ
2318 1128 2631 1199 περιέθηκε,
2683 1127 2776 1180 καὶ
2820 1125 3024 1199 ὤρυξεν
3057 1129 3114 1180 ὲν
3145 1129 3295 1200 αὐτῷ
3328 1129 3509 1201 ληνὸν,
3554 1150 3572 1182 ›
3620 1132 3715 1185 καὶ

2136 1220 2203 1273 τὰ
2249 1216 2375 1288 ἑξῆς
2406 1219 2509 1282 ἕως
2555 1218 2681 1272 τοῦ·
2746 1237 2765 1269 ι
2818 1219 2930 1272 Kal.
2971 1218 3255 1291 δοθήσεται
3294 1221 3435 1275 ἔθνει
3474 1220 3716 1277 ποιοῦντι

2134 1311 2260 1373 τοὺς
2282 1312 2524 1379 καρποὺς
2558 1310 2744 1380 αὐτῆς.
2780 1329 2798 1361 ι
2824 1309 2913 1380 Τῷ
2942 1311 3015 1382 μὴ
3042 1312 3316 1367 ὲπιπλεῖον
3348 1312 3458 1383 (60)
3493 1313 3713 1383 βασανί-

2135 1399 2280 1463 ζοντι
2311 1399 2378 1453 τὰ
2410 1398 2510 1469 τῆς
2543 1398 2879 1470 παραϐολῆς,
2920 1400 3050 1470 μηδὲ
3089 1402 3324 1474 ἑκάστην
3356 1402 3500 1467 λέξιν
3526 1403 3713 1466 ἐξετά-

2134 1492 2296 1557 ζοντι,
2322 1491 2462 1547 πάνυ
2488 1492 2663 1562 σαφὴς
2693 1487 2828 1545 εἶναι
2857 1491 2994 1555 δόξει
3013 1492 3182 1555 οὓτως
3210 1492 3274 1546 ἂν
3301 1494 3605 1565 διηγήσεως
3626 1514 3716 1549 τυ-

2134 1584 2322 1654 χοῦσα·
2351 1584 2409 1635 '0
2435 1582 2539 1657 πρὸ
2560 1585 2592 1653 ἡ
2603 1582 2718 1653 μῶν
2744 1583 2892 1646 λαὸς,
2917 1584 3009 1637 καὶ
3036 1585 3189 1655 μερὶς
3209 1584 3318 1654 (61)
3340 1584 3416 1639 ὢν
3436 1585 3530 1639 τοῦ
3557 1585 3711 1647 Θεοῦ,

2132 1678 2161 1729 6
2188 1676 2471 1744 φυτευθεὶς
2508 1672 2574 1747 ἦν
2607 1674 2866 1747 ἀμπελὼν
2897 1674 3002 1729 ὑπὸ
3026 1675 3120 1728 τοῦ
3155 1675 3299 1729 κατά
3333 1676 3430 1748 τὴν
3465 1678 3712 1748 παραϐο-

2131 1766 2229 1837 λὴν
2260 1766 2635 1819 οἰκοδεσπότου
2656 1785 2667 1796 ·
2711 1767 2803 1819 καὶ
2845 1770 2877 1837 ἡ
2914 1764 3006 1819 τοῦ
3040 1765 3172 1819 Θεοῦ
3213 1766 3423 1838 φρουρά
3457 1768 3584 1838 περὶ
3612 1768 3713 1821 αύ-

2133 1860 2224 1913 τὸν
2250 1862 2278 1912 6
2312 1861 2560 1930 φραγμδς
2587 1856 2656 1930 ἦν
2678 1878 2690 1889 ·
2724 1861 2817 1913 καὶ
2848 1859 3054 1932 πύργος
3093 1861 3189 1930 μὲν
3227 1862 3255 1912 6
3288 1861 3432 1924 ναὸς,
3467 1860 3624 1932 ληνὸς
3654 1861 3712 1916 δὲ

464 1929 618 1985 cular
633 1944 777 1995 vero,
807 1929 1124 1984 libationum
1144 1929 1299 1985 locus
1319 1949 1332 1996 ;
1355 1932 1602 2001 agricolae
1623 1941 1824 1998 autem,
1853 1948 2025 1987 sacer-

2131 1951 2159 2002 6
2188 1951 2351 2013 τόπος
2387 1951 2493 2003 τῶν
2535 1949 2804 2003 σπονδῶν·
2849 1951 2941 2003 καὶ
2983 1951 3220 2021 γεωργοὶ
3261 1952 3309 2002 οἱ
3353 1950 3709 2024 πρεσϐύτεροι

465 2020 617 2075 dotes
666 2028 721 2074 et
774 2021 1045 2090 sapientes
1090 2022 1318 2091 populi;
1374 2023 1490 2077 heri
1552 2038 1680 2078 vero
1722 2023 1984 2093 profectio
2012 2065 2026 2089 ,

462 2112 682 2180 quando
708 2111 966 2167 Dominus
999 2113 1089 2181 qui
1132 2113 1270 2168 inter
1290 2115 1412 2170 illos
1440 2115 1490 2169 in
1524 2115 1666 2170 nube
1697 2116 1802 2170 dici
1859 2124 1912 2169 et
1934 2131 2029 2170 co-

462 2204 648 2258 lumna
677 2205 851 2259 noctis
870 2204 1209 2270 versabatur,
1242 2206 1414 2261 donec
1440 2221 1534 2261 eos
1559 2207 1610 2259 in
1631 2219 1866 2261 montem
1900 2223 2025 2262 san-

459 2306 606 2350 ctum
635 2311 817 2362 suum,
857 2305 911 2351 et
954 2296 1006 2351 in
1055 2298 1406 2353 tabernacula
1455 2314 1553 2353 sua
1599 2299 1857 2354 deductos
1900 2300 2025 2352 alibi

461 2395 806 2451 consereret,
850 2404 955 2442 non
994 2388 1067 2442 ita
1107 2390 1339 2459 amplius
1378 2392 1456 2446 eis
1501 2393 1780 2461 apparuit;
1814 2400 2027 2463 tempus

459 2486 640 2533 autem
668 2477 941 2533 fructuum
992 2481 1307 2547 adventans,
1344 2491 1559 2551 tempus
1590 2483 1720 2537 illud
1765 2493 1883 2538 erat
1917 2500 2027 2553 quo

459 2571 733 2641 propheta:
763 2571 830 2625 ab
854 2571 1107 2641 agricolis
1123 2584 1173 2627 ct
1191 2575 1344 2628 vinea
1377 2572 1612 2627 fructum
1637 2575 2022 2645 reposcebant,

459 2669 519 2714 ut
544 2662 666 2715 vitae
690 2677 802 2717 suae
828 2672 975 2717 recta
1007 2663 1161 2733 juxta
1186 2665 1357 2734 legem
1388 2665 1729 2719 institutione
1765 2680 1822 2719 se
1853 2664 2023 2735 legem

457 2752 733 2820 accepisse
752 2752 1122 2820 declararent;
1163 2754 1300 2809 servi
1335 2769 1462 2808 vero
1485 2754 1552 2808 ad
1584 2755 1848 2824 agricolas
1874 2755 2024 2809 missi

460 2852 518 2898 ut
550 2842 760 2899 fructus
792 2846 1118 2916 reciperent,
1166 2845 1201 2899 ii
1250 2852 1407 2900 erant
1472 2846 1685 2913 priores
1708 2845 1981 2913 prophetae
2007 2885 2021 2909 ,

456 2950 596 3005 quos
618 2937 936 2992 verberibus
968 2946 1022 2992 et
1055 2939 1399 2993 contumeliis
1429 2937 1723 2992 affecerunt
1751 2938 2024 3007 principes

457 3035 511 3081 et
542 3027 816 3096 sapientes
845 3027 1026 3096 populi
1059 3069 1073 3094 ,
1109 3028 1402 3083 nonnullos
1432 3028 1594 3082 etiam
1637 3028 1978 3082 trucidarunt
2006 3067 2021 3092 ,

456 3117 595 3172 alios
638 3130 768 3170 vero
815 3116 1086 3186 lapidibus
1125 3128 1469 3184 enecat-unt;
1523 3119 1662 3173 servi
1694 3127 1873 3173 autem
1928 3117 2021 3187 qui

453 3217 579 3281 post
606 3208 750 3270 illos,
789 3207 971 3276 plures
1002 3208 1276 3278 prioribus
1307 3210 1456 3263 missi
1485 3218 1630 3273 sunt,
1664 3217 1874 3279 tempus
1904 3210 2024 3278 plu-

2137 2043 2231 2095 καὶ
2263 2042 2414 2111 σοφοὶ
2445 2040 2539 2094 τοῦ
2577 2039 2707 2093 λαοῦ
2726 2058 2738 2070 ·
2787 2041 3064 2111 ἀποδημία
3094 2040 3150 2093 δὲ
3182 2039 3275 2093 τοῦ
3307 2041 3586 2106 δεσπότου,
3623 2045 3710 2096 ῐτε

2135 2130 2337 2204 Κύριος
2362 2129 2390 2181 6
2424 2129 2597 2183 συνὼν
2625 2130 2809 2192 αὐτοῖς
2843 2130 2898 2182 ὲν
2926 2128 3122 2199 νεφέλῃ
3148 2130 3379 2200 ἡμέρας,
3414 2130 3507 2184 καὶ
3536 2131 3709 2201 στύλῳ

2134 2223 2346 2286 νυκτὸς,
2373 2222 2479 2285 ’ἕως
2503 2222 2698 2284 αὐτοὺς
2727 2221 3123 2289 καταφυτεύσει
3149 2222 3454 2289 εἰσαγαγὼν
3483 2223 3562 2285 εἰς
3585 2223 3707 2294 ὅρος

2136 2314 2286 2383 ἅγιον
2313 2313 2476 2368 αύτοῦ
2508 2314 2599 2366 καὶ
2623 2314 2702 2376 εἰς
2727 2311 2797 2366 τὰ
2828 2311 3158 2382 σκηνώματα
3190 2312 3375 2379 αὑτοῦ,
3411 2314 3592 2367 οὐκέτι
3615 2313 3709 2368 οὖ-

2131 2423 2239 2468 τως
2262 2407 2442 2467 αὐτοῖς
2464 2404 2810 2474 ἐπεφαίνετο·
2844 2404 2873 2456 6
2897 2403 2953 2457 δὲ
2982 2403 3207 2472 ἐγγίσας
3232 2404 3418 2475 καιρὸς
3444 2404 3552 2457 τῶν
3574 2423 3710 2476 καρ-

2133 2496 2250 2549 πῶν
2294 2498 2322 2549 6
2376 2496 2565 2566 χρόνος
2615 2491 2683 2565 ἦν
2725 2494 2834 2547 τῶν
2881 2494 3173 2567 προφητῶν
3208 2494 3578 2548 ἀπαιτούντων
3615 2496 3707 2548 τὸν

2132 2589 2342 2660 καρπὸν
2376 2586 2481 2639 ἀπὸ
2528 2586 2634 2639 τῶν
2672 2586 2932 2657 γεωργῶν
2966 2586 3057 2639 καὶ
3095 2585 3186 2638 τοῦ
3234 2584 3571 2654 ἀμπελῶνος,
3614 2586 3703 2640 ἵνα

2130 2680 2228 2751 ἥδη
2271 2679 2484 2746 δείξωσι
2521 2678 2914 2751 παρειληφότες
2945 2678 3034 2730 τὸν
3068 2677 3232 2747 νόμον
3260 2676 3337 2746 τῷ
3383 2675 3705 2746 βεϐιωκέναι

2131 2768 2251 2820 κατ’
2293 2767 2482 2820 αὐτόν*
2531 2766 2705 2819 δοῦλοι
2737 2766 2794 2820 δὲ
2834 2768 2880 2819 οἱ
2914 2764 3048 2836 πρὸς
3088 2765 3213 2826 τοὺς
3248 2767 3527 2836 γεωργοὺς
3560 2784 3703 2837 πεμ-

2131 2855 2354 2925 φθέντες
2389 2858 2498 2928 (62)
2531 2858 2717 2911 λαϐεῖν
2743 2859 2868 2922 τοὺς
2903 2856 3143 2928 καρποὺς
3176 2856 3226 2907 οἱ
3258 2856 3464 2927 πρῶτοι
3496 2858 3708 2930 προφῆ-

2130 2966 2239 3013 ται,
2271 2947 2362 3014 οὓς
2392 2951 2439 3002 οἱ
2469 2951 2724 3020 ἄρχοντες
2757 2949 2851 3002 καὶ
2884 2949 3035 3018 σοιροὶ
3062 2947 3156 3000 τοῦ
3185 2946 3319 3001 λαοῦ
3353 2946 3582 3019 ὕϐρισαν
3608 2947 3702 3001 τύ-

2132 3052 2373 3100 πτοντες,
2390 3037 2541 3100 τινὰς
2560 3037 2616 3089 δὲ
2639 3038 2730 3091 καὶ
2751 3037 2976 3101 ἀνεῖλον,
3006 3037 3099 3089 καὶ
3120 3035 3313 3097 ἄλλους
3334 3035 3698 3103 λιθολεύστους

2131 3127 2492 3198 πεποιήκασιν
2501 3144 2514 3156 ·
2530 3126 2675 3180 ἄλλοι
2694 3127 2748 3180 δὲ
2767 3127 2907 3198 μετά
2917 3124 3138 3190 τούτους
3152 3125 3324 3179 δοῦλοι
3342 3126 3579 3190 πλείονες
3591 3127 3697 3181 τῶν

2130 3218 2360 3291 πρώτων
2388 3221 2415 3272 6
2448 3218 2638 3289 καιρὸς
2672 3218 2781 3277 τῶν
2808 3217 3018 3272 πολλῶν
3054 3218 3364 3290 προφητῶν,
3394 3212 3466 3273 ὧν
3494 3218 3560 3272 τὰ
3585 3220 3700 3275 ὀνό-

456 3301 722 3355 rimorum
754 3299 1143 3368 prophetarum
1178 3300 1447 3369 significat
1474 3341 1489 3364 ,
1521 3315 1754 3369 quorum
1803 3300 2023 3354 nomina

2133 3327 2276 3380 ματα
2304 3311 2360 3362 ὲν
2390 3312 2456 3380 τῇ
2487 3308 2714 3381 δευτέρᾳ
2767 3302 2876 3357 τῶν
2925 3307 3421 3378 Παραλειπομένων
3502 3309 3701 3380 γέγρα-

457 3383 512 3447 in
542 3392 712 3446 altero
753 3390 1202 3460 Paralipomenon
1234 3392 1392 3457 libro,
1417 3401 1472 3445 et
1507 3394 1558 3446 in
1587 3391 1843 3455 Jercmia,
1880 3400 1936 3448 et
1967 3390 2022 3445 in

455 3483 740 3538 duodecim
768 3483 1066 3552 prephetis,
1096 3492 1150 3538 et
1178 3483 1236 3537 in
1271 3483 1487 3537 Daniele
1521 3483 1722 3551 scripta
1753 3491 1914 3548 sunt;
1939 3482 2018 3536 di-

454 3585 541 3631 cet
570 3574 714 3629 enim
741 3573 970 3629 fortasse
997 3574 1194 3643 aliquis
1217 3574 1509 3640 Ananiam,
1540 3574 1791 3628 Azariam
1848 3582 1902 3629 et
1921 3573 2023 3628 Mi-

454 3667 654 3723 saelem
683 3666 975 3735 prophetas
1022 3665 1213 3720 fuisse.
1262 3666 1453 3721 Plures
1506 3666 1665 3737 773
1720 3682 1883 3736 porro
1928 3681 2024 3723 eos

452 3759 733 3831 prioribus
762 3758 1040 3829 prophetis
1075 3758 1257 3811 itidem
1291 3768 1648 3827 exceperunt,
1707 3759 2023 3814 verberibus

451 3852 742 3915 credentes,
769 3857 944 3904 morte
979 3850 1271 3919 plectentes
1305 3859 1360 3903 et
1410 3850 1678 3918 lapidibus
1708 3849 2020 3905 obruentes.

453 3943 736 3999 Postremo
766 3941 981 3996 tandem
1017 3942 1184 3995 tilium
1218 3957 1377 3996 suum
1409 3942 1571 3996 mittit
1609 3940 2018 4011 paterfamilias,

454 4034 743 4089 Dominum
776 4031 1027 4087 videlicet
1054 4042 1299 4087 nostrum
1324 4030 1508 4088 Jesum
1561 4033 1836 4089 ChriStum
1869 4073 1884 4099 ,
1928 4035 2021 4105 qui

454 4125 715 4199 pudorem
742 4124 914 4178 vineae
946 4134 998 4178 et
1025 4124 1301 4192 agricolis,
1331 4140 1394 4180 ac
1427 4126 1783 4180 reverentiam
1840 4134 2024 4196 posset

2131 3419 2281 3463 πται,
2313 3400 2406 3453 καὶ
2439 3402 2498 3452 ὲν
2537 3399 2614 3470 τῷ
2664 3398 2918 3469 Ἱερεμίᾳ,
2956 3398 3048 3451 καὶ
3090 3399 3205 3460 τοῖς
3243 3396 3470 3460 δώδεκα,
3502 3399 3596 3451 καὶ
3628 3397 3705 3468 τῷ

2131 3490 2355 3561 Δανιήλο
2388 3491 2529 3544 εἴποι
2556 3490 2666 3562 γὰρ
2692 3490 2755 3544 ἄν
2780 3505 2863 3552 τις
2883 3488 3081 3541 καὶτὸν
3117 3488 3386 3553 Ἀνανέαν,
3425 3487 3702 3559 Ἀζαρῑαν,

2130 3580 2348 3652 Μισαὴλ
2396 3582 2678 3652 προφήτας
2722 3578 3021 3648 γεγονέναι.
3068 3579 3180 3632 Kal.
3207 3578 3414 3641 τούτοις
3464 3574 3557 3632 οὖν
3592 3580 3703 3643 τοῖς

2130 3672 2338 3727 πλείοσι
2391 3671 2542 3743 παρὰ
2599 3671 2723 3734 τοὺς
2775 3668 3069 3742 προτέρους
3118 3669 3399 3739 προφήτας
3442 3667 3706 3731 ὡσαύτως

2130 3764 2432 3835 ἐχρήσαντο
2463 3761 2774 3826 τύπτοντες,
2808 3761 2902 3813 καὶ
2962 3758 3330 3830 ἀναιροῦντες,
3364 3760 3456 3813 καὶ
3494 3758 3702 3812 λιθοϐο-

2129 3854 2367 3918 λοῦντες.
2399 3854 2715 3908 Τελευταῖον
2737 3852 2846 3923 (63)
2876 3852 2932 3905 δὲ
2964 3851 3053 3904 τὸν
3080 3850 3193 3904 υἱὸν
3220 3851 3410 3905 ἑαυτοῦ
3440 3850 3703 3903 ἀποστέλ-

2128 3946 2210 4000 λει
2241 3946 2687 4016 ὁοίκοδεσπότης,
2739 3946 2827 4000 τὸν
2860 3945 3061 4015 Κύριον
3108 3944 3264 4014 ἡμῶν
3308 3944 3513 4014 Ἰησοῦν
3569 3945 3702 4015 Χρι-

2131 4038 2274 4103 στὸν,
2308 4037 2563 4109 ὲντρέψαι
2591 4037 2887 4109 δυνάμενον
2918 4037 3010 4091 τὸν
3060 4036 3375 4107 ἀμπελῶνα,
3430 4038 3524 4090 καὶ
3574 4036 3700 4100 τοὺς

2130 4125 2427 4198 γεωργούς·
2484 4126 2595 4180 ἀλλ’
2642 4127 2692 4181 οἱ
2738 4127 3029 4198 ἀρχιερεῖς,
3077 4127 3171 4180 καὶ
3222 4129 3271 4180 oi
3320 4125 3694 4198 πρεσϐύτεροι,

1652 4241 1879 4299 VETUS
1920 4241 2497 4298 INTERPBETATIO.

522 4359 575 4414 6.
617 4378 636 4412 ι
665 4359 720 4412 In
753 4358 846 4413 illo
872 4358 1303 4434 tegpporekdixit
1331 4358 1491 4434 Jesns
1521 4360 1808 4434 discipulis
1821 4363 1953 4434 suis
1976 4362 2283 4434 parabolam
2311 4362 2486 4434 hanc,
2514 4361 2686 4418 Homo
2719 4372 2837 4418 erat
2873 4361 3283 4434 paterfamilias,
3311 4362 3402 4431 qui
3433 4361 3698 4430 plantavit

452 4444 690 4502 Vincam,
724 4438 833 4502 ruet
871 4429 1096 4502 reliqua.
1127 4427 1231 4494 Qui
1256 4445 1362 4502 non
1398 4427 1774 4502 abundantius
1789 4427 2103 4502 discutiunt
2127 4432 2442 4502 parabolam
2475 4433 2615 4488 hanc
2639 4473 2652 4497 ,
2696 4427 3112 4502 neque-singula
3143 4430 3299 4502 verba
3329 4427 3647 4502 scrutantur
3674 4471 3694 4499 ,

452 4501 587 4554 satis
607 4498 893 4570 manifesta
931 4498 1198 4570 videntur,
1224 4499 1404 4570 sillae
1431 4500 1592 4554 modo
1631 4500 1982 4570 intelligatur.
2014 4498 2256 4570 Populus
2279 4501 2372 4569 qui
2405 4500 2507 4556 fuit
2529 4512 2653 4558 ante
2677 4498 2921 4558 nos'cum
2941 4498 3085 4557 esset
3106 4517 3231 4570 pars
3265 4499 3381 4570 Dei,
3413 4503 3505 4570 qui
3535 4500 3662 4570 plan
3680 4498 3698 4543 ⁷-

455 4579 709 4641 tatus_cst
734 4567 919 4641 a_Deo.
945 4567 1101 4641 vinea
1128 4567 1229 4621 fuit
1258 4567 1371 4641 Dei,
1405 4569 1650 4641 custodia
1675 4567 1977 4641 autcmDei
2008 4567 2129 4641 qua:
2160 4567 2368 4625 exstitit
2401 4574 2546 4626 circa
2576 4588 2716 4635 eam,
2746 4570 2846 4625 fuit
2869 4587 3024 4640 sepes
3046 4567 3238 4641 ipsius.
3273 4567 3464 4641 Turris
3491 4567 3698 4641 autem,

457 4639 751 4710 templum.
772 4636 1042 4710 Torcular
1066 4647 1264 4710 autem,
1298 4638 1449 4691 locus
1474 4638 1817 4710 libationum.
1846 4636 2042 4710 Coloni
2076 4649 2279 4701 autem,
2322 4643 2632 4696 sacerdotes
2662 4650 2714 4694 et
2765 4636 3040 4710 sapientes
3068 4636 3296 4710 'populi.
3322 4638 3697 4710 Peregrinatio

454 4704 584 4779 vero
607 4707 839 4771 Domini,
867 4708 1083 4779 quando
1108 4704 1370 4779 Dominus
1400 4709 1493 4776 qui
1527 4709 1701 4763 fuerat
1726 4725 1848 4762 cum
1886 4709 1994 4763 illis
2024 4710 2077 4763 in
2104 4711 2246 4765 nube
2277 4710 2404 4775 diei,
2436 4719 2490 4764 et
2524 4711 2576 4763 in
2609 4704 2860 4764 columna
2907 4711 3048 4776 ignis
3073 4704 3178 4779 per"
3217 4704 3491 4779 noctem,
3525 4712 3699 4765 donec

453 4778 838 4848 plantareteos
864 4776 1212 4830 introdueens
1243 4776 1295 4828 in
1329 4788 1565 4830 montem
1600 4788 1846 4848 sanctum
1873 4794 2055 4844 suum,
2089 4791 2142 4832 et
2167 4780 2218 4832 in
2249 4780 2595 4834 tabernacula
2630 4796 2749 4843 sua,
2774 4776 3279 4847 nequando'postea
3306 4778 3557 4833 similiter
3600 4793 3698 4848 ap-

452 4850 634 4915 paruit
665 4847 764 4899 eis.
799 4846 1047 4918 Tempus
1068 4854 1246 4898 autem
1277 4848 1605 4914 appropians
1635 4846 1909 4901 fructuum
1944 4851 2296 4917 petendorum
2316 4890 2331 4914 ,
2372 4858 2586 4917 tempus
2616 4850 2820 4904 exstitit
2849 4846 3240 4918 prophetarum
3293 4846 3699 4918 exigentium‘a

452 4918 684 4987 colonis.
713 4927 766 4971 ct
793 4931 822 4969 a
853 4917 1005 4987 vinea
1039 4917 1175 4984 ipsa,
1209 4924 1268 4987 ut
1295 4919 1582 4987 ostendant
1609 4919 1700 4987 qui
1727 4916 2051 4987 acceperunt
2078 4919 2271 4986 legem,
2301 4920 2346 4973 si
2372 4916 2669 4973 secundum
2693 4933 2812 4972 eam
2843 4916 3114 4972 vixerunt.
3145 4916 3298 4971 Servi
3330 4916 3509 4972 autem
3544 4917 3697 4971 missi

455 4987 520 5058 ad
554 4986 773 5038 eolonos
804 4984 1113 5058 adfructus
1144 4986 1521 5058 accipiendos.
1552 4984 1825 5056 prophetae
1858 4984 1958 5057 ‘qui
1996 4984 2147 5057 prius
2175 4987 2393 5058 fuerunt
2422 5006 2436 5043 :
2474 5003 2612 5056 quos
2636 4989 2905 5058 principes
2933 4997 2988 5042 et
3034 4988 3307 5055 sapientes
3336 4988 3518 5058 populi
3555 4987 3699 5055 inju-

454 5055 753 5127 i-iavet'uttt,
783 5054 1049 5127 caedentes
1080 5057 1368 5124 quosdam,
1396 5067 1450 5109 et
1481 5054 1806 5121 occidentes,
1844 5054 1898 5111 et
1923 5054 2244 5127 lapidantes.
2274 5057 2381 5111 Alii
2417 5054 2597 5111 autem
2627 5054 2770 5111 Servi
2801 5054 2984 5126 plures
3020 5054 3144 5126 poSt
3171 5072 3267 5127 eos
3296 5054 3540 5127 tempore
3569 5054 3697 5127 [περ-

451 5125 739 5198 phetarum
770 5123 1126 5198 multorum,
1157 5140 1393 5198 quorum
1430 5128 1653 5181 nomina
1688 5127 1761 5198 in
1791 5123 2030 5198 secundo
2060 5126 2511 5198 Paralipomenon
2546 5134 2674 5182 sunt
2706 5123 3042 5198 conscripta,
3069 5138 3122 5181 et
3155 5127 3209 5180 in
3240 5123 3498 5198 Ieremia,
3532 5123 3585 5180 et
3638 5125 3695 5177 in

452 5190 767 5267 duodecim;
790 5201 843 5267 et
866 5192 922 5267 in
945 5190 1187 5267 Danielel
1210 5193 1368 5267 Dicet
1395 5204 1573 5267 autem
1601 5197 1895 5267 aliquis,et
1926 5197 2217 5258 Ananiam,
2242 5190 2301 5251 et
2330 5197 2606 5267 Azariam,
2633 5207 2686 5251 et
2710 5190 2946 5267 Misael:
2966 5190 3262 5267 prophetas
3289 5195 3461 5267 fuisse
3486 5205 3696 5264 tempo-

451 5265 529 5319 ris
552 5263 691 5334 ejus.
728 5261 793 5316 Et
825 5262 911 5316 his
931 5278 1060 5332 ergo
1081 5265 1334 5332 plurimis
1365 5265 1617 5320 similiter
1646 5261 1774 5321 sunt
1799 5266 1955 5321 abusi
1985 5268 2275 5330 credentes,
2299 5275 2353 5320 et
2383 5266 2713 5334 occidentes,
2740 5277 2794 5321 et
2835 5261 3159 5336 lapidantes.
3184 5263 3493 5321 Novissime
3513 5261 3694 5321 autem

517 5360 567 5394 ⁸⁸
596 5360 784 5415 Matth.
817 5373 930 5424 XXI,
967 5358 1056 5425 55,
1090 5358 1161 5412 54
1191 5367 1244 5413 et
1272 5373 1388 5429 seq.

523 5454 635 5527 (60)
672 5454 769 5522 Μὴ
800 5452 1128 5527 ἐπιπλεῖονΪ
1180 5451 1269 5507 Sic
1301 5464 1446 5527 recte
1487 5455 1653 5527 habet
1694 5456 1866 5527 codex
1910 5455 2022 5508 An-

450 5522 717 5598 glicanus,
740 5527 791 5578 in
819 5539 940 5598 quo
958 5525 1095 5598 male
1115 5524 1316 5598 legerat
1343 5522 1686 5598 liuetiuspsv
1720 5525 2016 5598 ἐπιπλεῖον.

522 5596 634 5666 (61)
672 5596 735 5666 έο
765 5592 878 5666 πρὸ
908 5592 1079 5666 ﬁeri)?
1122 5592 1301 5666 λαὸς,
1333 5592 1643 5666 περὶ-μεριξ,
1684 5604 1812 5666 εισι»
1840 5594 2019 5666 Theo-

452 5662 633 5734 philus
662 5662 939 5734 πασσιμ,
968 5662 1205 5734 Hilarius
1234 5678 1355 5717 can.
1379 5662 1533 5717 22in
1552 5664 1764 5734 Matth;
1788 5664 2021 5718 Ambro-

452 5731 570 5812 sius
610 5734 702 5786 lib.
735 5749 789 5812 ιξ
823 5734 884 5812 in
920 5732 1077 5812 l._.uc.;
1115 5731 1475 5812 llieronymus
1504 5772 1518 5796 ,
1558 5732 1913 5812 Commentar.
1967 5734 2021 5785 in

455 5803 696 5856 Marcum
746 5799 961 5871 Origeni
1010 5802 1279 5871 ascriptus
1321 5799 1377 5854 in
1425 5816 1546 5870 cap.
1590 5818 1665 5856 χιι
1690 5843 1705 5866 ,
1736 5803 1766 5871 ,1
1808 5811 1862 5856 et
1904 5818 2017 5871 seq.

457 5874 601 5939 Opus
628 5869 1019 5937 imperf.’hom.
1060 5869 1364 5937 40,'Brevis
1406 5869 1695 5937 enarratio,
1732 5869 2018 5941 Theophr-

2127 5456 2321 5524 lacuts,
2354 5453 2694 5524 Euthymius.
2723 5452 2942 5524 Glossa._
2968 5450 3233 5524 Hamus.

2198 5518 2313 5590 (6'2)
2364 5518 2575 5577 Δοῦλοι
2622 5522 2689 5576 δὲ
2733 5526 2787 5577 οι
2838 5522 2987 5591 πρὸς
3028 5522 3173 5589 τοὺς
3201 5518 3491 5592 γεῳργοὺς
3548 5531 3690 5589 πεμ-

2124 5588 2393 5662 φθέντες,
2436 5604 2539 5647 etc.
2585 5592 2823 5648 Hilarius
2865 5588 2986 5647 cani.
3025 5592 3095 5646 22
3129 5588 3218 5662 Αἰιι
3243 5588 3465 5662 Matth"
3507 5601 3696 5644 auctor

2126 5660 2416 5718 Comment.
2476 5679 2573 5717 ms.
2624 5664 2678 5715 in
2738 5663 2905 5715 Marc.
2969 5678 3065 5731 xit,
3118 5660 3186 5724 2,
3230 5660 3692 5731 Chrysostomus,

2126 5731 2585 5804 Theophylactus,
2618 5731 2959 5804 Euthymius.
2996 5730 3072 5804 in.

2195 5803 2310 5883 (652
2329 5800 2380 5855 In
2400 5800 2901 5883 codicednglicano
2919 5802 3113 5883 legitur
3129 5800 3450 5883 τελευταῖοι,
3469 5814 3581 5883 ἠοιι
3604 5816 3697 5851 τε-

2123 5871 2529 5927 λευταῖονΝἰιιο
2546 5869 2807 5926 Hilarium
2823 5869 3021 5926 canon.
3045 5872 3115 5925 ‘22
3135 5882 3188 5926 et
3207 5869 3667 5939 Theophvlactum
