  <div class='ocr_page' id='page_1' title='image "/cluster/home/n/w/nwhite01/storage/ocr_20150623/13/mdp.39015007036059/748.png"; bbox 0 0 4074 6300; ppageno 0'>
   <div class='ocr_carea' id='block_1_1' title="bbox 340 329 479 389">
    <p class='ocr_par' dir='ltr' id='par_1_1' title="bbox 340 329 479 389">
     <span class='ocr_line' id='line_1_1' title="bbox 340 329 479 389; baseline -0.043 0"><span class='ocrx_word' id='word_1_1' title='bbox 340 334 365 389; x_wconf 76' lang='grc' dir='ltr'>ί</span> <span class='ocrx_word' id='word_1_2' title='bbox 384 329 479 388; x_wconf 69' lang='grc' dir='ltr'>ἱὸθ</span> 
     </span>
    </p>
   </div>
   <div class='ocr_carea' id='block_1_2' title="bbox 1260 328 2661 389">
    <p class='ocr_par' dir='ltr' id='par_1_2' title="bbox 1260 328 2661 389">
     <span class='ocr_line' id='line_1_2' title="bbox 1260 328 2661 389; baseline 0.001 -5"><span class='ocrx_word' id='word_1_3' title='bbox 1260 328 1613 385; x_wconf 75' lang='lat' dir='ltr'><strong>COMMENT.</strong></span> <span class='ocrx_word' id='word_1_4' title='bbox 1656 329 1723 383; x_wconf 79' lang='lat' dir='ltr'><strong>IN</strong></span> <span class='ocrx_word' id='word_1_5' title='bbox 1765 329 2179 388; x_wconf 71' lang='grc' dir='ltr'><strong>ΜΑΤΤΙΙιΕυΜ</strong></span> <span class='ocrx_word' id='word_1_6' title='bbox 2221 332 2460 389; x_wconf 78' lang='lat' dir='ltr'><strong>TOMUS</strong></span> <span class='ocrx_word' id='word_1_7' title='bbox 2501 331 2661 389; x_wconf 79' lang='lat' dir='ltr'><strong>XVII.</strong></span> 
     </span>
    </p>
   </div>
   <div class='ocr_carea' id='block_1_3' title="bbox 3458 334 3590 391">
    <p class='ocr_par' dir='ltr' id='par_1_3' title="bbox 3458 334 3590 391">
     <span class='ocr_line' id='line_1_3' title="bbox 3458 334 3590 391; baseline 0.008 -3"><span class='ocrx_word' id='word_1_8' title='bbox 3458 334 3590 391; x_wconf 67' lang='lat'><strong>“(20</strong></span> 
     </span>
    </p>
   </div>
   <div class='ocr_carea' id='block_1_4' title="bbox 338 446 1917 524">
    <p class='ocr_par' dir='ltr' id='par_1_4' title="bbox 338 446 1915 520">
     <span class='ocr_line' id='line_1_4' title="bbox 338 446 1915 520; baseline -0.003 -14"><span class='ocrx_word' id='word_1_9' title='bbox 338 452 432 506; x_wconf 68' lang='grc' dir='ltr'><strong>καὶ</strong></span> <span class='ocrx_word' id='word_1_10' title='bbox 453 451 502 503; x_wconf 83' lang='grc' dir='ltr'>οἱ</span> <span class='ocrx_word' id='word_1_11' title='bbox 530 449 681 520; x_wconf 79' lang='grc' dir='ltr'><strong>σοφοί</strong></span> <span class='ocrx_word' id='word_1_12' title='bbox 730 447 823 502; x_wconf 80' lang='grc' dir='ltr'>τοῦ</span> <span class='ocrx_word' id='word_1_13' title='bbox 873 446 1003 502; x_wconf 78' lang='grc' dir='ltr'>λαοῦ</span> <span class='ocrx_word' id='word_1_14' title='bbox 1053 448 1145 501; x_wconf 78' lang='grc' dir='ltr'><strong>τὸν</strong></span> <span class='ocrx_word' id='word_1_15' title='bbox 1194 448 1318 502; x_wconf 73' lang='grc' dir='ltr'>Υἰὸν</span> <span class='ocrx_word' id='word_1_16' title='bbox 1356 449 1574 514; x_wconf 76' lang='grc' dir='ltr'><strong>ἰδόντες,</strong></span> <span class='ocrx_word' id='word_1_17' title='bbox 1629 450 1687 503; x_wconf 74' lang='grc' dir='ltr'><strong>οὐ</strong></span> <span class='ocrx_word' id='word_1_18' title='bbox 1740 450 1915 519; x_wconf 85' lang='grc' dir='ltr'>πάντη</span> 
     </span>
    </p>
   </div>
   <div class='ocr_carea' id='block_1_5' title="bbox 2014 446 3587 524">
    <p class='ocr_par' dir='ltr' id='par_1_5' title="bbox 2021 451 3587 524">
     <span class='ocr_line' id='line_1_5' title="bbox 2021 451 3587 524; baseline 0.006 -20"><span class='ocrx_word' id='word_1_19' title='bbox 2021 451 2301 518; x_wconf 76' lang='lat' dir='ltr'><strong>incutere;</strong></span> <span class='ocrx_word' id='word_1_20' title='bbox 2335 453 2426 508; x_wconf 89' lang='lat' dir='ltr'><strong>sed</strong></span> <span class='ocrx_word' id='word_1_21' title='bbox 2458 453 2727 522; x_wconf 82' lang='lat' dir='ltr'><strong>principes</strong></span> <span class='ocrx_word' id='word_1_22' title='bbox 2758 455 3103 510; x_wconf 86' lang='lat' dir='ltr'><strong>sacerdotum</strong></span> <span class='ocrx_word' id='word_1_23' title='bbox 3140 462 3195 511; x_wconf 88' lang='lat' dir='ltr'><strong>et</strong></span> <span class='ocrx_word' id='word_1_24' title='bbox 3230 456 3492 524; x_wconf 77' lang='lat' dir='ltr'><strong>seniores,</strong></span> <span class='ocrx_word' id='word_1_25' title='bbox 3523 475 3587 513; x_wconf 86' lang='lat' dir='ltr'><strong>ac</strong></span> 
     </span>
    </p>
   </div>
   <div class='ocr_carea' id='block_1_6' title="bbox 338 539 1917 614">
    <p class='ocr_par' dir='ltr' id='par_1_6' title="bbox 338 539 1917 614">
     <span class='ocr_line' id='line_1_6' title="bbox 338 539 1917 614; baseline -0.002 -16"><span class='ocrx_word' id='word_1_26' title='bbox 338 542 655 614; x_wconf 74' lang='grc' dir='ltr'>ἀναίσθητοι</span> <span class='ocrx_word' id='word_1_27' title='bbox 693 541 793 611; x_wconf 79' lang='grc' dir='ltr'>τῆς</span> <span class='ocrx_word' id='word_1_28' title='bbox 826 539 1032 593; x_wconf 77' lang='grc' dir='ltr'>ἑαυτῶν</span> <span class='ocrx_word' id='word_1_29' title='bbox 1066 540 1343 610; x_wconf 84' lang='grc' dir='ltr'>γενόμενοι</span> <span class='ocrx_word' id='word_1_30' title='bbox 1391 542 1684 614; x_wconf 74' lang='grc' dir='ltr'><strong>ὑπεροχῆς,</strong></span> <span class='ocrx_word' id='word_1_31' title='bbox 1721 541 1917 611; x_wconf 86' lang='grc' dir='ltr'>κληρο-</span> 
     </span>
    </p>
   </div>
   <div class='ocr_carea' id='block_1_7' title="bbox 336 629 1920 705">
    <p class='ocr_par' dir='ltr' id='par_1_7' title="bbox 336 629 1920 705">
     <span class='ocr_line' id='line_1_7' title="bbox 336 629 1920 705; baseline -0.001 -18"><span class='ocrx_word' id='word_1_32' title='bbox 336 634 501 705; x_wconf 71' lang='grc' dir='ltr'>νόμον</span> <span class='ocrx_word' id='word_1_33' title='bbox 530 629 667 687; x_wconf 73' lang='grc' dir='ltr'>εἶναι</span> <span class='ocrx_word' id='word_1_34' title='bbox 702 632 861 686; x_wconf 75' lang='grc' dir='ltr'>αὑτὸν</span> <span class='ocrx_word' id='word_1_35' title='bbox 889 631 1239 703; x_wconf 79' lang='grc' dir='ltr'>ὑπειλήφασι·</span> <span class='ocrx_word' id='word_1_36' title='bbox 1276 630 1513 702; x_wconf 85' lang='grc' dir='ltr'>τολμῶσι</span> <span class='ocrx_word' id='word_1_37' title='bbox 1558 633 1615 686; x_wconf 83' lang='grc' dir='ltr'>δὲ</span> <span class='ocrx_word' id='word_1_38' title='bbox 1658 634 1751 686; x_wconf 77' lang='grc' dir='ltr'><strong>καὶ</strong></span> <span class='ocrx_word' id='word_1_39' title='bbox 1783 636 1920 686; x_wconf 88' lang='grc' dir='ltr'>ἀπο-</span> 
     </span>
    </p>
   </div>
   <div class='ocr_carea' id='block_1_8' title="bbox 337 722 1920 795">
    <p class='ocr_par' dir='ltr' id='par_1_8' title="bbox 337 722 1920 795">
     <span class='ocr_line' id='line_1_8' title="bbox 337 722 1920 795; baseline -0.001 -15"><span class='ocrx_word' id='word_1_40' title='bbox 337 729 542 780; x_wconf 85' lang='grc' dir='ltr'>κτεῖναι</span> <span class='ocrx_word' id='word_1_41' title='bbox 571 725 753 788; x_wconf 84' lang='grc' dir='ltr'>αὐτὸν,</span> <span class='ocrx_word' id='word_1_42' title='bbox 791 724 876 777; x_wconf 80' lang='grc' dir='ltr'><strong>ἵνα</strong></span> <span class='ocrx_word' id='word_1_43' title='bbox 908 722 1060 776; x_wconf 76' lang='grc' dir='ltr'>αὐτοὶ</span> <span class='ocrx_word' id='word_1_44' title='bbox 1116 722 1293 795; x_wconf 86' lang='grc' dir='ltr'>κύριοι</span> <span class='ocrx_word' id='word_1_45' title='bbox 1340 723 1433 777; x_wconf 78' lang='grc' dir='ltr'>τοῦ</span> <span class='ocrx_word' id='word_1_46' title='bbox 1482 723 1802 794; x_wconf 80' lang='grc' dir='ltr'><strong>ἀμπελῶνος</strong></span> <span class='ocrx_word' id='word_1_47' title='bbox 1829 725 1920 792; x_wconf 76' lang='grc' dir='ltr'><strong>γέ-</strong></span> 
     </span>
    </p>
   </div>
   <div class='ocr_carea' id='block_1_9' title="bbox 336 797 1917 887">
    <p class='ocr_par' dir='ltr' id='par_1_9' title="bbox 336 797 1917 887">
     <span class='ocr_line' id='line_1_9' title="bbox 336 797 1917 887; baseline -0.001 -17"><span class='ocrx_word' id='word_1_48' title='bbox 336 834 553 871; x_wconf 66' lang='grc' dir='ltr'><strong>νων-ται⁹</strong></span> <span class='ocrx_word' id='word_1_49' title='bbox 588 816 683 869; x_wconf 73' lang='grc' dir='ltr'>καὶ</span> <span class='ocrx_word' id='word_1_50' title='bbox 711 797 1235 879; x_wconf 74' lang='grc' dir='ltr'>ὲκϐαλόντεςάύτδν,</span> <span class='ocrx_word' id='word_1_51' title='bbox 1253 816 1347 870; x_wconf 82' lang='grc' dir='ltr'><strong>καί</strong></span> <span class='ocrx_word' id='word_1_52' title='bbox 1372 815 1476 881; x_wconf 74' lang='grc' dir='ltr'>ἔξω</span> <span class='ocrx_word' id='word_1_53' title='bbox 1501 815 1783 887; x_wconf 80' lang='grc' dir='ltr'>κρίναντες</span> <span class='ocrx_word' id='word_1_54' title='bbox 1809 816 1917 869; x_wconf 86' lang='grc' dir='ltr'><strong>τῶν</strong></span> 
     </span>
    </p>
   </div>
   <div class='ocr_carea' id='block_1_10' title="bbox 335 904 1917 977">
    <p class='ocr_par' dir='ltr' id='par_1_10' title="bbox 335 904 1917 977">
     <span class='ocr_line' id='line_1_10' title="bbox 335 904 1917 977; baseline 0 -17"><span class='ocrx_word' id='word_1_55' title='bbox 335 906 430 962; x_wconf 77' lang='grc' dir='ltr'>τοῦ</span> <span class='ocrx_word' id='word_1_56' title='bbox 473 905 687 977; x_wconf 82' lang='grc' dir='ltr'>Ἰσραὴλ</span> <span class='ocrx_word' id='word_1_57' title='bbox 717 904 1061 977; x_wconf 77' lang='grc' dir='ltr'><strong>πραγμάτων</strong></span> <span class='ocrx_word' id='word_1_58' title='bbox 1095 907 1423 960; x_wconf 82' lang='grc' dir='ltr'>ἀπέκτειναν</span> <span class='ocrx_word' id='word_1_59' title='bbox 1444 919 1457 933; x_wconf 84' lang='grc'><em>’</em></span> <span class='ocrx_word' id='word_1_60' title='bbox 1518 906 1611 959; x_wconf 78' lang='grc' dir='ltr'><strong>καί</strong></span> <span class='ocrx_word' id='word_1_61' title='bbox 1655 906 1857 970; x_wconf 77' lang='grc' dir='ltr'>εὐθέως</span> <span class='ocrx_word' id='word_1_62' title='bbox 1890 910 1917 960; x_wconf 88' lang='grc' dir='ltr'><strong>ό</strong></span> 
     </span>
    </p>
   </div>
   <div class='ocr_carea' id='block_1_11' title="bbox 334 996 1917 1068">
    <p class='ocr_par' dir='ltr' id='par_1_11' title="bbox 334 996 1917 1068">
     <span class='ocr_line' id='line_1_11' title="bbox 334 996 1917 1068; baseline -0.001 -17"><span class='ocrx_word' id='word_1_63' title='bbox 334 996 426 1051; x_wconf 78' lang='grc' dir='ltr'>τοῦ</span> <span class='ocrx_word' id='word_1_64' title='bbox 456 997 777 1068; x_wconf 79' lang='grc' dir='ltr'>ἀμπελῶνος</span> <span class='ocrx_word' id='word_1_65' title='bbox 810 996 1013 1068; x_wconf 84' lang='grc' dir='ltr'>Κύριος</span> <span class='ocrx_word' id='word_1_66' title='bbox 1035 996 1093 1050; x_wconf 83' lang='grc' dir='ltr'>ὃν</span> <span class='ocrx_word' id='word_1_67' title='bbox 1127 998 1475 1061; x_wconf 78' lang='grc' dir='ltr'>ἀπέκτειναν,</span> <span class='ocrx_word' id='word_1_68' title='bbox 1500 998 1755 1068; x_wconf 76' lang='grc' dir='ltr'>ἐπιδημεῖ</span> <span class='ocrx_word' id='word_1_69' title='bbox 1787 999 1917 1050; x_wconf 81' lang='grc' dir='ltr'>ἀνα-</span> 
     </span>
    </p>
   </div>
   <div class='ocr_carea' id='block_1_12' title="bbox 336 1088 1917 1161">
    <p class='ocr_par' dir='ltr' id='par_1_12' title="bbox 336 1088 1917 1161">
     <span class='ocr_line' id='line_1_12' title="bbox 336 1088 1917 1161; baseline -0.001 -19"><span class='ocrx_word' id='word_1_70' title='bbox 336 1089 465 1153; x_wconf 82' lang='grc' dir='ltr'>στὰς</span> <span class='ocrx_word' id='word_1_71' title='bbox 490 1091 554 1143; x_wconf 84' lang='grc' dir='ltr'>ὲκ</span> <span class='ocrx_word' id='word_1_72' title='bbox 578 1089 809 1161; x_wconf 81' lang='grc' dir='ltr'>νεκρῶν,</span> <span class='ocrx_word' id='word_1_73' title='bbox 843 1090 936 1142; x_wconf 76' lang='grc' dir='ltr'><strong>καὶ</strong></span> <span class='ocrx_word' id='word_1_74' title='bbox 968 1091 1170 1152; x_wconf 75' lang='grc' dir='ltr'>κακοὺς</span> <span class='ocrx_word' id='word_1_75' title='bbox 1221 1088 1405 1152; x_wconf 89' lang='grc' dir='ltr'>κακῶς</span> <span class='ocrx_word' id='word_1_76' title='bbox 1445 1091 1569 1153; x_wconf 68' lang='grc' dir='ltr'>τοὺς</span> <span class='ocrx_word' id='word_1_77' title='bbox 1605 1090 1703 1160; x_wconf 81' lang='grc' dir='ltr'>μὲν</span> <span class='ocrx_word' id='word_1_78' title='bbox 1742 1106 1917 1159; x_wconf 86' lang='grc' dir='ltr'>γεωρ-</span> 
     </span>
    </p>
   </div>
   <div class='ocr_carea' id='block_1_13' title="bbox 333 1182 1916 1256">
    <p class='ocr_par' dir='ltr' id='par_1_13' title="bbox 333 1182 1916 1256">
     <span class='ocr_line' id='line_1_13' title="bbox 333 1182 1916 1256; baseline 0 -19"><span class='ocrx_word' id='word_1_79' title='bbox 333 1185 463 1253; x_wconf 72' lang='grc' dir='ltr'>γοὺς</span> <span class='ocrx_word' id='word_1_80' title='bbox 497 1183 813 1248; x_wconf 84' lang='grc' dir='ltr'>ἀπόλλυσιν,</span> <span class='ocrx_word' id='word_1_81' title='bbox 834 1185 1011 1249; x_wconf 77' lang='grc' dir='ltr'>ἄλλοις</span> <span class='ocrx_word' id='word_1_82' title='bbox 1032 1186 1089 1238; x_wconf 84' lang='grc' dir='ltr'>δὲ</span> <span class='ocrx_word' id='word_1_83' title='bbox 1113 1186 1377 1256; x_wconf 85' lang='grc' dir='ltr'>γεωργοῖς</span> <span class='ocrx_word' id='word_1_84' title='bbox 1409 1182 1517 1252; x_wconf 64' lang='grc'><strong>(64)</strong></span> <span class='ocrx_word' id='word_1_85' title='bbox 1546 1185 1660 1246; x_wconf 89' lang='grc' dir='ltr'>τοῖς</span> <span class='ocrx_word' id='word_1_86' title='bbox 1688 1185 1916 1237; x_wconf 83' lang='grc' dir='ltr'>ἀποστό-</span> 
     </span>
    </p>
   </div>
   <div class='ocr_carea' id='block_1_14' title="bbox 334 1271 1915 1346">
    <p class='ocr_par' dir='ltr' id='par_1_14' title="bbox 334 1271 1915 1346">
     <span class='ocr_line' id='line_1_14' title="bbox 334 1271 1915 1346; baseline -0.001 -19"><span class='ocrx_word' id='word_1_87' title='bbox 334 1274 445 1338; x_wconf 89' lang='grc' dir='ltr'>λοις</span> <span class='ocrx_word' id='word_1_88' title='bbox 478 1271 670 1328; x_wconf 72' lang='grc' dir='ltr'>ἑαυτοῦ</span> <span class='ocrx_word' id='word_1_89' title='bbox 708 1274 1042 1346; x_wconf 84' lang='grc' dir='ltr'>παραδίδωσι</span> <span class='ocrx_word' id='word_1_90' title='bbox 1091 1275 1217 1338; x_wconf 81' lang='grc' dir='ltr'>τοὺς</span> <span class='ocrx_word' id='word_1_91' title='bbox 1263 1274 1372 1328; x_wconf 84' lang='grc' dir='ltr'><strong>ἀπὸ</strong></span> <span class='ocrx_word' id='word_1_92' title='bbox 1400 1272 1492 1327; x_wconf 81' lang='grc' dir='ltr'><strong>τοῦ</strong></span> <span class='ocrx_word' id='word_1_93' title='bbox 1518 1272 1647 1326; x_wconf 86' lang='grc' dir='ltr'>λαοῦ</span> <span class='ocrx_word' id='word_1_94' title='bbox 1698 1273 1915 1326; x_wconf 88' lang='grc' dir='ltr'>πιστεύ-</span> 
     </span>
    </p>
   </div>
   <div class='ocr_carea' id='block_1_15' title="bbox 336 1364 1915 1436">
    <p class='ocr_par' dir='ltr' id='par_1_15' title="bbox 336 1364 1915 1436">
     <span class='ocr_line' id='line_1_15' title="bbox 336 1364 1915 1436; baseline 0.001 -19"><span class='ocrx_word' id='word_1_95' title='bbox 336 1379 556 1429; x_wconf 86' lang='grc' dir='ltr'>σαντας,</span> <span class='ocrx_word' id='word_1_96' title='bbox 600 1365 844 1419; x_wconf 64' lang='grc' dir='ltr'>τουτέστι</span> <span class='ocrx_word' id='word_1_97' title='bbox 869 1365 959 1419; x_wconf 83' lang='grc' dir='ltr'><strong>τὸν</strong></span> <span class='ocrx_word' id='word_1_98' title='bbox 987 1364 1313 1436; x_wconf 84' lang='grc' dir='ltr'>ἀμπελῶνα,</span> <span class='ocrx_word' id='word_1_99' title='bbox 1370 1364 1418 1418; x_wconf 88' lang='grc' dir='ltr'>οἳ</span> <span class='ocrx_word' id='word_1_100' title='bbox 1470 1364 1809 1419; x_wconf 81' lang='grc' dir='ltr'>ἀποδιδόασιν</span> <span class='ocrx_word' id='word_1_101' title='bbox 1857 1367 1915 1418; x_wconf 83' lang='grc' dir='ltr'>ἐν</span> 
     </span>
    </p>
   </div>
   <div class='ocr_carea' id='block_1_16' title="bbox 335 1455 1912 1529">
    <p class='ocr_par' dir='ltr' id='par_1_16' title="bbox 335 1455 1912 1529">
     <span class='ocr_line' id='line_1_16' title="bbox 335 1455 1912 1529; baseline -0.001 -18"><span class='ocrx_word' id='word_1_102' title='bbox 335 1460 448 1521; x_wconf 86' lang='grc' dir='ltr'>τοῖς</span> <span class='ocrx_word' id='word_1_103' title='bbox 476 1456 624 1522; x_wconf 78' lang='grc' dir='ltr'>ἰδίοις</span> <span class='ocrx_word' id='word_1_104' title='bbox 675 1458 886 1528; x_wconf 86' lang='grc' dir='ltr'>καιροῖς</span> <span class='ocrx_word' id='word_1_105' title='bbox 928 1457 1052 1521; x_wconf 80' lang='grc' dir='ltr'>τοὺς</span> <span class='ocrx_word' id='word_1_106' title='bbox 1102 1458 1343 1529; x_wconf 78' lang='grc' dir='ltr'>καρποὺς</span> <span class='ocrx_word' id='word_1_107' title='bbox 1391 1455 1468 1526; x_wconf 84' lang='grc' dir='ltr'>τῷ</span> <span class='ocrx_word' id='word_1_108' title='bbox 1540 1455 1912 1528; x_wconf 79' lang='grc' dir='ltr'>οἰκοδεσπότῃ.</span> 
     </span>
    </p>
   </div>
   <div class='ocr_carea' id='block_1_17' title="bbox 333 1544 1915 1618">
    <p class='ocr_par' dir='ltr' id='par_1_17' title="bbox 333 1544 1915 1618">
     <span class='ocr_line' id='line_1_17' title="bbox 333 1544 1915 1618; baseline -0.001 -18"><span class='ocrx_word' id='word_1_109' title='bbox 333 1544 466 1600; x_wconf 68' lang='grc' dir='ltr'>Εἶτα</span> <span class='ocrx_word' id='word_1_110' title='bbox 490 1546 752 1600; x_wconf 73' lang='grc' dir='ltr'>εἰπόντων</span> <span class='ocrx_word' id='word_1_111' title='bbox 784 1546 921 1617; x_wconf 89' lang='grc' dir='ltr'><strong>μετά</strong></span> <span class='ocrx_word' id='word_1_112' title='bbox 945 1546 1041 1618; x_wconf 84' lang='grc' dir='ltr'>τὴν</span> <span class='ocrx_word' id='word_1_113' title='bbox 1068 1546 1382 1617; x_wconf 74' lang='grc' dir='ltr'>παραϐολὴν</span> <span class='ocrx_word' id='word_1_114' title='bbox 1412 1544 1521 1598; x_wconf 87' lang='grc' dir='ltr'><strong>τῶν</strong></span> <span class='ocrx_word' id='word_1_115' title='bbox 1543 1546 1601 1598; x_wconf 83' lang='grc' dir='ltr'>ὲν</span> <span class='ocrx_word' id='word_1_116' title='bbox 1634 1548 1745 1608; x_wconf 81' lang='grc' dir='ltr'>τοῖς</span> <span class='ocrx_word' id='word_1_117' title='bbox 1771 1547 1915 1599; x_wconf 86' lang='grc' dir='ltr'>ἀνω-</span> 
     </span>
    </p>
   </div>
   <div class='ocr_carea' id='block_1_18' title="bbox 334 1636 1913 1709">
    <p class='ocr_par' dir='ltr' id='par_1_18' title="bbox 334 1636 1913 1709">
     <span class='ocr_line' id='line_1_18' title="bbox 334 1636 1913 1709; baseline -0.001 -20"><span class='ocrx_word' id='word_1_118' title='bbox 334 1638 477 1708; x_wconf 81' lang='grc' dir='ltr'>τέρω</span> <span class='ocrx_word' id='word_1_119' title='bbox 513 1638 831 1709; x_wconf 79' lang='grc' dir='ltr'>πυθομένων</span> <span class='ocrx_word' id='word_1_120' title='bbox 857 1639 939 1691; x_wconf 88' lang='grc' dir='ltr'>τό·</span> <span class='ocrx_word' id='word_1_121' title='bbox 1004 1657 1021 1690; x_wconf 81' lang='grc' dir='ltr'><strong>ι</strong></span> <span class='ocrx_word' id='word_1_122' title='bbox 1064 1639 1154 1691; x_wconf 87' lang='grc' dir='ltr'>Ἐν</span> <span class='ocrx_word' id='word_1_123' title='bbox 1186 1636 1315 1708; x_wconf 76' lang='grc' dir='ltr'>ποίᾳ</span> <span class='ocrx_word' id='word_1_124' title='bbox 1342 1636 1559 1708; x_wconf 72' lang='grc' dir='ltr'>ἐξουσίᾳ</span> <span class='ocrx_word' id='word_1_125' title='bbox 1595 1636 1770 1691; x_wconf 79' lang='grc' dir='ltr'>ταῦτα</span> <span class='ocrx_word' id='word_1_126' title='bbox 1794 1654 1913 1690; x_wconf 85' lang='grc' dir='ltr'>ποι-</span> 
     </span>
    </p>
   </div>
   <div class='ocr_carea' id='block_1_19' title="bbox 334 1728 1906 1797">
    <p class='ocr_par' dir='ltr' id='par_1_19' title="bbox 334 1728 1906 1797">
     <span class='ocr_line' id='line_1_19' title="bbox 334 1728 1906 1797; baseline -0.002 -15"><span class='ocrx_word' id='word_1_127' title='bbox 334 1733 413 1794; x_wconf 82' lang='grc' dir='ltr'><strong>εῖς</strong></span> <span class='ocrx_word' id='word_1_128' title='bbox 436 1748 455 1797; x_wconf 86' lang='lat'><strong>;</strong></span> <span class='ocrx_word' id='word_1_129' title='bbox 482 1749 500 1780; x_wconf 73' lang='grc' dir='ltr'><strong>ι</strong></span> <span class='ocrx_word' id='word_1_130' title='bbox 523 1729 591 1783; x_wconf 83' lang='grc' dir='ltr'>τὰ</span> <span class='ocrx_word' id='word_1_131' title='bbox 614 1729 721 1783; x_wconf 83' lang='grc' dir='ltr'><strong>ἀπὸ</strong></span> <span class='ocrx_word' id='word_1_132' title='bbox 744 1728 859 1783; x_wconf 81' lang='grc' dir='ltr'>τοῦ·</span> <span class='ocrx_word' id='word_1_133' title='bbox 888 1749 906 1782; x_wconf 81' lang='lat' dir='ltr'><strong>t</strong></span> <span class='ocrx_word' id='word_1_134' title='bbox 926 1730 1145 1793; x_wconf 82' lang='grc' dir='ltr'>Κακοὺς</span> <span class='ocrx_word' id='word_1_135' title='bbox 1170 1728 1355 1791; x_wconf 84' lang='grc' dir='ltr'>κακῶς</span> <span class='ocrx_word' id='word_1_136' title='bbox 1380 1728 1631 1782; x_wconf 81' lang='grc' dir='ltr'>ἀπολέσει</span> <span class='ocrx_word' id='word_1_137' title='bbox 1658 1728 1872 1792; x_wconf 73' lang='grc' dir='ltr'>αὐτοὺς,</span> <span class='ocrx_word' id='word_1_138' title='bbox 1888 1748 1906 1780; x_wconf 73' lang='grc' dir='ltr'><strong>ι</strong></span> 
     </span>
    </p>
   </div>
   <div class='ocr_carea' id='block_1_20' title="bbox 2022 542 3591 613">
    <p class='ocr_par' dir='ltr' id='par_1_20' title="bbox 2022 542 3591 613">
     <span class='ocr_line' id='line_1_20' title="bbox 2022 542 3591 613; baseline 0.003 -16"><span class='ocrx_word' id='word_1_139' title='bbox 2022 543 2293 612; x_wconf 76' lang='lat' dir='ltr'><strong>sapientes</strong></span> <span class='ocrx_word' id='word_1_140' title='bbox 2319 544 2500 613; x_wconf 74' lang='lat' dir='ltr'><strong>populi</strong></span> <span class='ocrx_word' id='word_1_141' title='bbox 2532 544 2650 600; x_wconf 80' lang='lat' dir='ltr'><strong>viso</strong></span> <span class='ocrx_word' id='word_1_142' title='bbox 2684 542 2845 609; x_wconf 86' lang='lat' dir='ltr'><strong>Filio,</strong></span> <span class='ocrx_word' id='word_1_143' title='bbox 2868 561 2967 600; x_wconf 90' lang='lat' dir='ltr'><strong>nec</strong></span> <span class='ocrx_word' id='word_1_144' title='bbox 2999 546 3300 602; x_wconf 71' lang='lat' dir='ltr'><strong>insolentia:</strong></span> <span class='ocrx_word' id='word_1_145' title='bbox 3346 564 3460 603; x_wconf 67' lang='lat' dir='ltr'><strong>suae</strong></span> <span class='ocrx_word' id='word_1_146' title='bbox 3487 550 3591 602; x_wconf 75' lang='lat' dir='ltr'><strong>ini-</strong></span> 
     </span>
    </p>
   </div>
   <div class='ocr_carea' id='block_1_21' title="bbox 2023 638 3592 706">
    <p class='ocr_par' dir='ltr' id='par_1_21' title="bbox 2023 638 3592 706">
     <span class='ocr_line' id='line_1_21' title="bbox 2023 638 3592 706; baseline 0.005 -19"><span class='ocrx_word' id='word_1_147' title='bbox 2023 651 2311 699; x_wconf 82' lang='lat' dir='ltr'><strong>metnores,</strong></span> <span class='ocrx_word' id='word_1_148' title='bbox 2340 638 2602 690; x_wconf 67' lang='lat' dir='ltr'><strong>hau-edem</strong></span> <span class='ocrx_word' id='word_1_149' title='bbox 2631 652 2755 690; x_wconf 91' lang='lat' dir='ltr'><strong>eum</strong></span> <span class='ocrx_word' id='word_1_150' title='bbox 2787 652 2908 692; x_wconf 91' lang='lat' dir='ltr'><strong>esse</strong></span> <span class='ocrx_word' id='word_1_151' title='bbox 2941 638 3250 706; x_wconf 76' lang='lat' dir='ltr'><strong>cogitarunt</strong></span> <span class='ocrx_word' id='word_1_152' title='bbox 3277 658 3290 705; x_wconf 91' lang='lat'><strong>;</strong></span> <span class='ocrx_word' id='word_1_153' title='bbox 3317 649 3429 695; x_wconf 91' lang='lat' dir='ltr'><strong>tum</strong></span> <span class='ocrx_word' id='word_1_154' title='bbox 3463 656 3592 695; x_wconf 85' lang='lat' dir='ltr'><strong>vero</strong></span> 
     </span>
    </p>
   </div>
   <div class='ocr_carea' id='block_1_22' title="bbox 2020 728 3589 798">
    <p class='ocr_par' dir='ltr' id='par_1_22' title="bbox 2020 728 3589 798">
     <span class='ocr_line' id='line_1_22' title="bbox 2020 728 3589 798; baseline 0.002 -17"><span class='ocrx_word' id='word_1_155' title='bbox 2020 736 2079 781; x_wconf 88' lang='lat' dir='ltr'><strong>ut</strong></span> <span class='ocrx_word' id='word_1_156' title='bbox 2108 728 2208 798; x_wconf 88' lang='lat' dir='ltr'><strong>ipsi</strong></span> <span class='ocrx_word' id='word_1_157' title='bbox 2236 728 2409 781; x_wconf 67' lang='lat' dir='ltr'><strong>vincte</strong></span> <span class='ocrx_word' id='word_1_158' title='bbox 2455 728 2660 781; x_wconf 86' lang='lat' dir='ltr'><strong>domini</strong></span> <span class='ocrx_word' id='word_1_159' title='bbox 2708 728 3071 792; x_wconf 77' lang='lat' dir='ltr'><strong>efﬁcerentur,</strong></span> <span class='ocrx_word' id='word_1_160' title='bbox 3122 730 3428 784; x_wconf 88' lang='lat' dir='ltr'><strong>intcrlicerc</strong></span> <span class='ocrx_word' id='word_1_161' title='bbox 3465 747 3589 784; x_wconf 85' lang='lat' dir='ltr'><strong>cum</strong></span> 
     </span>
    </p>
   </div>
   <div class='ocr_carea' id='block_1_23' title="bbox 2018 819 3587 891">
    <p class='ocr_par' dir='ltr' id='par_1_23' title="bbox 2018 819 3587 891">
     <span class='ocr_line' id='line_1_23' title="bbox 2018 819 3587 891; baseline 0.002 -19"><span class='ocrx_word' id='word_1_162' title='bbox 2018 819 2253 886; x_wconf 88' lang='lat' dir='ltr'><strong>audent;</strong></span> <span class='ocrx_word' id='word_1_163' title='bbox 2282 836 2518 889; x_wconf 90' lang='lat' dir='ltr'><strong>cumque</strong></span> <span class='ocrx_word' id='word_1_164' title='bbox 2551 821 2701 874; x_wconf 93' lang='lat' dir='ltr'><strong>illum</strong></span> <span class='ocrx_word' id='word_1_165' title='bbox 2736 822 3047 891; x_wconf 86' lang='lat' dir='ltr'><strong>ejecissent,</strong></span> <span class='ocrx_word' id='word_1_166' title='bbox 3078 831 3130 874; x_wconf 90' lang='lat' dir='ltr'><strong>et</strong></span> <span class='ocrx_word' id='word_1_167' title='bbox 3155 833 3311 876; x_wconf 84' lang='lat' dir='ltr'><strong>extra</strong></span> <span class='ocrx_word' id='word_1_168' title='bbox 3335 819 3587 875; x_wconf 85' lang='lat' dir='ltr'><strong>lsraclcm</strong></span> 
     </span>
    </p>
   </div>
   <div class='ocr_carea' id='block_1_24' title="bbox 2018 910 3590 979">
    <p class='ocr_par' dir='ltr' id='par_1_24' title="bbox 2018 910 3590 979">
     <span class='ocr_line' id='line_1_24' title="bbox 2018 910 3590 979; baseline 0.002 -15"><span class='ocrx_word' id='word_1_169' title='bbox 2018 910 2419 964; x_wconf 88' lang='lat' dir='ltr'><strong>amandandum</strong></span> <span class='ocrx_word' id='word_1_170' title='bbox 2450 912 2835 977; x_wconf 86' lang='lat' dir='ltr'><strong>decrevissent,</strong></span> <span class='ocrx_word' id='word_1_171' title='bbox 2863 914 3236 979; x_wconf 84' lang='lat' dir='ltr'><strong>trucidarunt;</strong></span> <span class='ocrx_word' id='word_1_172' title='bbox 3269 915 3590 969; x_wconf 49' lang='lat' dir='ltr'><strong>confestim-</strong></span> 
     </span>
    </p>
   </div>
   <div class='ocr_carea' id='block_1_25' title="bbox 2018 999 3586 1074">
    <p class='ocr_par' dir='ltr' id='par_1_25' title="bbox 2018 999 3586 1074">
     <span class='ocr_line' id='line_1_25' title="bbox 2018 999 3586 1074; baseline 0.004 -21"><span class='ocrx_word' id='word_1_173' title='bbox 2018 1016 2123 1070; x_wconf 89' lang='lat' dir='ltr'><strong>quc</strong></span> <span class='ocrx_word' id='word_1_174' title='bbox 2158 1003 2324 1054; x_wconf 68' lang='lat' dir='ltr'><strong>vincte</strong></span> <span class='ocrx_word' id='word_1_175' title='bbox 2355 999 2617 1056; x_wconf 83' lang='lat' dir='ltr'><strong>Dominus</strong></span> <span class='ocrx_word' id='word_1_176' title='bbox 2650 1018 2810 1071; x_wconf 83' lang='lat' dir='ltr'><strong>quem</strong></span> <span class='ocrx_word' id='word_1_177' title='bbox 2849 1003 3266 1069; x_wconf 87' lang='lat' dir='ltr'><strong>interemerunt,</strong></span> <span class='ocrx_word' id='word_1_178' title='bbox 3302 1014 3586 1074; x_wconf 71' lang='lat' dir='ltr'><strong>pusujuam</strong></span> 
     </span>
    </p>
   </div>
   <div class='ocr_carea' id='block_1_26' title="bbox 2018 1092 3589 1165">
    <p class='ocr_par' dir='ltr' id='par_1_26' title="bbox 2018 1092 3589 1165">
     <span class='ocr_line' id='line_1_26' title="bbox 2018 1092 3589 1165; baseline 0.004 -21"><span class='ocrx_word' id='word_1_179' title='bbox 2018 1106 2049 1144; x_wconf 88' lang='lat' dir='ltr'><strong>a</strong></span> <span class='ocrx_word' id='word_1_180' title='bbox 2073 1092 2303 1145; x_wconf 87' lang='lat' dir='ltr'><strong>mortuis</strong></span> <span class='ocrx_word' id='word_1_181' title='bbox 2329 1093 2585 1158; x_wconf 78' lang='lat' dir='ltr'><strong>surrexit,</strong></span> <span class='ocrx_word' id='word_1_182' title='bbox 2621 1094 2686 1147; x_wconf 87' lang='lat' dir='ltr'><strong>ad</strong></span> <span class='ocrx_word' id='word_1_183' title='bbox 2711 1110 2808 1149; x_wconf 89' lang='lat' dir='ltr'><strong>eos</strong></span> <span class='ocrx_word' id='word_1_184' title='bbox 2840 1094 3149 1162; x_wconf 81' lang='lat' dir='ltr'><strong>profectus,</strong></span> <span class='ocrx_word' id='word_1_185' title='bbox 3195 1095 3463 1165; x_wconf 82' lang='lat' dir='ltr'><strong>agricolas</strong></span> <span class='ocrx_word' id='word_1_186' title='bbox 3494 1112 3589 1150; x_wconf 86' lang='lat' dir='ltr'><strong>nc-</strong></span> 
     </span>
    </p>
   </div>
   <div class='ocr_carea' id='block_1_27' title="bbox 2020 1181 3590 1255">
    <p class='ocr_par' dir='ltr' id='par_1_27' title="bbox 2020 1181 3590 1255">
     <span class='ocr_line' id='line_1_27' title="bbox 2020 1181 3590 1255; baseline 0.004 -21"><span class='ocrx_word' id='word_1_187' title='bbox 2020 1181 2186 1236; x_wconf 77' lang='lat' dir='ltr'><strong>farios</strong></span> <span class='ocrx_word' id='word_1_188' title='bbox 2215 1182 2356 1235; x_wconf 89' lang='lat' dir='ltr'><strong>male</strong></span> <span class='ocrx_word' id='word_1_189' title='bbox 2388 1183 2563 1252; x_wconf 87' lang='lat' dir='ltr'><strong>perdit</strong></span> <span class='ocrx_word' id='word_1_190' title='bbox 2595 1200 2608 1246; x_wconf 89' lang='lat'><strong>;</strong></span> <span class='ocrx_word' id='word_1_191' title='bbox 2644 1184 2765 1239; x_wconf 90' lang='lat' dir='ltr'><strong>aliis</strong></span> <span class='ocrx_word' id='word_1_192' title='bbox 2789 1194 2968 1239; x_wconf 88' lang='lat' dir='ltr'><strong>autem</strong></span> <span class='ocrx_word' id='word_1_193' title='bbox 2993 1185 3246 1254; x_wconf 80' lang='lat' dir='ltr'><strong>agricolis</strong></span> <span class='ocrx_word' id='word_1_194' title='bbox 3269 1226 3283 1250; x_wconf 90' lang='lat'><strong>,</strong></span> <span class='ocrx_word' id='word_1_195' title='bbox 3329 1188 3590 1255; x_wconf 78' lang='lat' dir='ltr'><strong>apostolis</strong></span> 
     </span>
    </p>
   </div>
   <div class='ocr_carea' id='block_1_28' title="bbox 2018 1273 3589 1347">
    <p class='ocr_par' dir='ltr' id='par_1_28' title="bbox 2018 1273 3589 1347">
     <span class='ocr_line' id='line_1_28' title="bbox 2018 1273 3589 1347; baseline 0.006 -22"><span class='ocrx_word' id='word_1_196' title='bbox 2018 1289 2211 1342; x_wconf 86' lang='lat' dir='ltr'><strong>nempe</strong></span> <span class='ocrx_word' id='word_1_197' title='bbox 2238 1273 2374 1341; x_wconf 90' lang='lat' dir='ltr'><strong>suis,</strong></span> <span class='ocrx_word' id='word_1_198' title='bbox 2399 1289 2492 1329; x_wconf 88' lang='lat' dir='ltr'><strong>eos</strong></span> <span class='ocrx_word' id='word_1_199' title='bbox 2527 1276 2799 1346; x_wconf 86' lang='lat' dir='ltr'><strong>traditqui</strong></span> <span class='ocrx_word' id='word_1_200' title='bbox 2830 1292 2859 1331; x_wconf 92' lang='lat' dir='ltr'><strong>e</strong></span> <span class='ocrx_word' id='word_1_201' title='bbox 2889 1278 3086 1347; x_wconf 86' lang='lat' dir='ltr'><strong>pepqu</strong></span> <span class='ocrx_word' id='word_1_202' title='bbox 3117 1278 3484 1343; x_wconf 89' lang='lat' dir='ltr'><strong>crediderunt,</strong></span> <span class='ocrx_word' id='word_1_203' title='bbox 3503 1281 3589 1334; x_wconf 80' lang='lat' dir='ltr'><strong>vi-</strong></span> 
     </span>
    </p>
   </div>
   <div class='ocr_carea' id='block_1_29' title="bbox 2017 1364 3592 1438">
    <p class='ocr_par' dir='ltr' id='par_1_29' title="bbox 2017 1364 3592 1438">
     <span class='ocr_line' id='line_1_29' title="bbox 2017 1364 3592 1438; baseline 0.004 -20"><span class='ocrx_word' id='word_1_204' title='bbox 2017 1380 2174 1419; x_wconf 91' lang='lat' dir='ltr'><strong>neam</strong></span> <span class='ocrx_word' id='word_1_205' title='bbox 2210 1364 2495 1428; x_wconf 84' lang='lat' dir='ltr'><strong>videlicet;</strong></span> <span class='ocrx_word' id='word_1_206' title='bbox 2533 1377 2694 1435; x_wconf 87' lang='lat' dir='ltr'><strong>atque</strong></span> <span class='ocrx_word' id='word_1_207' title='bbox 2726 1367 2781 1420; x_wconf 91' lang='lat' dir='ltr'><strong>hi</strong></span> <span class='ocrx_word' id='word_1_208' title='bbox 2819 1366 3028 1423; x_wconf 82' lang='lat' dir='ltr'><strong>fructus</strong></span> <span class='ocrx_word' id='word_1_209' title='bbox 3044 1369 3423 1438; x_wconf 78' lang='lat' dir='ltr'><strong>patrifamilias</strong></span> <span class='ocrx_word' id='word_1_210' title='bbox 3454 1378 3592 1424; x_wconf 71' lang='lat' dir='ltr'><strong>tcqu</strong></span> 
     </span>
    </p>
   </div>
   <div class='ocr_carea' id='block_1_30' title="bbox 2018 1458 3588 1532">
    <p class='ocr_par' dir='ltr' id='par_1_30' title="bbox 2018 1458 3588 1532">
     <span class='ocr_line' id='line_1_30' title="bbox 2018 1458 3588 1532; baseline 0.004 -22"><span class='ocrx_word' id='word_1_211' title='bbox 2018 1458 2242 1527; x_wconf 89' lang='lat' dir='ltr'><strong>poribus</strong></span> <span class='ocrx_word' id='word_1_212' title='bbox 2276 1458 2392 1513; x_wconf 92' lang='lat' dir='ltr'><strong>suis</strong></span> <span class='ocrx_word' id='word_1_213' title='bbox 2424 1459 2678 1514; x_wconf 76' lang='lat' dir='ltr'><strong>reddunt.</strong></span> <span class='ocrx_word' id='word_1_214' title='bbox 2712 1458 3009 1528; x_wconf 74' lang='lat' dir='ltr'><strong>Postquam</strong></span> <span class='ocrx_word' id='word_1_215' title='bbox 3035 1471 3216 1516; x_wconf 85' lang='lat' dir='ltr'><strong>autem</strong></span> <span class='ocrx_word' id='word_1_216' title='bbox 3244 1462 3280 1515; x_wconf 86' lang='lat' dir='ltr'><strong>ii</strong></span> <span class='ocrx_word' id='word_1_217' title='bbox 3305 1462 3399 1532; x_wconf 90' lang='lat' dir='ltr'><strong>qui</strong></span> <span class='ocrx_word' id='word_1_218' title='bbox 3424 1477 3588 1532; x_wconf 88' lang='lat' dir='ltr'><strong>supra</strong></span> 
     </span>
    </p>
   </div>
   <div class='ocr_carea' id='block_1_31' title="bbox 2014 1548 3588 1619">
    <p class='ocr_par' dir='ltr' id='par_1_31' title="bbox 2014 1548 3588 1619">
     <span class='ocr_line' id='line_1_31' title="bbox 2014 1548 3588 1619; baseline 0.004 -17"><span class='ocrx_word' id='word_1_219' title='bbox 2014 1550 2379 1617; x_wconf 75' lang='lat' dir='ltr'><strong>qutesiverant</strong></span> <span class='ocrx_word' id='word_1_220' title='bbox 2407 1567 2419 1603; x_wconf 89' lang='lat'><strong>:</strong></span> <span class='ocrx_word' id='word_1_221' title='bbox 2459 1568 2476 1599; x_wconf 75' lang='grc' dir='ltr'><strong>ι</strong></span> <span class='ocrx_word' id='word_1_222' title='bbox 2508 1548 2564 1603; x_wconf 89' lang='lat' dir='ltr'><strong>In</strong></span> <span class='ocrx_word' id='word_1_223' title='bbox 2590 1565 2693 1619; x_wconf 88' lang='lat' dir='ltr'><strong>qua</strong></span> <span class='ocrx_word' id='word_1_224' title='bbox 2729 1560 2993 1619; x_wconf 82' lang='lat' dir='ltr'><strong>potestate</strong></span> <span class='ocrx_word' id='word_1_225' title='bbox 3026 1552 3140 1607; x_wconf 81' lang='lat' dir='ltr'><strong>haec</strong></span> <span class='ocrx_word' id='word_1_226' title='bbox 3161 1551 3297 1608; x_wconf 82' lang='lat' dir='ltr'><strong>facis</strong></span> <span class='ocrx_word' id='word_1_227' title='bbox 3323 1553 3417 1606; x_wconf 74' lang='lat'><strong>“?</strong></span> <span class='ocrx_word' id='word_1_228' title='bbox 3454 1573 3471 1605; x_wconf 77' lang='grc' dir='ltr'><strong>ι</strong></span> <span class='ocrx_word' id='word_1_229' title='bbox 3522 1569 3588 1609; x_wconf 87' lang='lat' dir='ltr'><strong>ea</strong></span> 
     </span>
    </p>
   </div>
   <div class='ocr_carea' id='block_1_32' title="bbox 2024 1640 3587 1711">
    <p class='ocr_par' dir='ltr' id='par_1_32' title="bbox 2024 1640 3587 1711">
     <span class='ocr_line' id='line_1_32' title="bbox 2024 1640 3587 1711; baseline 0.004 -19"><span class='ocrx_word' id='word_1_230' title='bbox 2024 1647 2149 1707; x_wconf 87' lang='lat' dir='ltr'><strong>post</strong></span> <span class='ocrx_word' id='word_1_231' title='bbox 2188 1640 2502 1707; x_wconf 80' lang='lat' dir='ltr'><strong>parabolam</strong></span> <span class='ocrx_word' id='word_1_232' title='bbox 2527 1640 2932 1708; x_wconf 11' lang='lat' dir='ltr'><strong>sulrijunxcrunt</strong></span> <span class='ocrx_word' id='word_1_233' title='bbox 2961 1658 3082 1711; x_wconf 68' lang='lat' dir='ltr'><strong>qua:</strong></span> <span class='ocrx_word' id='word_1_234' title='bbox 3115 1644 3198 1698; x_wconf 91' lang='lat' dir='ltr'><strong>his</strong></span> <span class='ocrx_word' id='word_1_235' title='bbox 3223 1645 3401 1699; x_wconf 83' lang='lat' dir='ltr'><strong>verbis</strong></span> <span class='ocrx_word' id='word_1_236' title='bbox 3453 1646 3587 1700; x_wconf 86' lang='lat' dir='ltr'><strong>sub-</strong></span> 
     </span>
    </p>
   </div>
   <div class='ocr_carea' id='block_1_33' title="bbox 2018 1731 3587 1805">
    <p class='ocr_par' dir='ltr' id='par_1_33' title="bbox 2018 1731 3587 1805">
     <span class='ocr_line' id='line_1_33' title="bbox 2018 1731 3587 1805; baseline 0.005 -22"><span class='ocrx_word' id='word_1_237' title='bbox 2018 1746 2158 1784; x_wconf 80' lang='lat' dir='ltr'><strong>nexa</strong></span> <span class='ocrx_word' id='word_1_238' title='bbox 2186 1740 2315 1784; x_wconf 89' lang='lat' dir='ltr'><strong>sunt</strong></span> <span class='ocrx_word' id='word_1_239' title='bbox 2344 1750 2355 1783; x_wconf 93' lang='lat'><strong>:</strong></span> <span class='ocrx_word' id='word_1_240' title='bbox 2394 1749 2412 1782; x_wconf 75' lang='grc' dir='ltr'><strong>ι</strong></span> <span class='ocrx_word' id='word_1_241' title='bbox 2444 1731 2614 1786; x_wconf 85' lang='lat' dir='ltr'><strong>Malos</strong></span> <span class='ocrx_word' id='word_1_242' title='bbox 2649 1732 2787 1787; x_wconf 84' lang='lat' dir='ltr'><strong>male</strong></span> <span class='ocrx_word' id='word_1_243' title='bbox 2813 1733 3083 1801; x_wconf 80' lang='lat' dir='ltr'><strong>perdet&quot;,</strong></span> <span class='ocrx_word' id='word_1_244' title='bbox 3114 1753 3133 1785; x_wconf 75' lang='grc' dir='ltr'><strong>ι</strong></span> <span class='ocrx_word' id='word_1_245' title='bbox 3162 1736 3380 1804; x_wconf 87' lang='lat' dir='ltr'><strong>petitam</strong></span> <span class='ocrx_word' id='word_1_246' title='bbox 3412 1753 3441 1790; x_wconf 88' lang='lat' dir='ltr'><strong>e</strong></span> <span class='ocrx_word' id='word_1_247' title='bbox 3466 1752 3587 1805; x_wconf 87' lang='lat' dir='ltr'><strong>pro-</strong></span> 
     </span>
    </p>
   </div>
   <div class='ocr_carea' id='block_1_34' title="bbox 333 1799 1917 1894">
    <p class='ocr_par' dir='ltr' id='par_1_34' title="bbox 333 1819 1907 1892">
     <span class='ocr_line' id='line_1_34' title="bbox 333 1819 1907 1892; baseline -0.001 -19"><span class='ocrx_word' id='word_1_248' title='bbox 333 1823 362 1873; x_wconf 85' lang='grc' dir='ltr'><strong>ό</strong></span> <span class='ocrx_word' id='word_1_249' title='bbox 392 1820 583 1892; x_wconf 82' lang='grc' dir='ltr'>Σωτὴρ</span> <span class='ocrx_word' id='word_1_250' title='bbox 613 1820 968 1892; x_wconf 86' lang='grc' dir='ltr'>ἀποκρίνεται</span> <span class='ocrx_word' id='word_1_251' title='bbox 1001 1820 1266 1874; x_wconf 73' lang='grc' dir='ltr'>διδάσκων</span> <span class='ocrx_word' id='word_1_252' title='bbox 1292 1820 1488 1882; x_wconf 75' lang='grc' dir='ltr'>αὐτοὺς</span> <span class='ocrx_word' id='word_1_253' title='bbox 1518 1819 1623 1871; x_wconf 76' lang='grc' dir='ltr'><strong>ἀπό</strong></span> <span class='ocrx_word' id='word_1_254' title='bbox 1652 1820 1748 1889; x_wconf 76' lang='grc' dir='ltr'>τῆς</span> <span class='ocrx_word' id='word_1_255' title='bbox 1776 1836 1907 1890; x_wconf 85' lang='grc' dir='ltr'>προ-</span> 
     </span>
    </p>
   </div>
   <div class='ocr_carea' id='block_1_35' title="bbox 2014 1799 3591 1894">
    <p class='ocr_par' dir='ltr' id='par_1_35' title="bbox 2015 1799 3591 1894">
     <span class='ocr_line' id='line_1_35' title="bbox 2015 1799 3591 1894; baseline 0.004 -21"><span class='ocrx_word' id='word_1_256' title='bbox 2015 1821 2191 1890; x_wconf 84' lang='lat' dir='ltr'><strong>phctis</strong></span> <span class='ocrx_word' id='word_1_257' title='bbox 2219 1821 2522 1876; x_wconf 68' lang='lat' dir='ltr'><strong>doctrinam</strong></span> <span class='ocrx_word' id='word_1_258' title='bbox 2551 1822 2684 1892; x_wconf 86' lang='lat' dir='ltr'><strong>ipsis</strong></span> <span class='ocrx_word' id='word_1_259' title='bbox 2740 1799 2962 1878; x_wconf 82' lang='lat' dir='ltr'><strong>tradens</strong></span> <span class='ocrx_word' id='word_1_260' title='bbox 2997 1799 3288 1894; x_wconf 80' lang='lat' dir='ltr'><strong>respondet</strong></span> <span class='ocrx_word' id='word_1_261' title='bbox 3333 1799 3591 1880; x_wconf 63' lang='lat' dir='ltr'><strong>Servatur</strong></span> 
     </span>
    </p>
   </div>
   <div class='ocr_carea' id='block_1_36' title="bbox 333 1910 1913 1983">
    <p class='ocr_par' dir='ltr' id='par_1_36' title="bbox 333 1910 1913 1983">
     <span class='ocr_line' id='line_1_36' title="bbox 333 1910 1913 1983; baseline 0.001 -18"><span class='ocrx_word' id='word_1_262' title='bbox 333 1912 581 1983; x_wconf 84' lang='grc' dir='ltr'>φητείας,</span> <span class='ocrx_word' id='word_1_263' title='bbox 615 1912 695 1965; x_wconf 82' lang='grc' dir='ltr'><strong>ὅτι</strong></span> <span class='ocrx_word' id='word_1_264' title='bbox 722 1913 813 1965; x_wconf 80' lang='grc' dir='ltr'>ὑπ’</span> <span class='ocrx_word' id='word_1_265' title='bbox 837 1912 1059 1966; x_wconf 81' lang='grc' dir='ltr'>ἐκείνων</span> <span class='ocrx_word' id='word_1_266' title='bbox 1088 1912 1187 1983; x_wconf 78' lang='grc' dir='ltr'>μὲν</span> <span class='ocrx_word' id='word_1_267' title='bbox 1214 1910 1648 1982; x_wconf 81' lang='grc' dir='ltr'>ἀπεδοκιμάσθη,</span> <span class='ocrx_word' id='word_1_268' title='bbox 1685 1910 1834 1983; x_wconf 76' lang='grc' dir='ltr'>παρὰ</span> <span class='ocrx_word' id='word_1_269' title='bbox 1857 1913 1913 1966; x_wconf 78' lang='grc' dir='ltr'>δὲ</span> 
     </span>
    </p>
   </div>
   <div class='ocr_carea' id='block_1_37' title="bbox 332 2001 1913 2074">
    <p class='ocr_par' dir='ltr' id='par_1_37' title="bbox 332 2001 1913 2074">
     <span class='ocr_line' id='line_1_37' title="bbox 332 2001 1913 2074; baseline 0.001 -19"><span class='ocrx_word' id='word_1_270' title='bbox 332 2002 409 2071; x_wconf 81' lang='grc' dir='ltr'><strong>τῷ</strong></span> <span class='ocrx_word' id='word_1_271' title='bbox 445 2002 563 2074; x_wconf 79' lang='grc' dir='ltr'><strong>Θεῷ</strong></span> <span class='ocrx_word' id='word_1_272' title='bbox 588 2004 734 2056; x_wconf 82' lang='grc' dir='ltr'>ἐστιν</span> <span class='ocrx_word' id='word_1_273' title='bbox 767 2002 1002 2074; x_wconf 74' lang='grc' dir='ltr'>ἔντιμος,</span> <span class='ocrx_word' id='word_1_274' title='bbox 1028 2003 1121 2056; x_wconf 77' lang='grc' dir='ltr'><strong>καὶ</strong></span> <span class='ocrx_word' id='word_1_275' title='bbox 1149 2001 1360 2073; x_wconf 86' lang='grc' dir='ltr'>κεφαλὴ</span> <span class='ocrx_word' id='word_1_276' title='bbox 1393 2002 1493 2073; x_wconf 82' lang='grc' dir='ltr'>τῆς</span> <span class='ocrx_word' id='word_1_277' title='bbox 1537 2002 1663 2074; x_wconf 77' lang='grc' dir='ltr'>ὅλης</span> <span class='ocrx_word' id='word_1_278' title='bbox 1707 2003 1913 2057; x_wconf 62' lang='grc' dir='ltr'>οἰκοδο.</span> 
     </span>
    </p>
   </div>
   <div class='ocr_carea' id='block_1_38' title="bbox 332 2096 1913 2167">
    <p class='ocr_par' dir='ltr' id='par_1_38' title="bbox 332 2096 1913 2167">
     <span class='ocr_line' id='line_1_38' title="bbox 332 2096 1913 2167; baseline 0 -18"><span class='ocrx_word' id='word_1_279' title='bbox 332 2096 460 2167; x_wconf 79' lang='grc' dir='ltr'>μῆς,</span> <span class='ocrx_word' id='word_1_280' title='bbox 497 2096 589 2148; x_wconf 76' lang='grc' dir='ltr'><strong>καὶ</strong></span> <span class='ocrx_word' id='word_1_281' title='bbox 648 2096 748 2166; x_wconf 79' lang='grc' dir='ltr'>τῆς</span> <span class='ocrx_word' id='word_1_282' title='bbox 798 2097 918 2150; x_wconf 83' lang='grc' dir='ltr'>κατ’</span> <span class='ocrx_word' id='word_1_283' title='bbox 955 2096 1123 2167; x_wconf 79' lang='grc' dir='ltr'>αὐτὴν</span> <span class='ocrx_word' id='word_1_284' title='bbox 1182 2096 1432 2167; x_wconf 77' lang='grc' dir='ltr'>συνοχῆς,</span> <span class='ocrx_word' id='word_1_285' title='bbox 1484 2097 1575 2149; x_wconf 71' lang='grc' dir='ltr'>καὶ</span> <span class='ocrx_word' id='word_1_286' title='bbox 1607 2096 1813 2167; x_wconf 81' lang='grc' dir='ltr'>κεφαλή</span> <span class='ocrx_word' id='word_1_287' title='bbox 1849 2114 1913 2165; x_wconf 88' lang='grc' dir='ltr'><strong>γε</strong></span> 
     </span>
    </p>
   </div>
   <div class='ocr_carea' id='block_1_39' title="bbox 335 2184 1910 2259">
    <p class='ocr_par' dir='ltr' id='par_1_39' title="bbox 335 2184 1910 2259">
     <span class='ocr_line' id='line_1_39' title="bbox 335 2184 1910 2259; baseline 0.003 -23"><span class='ocrx_word' id='word_1_288' title='bbox 335 2184 624 2257; x_wconf 82' lang='grc' dir='ltr'>θαυμαστὴ</span> <span class='ocrx_word' id='word_1_289' title='bbox 650 2186 708 2239; x_wconf 82' lang='grc' dir='ltr'>ὲν</span> <span class='ocrx_word' id='word_1_290' title='bbox 742 2185 1039 2257; x_wconf 79' lang='grc' dir='ltr'>ὀφθαλμοῖς</span> <span class='ocrx_word' id='word_1_291' title='bbox 1067 2186 1176 2239; x_wconf 88' lang='grc' dir='ltr'><strong>τῶν</strong></span> <span class='ocrx_word' id='word_1_292' title='bbox 1215 2186 1432 2240; x_wconf 78' lang='grc' dir='ltr'>εἰδότων</span> <span class='ocrx_word' id='word_1_293' title='bbox 1461 2186 1677 2258; x_wconf 79' lang='grc' dir='ltr'>βλέπειν</span> <span class='ocrx_word' id='word_1_294' title='bbox 1721 2188 1910 2259; x_wconf 73' lang='grc' dir='ltr'>αὐτην.</span> 
     </span>
    </p>
   </div>
   <div class='ocr_carea' id='block_1_40' title="bbox 332 2272 1910 2349">
    <p class='ocr_par' dir='ltr' id='par_1_40' title="bbox 332 2272 1910 2349">
     <span class='ocr_line' id='line_1_40' title="bbox 332 2272 1910 2349; baseline 0.003 -21"><span class='ocrx_word' id='word_1_295' title='bbox 332 2272 488 2339; x_wconf 74' lang='grc' dir='ltr'>Εἶτα,</span> <span class='ocrx_word' id='word_1_296' title='bbox 524 2276 882 2347; x_wconf 82' lang='grc' dir='ltr'>προφητεύων</span> <span class='ocrx_word' id='word_1_297' title='bbox 908 2277 1036 2348; x_wconf 87' lang='grc' dir='ltr'><strong>περί</strong></span> <span class='ocrx_word' id='word_1_298' title='bbox 1060 2277 1157 2348; x_wconf 76' lang='grc' dir='ltr'><strong>τῆς</strong></span> <span class='ocrx_word' id='word_1_299' title='bbox 1179 2277 1286 2331; x_wconf 79' lang='grc' dir='ltr'><strong>ἀπὸ</strong></span> <span class='ocrx_word' id='word_1_300' title='bbox 1315 2278 1423 2331; x_wconf 87' lang='grc' dir='ltr'><strong>τῶν</strong></span> <span class='ocrx_word' id='word_1_301' title='bbox 1458 2277 1625 2331; x_wconf 77' lang='grc' dir='ltr'>ἐθνῶν</span> <span class='ocrx_word' id='word_1_302' title='bbox 1648 2277 1910 2349; x_wconf 77' lang='grc' dir='ltr'>κλήσεως,</span> 
     </span>
    </p>
   </div>
   <div class='ocr_carea' id='block_1_41' title="bbox 337 2366 1915 2437">
    <p class='ocr_par' dir='ltr' id='par_1_41' title="bbox 337 2366 1915 2437">
     <span class='ocr_line' id='line_1_41' title="bbox 337 2366 1915 2437; baseline 0.003 -19"><span class='ocrx_word' id='word_1_303' title='bbox 337 2366 471 2436; x_wconf 83' lang='grc' dir='ltr'><strong>φησί</strong></span> <span class='ocrx_word' id='word_1_304' title='bbox 503 2369 615 2429; x_wconf 86' lang='grc' dir='ltr'>τοῖς</span> <span class='ocrx_word' id='word_1_305' title='bbox 645 2367 718 2437; x_wconf 84' lang='grc' dir='ltr'>μὴ</span> <span class='ocrx_word' id='word_1_306' title='bbox 752 2367 1100 2422; x_wconf 85' lang='grc' dir='ltr'>πιστεύουσιν</span> <span class='ocrx_word' id='word_1_307' title='bbox 1123 2372 1203 2433; x_wconf 87' lang='grc' dir='ltr'><strong>εἰς</strong></span> <span class='ocrx_word' id='word_1_308' title='bbox 1230 2369 1393 2422; x_wconf 74' lang='grc' dir='ltr'>αὑτὸν</span> <span class='ocrx_word' id='word_1_309' title='bbox 1421 2368 1758 2433; x_wconf 81' lang='grc' dir='ltr'>διδασκάλοις</span> <span class='ocrx_word' id='word_1_310' title='bbox 1792 2370 1915 2422; x_wconf 82' lang='grc' dir='ltr'>Ἰου-</span> 
     </span>
    </p>
   </div>
   <div class='ocr_carea' id='block_1_42' title="bbox 330 2456 1911 2531">
    <p class='ocr_par' dir='ltr' id='par_1_42' title="bbox 330 2456 1911 2531">
     <span class='ocr_line' id='line_1_42' title="bbox 330 2456 1911 2531; baseline 0.001 -20"><span class='ocrx_word' id='word_1_311' title='bbox 330 2456 512 2511; x_wconf 78' lang='grc' dir='ltr'>δαίων·</span> <span class='ocrx_word' id='word_1_312' title='bbox 549 2475 566 2508; x_wconf 81' lang='lat' dir='ltr'><strong>t</strong></span> <span class='ocrx_word' id='word_1_313' title='bbox 604 2458 924 2529; x_wconf 78' lang='grc' dir='ltr'>Ἀρθήσεται</span> <span class='ocrx_word' id='word_1_314' title='bbox 951 2459 1045 2528; x_wconf 84' lang='grc' dir='ltr'>ἀφ’</span> <span class='ocrx_word' id='word_1_315' title='bbox 1070 2457 1221 2529; x_wconf 82' lang='grc' dir='ltr'>ὑμῶν</span> <span class='ocrx_word' id='word_1_316' title='bbox 1271 2461 1303 2531; x_wconf 87' lang='grc' dir='ltr'><strong>ἠ</strong></span> <span class='ocrx_word' id='word_1_317' title='bbox 1341 2456 1583 2527; x_wconf 84' lang='grc' dir='ltr'>βασιλεία</span> <span class='ocrx_word' id='word_1_318' title='bbox 1621 2458 1714 2512; x_wconf 77' lang='grc' dir='ltr'><strong>τοῦ</strong></span> <span class='ocrx_word' id='word_1_319' title='bbox 1754 2458 1911 2523; x_wconf 79' lang='grc' dir='ltr'>Θεοῦ,</span> 
     </span>
    </p>
   </div>
   <div class='ocr_carea' id='block_1_43' title="bbox 334 2548 1906 2622">
    <p class='ocr_par' dir='ltr' id='par_1_43' title="bbox 334 2548 1906 2622">
     <span class='ocr_line' id='line_1_43' title="bbox 334 2548 1906 2622; baseline 0.002 -21"><span class='ocrx_word' id='word_1_320' title='bbox 334 2548 427 2602; x_wconf 72' lang='grc' dir='ltr'>καὶ</span> <span class='ocrx_word' id='word_1_321' title='bbox 452 2548 737 2619; x_wconf 84' lang='grc' dir='ltr'>δοθήσεται</span> <span class='ocrx_word' id='word_1_322' title='bbox 766 2549 905 2603; x_wconf 83' lang='grc' dir='ltr'>ἔθνει</span> <span class='ocrx_word' id='word_1_323' title='bbox 936 2548 1179 2605; x_wconf 77' lang='grc' dir='ltr'>ποιοῦντι</span> <span class='ocrx_word' id='word_1_324' title='bbox 1227 2553 1353 2614; x_wconf 79' lang='grc' dir='ltr'>τοὺς</span> <span class='ocrx_word' id='word_1_325' title='bbox 1400 2551 1646 2622; x_wconf 74' lang='grc' dir='ltr'>καρποὺς</span> <span class='ocrx_word' id='word_1_326' title='bbox 1683 2551 1906 2620; x_wconf 79' lang='grc' dir='ltr'>αὐτῆς.»</span> 
     </span>
    </p>
   </div>
   <div class='ocr_carea' id='block_1_44' title="bbox 345 2641 1919 2715">
    <p class='ocr_par' dir='ltr' id='par_1_44' title="bbox 345 2641 1919 2715">
     <span class='ocr_line' id='line_1_44' title="bbox 345 2641 1919 2715; baseline 0.003 -21"><span class='ocrx_word' id='word_1_327' title='bbox 345 2641 505 2707; x_wconf 81' lang='grc' dir='ltr'>Ἀλλ’,</span> <span class='ocrx_word' id='word_1_328' title='bbox 521 2641 597 2705; x_wconf 86' lang='grc' dir='ltr'>ὡς</span> <span class='ocrx_word' id='word_1_329' title='bbox 620 2642 979 2712; x_wconf 75' lang='grc' dir='ltr'>προείπαμεν,</span> <span class='ocrx_word' id='word_1_330' title='bbox 997 2642 1344 2714; x_wconf 80' lang='grc' dir='ltr'>ὁλοσχερεστέ</span> <span class='ocrx_word' id='word_1_331' title='bbox 1354 2660 1420 2715; x_wconf 91' lang='grc' dir='ltr'><strong>ρα</strong></span> <span class='ocrx_word' id='word_1_332' title='bbox 1444 2661 1546 2707; x_wconf 88' lang='grc' dir='ltr'>τις,</span> <span class='ocrx_word' id='word_1_333' title='bbox 1573 2644 1666 2696; x_wconf 80' lang='grc' dir='ltr'><strong>καὶ</strong></span> <span class='ocrx_word' id='word_1_334' title='bbox 1691 2643 1750 2697; x_wconf 81' lang='grc' dir='ltr'><strong>οὐ</strong></span> <span class='ocrx_word' id='word_1_335' title='bbox 1774 2644 1919 2698; x_wconf 84' lang='grc' dir='ltr'><strong>κατά</strong></span> 
     </span>
    </p>
   </div>
   <div class='ocr_carea' id='block_1_45' title="bbox 330 2731 1912 2805">
    <p class='ocr_par' dir='ltr' id='par_1_45' title="bbox 330 2731 1912 2805">
     <span class='ocr_line' id='line_1_45' title="bbox 330 2731 1912 2805; baseline 0.001 -20"><span class='ocrx_word' id='word_1_336' title='bbox 330 2731 477 2797; x_wconf 81' lang='grc' dir='ltr'>λέξιν</span> <span class='ocrx_word' id='word_1_337' title='bbox 512 2733 659 2786; x_wconf 73' lang='grc' dir='ltr'>ἐστὶν</span> <span class='ocrx_word' id='word_1_338' title='bbox 690 2736 723 2805; x_wconf 81' lang='grc' dir='ltr'><strong>η</strong></span> <span class='ocrx_word' id='word_1_339' title='bbox 750 2734 971 2805; x_wconf 85' lang='grc' dir='ltr'>τοιαύτη</span> <span class='ocrx_word' id='word_1_340' title='bbox 999 2734 1269 2805; x_wconf 62' lang='grc' dir='ltr'>διήγησις</span> <span class='ocrx_word' id='word_1_341' title='bbox 1290 2733 1424 2805; x_wconf 68' lang='grc' dir='ltr'>πρὸς</span> <span class='ocrx_word' id='word_1_342' title='bbox 1448 2735 1515 2804; x_wconf 82' lang='grc' dir='ltr'>ἢν</span> <span class='ocrx_word' id='word_1_343' title='bbox 1550 2734 1719 2788; x_wconf 87' lang='grc' dir='ltr'>πολλά</span> <span class='ocrx_word' id='word_1_344' title='bbox 1746 2752 1828 2798; x_wconf 88' lang='grc' dir='ltr'><strong>τις</strong></span> <span class='ocrx_word' id='word_1_345' title='bbox 1846 2735 1912 2789; x_wconf 81' lang='grc' dir='ltr'><strong>ἂν</strong></span> 
     </span>
    </p>
   </div>
   <div class='ocr_carea' id='block_1_46' title="bbox 335 2824 1918 2897">
    <p class='ocr_par' dir='ltr' id='par_1_46' title="bbox 335 2824 1918 2897">
     <span class='ocr_line' id='line_1_46' title="bbox 335 2824 1918 2897; baseline 0.001 -19"><span class='ocrx_word' id='word_1_346' title='bbox 335 2825 726 2895; x_wconf 82' lang='grc' dir='ltr'>πνευματικὸς,</span> <span class='ocrx_word' id='word_1_347' title='bbox 762 2826 856 2879; x_wconf 76' lang='grc' dir='ltr'><strong>καὶ</strong></span> <span class='ocrx_word' id='word_1_348' title='bbox 891 2826 1203 2897; x_wconf 85' lang='grc' dir='ltr'>ἀνακρίνειν</span> <span class='ocrx_word' id='word_1_349' title='bbox 1234 2824 1529 2895; x_wconf 86' lang='grc' dir='ltr'>δυνάμενος</span> <span class='ocrx_word' id='word_1_350' title='bbox 1561 2825 1756 2889; x_wconf 85' lang='grc' dir='ltr'>πάντα,</span> <span class='ocrx_word' id='word_1_351' title='bbox 1787 2827 1918 2880; x_wconf 78' lang='grc' dir='ltr'>ἐπα-</span> 
     </span>
    </p>
   </div>
   <div class='ocr_carea' id='block_1_47' title="bbox 333 2915 1922 2990">
    <p class='ocr_par' dir='ltr' id='par_1_47' title="bbox 333 2915 1922 2990">
     <span class='ocr_line' id='line_1_47' title="bbox 333 2915 1922 2990; baseline 0.001 -20"><span class='ocrx_word' id='word_1_352' title='bbox 333 2918 571 2987; x_wconf 68' lang='grc' dir='ltr'><strong>¹ιτορήσαι</strong></span> <span class='ocrx_word' id='word_1_353' title='bbox 603 2916 814 2987; x_wconf 90' lang='grc' dir='ltr'>κρούων</span> <span class='ocrx_word' id='word_1_354' title='bbox 867 2917 966 2988; x_wconf 81' lang='grc' dir='ltr'>τὴν</span> <span class='ocrx_word' id='word_1_355' title='bbox 1020 2917 1258 2988; x_wconf 73' lang='grc' dir='ltr'>ἀσαφείᾳ</span> <span class='ocrx_word' id='word_1_356' title='bbox 1303 2915 1694 2988; x_wconf 78' lang='grc' dir='ltr'>κεκλεισμένην</span> <span class='ocrx_word' id='word_1_357' title='bbox 1745 2917 1922 2990; x_wconf 84' lang='grc' dir='ltr'>θύραν</span> 
     </span>
    </p>
   </div>
   <div class='ocr_carea' id='block_1_48' title="bbox 303 3001 1915 3077">
    <p class='ocr_par' dir='ltr' id='par_1_48' title="bbox 303 3001 1915 3077">
     <span class='ocr_line' id='line_1_48' title="bbox 303 3001 1915 3077; baseline 0.001 -22"><span class='ocrx_word' id='word_1_358' title='bbox 303 3001 315 3013; x_wconf 88' lang='grc'><em>’</em></span> <span class='ocrx_word' id='word_1_359' title='bbox 332 3004 440 3056; x_wconf 85' lang='grc' dir='ltr'><strong>τῶν</strong></span> <span class='ocrx_word' id='word_1_360' title='bbox 460 3004 695 3058; x_wconf 73' lang='grc' dir='ltr'>ἐνταῦθα</span> <span class='ocrx_word' id='word_1_361' title='bbox 730 3006 1125 3077; x_wconf 78' lang='grc' dir='ltr'>κεκρυμμένων</span> <span class='ocrx_word' id='word_1_362' title='bbox 1147 3004 1458 3075; x_wconf 86' lang='grc' dir='ltr'>νοημάτων,</span> <span class='ocrx_word' id='word_1_363' title='bbox 1504 3006 1598 3058; x_wconf 77' lang='grc' dir='ltr'><strong>καὶ</strong></span> <span class='ocrx_word' id='word_1_364' title='bbox 1619 3004 1795 3075; x_wconf 78' lang='grc' dir='ltr'>ὀρθῶς</span> <span class='ocrx_word' id='word_1_365' title='bbox 1825 3005 1915 3076; x_wconf 82' lang='grc' dir='ltr'><strong>ζη-</strong></span> 
     </span>
    </p>
   </div>
   <div class='ocr_carea' id='block_1_49' title="bbox 330 3094 1980 3184">
    <p class='ocr_par' dir='ltr' id='par_1_49' title="bbox 330 3094 1980 3184">
     <span class='ocr_line' id='line_1_49' title="bbox 330 3094 1980 3184; baseline 0.001 -37"><span class='ocrx_word' id='word_1_366' title='bbox 330 3094 504 3166; x_wconf 80' lang='grc' dir='ltr'>τήσας</span> <span class='ocrx_word' id='word_1_367' title='bbox 529 3094 697 3167; x_wconf 80' lang='grc' dir='ltr'>εὖροι,</span> <span class='ocrx_word' id='word_1_368' title='bbox 733 3097 826 3149; x_wconf 83' lang='grc' dir='ltr'><strong>καί</strong></span> <span class='ocrx_word' id='word_1_369' title='bbox 856 3098 1082 3166; x_wconf 75' lang='grc' dir='ltr'>αἰτήσας</span> <span class='ocrx_word' id='word_1_370' title='bbox 1111 3096 1218 3149; x_wconf 78' lang='grc' dir='ltr'><strong>ἀπὸ</strong></span> <span class='ocrx_word' id='word_1_371' title='bbox 1264 3095 1355 3149; x_wconf 71' lang='grc' dir='ltr'>τοῦ</span> <span class='ocrx_word' id='word_1_372' title='bbox 1408 3096 1541 3148; x_wconf 83' lang='grc' dir='ltr'>Θεοῦ</span> <span class='ocrx_word' id='word_1_373' title='bbox 1591 3096 1762 3149; x_wconf 79' lang='grc' dir='ltr'>λάϐοι.</span> <span class='ocrx_word' id='word_1_374' title='bbox 1802 3096 1910 3151; x_wconf 81' lang='grc' dir='ltr'><strong>Καὶ</strong></span> <span class='ocrx_word' id='word_1_375' title='bbox 1937 3128 1980 3184; x_wconf 77' lang='lat' dir='ltr'><strong>C</strong></span> 
     </span>
    </p>
   </div>
   <div class='ocr_carea' id='block_1_50' title="bbox 331 3186 1908 3259">
    <p class='ocr_par' dir='ltr' id='par_1_50' title="bbox 331 3186 1908 3259">
     <span class='ocr_line' id='line_1_50' title="bbox 331 3186 1908 3259; baseline 0 -20"><span class='ocrx_word' id='word_1_376' title='bbox 331 3186 491 3256; x_wconf 65' lang='grc' dir='ltr'>ἡμεῖς</span> <span class='ocrx_word' id='word_1_377' title='bbox 514 3186 572 3240; x_wconf 83' lang='grc' dir='ltr'>δὲ</span> <span class='ocrx_word' id='word_1_378' title='bbox 593 3186 730 3241; x_wconf 87' lang='grc' dir='ltr'><strong>κατά</strong></span> <span class='ocrx_word' id='word_1_379' title='bbox 755 3186 815 3241; x_wconf 85' lang='grc' dir='ltr'><strong>τὸ</strong></span> <span class='ocrx_word' id='word_1_380' title='bbox 842 3187 1059 3259; x_wconf 82' lang='grc' dir='ltr'>μέτριον</span> <span class='ocrx_word' id='word_1_381' title='bbox 1086 3187 1245 3257; x_wconf 72' lang='grc' dir='ltr'>ἡμῶν</span> <span class='ocrx_word' id='word_1_382' title='bbox 1272 3186 1495 3240; x_wconf 78' lang='grc' dir='ltr'>τοιαῦτα</span> <span class='ocrx_word' id='word_1_383' title='bbox 1519 3189 1598 3250; x_wconf 86' lang='grc' dir='ltr'><strong>εἰς</strong></span> <span class='ocrx_word' id='word_1_384' title='bbox 1630 3187 1720 3239; x_wconf 80' lang='grc' dir='ltr'><strong>τὸν</strong></span> <span class='ocrx_word' id='word_1_385' title='bbox 1746 3187 1908 3239; x_wconf 87' lang='grc' dir='ltr'>τόπον</span> 
     </span>
    </p>
   </div>
   <div class='ocr_carea' id='block_1_51' title="bbox 331 3275 1911 3349">
    <p class='ocr_par' dir='ltr' id='par_1_51' title="bbox 331 3275 1911 3349">
     <span class='ocr_line' id='line_1_51' title="bbox 331 3275 1911 3349; baseline 0.001 -21"><span class='ocrx_word' id='word_1_386' title='bbox 331 3275 738 3347; x_wconf 66' lang='grc' dir='ltr'>φανταζόμεθω</span> <span class='ocrx_word' id='word_1_387' title='bbox 797 3276 878 3330; x_wconf 84' lang='grc' dir='ltr'>ὅτι</span> <span class='ocrx_word' id='word_1_388' title='bbox 924 3279 952 3330; x_wconf 84' lang='grc' dir='ltr'>ὁ</span> <span class='ocrx_word' id='word_1_389' title='bbox 1012 3276 1111 3348; x_wconf 82' lang='grc' dir='ltr'>μὲν</span> <span class='ocrx_word' id='word_1_390' title='bbox 1149 3277 1528 3346; x_wconf 80' lang='grc' dir='ltr'>οἰκοδεσπότης</span> <span class='ocrx_word' id='word_1_391' title='bbox 1576 3277 1911 3349; x_wconf 76' lang='grc' dir='ltr'>ἄνθρωποςό</span> 
     </span>
    </p>
   </div>
   <div class='ocr_carea' id='block_1_52' title="bbox 334 3362 1909 3440">
    <p class='ocr_par' dir='ltr' id='par_1_52' title="bbox 334 3362 1909 3440">
     <span class='ocr_line' id='line_1_52' title="bbox 334 3362 1909 3440; baseline 0.002 -23"><span class='ocrx_word' id='word_1_392' title='bbox 334 3365 466 3430; x_wconf 78' lang='grc' dir='ltr'>Θεός</span> <span class='ocrx_word' id='word_1_393' title='bbox 495 3367 632 3430; x_wconf 79' lang='grc' dir='ltr'>ἐστι,</span> <span class='ocrx_word' id='word_1_394' title='bbox 671 3367 799 3439; x_wconf 87' lang='grc' dir='ltr'><strong>περί</strong></span> <span class='ocrx_word' id='word_1_395' title='bbox 851 3362 910 3423; x_wconf 73' lang='grc' dir='ltr'>οὗ</span> <span class='ocrx_word' id='word_1_396' title='bbox 941 3368 1270 3439; x_wconf 79' lang='grc' dir='ltr'>γέγραπται’</span> <span class='ocrx_word' id='word_1_397' title='bbox 1308 3388 1325 3420; x_wconf 78' lang='grc' dir='ltr'><strong>ι</strong></span> <span class='ocrx_word' id='word_1_398' title='bbox 1362 3367 1800 3440; x_wconf 77' lang='grc' dir='ltr'>Ἐτροποφόρησέ</span> <span class='ocrx_word' id='word_1_399' title='bbox 1850 3385 1909 3420; x_wconf 86' lang='grc' dir='ltr'><strong>σε</strong></span> 
     </span>
    </p>
   </div>
   <div class='ocr_carea' id='block_1_53' title="bbox 334 3454 1912 3530">
    <p class='ocr_par' dir='ltr' id='par_1_53' title="bbox 334 3454 1912 3530">
     <span class='ocr_line' id='line_1_53' title="bbox 334 3454 1912 3530; baseline 0.002 -21"><span class='ocrx_word' id='word_1_400' title='bbox 334 3454 539 3528; x_wconf 78' lang='grc' dir='ltr'>Κύριος</span> <span class='ocrx_word' id='word_1_401' title='bbox 570 3459 599 3511; x_wconf 88' lang='grc' dir='ltr'><strong>ό</strong></span> <span class='ocrx_word' id='word_1_402' title='bbox 624 3458 755 3522; x_wconf 89' lang='grc' dir='ltr'>Θεός</span> <span class='ocrx_word' id='word_1_403' title='bbox 796 3476 911 3522; x_wconf 89' lang='grc' dir='ltr'>σου,</span> <span class='ocrx_word' id='word_1_404' title='bbox 945 3459 1021 3523; x_wconf 87' lang='grc' dir='ltr'><strong>ώς</strong></span> <span class='ocrx_word' id='word_1_405' title='bbox 1044 3460 1098 3512; x_wconf 70' lang='lat' dir='ltr'><strong>et</strong></span> <span class='ocrx_word' id='word_1_406' title='bbox 1143 3477 1226 3523; x_wconf 92' lang='grc' dir='ltr'><strong>τις</strong></span> <span class='ocrx_word' id='word_1_407' title='bbox 1268 3460 1672 3530; x_wconf 87' lang='grc' dir='ltr'>τροποφορήσαι</span> <span class='ocrx_word' id='word_1_408' title='bbox 1705 3457 1912 3530; x_wconf 82' lang='grc' dir='ltr'>ἀνθρω-</span> 
     </span>
    </p>
   </div>
   <div class='ocr_carea' id='block_1_54' title="bbox 333 3541 1910 3618">
    <p class='ocr_par' dir='ltr' id='par_1_54' title="bbox 333 3541 1910 3618">
     <span class='ocr_line' id='line_1_54' title="bbox 333 3541 1910 3618; baseline -0.001 -19"><span class='ocrx_word' id='word_1_409' title='bbox 333 3561 435 3610; x_wconf 86' lang='grc' dir='ltr'><strong>πος</strong></span> <span class='ocrx_word' id='word_1_410' title='bbox 466 3547 556 3600; x_wconf 80' lang='grc' dir='ltr'><strong>τὸν</strong></span> <span class='ocrx_word' id='word_1_411' title='bbox 592 3548 704 3602; x_wconf 76' lang='grc' dir='ltr'>υίδν</span> <span class='ocrx_word' id='word_1_412' title='bbox 735 3548 920 3602; x_wconf 75' lang='grc' dir='ltr'>αὐτοῦ·</span> <span class='ocrx_word' id='word_1_413' title='bbox 952 3567 971 3600; x_wconf 74' lang='grc' dir='ltr'><strong>ι</strong></span> <span class='ocrx_word' id='word_1_414' title='bbox 1004 3541 1159 3611; x_wconf 64' lang='grc' dir='ltr'>οὗτος</span> <span class='ocrx_word' id='word_1_415' title='bbox 1183 3547 1311 3618; x_wconf 79' lang='grc' dir='ltr'>γὰρ,</span> <span class='ocrx_word' id='word_1_416' title='bbox 1346 3546 1434 3599; x_wconf 78' lang='grc' dir='ltr'>διὰ</span> <span class='ocrx_word' id='word_1_417' title='bbox 1464 3546 1525 3598; x_wconf 81' lang='grc' dir='ltr'>τὸ</span> <span class='ocrx_word' id='word_1_418' title='bbox 1558 3549 1910 3617; x_wconf 79' lang='grc' dir='ltr'>τροποφορεῖν</span> 
     </span>
    </p>
   </div>
   <div class='ocr_carea' id='block_1_55' title="bbox 336 3635 1909 3711">
    <p class='ocr_par' dir='ltr' id='par_1_55' title="bbox 336 3635 1909 3711">
     <span class='ocr_line' id='line_1_55' title="bbox 336 3635 1909 3711; baseline -0.002 -20"><span class='ocrx_word' id='word_1_419' title='bbox 336 3638 429 3691; x_wconf 77' lang='grc' dir='ltr'><strong>καὶ</strong></span> <span class='ocrx_word' id='word_1_420' title='bbox 450 3638 633 3710; x_wconf 78' lang='grc' dir='ltr'>φέρειν</span> <span class='ocrx_word' id='word_1_421' title='bbox 661 3642 720 3693; x_wconf 84' lang='grc' dir='ltr'>ὲν</span> <span class='ocrx_word' id='word_1_422' title='bbox 755 3640 833 3710; x_wconf 82' lang='grc' dir='ltr'>τῷ</span> <span class='ocrx_word' id='word_1_423' title='bbox 865 3638 1183 3711; x_wconf 80' lang='grc' dir='ltr'>ἀνθρώπους</span> <span class='ocrx_word' id='word_1_424' title='bbox 1213 3638 1441 3708; x_wconf 80' lang='grc' dir='ltr'>ὠφελεῖν</span> <span class='ocrx_word' id='word_1_425' title='bbox 1465 3637 1663 3707; x_wconf 84' lang='grc' dir='ltr'>τρόπον</span> <span class='ocrx_word' id='word_1_426' title='bbox 1697 3635 1909 3707; x_wconf 84' lang='grc' dir='ltr'>ἀνθρώ-</span> 
     </span>
    </p>
   </div>
   <div class='ocr_carea' id='block_1_56' title="bbox 338 3723 1910 3801">
    <p class='ocr_par' dir='ltr' id='par_1_56' title="bbox 338 3723 1910 3801">
     <span class='ocr_line' id='line_1_56' title="bbox 338 3723 1910 3801; baseline -0.003 -21"><span class='ocrx_word' id='word_1_427' title='bbox 338 3744 491 3781; x_wconf 88' lang='grc' dir='ltr'>πινον</span> <span class='ocrx_word' id='word_1_428' title='bbox 518 3728 609 3781; x_wconf 82' lang='grc' dir='ltr'><strong>τὸν</strong></span> <span class='ocrx_word' id='word_1_429' title='bbox 640 3728 951 3797; x_wconf 77' lang='grc' dir='ltr'>ὠφελοῦντα</span> <span class='ocrx_word' id='word_1_430' title='bbox 979 3728 1322 3801; x_wconf 87' lang='grc' dir='ltr'>ἀνθρώπους,</span> <span class='ocrx_word' id='word_1_431' title='bbox 1357 3724 1414 3778; x_wconf 83' lang='grc' dir='ltr'><strong>ἕν</strong></span> <span class='ocrx_word' id='word_1_432' title='bbox 1436 3742 1543 3778; x_wconf 90' lang='grc' dir='ltr'>τισι</span> <span class='ocrx_word' id='word_1_433' title='bbox 1576 3723 1910 3794; x_wconf 79' lang='grc' dir='ltr'>παραϐολαῖς</span> 
     </span>
    </p>
   </div>
   <div class='ocr_carea' id='block_1_57' title="bbox 336 3813 1911 3891">
    <p class='ocr_par' dir='ltr' id='par_1_57' title="bbox 336 3813 1911 3891">
     <span class='ocr_line' id='line_1_57' title="bbox 336 3813 1911 3891; baseline -0.004 -20"><span class='ocrx_word' id='word_1_434' title='bbox 336 3817 554 3887; x_wconf 78' lang='grc' dir='ltr'>λέγεται</span> <span class='ocrx_word' id='word_1_435' title='bbox 584 3815 723 3873; x_wconf 73' lang='grc' dir='ltr'>εἶναι</span> <span class='ocrx_word' id='word_1_436' title='bbox 752 3820 1053 3891; x_wconf 77' lang='grc' dir='ltr'>ἄνθρωπος’</span> <span class='ocrx_word' id='word_1_437' title='bbox 1089 3819 1183 3872; x_wconf 76' lang='grc' dir='ltr'><strong>καὶ</strong></span> <span class='ocrx_word' id='word_1_438' title='bbox 1230 3815 1464 3870; x_wconf 72' lang='grc' dir='ltr'>ἐνταῦθα</span> <span class='ocrx_word' id='word_1_439' title='bbox 1496 3815 1591 3886; x_wconf 80' lang='grc' dir='ltr'>μὲν</span> <span class='ocrx_word' id='word_1_440' title='bbox 1628 3813 1911 3886; x_wconf 73' lang='grc' dir='ltr'>ἄνθρωπος</span> 
     </span>
    </p>
   </div>
   <div class='ocr_carea' id='block_1_58' title="bbox 332 3906 1913 3983">
    <p class='ocr_par' dir='ltr' id='par_1_58' title="bbox 332 3906 1913 3983">
     <span class='ocr_line' id='line_1_58' title="bbox 332 3906 1913 3983; baseline -0.006 -15"><span class='ocrx_word' id='word_1_441' title='bbox 332 3912 717 3983; x_wconf 77' lang='grc' dir='ltr'>οἰκοδεσπότης</span> <span class='ocrx_word' id='word_1_442' title='bbox 740 3912 983 3967; x_wconf 86' lang='grc' dir='ltr'>καλεῖται</span> <span class='ocrx_word' id='word_1_443' title='bbox 1016 3910 1104 3965; x_wconf 83' lang='grc' dir='ltr'><strong>διὰ</strong></span> <span class='ocrx_word' id='word_1_444' title='bbox 1135 3910 1225 3964; x_wconf 82' lang='grc' dir='ltr'><strong>τὸν</strong></span> <span class='ocrx_word' id='word_1_445' title='bbox 1254 3906 1570 3981; x_wconf 85' lang='grc' dir='ltr'>ἀμπελῶνα,</span> <span class='ocrx_word' id='word_1_446' title='bbox 1589 3908 1681 3960; x_wconf 74' lang='grc' dir='ltr'><strong>καὶ</strong></span> <span class='ocrx_word' id='word_1_447' title='bbox 1706 3906 1795 3959; x_wconf 74' lang='grc' dir='ltr'>τὸν</span> <span class='ocrx_word' id='word_1_448' title='bbox 1825 3924 1913 3959; x_wconf 57' lang='grc' dir='ltr'>πε.</span> 
     </span>
    </p>
   </div>
   <div class='ocr_carea' id='block_1_59' title="bbox 339 3999 1910 4077">
    <p class='ocr_par' dir='ltr' id='par_1_59' title="bbox 339 3999 1910 4077">
     <span class='ocr_line' id='line_1_59' title="bbox 339 3999 1910 4077; baseline -0.004 -20"><span class='ocrx_word' id='word_1_449' title='bbox 339 4004 644 4077; x_wconf 80' lang='grc' dir='ltr'>ρικείμενον</span> <span class='ocrx_word' id='word_1_450' title='bbox 672 4005 749 4076; x_wconf 83' lang='grc' dir='ltr'><strong>τῷ</strong></span> <span class='ocrx_word' id='word_1_451' title='bbox 775 4003 1055 4075; x_wconf 87' lang='grc' dir='ltr'>ἀμπελῶνι</span> <span class='ocrx_word' id='word_1_452' title='bbox 1075 4002 1346 4076; x_wconf 82' lang='grc' dir='ltr'>φραγμὸν,</span> <span class='ocrx_word' id='word_1_453' title='bbox 1382 4000 1477 4054; x_wconf 72' lang='grc' dir='ltr'><strong>καὶ</strong></span> <span class='ocrx_word' id='word_1_454' title='bbox 1516 4000 1614 4071; x_wconf 78' lang='grc' dir='ltr'><strong>τὴν</strong></span> <span class='ocrx_word' id='word_1_455' title='bbox 1653 3999 1812 4070; x_wconf 87' lang='grc' dir='ltr'>ληνὸν</span> <span class='ocrx_word' id='word_1_456' title='bbox 1845 4000 1910 4070; x_wconf 75' lang='grc' dir='ltr'>ἢν</span> 
     </span>
    </p>
   </div>
   <div class='ocr_carea' id='block_1_60' title="bbox 338 4090 1911 4168">
    <p class='ocr_par' dir='ltr' id='par_1_60' title="bbox 338 4090 1911 4168">
     <span class='ocr_line' id='line_1_60' title="bbox 338 4090 1911 4168; baseline -0.004 -19"><span class='ocrx_word' id='word_1_457' title='bbox 338 4093 535 4168; x_wconf 74' lang='grc' dir='ltr'>ὤρυξε,</span> <span class='ocrx_word' id='word_1_458' title='bbox 557 4098 651 4151; x_wconf 80' lang='grc' dir='ltr'>καὶ</span> <span class='ocrx_word' id='word_1_459' title='bbox 677 4098 769 4150; x_wconf 74' lang='grc' dir='ltr'>τὸν</span> <span class='ocrx_word' id='word_1_460' title='bbox 799 4098 1004 4168; x_wconf 88' lang='grc' dir='ltr'>πύργον</span> <span class='ocrx_word' id='word_1_461' title='bbox 1036 4096 1094 4150; x_wconf 81' lang='grc' dir='ltr'>ὃν</span> <span class='ocrx_word' id='word_1_462' title='bbox 1116 4094 1455 4166; x_wconf 79' lang='grc' dir='ltr'>ᾠκοδόμησε,</span> <span class='ocrx_word' id='word_1_463' title='bbox 1484 4092 1577 4146; x_wconf 88' lang='grc' dir='ltr'><strong>καί</strong></span> <span class='ocrx_word' id='word_1_464' title='bbox 1598 4090 1691 4153; x_wconf 83' lang='grc' dir='ltr'><strong>οὒς</strong></span> <span class='ocrx_word' id='word_1_465' title='bbox 1722 4091 1911 4162; x_wconf 76' lang='grc' dir='ltr'>κέκτη-</span> 
     </span>
    </p>
   </div>
   <div class='ocr_carea' id='block_1_61' title="bbox 337 4182 1909 4257">
    <p class='ocr_par' dir='ltr' id='par_1_61' title="bbox 337 4182 1909 4257">
     <span class='ocr_line' id='line_1_61' title="bbox 337 4182 1909 4257; baseline -0.003 -19"><span class='ocrx_word' id='word_1_466' title='bbox 337 4202 426 4239; x_wconf 85' lang='grc' dir='ltr'><strong>ται</strong></span> <span class='ocrx_word' id='word_1_467' title='bbox 457 4186 695 4251; x_wconf 90' lang='grc' dir='ltr'>δούλους,</span> <span class='ocrx_word' id='word_1_468' title='bbox 723 4188 816 4241; x_wconf 82' lang='grc' dir='ltr'><strong>καί</strong></span> <span class='ocrx_word' id='word_1_469' title='bbox 851 4187 946 4251; x_wconf 83' lang='grc' dir='ltr'><strong>οὓς</strong></span> <span class='ocrx_word' id='word_1_470' title='bbox 990 4186 1195 4257; x_wconf 81' lang='grc' dir='ltr'>πέμπει</span> <span class='ocrx_word' id='word_1_471' title='bbox 1250 4184 1386 4256; x_wconf 73' lang='grc' dir='ltr'>πρὸς</span> <span class='ocrx_word' id='word_1_472' title='bbox 1443 4182 1566 4247; x_wconf 75' lang='grc' dir='ltr'>τοὺς</span> <span class='ocrx_word' id='word_1_473' title='bbox 1609 4183 1909 4253; x_wconf 68' lang='grc' dir='ltr'>γεωργοὺς,</span> 
     </span>
    </p>
   </div>
   <div class='ocr_carea' id='block_1_62' title="bbox 339 4272 1911 4350">
    <p class='ocr_par' dir='ltr' id='par_1_62' title="bbox 339 4272 1911 4350">
     <span class='ocr_line' id='line_1_62' title="bbox 339 4272 1911 4350; baseline -0.004 -20"><span class='ocrx_word' id='word_1_474' title='bbox 339 4279 434 4330; x_wconf 70' lang='grc' dir='ltr'><strong>καὶ</strong></span> <span class='ocrx_word' id='word_1_475' title='bbox 464 4276 713 4350; x_wconf 81' lang='grc' dir='ltr'>δεύτερον</span> <span class='ocrx_word' id='word_1_476' title='bbox 743 4277 1058 4331; x_wconf 81' lang='grc' dir='ltr'>ἀποστέλλει</span> <span class='ocrx_word' id='word_1_477' title='bbox 1110 4275 1378 4337; x_wconf 79' lang='grc' dir='ltr'>πλείονας·</span> <span class='ocrx_word' id='word_1_478' title='bbox 1423 4274 1497 4337; x_wconf 79' lang='grc' dir='ltr'>ὡς</span> <span class='ocrx_word' id='word_1_479' title='bbox 1529 4272 1911 4341; x_wconf 84' lang='grc' dir='ltr'>οἰκοδεσπότης</span> 
     </span>
    </p>
   </div>
   <div class='ocr_carea' id='block_1_63' title="bbox 338 4357 1911 4439">
    <p class='ocr_par' dir='ltr' id='par_1_63' title="bbox 338 4357 1911 4439">
     <span class='ocr_line' id='line_1_63' title="bbox 338 4357 1911 4439; baseline -0.004 -19"><span class='ocrx_word' id='word_1_480' title='bbox 338 4367 394 4420; x_wconf 77' lang='grc' dir='ltr'><strong>δὲ</strong></span> <span class='ocrx_word' id='word_1_481' title='bbox 423 4366 635 4432; x_wconf 77' lang='grc' dir='ltr'>ἐξέδοτο</span> <span class='ocrx_word' id='word_1_482' title='bbox 666 4370 929 4439; x_wconf 85' lang='grc' dir='ltr'>γεωργοῖς</span> <span class='ocrx_word' id='word_1_483' title='bbox 952 4369 1041 4421; x_wconf 77' lang='grc' dir='ltr'>τὸν</span> <span class='ocrx_word' id='word_1_484' title='bbox 1094 4365 1413 4437; x_wconf 86' lang='grc' dir='ltr'>ἀμπελῶνα,</span> <span class='ocrx_word' id='word_1_485' title='bbox 1459 4366 1552 4432; x_wconf 80' lang='grc' dir='ltr'>ἀφ’</span> <span class='ocrx_word' id='word_1_486' title='bbox 1580 4357 1656 4417; x_wconf 84' lang='grc' dir='ltr'>ὧν</span> <span class='ocrx_word' id='word_1_487' title='bbox 1699 4361 1911 4432; x_wconf 76' lang='grc' dir='ltr'>ἀφελὼν</span> 
     </span>
    </p>
   </div>
   <div class='ocr_carea' id='block_1_64' title="bbox 2015 1912 3592 1985">
    <p class='ocr_par' dir='ltr' id='par_1_64' title="bbox 2015 1912 3592 1985">
     <span class='ocr_line' id='line_1_64' title="bbox 2015 1912 3592 1985; baseline 0.004 -19"><span class='ocrx_word' id='word_1_488' title='bbox 2015 1927 2073 1967; x_wconf 87' lang='lat' dir='ltr'><strong>se</strong></span> <span class='ocrx_word' id='word_1_489' title='bbox 2095 1912 2163 1967; x_wconf 87' lang='lat' dir='ltr'><strong>ab</strong></span> <span class='ocrx_word' id='word_1_490' title='bbox 2194 1913 2299 1968; x_wconf 88' lang='lat' dir='ltr'><strong>illis</strong></span> <span class='ocrx_word' id='word_1_491' title='bbox 2329 1913 2547 1983; x_wconf 89' lang='lat' dir='ltr'><strong>quidem</strong></span> <span class='ocrx_word' id='word_1_492' title='bbox 2579 1928 2700 1968; x_wconf 88' lang='lat' dir='ltr'><strong>esse</strong></span> <span class='ocrx_word' id='word_1_493' title='bbox 2730 1915 3099 1983; x_wconf 87' lang='lat' dir='ltr'><strong>reprobatum,</strong></span> <span class='ocrx_word' id='word_1_494' title='bbox 3130 1917 3268 1985; x_wconf 85' lang='lat' dir='ltr'><strong>apud</strong></span> <span class='ocrx_word' id='word_1_495' title='bbox 3300 1916 3467 1971; x_wconf 86' lang='lat' dir='ltr'><strong>Deum</strong></span> <span class='ocrx_word' id='word_1_496' title='bbox 3492 1934 3592 1973; x_wconf 84' lang='lat' dir='ltr'><strong>au-</strong></span> 
     </span>
    </p>
   </div>
   <div class='ocr_carea' id='block_1_65' title="bbox 2015 2002 3587 2075">
    <p class='ocr_par' dir='ltr' id='par_1_65' title="bbox 2015 2002 3587 2075">
     <span class='ocr_line' id='line_1_65' title="bbox 2015 2002 3587 2075; baseline 0.003 -18"><span class='ocrx_word' id='word_1_497' title='bbox 2015 2012 2119 2057; x_wconf 90' lang='lat' dir='ltr'><strong>tem</strong></span> <span class='ocrx_word' id='word_1_498' title='bbox 2163 2002 2215 2056; x_wconf 91' lang='lat' dir='ltr'><strong>in</strong></span> <span class='ocrx_word' id='word_1_499' title='bbox 2247 2003 2453 2057; x_wconf 87' lang='lat' dir='ltr'><strong>honore</strong></span> <span class='ocrx_word' id='word_1_500' title='bbox 2482 2018 2623 2069; x_wconf 88' lang='lat' dir='ltr'><strong>esse,</strong></span> <span class='ocrx_word' id='word_1_501' title='bbox 2653 2012 2707 2057; x_wconf 90' lang='lat' dir='ltr'><strong>ct</strong></span> <span class='ocrx_word' id='word_1_502' title='bbox 2741 2005 2909 2059; x_wconf 89' lang='lat' dir='ltr'><strong>totius</strong></span> <span class='ocrx_word' id='word_1_503' title='bbox 2934 2006 3177 2071; x_wconf 80' lang='lat' dir='ltr'><strong>aediﬁcii,</strong></span> <span class='ocrx_word' id='word_1_504' title='bbox 3208 2023 3272 2061; x_wconf 90' lang='lat' dir='ltr'><strong>ac</strong></span> <span class='ocrx_word' id='word_1_505' title='bbox 3297 2009 3587 2075; x_wconf 64' lang='lat' dir='ltr'><strong>universe,</strong></span> 
     </span>
    </p>
   </div>
   <div class='ocr_carea' id='block_1_66' title="bbox 2012 2094 3587 2168">
    <p class='ocr_par' dir='ltr' id='par_1_66' title="bbox 2012 2094 3587 2168">
     <span class='ocr_line' id='line_1_66' title="bbox 2012 2094 3587 2168; baseline 0.005 -23"><span class='ocrx_word' id='word_1_506' title='bbox 2012 2109 2134 2163; x_wconf 76' lang='lat' dir='ltr'><strong>qua:</strong></span> <span class='ocrx_word' id='word_1_507' title='bbox 2166 2094 2215 2147; x_wconf 89' lang='lat' dir='ltr'><strong>ei</strong></span> <span class='ocrx_word' id='word_1_508' title='bbox 2243 2094 2499 2160; x_wconf 64' lang='lat' dir='ltr'><strong>cohaeret,</strong></span> <span class='ocrx_word' id='word_1_509' title='bbox 2519 2095 2797 2164; x_wconf 81' lang='lat' dir='ltr'><strong>compagis</strong></span> <span class='ocrx_word' id='word_1_510' title='bbox 2821 2106 3006 2164; x_wconf 86' lang='lat' dir='ltr'><strong>caput,</strong></span> <span class='ocrx_word' id='word_1_511' title='bbox 3031 2106 3083 2150; x_wconf 89' lang='lat' dir='ltr'><strong>et</strong></span> <span class='ocrx_word' id='word_1_512' title='bbox 3108 2098 3352 2153; x_wconf 80' lang='lat' dir='ltr'><strong>mirabile</strong></span> <span class='ocrx_word' id='word_1_513' title='bbox 3368 2100 3587 2168; x_wconf 87' lang='lat' dir='ltr'><strong>quidem</strong></span> 
     </span>
    </p>
   </div>
   <div class='ocr_carea' id='block_1_67' title="bbox 2014 2184 3586 2258">
    <p class='ocr_par' dir='ltr' id='par_1_67' title="bbox 2014 2184 3586 2258">
     <span class='ocr_line' id='line_1_67' title="bbox 2014 2184 3586 2258; baseline 0.004 -21"><span class='ocrx_word' id='word_1_514' title='bbox 2014 2192 2173 2253; x_wconf 87' lang='lat' dir='ltr'><strong>caput</strong></span> <span class='ocrx_word' id='word_1_515' title='bbox 2219 2184 2270 2238; x_wconf 91' lang='lat' dir='ltr'><strong>in</strong></span> <span class='ocrx_word' id='word_1_516' title='bbox 2305 2200 2494 2239; x_wconf 87' lang='lat' dir='ltr'><strong>eorum</strong></span> <span class='ocrx_word' id='word_1_517' title='bbox 2541 2185 2715 2241; x_wconf 90' lang='lat' dir='ltr'><strong>oculis</strong></span> <span class='ocrx_word' id='word_1_518' title='bbox 2771 2186 2864 2255; x_wconf 90' lang='lat' dir='ltr'><strong>qui</strong></span> <span class='ocrx_word' id='word_1_519' title='bbox 2925 2187 3055 2241; x_wconf 91' lang='lat' dir='ltr'><strong>illud</strong></span> <span class='ocrx_word' id='word_1_520' title='bbox 3090 2187 3288 2242; x_wconf 89' lang='lat' dir='ltr'><strong>intueri</strong></span> <span class='ocrx_word' id='word_1_521' title='bbox 3336 2200 3586 2258; x_wconf 87' lang='lat' dir='ltr'><strong>possunt.</strong></span> 
     </span>
    </p>
   </div>
   <div class='ocr_carea' id='block_1_68' title="bbox 2013 2274 3591 2348">
    <p class='ocr_par' dir='ltr' id='par_1_68' title="bbox 2013 2274 3591 2348">
     <span class='ocr_line' id='line_1_68' title="bbox 2013 2274 3591 2348; baseline 0.004 -21"><span class='ocrx_word' id='word_1_522' title='bbox 2013 2274 2220 2330; x_wconf 85' lang='lat' dir='ltr'><strong>Deinde</strong></span> <span class='ocrx_word' id='word_1_523' title='bbox 2249 2291 2378 2330; x_wconf 91' lang='lat' dir='ltr'><strong>vero</strong></span> <span class='ocrx_word' id='word_1_524' title='bbox 2407 2276 2750 2331; x_wconf 85' lang='lat' dir='ltr'><strong>vocationem</strong></span> <span class='ocrx_word' id='word_1_525' title='bbox 2780 2293 2811 2333; x_wconf 91' lang='lat' dir='ltr'><strong>e</strong></span> <span class='ocrx_word' id='word_1_526' title='bbox 2848 2278 3099 2348; x_wconf 78' lang='lat' dir='ltr'><strong>gentibus</strong></span> <span class='ocrx_word' id='word_1_527' title='bbox 3138 2281 3461 2344; x_wconf 87' lang='lat' dir='ltr'><strong>vaticinans,</strong></span> <span class='ocrx_word' id='word_1_528' title='bbox 3495 2279 3591 2334; x_wconf 83' lang='lat' dir='ltr'><strong>Ju-</strong></span> 
     </span>
    </p>
   </div>
   <div class='ocr_carea' id='block_1_69' title="bbox 2013 2366 3587 2437">
    <p class='ocr_par' dir='ltr' id='par_1_69' title="bbox 2013 2366 3587 2437">
     <span class='ocr_line' id='line_1_69' title="bbox 2013 2366 3587 2437; baseline 0.001 -17"><span class='ocrx_word' id='word_1_529' title='bbox 2013 2366 2253 2420; x_wconf 71' lang='lat' dir='ltr'><strong>daeorum</strong></span> <span class='ocrx_word' id='word_1_530' title='bbox 2280 2366 2556 2437; x_wconf 80' lang='lat' dir='ltr'><strong>magistris</strong></span> <span class='ocrx_word' id='word_1_531' title='bbox 2596 2368 2698 2423; x_wconf 90' lang='lat' dir='ltr'><strong>sibi</strong></span> <span class='ocrx_word' id='word_1_532' title='bbox 2730 2368 2887 2422; x_wconf 81' lang='lat' dir='ltr'><strong>ﬁdem</strong></span> <span class='ocrx_word' id='word_1_533' title='bbox 2924 2383 3029 2421; x_wconf 89' lang='lat' dir='ltr'><strong>non</strong></span> <span class='ocrx_word' id='word_1_534' title='bbox 3062 2367 3385 2422; x_wconf 83' lang='lat' dir='ltr'><strong>habentibus</strong></span> <span class='ocrx_word' id='word_1_535' title='bbox 3408 2369 3485 2423; x_wconf 86' lang='lat' dir='ltr'><strong>ait</strong></span> <span class='ocrx_word' id='word_1_536' title='bbox 3511 2367 3587 2421; x_wconf 71' lang='grc' dir='ltr'><strong>⁶⁶ς</strong></span> 
     </span>
    </p>
   </div>
   <div class='ocr_carea' id='block_1_70' title="bbox 2020 2456 3589 2528">
    <p class='ocr_par' dir='ltr' id='par_1_70' title="bbox 2020 2456 3589 2528">
     <span class='ocr_line' id='line_1_70' title="bbox 2020 2456 3589 2528; baseline 0.003 -19"><span class='ocrx_word' id='word_1_537' title='bbox 2020 2477 2037 2509; x_wconf 74' lang='grc' dir='ltr'><strong>ι</strong></span> <span class='ocrx_word' id='word_1_538' title='bbox 2080 2456 2370 2512; x_wconf 74' lang='lat' dir='ltr'><strong>Auferetur</strong></span> <span class='ocrx_word' id='word_1_539' title='bbox 2398 2472 2434 2511; x_wconf 79' lang='lat' dir='ltr'><strong>a</strong></span> <span class='ocrx_word' id='word_1_540' title='bbox 2476 2457 2630 2513; x_wconf 82' lang='lat' dir='ltr'><strong>vobis</strong></span> <span class='ocrx_word' id='word_1_541' title='bbox 2660 2474 2885 2528; x_wconf 80' lang='lat' dir='ltr'><strong>regnum</strong></span> <span class='ocrx_word' id='word_1_542' title='bbox 2943 2457 3036 2513; x_wconf 81' lang='lat' dir='ltr'><strong>Dei</strong></span> <span class='ocrx_word' id='word_1_543' title='bbox 3067 2497 3081 2522; x_wconf 90' lang='lat'><strong>,</strong></span> <span class='ocrx_word' id='word_1_544' title='bbox 3113 2468 3167 2512; x_wconf 84' lang='lat' dir='ltr'><strong>ct</strong></span> <span class='ocrx_word' id='word_1_545' title='bbox 3197 2458 3413 2513; x_wconf 81' lang='lat' dir='ltr'><strong>dabitur</strong></span> <span class='ocrx_word' id='word_1_546' title='bbox 3444 2460 3589 2528; x_wconf 70' lang='lat' dir='ltr'><strong>genti</strong></span> 
     </span>
    </p>
   </div>
   <div class='ocr_carea' id='block_1_71' title="bbox 2014 2545 3591 2619">
    <p class='ocr_par' dir='ltr' id='par_1_71' title="bbox 2014 2545 3591 2619">
     <span class='ocr_line' id='line_1_71' title="bbox 2014 2545 3591 2619; baseline 0.003 -19"><span class='ocrx_word' id='word_1_547' title='bbox 2014 2546 2233 2601; x_wconf 82' lang='lat' dir='ltr'><strong>facienti</strong></span> <span class='ocrx_word' id='word_1_548' title='bbox 2260 2545 2471 2602; x_wconf 73' lang='lat' dir='ltr'><strong>fructus</strong></span> <span class='ocrx_word' id='word_1_549' title='bbox 2492 2546 2631 2616; x_wconf 90' lang='lat' dir='ltr'><strong>ejus.</strong></span> <span class='ocrx_word' id='word_1_550' title='bbox 2674 2567 2691 2598; x_wconf 75' lang='grc' dir='ltr'><strong>ι</strong></span> <span class='ocrx_word' id='word_1_551' title='bbox 2732 2545 2954 2611; x_wconf 83' lang='lat' dir='ltr'><strong>Verum,</strong></span> <span class='ocrx_word' id='word_1_552' title='bbox 2992 2548 3065 2602; x_wconf 90' lang='lat' dir='ltr'><strong>ita</strong></span> <span class='ocrx_word' id='word_1_553' title='bbox 3093 2557 3202 2602; x_wconf 92' lang='lat' dir='ltr'><strong>uta</strong></span> <span class='ocrx_word' id='word_1_554' title='bbox 3239 2549 3397 2603; x_wconf 90' lang='lat' dir='ltr'><strong>nobis</strong></span> <span class='ocrx_word' id='word_1_555' title='bbox 3424 2564 3591 2619; x_wconf 78' lang='lat' dir='ltr'><strong>supra</strong></span> 
     </span>
    </p>
   </div>
   <div class='ocr_carea' id='block_1_72' title="bbox 2013 2639 3592 2711">
    <p class='ocr_par' dir='ltr' id='par_1_72' title="bbox 2013 2639 3592 2711">
     <span class='ocr_line' id='line_1_72' title="bbox 2013 2639 3592 2711; baseline 0.001 -16"><span class='ocrx_word' id='word_1_556' title='bbox 2013 2641 2216 2696; x_wconf 88' lang='lat' dir='ltr'><strong>dictum</strong></span> <span class='ocrx_word' id='word_1_557' title='bbox 2256 2649 2373 2705; x_wconf 91' lang='lat' dir='ltr'><strong>est,</strong></span> <span class='ocrx_word' id='word_1_558' title='bbox 2429 2639 2613 2693; x_wconf 83' lang='lat' dir='ltr'><strong>omnia</strong></span> <span class='ocrx_word' id='word_1_559' title='bbox 2641 2640 2957 2694; x_wconf 85' lang='lat' dir='ltr'><strong>summatim</strong></span> <span class='ocrx_word' id='word_1_560' title='bbox 3010 2640 3172 2696; x_wconf 87' lang='lat' dir='ltr'><strong>nimis</strong></span> <span class='ocrx_word' id='word_1_561' title='bbox 3213 2642 3592 2711; x_wconf 84' lang='lat' dir='ltr'><strong>complectitur</strong></span> 
     </span>
    </p>
   </div>
   <div class='ocr_carea' id='block_1_73' title="bbox 2015 2729 3585 2800">
    <p class='ocr_par' dir='ltr' id='par_1_73' title="bbox 2015 2729 3585 2800">
     <span class='ocr_line' id='line_1_73' title="bbox 2015 2729 3585 2800; baseline 0 -16"><span class='ocrx_word' id='word_1_562' title='bbox 2015 2730 2130 2784; x_wconf 71' lang='lat' dir='ltr'><strong>hare</strong></span> <span class='ocrx_word' id='word_1_563' title='bbox 2157 2729 2468 2798; x_wconf 76' lang='lat' dir='ltr'><strong>explicatio,</strong></span> <span class='ocrx_word' id='word_1_564' title='bbox 2503 2743 2612 2782; x_wconf 90' lang='lat' dir='ltr'><strong>non</strong></span> <span class='ocrx_word' id='word_1_565' title='bbox 2639 2730 2801 2782; x_wconf 88' lang='lat' dir='ltr'><strong>etiam</strong></span> <span class='ocrx_word' id='word_1_566' title='bbox 2828 2729 3051 2783; x_wconf 84' lang='lat' dir='ltr'><strong>verbum</strong></span> <span class='ocrx_word' id='word_1_567' title='bbox 3073 2729 3285 2799; x_wconf 77' lang='lat' dir='ltr'><strong>singula</strong></span> <span class='ocrx_word' id='word_1_568' title='bbox 3315 2732 3585 2800; x_wconf 91' lang='lat' dir='ltr'><strong>interpre-</strong></span> 
     </span>
    </p>
   </div>
   <div class='ocr_carea' id='block_1_74' title="bbox 2015 2818 3588 2892">
    <p class='ocr_par' dir='ltr' id='par_1_74' title="bbox 2015 2818 3588 2892">
     <span class='ocr_line' id='line_1_74' title="bbox 2015 2818 3588 2892; baseline 0.001 -18"><span class='ocrx_word' id='word_1_569' title='bbox 2015 2828 2191 2884; x_wconf 87' lang='lat' dir='ltr'><strong>tatur;</strong></span> <span class='ocrx_word' id='word_1_570' title='bbox 2214 2835 2376 2889; x_wconf 85' lang='lat' dir='ltr'><strong>super</strong></span> <span class='ocrx_word' id='word_1_571' title='bbox 2403 2835 2511 2889; x_wconf 89' lang='lat' dir='ltr'><strong>qua</strong></span> <span class='ocrx_word' id='word_1_572' title='bbox 2539 2818 2797 2888; x_wconf 88' lang='lat' dir='ltr'><strong>spiritalis</strong></span> <span class='ocrx_word' id='word_1_573' title='bbox 2830 2819 3049 2888; x_wconf 88' lang='lat' dir='ltr'><strong>aliquis,</strong></span> <span class='ocrx_word' id='word_1_574' title='bbox 3076 2832 3129 2874; x_wconf 89' lang='lat' dir='ltr'><strong>et</strong></span> <span class='ocrx_word' id='word_1_575' title='bbox 3160 2821 3588 2892; x_wconf 89' lang='lat' dir='ltr'><strong>unumquodque</strong></span> 
     </span>
    </p>
   </div>
   <div class='ocr_carea' id='block_1_75' title="bbox 2012 2910 3591 2976">
    <p class='ocr_par' dir='ltr' id='par_1_75' title="bbox 2012 2910 3591 2976">
     <span class='ocr_line' id='line_1_75' title="bbox 2012 2910 3591 2976; baseline 0.002 -11"><span class='ocrx_word' id='word_1_576' title='bbox 2012 2910 2325 2967; x_wconf 83' lang='lat' dir='ltr'><strong>examinare</strong></span> <span class='ocrx_word' id='word_1_577' title='bbox 2359 2910 2566 2976; x_wconf 77' lang='lat' dir='ltr'><strong>valens,</strong></span> <span class='ocrx_word' id='word_1_578' title='bbox 2592 2910 2720 2964; x_wconf 92' lang='lat' dir='ltr'><strong>dum</strong></span> <span class='ocrx_word' id='word_1_579' title='bbox 2754 2911 3153 2966; x_wconf 90' lang='lat' dir='ltr'><strong>reconditarum</strong></span> <span class='ocrx_word' id='word_1_580' title='bbox 3185 2913 3273 2968; x_wconf 89' lang='lat' dir='ltr'><strong>hic</strong></span> <span class='ocrx_word' id='word_1_581' title='bbox 3293 2913 3591 2969; x_wconf 76' lang='lat' dir='ltr'><strong>sententia—</strong></span> 
     </span>
    </p>
   </div>
   <div class='ocr_carea' id='block_1_76' title="bbox 2014 3001 3588 3076">
    <p class='ocr_par' dir='ltr' id='par_1_76' title="bbox 2014 3001 3588 3076">
     <span class='ocr_line' id='line_1_76' title="bbox 2014 3001 3588 3076; baseline 0.004 -22"><span class='ocrx_word' id='word_1_582' title='bbox 2014 3016 2135 3056; x_wconf 85' lang='lat' dir='ltr'><strong>rum</strong></span> <span class='ocrx_word' id='word_1_583' title='bbox 2162 3001 2387 3072; x_wconf 79' lang='lat' dir='ltr'><strong>januam</strong></span> <span class='ocrx_word' id='word_1_584' title='bbox 2422 3002 2758 3057; x_wconf 83' lang='lat' dir='ltr'><strong>obscuritate</strong></span> <span class='ocrx_word' id='word_1_585' title='bbox 2789 3002 3065 3057; x_wconf 88' lang='lat' dir='ltr'><strong>occlusam</strong></span> <span class='ocrx_word' id='word_1_586' title='bbox 3099 3005 3357 3072; x_wconf 86' lang='lat' dir='ltr'><strong>pulsabit,</strong></span> <span class='ocrx_word' id='word_1_587' title='bbox 3383 3005 3449 3060; x_wconf 88' lang='lat' dir='ltr'><strong>ad</strong></span> <span class='ocrx_word' id='word_1_588' title='bbox 3472 3005 3588 3076; x_wconf 78' lang='lat' dir='ltr'><strong>ple~</strong></span> 
     </span>
    </p>
   </div>
   <div class='ocr_carea' id='block_1_77' title="bbox 2014 3090 3587 3162">
    <p class='ocr_par' dir='ltr' id='par_1_77' title="bbox 2014 3090 3587 3162">
     <span class='ocr_line' id='line_1_77' title="bbox 2014 3090 3587 3162; baseline 0.001 -17"><span class='ocrx_word' id='word_1_589' title='bbox 2014 3107 2212 3160; x_wconf 88' lang='lat' dir='ltr'><strong>rasque</strong></span> <span class='ocrx_word' id='word_1_590' title='bbox 2235 3091 2471 3146; x_wconf 74' lang='lat' dir='ltr'><strong>oﬂ‘cndet</strong></span> <span class='ocrx_word' id='word_1_591' title='bbox 2505 3090 2871 3147; x_wconf 80' lang='lat' dir='ltr'><strong>dubitationes</strong></span> <span class='ocrx_word' id='word_1_592' title='bbox 2895 3131 2910 3155; x_wconf 92' lang='lat'><strong>,</strong></span> <span class='ocrx_word' id='word_1_593' title='bbox 2965 3108 3199 3162; x_wconf 88' lang='lat' dir='ltr'><strong>quarum</strong></span> <span class='ocrx_word' id='word_1_594' title='bbox 3257 3094 3587 3150; x_wconf 88' lang='lat' dir='ltr'><strong>solutionem</strong></span> 
     </span>
    </p>
   </div>
   <div class='ocr_carea' id='block_1_78' title="bbox 2013 3182 3588 3255">
    <p class='ocr_par' dir='ltr' id='par_1_78' title="bbox 2013 3182 3588 3255">
     <span class='ocr_line' id='line_1_78' title="bbox 2013 3182 3588 3255; baseline 0.002 -19"><span class='ocrx_word' id='word_1_595' title='bbox 2013 3183 2267 3251; x_wconf 86' lang='lat' dir='ltr'><strong>reperiet,</strong></span> <span class='ocrx_word' id='word_1_596' title='bbox 2300 3185 2345 3238; x_wconf 88' lang='lat' dir='ltr'><strong>si</strong></span> <span class='ocrx_word' id='word_1_597' title='bbox 2377 3198 2497 3237; x_wconf 87' lang='lat' dir='ltr'><strong>eam</strong></span> <span class='ocrx_word' id='word_1_598' title='bbox 2518 3191 2662 3236; x_wconf 88' lang='lat' dir='ltr'><strong>recte</strong></span> <span class='ocrx_word' id='word_1_599' title='bbox 2685 3182 3017 3251; x_wconf 65' lang='lat' dir='ltr'><strong>quaesiverit,</strong></span> <span class='ocrx_word' id='word_1_600' title='bbox 3046 3199 3075 3237; x_wconf 88' lang='lat' dir='ltr'><strong>a</strong></span> <span class='ocrx_word' id='word_1_601' title='bbox 3100 3183 3318 3253; x_wconf 88' lang='lat' dir='ltr'><strong>Deoque</strong></span> <span class='ocrx_word' id='word_1_602' title='bbox 3342 3185 3588 3255; x_wconf 87' lang='lat' dir='ltr'><strong>recipiet.</strong></span> 
     </span>
    </p>
   </div>
   <div class='ocr_carea' id='block_1_79' title="bbox 2012 3271 3592 3344">
    <p class='ocr_par' dir='ltr' id='par_1_79' title="bbox 2012 3271 3592 3344">
     <span class='ocr_line' id='line_1_79' title="bbox 2012 3271 3592 3344; baseline 0.003 -17"><span class='ocrx_word' id='word_1_603' title='bbox 2012 3272 2058 3327; x_wconf 89' lang='lat' dir='ltr'><strong>si</strong></span> <span class='ocrx_word' id='word_1_604' title='bbox 2089 3273 2342 3342; x_wconf 87' lang='lat' dir='ltr'><strong>precibus</strong></span> <span class='ocrx_word' id='word_1_605' title='bbox 2369 3272 2742 3342; x_wconf 81' lang='lat' dir='ltr'><strong>postulaverit.</strong></span> <span class='ocrx_word' id='word_1_606' title='bbox 2770 3271 2878 3328; x_wconf 84' lang='lat' dir='ltr'><strong>Nos</strong></span> <span class='ocrx_word' id='word_1_607' title='bbox 2911 3284 3089 3329; x_wconf 87' lang='lat' dir='ltr'><strong>autem</strong></span> <span class='ocrx_word' id='word_1_608' title='bbox 3123 3290 3221 3344; x_wconf 89' lang='lat' dir='ltr'><strong>pro</strong></span> <span class='ocrx_word' id='word_1_609' title='bbox 3247 3274 3468 3331; x_wconf 88' lang='lat' dir='ltr'><strong>modulo</strong></span> <span class='ocrx_word' id='word_1_610' title='bbox 3493 3290 3592 3331; x_wconf 86' lang='lat' dir='ltr'><strong>no-</strong></span> 
     </span>
    </p>
   </div>
   <div class='ocr_carea' id='block_1_80' title="bbox 2013 3364 3591 3438">
    <p class='ocr_par' dir='ltr' id='par_1_80' title="bbox 2013 3364 3591 3438">
     <span class='ocr_line' id='line_1_80' title="bbox 2013 3364 3591 3438; baseline 0.003 -19"><span class='ocrx_word' id='word_1_611' title='bbox 2013 3372 2129 3419; x_wconf 84' lang='lat' dir='ltr'><strong>stro</strong></span> <span class='ocrx_word' id='word_1_612' title='bbox 2164 3364 2292 3418; x_wconf 88' lang='lat' dir='ltr'><strong>talia</strong></span> <span class='ocrx_word' id='word_1_613' title='bbox 2320 3380 2487 3434; x_wconf 86' lang='lat' dir='ltr'><strong>super</strong></span> <span class='ocrx_word' id='word_1_614' title='bbox 2510 3364 2614 3421; x_wconf 92' lang='lat' dir='ltr'><strong>hoc</strong></span> <span class='ocrx_word' id='word_1_615' title='bbox 2641 3365 2762 3420; x_wconf 91' lang='lat' dir='ltr'><strong>loco</strong></span> <span class='ocrx_word' id='word_1_616' title='bbox 2790 3375 2970 3423; x_wconf 90' lang='lat' dir='ltr'><strong>mente</strong></span> <span class='ocrx_word' id='word_1_617' title='bbox 3006 3368 3379 3438; x_wconf 84' lang='lat' dir='ltr'><strong>concipimus;</strong></span> <span class='ocrx_word' id='word_1_618' title='bbox 3411 3371 3591 3426; x_wconf 83' lang='lat' dir='ltr'><strong>homi—</strong></span> 
     </span>
    </p>
   </div>
   <div class='ocr_carea' id='block_1_81' title="bbox 2012 3452 3589 3532">
    <p class='ocr_par' dir='ltr' id='par_1_81' title="bbox 2012 3452 3589 3532">
     <span class='ocr_line' id='line_1_81' title="bbox 2012 3452 3589 3532; baseline 0.006 -27"><span class='ocrx_word' id='word_1_619' title='bbox 2012 3468 2132 3508; x_wconf 84' lang='lat' dir='ltr'><strong>nem</strong></span> <span class='ocrx_word' id='word_1_620' title='bbox 2169 3452 2427 3507; x_wconf 89' lang='lat' dir='ltr'><strong>nimirum</strong></span> <span class='ocrx_word' id='word_1_621' title='bbox 2459 3452 2909 3523; x_wconf 80' lang='lat' dir='ltr'><strong>patremfamilias</strong></span> <span class='ocrx_word' id='word_1_622' title='bbox 2936 3495 2950 3519; x_wconf 92' lang='lat'><strong>,</strong></span> <span class='ocrx_word' id='word_1_623' title='bbox 2993 3453 3160 3511; x_wconf 89' lang='lat' dir='ltr'><strong>Deum</strong></span> <span class='ocrx_word' id='word_1_624' title='bbox 3191 3473 3333 3523; x_wconf 89' lang='lat' dir='ltr'><strong>esse,</strong></span> <span class='ocrx_word' id='word_1_625' title='bbox 3386 3460 3453 3515; x_wconf 92' lang='lat' dir='ltr'><strong>de</strong></span> <span class='ocrx_word' id='word_1_626' title='bbox 3478 3477 3589 3532; x_wconf 89' lang='lat' dir='ltr'><strong>quo</strong></span> 
     </span>
    </p>
   </div>
   <div class='ocr_carea' id='block_1_82' title="bbox 2011 3544 3589 3622">
    <p class='ocr_par' dir='ltr' id='par_1_82' title="bbox 2011 3544 3589 3622">
     <span class='ocr_line' id='line_1_82' title="bbox 2011 3544 3589 3622; baseline 0.006 -24"><span class='ocrx_word' id='word_1_627' title='bbox 2011 3544 2274 3613; x_wconf 90' lang='lat' dir='ltr'><strong>scriptum</strong></span> <span class='ocrx_word' id='word_1_628' title='bbox 2306 3553 2390 3599; x_wconf 89' lang='lat' dir='ltr'><strong>est</strong></span> <span class='ocrx_word' id='word_1_629' title='bbox 2424 3546 2468 3577; x_wconf 81' lang='grc'><strong>⁸⁷</strong></span> <span class='ocrx_word' id='word_1_630' title='bbox 2498 3563 2511 3598; x_wconf 87' lang='lat'>:</span> <span class='ocrx_word' id='word_1_631' title='bbox 2555 3563 2573 3595; x_wconf 78' lang='grc' dir='ltr'><strong>ι</strong></span> <span class='ocrx_word' id='word_1_632' title='bbox 2612 3544 2855 3600; x_wconf 80' lang='lat' dir='ltr'><strong>Portavit</strong></span> <span class='ocrx_word' id='word_1_633' title='bbox 2887 3555 2937 3602; x_wconf 90' lang='lat' dir='ltr'><strong>te</strong></span> <span class='ocrx_word' id='word_1_634' title='bbox 2964 3546 3227 3603; x_wconf 90' lang='lat' dir='ltr'><strong>Dominus</strong></span> <span class='ocrx_word' id='word_1_635' title='bbox 3250 3548 3415 3622; x_wconf 59' lang='grc' dir='ltr'><strong>⁸1⁸14ι</strong></span> <span class='ocrx_word' id='word_1_636' title='bbox 3444 3549 3589 3608; x_wconf 86' lang='lat' dir='ltr'><strong>Deus</strong></span> 
     </span>
    </p>
   </div>
   <div class='ocr_carea' id='block_1_83' title="bbox 2011 3635 3589 3706">
    <p class='ocr_par' dir='ltr' id='par_1_83' title="bbox 2011 3635 3589 3706">
     <span class='ocr_line' id='line_1_83' title="bbox 2011 3635 3589 3706; baseline 0.007 -19"><span class='ocrx_word' id='word_1_637' title='bbox 2011 3641 2138 3689; x_wconf 90' lang='lat' dir='ltr'><strong>tuus</strong></span> <span class='ocrx_word' id='word_1_638' title='bbox 2162 3676 2178 3700; x_wconf 91' lang='lat'><strong>,</strong></span> <span class='ocrx_word' id='word_1_639' title='bbox 2215 3643 2275 3688; x_wconf 86' lang='lat' dir='ltr'><strong>ut</strong></span> <span class='ocrx_word' id='word_1_640' title='bbox 2311 3635 2447 3689; x_wconf 87' lang='lat' dir='ltr'><strong>solct</strong></span> <span class='ocrx_word' id='word_1_641' title='bbox 2497 3635 2662 3689; x_wconf 91' lang='lat' dir='ltr'><strong>homo</strong></span> <span class='ocrx_word' id='word_1_642' title='bbox 2714 3645 2926 3706; x_wconf 81' lang='lat' dir='ltr'><strong>gestare</strong></span> <span class='ocrx_word' id='word_1_643' title='bbox 2952 3639 3235 3706; x_wconf 84' lang='lat' dir='ltr'><strong>parvulum</strong></span> <span class='ocrx_word' id='word_1_644' title='bbox 3268 3656 3450 3696; x_wconf 86' lang='lat' dir='ltr'><strong>suum.</strong></span> <span class='ocrx_word' id='word_1_645' title='bbox 3478 3662 3497 3695; x_wconf 78' lang='grc' dir='ltr'><strong>ι</strong></span> <span class='ocrx_word' id='word_1_646' title='bbox 3538 3643 3589 3699; x_wconf 84' lang='lat' dir='ltr'><strong>ls</strong></span> 
     </span>
    </p>
   </div>
   <div class='ocr_carea' id='block_1_84' title="bbox 2010 3722 3586 3799">
    <p class='ocr_par' dir='ltr' id='par_1_84' title="bbox 2010 3722 3586 3799">
     <span class='ocr_line' id='line_1_84' title="bbox 2010 3722 3586 3799; baseline 0.006 -21"><span class='ocrx_word' id='word_1_647' title='bbox 2010 3724 2155 3778; x_wconf 85' lang='lat' dir='ltr'><strong>enim</strong></span> <span class='ocrx_word' id='word_1_648' title='bbox 2191 3723 2246 3777; x_wconf 91' lang='lat' dir='ltr'><strong>in</strong></span> <span class='ocrx_word' id='word_1_649' title='bbox 2285 3722 2613 3794; x_wconf 85' lang='lat' dir='ltr'><strong>quibusdam</strong></span> <span class='ocrx_word' id='word_1_650' title='bbox 2670 3725 2944 3794; x_wconf 87' lang='lat' dir='ltr'><strong>parabolis</strong></span> <span class='ocrx_word' id='word_1_651' title='bbox 3020 3726 3182 3783; x_wconf 85' lang='lat' dir='ltr'><strong>homo</strong></span> <span class='ocrx_word' id='word_1_652' title='bbox 3238 3730 3586 3799; x_wconf 85' lang='lat' dir='ltr'><strong>appellatur,</strong></span> 
     </span>
    </p>
   </div>
   <div class='ocr_carea' id='block_1_85' title="bbox 2010 3813 3583 3887">
    <p class='ocr_par' dir='ltr' id='par_1_85' title="bbox 2010 3813 3583 3887">
     <span class='ocr_line' id='line_1_85' title="bbox 2010 3813 3583 3887; baseline 0.007 -22"><span class='ocrx_word' id='word_1_653' title='bbox 2010 3822 2292 3882; x_wconf 88' lang='lat' dir='ltr'><strong>propterea</strong></span> <span class='ocrx_word' id='word_1_654' title='bbox 2320 3813 2487 3883; x_wconf 87' lang='lat' dir='ltr'><strong>quod,</strong></span> <span class='ocrx_word' id='word_1_655' title='bbox 2517 3814 2646 3867; x_wconf 93' lang='lat' dir='ltr'><strong>dum</strong></span> <span class='ocrx_word' id='word_1_656' title='bbox 2683 3814 2929 3871; x_wconf 87' lang='lat' dir='ltr'><strong>homines</strong></span> <span class='ocrx_word' id='word_1_657' title='bbox 2952 3817 3127 3887; x_wconf 79' lang='lat' dir='ltr'><strong>juvat,</strong></span> <span class='ocrx_word' id='word_1_658' title='bbox 3148 3819 3428 3874; x_wconf 89' lang='lat' dir='ltr'><strong>hominum</strong></span> <span class='ocrx_word' id='word_1_659' title='bbox 3462 3836 3583 3876; x_wconf 89' lang='lat' dir='ltr'><strong>mo-</strong></span> 
     </span>
    </p>
   </div>
   <div class='ocr_carea' id='block_1_86' title="bbox 2012 3902 3581 3968">
    <p class='ocr_par' dir='ltr' id='par_1_86' title="bbox 2012 3902 3581 3968">
     <span class='ocr_line' id='line_1_86' title="bbox 2012 3902 3581 3968; baseline 0.009 -14"><span class='ocrx_word' id='word_1_660' title='bbox 2012 3917 2100 3957; x_wconf 83' lang='lat' dir='ltr'><strong>res</strong></span> <span class='ocrx_word' id='word_1_661' title='bbox 2133 3902 2186 3955; x_wconf 90' lang='lat' dir='ltr'><strong>in</strong></span> <span class='ocrx_word' id='word_1_662' title='bbox 2219 3903 2499 3957; x_wconf 90' lang='lat' dir='ltr'><strong>hominum</strong></span> <span class='ocrx_word' id='word_1_663' title='bbox 2528 3903 2813 3959; x_wconf 86' lang='lat' dir='ltr'><strong>utilitatem</strong></span> <span class='ocrx_word' id='word_1_664' title='bbox 2850 3921 2913 3961; x_wconf 86' lang='lat' dir='ltr'><strong>ac</strong></span> <span class='ocrx_word' id='word_1_665' title='bbox 2936 3909 3283 3964; x_wconf 89' lang='lat' dir='ltr'><strong>commodum</strong></span> <span class='ocrx_word' id='word_1_666' title='bbox 3315 3911 3581 3968; x_wconf 88' lang='lat' dir='ltr'><strong>sustinet:</strong></span> 
     </span>
    </p>
   </div>
   <div class='ocr_carea' id='block_1_87' title="bbox 2012 3992 3583 4067">
    <p class='ocr_par' dir='ltr' id='par_1_87' title="bbox 2012 3992 3583 4067">
     <span class='ocr_line' id='line_1_87' title="bbox 2012 3992 3583 4067; baseline 0.009 -22"><span class='ocrx_word' id='word_1_667' title='bbox 2012 4000 2174 4062; x_wconf 88' lang='lat' dir='ltr'><strong>atque</strong></span> <span class='ocrx_word' id='word_1_668' title='bbox 2202 3992 2309 4047; x_wconf 89' lang='lat' dir='ltr'><strong>hoc</strong></span> <span class='ocrx_word' id='word_1_669' title='bbox 2341 3994 2556 4062; x_wconf 89' lang='lat' dir='ltr'><strong>quidem</strong></span> <span class='ocrx_word' id='word_1_670' title='bbox 2587 3995 2708 4050; x_wconf 91' lang='lat' dir='ltr'><strong>loco</strong></span> <span class='ocrx_word' id='word_1_671' title='bbox 2741 4005 2957 4067; x_wconf 83' lang='lat' dir='ltr'><strong>prepter</strong></span> <span class='ocrx_word' id='word_1_672' title='bbox 2981 3998 3215 4064; x_wconf 85' lang='lat' dir='ltr'><strong>vineam,</strong></span> <span class='ocrx_word' id='word_1_673' title='bbox 3259 4009 3313 4056; x_wconf 91' lang='lat' dir='ltr'><strong>ct</strong></span> <span class='ocrx_word' id='word_1_674' title='bbox 3359 4003 3583 4059; x_wconf 87' lang='lat' dir='ltr'><strong>assitam</strong></span> 
     </span>
    </p>
   </div>
   <div class='ocr_carea' id='block_1_88' title="bbox 2011 4083 3586 4160">
    <p class='ocr_par' dir='ltr' id='par_1_88' title="bbox 2011 4083 3586 4160">
     <span class='ocr_line' id='line_1_88' title="bbox 2011 4083 3586 4160; baseline 0.008 -22"><span class='ocrx_word' id='word_1_675' title='bbox 2011 4083 2183 4139; x_wconf 76' lang='lat' dir='ltr'><strong>vinea:</strong></span> <span class='ocrx_word' id='word_1_676' title='bbox 2217 4100 2419 4154; x_wconf 89' lang='lat' dir='ltr'><strong>sepem,</strong></span> <span class='ocrx_word' id='word_1_677' title='bbox 2463 4094 2517 4139; x_wconf 91' lang='lat' dir='ltr'><strong>et</strong></span> <span class='ocrx_word' id='word_1_678' title='bbox 2543 4086 2801 4142; x_wconf 79' lang='lat' dir='ltr'><strong>eii‘ossum</strong></span> <span class='ocrx_word' id='word_1_679' title='bbox 2833 4090 2902 4144; x_wconf 86' lang='lat' dir='ltr'><strong>ab</strong></span> <span class='ocrx_word' id='word_1_680' title='bbox 2937 4091 3055 4160; x_wconf 89' lang='lat' dir='ltr'><strong>ipso</strong></span> <span class='ocrx_word' id='word_1_681' title='bbox 3086 4094 3342 4159; x_wconf 90' lang='lat' dir='ltr'><strong>torcular,</strong></span> <span class='ocrx_word' id='word_1_682' title='bbox 3369 4103 3424 4150; x_wconf 90' lang='lat' dir='ltr'><strong>et</strong></span> <span class='ocrx_word' id='word_1_683' title='bbox 3454 4096 3586 4151; x_wconf 63' lang='lat' dir='ltr'><strong>aedi-</strong></span> 
     </span>
    </p>
   </div>
   <div class='ocr_carea' id='block_1_89' title="bbox 2012 4175 3588 4253">
    <p class='ocr_par' dir='ltr' id='par_1_89' title="bbox 2012 4175 3588 4253">
     <span class='ocr_line' id='line_1_89' title="bbox 2012 4175 3588 4253; baseline 0.01 -25"><span class='ocrx_word' id='word_1_684' title='bbox 2012 4175 2225 4229; x_wconf 82' lang='lat' dir='ltr'><strong>ﬁcatam</strong></span> <span class='ocrx_word' id='word_1_685' title='bbox 2277 4175 2493 4239; x_wconf 88' lang='lat' dir='ltr'><strong>turrim,</strong></span> <span class='ocrx_word' id='word_1_686' title='bbox 2546 4186 2600 4233; x_wconf 89' lang='lat' dir='ltr'><strong>et</strong></span> <span class='ocrx_word' id='word_1_687' title='bbox 2645 4187 2863 4249; x_wconf 87' lang='lat' dir='ltr'><strong>propter</strong></span> <span class='ocrx_word' id='word_1_688' title='bbox 2894 4197 3084 4238; x_wconf 83' lang='lat' dir='ltr'><strong>servos</strong></span> <span class='ocrx_word' id='word_1_689' title='bbox 3112 4200 3252 4253; x_wconf 90' lang='lat' dir='ltr'><strong>quos</strong></span> <span class='ocrx_word' id='word_1_690' title='bbox 3281 4185 3482 4252; x_wconf 86' lang='lat' dir='ltr'><strong>habet,</strong></span> <span class='ocrx_word' id='word_1_691' title='bbox 3533 4197 3588 4245; x_wconf 90' lang='lat' dir='ltr'><strong>et</strong></span> 
     </span>
    </p>
   </div>
   <div class='ocr_carea' id='block_1_90' title="bbox 2012 4266 3586 4345">
    <p class='ocr_par' dir='ltr' id='par_1_90' title="bbox 2012 4266 3586 4345">
     <span class='ocr_line' id='line_1_90' title="bbox 2012 4266 3586 4345; baseline 0.01 -26"><span class='ocrx_word' id='word_1_692' title='bbox 2012 4281 2151 4336; x_wconf 89' lang='lat' dir='ltr'><strong>quos</strong></span> <span class='ocrx_word' id='word_1_693' title='bbox 2176 4266 2247 4321; x_wconf 85' lang='lat' dir='ltr'><strong>ad</strong></span> <span class='ocrx_word' id='word_1_694' title='bbox 2281 4267 2548 4337; x_wconf 67' lang='lat' dir='ltr'><strong>agricolas</strong></span> <span class='ocrx_word' id='word_1_695' title='bbox 2598 4269 2782 4333; x_wconf 90' lang='lat' dir='ltr'><strong>mittit,</strong></span> <span class='ocrx_word' id='word_1_696' title='bbox 2815 4287 3066 4343; x_wconf 90' lang='lat' dir='ltr'><strong>quosque</strong></span> <span class='ocrx_word' id='word_1_697' title='bbox 3115 4276 3325 4345; x_wconf 89' lang='lat' dir='ltr'><strong>majore</strong></span> <span class='ocrx_word' id='word_1_698' title='bbox 3355 4294 3586 4336; x_wconf 85' lang='lat' dir='ltr'><strong>numero</strong></span> 
     </span>
    </p>
   </div>
   <div class='ocr_carea' id='block_1_91' title="bbox 2013 4359 3588 4438">
    <p class='ocr_par' dir='ltr' id='par_1_91' title="bbox 2013 4359 3588 4438">
     <span class='ocr_line' id='line_1_91' title="bbox 2013 4359 3588 4438; baseline 0.009 -25"><span class='ocrx_word' id='word_1_699' title='bbox 2013 4359 2181 4414; x_wconf 89' lang='lat' dir='ltr'><strong>altera</strong></span> <span class='ocrx_word' id='word_1_700' title='bbox 2212 4359 2330 4415; x_wconf 84' lang='lat' dir='ltr'><strong>vice</strong></span> <span class='ocrx_word' id='word_1_701' title='bbox 2352 4359 2535 4425; x_wconf 88' lang='lat' dir='ltr'><strong>mittit,</strong></span> <span class='ocrx_word' id='word_1_702' title='bbox 2564 4362 2728 4416; x_wconf 88' lang='lat' dir='ltr'><strong>homo</strong></span> <span class='ocrx_word' id='word_1_703' title='bbox 2750 4363 3139 4432; x_wconf 76' lang='lat' dir='ltr'><strong>paterfamilias</strong></span> <span class='ocrx_word' id='word_1_704' title='bbox 3171 4371 3506 4438; x_wconf 88' lang='lat' dir='ltr'><strong>appellatur:</strong></span> <span class='ocrx_word' id='word_1_705' title='bbox 3533 4383 3588 4427; x_wconf 89' lang='lat' dir='ltr'><strong>et</strong></span> 
     </span>
    </p>
   </div>
   <div class='ocr_carea' id='block_1_92' title="bbox 338 4449 1917 4532">
    <p class='ocr_par' dir='ltr' id='par_1_92' title="bbox 338 4454 1909 4529">
     <span class='ocr_line' id='line_1_92' title="bbox 338 4454 1909 4529; baseline -0.003 -20"><span class='ocrx_word' id='word_1_706' title='bbox 338 4458 499 4511; x_wconf 74' lang='grc' dir='ltr'>αὑτὸν</span> <span class='ocrx_word' id='word_1_707' title='bbox 531 4460 744 4513; x_wconf 86' lang='grc' dir='ltr'>δίδωσιν</span> <span class='ocrx_word' id='word_1_708' title='bbox 775 4460 999 4529; x_wconf 78' lang='grc' dir='ltr'>ἑτέροις.</span> <span class='ocrx_word' id='word_1_709' title='bbox 1030 4459 1149 4511; x_wconf 85' lang='grc' dir='ltr'><strong>Ἔτι</strong></span> <span class='ocrx_word' id='word_1_710' title='bbox 1174 4457 1230 4509; x_wconf 82' lang='grc' dir='ltr'>δὲ</span> <span class='ocrx_word' id='word_1_711' title='bbox 1253 4455 1412 4510; x_wconf 82' lang='grc' dir='ltr'>πάλιν</span> <span class='ocrx_word' id='word_1_712' title='bbox 1441 4458 1626 4519; x_wconf 78' lang='grc' dir='ltr'>ἐντοῖς</span> <span class='ocrx_word' id='word_1_713' title='bbox 1656 4454 1909 4526; x_wconf 77' lang='grc' dir='ltr'>ἀνωτέρω</span> 
     </span>
    </p>
   </div>
   <div class='ocr_carea' id='block_1_93' title="bbox 2014 4449 3582 4532">
    <p class='ocr_par' dir='ltr' id='par_1_93' title="bbox 2014 4449 3582 4532">
     <span class='ocr_line' id='line_1_93' title="bbox 2014 4449 3582 4532; baseline 0.009 -28"><span class='ocrx_word' id='word_1_714' title='bbox 2014 4451 2170 4520; x_wconf 88' lang='lat' dir='ltr'><strong>quasi</strong></span> <span class='ocrx_word' id='word_1_715' title='bbox 2203 4449 2592 4521; x_wconf 82' lang='lat' dir='ltr'><strong>paterfamilias</strong></span> <span class='ocrx_word' id='word_1_716' title='bbox 2609 4454 2860 4524; x_wconf 83' lang='lat' dir='ltr'><strong>agricolis</strong></span> <span class='ocrx_word' id='word_1_717' title='bbox 2892 4456 3105 4512; x_wconf 84' lang='lat' dir='ltr'><strong>vineam</strong></span> <span class='ocrx_word' id='word_1_718' title='bbox 3144 4461 3392 4526; x_wconf 81' lang='lat' dir='ltr'><strong>tradidit,</strong></span> <span class='ocrx_word' id='word_1_719' title='bbox 3419 4479 3582 4532; x_wconf 87' lang='lat' dir='ltr'><strong>quam</strong></span> 
     </span>
    </p>
   </div>
   <div class='ocr_carea' id='block_1_94' title="bbox 337 4542 1917 4619">
    <p class='ocr_par' dir='ltr' id='par_1_94' title="bbox 337 4543 1907 4619">
     <span class='ocr_line' id='line_1_94' title="bbox 337 4543 1907 4619; baseline -0.003 -19"><span class='ocrx_word' id='word_1_720' title='bbox 337 4546 619 4619; x_wconf 73' lang='grc' dir='ltr'>ἄνθρωπος</span> <span class='ocrx_word' id='word_1_721' title='bbox 653 4549 1031 4618; x_wconf 87' lang='grc' dir='ltr'>οἰκοδεσπότης</span> <span class='ocrx_word' id='word_1_722' title='bbox 1052 4550 1262 4619; x_wconf 70' lang='grc' dir='ltr'>εἴρηται</span> <span class='ocrx_word' id='word_1_723' title='bbox 1295 4546 1383 4600; x_wconf 81' lang='grc' dir='ltr'>διὰ</span> <span class='ocrx_word' id='word_1_724' title='bbox 1400 4546 1624 4601; x_wconf 83' lang='grc' dir='ltr'>τούτων·</span> <span class='ocrx_word' id='word_1_725' title='bbox 1662 4565 1680 4596; x_wconf 77' lang='grc' dir='ltr'><strong>ι</strong></span> <span class='ocrx_word' id='word_1_726' title='bbox 1718 4543 1907 4615; x_wconf 85' lang='grc' dir='ltr'>Ὀμοία</span> 
     </span>
    </p>
   </div>
   <div class='ocr_carea' id='block_1_95' title="bbox 2014 4542 3587 4619">
    <p class='ocr_par' dir='ltr' id='par_1_95' title="bbox 2014 4542 3587 4609">
     <span class='ocr_line' id='line_1_95' title="bbox 2014 4542 3587 4609; baseline 0.008 -13"><span class='ocrx_word' id='word_1_727' title='bbox 2014 4544 2082 4597; x_wconf 90' lang='lat' dir='ltr'><strong>ab</strong></span> <span class='ocrx_word' id='word_1_728' title='bbox 2110 4543 2176 4597; x_wconf 91' lang='lat' dir='ltr'><strong>iis</strong></span> <span class='ocrx_word' id='word_1_729' title='bbox 2202 4542 2395 4597; x_wconf 83' lang='lat' dir='ltr'><strong>deinde</strong></span> <span class='ocrx_word' id='word_1_730' title='bbox 2417 4543 2649 4597; x_wconf 90' lang='lat' dir='ltr'><strong>ablatam</strong></span> <span class='ocrx_word' id='word_1_731' title='bbox 2677 4546 2799 4600; x_wconf 85' lang='lat' dir='ltr'><strong>aliis</strong></span> <span class='ocrx_word' id='word_1_732' title='bbox 2822 4547 2986 4601; x_wconf 89' lang='lat' dir='ltr'><strong>dedit.</strong></span> <span class='ocrx_word' id='word_1_733' title='bbox 3024 4547 3235 4606; x_wconf 82' lang='lat' dir='ltr'><strong>Rursus</strong></span> <span class='ocrx_word' id='word_1_734' title='bbox 3260 4568 3388 4606; x_wconf 84' lang='lat' dir='ltr'><strong>vero</strong></span> <span class='ocrx_word' id='word_1_735' title='bbox 3421 4553 3587 4609; x_wconf 91' lang='lat' dir='ltr'><strong>homo</strong></span> 
     </span>
    </p>
   </div>
   <div class='ocr_carea' id='block_1_96' title="bbox 339 4632 1917 4710">
    <p class='ocr_par' dir='ltr' id='par_1_96' title="bbox 339 4636 1910 4710">
     <span class='ocr_line' id='line_1_96' title="bbox 339 4636 1910 4710; baseline -0.001 -22"><span class='ocrx_word' id='word_1_736' title='bbox 339 4637 445 4707; x_wconf 82' lang='grc' dir='ltr'><strong>γάρ</strong></span> <span class='ocrx_word' id='word_1_737' title='bbox 475 4639 621 4691; x_wconf 77' lang='grc' dir='ltr'>ἐστιν</span> <span class='ocrx_word' id='word_1_738' title='bbox 656 4641 689 4709; x_wconf 79' lang='grc' dir='ltr'><strong>ἡ</strong></span> <span class='ocrx_word' id='word_1_739' title='bbox 746 4638 990 4708; x_wconf 70' lang='grc' dir='ltr'>βασιλεία</span> <span class='ocrx_word' id='word_1_740' title='bbox 1023 4638 1132 4692; x_wconf 89' lang='grc' dir='ltr'><strong>τῶν</strong></span> <span class='ocrx_word' id='word_1_741' title='bbox 1178 4638 1421 4710; x_wconf 77' lang='grc' dir='ltr'>οὐρανῶν</span> <span class='ocrx_word' id='word_1_742' title='bbox 1460 4637 1728 4709; x_wconf 82' lang='grc' dir='ltr'>ἀνθρώπῳ</span> <span class='ocrx_word' id='word_1_743' title='bbox 1766 4636 1910 4688; x_wconf 83' lang='grc' dir='ltr'>οἰκο-</span> 
     </span>
    </p>
   </div>
   <div class='ocr_carea' id='block_1_97' title="bbox 2014 4632 3586 4710">
    <p class='ocr_par' dir='ltr' id='par_1_97' title="bbox 2015 4632 3586 4705">
     <span class='ocr_line' id='line_1_97' title="bbox 2015 4632 3586 4705; baseline 0.01 -19"><span class='ocrx_word' id='word_1_744' title='bbox 2015 4632 2405 4705; x_wconf 82' lang='lat' dir='ltr'><strong>paterfamilias</strong></span> <span class='ocrx_word' id='word_1_745' title='bbox 2433 4650 2595 4705; x_wconf 88' lang='lat' dir='ltr'><strong>supra</strong></span> <span class='ocrx_word' id='word_1_746' title='bbox 2634 4637 2813 4693; x_wconf 89' lang='lat' dir='ltr'><strong>dictus</strong></span> <span class='ocrx_word' id='word_1_747' title='bbox 2857 4652 2940 4694; x_wconf 85' lang='lat' dir='ltr'><strong>est</strong></span> <span class='ocrx_word' id='word_1_748' title='bbox 2967 4639 3053 4697; x_wconf 89' lang='lat' dir='ltr'><strong>his</strong></span> <span class='ocrx_word' id='word_1_749' title='bbox 3086 4644 3266 4699; x_wconf 83' lang='lat' dir='ltr'><strong>verbis</strong></span> <span class='ocrx_word' id='word_1_750' title='bbox 3299 4645 3346 4676; x_wconf 83' lang='grc'><strong>⁸⁸</strong></span> <span class='ocrx_word' id='word_1_751' title='bbox 3380 4663 3392 4698; x_wconf 92' lang='lat'><strong>:</strong></span> <span class='ocrx_word' id='word_1_752' title='bbox 3435 4664 3454 4697; x_wconf 74' lang='grc' dir='ltr'><strong>ι</strong></span> <span class='ocrx_word' id='word_1_753' title='bbox 3496 4643 3586 4701; x_wconf 82' lang='lat' dir='ltr'><strong>Si-</strong></span> 
     </span>
    </p>
   </div>
   <div class='ocr_carea' id='block_1_98' title="bbox 1531 4766 2379 4829">
    <p class='ocr_par' dir='ltr' id='par_1_98' title="bbox 1531 4766 2379 4829">
     <span class='ocr_line' id='line_1_98' title="bbox 1531 4766 2379 4829; baseline -0.004 -3"><span class='ocrx_word' id='word_1_754' title='bbox 1531 4770 1758 4829; x_wconf 76' lang='lat' dir='ltr'><strong>VETUS</strong></span> <span class='ocrx_word' id='word_1_755' title='bbox 1795 4766 2379 4823; x_wconf 73' lang='lat' dir='ltr'><strong>INTERPRETATIO.</strong></span> 
     </span>
    </p>
   </div>
   <div class='ocr_carea' id='block_1_99' title="bbox 338 4887 3589 4975">
    <p class='ocr_par' dir='ltr' id='par_1_99' title="bbox 338 4887 3589 4975">
     <span class='ocr_line' id='line_1_99' title="bbox 338 4887 3589 4975; baseline 0.001 -32"><span class='ocrx_word' id='word_1_756' title='bbox 338 4888 926 4975; x_wconf 29' lang='lat' dir='ltr'><strong>niitt-it‘pater‘familias</strong></span> <span class='ocrx_word' id='word_1_757' title='bbox 949 4892 1116 4948; x_wconf 85' lang='lat' dir='ltr'><strong>lilium</strong></span> <span class='ocrx_word' id='word_1_758' title='bbox 1140 4908 1300 4975; x_wconf 78' lang='lat' dir='ltr'><strong>suum</strong></span> <span class='ocrx_word' id='word_1_759' title='bbox 1334 4890 1849 4975; x_wconf 65' lang='lat' dir='ltr'><strong>Jesuanhristttm,</strong></span> <span class='ocrx_word' id='word_1_760' title='bbox 1880 4887 2603 4975; x_wconf 37' lang='lat' dir='ltr'><strong>quainpoteratreverentiam</strong></span> <span class='ocrx_word' id='word_1_761' title='bbox 2630 4888 2710 4943; x_wconf 85' lang='lat' dir='ltr'><strong>cis</strong></span> <span class='ocrx_word' id='word_1_762' title='bbox 2738 4889 2999 4975; x_wconf 58' lang='lat' dir='ltr'><strong>incutere:</strong></span> <span class='ocrx_word' id='word_1_763' title='bbox 3040 4889 3150 4975; x_wconf 77' lang='lat' dir='ltr'><strong>_Sed</strong></span> <span class='ocrx_word' id='word_1_764' title='bbox 3194 4892 3466 4975; x_wconf 81' lang='lat' dir='ltr'><strong>principes</strong></span> <span class='ocrx_word' id='word_1_765' title='bbox 3498 4910 3589 4975; x_wconf 62' lang='lat' dir='ltr'><strong>sa-</strong></span> 
     </span>
    </p>
   </div>
   <div class='ocr_carea' id='block_1_100' title="bbox 336 4956 3586 5045">
    <p class='ocr_par' dir='ltr' id='par_1_100' title="bbox 336 4956 3586 5045">
     <span class='ocr_line' id='line_1_100' title="bbox 336 4956 3586 5045; baseline 0.002 -30"><span class='ocrx_word' id='word_1_766' title='bbox 336 4956 701 5045; x_wconf 38' lang='lat' dir='ltr'><strong>cerdptumiet</strong></span> <span class='ocrx_word' id='word_1_767' title='bbox 725 4962 970 5018; x_wconf 90' lang='lat' dir='ltr'><strong>seniores</strong></span> <span class='ocrx_word' id='word_1_768' title='bbox 1000 4963 1222 5045; x_wconf 38' lang='lat' dir='ltr'><strong>populih</strong></span> <span class='ocrx_word' id='word_1_769' title='bbox 1240 4971 1294 5017; x_wconf 87' lang='lat' dir='ltr'><strong>et</strong></span> <span class='ocrx_word' id='word_1_770' title='bbox 1314 4963 1643 5045; x_wconf 45' lang='lat' dir='ltr'><strong>prudentes,</strong></span> <span class='ocrx_word' id='word_1_771' title='bbox 1661 4956 1911 5045; x_wconf 80' lang='lat' dir='ltr'><strong>videntes</strong></span> <span class='ocrx_word' id='word_1_772' title='bbox 1932 4956 2153 5040; x_wconf 74' lang='lat' dir='ltr'><strong>Filium,</strong></span> <span class='ocrx_word' id='word_1_773' title='bbox 2186 4973 2291 5045; x_wconf 62' lang='grc' dir='ltr'>ιιρη</span> <span class='ocrx_word' id='word_1_774' title='bbox 2327 4958 2552 5012; x_wconf 88' lang='lat' dir='ltr'><strong>omnino</strong></span> <span class='ocrx_word' id='word_1_775' title='bbox 2593 4956 3233 5045; x_wconf 39' lang='lat' dir='ltr'><strong>it‘isensat‘i‘exsistentes,</strong></span> <span class='ocrx_word' id='word_1_776' title='bbox 3274 4956 3586 5045; x_wconf 68' lang='lat' dir='ltr'><strong>eminentia:</strong></span> 
     </span>
    </p>
   </div>
   <div class='ocr_carea' id='block_1_101' title="bbox 335 5028 3586 5104">
    <p class='ocr_par' dir='ltr' id='par_1_101' title="bbox 335 5028 3586 5104">
     <span class='ocr_line' id='line_1_101' title="bbox 335 5028 3586 5104; baseline 0.001 -19"><span class='ocrx_word' id='word_1_777' title='bbox 335 5044 450 5104; x_wconf 66' lang='lat' dir='ltr'><strong>suae</strong></span> <span class='ocrx_word' id='word_1_778' title='bbox 472 5029 735 5104; x_wconf 61' lang='lat' dir='ltr'><strong>heredem</strong></span> <span class='ocrx_word' id='word_1_779' title='bbox 768 5047 905 5104; x_wconf 6' lang='lat' dir='ltr'><strong>eum;</strong></span> <span class='ocrx_word' id='word_1_780' title='bbox 918 5028 1042 5104; x_wconf 79' lang='lat' dir='ltr'><strong>esse</strong></span> <span class='ocrx_word' id='word_1_781' title='bbox 1075 5028 1477 5088; x_wconf 77' lang='lat' dir='ltr'><strong>intellexerunt.</strong></span> <span class='ocrx_word' id='word_1_782' title='bbox 1516 5032 1647 5085; x_wconf 85' lang='lat' dir='ltr'><strong>Ausi</strong></span> <span class='ocrx_word' id='word_1_783' title='bbox 1681 5037 1808 5104; x_wconf 82' lang='lat' dir='ltr'><strong>sunt</strong></span> <span class='ocrx_word' id='word_1_784' title='bbox 1848 5038 2053 5104; x_wconf 37' lang='lat' dir='ltr'><strong>autem‘</strong></span> <span class='ocrx_word' id='word_1_785' title='bbox 2077 5028 2379 5104; x_wconf 79' lang='lat' dir='ltr'><strong>interﬁcere</strong></span> <span class='ocrx_word' id='word_1_786' title='bbox 2409 5043 2557 5104; x_wconf 80' lang='lat' dir='ltr'><strong>eum,</strong></span> <span class='ocrx_word' id='word_1_787' title='bbox 2583 5036 2640 5082; x_wconf 93' lang='lat' dir='ltr'><strong>ut</strong></span> <span class='ocrx_word' id='word_1_788' title='bbox 2667 5028 2769 5097; x_wconf 88' lang='lat' dir='ltr'><strong>ipsi</strong></span> <span class='ocrx_word' id='word_1_789' title='bbox 2794 5028 3135 5104; x_wconf 78' lang='lat' dir='ltr'><strong>emcerentur</strong></span> <span class='ocrx_word' id='word_1_790' title='bbox 3164 5033 3371 5104; x_wconf 78' lang='lat' dir='ltr'><strong>domini</strong></span> <span class='ocrx_word' id='word_1_791' title='bbox 3421 5050 3586 5104; x_wconf 91' lang='lat' dir='ltr'><strong>super</strong></span> 
     </span>
    </p>
   </div>
   <div class='ocr_carea' id='block_1_102' title="bbox 335 5097 3582 5172">
    <p class='ocr_par' dir='ltr' id='par_1_102' title="bbox 335 5097 3582 5172">
     <span class='ocr_line' id='line_1_102' title="bbox 335 5097 3582 5172; baseline 0.002 -21"><span class='ocrx_word' id='word_1_792' title='bbox 335 5101 547 5154; x_wconf 83' lang='lat' dir='ltr'><strong>vineam</strong></span> <span class='ocrx_word' id='word_1_793' title='bbox 577 5100 746 5167; x_wconf 88' lang='lat' dir='ltr'><strong>illam,</strong></span> <span class='ocrx_word' id='word_1_794' title='bbox 781 5111 835 5156; x_wconf 88' lang='lat' dir='ltr'><strong>et</strong></span> <span class='ocrx_word' id='word_1_795' title='bbox 861 5102 1139 5172; x_wconf 82' lang='lat' dir='ltr'><strong>ejicientes</strong></span> <span class='ocrx_word' id='word_1_796' title='bbox 1167 5119 1290 5158; x_wconf 93' lang='lat' dir='ltr'><strong>eum</strong></span> <span class='ocrx_word' id='word_1_797' title='bbox 1315 5111 1463 5156; x_wconf 77' lang='lat' dir='ltr'><strong>extra</strong></span> <span class='ocrx_word' id='word_1_798' title='bbox 1491 5116 1578 5156; x_wconf 86' lang='lat' dir='ltr'><strong>res</strong></span> <span class='ocrx_word' id='word_1_799' title='bbox 1611 5100 2000 5172; x_wconf 5' lang='lat' dir='ltr'><strong>lsraejlitarum,</strong></span> <span class='ocrx_word' id='word_1_800' title='bbox 2031 5097 2166 5153; x_wconf 79' lang='lat' dir='ltr'><strong>foris</strong></span> <span class='ocrx_word' id='word_1_801' title='bbox 2192 5114 2314 5152; x_wconf 86' lang='lat' dir='ltr'><strong>eum</strong></span> <span class='ocrx_word' id='word_1_802' title='bbox 2337 5098 2851 5172; x_wconf 83' lang='lat' dir='ltr'><strong>ju_dicantes_esse,_</strong></span> <span class='ocrx_word' id='word_1_803' title='bbox 2878 5098 3287 5172; x_wconf 78' lang='lat' dir='ltr'><strong>interfecerunt.</strong></span> <span class='ocrx_word' id='word_1_804' title='bbox 3319 5097 3582 5159; x_wconf 81' lang='lat' dir='ltr'><strong>Dominus</strong></span> 
     </span>
    </p>
   </div>
   <div class='ocr_carea' id='block_1_103' title="bbox 335 5167 3584 5244">
    <p class='ocr_par' dir='ltr' id='par_1_103' title="bbox 335 5167 3584 5244">
     <span class='ocr_line' id='line_1_103' title="bbox 335 5167 3584 5244; baseline 0.002 -23"><span class='ocrx_word' id='word_1_805' title='bbox 335 5179 516 5244; x_wconf 66' lang='lat' dir='ltr'><strong>autem</strong></span> <span class='ocrx_word' id='word_1_806' title='bbox 543 5172 636 5244; x_wconf 89' lang='lat' dir='ltr'><strong>qui</strong></span> <span class='ocrx_word' id='word_1_807' title='bbox 662 5173 842 5226; x_wconf 84' lang='lat' dir='ltr'><strong>statim</strong></span> <span class='ocrx_word' id='word_1_808' title='bbox 872 5167 1052 5244; x_wconf 68' lang='lat' dir='ltr'><strong>rediit,</strong></span> <span class='ocrx_word' id='word_1_809' title='bbox 1077 5188 1235 5244; x_wconf 87' lang='lat' dir='ltr'><strong>quem</strong></span> <span class='ocrx_word' id='word_1_810' title='bbox 1269 5172 1609 5244; x_wconf 85' lang='lat' dir='ltr'><strong>occiderunt,</strong></span> <span class='ocrx_word' id='word_1_811' title='bbox 1647 5170 1792 5244; x_wconf 74' lang='lat' dir='ltr'><strong>venit</strong></span> <span class='ocrx_word' id='word_1_812' title='bbox 1815 5184 2107 5236; x_wconf 77' lang='lat' dir='ltr'><strong>resurgens</strong></span> <span class='ocrx_word' id='word_1_813' title='bbox 2143 5185 2172 5222; x_wconf 93' lang='lat' dir='ltr'><strong>a</strong></span> <span class='ocrx_word' id='word_1_814' title='bbox 2203 5169 2545 5244; x_wconf 81' lang='lat' dir='ltr'><strong>mortuis,_et</strong></span> <span class='ocrx_word' id='word_1_815' title='bbox 2567 5167 2740 5221; x_wconf 91' lang='lat' dir='ltr'><strong>malos</strong></span> <span class='ocrx_word' id='word_1_816' title='bbox 2763 5169 2997 5244; x_wconf 74' lang='lat' dir='ltr'><strong>quidem</strong></span> <span class='ocrx_word' id='word_1_817' title='bbox 3011 5171 3238 5244; x_wconf 84' lang='lat' dir='ltr'><strong>colonos</strong></span> <span class='ocrx_word' id='word_1_818' title='bbox 3291 5174 3432 5228; x_wconf 87' lang='lat' dir='ltr'><strong>male</strong></span> <span class='ocrx_word' id='word_1_819' title='bbox 3456 5190 3584 5244; x_wconf 72' lang='lat' dir='ltr'><strong>per-</strong></span> 
     </span>
    </p>
   </div>
   <div class='ocr_carea' id='block_1_104' title="bbox 336 5238 3579 5312">
    <p class='ocr_par' dir='ltr' id='par_1_104' title="bbox 336 5238 3579 5312">
     <span class='ocr_line' id='line_1_104' title="bbox 336 5238 3579 5312; baseline 0.002 -21"><span class='ocrx_word' id='word_1_820' title='bbox 336 5239 492 5312; x_wconf 81' lang='lat' dir='ltr'><strong>didit,</strong></span> <span class='ocrx_word' id='word_1_821' title='bbox 521 5238 643 5297; x_wconf 77' lang='lat' dir='ltr'><strong>aliis</strong></span> <span class='ocrx_word' id='word_1_822' title='bbox 668 5251 848 5297; x_wconf 89' lang='lat' dir='ltr'><strong>autem</strong></span> <span class='ocrx_word' id='word_1_823' title='bbox 873 5238 1111 5306; x_wconf 64' lang='lat' dir='ltr'><strong>colonis,</strong></span> <span class='ocrx_word' id='word_1_824' title='bbox 1140 5243 1192 5296; x_wconf 92' lang='lat' dir='ltr'><strong>id</strong></span> <span class='ocrx_word' id='word_1_825' title='bbox 1229 5250 1313 5297; x_wconf 89' lang='lat' dir='ltr'><strong>est</strong></span> <span class='ocrx_word' id='word_1_826' title='bbox 1346 5243 1609 5310; x_wconf 89' lang='lat' dir='ltr'><strong>apostolis</strong></span> <span class='ocrx_word' id='word_1_827' title='bbox 1634 5242 1849 5312; x_wconf 82' lang='lat' dir='ltr'><strong>vineam</strong></span> <span class='ocrx_word' id='word_1_828' title='bbox 1883 5254 2037 5312; x_wconf 72' lang='lat' dir='ltr'><strong>suam</strong></span> <span class='ocrx_word' id='word_1_829' title='bbox 2067 5238 2435 5312; x_wconf 73' lang='lat' dir='ltr'><strong>consignavit,</strong></span> <span class='ocrx_word' id='word_1_830' title='bbox 2462 5238 2628 5312; x_wconf 29' lang='lat' dir='ltr'><strong>id‘est</strong></span> <span class='ocrx_word' id='word_1_831' title='bbox 2644 5253 2739 5293; x_wconf 90' lang='lat' dir='ltr'><strong>eos</strong></span> <span class='ocrx_word' id='word_1_832' title='bbox 2765 5240 2858 5308; x_wconf 92' lang='lat' dir='ltr'><strong>qui</strong></span> <span class='ocrx_word' id='word_1_833' title='bbox 2886 5256 2952 5294; x_wconf 74' lang='lat' dir='ltr'><strong>ex</strong></span> <span class='ocrx_word' id='word_1_834' title='bbox 2972 5239 3201 5296; x_wconf 82' lang='lat' dir='ltr'><strong>Judaico</strong></span> <span class='ocrx_word' id='word_1_835' title='bbox 3232 5243 3428 5312; x_wconf 89' lang='lat' dir='ltr'><strong>populo</strong></span> <span class='ocrx_word' id='word_1_836' title='bbox 3453 5238 3579 5312; x_wconf 77' lang='lat' dir='ltr'><strong>reli-</strong></span> 
     </span>
    </p>
   </div>
   <div class='ocr_carea' id='block_1_105' title="bbox 337 5307 3586 5381">
    <p class='ocr_par' dir='ltr' id='par_1_105' title="bbox 337 5307 3586 5381">
     <span class='ocr_line' id='line_1_105' title="bbox 337 5307 3586 5381; baseline 0.002 -21"><span class='ocrx_word' id='word_1_837' title='bbox 337 5308 431 5381; x_wconf 79' lang='lat' dir='ltr'><strong>qui</strong></span> <span class='ocrx_word' id='word_1_838' title='bbox 472 5312 839 5372; x_wconf 80' lang='lat' dir='ltr'><strong>crediderunt,</strong></span> <span class='ocrx_word' id='word_1_839' title='bbox 870 5312 962 5378; x_wconf 90' lang='lat' dir='ltr'><strong>qui</strong></span> <span class='ocrx_word' id='word_1_840' title='bbox 989 5313 1183 5367; x_wconf 90' lang='lat' dir='ltr'><strong>darent</strong></span> <span class='ocrx_word' id='word_1_841' title='bbox 1213 5312 1265 5365; x_wconf 92' lang='lat' dir='ltr'><strong>in</strong></span> <span class='ocrx_word' id='word_1_842' title='bbox 1296 5307 1535 5380; x_wconf 82' lang='lat' dir='ltr'><strong>tempore</strong></span> <span class='ocrx_word' id='word_1_843' title='bbox 1565 5327 1666 5366; x_wconf 91' lang='lat' dir='ltr'><strong>suo</strong></span> <span class='ocrx_word' id='word_1_844' title='bbox 1700 5311 1911 5381; x_wconf 79' lang='lat' dir='ltr'><strong>fructus</strong></span> <span class='ocrx_word' id='word_1_845' title='bbox 1934 5309 2158 5381; x_wconf 80' lang='lat' dir='ltr'><strong>domino</strong></span> <span class='ocrx_word' id='word_1_846' title='bbox 2190 5307 2311 5363; x_wconf 88' lang='lat' dir='ltr'><strong>suo.</strong></span> <span class='ocrx_word' id='word_1_847' title='bbox 2348 5308 2475 5361; x_wconf 87' lang='lat' dir='ltr'><strong>Item</strong></span> <span class='ocrx_word' id='word_1_848' title='bbox 2504 5307 2662 5362; x_wconf 90' lang='lat' dir='ltr'><strong>docet</strong></span> <span class='ocrx_word' id='word_1_849' title='bbox 2680 5307 2868 5381; x_wconf 57' lang='lat' dir='ltr'><strong>coscs</strong></span> <span class='ocrx_word' id='word_1_850' title='bbox 2900 5312 3207 5379; x_wconf 84' lang='lat' dir='ltr'><strong>prophetia,</strong></span> <span class='ocrx_word' id='word_1_851' title='bbox 3232 5307 3489 5381; x_wconf 75' lang='lat' dir='ltr'><strong>quoniam</strong></span> <span class='ocrx_word' id='word_1_852' title='bbox 3516 5311 3586 5366; x_wconf 86' lang='lat' dir='ltr'><strong>ab</strong></span> 
     </span>
    </p>
   </div>
   <div class='ocr_carea' id='block_1_106' title="bbox 337 5377 3584 5451">
    <p class='ocr_par' dir='ltr' id='par_1_106' title="bbox 337 5377 3584 5451">
     <span class='ocr_line' id='line_1_106' title="bbox 337 5377 3584 5451; baseline 0.002 -21"><span class='ocrx_word' id='word_1_853' title='bbox 337 5377 703 5451; x_wconf 65' lang='lat' dir='ltr'><strong>istisquidem</strong></span> <span class='ocrx_word' id='word_1_854' title='bbox 739 5377 1161 5451; x_wconf 62' lang='lat' dir='ltr'><strong>aedificatoribus</strong></span> <span class='ocrx_word' id='word_1_855' title='bbox 1190 5377 1513 5451; x_wconf 80' lang='lat' dir='ltr'><strong>reprobatus</strong></span> <span class='ocrx_word' id='word_1_856' title='bbox 1534 5388 1637 5446; x_wconf 90' lang='lat' dir='ltr'><strong>est,</strong></span> <span class='ocrx_word' id='word_1_857' title='bbox 1675 5396 1704 5432; x_wconf 89' lang='lat' dir='ltr'><strong>a</strong></span> <span class='ocrx_word' id='word_1_858' title='bbox 1730 5378 1841 5451; x_wconf 86' lang='lat' dir='ltr'><strong>Deo</strong></span> <span class='ocrx_word' id='word_1_859' title='bbox 1854 5387 2046 5451; x_wconf 75' lang='lat' dir='ltr'><strong>autem</strong></span> <span class='ocrx_word' id='word_1_860' title='bbox 2079 5379 2304 5451; x_wconf 80' lang='lat' dir='ltr'><strong>electus,</strong></span> <span class='ocrx_word' id='word_1_861' title='bbox 2331 5387 2385 5434; x_wconf 90' lang='lat' dir='ltr'><strong>et</strong></span> <span class='ocrx_word' id='word_1_862' title='bbox 2410 5386 2573 5447; x_wconf 85' lang='lat' dir='ltr'><strong>caput</strong></span> <span class='ocrx_word' id='word_1_863' title='bbox 2596 5379 2763 5451; x_wconf 78' lang='lat' dir='ltr'><strong>totius</strong></span> <span class='ocrx_word' id='word_1_864' title='bbox 2787 5377 3183 5451; x_wconf 60' lang='lat' dir='ltr'><strong>gedillcationis.</strong></span> <span class='ocrx_word' id='word_1_865' title='bbox 3211 5377 3266 5435; x_wconf 79' lang='lat' dir='ltr'><strong>et</strong></span> <span class='ocrx_word' id='word_1_866' title='bbox 3291 5391 3453 5451; x_wconf 87' lang='lat' dir='ltr'><strong>caput</strong></span> <span class='ocrx_word' id='word_1_867' title='bbox 3480 5382 3584 5436; x_wconf 84' lang='lat' dir='ltr'><strong>mi-</strong></span> 
     </span>
    </p>
   </div>
   <div class='ocr_carea' id='block_1_107' title="bbox 339 5446 3583 5521">
    <p class='ocr_par' dir='ltr' id='par_1_107' title="bbox 339 5446 3583 5521">
     <span class='ocr_line' id='line_1_107' title="bbox 339 5446 3583 5521; baseline 0.002 -21"><span class='ocrx_word' id='word_1_868' title='bbox 339 5446 514 5502; x_wconf 85' lang='lat' dir='ltr'><strong>rabile</strong></span> <span class='ocrx_word' id='word_1_869' title='bbox 540 5451 713 5507; x_wconf 89' lang='lat' dir='ltr'><strong>lactus</strong></span> <span class='ocrx_word' id='word_1_870' title='bbox 744 5446 803 5506; x_wconf 84' lang='grc' dir='ltr'>ιη’</span> <span class='ocrx_word' id='word_1_871' title='bbox 825 5452 999 5507; x_wconf 88' lang='lat' dir='ltr'><strong>oculis</strong></span> <span class='ocrx_word' id='word_1_872' title='bbox 1029 5468 1217 5507; x_wconf 91' lang='lat' dir='ltr'><strong>eorum</strong></span> <span class='ocrx_word' id='word_1_873' title='bbox 1250 5446 1342 5521; x_wconf 74' lang='lat' dir='ltr'><strong>qui</strong></span> <span class='ocrx_word' id='word_1_874' title='bbox 1370 5461 1597 5521; x_wconf 88' lang='lat' dir='ltr'><strong>possunt</strong></span> <span class='ocrx_word' id='word_1_875' title='bbox 1623 5465 1746 5506; x_wconf 89' lang='lat' dir='ltr'><strong>eum</strong></span> <span class='ocrx_word' id='word_1_876' title='bbox 1778 5448 1981 5515; x_wconf 87' lang='lat' dir='ltr'><strong>videre,</strong></span> <span class='ocrx_word' id='word_1_877' title='bbox 2006 5448 2078 5502; x_wconf 89' lang='lat' dir='ltr'><strong>ita</strong></span> <span class='ocrx_word' id='word_1_878' title='bbox 2109 5449 2438 5519; x_wconf 88' lang='lat' dir='ltr'><strong>prophetans</strong></span> <span class='ocrx_word' id='word_1_879' title='bbox 2466 5446 2704 5514; x_wconf 59' lang='lat' dir='ltr'><strong>arentium</strong></span> <span class='ocrx_word' id='word_1_880' title='bbox 2735 5448 2916 5515; x_wconf 85' lang='lat' dir='ltr'><strong>tidem,</strong></span> <span class='ocrx_word' id='word_1_881' title='bbox 2945 5450 3077 5505; x_wconf 89' lang='lat' dir='ltr'><strong>dicit</strong></span> <span class='ocrx_word' id='word_1_882' title='bbox 3102 5466 3206 5505; x_wconf 87' lang='lat' dir='ltr'><strong>non</strong></span> <span class='ocrx_word' id='word_1_883' title='bbox 3236 5446 3583 5509; x_wconf 73' lang='lat' dir='ltr'><strong>credentibus</strong></span> 
     </span>
    </p>
   </div>
   <div class='ocr_carea' id='block_1_108' title="bbox 408 5579 2755 5664">
    <p class='ocr_par' dir='ltr' id='par_1_108' title="bbox 408 5579 2755 5664">
     <span class='ocr_line' id='line_1_108' title="bbox 408 5579 2755 5664; baseline -0.001 -20"><span class='ocrx_word' id='word_1_884' title='bbox 408 5590 931 5664; x_wconf 69' lang='lat' dir='ltr'><strong>“Matth.xxr,25.</strong></span> <span class='ocrx_word' id='word_1_885' title='bbox 1012 5595 1323 5651; x_wconf 58' lang='lat' dir='ltr'><strong>&quot;ibidJl.</strong></span> <span class='ocrx_word' id='word_1_886' title='bbox 1401 5579 1718 5648; x_wconf 38' lang='lat' dir='ltr'><strong>&quot;ibidﬁti’i.</strong></span> <span class='ocrx_word' id='word_1_887' title='bbox 1795 5593 2019 5648; x_wconf 81' lang='lat' dir='ltr'><strong>&quot;Deut.</strong></span> <span class='ocrx_word' id='word_1_888' title='bbox 2054 5592 2211 5657; x_wconf 75' lang='lat' dir='ltr'><strong>r,5l.</strong></span> <span class='ocrx_word' id='word_1_889' title='bbox 2285 5592 2329 5623; x_wconf 61' lang='grc' dir='ltr'>επ</span> <span class='ocrx_word' id='word_1_890' title='bbox 2363 5588 2548 5644; x_wconf 82' lang='lat' dir='ltr'><strong>Matth.</strong></span> <span class='ocrx_word' id='word_1_891' title='bbox 2581 5605 2669 5657; x_wconf 77' lang='lat' dir='ltr'><strong>xx,</strong></span> <span class='ocrx_word' id='word_1_892' title='bbox 2706 5589 2755 5643; x_wconf 84' lang='lat' dir='ltr'><strong>t.</strong></span> 
     </span>
    </p>
   </div>
   <div class='ocr_carea' id='block_1_109' title="bbox 411 5724 2037 5802">
    <p class='ocr_par' dir='ltr' id='par_1_109' title="bbox 411 5724 2037 5802">
     <span class='ocr_line' id='line_1_109' title="bbox 411 5724 2037 5802; baseline 0.002 -23"><span class='ocrx_word' id='word_1_893' title='bbox 411 5724 524 5795; x_wconf 60' lang='lat'><strong>(64)</strong></span> <span class='ocrx_word' id='word_1_894' title='bbox 594 5729 826 5797; x_wconf 62' lang='grc' dir='ltr'><em>Ἄλλως</em></span> <span class='ocrx_word' id='word_1_895' title='bbox 887 5731 953 5784; x_wconf 67' lang='grc' dir='ltr'>δὲ</span> <span class='ocrx_word' id='word_1_896' title='bbox 1013 5731 1307 5802; x_wconf 73' lang='grc' dir='ltr'>γεωργοῖς,</span> <span class='ocrx_word' id='word_1_897' title='bbox 1373 5729 1503 5786; x_wconf 75' lang='lat' dir='ltr'><strong>Vide</strong></span> <span class='ocrx_word' id='word_1_898' title='bbox 1555 5728 2037 5802; x_wconf 70' lang='lat' dir='ltr'><strong>Thcophyktctunr.</strong></span> 
     </span>
    </p>
   </div>
  </div>
