4074 6300
311 361 449 422 1495

1250 352 1604 408 COMMENT.
1646 351 1711 405 IN
1750 346 2167 405 MATTHASUM
2206 346 2444 402 TOMUS
2485 346 2647 402 XVII.

3446 346 3582 401 HM

307 502 466 559 τερον
501 482 600 555 μὲν
635 479 976 552 ἐκδιδόμενός
1000 481 1118 532 ἐστι
1140 479 1409 550 γεωργοῖς
1437 476 1743 547 ὑϐρισταῖς
1779 472 1898 527 δεύ-

2008 472 2156 527 vinca
2201 470 2618 526 contumeliosis
2655 467 2886 539 primum
2928 466 3182 535 agricolis
3218 467 3412 521 tradita
3456 475 3579 529 est;

307 594 465 649 τερον
496 576 574 640 δὲ,
630 573 771 629 κατὰ
802 574 928 636 τοὺς
959 570 1431 641 ἀποκριναμένους
1494 569 1624 639 περὶ
1670 565 1761 619 τοῦ
1802 565 1903 635 ἀμ-

311 666 575 730 πελῶνος,
614 663 956 734 ὲκδιδόμενος
1011 660 1192 724 ἄλλοις
1238 660 1526 730 γεωργοῖς,
1558 656 1754 717 οἵτινες
1801 651 1901 705 δώ-

312 775 465 812 σουσι
499 757 624 819 τοὺς
649 755 895 826 καρποὺς
914 753 1077 807 αὑτοῦ
1112 751 1223 825 (66)
1248 753 1305 805 ὲν
1327 753 1439 814 τοῖς
1463 750 1674 820 καιροῖς
1695 744 1897 799 αὑτῶνν

309 849 452 906 κατὰ
469 848 526 903 δὲ
553 848 644 901 τὸν
670 847 897 918 Σωτῆρα
949 845 1194 914 λέγοντα·
1221 863 1239 895 ι
1275 842 1600 912 Ἀρθήσεται
1632 840 1723 908 ἀφ’
1747 837 1900 908 ὑμῶν

312 944 345 1013 ἡ
390 939 634 1012 βασιλεία
669 937 765 992 τοῦ
808 937 966 1002 Θεοῦ,
1002 939 1097 992 καὶ
1138 937 1424 1008 δοθήσεται
1465 932 1607 987 ἔθνει
1659 930 1899 986 ποιοῦντι

308 1035 441 1097 τοὺς
473 1033 724 1103 καρποὺς
766 1032 991 1102 αὐτῆς.)
1020 1026 1172 1102 Ἀρα
1209 1030 1319 1101 γὰρ
1374 1029 1555 1100 δεήσει
1607 1026 1801 1080 ταύτὸν
1833 1027 1902 1078 εἱ-

318 1128 441 1179 πεῖν
464 1121 721 1194 εἶναιτὴν
754 1122 1033 1194 βασιλείαν
1065 1122 1160 1176 τοῦ
1185 1123 1324 1177 Θεοῦ
1345 1121 1425 1193 τῷ
1457 1118 1760 1191 ἀμπελῶνι,
1811 1118 1899 1171 αἰ-

316 1216 550 1288 ρομένην
577 1215 686 1269 ἀπὸ
724 1213 832 1268 τῶν
880 1215 1183 1285 προτέρων,
1209 1212 1494 1283 διδομένην
1521 1211 1579 1263 δὲ
1610 1209 1752 1262 ἔθνει
1779 1225 1900 1261 ποι-

309 1308 461 1362 οῦντι
512 1309 639 1371 τοὺς
681 1308 927 1379 καρποὺς
971 1307 1169 1378 αὑτῆςς
1220 1305 1256 1375 ἦ
1313 1305 1440 1359 ἄλλο
1491 1305 1591 1377 μὲν
1635 1298 1772 1358 εἶναι
1810 1301 1900 1354 τὸν

313 1397 637 1470 ἀμπελῶνα,
673 1397 800 1453 ἄλλο
820 1398 876 1451 δὲ
905 1397 1001 1469 τὴν
1045 1397 1321 1470 βασιλείαν
1365 1397 1458 1451 τοῦ
1492 1398 1663 1464 Θεοῦ;
1703 1396 1899 1465 ἴδωμεν

311 1489 369 1542 δὲ
398 1487 633 1560 πρῶτον,
667 1490 1120 1560 παραστήσαντες
1159 1489 1268 1542 ἀπὸ
1292 1490 1389 1560 τῆς
1417 1489 1658 1562 Γραφῆς,
1692 1488 1773 1541 ὃτι
1796 1486 1901 1555 ἀμ-

312 1579 490 1634 πελὼν
526 1580 767 1634 καλεῖται
795 1582 824 1633 ό
848 1580 994 1645 λαὸς,
1025 1583 1073 1635 εἰ
1112 1581 1336 1636 δύναται
1385 1582 1696 1654 ἐφαρμόσαι
1726 1579 1900 1634 πάντα

310 1672 381 1725 τὰ
411 1671 552 1725 κατὰ
583 1672 674 1725 τὸν
714 1672 877 1725 τόπον
918 1674 984 1743 τῇ
1023 1671 1249 1745 τοιαύτῃ
1287 1672 1555 1743 διηγήσει.
1586 1672 1757 1744 Φησὶν
1810 1668 1901 1725 οὖν

324 1762 570 1826 Ἡσαΐας·
609 1781 626 1812 ι
654 1762 803 1834 ’ᾼσω
836 1762 900 1833 δὴ
936 1761 1014 1833 τῷ
1067 1762 1412 1834 ἠγαπημένῳ
1463 1759 1616 1834 ᾆσμα
1645 1763 1738 1817 τοῦ
1767 1764 1902 1831 ἀγα-

1975 588 1981 616 :
2008 561 2305 617 secundum
2323 567 2526 623 autem,
2553 559 2707 628 juxta
2733 572 2921 611 eorum
2936 556 3258 611 sententiam
3290 557 3382 626 qui
3412 556 3478 610 de
3502 558 3581 608 vi-

2009 667 2108 705 nea
2141 648 2461 719 interrogati
2496 648 2916 717 responderunt,
2958 646 3079 699 aliis
3115 646 3345 699 traditur
3371 646 3586 715 agrico-

2007 743 2095 806 lis,
2144 741 2237 812 qui
2293 742 2463 811 ipsius
2513 738 2723 794 fructus
2778 737 3001 792 reddent
3042 737 3377 805 temporibus
3435 738 3582 802 suis;

2004 834 2161 904 juxta
2195 832 2504 888 Servatoris
2523 838 2703 886 autem
2728 829 2894 883 verba
2922 829 2965 859 ⁸⁵
2993 846 3004 882 :
3048 846 3066 877 ι
3109 825 3400 880 Auferetur
3424 841 3455 880 a
3492 842 3588 880 vo—

2007 926 2093 982 bis
2138 941 2365 995 regnum
2412 924 2528 990 Dei,
2569 932 2622 978 et
2662 921 2882 977 dabitur
2917 920 3061 991 genti
3107 917 3328 974 facienti
3375 917 3585 973 fructus

2008 1018 2146 1089 ejus.
2191 1036 2208 1069 ι
2237 1017 2317 1070 Αιι
2343 1030 2471 1087 ergo
2521 1014 2662 1070 idem
2693 1029 2813 1070 esse
2858 1028 3086 1083 regnum
3132 1012 3224 1067 Dei
3258 1027 3322 1067 ac
3364 1011 3582 1066 vineam

2008 1104 2285 1174 prioribus
2306 1103 2564 1167 ablatam,
2596 1102 2742 1172 genti
2765 1115 2890 1155 vero
2926 1100 3137 1156 fructus
3164 1100 3338 1171 ipsius
3366 1100 3584 1155 facienti

2010 1196 2262 1251 traditam
2285 1194 2573 1251 dicendum
2600 1194 2721 1249 est?
2753 1209 2821 1247 an
2847 1192 2993 1247 aliud
3020 1207 3142 1247 esse
3168 1192 3405 1259 vineam,
3439 1193 3585 1247 aliud

2008 1302 2136 1342 vero
2169 1302 2397 1357 regnum
2424 1286 2516 1341 Dei
2548 1284 2935 1341 statuendum?
2966 1284 3261 1355 Postquam
3296 1293 3477 1340 autem
3504 1286 3589 1339 vi-

2009 1395 2165 1435 neam
2224 1379 2479 1449 appellari
2545 1378 2804 1448 populum
2862 1378 3271 1447 probaverimus
3321 1392 3389 1432 ex
3441 1377 3590 1433 Scri-

2008 1482 2189 1541 ptura,
2245 1471 2530 1526 videamus
2577 1471 2812 1540 primum
2869 1479 3052 1524 utrum
3096 1484 3436 1540 quaecunque
3483 1469 3589 1525 hoc

2009 1562 2278 1617 habentur
2312 1562 2451 1628 loco,
2496 1561 2765 1630 ejusmodi
2814 1561 3029 1630 possint
3067 1561 3410 1630 explicatioui
3450 1576 3585 1616 con-

2008 1654 2212 1707 venire.
2247 1652 2334 1706 Ait
2362 1668 2491 1718 ergo
2533 1651 2699 1707 Isaias
2718 1652 2764 1683 °°
2797 1670 2809 1705 :
2848 1670 2865 1702 ι
2904 1650 3148 1704 Cautabo
3182 1650 3379 1705 dilecto
3411 1651 3589 1705 canti-

2009 1759 2133 1799 cum
2163 1744 2346 1800 dilecti
2375 1747 2546 1798 vinea:
2575 1760 2708 1799 mea:
2742 1762 2755 1798 :
2786 1745 2941 1797 vinea
2982 1742 3123 1797 facta
3149 1751 3233 1797 est
3262 1741 3459 1797 dilecto
3480 1783 3495 1808 ,
3531 1743 3587 1795 in

313 1852 489 1924 πητοῦ
515 1853 592 1924 τῷ
622 1833 904 1925 ἀμπελῶνί
939 1871 1040 1925 μου
1088 1853 1222 1923 (67)-
1249 1833 1518 1923 νάμπελὼν
1545 1833 1789 1926 ἐγενήθη
1825 1854 1902 1926 τῷ

2008 1852 2199 1903 cornu,
2247 1836 2301 1890 in
2361 1836 2481 1891 loco
2519 1836 2727 1906 pingui.
2769 1833 2835 1889 Et
2878 1848 3060 1905 sepem
3118 1834 3589 1903 circumposui,et

313 1945 660 2017 ἠγαπημένῳ
694 1948 751 2001 ὲν
784 1946 1000 2019 κέρατι,
1044 1948 1102 1999 ὲν
1130 1946 1284 2018 τόπῳ
1309 1948 1476 2001 πίονι·
1509 1947 1603 2002 καὶ
1647 1949 1899 2019 φραγμὸν

316 2036 646 2108 περιέθηκα,
698 2039 794 2091 καὶ
820 2038 1173 2111 ὲχαράκωσα,
1206 2039 1299 2092 καὶ
1353 2039 1627 2109 ἐφύτευσα
1656 2039 1901 2112 ἄμπελον

314 2127 564 2200 Σωρὴκ,ι
600 2128 785 2183 καὶτὰ
817 2128 942 2200 ἑξῆς
974 2130 1079 2192 ἕως
1100 2129 1214 2182 τοῦ·
1241 2150 1259 2182 ι
1294 2130 1545 2201 Ἐποίησε
1573 2130 1629 2183 δὲ
1651 2131 1898 2201 ἀνομίαν,

317 2222 409 2274 καὶ
429 2222 490 2274 οὐ
520 2221 889 2293 δικαιοσύνην,
916 2222 1054 2276 ἀλλὰ
1076 2224 1378 2294 κραυγήν.»
1429 2222 1725 2295 Ἐξεθέμην
1748 2223 1812 2295 δὴ
1843 2225 1903 2277 τὸ

314 2314 426 2371 ἀπὸ
450 2314 545 2368 τοῦ
587 2314 809 2367 Ἡσαΐου
841 2310 1012 2385 ᾇσμα,
1039 2313 1362 2384 βουλόμενος
1391 2314 1522 2367 αὐτὸ
1554 2313 1903 2378 συνεξετάσαι

316 2412 387 2479 τῇ
413 2405 718 2479 παραὸολῇ,
751 2407 799 2459 εἰ
827 2405 967 2458 κατὰ
992 2406 1086 2458 τοῦ
1135 2404 1301 2458 αὑτοῦ
1357 2409 1532 2459 κεῖται
1565 2408 1594 2459 ὁ
1642 2405 1903 2475 ἀμπελὼν

319 2496 728 2570 σημαινομένου
764 2498 819 2548 ὲν
856 2497 1094 2567 ἑκατέρᾳ
1121 2498 1187 2567 τῇ
1214 2497 1425 2568 Γραφῇ.
1487 2496 1599 2548 Καὶ
1632 2495 1733 2566 ὅρα
1781 2495 1904 2548 τίνα

321 2595 423 2665 μὲν
448 2595 609 2665 ὃμοια
635 2592 850 2663 ἔχουσιν
877 2592 932 2643 αξ
985 2589 1290 2644 ὲκτεθεῖσαι
1326 2588 1521 2657 λέξεις,
1566 2588 1691 2643 τινα
1720 2588 1776 2642 δὲ
1808 2589 1906 2660 οὐχ

317 2686 503 2756 ὅμοια,
544 2685 653 2748 ἵνα,
690 2683 904 2755 βλέπων
942 2681 1042 2745 τὰς
1081 2681 1343 2753 διαφορὰς
1381 2679 1489 2733 τῶν
1524 2680 1727 2751 ὁμοίων
1768 2679 1905 2752 πρὸς

316 2776 387 2830 τὰ
435 2775 684 2847 ἀνόμοια,
720 2772 894 2836 οῦτως
947 2774 1248 2845 ἐπιστήσῃς
1292 2771 1372 2843 τῷ
1412 2769 1490 2841 νῷ
1522 2771 1624 2841 τῆς
1659 2771 1900 2843 Γραφῆς.

321 2868 545 2938 Ὅμοιον
577 2862 669 2920 οὖν
697 2865 778 2918 τόν
818 2884 836 2917 ι
872 2863 1201 2935 Ἐφύτευσεν
1255 2862 1590 2934 ἀμπελῶνα,
1630 2863 1724 2916 καὶ
1763 2879 1905 2934 φρα-

318 2958 461 3031 γμὸν
490 2958 641 3029 αὐτῷ
671 2957 986 3028 περιέθηκε,
1017 2956 1111 3010 καὶ
1137 2954 1344 3027 ὤρυξεν
1369 2957 1426 3008 ὲν
1444 2952 1592 3033 αὐτῷ
1608 2954 1789 3025 ληνὸν,
1812 2954 1906 3008 καὶ

315 3049 636 3121 ᾠκοδόμησε
693 3049 956 3119 πύργον,›
1016 3047 1113 3118 τῷ·
1175 3066 1194 3098 ι
1231 3046 1519 3118 Ἀμπελὼν
1569 3044 1800 3116 ἐγενήθη
1828 3044 1906 3115 τῷ

313 3138 659 3218 ἠγαπημένῳ
692 3141 749 3191 ὲν
778 3139 1008 3209 θιὲρατι,
1044 3140 1103 3190 ὲν
1129 3137 1279 3207 τόπῳ
1328 3136 1493 3190 πίονι⁶
1528 3135 1622 3188 καὶ
1654 3134 1907 3205 φραγμὸν

319 3228 642 3303 περιέθηκα,
668 3230 764 3282 καὶ
813 3226 1166 3299 έχαράκωσα,
1210 3227 1306 3280 καὶ
1347 3226 1621 3297 ἐφύτευσα
1661 3223 1906 3295 ἄμπελον

316 3322 513 3394 Σωρὴκ
531 3320 664 3394 (68),
680 3321 772 3374 καὶ
800 3320 1126 3391 ᾠκοδόμησα
1140 3318 1346 3389 πύργον
1363 3321 1419 3372 ὲν
1437 3319 1586 3390 μέσῳ
1607 3316 1793 3380 αὐτοῦ,
1810 3317 1905 3371 καὶ

319 3414 606 3486 προλήνιον
626 3410 812 3483 ὥρυξα
834 3412 893 3465 ἐν
927 3409 1094 3481 αὐτῷ’
1111 3430 1129 3461 ι
1157 3410 1399 3482 παράθες
1427 3409 1536 3481 γὰρ
1558 3408 1656 3480 τῷ·
1689 3427 1706 3460 ι
1742 3406 1903 3476 Ἐφύ-

315 3523 507 3562 τευσεν
542 3503 864 3576 ἀμπελῶνα,
905 3523 924 3553 ι
987 3503 1070 3556 τό·
1116 3521 1133 3553 ι
1166 3502 1473 3572 Ἐφύτευσα
1525 3500 1767 3572 ἄμπελον
1794 3501 1906 3553 Σω-

321 3597 483 3668 Mx"
530 3595 623 3648 καὶ
661 3592 758 3663 τῷ
827 3590 1130 3661 «Φραγμὺν
1193 3589 1342 3660 αὐτῷ
1394 3587 1711 3659 περιέθηκε,
1757 3604 1775 3637 ι
1822 3586 1904 3638 1:6-

325 3705 346 3739 ι
371 3684 628 3757 Φραγμὸν
667 3683 1023 3756 περιέθηκαί
1062 3681 1158 3736 καὶ
1205 3679 1303 3750 τῷ·
1352 3698 1370 3730 ι
1403 3677 1633 3750 Ὥρυξεν
1661 3680 1718 3730 ὲν
1762 3673 1910 3745 αὐτῷ

2004 1928 2224 1995 vallavi,
2261 1936 2316 1984 et
2363 1928 2601 1998 plantavi
2635 1930 2847 1983 vineam
2884 1926 3075 1992 Sorec,
3122 1945 3140 1978 ι
3181 1935 3235 1980 et
3257 1926 3487 1996 reliqua,
3520 1928 3586 1979 ad

2005 2020 2057 2075 id
2095 2035 2273 2091 usque
2311 2039 2322 2074 :
2365 2038 2382 2071 ι
2425 2018 2573 2074 Fecit
2599 2027 2781 2073 autem
2811 2019 3173 2088 iniquitatem,
3202 2027 3256 2072 et
3287 2031 3393 2071 non
3421 2017 3584 2088 justi-

2006 2114 2158 2175 tiam,
2189 2110 2282 2164 sed
2306 2109 2621 2164 clamorem.
2658 2128 2676 2161 ι
2706 2108 2992 2162 Canticum
3018 2123 3183 2177 porro
3215 2109 3439 2180 exlsaia
3464 2124 3587 2178 pro-

2008 2204 2186 2274 posui,
2216 2202 2420 2258 utillud
2439 2217 2565 2258 cum
2593 2201 2850 2271 parabola
2868 2201 3202 2256 contendens
3231 2201 3582 2270 dispicerem,

2006 2295 2326 2349 eamdemne
2382 2293 2836 2365 signiﬁcationem
2898 2294 2950 2348 in
3017 2302 3249 2363 utraque
3304 2292 3583 2363 Scriptura

2008 2387 2164 2439 vinea
2189 2385 2511 2440 contineret.
2543 2384 2600 2438 In
2623 2385 2825 2455 quibus
2854 2393 3035 2439 autem
3070 2384 3232 2439 rebus
3263 2385 3591 2439 conveniant

2010 2479 2287 2549 proposita
2311 2479 2452 2547 loca,
2483 2478 2537 2533 in
2565 2478 2767 2549 quibus
2795 2479 3216 2534 disconveniant
3247 2480 3497 2548 observa,
3528 2490 3590 2536 ut

2007 2571 2267 2631 similium
2327 2585 2452 2625 cum
2505 2570 2867 2626 dissimilibus
2923 2581 3202 2641 perspecta
3262 2571 3591 2641 dill‘erentia,

2010 2658 2308 2728 Scripturte
2340 2674 2562 2712 sensum
2602 2673 2668 2713 eo
2694 2668 2851 2729 pacto
2884 2668 3067 2713 tenere
3098 2660 3299 2728 possis.
3327 2661 3462 2715 Illud
3488 2661 3590 2729 igi-

2010 2750 2155 2804 tur"
2179 2768 2192 2804 :
2223 2769 2241 2802 ι
2264 2747 2538 2804 Plantavit
2566 2751 2778 2804 vineam
2802 2749 2968 2819 776
2995 2758 3046 2803 et
3069 2764 3250 2817 sepem
3279 2749 3588 2804 circumda:-

2007 2842 2089 2897 dit
2119 2842 2190 2909 ei,
2216 2852 2268 2897 et
2295 2842 2433 2897 fodit
2460 2842 2511 2895 in
2544 2857 2608 2897 ea
2642 2843 2901 2906 torcular,
2925 2850 2980 2896 et
3001 2842 3287 2896 mdiﬁcavit
3310 2842 3524 2907 turrim,
3564 2857 3585 2894 9

2010 2934 2188 2990 simile
2217 2935 2266 2989 ei
2298 2943 2383 2989 est
2412 2936 2457 2966 ⁸⁸
2483 2953 2498 2989 :
2534 2952 2553 2984 ι
2593 2932 2759 2988 Vinea
2789 2932 2929 2988 facta
2961 2942 3045 2988 est
3066 2934 3283 3000 dilecto,
3315 2934 3369 2987 in
3394 2948 3587 2996 conm,

2010 3028 2216 3082 inloco
2247 3026 2455 3097 pingui.
2504 3025 2571 3080 Et
2612 3040 2794 3096 sepem
2827 3025 3217 3095 circumposui,
3277 3036 3330 3080 et
3373 3025 3588 3091 vallavi,

2009 3128 2063 3172 ct
2107 3118 2344 3186 plantavi
2391 3117 2606 3171 vineam
2655 3116 2861 3182 Sorec,
2910 3126 2965 3172 et
2995 3116 3260 3171 aediﬁcavi
3308 3115 3501 3169 turrim
3536 3116 3590 3168 in

2014 3207 2195 3260 medio
2218 3206 2359 3275 ejus,
2382 3214 2436 3260 ct
2454 3206 2692 3261 torcular
2712 3208 2962 3261 exstruxi
2988 3207 3042 3260 in
3061 3222 3145 3261 ea.
3177 3226 3195 3258 ι
3237 3206 3376 3261 Huic
3400 3206 3546 3260 enim
3574 3223 3589 3261 :

2019 3316 2036 3348 ι
2081 3294 2349 3352 Plantavit
2370 3297 2608 3362 vineam,
2657 3316 2676 3349 ι
2710 3297 2900 3352 confer
2936 3297 3068 3353 illud
3111 3317 3123 3352 :
3167 3318 3185 3350 ι
3223 3298 3468 3353 Plantavi
3505 3297 3590 3352 vi-

2013 3405 2171 3445 neam
2224 3389 2426 3458 Sorec;
2487 3411 2505 3443 ι
2558 3391 2728 3447 huic:
2767 3410 2785 3443 ι
2828 3391 3023 3461 Sepem
3060 3392 3420 3447 circumdedit
3445 3392 3529 3458 ei,
3567 3410 3587 3445 ι

2014 3483 2144 3538 illud
2182 3500 2196 3537 :
2237 3502 2254 3533 ι
2288 3481 2480 3553 Sepem
2506 3485 2905 3552 circumposui;
2949 3502 2966 3535 ι
3004 3495 3056 3538 et
3086 3483 3213 3539 huic
3243 3503 3254 3538 :
3288 3504 3307 3536 ι
3348 3484 3512 3540 Fodit
3536 3485 3592 3540 iu

2015 3590 2078 3630 ea
2106 3575 2368 3641 torcular,
2395 3593 2414 3626 ι
2454 3575 2585 3629 illud
2618 3594 2629 3629 :
2670 3595 2688 3627 ι
2729 3576 2796 3628 Et
2823 3575 3061 3629 torcular
3090 3576 3336 3633 exstruxi
3359 3577 3413 3631 in
3434 3592 3530 3645 ea;
3566 3597 3586 3631 ι

2015 3675 2070 3723 et
2106 3667 2232 3722 huic
2265 3685 2278 3720 :
2320 3685 2339 3717 ι
2371 3666 2688 3723 ίΕιΙὶίὶοιινίι
2727 3669 2942 3734 turrim,
2984 3687 3004 3719 ι
3034 3667 3169 3727 illud
3208 3686 3222 3725 :
3267 3689 3285 3725 ι
3322 3669 3388 3725 Et
3424 3672 3594 3728 aedili-

1531 3787 1762 3844 VETUS
1801 3776 2388 3839 INTERPRETATIO.

319 3921 448 3974 dum
479 3919 748 3988 ejusmodi
785 3935 849 3972 ex
894 3917 1181 3972 ositionem
1210 3914 1424 3969 valeant
1456 3910 1769 3966 convenire.
1801 3906 1939 3961 Dicit
1967 3904 2113 3959 enim
2147 3902 2313 3984 Isaias
2340 3920 2353 3955 :
2383 3918 2401 3951 ι
2434 3899 2681 3982 Cantaho
2723 3916 2867 3956 nunc
2903 3902 3102 3983 dilecto
3129 3903 3425 3982 canticum,
3455 3902 3590 3956 diie-

322 4001 422 4042 etze
453 3990 623 4042 vineae
656 4004 808 4042 meat.
845 3933 1017 4042 θίιιθο
1051 3986 1189 4039 facta
1217 3994 1300 4039 est
1329 3985 1549 4042 dilecto,
1586 3982 1638 4033 iu
1678 3995 1874 4039 cornu,
1909 3976 1962 4029 in
1994 3975 2116 4029 loco
2145 3973 2296 4027 UbCI‘l
2325 3990 2337 4025 :
2363 3979 2418 4042 et
2455 3987 2591 4042 sepe
2608 3972 3037 4042 circumdedt,et
3065 3974 3349 4028 characavt
3376 3981 3590 4033 eam,et

322 4001 422 4043 etze
453 3990 623 4044 vineae
656 4004 808 4043 meae.

897 3992 1017 4041 inea
1051 3986 1189 4039 facta
1217 3994 1300 4039 est
1329 3985 1549 4045 dilecto,
1586 3982 1638 4033 iu
1678 3995 1874 4039 cornu,
1909 3976 1962 4029 in
1994 3975 2116 4029 loco
2145 3973 2296 4027 uberi
2325 3990 2337 4025 :
2363 3979 2418 4045 et
2455 3972 3037 4045 sepe_gci_rcumdedi,et
3065 3971 3349 4045 charaeavi
3376 3981 3590 4045 enimet

324 4041 804 4129 initiatuses".
841 4059 1029 4129 Sorec,
1066 4065 1119 4109 et
1148 4053 1409 4129 aad_il_icavi
1445 4041 1638 4129 turrim
1673 4052 1727 4129 i_n
1771 4047 1950 4129 medio
1980 4045 2121 4114 ejus,
2148 4051 2209 4129 et
2239 4041 2477 4129 tercalar
2666 4041 3591 4129 eaLeteagspec'tavi‘utAI‘aceret

324 4110 873 4193 ῧὶῖτὲὲὲιζίιεέὶῐξιῖιιέηὶ
896 4110 1113 4196 spinas.
1151 4145 1169 4177 ›
1193 4122 1277 4196 _Et'
1295 4130 1415 4196 post
1431 4122 1625 4196 aliqua
1654 4121 1733 4175 sic
1760 4137 1787 4196 :_
1807 4137 1826 4170 ι
1856 4110 2047 4196 Vinea.
2073 4115 2233 4196 enim.
2257 4111 2473 4166 Domini
2511 4110 2751 4196 Sabaoth
2780 4112 2977 4196 domus
3006 4110 3169 4167 Israel
3196 4120 3300 4196 est,
3331 4120 3384 4166 et
3426 4112 3591 4196 homo

323 4181 1098 4264 Iuda,Inovellumidileétum.
1133 4215 1152 4246 ι
1190 4181 1399 4248 Ρτοὶυιὶ
1429 4181 1615 4264 itaque
1643 4189 1919 4264 canticum
1949 4182 2338 4264 lsa_ia:,'y_olens
2374 4182 2722 4263 considerare
2752 4181 3062 4264 secundum
3080 4184 3407 4264 parabolarn
3426 4185 3587 4264 hanc,

325 4270 369 4323 si
406 4252 717 4324 secundum,
737 4269 881 4322 illam
919 4267 1154 4327 vineam,
1188 4272 1242 4317 et
1289 4264 1405 4317 haec
1451 4252 1609 4332 vinea
1629 4257 1867 4332 intelligi
1896 4254 2100 4332 possit;
2122 4252 2190 4306 Et
2221 4252 2632 4332 videquouiam
2677 4252 2926 4320 quaedam
2971 4252 3190 4332 quidem
3218 4331 3221 4332 ν
3245 4253 3453 4332 similia
3488 4253 3589 4332 ha-

326 4320 825 4405 iisiii,'5iiﬁijuéiﬁ
853 4320 1152 4392 dissimilia,
1174 4342 1278 4405 :_ut
1309 4332 1517 4405 _videns
1561 4320 1911 4405 diﬁ‘erentias
1939 4324 2201 4405 similium
2230 4324 2297 4376 ad
2333 4320 2562 4405 sinulia,
2582 4320 3019 4405 discassensum
3050 4320 3365 4405 scripturae.
3399 4322 3590 4405 Simile

323 4390 840 4480 est—ie’rg—oiquddiait
862 4390 1239 4461 DziPlantavit
1272 4402 1509 4466 vineam,
1536 4408 1591 4455 et
1619 4413 1748 4469 sepe
1773 4395 2133 4453 circumdedit
2159 4407 2299 4460 eam,
2333 4401 2387 4447 et
2432 4390 2571 4445 fodit
2596 4390 2650 4445 in
2676 4406 2739 4445 ea
2775 4392 3034 4458 torcular,
3066 4401 3121 4446 et
3154 4390 3441 4448 aediﬁcavit
3470 4400 3593 4446 tur--

395 4549 440 4579 ⁸⁸
474 4547 662 4602 Matth.
689 4563 805 4611 xm,
834 4547 920 4600 45.
1000 4545 1046 4577 ⁸⁸
1074 4543 1177 4600 Isa.
1209 4559 1263 4608 ν,
1292 4545 1345 4609 1,
1375 4542 1411 4596 2
1440 4551 1495 4596 et
1518 4557 1634 4611 seq.

398 4680 507 4747 (66)
546 4681 763 4735 Αὑτοῦ.
800 4679 984 4734 Codex
1014 4678 1236 4749 Regius,
1265 4678 1464 4749 αὐτῶν.

397 4744 518 4833 (στι
555 4753 721 4835 ’κλαίει
757 4749 826 4835 δέ
865 4749 960 4835 ,τῶ
986 4744 1566 4835 ,ήγάπτιςιεένφηάίτέέα
1612 4747 1719 4835 τοίὲ
1760 4749 1905 4818 ἀγα·

327 4818 521 4888 πητοῦ
565 4818 647 4887 ἐῷ
688 4819 1013 4902 ᾀμςτελῶνι.
1035 4837 1176 4888 μου.
1208 4818 1309 4900 _Ita
1353 4819 1626 4898 Cyrinus,
1669 4827 1723 4872 et
1770 4834 1902 4901 mss.

326 4891 621 4968 Alexandr.
650 4888 1054 4968 S_l_xl.llla£dill_0
1081 4908 1100 4968 :_
1129 4890 1236 4943 Του
1266 4891 1550 4968 ἀγαπητοῦ
1590 4905 1710 4968 μρυ.
1742 4890 1906 4968 Lom:

325 4962 595 5029 pluteusis
626 4980 639 5014 :
674 4961 824 5031 ’ᾼσω
865 4960 922 5031 δὲ
953 4959 1035 5031 τῷ
1079 4954 1771 5031 ἠγαπημένῳμοὼᾷσμα
1809 4957 1904 5010 τοῦ

326 5014 614 5102 ἆγαπητοῦ
652 5014 728 5101 τῷ
755 5014 1045 5102 ἀμπελῷνι
1067 5014 1547 5102 αῧτοῦτἻτιιῖειιὶο,
1583 5048 1601 5080 ι
1625 5014 1903 5083 canticum

366 5100 591 5171 atruelis
617 5100 963 5171 tnei,_rquod
997 5100 1137 5154 idem
1169 5100 1369 5154 habere
1398 5102 1645 5168 Aquilam
1675 5107 1906 5153 testatur

327 5115 591 5222 patruelis
617 5116 745 5163 met,
773 5119 790 5151 ι
819 5115 963 5171 quon
997 5115 1137 5154 tuem
1169 5115 1369 5154 nauere
1398 5115 1645 5168 Aquilam
1675 5115 1902 5153 testatur

354 5169 711 5243 Iieronymus.
737 5169 901 5225 Hebr.
939 5178 1240 5243 rma-mu
1269 5186 1283 5235 ;
1319 5179 1375 5223 at
1410 5180 1557 5243 πυ
1583 5180 1858 5239 patruum,
1883 5187 1902 5220 ι

327 5249 383 5293 et
415 5259 436 5291 ι
463 5240 797 5310 patruelem,
833 5261 852 5292 ι
898 5249 952 5294 et
994 5258 1014 5291 ι
1041 5241 1296 5295 dilectum
1324 5259 1343 5292 ι
1386 5240 1691 5310 signiﬁcat;
1741 5254 1906 5307 quam

329 5319 664 5377 postremam
712 5311 964 5366 vocabuli
1013 5310 1179 5380 hujus
1226 5310 1559 5364 notationem
1604 5318 1911 5378 sequuntur

328 5399 623 5475 Jonatban,
641 5412 696 5459 et
720 5403 911 5475 Syrus,
930 5410 984 5457 et
1003 5401 1197 5475 Arabs.
1218 5401 1348 5457 Item
1380 5417 1479 5475 pro
1498 5386 1677 5475 Ἴσκε)ίῖ
1702 5422 1719 5453 ι
1741 5402 1913 5475 vincte

329 5472 472 5540 ejus,
506 5492 524 5525 ι
559 5475 705 5544 quod
745 5471 995 5545 sequitur
1031 5471 1283 5543 Vulgata,
1311 5471 1828 5543 et'Complutensis,
1860 5481 1914 5526 et

329 5559 624 5643 Jonathau,
654 5574 708 5619 et
736 5565 929 5643 Syrus,
961 5573 1015 5619 et
1038 5564 1214 5643 Arabs
1218 5581 1271 5643 ἑ.
1292 5564 1540 5643 legerunt
1571 5565 1660 5643 alii
1701 5546 1908 5643 πῃ-ῡξ,

336 5650 355 5682 ι
386 5634 554 5706 vinea;
576 5634 791 5706 meani—
805 5636 893 5690 cui
920 5634 1194 5691 consentit
1215 5634 1449 5702 Sixtina,
1476 5642 1530 5690 ct
1556 5635 1777 5706 reliquae
1801 5634 1910 5689 τῶν

334 5705 387 5753 U'
421 5702 707 5757 editiones.
740 5703 1002 5760 IIUETIUS.

405 5772 515 5842 (65)
555 5775 846 5843 Ἄμπελον
870 5774 1095 5846 Σωριξκ.
1134 5774 1206 5830 Ita
1239 5773 1400 5829 LXX.
1430 5774 1498 5829 At
1521 5774 1904 5846 Symmachus,

1711 4542 1752 4572 ⁵⁷
1779 4539 1967 4593 Matth.
2004 4554 2115 4592 χχι.
2157 4539 2246 4591 55.

2340 4537 2384 4567 ⁸³
2421 4536 2520 4590 Isa.
2555 4552 2607 4603 ι’,
2645 4536 2667 4588 I
2696 4575 2710 4598 ,
2737 4535 2773 4588 2
2801 4544 2851 4590 et
2884 4551 2997 4604 seq.

1942 4681 1983 4735 D
2013 4677 2268 4739 Basilius,
2300 4673 2598 4739 .Innathan,
2641 4684 2696 4729 et
2737 4673 3121 4743 Hieronymus,
3166 4694 3184 4725 ι
3222 4676 3434 4728 vineam
3475 4671 3591 4727 ele-

2013 4758 2175 4803 ctam.
2209 4766 2228 4798 ι
2274 4744 2385 4799 Vox
2421 4754 2555 4830 p‘tw
2588 4760 2695 4799 non
2742 4745 2869 4798 vino
2914 4745 3091 4798 solum
3142 4746 3212 4800 ita
3260 4746 3440 4808 dicto,
3494 4746 3590 4801 sed

2016 4842 2178 4895 rebus
2208 4840 2331 4894 aliis
2364 4839 2417 4892 in
2451 4837 2732 4908 Scriptura
2768 4839 3044 4904 tribuitur,
3079 4848 3132 4893 et
3176 4831 3452 4908 quoddam
3494 4854 3590 4895 co-

2014 4912 2145 4966 loris
2176 4926 2346 4977 genus
2394 4907 2665 4977 significat
2717 4910 2878 4964 rebus
2920 4910 2987 4965 iis
3015 4924 3325 4963 commune.
3370 4907 3447 4962 Ex
3487 4909 3593 4964 hac

2013 4982 2123 5036 vite
2150 4982 2292 5035 dicta
2325 4991 2408 5033 est
2446 4980 2600 5049 vallis
2631 4978 2816 5041 Sui-ec,
2848 4981 2899 5033 in
2930 4995 3037 5049 qua
3076 4979 3357 5033 habitabat
3393 4979 3588 5036 Dalila.

2013 5051 2190 5106 Judic.
2237 5050 2440 5111 “1,4;
2487 5068 2507 5100 ι
2548 5048 2677 5104 Post
2726 5050 2839 5105 lucc
2884 5050 3088 5104 amavit
3134 5050 3419 5104 mulierem
3466 5065 3591 5121 quae

2014 5143 2222 5198 habitat
2267 5152 2399 5231 F'tw
2452 5127 2612 5210 Limn,
2667 5144 2718 5196 iu
2788 5144 2925 5198 valle
2988 5144 3174 5201 Sorec.
3221 5167 3240 5199 ι
3292 5144 3467 5211 LXX,
3531 5148 3593 5201 Iw

2016 5238 2290 5310 ἁλσωρήχ.
2333 5236 2507 5310 Lege:
2546 5239 2603 5310 ἐν
2637 5240 2771 5292 ναὰλ
2808 5240 3036 5310 Σωρήχςο
3078 5239 3324 5306 Hieron.,
3356 5259 3374 5290 ι
3399 5239 3591 5308 Sorec,

2017 5308 2227 5363 nomen
2247 5309 2505 5363 torrentis
2530 5308 2598 5362 dc
2626 5324 2736 5377 quo
2768 5308 2911 5364 loco‘
2934 5308 3037 5364 fuit
3068 5310 3272 5374 Dalila,
3303 5311 3390 5363 illa
3432 5311 3592 5365 Sam-

2016 5379 2170 5435 sonis
2216 5397 2228 5431 :
2285 5379 2381 5449 sed
2438 5388 2492 5432 et
2539 5395 2713 5448 usque
2767 5380 2926 5435 hodie
2989 5381 3054 5435 ad
3108 5381 3589 5449 septentrionalem

2019 5450 2231 5518 plagam
2282 5447 2763 5518 Eleutheropnleos
2791 5452 2944 5505 vicus
2987 5447 3322 5514 ostenditur,
3370 5451 3593 5506 nomine

2018 5519 2565 5588 Capharsorecjuxta
2584 5520 2765 5575 villam
2794 5521 2982 5584 Saraa,
3001 5521 3143 5574 unde
3172 5519 3274 5574 fuit
3296 5521 3587 5578 Samson.»

2019 5589 2156 5645 Huic
2190 5599 2371 5644 autem
2395 5589 2517 5643 loco
2550 5592 2886 5645 contermina
2918 5600 3037 5646 erat
3060 5591 3216 5645 vallis
3249 5589 3419 5654 Botri,
3449 5593 3593 5647 unde

2015 5658 2341 5785 cxitrtiaa£illla
2371 5675 2470 5713 uva
2517 5660 2678 5714 allata
2711 5670 2796 5717 est
2825 5662 2892 5717 ab
2926 5658 3385 5732 exploratoribus.
3424 5659 3588 5719 Num.

2017 5747 2135 5785 xm.
2172 5760 2213 5783 ,ι
2245 5771 2258 5783 .
2316 5746 2369 5785 u.

2017 5747 2135 5797 xm,
2167 5746 2258 5785 αιι.
2294 5746 2369 5787 tu.
