4074 6300
395 366 530 425 “37

1305 367 1658 423 (ΣΟΜῘᾹΕΝΤ.
1701 366 1766 420 IN
1806 364 2221 420 ΜΑΤΤΙΙᾸῙΠΜ
2257 363 2492 422 TOMUS
2532 364 2691 419 XVII.
2755 384 2760 390 ·

3504 369 3640 423 Ηυδ

391 487 500 544 θὼν
527 490 652 552 τοὺς
681 489 978 559 γεωργοὺς,
1022 489 1115 541 καὶ
1147 489 1540 561 προνοούμενος
1577 488 1672 543 τοῦ
1713 487 1968 559 ἀμπελῶ-

2075 486 2316 542 etil‘eram
2368 503 2582 542 omnem
2653 501 2884 553 veram;
2935 505 2956 540 ι
3019 497 3072 542 et
3117 503 3306 542 eorum
3353 487 3637 542 instar“:

393 598 505 648 νος,
522 579 818 634 ἐκδώσεται
838 579 1000 633 αὑτὸν
1023 578 1200 644 ἀλλοις
1226 584 1514 652 γεωργοῖς,
1541 581 1735 645 οἵτινες
1760 579 1972 634 ἀποδὼ-

397 687 578 725 σουσιν
611 669 758 740 αύτῷ
808 670 934 734 τοὺς
973 673 1220 742 καρποὺς
1265 672 1323 724 ἐν
1366 674 1480 734 τοῖς
1527 673 1735 742 καιροῖς
1770 670 1966 724 αὐτῶν.

410 763 566 816 Ἀλλὰ
596 763 686 816 καὶ
720 763 778 815 ἐν
822 761 901 831 τῷ
945 761 1182 834 Ἱερεμίᾳ
1211 761 1517 825 ἀκολούθως
1547 761 1656 833 τῷο
1701 781 1718 814 ι
1769 763 1826 815 '0
1860 761 1970 832 γὰρ

396 851 653 924 ἀμπελὼν
678 853 882 924 Κυρίου
913 850 1136 907 Σαϐαὼθ
1160 849 1307 916 οἶκος
1329 853 1426 906 τοῦ
1467 853 1684 925 Ἰσραήλ
1708 853 1845 915 ἐστι,
1876 852 1974 906 καὶ

395 944 676 1018 ἄνθρωπος
703 944 798 998 τοῦ
840 945 1010 999 Ἰούδα
1055 946 1309 1015 νεόφυτον
1347 947 1720 1018 ἠγαπημένον,
1761 965 1778 996 ι
1813 943 1969 1016 εἴρη-

397 1053 488 1091 ται
546 1037 676 1110 πρὸς
712 1038 803 1091 τὸν
848 1037 1230 1110 ἁμαρτάνοντα
1279 1037 1404 1090 λαόν
1424 1053 1440 1070 ο
1491 1057 1508 1089 ι
1554 1035 1696 1106 Ἐγὼ
1737 1036 1794 1090 δὲ
1843 1035 1974 1104 ἐφύ-

394 1128 563 1181 τευσά
605 1144 663 1180 σε
713 1127 957 1198 ἄμπελον
1008 1127 1353 1200 καρποφόρον
1403 1129 1584 1182 πᾶσαν
1620 1125 1902 1198 ἀληθινὴν,
1946 1145 1965 1178 ι

395 1219 489 1272 καὶ
525 1219 785 1287 ἀνάλογον
829 1221 941 1290 τῷο
989 1237 1006 1271 ι
1045 1221 1274 1290 Ἔμεινα
1307 1220 1393 1273 ἵνα
1435 1222 1636 1291 ποιήσῃ
1673 1219 1968 1290 σταφυλὴν,

397 1311 618 1383 ἐποίησε
642 1311 700 1364 δὲ
725 1309 984 1374 ἀκάνθας,
1021 1331 1040 1364 ι
1061 1312 1155 1365 καὶ
1174 1311 1251 1383 τῷ
1269 1330 1282 1342 ·
1310 1333 1328 1363 ι
1374 1313 1604 1382 Ἔμεινα
1627 1309 1720 1364 τοῦ
1751 1310 1971 1380 ποιῆσαι

396 1401 596 1472 γρίσιν,
619 1399 838 1470 ἐποίησε
871 1401 927 1454 δὲ
951 1402 1179 1472 ἀνομίαν
1198 1418 1212 1432 ο
1239 1403 1334 1456 καὶ
1359 1403 1419 1455 ού
1451 1401 1813 1472 δικαιοσύνην,
1837 1400 1972 1455 ἀλλὰ

395 1491 664 1563 κραυγὴν,
702 1512 721 1543 ι
757 1493 847 1546 τό·
883 1512 900 1544 ι
935 1493 1054 1556 Πῶς
1081 1493 1356 1566 ὲστράφης
1375 1496 1454 1558 είς
1481 1492 1706 1564 πικρίαν
1737 1496 1770 1565 ἡ
1796 1494 1974 1564 ἄμπε-

394 1581 484 1646 λος
509 1586 541 1655 ἡ
571 1583 858 1656 ἀλλοτρία;
895 1602 912 1632 ι
953 1583 1164 1637 Οὐκοῦν
1209 1587 1340 1656 ὁρᾷς
1375 1589 1432 1638 ἐν
1469 1585 1567 1656 μὲν
1611 1586 1733 1648 ταῖς
1761 1601 1973 1656 προφη-

394 1677 572 1737 τικαῖς
621 1675 794 1738 λέξεσι
835 1675 926 1729 τὸν
972 1675 1100 1728 λαὸν
1144 1674 1433 1746 λεγόμενον
1480 1672 1618 1729 εἶναι
1652 1675 1967 1746 ἀμπελῶνα,

395 1766 489 1819 καὶ
535 1765 625 1819 τὸν
665 1765 1004 1833 φυτεύσαντα
1041 1766 1201 1818 αὐτὸν
1253 1764 1578 1820 ἀπειλοῦντα
1609 1767 1704 1820 καὶ
1747 1766 1971 1836 λέγοντα

2079 598 2098 629 ε
2155 577 2476 648 Exspcctavi
2507 587 2567 632 ut
2597 578 2797 634 laceret
2829 594 2982 644 uvas,
3011 587 3064 632 et
3101 577 3228 633 fecit
3258 579 3569 642 labruscas,
3615 597 3634 629 ι

2074 686 2283 725 necnon
2308 681 2361 724 et
2385 670 2600 724 illorum
2634 671 2679 702 ⁷⁸
2711 688 2724 724 :
2763 689 2781 720 ι
2826 668 3146 738 Exspectavi
3177 678 3237 722 ut
3275 669 3474 724 faceret
3495 669 3642 738 judi-

2072 762 2242 820 cium,
2275 769 2330 814 et
2361 759 2486 814 fecit
2537 760 2906 829 iniquitatem;
2939 774 3047 812 non
3079 759 3368 827 justitiam,
3403 759 3494 812 sed
3529 759 3642 814 cla-

2073 864 2303 913 morem,
2340 868 2356 899 ι
2395 849 2444 902 id
2469 849 2672 902 dictum
2699 848 2842 902 est"
2871 867 2883 902 :
2920 866 2938 900 ι
2977 845 3263 913 Quomodo
3291 861 3552 902 conVersa
3581 863 3642 901 es

2072 940 2126 994 in
2177 939 2596 994 amaritudinem
2655 940 2806 994 vinea
2847 939 3064 995 aliena?
3123 958 3139 990 ι
3193 937 3352 992 Vides
3407 952 3536 1006 ergo
3587 937 3640 990 in

2072 1032 2464 1102 prophetarum
2491 1031 2714 1100 scriptis
2747 1033 2956 1086 vineam
2992 1031 3246 1102 appellari
3277 1046 3398 1084 eum
3439 1029 3532 1098 qui
3555 1029 3642 1082 di-

2073 1123 2214 1176 citur
2262 1123 2496 1192 populus
2516 1164 2530 1188 ,
2573 1138 2810 1192 eumque
2838 1137 2868 1176 a
2897 1138 3006 1191 quo
3040 1122 3314 1191 plantatus
3350 1129 3435 1174 est
3465 1119 3644 1175 minas

2073 1213 2176 1282 ipsi
2219 1215 2487 1268 intentare
2529 1223 2582 1266 et
2605 1215 2784 1267 dicere
2813 1213 2857 1244 ⁷⁷
2888 1229 2902 1264 :
2935 1231 2952 1263 ι
2994 1211 3250 1266 Anferam
3281 1225 3462 1279 sepem
3501 1211 3640 1279 ejus,

2074 1311 2127 1357 et
2169 1303 2274 1358 erit
2323 1303 2374 1356 in
2415 1304 2796 1373 direptionem,
2845 1321 2865 1354 ι
2901 1311 2955 1357 et
2987 1312 3211 1368 cattera;
3250 1303 3303 1355 in
3337 1299 3644 1370 Evangeliis

2074 1405 2254 1449 autem
2289 1395 2500 1449 vincam
2534 1396 2847 1464 neutiquam
2879 1393 3222 1464 reprehendi,
3260 1393 3355 1448 sed
3385 1393 3643 1460 colonos;

2073 1495 2127 1539 et
2169 1494 2522 1555 praeterquam
2565 1486 2709 1554 quod
2744 1485 2904 1538 nulla:
2933 1483 3102 1538 vinea)
3145 1484 3518 1553 impinguntur
3544 1482 3650 1534 mi-

2076 1591 2178 1642 nae,
2234 1576 2334 1646 ipsi
2389 1577 2550 1630 etiam
2598 1575 2852 1646 prospici,
2908 1583 2965 1628 ut
2999 1574 3380 1643 patrifamilias
3434 1573 3647 1629 fructus

2073 1668 2266 1724 reddat
2321 1669 2655 1738 temporibus
2706 1667 2840 1721 suis.
2890 1666 2998 1720 iVec
3037 1665 3080 1720 si
3129 1665 3453 1735 evangelicae
3499 1665 3646 1719 Scri-

2076 1771 2250 1831 pturaa
2287 1762 2689 1816 accurationem
2740 1759 2877 1813 lucri
2910 1758 3171 1822 volueris,
3221 1757 3436 1812 vineam
3477 1757 3647 1812 fuisse

393 1853 581 1925 αὐτῷ’
615 1873 633 1906 ι
676 1855 884 1924 Ἀφελῶ
928 1855 1018 1910 τὸν
1065 1855 1315 1928 φραγμὸν
1359 1857 1544 1920 αὐτοῦ,
1583 1859 1676 1910 καὶ
1705 1857 1858 1911 ἐσται
1896 1860 1972 1922 είς

2080 1852 2338 1922 populum
2378 1851 2680 1906 luculenter
2716 1849 2947 1920 probare
2973 1848 3195 1918 poteris.
3236 1846 3438 1903 Verum
3469 1849 3519 1901 id
3551 1861 3650 1916 po-

392 1946 722 2018 διαρπαγὴν,
763 1965 782 1997 ι
828 1948 924 2000 καὶ
949 1945 1018 1999 τὰ
1042 1945 1236 2002 λοιπά⁶
1268 1949 1324 1998 ὲν
1355 1947 1412 2000 δὲ
1441 1951 1562 2012 ταῖς
1590 1949 1977 2018 εύαγγελικαῖς

393 2037 647 2108 οὐδεμίαν
695 2039 792 2108 μὲν
841 2037 1046 2108 μέμψιν
1093 2039 1504 2110 προσαγομένην
1550 2039 1628 2110 τῷ
1670 2041 1973 2111 ἀμπελῶνι,

393 2129 576 2180 πᾶσαν
607 2127 666 2180 δὲ
697 2129 808 2190 τοῖς
839 2131 1136 2198 γεωργοίςο
1167 2130 1261 2182 καὶ
1293 2129 1429 2200 πρὸς
1459 2130 1540 2201 τῷ
1587 2132 1858 2203 μηδεμίαν
1901 2129 1977 2186 εἷ-

389 2234 480 2270 ναι
505 2215 734 2286 ἀπειλὴν
762 2215 840 2286 τῷ
870 2215 1173 2286 ἀμπελῶνι,
1213 2217 1304 2269 καὶ
1331 2217 1586 2288 πρόνοιαν
1617 2217 1784 2272 αὐτοῦ
1827 2236 1976 2288 γινο-

397 2310 587 2379 μένην,
621 2308 710 2362 ἵνα
759 2307 886 2378 διδῴ
923 2307 1000 2378 τῷ
1048 2309 1401 2382 οἰκοδεσπότῃ
1451 2311 1578 2374 τοὺς
1625 2312 1874 2382 καρποὺς
1919 2315 1976 2367 ἐν

393 2402 504 2462 τοῖς
536 2401 745 2471 καιροῖς
775 2397 975 2464 αὐτῶν,
995 2399 1088 2452 καὶ
1115 2401 1214 2452 οὐκ
1246 2399 1312 2452 ἂν
1337 2399 1540 2466 δύναιο,
1571 2401 1668 2472 τὴν
1694 2401 1976 2473 ἀκρίϐειαν

395 2489 718 2561 βουλόμενος
751 2489 924 2543 σῶσαι
961 2491 1061 2560 τῆς
1103 2490 1466 2562 εύαγγελικῆς
1494 2493 1732 2564 γραφῆς,
1762 2495 1977 2566 τρανῶς

395 2583 762 2654 παραστῆσαι,
791 2584 873 2636 ὅτι
903 2581 1163 2652 ἀμπελὼν
1197 2584 1226 2634 ὁ
1259 2583 1388 2646 λαὸς
1429 2578 1516 2654 ἦν.
1566 2583 1727 2638 Ἀλλὰ
1768 2587 1976 2656 μήποτε

390 2674 420 2724 δ
452 2671 591 2726 κατὰ
619 2673 680 2724 τὸ
707 2671 1034 2740 Εύαγγέλιον
1061 2672 1170 2743 (U9)
1203 2672 1464 2744 ἀμπελὼν
1498 2676 1531 2746 ἡ
1573 2675 1818 2746 βασιλεία
1849 2677 1968 2730 ἐστὶ

396 2761 488 2814 τοῦ
523 2762 682 2826 Θεοῦ,
714 2765 746 2833 ἡ
789 2763 949 2832 αὐτὴ,
982 2760 1156 2835 οἶμαι,
1201 2766 1546 2837 τυγχάνουσα
1576 2770 1641 2838 τῇ
1688 2767 1796 2822 τῶν
1837 2771 1978 2842 Γρα-

393 2851 508 2924 φῶν
539 2853 659 2932 μετ’
684 2853 989 2922 ἐπισκοπῆς
1013 2853 1147 2906 Θεοῦ
1171 2853 1487 2927 διδασκαλίᾳ
1509 2874 1520 2886 ·
1548 2857 1610 2909 τὸ
1637 2859 1746 2929 γάρ
1766 2875 1779 2888 ·
1814 2878 1832 2910 ι
1857 2860 1980 2932 ’Λρ-

393 2942 615 3013 θήσεται
645 2944 737 3014 ἀφ’
767 2943 921 3014 ὑμῶν
947 2946 980 3015 ἡ
1025 2944 1274 3014 βασιλεία
1301 2946 1394 2999 τοῦ
1435 2946 1593 3012 Θεοῦ,
1629 2949 1723 3000 καὶ
1751 2948 1972 3020 δοθήσε-

391 3052 480 3089 ται
507 3035 647 3088 ἔθνει
681 3036 918 3090 ποιοῦντι
953 3037 1076 3100 τοὺς
1109 3038 1354 3108 καρποὺς
1380 3038 1570 3108 αὐτῆς,
1600 3057 1619 3090 ι
1645 3040 1977 3111 ἐπιφερόμε-

389 3143 479 3181 νον
505 3129 570 3198 τῇ
597 3128 726 3198 περὶ
755 3127 849 3181 τοῦ
877 3127 1196 3198 ἀμπελῶνος
1221 3129 1530 3200 παραϐολῇ,
1568 3131 1773 3200 σαφῶς,
1797 3127 1974 3200 οἶμαι,

389 3217 539 3288 δηλοῖ
571 3218 641 3270 τὰ
675 3220 946 3291 μυστήρια
987 3220 1087 3290 τῆς
1119 3219 1212 3273 τοῦ
1247 3220 1382 3274 Θεοῦ
1417 3221 1694 3291 βασιλείας
1719 3222 1972 3290 λέγεσθαι

391 3305 528 3364 εἶναι
568 3309 660 3364 τὸν
702 3309 1020 3380 ἀμπελῶνα,
1068 3311 1125 3364 ὃν
1169 3311 1466 3380 ἐφύτευσεν
1511 3313 1540 3364 ὁ
1585 3313 1972 3386 οἰκοδεσπότης

390 3401 694 3474 ἄνθρωπος.
729 3401 930 3455 Τοῦτον
958 3400 1022 3472 δὴ
1055 3402 1146 3455 τὸν
1170 3401 1468 3472 ἀμπελῶνα
1501 3403 1648 3469 ὅντα,
1684 3405 1760 3468 ὡς
1793 3401 1969 3476 οἶμαι,

389 3492 554 3563 νόμον
585 3493 678 3546 καὶ
719 3494 1026 3566 προφήτας,
1066 3495 1162 3548 καὶ
1194 3495 1374 3548 πᾶσαν
1416 3495 1513 3568 τὴν
1557 3495 1708 3549 θείαν
1747 3496 1972 3568 Γραφὴν

393 3583 602 3649 ἐξέδοτο
631 3584 657 3635 ὁ
699 3583 896 3649 Κύριος
926 3584 1020 3640 τοῦ
1065 3587 1383 3657 ἀμπελῶνος
1429 3589 1692 3657 γεωργοῖς
1716 3605 1730 3617 ο
1778 3590 1974 3658 προτέ-

395 3689 508 3743 ροις
543 3673 642 3744 μὲν
668 3675 744 3746 τῷ
767 3675 882 3746 λαῷ
907 3677 1122 3745 ἐκείνῳ,
1159 3677 1252 3730 καὶ
1282 3677 1392 3747 γὰρ
1418 3675 1624 3748 πρῶτοι
1661 3693 1680 3726 ι
1721 3678 1974 3730 ἐπιστεύ-

393 3763 562 3833 θησαν
597 3764 665 3818 τὰ
701 3767 853 3835 λόγια
886 3765 982 3820 τοῦ
1013 3766 1180 3820 Θεοῦο
1217 3787 1236 3818 ι
1277 3766 1551 3840 δευτέροις
1579 3765 1638 3819 δὲ
1675 3766 1818 3820 ἔθνει
1853 3785 1972 3821 ποι-

389 3860 538 3916 οῦντι
589 3862 715 3924 τοὺς
753 3859 1001 3931 καρποὺς
1035 3859 1222 3929 αὐτῆς,
1265 3861 1332 3930 τῇ
1361 3858 1468 3912 ἀπὸ
1490 3857 1598 3912 τῶν
1641 3857 1808 3912 ἐθνῶν
1851 3859 1972 3913 Ἐκ-

391 3953 608 4024 κλησίᾳ.
653 3952 791 4005 Ἀλλ’
835 3950 994 4023 ἔργον
1025 3947 1354 4020 ὲξομοιλίσαι,
1391 3947 1534 4002 οὕτω
1559 3949 1850 4020 νοουμένου
1875 3951 1969 4004 τοῦ

391 4045 532 4099 κατά
563 4045 624 4099 τδ
650 4042 980 4112 Εὑαγγέλιον
1003 4041 1349 4112 ἀμπελῶνος,
1378 4040 1468 4094 τὸν
1502 4041 1788 4113 περιθέντα
1823 4041 1974 4113 αὐτῷ

394 4135 667 4206 φραγμὸν,
692 4133 841 4188 οὐδὲν
872 4133 1151 4204 πάσχοντα
1176 4132 1358 4185 ὁποῖον
1388 4134 1446 4185 ἐν
1475 4131 1554 4203 τῷ
1597 4132 1794 4206 Ἡσαΐᾳ
1830 4151 1972 4206 φρα-

2076 1943 2182 1996 tius
2217 1941 2508 1995 videndum
2549 1949 2634 1994 est
2660 1954 2843 1994 annon
2871 1948 3298 1994 commemorata
3325 1939 3380 1992 in
3405 1937 3650 2009 Evange-

2075 2035 2149 2088 lie
2177 2035 2330 2088 vinea
2359 2049 2584 2104 regnum
2619 2031 2714 2086 Dei
2753 2033 2848 2098 sit,
2889 2031 3036 2102 quod
3069 2031 3212 2085 idem
3249 2045 3372 2086 esse
3411 2031 3649 2084 arbitror

2075 2143 2140 2183 ac
2191 2127 2600 2196 Scripturarum
2646 2126 2952 2181 doetrinam
3003 2141 3126 2180 eum
3171 2125 3263 2180 Dei
3313 2127 3649 2196 inspectione

2075 2219 2460 2288 conjunclam;
2498 2218 2630 2273 illud
2659 2217 2805 2272 enim
2828 2218 2874 2249 ⁷³
2903 2236 2917 2272 :
2955 2235 2973 2269 ι
3005 2215 3297 2272 Auferetur
3323 2233 3352 2272 a
3378 2219 3530 2272 vobis
3559 2234 3650 2273 re-

2075 2325 2238 2379 gnum
2273 2309 2386 2370 Dei,
2429 2317 2480 2364 et
2515 2309 2734 2363 dabitur
2767 2307 2910 2378 genti
2945 2306 3164 2363 facienti
3194 2308 3402 2364 fructus
3439 2309 3578 2378 ejus,
3621 2327 3644 2363 ι

2075 2397 2219 2466 quod
2251 2398 2416 2467 778
2454 2397 2625 2452 vinea:
2677 2398 2948 2466 parabole:
2986 2399 3292 2453 subnexum
3337 2407 3454 2463 est,
3503 2399 3651 2455 clare

2075 2487 2454 2542 demonstrare
2475 2488 2731 2543 existimo
2754 2487 2966 2542 vincam
2999 2503 3164 2558 quant
3190 2487 3450 2556 plantavit
3485 2489 3650 2543 homo

2078 2575 2466 2646 paterfamilias
2512 2576 2618 2632 dici
2665 2577 2922 2648 mysteria
2971 2593 3093 2632 esse
3136 2577 3290 2646 regni
3339 2577 3456 2631 Dei.
3499 2577 3650 2634 lianc

2075 2681 2206 2736 ergo
2243 2667 2456 2722 vineam
2481 2707 2496 2733 ,
2556 2683 2720 2736 quam
2769 2667 2940 2737 legem
2972 2682 3094 2723 esse
3127 2683 3190 2722 ac
3220 2669 3514 2738 prephetas
3534 2669 3652 2722 exi-

2076 2757 2262 2822 stimo,
2294 2772 2622 2826 omnemque
2651 2756 2788 2812 adeo
2805 2757 3042 2810 divinam
3069 2755 3431 2827 Scripturam,
3461 2757 3650 2812 Domi-

2079 2865 2182 2904 nus
2211 2849 2381 2902 vincat
2409 2847 2619 2904 colonis
2649 2848 2902 2914 tradidit;
2941 2849 3212 2918 prioribus
3248 2851 3490 2919 quidem,
3523 2850 3654 2905 huic

2077 2941 2336 2996 nimirum
2362 2941 2596 3011 populo;
2626 2941 2902 3011 prioribus
2927 2942 3072 2996 enim
3100 2943 3208 2998 illis
3241 2961 3259 2994 ι
3293 2943 3496 2998 credita
3519 2953 3650 2998 sunt

2075 3034 2290 3104 eloquia
2321 3033 2416 3089 Dei
2452 3035 2495 3068 ⁷⁷
2535 3053 2548 3088 :
2590 3053 2608 3086 ι
2660 3036 2918 3090 secundis
2942 3045 3147 3102 autem,
3189 3054 3208 3087 ι
3259 3037 3403 3106 genti
3441 3037 3651 3092 scilicet

2081 3124 2300 3180 facienti
2327 3124 2540 3180 fructus
2565 3126 2686 3194 ejus
2715 3127 2762 3158 ⁸ο
2788 3165 2804 3191 ,
2856 3147 2875 3178 ι
2915 3143 3037 3198 qua
3077 3127 3318 3183 Ecclesia
3347 3138 3430 3184 est
3458 3145 3490 3184 e
3519 3145 3651 3199 gen-

2079 3215 2224 3270 tibus
2250 3214 2502 3270 conllata.
2545 3214 2635 3270 Sic
2665 3217 2912 3286 exposita
2943 3228 3124 3274 autem
3157 3235 3280 3290 quae
3307 3221 3360 3274 in
3410 3219 3654 3290 Evange-

2076 3311 2151 3366 lio
2185 3321 2648 3369 commemoratur
2677 3313 2856 3379 vinea,
2901 3313 3342 3384 circumpositam
3377 3315 3424 3369 ei
3467 3330 3649 3384 sepem

2076 3403 2372 3474 explanare
2416 3419 2705 3474 operosum
2757 3415 2860 3470 est,
2913 3407 3001 3461 cui
3048 3406 3181 3462 nihil
3217 3407 3322 3462 tale
3359 3407 3648 3478 contingit,

2079 3495 2238 3565 quale
2276 3496 2564 3566 descriptae
2615 3497 2684 3550 ah
2739 3497 2876 3564 [saia
2931 3499 3065 3568 sepi,
3118 3499 3184 3552 de
3218 3514 3326 3568 qua
3384 3501 3649 3568 scriptum

2075 3594 2160 3640 est
2185 3585 2227 3617 ⁸⁸
2265 3603 2277 3640 :
2317 3604 2337 3636 ι
2385 3583 2638 3639 Auferam
2687 3602 2870 3656 sepem
2900 3587 3046 3656 ejus,
3087 3597 3142 3642 et
3171 3589 3275 3642 erit
3303 3588 3355 3642 in
3392 3590 3654 3660 direptio-

2075 3691 2221 3740 nem,
2269 3694 2286 3725 ι
2331 3674 2700 3744 eﬂ‘ossumque
2730 3676 2782 3728 in
2813 3691 2875 3730 ea
2913 3679 3173 3743 torcular,
3219 3680 3650 3750 azdilicatann'me

2075 3765 2289 3818 turrim.
2344 3762 2478 3820 Vide
2531 3774 2710 3820 autem
2766 3781 2834 3820 an
2893 3783 3200 3823 sermonem
3251 3770 3448 3826 divinae
3508 3769 3653 3826 δτι-ί-

2073 3865 2246 3926 ptura:
2268 3856 2552 3926 praeceptis
2581 3857 3018 3926 accommodum,
3049 3861 3142 3930 qui
3165 3861 3234 3914 ad
3267 3872 3515 3918 naturam
3541 3866 3648 3918 hu-

2075 3964 2294 4003 manam
2331 3949 2726 4020 hominumque
2771 3967 2952 4006 mores
2992 3953 3244 4022 pertinet,
3281 3955 3494 4010 vineam
3527 3972 3650 4012 esse

2079 4049 2319 4096 statuere
2363 4041 2675 4110 possimus;
2715 4057 2835 4110 qua:
2865 4051 3045 4097 autem
3081 4045 3318 4099 sermoni
3361 4045 3487 4100 huic
3517 4063 3650 4100 con-

2080 4138 2241 4185 sonat
2267 4131 2458 4198 vitam,
2491 4129 2707 4185 virtutis
2740 4131 3408 4205 laudabilissimorumque
3438 4136 3647 4193 fructus

1591 4245 1825 4302 VETUS
1865 4242 2448 4301 INTERPRETATIO.

392 4351 538 4421 etum
569 4342 707 4412 ejus,
734 4360 753 4393 ι
787 4339 1094 4421 ιιιςιιιῑίῖιξδιε2
1142 4341 1284 4421 sicut
1332 4339 1588 4420 arbitror,
1625 4340 1989 4421 demonstrat“
2020 4340 2276 4421 mysteria
2319 4340 2470 4421 regni
2507 4339 2598 4394 Dei
2623 4340 2846 4421 ovineam
2882 4355 3020 4421 esse,
3047 4341 3100 4396 id
3125 4351 3209 4421 est
3232 4343 3408 4421 legem
3433 4353 3494 4421 et_
3521 4360 3648 4421 pre:

395 4409 610 4484 plzetas,
640 4419 694 4466 et
741 4427 931 4484 omnes
977 4411 1192 4484 divinas
1241 4409 1574 4484 Scripturas,
1612 4425 1750 4484 quas
1797 4411 2016 4484 tradidit
2056 4409 2518 4484 Dominusviuem
2557 4409 2788 4479 primum
2811 4411 3036 4484 quidem
3056 4409 3318 4484 icolonis,‘
3333 4409 3536 4484 p0pulo
3568 4415 3646 4472 illi

392 4479 871 4551 prior-Lquouiam
901 4492 954 4534 et
982 4481 1170 4550 primis
1203 4500 1223 4532 ι
1259 4481 1462 4551 credita
1497 4480 1868 4551 sunt_eloquia
1904 4479 2016 4544 Dei,
2049 4501 2068 4533 ι
2105 4479 2361 4536 secumlis
2396 4489 2644 4551 autem:
2681 4479 2932 4550 gentibus
2964 4480 3288 4538 facientibus
3322 4479 3588 4549 fructum;
3621 4505 3642 4539 ι

392 4548 551 4622 cujus
586 4551 756 4622 vinea:
783 4566 940 4618 sepes
966 4548 1100 4622 nihil
1131 4551 1235 4605 tale
1261 4549 1485 4622 patitur,
1517 4548 1678 4619 quale
1711 4552 1971 4622 scriptum
2019 4559 2104 4622 est
2149 4551 2202 4603 in
2259 4549 2522 4622 propheta
2563 4548 2778 4622 dicente
2809 4568 2822 4604 :
2857 4569 2874 4622 ι
2911 4551 3172 4622 Auferam
3207 4569 3388 4621 sepem
3421 4548 3648 4622 ejus,et

395 4635 441 4672 ex
460 4619 500 4673 it
529 4621 581 4672 in
615 4617 882 4692 rapinam.
919 4637 938 4670 ι
973 4617 1353 4692 νὶᾱεγειςοήιιε
1385 4618 1521 4674 forte
1538 4617 1785 4692 naturali
1815 4617 2026 4692 ratione
2052 4617 2274 4692 vineam
2307 4617 2587 4692 possimus
2617 4621 2799 4692 dicere
2829 4621 3045 4690 eloquia
3081 4620 3194 4676 Dei.
3237 4617 3648 4692 consequenter

392 4698 574 4762 autem
623 4687 920 4762 secundum
973 4687 1219 4762 eamdem
1265 4691 1814 4762 natur:e_rationem,
1849 4691 2015 4762 vitam
2065 4687 2542 4762 reprehensibilem
2575 4689 2880 4762 hominum,
2914 4687 2965 4744 et
3005 4707 3182 4746 mores
3213 4687 3648 4762 speciosissimos

395 4757 605 4812 fruetus
626 4757 800 4830 ipsius
834 4759 1004 4814 vinea:
1035 4776 1050 4813 :
1080 4759 1228 4830 ipsas
1265 4769 1444 4814 autem
1476 4758 1797 4830 Scripturas
1819 4769 1872 4814 et
1900 4761 2110 4816 litteras
2126 4757 2571 4830 Scripturarum,
2597 4759 2919 4830 essevineae
2959 4775 3138 4830 sepem
3166 4757 3506 4818 exiriusecus
3537 4765 3646 4818 cir-

393 4827 776 4900 cumpositam,
818 4837 877 4882 ut
906 4844 1012 4900 non
1039 4827 1284 4900 videatur
1315 4830 1470 4884 vinea
1503 4830 1572 4884 ab
1600 4827 1686 4885 eis
1713 4829 1806 4897 qui
1837 4830 1968 4886 foris
1998 4841 2146 4892 sunt,
2175 4827 2409 4884 makime
2447 4829 2658 4884 fructus
2689 4829 2810 4900 ejus
2838 4830 2932 4900 qui
2956 4827 3085 4884 sunt
3109 4831 3162 4884 in
3191 4833 3481 4887 absconso.
3509 4833 3646 4888 Pro-
3689 4871 3696 4874 -

392 4896 634 4971 funditas
667 4905 846 4971 autem
870 4899 1220 4971 eloquiorum
1252 4898 1368 4965 Dei,
1405 4900 1643 4971 torcular
1667 4896 1786 4954 csSe
1820 4900 1990 4971 vinea:
2016 4900 2137 4969 ejus
2166 4900 2415 4971 inquam
2451 4900 2544 4969 qui
2577 4896 2924 4971 pr-ol‘eceru‘nt
2951 4903 3017 4953 de
3049 4901 3280 4971 eloquiis
3315 4901 3428 4968 Dei,
3469 4913 3523 4957 et
3567 4904 3646 4957 l'a-

391 4966 467 5040 cti
497 4976 626 5021 sunt
659 4965 882 5040 perfecti
931 4965 1140 5024 fructus
1183 4983 1394 5035 eorum,
1443 4970 1735 5024 infundunt
1759 4970 1938 5024 studia
1967 4965 2067 5024 sua
2091 4969 2250 5039 quasi
2271 4965 2486 5024 'l'ructus
2511 4965 2655 5040 quos
2679 4971 2753 5040 de,
2775 4969 2908 5038 ipsis
2937 4965 3170 5038 eloquiis
3197 4965 3476 5040 colligunt.
3505 4971 3647 5028 Tur-

393 5037 496 5090 rim
529 5047 708 5092 autem
735 5039 1052 5111 aediﬁcatam
1083 5040 1164 5111 _in_
1191 5054 1276 5103 ea,
1305 5055 1592 5094 ascensum
1643 5040 1952 5111 habentem,
1980 5049 2036 5094 et
2079 5037 2450 5111 eminentiam,
2478 5037 2543 5093 et
2569 5037 2905 5111 altitudinem
2935 5037 3100 5111 super
3125 5037 3348 5095 vineam
3369 5043 3564 5111 ipsam,
3589 5050 3646 5098 et

391 5121 596 5177 sepem,
632 5109 974 5181 et_tercular,
1010 5109 1268 5181 existime
1293 5111 1513 5181 verbum
1545 5111 1756 5181 essede
1785 5109 1904 5179 ipso
1933 5111 2060 5174 Deo,
2093 5121 2148 5181 et
2176 5110 2244 5163 de
2285 5108 3046 5181 dispensationibus_Christi.
3083 5120 3138 5166 et
3168 5108 3426 5181 templum
3474 5108 3644 5168 divini

391 5192 589 5250 sensus
619 5177 710 5246 qui
740 5177 968 5250 habetur
994 5179 1060 5250 in
1095 5193 1181 5232 eo.
1227 5177 1294 5233 Et
1325 5179 1401 5250 de
1422 5180 1514 5232 tali
1556 5179 1691 5232 turri
1721 5177 2064 5250 put'oidicere
2101 5177 2436 5234 Salvatorem
2470 5179 2520 5232 in
2552 5195 2616 5250 eo
2654 5179 2774 5250 loco
2803 5179 3078 5250 Evangelii
3112 5199 3126 5236 :
3170 5199 3190 5234 ι
3218 5177 3354 5248 Quis
3403 5192 3642 5238 vestrum

389 5247 587 5318 volens
627 5247 819 5318 turrim
867 5248 1158 5314 aediﬁcare,
1185 5263 1294 5302 non
1326 5249 1478 5317 prius
1509 5247 1874 5317 computat'si
1909 5258 2084 5318 potest
2129 5251 2282 5318 prius
2325 5264 2525 5318 ponere
2575 5247 3008 5317 lundamentutn,
3051 5259 3107 5306 et
3141 5247 3544 5318 consummare,
3577 5267 3645 5306 ne

392 5316 537 5389 forte
562 5315 841 5389 incipiant
891 5318 1132 5389 videntes
1166 5315 1426 5389 deridere
1471 5333 1594 5372 eum
1635 5315 1736 5388 qui
1783 5334 1891 5374 non
1909 5315 2358 5381 euasurnmavit}
2391 5338 2410 5369 ι
2447 5319 2707 5388 quoniam
2743 5319 2836 5389 qui
2872 5315 3190 5378 vultdioere
3217 5325 3286 5378 de
3323 5321 3452 5387 Deo,
3485 5315 3646 5376 debet

390 5385 734 5458 considerare
769 5388 812 5441 si
846 5398 1022 5458 potest
1072 5387 1334 5456 incipiens
1359 5389 1544 5442 omnia
1578 5385 1698 5456 quae
1725 5398 2044 5458 qua-runtur
2072 5392 2217 5444 circa
2248 5390 2340 5443 Dei
2366 5385 3166 5458 expositionem'consummare
3196 5411 3208 5445 :
3241 5409 3307 5446 ne
3345 5385 3483 5446 forte
3511 5393 3645 5446 inci-

392 5454 544 5520 piens
571 5455 823 5527 dogmata
847 5454 1090 5526 pietatis,
1123 5454 1496 5526 imperfectam
1545 5454 1816 5528 relinquat
1849 5461 2038 5514 turrim
2070 5461 2220 5515 verbi
2267 5460 2334 5514 de
2383 5454 2513 5522 Deo,
2543 5469 2596 5512 et
2624 5474 2882 5514 coronam
2915 5477 3022 5516 non
3054 5463 3450 5532 super-aediﬁcet
3471 5461 3543 5517 ei.
3583 5462 3642 5518 Si

461 5573 509 5606 ⁷¹⁶
534 5573 634 5652 lsa.
663 5578 803 5652 v,_4.
879 5580 923 5612 ⁷⁸
955 5577 1084 5652 ibid.
1108 5579 1162 5632 7.
1237 5580 1283 5612 ⁷⁸
1307 5577 1506 5635 Jerem.
1538 5597 1598 5648 ιι,
1624 5581 1714 5634 2|.
1796 5583 1840 5615 ⁷⁷
1863 5581 1966 5638 lsa.

2075 5583 2124 5638 5.
2221 5584 2264 5614 ⁷⁸
2292 5583 2479 5638 Matth.
2519 5599 2605 5636 xxi
2630 5623 2644 5648 ,
2674 5583 2761 5638 45.
2855 5583 2902 5615 ⁷ο
2941 5582 3095 5639 Rom.
3126 5600 3208 5652 ιιι,
3238 5585 3296 5642 2.
3367 5585 3412 5618 ³⁸
3445 5583 3638 5643 Matth.

1796 5583 1840 5615 ⁷⁷
1863 5581 1966 5638 lsa.
1993 5599 2046 5651 v,
2071 5583 2124 5638 5.

393 5658 506 5707 xm,
539 5645 626 5700 45.
701 5648 746 5679 ⁸⁷
787 5649 890 5704 lsa.
917 5665 970 5713 v,
1003 5649 1056 5704 5.

463 5761 575 5828 (69)
642 5762 816 5820 Ἀλλὰ
854 5767 1088 5835 μήποτε
1142 5770 1173 5821 o’
1225 5771 1350 5822 κατ’
1397 5768 1796 5839 Edam-Alter,
1835 5779 1940 5825 etc.

2075 5771 2435 5841 ηὀιιΙιγΙιιοιιιδ,
2469 5771 2678 5826 Glussa.
2712 5768 2974 5825 llrerws.
