4074 6300
453 293 476 347 1
487 290 588 348 491)

1925 290 2248 348 ORIGEN.S

3571 301 3717 357 1500

451 428 665 467 tuorum
718 411 957 478 dantem,
1008 410 1178 464 vinea:
1223 406 1459 465 fructum
1491 425 1652 477 esse;
1693 427 1808 481 ipsa
1837 423 2016 467 autem

2127 415 2282 486 γμὸν,
2321 415 2450 488 περὶ
2492 409 2553 470 οὗ
2591 415 2898 488 γέγραπται
2925 433 2938 446 ο
2987 433 3006 466 ‹
3063 416 3273 486 ’Δφελῶ
3327 417 3408 472 τὸν
3451 421 3711 493 φραγμὸν

451 505 754 576 Scriptura:
781 505 942 557 verba
972 510 1024 554 et
1060 501 1298 563 litteras,
1331 516 1512 571 sepem
1546 518 1669 558 esse
1701 521 1822 574 qua:
1855 506 2024 560 vincte

449 597 696 652 exterius
723 595 889 648 assita
920 600 1026 656 est,
1051 600 1110 646 ut
1139 593 1316 658 vinea,
1340 593 1618 656 vinetaque
1645 596 1916 666 praecipue
1938 611 2024 650 oc-

449 689 632 745 cultus
659 685 869 739 fructus
903 691 1288 737 extraneorum
1322 683 1745 740 oculisminime
1767 695 2020 754 pateant;

451 779 650 832 animae
683 783 868 828 autem
899 771 1326 842 profunditatem
1347 816 1363 841 ,
1392 792 1509 844 quae
1547 775 1760 831 fructus
1793 777 1914 832 illos
1941 793 2026 832 re-

450 869 598 938 cipit,
627 874 680 921 et
706 881 766 920 ea
805 865 988 920 omnia
1009 875 1336 934 aSpernatur
1362 883 1484 938 quae
1505 877 1722 923 exstant
1750 870 1803 923 in
1831 886 2024 940 super-

449 957 590 1021 ﬁcie,
631 957 870 1011 torcular
893 972 1016 1011 esse
1037 955 1092 1010 in
1117 957 1272 1012 vinea
1303 956 1510 1013 fossum
1537 977 1552 1022 ;
1578 959 1631 1013 in
1653 960 1812 1016 vinea
1841 973 2022 1016 autem

448 1049 770 1105 aediﬁcatam
805 1047 1023 1114 turrim,
1078 1048 1404 1118 proceritate
1429 1089 1443 1112 ,
1477 1049 1776 1106 clevatione
1809 1059 1864 1106 et
1903 1053 2026 1105 alti-

451 1140 634 1195 tudine
668 1139 904 1203 vineam,
941 1153 1122 1207 sepem
1158 1149 1210 1191 et
1247 1140 1484 1194 torcular
1517 1151 1887 1211 superantem,
1918 1159 2028 1198 ser-

449 1247 664 1288 monem
692 1247 815 1286 esse
846 1233 1062 1300 Opinor,
1105 1232 1197 1300 qui
1229 1231 1296 1286 de
1325 1231 1436 1286 Deo
1470 1235 1599 1304 agit,
1628 1235 1831 1304 quique
1857 1236 2024 1290 divini

447 1339 644 1379 sensus
687 1323 737 1376 in
771 1323 888 1392 ipso
921 1323 1184 1377 reconditi
1217 1323 1474 1392 templum
1515 1333 1600 1380 est
1641 1343 1654 1378 :
1691 1341 1753 1381 ac
1779 1327 1846 1380 de
1875 1327 2025 1396 ejus-

447 1413 593 1466 modi
645 1411 780 1466 turri
838 1411 890 1466 id
943 1428 972 1465 a
1027 1411 1318 1467 Servatore
1369 1413 1576 1468 dictum
1623 1417 1878 1472 existimo
1925 1420 2022 1472 “'z

455 1523 472 1554 ε
507 1503 642 1568 Quis
685 1519 750 1556 ex
787 1503 944 1557 vobis
979 1503 1164 1558 volens
1205 1504 1400 1558 turrim
1429 1505 1716 1571 aediﬁcare,
1741 1523 1844 1562 non
1875 1509 2026 1578 prius

445 1603 728 1664 computat
780 1610 847 1647 an
893 1594 1306 1648 fundamentum
1345 1611 1546 1665 ponere
1579 1598 1772 1667 possit,
1807 1608 1858 1653 et
1889 1615 2026 1668 opus

447 1685 758 1751 absolvere,
816 1699 884 1739 ne
940 1683 1167 1739 illutlere
1217 1686 1267 1740 ci
1313 1687 1578 1758 incipiant
1617 1691 1708 1758 qui
1769 1690 2022 1753 viderint,

2124 505 2312 569 αὐτοῦ,
2342 507 2438 559 καὶ
2478 505 2629 560 ἔσται
2655 509 2734 572 εἰς
2767 507 3098 580 διαρπαγὴν,
3132 527 3150 560 ι
3198 511 3291 564 καὶ
3319 511 3418 582 τὴν
3458 513 3711 584 ὀρυχθεῖ-

2125 612 2224 648 σαν
2257 598 2314 650 ἐν
2345 596 2494 665 αὐτῷ
2530 597 2710 667 ληνὸν,
2749 599 2843 652 καὶ
2883 599 2974 652 τὸν
3013 599 3435 670 οἰκοδομηθέντα
3477 603 3706 675 πύργον.

2125 687 2234 741 Καὶ
2267 687 2370 758 ὅρα
2400 689 2449 740 εἰ
2476 685 2749 758 δυνάμεθα
2781 689 2878 760 τὴν
2924 689 3022 760 μὲν
3062 688 3204 742 κατά
3238 690 3336 761 τὴν
3370 690 3521 746 θείαν
3565 695 3709 766 Γρα-

2125 777 2231 849 φὴν
2272 779 2618 848 φυσιολογίαν
2648 779 2760 850 (70)
2800 779 2892 834 τὸν
2937 779 3238 850 ἀμπελῶνα
3276 785 3481 836 είπεῖν·
3521 785 3612 840 τὸν
3649 787 3709 840 δὲ

2124 869 2412 924 ἀκόλουθον
2449 873 2518 942 τῇ
2563 869 2755 942 ἀληθεῖ
2792 871 3108 943 φυσιολογίᾳ
3154 871 3287 942 βίον,
3313 873 3372 927 έν
3405 875 3574 947 ἀρετῇ
3615 879 3710 933 καὶ

2125 959 2430 1025 καλλίστοις
2461 961 2614 1032 ἤθεσι
2637 961 3110 1033 καρποφοροῦντα,
3137 963 3316 1034 λέγειν
3332 961 3472 1020 εἶναι
3503 967 3592 1022 τὸν
3611 969 3706 1024 τοῦ

2126 1051 2448 1123 ἀμπελῶνος
2479 1053 2691 1124 καρπόν
2715 1070 2726 1082 ·
2764 1053 2857 1107 τὸν
2900 1053 2960 1108 δὲ
3001 1054 3217 1124 λογικὸν
3262 1055 3430 1110 τόπον
3458 1059 3553 1112 καὶ
3597 1063 3707 1112 πᾶν

2123 1144 2185 1198 τὸ
2221 1143 2456 1215 γράμμα
2482 1145 2582 1214 τῆς
2623 1145 2844 1216 Γραφῆς
2887 1145 2977 1199 τὸν
3010 1149 3263 1217 φραγμὸν
3304 1145 3442 1204 εἶναι
3474 1149 3568 1203 τοῦ
3600 1153 3702 1222 ἀμ-

2126 1236 2366 1299 πελῶνος
2400 1237 2782 1308 περικείμενον
2818 1237 3035 1303 ἔξωθεν,
3068 1239 3144 1302 ὡς
3169 1241 3242 1310 μὴ
3275 1241 3706 1296 κατοπτεύεσθαι

2125 1331 2237 1392 τοῖς
2267 1327 2463 1393 ἔξωθεν
2503 1327 2594 1380 τὸν
2626 1328 2928 1398 ἀμπελῶνα
2970 1330 3067 1383 καὶ
3107 1331 3198 1384 τὸν
3239 1333 3297 1386 ὲν
3334 1333 3562 1403 κρυπτῷ
3599 1335 3703 1404 μά-

2127 1419 2284 1473 λιστα
2316 1419 2526 1490 καρπὸν
2551 1419 2716 1472 αὐτοῦ
2737 1437 2748 1448 ·
2778 1421 2837 1472 τὸ
2867 1421 2923 1473 δὲ
2949 1421 3111 1492 βάθος
3135 1425 3232 1494 τῆς
3259 1425 3554 1498 δεχομένης
3582 1431 3707 1492 τοὺς

2127 1507 2372 1577 καρποὺς
2409 1505 2632 1572 τούτους
2671 1507 2868 1578 ψυχῆς,
2909 1512 3016 1565 πᾶν
3050 1512 3367 1567 ἐπιπόλαιον
3399 1517 3706 1572 ἁποδαλού-

2128 1614 2248 1669 σης,
2287 1599 2385 1669 τὴν
2421 1599 2744 1672 ὀρυχθεῖσαν
2771 1597 2907 1654 εἶναι
2935 1603 2994 1655 ὲν
3033 1602 3112 1673 τῷ
3141 1605 3422 1675 ἀμπελῶνι
3456 1607 3617 1679 ληνόν
3637 1628 3650 1641 ·
3677 1612 3708 1664 ὁ

2127 1687 2184 1742 δὲ
2214 1689 2584 1761 οἰκοδομηθεὶς
2627 1694 2686 1744 έν
2719 1691 2796 1762 τῷ
2825 1691 3104 1763 ἀμπελῶνι
3154 1695 3382 1766 πύργος,
3413 1697 3708 1770 ἀνάστημα

444 1778 592 1848 quod
616 1786 853 1845 coeptum
887 1793 997 1831 non
1043 1776 1364 1846 perfecerit?
1401 1799 1418 1829 ι
1459 1779 1559 1834 hac
1579 1781 1724 1834 enim
1764 1782 2022 1851 parabola

2127 1779 2283 1850 ἔχων,
2312 1758 2408 1835 καί
2435 1758 2659 1854 δίαρμα,
2683 1758 2778 1836 καί
2805 1758 2938 1852 ὕφος
2961 1783 3102 1855 ὑπὲρ
3131 1758 3574 1857 τὸν-ἀμπελῶνα,
3609 1758 3709 1844 καὶ

447 1867 577 1923 illud
613 1868 907 1940 significari
947 1879 1111 1938 puto;
1164 1869 1210 1924 si
1259 1870 1326 1924 de
1367 1871 1478 1926 Deo
1517 1871 1804 1938 disserere,
1847 1882 1902 1928 et
1955 1874 2023 1927 ad

445 1961 732 2030 theologia:
763 1960 940 2014 studia
976 1961 1217 2015 animum
1259 1963 1528 2031 appellere
1555 1965 1780 2034 satagis,
1833 1967 2022 2021 viden-

446 2052 577 2106 dum
633 2051 727 2106 tibi
775 2067 897 2107 esse
931 2068 999 2106 an
1029 2060 1320 2121 postquam
1359 2053 1578 2108 initium
1624 2055 1838 2124 feceris,
1878 2074 2026 2128 qua:-

443 2157 661 2212 cunque
693 2141 859 2211 779
887 2141 954 2196 ad
985 2141 1315 2211 theologiam
1364 2144 1592 2212 requirit
1627 2145 1850 2200 verbum
1877 2188 1892 2213 ,
1929 2162 2026 2202 exs

444 2235 592 2304 plere
621 2245 675 2289 et
701 2234 961 2304 perﬁcere
1003 2235 1228 2304 poteris,
1263 2250 1330 2288 ne
1361 2245 1647 2304 postquam
1681 2238 1897 2306 pietatis
1925 2239 2027 2294 do-

445 2339 624 2401 gmata
680 2339 912 2384 tractare
959 2328 1273 2394 occeperis.
1321 2328 1696 2398 imperfectam
1744 2331 2026 2400 relinquas

446 2423 662 2487 turrim,
715 2435 840 2491 quze
868 2419 966 2474 Dei
1009 2435 1176 2475 causa
1219 2429 1398 2474 erecta
1431 2430 1536 2487 est,
1575 2421 1737 2490 eique
1762 2435 2024 2478 coronam

445 2529 563 2582 non~
599 2523 986 2583 superstruas;
1025 2529 1148 2567 nam
1187 2513 1292 2567 nisi
1334 2527 1593 2568 corollam
1641 2525 2028 2584 superstruxe-

447 2607 546 2671 ris,
581 2605 738 2660 cadet
773 2605 976 2676 aliquis
999 2621 1066 2660 ex
1101 2607 1167 2660 iis
1201 2605 1623 2676 cogitationibus
1654 2620 1794 2675 quas
1823 2606 1890 2661 de
1915 2605 2026 2660 Deo

444 2693 698 2759 ﬁnxerat,
729 2703 780 2750 et
805 2695 1069 2750 interibit.
1101 2693 1252 2750 lianc
1275 2703 1478 2760 autem,
1511 2695 1585 2750 ita
1609 2703 1668 2750 ut
1691 2711 1722 2750 a
1751 2695 1908 2750 nobis
1930 2711 2028 2750 cx-

445 2785 622 2854 posita
683 2794 786 2850 est,
846 2786 1058 2840 vineam
1112 2786 1343 2852 colonis,
1400 2785 1602 2856 pepulo
1650 2768 1900 2842 videlicet
1929 2787 2024 2856 qui

446 2884 575 2930 ante
622 2891 724 2930 nos
775 2875 894 2940 fuit,
935 2875 1155 2930 tradidit
1177 2875 1342 2944 Deus,
1391 2877 1526 2932 etin
1557 2877 1836 2946 speculam
1866 2892 2022 2933 suam

359 3008 369 3014 ν
444 2966 642 3022 deinde
693 2967 864 3034 abiit,
914 2973 1203 3036 postquam
1237 2981 1302 3022 ex
1332 2967 1418 3022 his
1445 2982 1568 3037 qua:
1594 2967 1708 3036 ipse
1739 2967 2023 3037 plantavit,

2122 1873 2214 1925 τὸν
2239 1873 2511 1944 φραγμὸν,
2548 1875 2642 1926 καὶ
2671 1874 2768 1946 τὴν
2799 1873 2980 1945 ληνὸν,
3015 1877 3043 1928 ὁ
3073 1877 3200 1946 περὶ
3227 1877 3384 1944 Θεοῦ,
3417 1875 3591 1950 οἶμαι,
3615 1881 3706 1934 λό-

2123 1979 2218 2032 γος
2253 1963 2390 2027 ἐστὶ,
2419 1965 2546 2026 ναὸς
2579 1963 2653 2016 ὢν
2686 1965 2780 2017 τοῦ
2819 1967 2877 2018 ἐν
2905 1965 3054 2036 αὐτῷ
3098 1966 3240 2020 θείου
3271 1969 3364 2022 νοῦ
3391 1988 3404 2000 ⁸
3453 1973 3546 2024 καὶ
3580 1989 3708 2045 περη.

2123 2049 2363 2104 τοιούτου
2400 2051 2607 2122 νομίζω
2638 2052 2883 2124 λελέχθαι
2927 2055 3140 2126 πᾶργου
3185 2057 3288 2110 ὑπὸ
3321 2057 3416 2111 τοῦ
3453 2059 3706 2132 Σωτῆρος

2124 2142 2213 2196 τό·
2249 2161 2267 2194 ι
2308 2143 2405 2207 Τίς
2439 2146 2498 2210 ἐξ
2537 2144 2711 2214 ὑμῶν,
2747 2143 3068 2214 βουλόμενος
3095 2146 3305 2218 πύργον
3331 2151 3704 2222 οἰκοδομῆσαι,

2126 2235 2247 2304 οὐχὶ
2282 2235 2495 2306 πρῶτον
2515 2235 2744 2307 ψηφίζει
2775 2238 2823 2289 εἰ
2855 2237 3076 2291 δύναται
3105 2238 3276 2292 θεῖναι
3313 2241 3403 2294 τὸν
3436 2241 3704 2312 θεμέλιον,

2127 2327 2220 2380 καὶ
2247 2327 2546 2391 ἐκτελέσαι,
2594 2327 2681 2380 ἵνα
2716 2328 2789 2399 μὴ
2829 2328 3102 2399 ἄρξωνται
3149 2333 3197 2382 οί
3233 2329 3566 2402 θεωροῦντες
3605 2335 3708 2402 έμ-

2127 2414 2340 2479 παίζειν
2384 2415 2462 2486 τῷ
2506 2417 2580 2488 μὴ
2627 2417 3009 2483 τελειώσαντις
3046 2439 3063 2469 ι
3099 2419 3185 2473 διὰ
3230 2419 3341 2491 γὰρ
3389 2422 3704 2492 παραϐολῆς

2127 2509 2286 2561 κάκεῖ
2315 2508 2461 2561 δοκεῖ
2491 2525 2579 2578 μοι
2604 2507 2880 2576 λέγεσθαι,
2905 2509 3006 2572 ὅτι,
3037 2509 3244 2580 μέλλων
3264 2509 3556 2580 θεολογεῖν,
3586 2514 3709 2565 σκό-

2127 2617 2298 2672 πησον
2330 2601 2377 2652 εί
2410 2599 2636 2653 δύνασαι
2679 2597 2985 2670 ἀρξάμενος
3016 2601 3192 2656 πάντα
3233 2601 3268 2656 ἃ
3319 2605 3546 2658 ἀπαιτεῖ
3590 2623 3647 2658 σε
3677 2607 3706 2660 6

2125 2690 2281 2759 λόγος
2323 2691 2402 2754 εἰς
2447 2689 2724 2758 θεολογίαν
2767 2691 3072 2756 τελειῶσαι,
3125 2694 3208 2746 ἵνα
3260 2695 3356 2766 μὴ,
3405 2696 3705 2766 ἀρξάμενος

2125 2781 2233 2834 τῶν
2262 2782 2360 2852 τῆς
2393 2781 2676 2845 εὐσεΰείας
2714 2782 3020 2852 δογμάτων,
3069 2781 3232 2854 ἀτελῆ
3271 2784 3574 2856 καταλίπῃς
3613 2788 3704 2838 τὸν

2127 2872 2254 2944 περὶ
2302 2871 2438 2926 Θεοῦ
2471 2871 2700 2944 πύργον,
2751 2873 2845 2925 καὶ
2881 2873 3151 2944 στεφάνην
3184 2873 3332 2944 αὐτῷ
3369 2875 3443 2946 μὴ
3484 2877 3698 2929 ὲποικοε

2123 2963 2364 3036 δομήσῃς
2389 2983 2402 2994 ·
2433 2965 2483 3016 εί
2523 2963 2632 3036 γὰρ
2667 2965 2940 3035 στεφάνην
2981 2967 3081 3018 οὐκ
3123 2967 3576 3038 ὲποικοδομήσεις,
3605 2983 3697 3020 πε-

444 3067 502 3113 et
528 3058 941 3130 circumposuit,
977 3071 1031 3114 et
1072 3059 1247 3124 fodit,
1288 3068 1340 3114 et
1380 3060 1688 3122 aediﬁcavit,
1739 3059 2022 3114 facultates

2130 3057 2302 3110 σεῖταί
2327 3072 2409 3120 τις
2439 3055 2550 3126 (7|)
2579 3055 2689 3108 ἀπὸ
2721 3055 2820 3126 τῆς
2854 3057 2980 3127 περὶ
3011 3055 3146 3110 Θεοῦ
3179 3057 3396 3121 ἐννοίας,
3434 3057 3522 3110 καὶ
3560 3059 3694 3110 ἀπῇ-

444 3150 656 3205 eolonis
684 3166 748 3206 ac
779 3152 967 3220 c0pias
998 3152 1164 3216 dedit,
1213 3152 1357 3206 unde
1382 3150 1592 3208 fructus
1619 3153 1734 3206 suis
1761 3151 2021 3222 tempori-

445 3241 550 3297 bus
595 3240 788 3296 aﬁ‘erre
825 3250 1066 3310 possent.
1123 3241 1364 3314 Singulis
1393 3258 1558 3314 ergo,
1594 3242 1688 3298 sed
1739 3243 2017 3306 universo,

446 3330 663 3400 opinor,
688 3333 890 3402 populo
924 3331 1198 3388 fructuum
1229 3342 1473 3402 tempora
1505 3333 1898 3400 adventarunt;
1930 3348 2022 3386 ac—

447 3433 634 3480 curate
675 3432 854 3478 autem
884 3440 1156 3496 exponere
1185 3425 1314 3496 quid
1341 3425 1432 3492 sit,
1473 3423 1752 3479 fructuum
1779 3433 2022 3493 tempora

2127 3145 2388 3200 θανεῖται.
2425 3143 2624 3198 Τοῦτον
2671 3144 2735 3198 δὲ
2781 3145 2895 3207 τὸν,
2937 3145 3013 3208 ὡς
3058 3146 3483 3218 ἀποδεδώκαμεν,
3517 3149 3696 3218 ἀμπε-

2127 3236 2270 3290 λῶνα
2301 3236 2510 3302 ἐξέδοτο
2555 3239 2842 3309 γεωργοῖς,
2873 3237 2952 3306 τῷ
2995 3237 3100 3309 πρὸ
3134 3239 3290 3309 ἡμῶν
3318 3237 3450 3308 λαῷ,
3485 3240 3514 3292 ὁ
3543 3239 3702 3301 Θεὸς,

2129 3330 2224 3383 καὶ
2250 3328 2602 3400 ἀπεδήμησεν
2627 3329 2706 3392 είς
2739 3327 2837 3400 τὴν
2866 3329 3056 3384 ἑαυτοῦ
3102 3330 3387 3402 περιωπὴν
3419 3331 3550 3400 (7'2),
3584 3331 3704 3393 δοὺς

2129 3420 2384 3491 ἀφορμὰς
2422 3422 2534 3482 τοῖς
2573 3422 2858 3491 γεωργοῖς,
2897 3418 2956 3486 ἐξ
2989 3413 3064 3474 ὧν
3098 3421 3258 3485 αὐτὸς
3304 3421 3586 3490 ἐφύτευσε,
3613 3419 3704 3474 καὶ

1648 3539 1878 3594 VETUS
1920 3535 2502 3592 lN'I‘EllPllETATlO.

447 3659 592 3714 cnim
625 3675 733 3715 non
766 3661 1112 3716 tediﬁcaverit
1137 3661 1186 3716 ei
1217 3677 1500 3728 coronam,
1529 3661 1684 3716 cadet
1712 3661 1762 3713 al
1787 3659 1910 3728 quis
1935 3660 2003 3712 ab
2027 3659 2302 3712 intellectu
2337 3656 2430 3710 Dei
2466 3656 2888 3728 scandalizatus,
2917 3663 2972 3728 et
2994 3656 3278 3710 morietur.
3296 3655 3458 3728 lianc
3495 3656 3700 3728 vineam

450 3730 673 3802 tradidit
703 3731 935 3802 colonis,
969 3731 1023 3786 id
1071 3741 1161 3802 est
1206 3733 1403 3802 populo
1435 3724 1580 3802 ante
1615 3745 1738 3796 nos,
1774 3724 1882 3802 tam
1915 3729 2308 3802 sacerdotibus,
2340 3741 2503 3802 quam
2545 3727 2721 3788 laicis,
2751 3724 3104 3802 et_profectus
3136 3735 3224 3802 est
3243 3726 3308 3802 ad
3341 3741 3495 3780 suam
3520 3725 3706 3802 profe—

447 3799 704 3865 ctionem,
741 3801 876 3856 dans
905 3795 1222 3857 occasiones
1270 3795 1478 3856 colonis
1523 3817 1590 3855 ex
1638 3816 1702 3854 eo
1733 3799 1876 3869 quod
1915 3799 2027 3864 ipse
2069 3795 2432 3866 plantavit,et
2459 3795 2853 3869 circumposuit
2885 3805 3168 3869 sepem,_et
3200 3795 3333 3850 fodit
3361 3795 3617 3869 torcular,
3647 3804 3703 3846 et

446 3864 731 3941 atlilicavit
756 3871 969 3933 turrim,
1001 3872 1308 3941 proferendi
1342 3871 1570 3934 fructus,
1603 3864 2258 3941 cum—appropinquasset
2289 3875 2501 3934 tempus
2548 3864 2846 3941 fructuum.
2875 3864 3327 3941 Appropinquant
3357 3865 3500 3941 enim
3531 3877 3583 3918 et
3611 3877 3700 3941 sc-

449 3940 686 4014 cundum
714 3933 1158 4010 unumquemque
1179 3942 1397 4014 quidem
1438 3933 1682 4008 tempora
1718 3933 2013 4001 fructuum,
2051 3933 2180 4014 puto
2233 3933 2416 3989 autem
2465 3935 2789 4014 generaliter
2841 3934 3041 4014 populo
3065 3933 3699 4014 ;universo.iAppropin-‘

448 4009 762 4080 quationem
811 4003 992 4080 autem
1042 4003 1302 4080 temporis
1349 4003 1626 4065 fructuum
1658 4022 1942 4080 exponere
1962 4003 2091 4080 vere
2113 4007 2257 4080 sicut
2291 4014 2394 4067 est,
2425 4003 2590 4080 supra
2623 4003 2868 4080 nostrum
2899 4003 3174 4080 ingenium
3199 4013 3302 4068 est,
3331 4013 3384 4058 et
3415 4003 3594 4058 cordis
3617 4009 3704 4058 est

451 4074 774 4200 :iiundioris.
813 4079 1014 4136 Tamen
1043 4074 1342 4136 secundum
1372 4081 1623 4135 virtutem
1657 4074 1902 4132 nostram
1931 4075 2223 4146 incipimus
2247 4076 2350 4130 hoc
2377 4079 2540 4128 modo
2572 4075 2893 4144 incipientes
2917 4074 3218 4129 secundum
3260 4085 3702 4144 unumquemque

471 4163 755 4200 intumum.

471 4163 755 4204 ιοιιιιιιυιιι.

534 4261 579 4292 ⁸³
603 4259 738 4318 Luc.
767 4277 878 4329 xiv,
910 4262 1000 4330 9.8,
1031 4263 1122 4318 29.

523 4435 635 4505 (70)
681 4435 799 4504 Τὴν
823 4435 940 4505 μὲν
969 4437 1120 4490 κατὰ
1161 4436 1273 4504 τὴν
1310 4438 1477 4490 θείαν
1514 4436 1768 4505 Γραφὴν
1809 4451 2023 4505 φυσιο-
2057 4436 2103 4494 D
2203 4437 2314 4504 (7'2)
2373 4434 2777 4505 Ἀπεὸήμησεν
2818 4439 2906 4503 εὶς
2955 4436 3069 4504 τὴν
3115 4435 3329 4490 ἑαυτοῦ
3375 4433 3696 4505 περιωπήν·

452 4506 684 4578 λογίαν.
724 4506 1073 4578 φυσιολογίαν
1113 4507 1345 4576 appellat
1377 4507 1772 4578 τροπολογίαν,
1824 4513 1888 4578 at
1935 4505 2026 4558 τὸν

454 4575 582 4646 περὶ
615 4574 750 4646 θεοῦ
784 4574 970 4644 λόγον,
1003 4577 1068 4629 de
1109 4574 1218 4644 quo
1268 4574 1430 4645 paulo
1475 4574 1633 4645 post,
1677 4577 1775 4646 τὴν
1812 4576 2028 4644 ἀναγω-

453 4645 576 4714 γήν.
613 4645 703 4698 Sic
741 4647 922 4715 itaque
957 4647 1143 4716 locum
1165 4646 1310 4700 hunc
1354 4647 1681 4716 interpretor
1707 4645 1776 4699 ί(
1809 4647 2032 4699 Sermo-

455 4727 578 4766 nem
606 4717 697 4783 qui
749 4718 814 4769 ad
853 4723 1101 4768 naturam
1137 4715 1428 4769 humanam
1469 4715 1783 4783 regendam,
1823 4723 1876 4768 et
1914 4717 2032 4769 ido-

457 4785 590 4856 neis
609 4783 1005 4856 informandam
1037 4785 1342 4854 praeceptis,
1374 4801 1512 4856 eque
1539 4785 1822 4856 Scriptura
1847 4785 2030 4856 petitis

457 4855 706 4920 pertinet.
750 4871 768 4902 ι
802 4852 1063 4910 Ιίυετιυεῖ

529 4921 609 4996 [Ἠ
626 4935 650 4996 )_
669 4925 740 4976 El
769 4923 878 4994 γὰρ
907 4921 1216 4996 σςεφάνην
1243 4925 1354 4978 οὐκ
1385 4923 1896 4996 ἐποικοδομήσας,
1925 4941 2028 4978 πε-

457 4990 650 5066 ίζεῖταί
678 4990 788 5057 τις,
813 4990 918 5066 etc.
949 4990 1194 5064 Στεφάνη
1223 5003 1304 5066 est
1339 4997 1526 5059 turris,
1554 4990 1824 5050 seu'tnuri
1857 4997 2032 5066 quod-

458 5062 583 5116 dam
622 5062 1017 5135 supercilium,
1066 5062 1191 5118 seu'
1223 5064 1429 5127 lorica,
1483 5081 1605 5134 quae
1655 5066 1708 5119 in
1763 5062 2028 5135 superiori

462 5132 710 5200 margine
743 5132 1235 5188 circumcursantes
1267 5151 1296 5188 a
1343 5132 1787 5203 lapsu—defendit,
1819 5132 1871 5189 ct
1910 5135 2030 5189 telis

461 5203 526 5274 ad
574 5203 1020 5274 perpendiculum
1062 5204 1443 5274 detnittendis,
1491 5216 1546 5259 et
1592 5222 1622 5260 a
1651 5205 1856 5274 pariete
1903 5205 2030 5274 reji-

457 5272 663 5342 eiendis
685 5272 840 5342 stylis
871 5274 1020 5328 utilis
1041 5283 1140 5328 est.
1167 5273 1317 5328 lianc
1343 5283 1398 5328 et
1430 5272 1680 5340 Latinefc
1701 5272 1978 5340 coronam,
2006 5294 2024 5327 ι

459 5349 583 5410 post
619 5341 923 5396 Vitruvium
963 5353 1017 5397 et
1045 5343 1292 5398 Curtium
1322 5347 1733 5412 appellavimus.
1773 5343 2030 5412 Origenes

464 5415 518 5464 in
545 5412 708 5484 Joon.
738 5429 793 5468 ιε
840 5413 1007 5484 Ἀρχὴ
1051 5414 1224 5484 οἰκίας
1267 5415 1295 5465 ὁ
1343 5414 1617 5484 θεμέλιος,
1661 5417 1753 5467 καὶ
1803 5414 1954 5476 τέλος
1996 5417 2030 5483 ἡ

460 5481 719 5555 στεφάνῃ·
749 5492 809 5555 et
834 5481 962 5555 toni.
996 5481 1090 5538 vttt
1123 5481 1435 5555 :'l=0d;m_p.sv
1461 5486 1554 5537 καὶ
1580 5483 1672 5536 ἐπὶ
1699 5485 1797 5555 τὴν
1830 5481 2022 5552 στεφάέ

459 5564 560 5634 νην
589 5551 1512 5634 τοῦοίκοδομῄματοςηκωλύουσαν.
1534 5551 1873 5634 πίπτει-κτὸν
1903 5551 2028 5605 ἀνε-

458 5613 721 5692 λήλυθότα
742 5621 832 5692 ἐπὶ
858 5613 916 5674 τί)
938 5613 1198 5692 δῶματοῦ
1217 5623 1395 5690 λόγου,
1419 5624 1525 5676 ἀπὸ
1549 5624 1722 5692 μόνων
1749 5624 1854 5677 τῶν
1881 5627 2032 5676 ἐστε-

463 5687 714 5756 ρημένων
743 5689 836 5757 τῆς
859 5687 1124 5762 στεφάνης
1147 5687 1448 5748 πιπτόντων
1472 5687 1574 5746 τῶν
1595 5697 1916 5748 πιπτόντων.
1951 5695 2024 5747 in.

2131 4503 2412 4575 Ejusmodi
2444 4503 2590 4560 enini
2635 4503 2812 4560 turres
2854 4507 2905 4560 in
2941 4503 3086 4576 agris
3113 4506 3226 4561 fere
3259 4503 3696 4576 exstruebantur.

2131 4573 2432 4646 inquibus
2465 4576 2712 4631 homines
2746 4573 3104 4646 fagricult'ioni
3150 4575 3313 4630 dediti
3363 4573 3695 4646 habitabant.

2132 4647 2170 4700 ll
2203 4645 2380 4700 Paral.
2408 4663 2482 4708 γι,
2528 4646 2640 4700 l0:
2674 4665 2692 4698 ι
2745 4645 3024 4700 Esstruxit
3064 4647 3225 4700 etiam
3261 4655 3438 4699 turres
3471 4645 3524 4698 in
3570 4645 3701 4699 soli-

2133 4717 2350 4780 tudine,
2377 4727 2432 4770 et
2473 4715 2660 4770 eﬂ‘odit
2695 4717 2963 4770 cisternas
2998 4716 3280 4784 plurimas,
3330 4730 3395 4770 eo
3429 4715 3572 4782 quod
3606 4715 3702 4768 ha-

2129 4786 2281 4841 beret
2307 4788 2474 4840 multa
2507 4800 2698 4856 pecora
2721 4827 2736 4852 ,
2771 4795 2880 4839 tam
2931 4787 2982 4838 in
3023 4785 3422 4856 campestribus
3449 4800 3611 4856 quam
3647 4784 3698 4836 in

2129 4857 2298 4910 eremi
2337 4855 2624 4920 vastitate;
2653 4856 2843 4910 vineas
2871 4869 3089 4924 quoque
3123 4855 3330 4920 habuit,
3362 4863 3416 4924 et
3442 4855 3700 4908 vinitores

2131 4925 2185 4980 in
2238 4927 2538 4989 montibus,
2587 4936 2641 4978 et
2690 4925 2744 4978 in
2802 4923 3084 4992 Cartnelo;
3134 4933 3250 4980 erat
3289 4923 3488 4993 quippe
3541 4924 3700 4976 homo

2132 4997 2476 5065 agricultura:
2523 4995 2823 5065 deditus.)
2864 4993 3147 5065 Ejusmodi
3195 4993 3701 5065 turresdmpgcpu-

2128 5060 2294 5136 λᾶκια
2329 5065 2686 5136 appellantur.
2731 5060 3092 5136 Hieronymus
3121 5065 3174 5119 in
3213 5062 3426 5132 epistol.
3454 5060 3674 5116 ad‘Sun

2130 5143 2185 5206 et
2229 5134 2502 5190 Fretetl.:¢
2546 5134 2620 5188 De
2664 5134 3073 5206 septuagesimo
3113 5143 3370 5206 octavo,_
3402 5141 3702 5206 posuerunt

2129 5203 2430 5260 Jerusalem
2465 5207 2516 5258 in
2548 5199 2834 5270 pomorum
2863 5199 3191 5269 custodiam,
3227 5201 3372 5272 quod
3394 5199 3458 5272 in
3490 5199 3698 5262 Graeco,

2131 5277 2211 5338 είς
2233 5274 2710 5346 ὀπωροφυλάκιον,
2730 5275 2944 5346 dicitur
2979 5289 2993 5325 :
3025 5289 3126 5346 nec
3158 5271 3334 5346 potest
3358 5271 3516 5346 aliter
3542 5272 3696 5346 verti,

2131 5361 2292 5414 quam
2320 5340 2541 5398 a'nobis
2573 5344 2896 5398 translatum
2923 5353 3040 5408 est;
3079 5340 3348 5414 signiﬁcat
3375 5340 3520 5394 enim
3556 5341 3701 5392 ὀπω-

2133 5414 2486 5484 ροφυλὰκιον,
2533 5415 2828 5482 speculam,
2867 5429 3031 5482 quam
3081 5413 3337 5484 custodes
3366 5419 3608 5484 satorum
3647 5419 3701 5464 et

2133 5477 2416 5551 pontorum
2456 5477 2656 5538 habere
2689 5477 3108 5538 consueverunt.
3147 5501 3166 5533 ι
3190 5481 3270 5537 Ad
3296 5477 3491 5551 caelum
3518 5490 3696 5551 autem

2132 5548 2322 5624 alludit
2367 5553 2660 5624 Origenes,
2692 5569 2720 5604 e
2761 5568 2877 5624 quo
2913 5561 3172 5624 tanquam
3217 5567 3256 5624 ei
3292 5549 3509 5624 specula
3560 5548 3700 5604 Deus

2132 5623 2313 5677 omnia
2348 5617 2654 5693 prospicere
2678 5638 2739 5677 ac
2771 5617 3097 5691 perlustrare
3134 5617 3372 5692 tingitur.
3409 5617 3484 5674 In.
