4074 6300
508 389 638 443 ιδιι

1980 383 2300 441 οῐιιηιςκιε

3651 380 3799 452 1512

507 506 741 562 fructum
780 504 1109 573 temporibus
1134 504 1316 569 suis";
1351 522 1367 554 ι
1402 512 1455 556 et
1479 503 1935 573 quemadmodum
1961 505 2067 558 Cai'

2192 506 2346 574 λόγια
2366 506 2459 560 τοῦ
2486 506 2639 571 Θεοῦ,
2666 506 2783 560 τό·‹
2814 505 3034 570 Κακοὺς
3062 506 3247 570 κακῶς
3284 507 3539 561 ἀπολέσει
3561 510 3789 576 αὐτοὺς,

504 599 643 668 phas
663 596 789 649 anni
817 595 963 649 illius
982 592 1220 664 pontifex
1259 595 1587 657 maximus",
1610 610 1715 647 non
1735 610 1799 647 ex
1827 610 1884 647 se
1899 611 2082 649 verum

504 688 750 759 protulit,
767 687 859 741 sed
879 688 1007 757 quia
1028 688 1269 758 pontifex
1294 688 1563 742 maximus
1587 696 1722 749 erat,
1742 687 1815 740 ita
1837 686 1909 739 illi
1929 687 2085 755 quasi

500 776 885 831 vaticinanlur.
914 776 1290 831 Vaticinantur
1315 787 1492 830 autem
1523 776 1588 829 de
1626 776 1898 845 gentibus,
1936 773 2084 828 futu—

501 885 620 923 rum
642 880 699 922 ut
719 868 1091 937 patrifamilias
1112 869 1320 925 fructus
1339 869 1563 924 reddant
1584 868 1919 936 temporibus
1948 868 2083 922 suis.

2194 597 2287 649 καὶ
2315 598 2404 651 τὸν
2450 598 2751 667 ἀμπελῶνα
2782 597 3076 652 ἐκδώσεται
3110 599 3289 663 ἄλλοις
3320 604 3607 671 γεωργοῖς,
3643 603 3787 657 οἵτι-

2192 706 2280 752 νες
2312 689 2680 743 ἀποδώσουσιν
2710 690 2859 761 αὑτῴ
2899 691 3028 754 τοὺς
3062 692 3307 763 καρποὺς
3337 695 3394 746 ἐν
3428 697 3540 757 τοῖς
3569 699 3784 767 καιροῖς

2193 779 2370 832 αὐτῶν
2388 798 2399 809 ’
2434 799 2451 830 ι
2486 781 2578 833 καὶ
2599 782 2760 834 οἱονεὶ
2790 781 3222 852 προφητεύουσιν
3238 784 3439 852 ὁμοίως
3453 783 3531 854 τῷ
3551 786 3783 858 Καιάφα

2189 871 2268 940 τῷ
2315 873 2560 943 ἀρχιερεῖ
2601 873 2694 926 τοῦ
2734 872 2981 926 ἐνιαυτοῦ
3035 875 3268 938 ἐκείνου,
3299 878 3392 928 καὶ
3445 877 3538 943 ἀφ’
3582 877 3781 931 ἑαυτοῦ

503 962 578 1034 μὴ
630 962 872 1034 είρηκότι
924 963 985 1016 τὸ
1041 964 1258 1035 ἀληθὲς,
1302 964 1413 1017 ἀλλ’
1475 965 1596 1017 ἐπεὶ
1647 964 1939 1035 ἀρχιερεὺς
1985 958 2072 1033 ἦν.
2139 964 2546 1037 Προφητεύουσι
2586 968 2641 1021 δὲ
2702 967 2830 1039 περὶ
2883 967 2991 1021 τῶν
3041 968 3230 1032 ἐθνῶν,
3294 971 3375 1023 ὃτι
3420 968 3651 1025 δώσουσι
3697 971 3779 1044 τῷ

496 1057 845 1131 οἰκοδεσπότῃ
878 1058 1003 1122 τοὺς
1030 1060 1276 1131 καρποὺς
1301 1061 1358 1111 ἐν
1389 1060 1502 1120 τοῖς
1533 1059 1742 1129 καιροῖς
1768 1056 1973 1109 αὐτῶν.

570 1152 656 1206 12.
698 1152 807 1207 Eos
859 1163 1074 1223 postea,
1136 1170 1256 1209 sese
1305 1154 1490 1223 populi
1543 1152 1900 1206 mdificalores
1952 1166 2072 1205 esse

495 1252 766 1314 putantes,
793 1258 860 1297 ex
896 1243 1173 1313 Scriptura
1223 1244 1469 1313 coarguit
1494 1242 1818 1312 Sospitator,
1861 1258 1939 1304 se,
1973 1240 2070 1310 qui

494 1337 631 1408 lapis
682 1348 784 1403 est,
821 1337 888 1391 ab
931 1336 1105 1405 iisque
1153 1334 1256 1389 fuit
1314 1334 1567 1404 rejct-tus,
1620 1349 1650 1386 a
1704 1331 1862 1386 Patre
1906 1332 2072 1387 totius

492 1423 706 1479 mdilicii
740 1433 899 1490 caput
933 1424 1164 1491 positum
1202 1424 1264 1476 iri
1298 1424 1552 1492 probans,
1587 1431 1770 1491 utpote
1802 1422 1941 1476 duos
1966 1419 2073 1475 Vc-

496 1515 627 1570 teris
667 1525 716 1569 ει
746 1515 876 1569 Novi
906 1513 1237 1569 Testamenti
1268 1515 1516 1583 angulos,
1556 1514 1819 1582 binasqtte
1844 1512 2072 1582 populo-

495 1623 614 1661 rutn
639 1605 1025 1660 aulilicationes
1042 1605 1348 1658 habentem.
1366 1604 1495 1658 Tale
1520 1604 1759 1658 scdcnim
1780 1604 1909 1657 illud
1931 1604 2069 1657 est”:

496 1716 516 1748 ‹
548 1696 837 1765 Nunquam
887 1694 1094 1764 legistis
1136 1696 1187 1748 in
1232 1694 1530 1764 Scripturis
1573 1713 1585 1748 :
1626 1694 1882 1764 Lapidem
1911 1710 2071 1764 quem

494 1788 920 1857 reprobaverunt
952 1785 1300 1852 aediﬁcantes,
1334 1786 1422 1842 hic
1456 1785 1629 1839 factus
1681 1794 1763 1840 est
1818 1785 1871 1838 in
1913 1792 2075 1853 caput

491 1880 719 1951 anguli?
749 1878 793 1932 A
822 1878 1051 1933 Domino
1095 1877 1296 1932 factum
1332 1888 1413 1933 est
1443 1878 1605 1942 istud,
1631 1886 1684 1932 et
1704 1886 1786 1931 est
1826 1877 2072 1931 tnirabile

492 1971 546 2026 in
579 1970 751 2025 oculis
778 1971 997 2024 nostris.
1041 1989 1060 2020 ι
1103 1967 1200 2023 Hie
1242 1978 1423 2024 autem
1475 1970 1629 2024 locus
1673 1969 1727 2022 in
1775 1968 2073 2023 centesimo

492 2061 654 2136 785
699 2062 908 2116 decimo
950 2060 1181 2130 septimo
1212 2060 1452 2130 psalmo,
1502 2061 1594 2131 qui
1629 2059 2063 2129 prolisissimum

493 2152 764 2221 psalmum
806 2152 1081 2222 praecedit,
1134 2150 1464 2217 continetur,
1517 2160 1569 2205 et
1601 2151 1686 2204 his
1720 2149 1896 2204 verbis
1940 2163 2072 2202 con-

495 2253 688 2311 ceptus
715 2252 799 2296 est
828 2242 870 2273 ¹⁰
899 2260 912 2296 :
946 2261 964 2293 ‹
1004 2240 1263 2311 Lapidem
1291 2256 1451 2311 quem
1482 2241 1908 2309 reprobaverunt
1932 2239 2058 2292 aedi-

493 2331 744 2398 ficantes,
795 2331 884 2387 hic
910 2331 1088 2387 factus
1116 2341 1202 2387 est
1238 2333 1289 2386 in
1316 2341 1482 2402 caput
1516 2332 1699 2401 anguli
1732 2350 1745 2384 :
1778 2347 1806 2384 a
1843 2329 2072 2386 Domino

492 2420 696 2477 factum
745 2433 828 2477 est
874 2424 1038 2492 istud,
1089 2433 1144 2479 et
1173 2433 1255 2479 est
1285 2424 1533 2479 mirabile
1560 2424 1613 2477 in
1644 2423 1818 2478 oculis
1844 2423 2065 2477 nostris.

491 2509 617 2567 Hazc
645 2521 727 2567 est
760 2513 877 2567 dies
904 2528 1067 2583 quam
1101 2512 1229 2567 fecit
1266 2512 1559 2578 Dominus,
1608 2512 1944 2567 exsultemus
1965 2550 1978 2574 ,
2016 2519 2071 2565 et

489 2603 733 2657 laetemur
785 2604 838 2657 in
887 2620 986 2669 ea;
1025 2625 1043 2657 ι
1093 2614 1145 2660 ει
1193 2604 1240 2660 si
1291 2604 1419 2674 quid
1468 2601 1613 2657 aliud
1647 2602 1808 2657 exiis
1854 2617 1976 2671 qua:
2001 2601 2068 2657 de

488 2695 709 2750 Christo
758 2697 1121 2766 praenuntiata
1168 2706 1317 2762 sunt,
1368 2696 1693 2752 convincere
1735 2711 1858 2750 eum
1890 2702 2067 2764 potest

486 2789 581 2860 qui
631 2788 942 2859 Seripturas
990 2799 1136 2845 recta
1187 2799 1367 2845 mente
1416 2797 1833 2859 perscrutatur,
1903 2796 2066 2857 atque

487 2881 620 2935 illud
668 2882 885 2951 quidem
934 2884 1074 2938 inter
1108 2898 1170 2938 ea
1218 2882 1487 2938 recenseri
1518 2882 1695 2936 debet.
1738 2879 1875 2935 Nam
1917 2880 1963 2935 si
1995 2878 2062 2934 de

2252 1146 2384 1203 Εἶτα
2423 1152 2451 1203 ὁ
2482 1150 2670 1223 Σωτὴρ
2704 1150 2796 1203 ἐπὶ
2821 1150 3031 1215 τούτοις
3062 1151 3169 1204 ἀπὸ
3192 1153 3294 1220 τῆς
3325 1153 3546 1224 Γραφῆς
3574 1154 3772 1221 αὐτοῦς

2179 1241 2438 1302 δυσωπεῖ,
2485 1240 2803 1310 νομίζοντας
2842 1236 2980 1293 εἶναι
3025 1241 3119 1293 καὶ
3164 1242 3478 1313 οἰκοδόμους
3513 1243 3625 1314 (87)
3672 1245 3768 1299 τοῦ

2176 1330 2330 1398 λαοῦ,
2358 1333 2438 1384 ὅτι
2466 1331 2612 1384 λίθον
2644 1333 2805 1385 αὑτὸν
2835 1331 2963 1385 ὄντα
2997 1333 3091 1384 καὶ
3121 1333 3626 1404 ἀποδοκιμασθέντα
3669 1337 3765 1391 ἀπ’

2180 1423 2358 1477 αὐτῶν
2388 1425 2417 1477 ὁ
2462 1424 2651 1495 Πατὴρ
2699 1422 2854 1494 θήσει
2894 1425 2993 1495 τῆς
3020 1424 3148 1493 ὅλης
3175 1425 3465 1496 οἰκοδομῆς
3499 1427 3761 1499 κεφαλὴν,

2184 1516 2474 1586 συνέχοντα
2500 1515 2592 1569 δύο
2616 1515 2816 1584 γωνίας
2840 1515 3084 1579 Παλαιᾶς
3118 1516 3213 1569 καὶ
3243 1517 3451 1587 Καινῆς
3470 1516 3765 1590 Διαθήκης,

2180 1608 2273 1660 καὶ
2295 1606 2388 1659 δύο
2411 1604 2553 1659 λαῶν
2580 1605 2864 1676 οἰκοδομάς
2880 1622 2892 1636 ·
2918 1604 3156 1659 τοιοῦτον
3174 1605 3282 1677 γάρ
3311 1608 3425 1658 ἐστι
3446 1607 3507 1660 τό
3525 1623 3538 1635 ·
3562 1626 3580 1658 ι
3604 1607 3764 1661 Οὐδέ-

2182 1715 2313 1750 ποτε
2368 1697 2637 1766 ἀνέγνωτε
2687 1698 2744 1749 ἐν
2805 1700 2924 1760 ταῖς
2978 1698 3254 1768 Γραφαῖς·
3318 1697 3477 1752 Λίθον
3522 1698 3580 1751 ὃν
3625 1700 3761 1753 ἀπε-

2179 1787 2478 1857 δοκίμασαν
2525 1788 2573 1838 οί
2603 1785 3033 1857 οἰκοδομοῦντες,
3077 1780 3232 1850 οὗτος
3269 1787 3497 1859 ἐγενήθη
3548 1790 3628 1853 είς
3671 1809 3760 1843 κε-

2183 1879 2353 1950 φαλὴν
2386 1878 2619 1947 γωνίας;
2648 1879 2806 1949 Παρά
2844 1879 3045 1949 Κυρίου
3076 1879 3288 1947 ἐγένετο
3320 1879 3479 1950 αὕτη,
3519 1883 3616 1934 καὶ
3644 1881 3756 1937 ἔστι

2181 1971 2465 2042 θαυμαστὴ
2482 1972 2539 2025 ἐν
2551 1971 2849 2041 ὀφθαλμοῖς
2876 1971 3050 2043 ἡμῶν.
3081 1991 3099 2023 ι
3130 1973 3321 2027 Κεῖται
3336 1972 3392 2025 δὲ
3412 1973 3444 2042 ή
3461 1972 3603 2039 λέξις
3615 1974 3756 2044 ἐντῴ

2096 2044 2139 2099 Β
2176 2063 2448 2134 ἑκατοστῷ
2488 2064 2935 2135 ἑπτακαιδεκάτῳ
2975 2063 3194 2134 ψαλμῷ,
3235 2065 3293 2128 ὃς
3336 2066 3452 2118 ἐστι
3507 2065 3609 2136 πρὸ
3655 2066 3748 2118 τοῦ

2177 2154 2644 2224 πολυστιχωτάτου
2678 2153 2894 2225 ψαλμοῦ
2926 2154 3281 2225 τεταγμένος,
3320 2155 3413 2209 καὶ
3442 2154 3554 2225 ἔχει
3583 2155 3754 2221 οὕτως

2174 2247 2235 2299 τὸ
2269 2245 2427 2318 ῥητόν
2449 2263 2462 2276 ο
2500 2265 2518 2297 ‹
2547 2245 2707 2301 Λίθον
2730 2245 2788 2298 ὃν
2809 2244 3215 2316 ἀπεδοκίμασαν
3247 2247 3295 2299 οἱ
3317 2245 3750 2312 οἰκοδομοῦντες,

2173 2330 2326 2397 οὗτος
2387 2334 2618 2404 ἐγενήθη
2676 2334 2755 2398 είς
2799 2332 3039 2404 κεφαλὴν
3085 2334 3301 2401 γωνίας.
3350 2334 3509 2405 Παρὰ
3549 2336 3750 2407 Κυρίου

2171 2429 2385 2498 ἐγένετο
2409 2427 2571 2497 αὕτη,
2596 2426 2691 2479 καὶ
2718 2424 2833 2477 ἔστι
2855 2424 3141 2495 θαυμαστὴ
3162 2426 3217 2476 ἐν
3246 2423 3543 2496 ὀφθαλμοῖς
3572 2425 3746 2497 ὴμῶν.

2170 2519 2320 2591 Αὕτη
2369 2522 2402 2590 ἡ
2438 2519 2622 2589 ἡμέρα
2665 2517 2732 2588 ἣν
2771 2516 3023 2587 ἐποίησεν
3065 2516 3093 2567 ὁ
3126 2514 3360 2587 Κύρος,
3409 2515 3749 2585 ἀγαλλιασώ-

2174 2610 2331 2681 μεθα,
2366 2607 2459 2662 κα)⁸
2492 2605 2883 2677 εὐφρανθῶμεν
2917 2606 2975 2657 ἐν
3022 2605 3157 2675 αὐτῇ
3181 2621 3194 2635 ο
3244 2624 3262 2655 ι
3310 2605 3405 2658 καὶ
3446 2606 3500 2657 εἴ
3540 2624 3594 2659 τι
3622 2607 3748 2661 ἄλλο

2168 2701 2275 2754 τῶν
2309 2699 2437 2770 περὶ
2463 2698 2697 2768 Χριστοῦ
2726 2695 3214 2766 προφητευομένων
3248 2696 3468 2750 δύναται
3499 2698 3747 2769 δυσωπῆ-

2170 2811 2257 2847 σαι
2278 2794 2367 2846 τὸν
2395 2791 2748 2861 εὐγνωμόνως
2772 2787 3092 2855 ἐξετάζοντα
3115 2788 3183 2841 τὰ
3217 2790 3575 2863 γεγραμμένα
3593 2833 3607 2857 ,
3644 2790 3737 2845 καὶ

2165 2880 2326 2936 τοῦτο
2367 2883 2423 2935 ἐν
2457 2881 2637 2943 αὐτοῖς
2670 2879 2737 2932 ἂν
2766 2877 3010 2949 ταχθείη.
3054 2879 3119 2931 Εἰ
3161 2878 3269 2950 γὰρ
3309 2878 3382 2949 μὴ
3428 2880 3554 2950 περὶ
3594 2878 3738 2931 λίθου

485 2972 663 3043 lapide
694 2989 855 3029 sensu
885 2984 1102 3029 carente
1147 2975 1260 3029 haec
1293 2990 1322 3028 a
1349 2974 1610 3045 propheta
1664 2973 1889 3027 minime
1921 2970 2065 3025 dicta

2171 2974 2194 3027 ὁ
2235 2973 2521 3043 προφήτης
2561 2969 2885 3041 ἁναισθὴτου
2936 2969 3109 3023 ταῦτα
3151 2969 3319 3037 λέγει,
3362 2969 3436 3032 ὡς
3476 2969 3612 3022 εἴποι
3650 2986 3732 3030 τις

489 3074 640 3130 sunt,
673 3066 1130 3136 quemadmodum
1159 3067 1391 3123 stolidus
1419 3066 1650 3122 fortasse
1677 3066 1877 3136 aliquis
1910 3080 2062 3119 asse-

489 3169 594 3224 ret,
631 3159 977 3228 perspicuum
1028 3161 1214 3231 utique
1257 3160 1362 3215 erit
1406 3160 1752 3229 reprobatum
1806 3174 1837 3212 a
1879 3156 2061 3227 populi

488 3248 718 3318 hujusce
747 3250 1086 3318 sapientibus
1107 3288 1122 3314 ,
1152 3259 1205 3304 et
1228 3248 1572 3305 sacerdotum
1606 3246 1943 3316 principibus
1963 3287 1977 3310 ,
2009 3254 2062 3300 et

485 3339 829 3407 senioribus,
886 3356 950 3396 ac
991 3341 1187 3396 scribis
1231 3339 1450 3400 Iesum,
1510 3348 1765 3407 tanquam
1805 3336 2061 3392 Ecclesiae

485 3440 649 3501 caput
684 3431 737 3485 in
789 3442 952 3502 caput
997 3432 1178 3502 anguli
1208 3447 1392 3487 revera
1430 3430 1632 3485 factum
1680 3444 1834 3494 esse,
1865 3427 2058 3483 Testa-

485 3533 669 3579 menta
702 3524 809 3579 duo
845 3526 1198 3590 adnnantem,
1235 3523 1370 3579 etin
1405 3540 1573 3578 unum
1622 3532 2058 3591 componentem.

483 3615 550 3669 Et
576 3617 679 3671 hoc
717 3625 801 3673 est
834 3627 1016 3686 caput,
1055 3617 1259 3671 donum
1293 3632 1323 3671 a
1359 3616 1468 3671 Deo
1498 3616 1595 3671 toti
1639 3615 1864 3669 aedilicio
1890 3614 2062 3668 dona-

484 3715 597 3761 tum
625 3749 640 3771 .
677 3718 728 3763 et
763 3708 1011 3762 mirabile
1049 3708 1268 3778 quidem
1318 3717 1484 3777 caput
1517 3708 1569 3760 in
1615 3706 1789 3760 oculis
1835 3705 2061 3769 nostris,

483 3796 575 3866 qui
608 3796 784 3862 ipsum
837 3795 1036 3851 intueri
1088 3811 1419 3866 possumus;
1469 3812 1532 3851 ac
1579 3803 1864 3865 propterea
1908 3803 2061 3863 post-

2162 3062 2229 3116 ἂν
2280 3062 2484 3132 ἠλίθιος
2528 3062 2688 3132 ἀνὴρ,
2719 3060 2874 3131 δῆλον
2902 3059 2967 3114 ἂν
3015 3062 3123 3131 εἴη,
3158 3061 3237 3114 ὅτι
3280 3062 3307 3113 ό
3347 3059 3735 3129 ἀποδεδοκιμα-

2165 3154 2360 3224 σμένος
2397 3153 2501 3205 ὑπὸ
2543 3153 2651 3205 τῶν
2697 3154 2753 3205 ἐν
2783 3151 2859 3222 τῷ
2900 3151 3015 3222 λαῷ
3045 3152 3237 3221 ἐκείνῳ
3275 3149 3469 3218 σοφῶν,
3504 3149 3599 3203 καὶ
3633 3151 3735 3218 ἀρε

2165 3232 2413 3316 χιερέων,
2437 3244 2529 3296 καὶ
2551 3243 2957 3315 πρεσϐυτέρων,
2990 3243 3084 3297 καὶ
3110 3242 3481 3312 γραμματέων
3510 3238 3738 3311 Ἰησοῦς,

2162 3327 2317 3397 οὗτος
2350 3333 2564 3405 ἀληθῶς
2598 3333 2817 3401 ἐγένετο
2844 3333 2919 3396 ὡς
2945 3332 3151 3403 κεφαλὴ
3197 3328 3523 3402 Ἐκκλησίας
3546 3333 3624 3393 είς
3651 3345 3742 3382 κε-

2169 3425 2341 3496 φαλὴν
2373 3424 2594 3493 γωνίας,
2626 3424 2761 3478 ἑνῶν
2810 3426 2902 3478 καὶ
2946 3425 3038 3477 ἐπὶ
3070 3423 3131 3476 τὸ
3178 3423 3311 3477 αὐτὸ
3346 3422 3593 3491 συνάγων
3640 3423 3740 3486 τὰς

2167 3517 2260 3570 δύο
2308 3514 2603 3588 Διαθήκας.
2659 3516 2769 3568 Καὶ
2823 3514 2968 3568 ἐστιν
3007 3513 3147 3583 αὕτη
3203 3515 3237 3584 ἡ
3283 3513 3512 3585 κεφαλὴ,
3567 3512 3736 3583 δῶρον

2167 3608 2319 3681 παρὰ
2361 3606 2562 3679 Κυρίου
2605 3610 2671 3678 τῇ
2716 3607 2810 3678 ὅλῃ
2844 3605 3095 3676 οἰκοδομῇ
3145 3604 3424 3675 δεδομένη,
3470 3604 3564 3657 καὶ
3607 3602 3740 3659 θαυ-

2171 3699 2349 3772 μαστὴ
2377 3698 2585 3769 κεφαλὴ
2613 3699 2669 3751 ἐν
2701 3697 2997 3768 ὀφθαλμοῖς
3025 3696 3200 3766 ἡμῶν,
3232 3695 3543 3765 δυναμένων
3567 3695 3737 3765 αὐτὴν

2170 3789 2408 3860 βλέπειν,
2444 3788 2537 3841 καὶ
2577 3788 2663 3841 διὰ
2694 3788 2873 3851 τοῦτο,
2908 3788 3028 3841 ἐπεὶ
3067 3785 3479 3856 ἀπεδοκίμασαν
3514 3787 3562 3840 οἱ
3590 3786 3732 3838 οἰκος

2166 3877 2452 3949 δομοῦντες
2476 3878 2663 3931 τοῦτον
2688 3878 2777 3931 τὸν
2804 3877 2969 3943 λίθον,
3000 3876 3142 3950 ἤρθη
3172 3878 3269 3949 μὲν
3296 3879 3404 3932 ἀπδ
3431 3877 3540 3932 τῶν
3568 3893 3735 3948 γεωρ-

2162 3969 2274 4038 γῶν
2307 3971 2549 4034 ἐκείνων,
2586 3970 2681 4023 καὶ
2710 3968 2820 4022 τῶν
2860 3969 3156 4039 οἰκοδόμων
3203 3969 3427 4022 ἐκείνων
3467 3968 3536 4020 τὰ
3576 3967 3732 4034 λόγια

2162 4058 2253 4111 τοῦ
2292 4058 2448 4121 Θεοῦ,
2489 4060 2546 4111 ἐν
2585 4052 2667 4121 οἷς
2701 4053 2768 4128 ἦν
2802 4059 2835 4128 ἡ
2869 4056 3113 4127 βασιλεία
3156 4056 3249 4110 τοῦ
3286 4056 3420 4109 Θεοῦ
3442 4073 3455 4086 ·
3492 4055 3644 4127 ἐδόθη
3672 4056 3732 4109 δὲ

2160 4151 2303 4204 ἔθνει
2336 4150 2574 4204 ποιοῦντι
2602 4151 2727 4215 τοὺς
2754 4151 2999 4222 καρποὺς
3024 4149 3216 4219 αὐτῆς.
3249 4150 3312 4201 El.
3339 4148 3395 4202 δέ
3423 4148 3618 4219 ἀληθὲς
3645 4148 3726 4202 τό’

2165 4262 2183 4293 ς
2222 4242 2515 4308 Δοθήσεται
2554 4241 2694 4295 ἔθνει
2739 4242 2980 4294 ποιοῦντι
3028 4240 3154 4304 τοὺς
3198 4241 3445 4310 καρποὺς
3475 4239 3663 4311 αὐτῆς,
3703 4258 3723 4291 ι

482 3903 644 3956 quam
674 3889 905 3958 lapidem
934 3888 1079 3942 hunc
1116 3888 1547 3956 reprobaverunt
1595 3886 1924 3941 aedificantes
1944 3928 1957 3951 ,
1994 3887 2062 3941 ab
2091 3914 2102 3930 ι

483 3977 550 4032 iis
577 3979 831 4049 agricolis
859 3988 910 4034 et
937 3978 1362 4033 aedificatoribus
1398 3978 1546 4031 hisce
1578 3976 1758 4031 ablata
1788 3984 1914 4031 sunt
1946 3976 2061 4030 clo-

481 4067 609 4136 qnia
652 4066 742 4120 Dei
764 4109 778 4133 ,
814 4069 954 4123 inter
984 4083 1106 4136 quae
1133 4077 1251 4121 erat
1279 4066 1372 4120 Dei
1401 4081 1662 4135 regnum;
1708 4066 1849 4136 genti
1879 4076 2057 4119 autem

483 4158 602 4227 ejus
645 4156 858 4213 fructus
905 4158 1130 4212 facienti
1188 4158 1375 4212 datum
1428 4164 1531 4211 est.
1574 4153 1731 4221 Quod
1775 4155 1821 4211 si
1865 4172 2054 4211 verum

481 4248 613 4303 illud
646 4257 728 4303 est
753 4249 791 4280 “
823 4268 836 4304 :
880 4268 898 4299 ι
934 4249 1162 4303 Dabitur
1187 4246 1330 4318 genti
1361 4245 1582 4301 facienti
1612 4245 1824 4301 fructus
1857 4246 1997 4315 ejus,
2032 4265 2050 4298 ι

1679 4377 1909 4434 VETUS
1948 4376 2524 4431 INTERPRETATIO.

482 4519 644 4576 faciet
673 4516 881 4590 colonis
917 4515 1060 4590 illis?
1093 4535 1111 4566 ι
1146 4515 1566 4590 Responderunt
1591 4533 1685 4572 ore
1718 4517 1937 4590 proprio
1963 4517 2216 4590 judicati,
2251 4520 2395 4589 quod
2431 4538 2448 4570 α
2486 4520 2657 4576 malos
2693 4520 2829 4575 male
2864 4521 3072 4590 perdet,
3101 4530 3155 4575 et
3182 4520 3391 4574 vineam
3425 4518 3573 4574 dabit
3602 4519 3723 4576 aliis

481 4589 754 4659 agricolis.
781 4605 807 4659 _n
828 4588 951 4659 _Aut
973 4587 1129 4659 enim
1151 4587 1471 4659 prophetam
1505 4589 1963 4659 quemadmodum
2012 4587 2250 4658 Caipltas
2272 4587 2570 4655 sacerdos,
2618 4591 2710 4659 qui
2742 4587 2951 4645 non—ex
2982 4608 3041 4646 se
3070 4591 3207 4644 dixit
3233 4604 3445 4651 verum,
3477 4591 3567 4643 sed
3595 4590 3721 4659 quia

481 4655 736 4730 sacerdos
766 4656 867 4730 fuit
900 4655 1026 4730 anni
1059 4656 1204 4708 illius
1242 4655 1578 4730 prophetarit
1612 4657 1736 4730 :_sic
1762 4667 1814 4711 et
1840 4657 1927 4730 isti
1962 4672 2071 4710 non
2097 4655 2163 4712 ex
2194 4675 2251 4713 se
2283 4655 2741 4728 prephetaver‘unt
2769 4669 2961 4715 contra
2991 4677 3070 4725 se,
3102 4659 3359 4730 quoniam
3389 4655 3722 4713 tollenda'eis

480 4737 632 4783 erant
664 4727 876 4794 eloquia
912 4724 1109 4796 Dei,_et
1141 4726 1391 4796 gentibus
1429 4725 1604 4780 danda
1637 4726 1873 4780 fructum
1910 4727 1962 4779 in
1997 4735 2240 4796 tempore
2277 4724 2639 4783 suo—daturis.

552 4796 640 4851 12.
687 4816 703 4846 ι
735 4793 870 4868 Dicit
900 4796 1006 4848 illis
1036 4793 1194 4848 Jcsus
1221 4793 1561 4868 {flunquam
1596 4796 1797 4868 legistis
1833 4797 1887 4850 in
1930 4793 2230 4868 Scripturis
2262 4818 2275 4853 :
2309 4798 2565 4867 Lapidem
2599 4814 2759 4867 quem
2793 4801 3218 4868 reprobavertmt
3249 4799 3597 4868 aedificantes,
3634 4799 3721 4853 hic

481 4866 659 4937 factus
689 4874 772 4919 est
796 4866 848 4916 in
879 4873 1038 4934 caput
1075 4864 1301 4937 auguli?
1332 4865 1375 4917 A
1406 4864 1634 4919 Domino
1658 4866 1858 4936 factum
1895 4876 1976 4921 est
2002 4864 2155 4930 illud,
2191 4877 2247 4922 et
2282 4878 2362 4922 est
2390 4864 2647 4923 ‘mirabile
2683 4869 2735 4921 in
2778 4864 2951 4925 oculis
2992 4871 3212 4924 nostris.
3248 4888 3265 4919 ι
3296 4867 3562 4934 Quoniam
3592 4883 3721 4937 ergo

482 4936 743 5008 putabant
772 4949 829 4986 se
853 4934 1359 5008 essetedilieatores
1384 4937 1569 5008 populi
1602 4934 1913 5008 sacerdotes
1949 4937 2045 5001 illi,
2077 4953 2198 4991 cum
2232 4954 2340 4991 non
2380 4948 2562 5008 essent
2591 4940 2945 4995 aedificatores
2978 4939 3287 5008 probabiles
3325 4957 3338 4991 :
3374 4953 3471 4993 nec
3499 4934 3720 5008 enim'si

487 5003 1078 5082 fuissent-probabiles,
1109 5003 1335 5082 lapidem
1381 5006 1692 5082 hujusmodi
1743 5007 2167 5082 reprobassent;
2204 5017 2382 5082 tamen
2428 5007 2567 5082 dicit
2608 5008 2713 5082 illis
2743 5010 2809 5063 de
2839 5003 3158 5079 Scripturis,
3193 5009 3453 5082 quoniam
3480 5007 3721 5082 lapidem

480 5092 539 5133 se
563 5075 919 5146 constitutum
942 5080 996 5126 et
1029 5075 1374 5146 reprobatum
1406 5077 1474 5146 ab
1497 5076 1575 5129 eis
1607 5076 1766 5146 l’ater
1799 5076 2086 5131 collocavit
2140 5077 2193 5131 in
2242 5078 2408 5132 totius
2434 5078 2645 5132 aedificii
2682 5089 2841 5146 caput
2862 5119 2877 5144 ,
2928 5075 2989 5133 u't
3013 5075 3434 5146 comprehendat
3461 5075 3597 5131 duos
3626 5092 3719 5129 an—

481 5147 636 5216 gulos
654 5141 861 5217 Veteris
877 5140 1212 5217 Testanfenti
1239 5154 1291 5217 _et
1320 5142 1475 5209 Novi,
1507 5153 1561 5217 et
1584 5145 1817 5217 duorum
1845 5147 2167 5215 populorum
2196 5149 2630 5217 aediﬁcationem,
2657 5140 2763 5202 hoc'
2784 5140 2872 5202 est
2896 5152 3039 5202 enim
3080 5140 3223 5217 quod
3255 5148 3330 5217 ait
3359 5165 3372 5200 :
3410 5166 3428 5198 ι
3463 5146 3718 5217 Lapidem

480 5214 639 5298 quem
657 5215 1096 5296 .reprobarerunt
1116 5214 1466 5298 telilieantes,
1507 5214 1594 5268 hic
1626 5214 1800 5294 factus
1822 5214 1990 5298 estnin
2017 5226 2181 5298 caput
2204 5218 2408 5298 anguli.
2455 5236 2474 5268 ι
2549 5216 2613 5272 Ει
2641 5218 2741 5273 iste
2771 5218 2909 5298 lapis
2929 5214 3238 5298 donumest
3263 5216 3583 5298 denatunla
3610 5214 3721 5267 Deo

478 5285 708 5340 aedilicio
740 5285 1012 5356 universo,
1063 5296 1116 5356 et
1156 5284 1473 5356 admirabile
1501 5295 1663 5352 caput
1703 5284 1961 5356 inoculis
1989 5284 2190 5341 nostris
2217 5284 2309 5356 qui
2351 5302 2645 5356 possumus
2674 5303 2799 5341 eum
2824 5284 3007 5343 ridere
3034 5288 3207 5343 oculis
3240 5288 3458 5340 mentis.
3495 5284 3559 5356 ASi
3592 5298 3720 5353 ergo

478 5370 665 5408 verum
709 5363 792 5426 est
840 5353 984 5426 quod
1032 5352 1147 5426 ait:
1188 5372 1206 5404 ι
1237 5352 1616 5426 ᾼυίειὉιυιχε
1647 5353 1802 5426 κίοιιίε
1833 5370 2060 5421 regnum
2096 5357 2212 5426 Dei,
2236 5352 2299 5410 "et
2324 5352 2542 5410 dabitur
2594 5356 2714 5411 aliis
2746 5358 2977 5424 colonis,
3018 5359 3110 5426 qui
3140 5357 3364 5426 reddent
3406 5356 3453 5410 ei
3477 5352 3720 5426 fructum

480 5425 816 5494 temporibus
850 5421 986 5489 suis,
1018 5441 1036 5474 ›
1072 5424 1191 5477 sine
1219 5421 1386 5477 dubio
1417 5422 1620 5475 nemini
1653 5424 1812 5476 datur
1836 5439 2062 5494 regnum
2095 5424 2208 5490 Dei,
2236 5426 2287 5479 id
2317 5435 2418 5487 est,
2456 5426 2678 5480 verbum
2710 5421 3095 5492 Domini,‘ni‘si
3132 5425 3458 5481 facientibus
3482 5424 3719 5479 fructum

546 5559 787 5629 '{Matlln
831 5558 1071 5629 xxn“.
1174 5558 1369 5613 l3.loan.
1406 5574 1481 5625 xu,
1541 5561 1628 5626 49,
1684 5562 1771 5615 51.
1875 5561 1895 5593 ⁸
1931 5558 2067 5614 Matt}

2172 5577 2286 5627 κει,
2346 5561 2434 5617 42.
2546 5564 2587 5594 ¹⁰
2618 5561 2760 5618 Psal.
2824 5579 2990 5629 cxvn,
3045 5560 3137 5629 22,
3194 5561 3285 5627 23,
3349 5560 3420 5616 24
3485 5568 3536 5616 et
3574 5570 3691 5626 seq.

480 5626 522 5657 “
550 5627 736 5683 Matth.
775 5644 885 5692 1m,
920 5628 1006 5680 45.

1174 5556 1369 5613 l3.loan.
1406 5574 1481 5625 xu,
1541 5561 1628 5626 49,
1684 5562 1771 5615 51.
1875 5561 1895 5593 ⁸
1931 5558 2118 5614 Matth.
2172 5577 2286 5627 κει,
2346 5561 2434 5617 42.

547 5741 657 5812 (87)
684 5741 1033 5811 Αόμῖζύντας
1055 5741 1203 5798 εἶναι
1227 5746 1321 5799 καὶ
1348 5748 1717 5819 οἰκοδόμους,
1742 5758 1845 5805 etc.
1872 5749 2067 5819 ChrySt

2177 5768 2317 5819 ntus,
2345 5752 2798 5823 Theophylactus,
2825 5750 3167 5823 Euthymius.
