4074 6300
399 399 536 484 διιεῖ

1708 416 1774 476 IN
1814 404 2229 474 narramus
2268 420 2505 478 TOMUS
2539 421 2709 477 xvn:

3512 415 3690 479 Ἰδξὶν

389 549 504 616 γάρ
537 543 612 617 μή
647 542 744 609 ὢν,
779 561 797 595 ι
837 535 991 610 φησὶ,
1028 559 1043 590 ι
1082 539 1198 610 μετ’
1243 535 1401 610 ἐμοῦ,
1434 519 1552 591 κατ’
1580 523 1718 608 ’ἐμοῦ
1747 538 1914 590 ἐστιν.
1956 556 1964 588 ι

2083 539 2283 593 sentire
2305 531 2585 594 credentes
2619 537 2960 609 iniquitatem
2988 537 3045 592 iu
3068 531 3310 596 'sublit'ne'
3336 535 3691 612 loquuntur,

389 631 547 685 Οῦτω
573 631 649 696 δὲ,
691 628 795 685 κᾶν
827 631 1133 698 συνάγωσιν
1189 631 1238 682 oi
1301 627 1387 702 psi;
1414 627 1484 682 τὰ
1509 626 1684 700 ἀληθῆ
1719 629 1850 699 περὶ
1878 625 1972 679 τοῦ

390 722 517 776 Υἱοῦ
559 721 884 794 φρονοῦντες
919 725 978 776 ἐν
1009 719 1084 792 τῷ
1122 720 1346 792 ὀνόματι
1382 719 1580 792 Ἰησοῦ,
1617 719 1971 792 σκορπίζουσι

389 814 589 886 μᾶλλον
624 813 656 886 ἢ
681 815 998 883 συνάγουσι.
1020 815 1157 884 Φησὶ
1183 814 1293 886 γὰρ
1315 816 1344 868 ὁ
1382 813 1592 885 Σωτήρ⁶
1631 832 1652 866 ι
1697 815 1806 867 Καὶ
1831 815 1859 866 ὁ
1897 814 1971 886 μὴ

387 905 632 973 συνάγων
656 908 772 976 μετ’
796 906 956 978 ἐμοῦ,
989 905 1328 977 σκορπίζει.)
1352 904 1462 959 Καὶ
1493 905 1754 978 πρόσχες,
1789 905 1870 958 ὅτι
1897 905 1970 978 μή

384 999 598 1068 ἔρηται
629 997 832 1062 ἁπλῶς
893 1017 912 1050 ι
945 999 1005 1052 '0
1041 998 1116 1070 μὴ
1165 998 1413 1067 συνάγων
1454 996 1795 1073 σκορπίζει·›
1836 997 1975 1052 ἀλλὰ

343 1092 346 1096 ’
383 1090 523 1160 μετά
549 1091 812 1163 ἀκριϐοῦς
845 1091 1166 1164 προσθήκης
1198 1092 1318 1164 τῆς,
1353 1111 1371 1143 ι
1400 1092 1721 1163 μετ’ἐμοῦοι
1751 1091 1832 1146 δεῖ
1863 1092 1972 1165 γάρ

379 1185 470 1237 τὸν
500 1185 804 1252 συνάγοντα
838 1186 956 1256 μετ’
981 1183 1148 1243 αὐτοῦ
1186 1183 1459 1253 συνάγειν.
1512 1183 1748 1254 Νοήσεις
1794 1183 1852 1236 δὲ
1880 1181 1972 1236 τὸν

383 1279 500 1350 μετ’
534 1276 700 1330 αὑτοῦ
733 1277 1054 1347 συνάγοντα,
1081 1267 1381 1347 ἐπιστήσας
1414 1275 1510 1346 τῷ·
1549 1293 1566 1326 t
1592 1274 1972 1345 Συναχθέντων

381 1364 535 1435 ὑμῶν
567 1367 661 1418 καὶ
685 1365 780 1419 τοῦ
827 1365 962 1437 ἐμοῦ
997 1365 1326 1436 πνεύματος,
1374 1365 1471 1418 σὺν
1503 1368 1564 1436 τῇ
1612 1364 1841 1436 δυνάμει
1877 1363 1968 1419 τοῦ

379 1455 588 1527 Κυρίου
632 1456 829 1527 Ἰησοῦ,
865 1455 1215 1528 παραδοῦναι¹
1253 1456 1344 1509 τὸν
1373 1455 1616 1509 τοιοῦτον
1646 1455 1724 1526 τῷ
1755 1457 1971 1528 Σατανᾷ

377 1549 459 1612 είς
484 1547 704 1620 ὄλεθρον
757 1548 856 1618 τῆς
912 1549 1169 1621 σαρκός·›
1228 1548 1290 1602 τὸ
1341 1548 1468 1619 γάρ·
1527 1565 1545 1598 ι
1587 1546 1970 1617 Συναχθέντων

382 1637 533 1709 ὑμῶν
566 1640 660 1693 καὶ
691 1639 784 1693 τοῦ
817 1638 952 1711 ἐμοῦ
982 1639 1311 1710 πνεύματος,
1367 1640 1464 1692 σὺν
1499 1641 1565 1710 τῇ
1593 1638 1823 1709 δυνάμει
1876 1636 1968 1691 τοῦ

378 1730 585 1802 Κυρίου
628 1731 824 1803 Ἰησοῦ,
840 1752 857 1783 ι
879 1731 1032 1803 δηλοῖ
1054 1731 1144 1785 τὸν
1169 1732 1467 1802 συνάγοντα
1505 1733 1622 1802 μετ’
1653 1731 1838 1784 αὑτοῦ.
1859 1731 1968 1784 Καὶ

375 1821 474 1876 οὐκ
506 1821 572 1875 ἂν
622 1822 804 1891 λέγοις
837 1824 918 1876 τό·
953 1841 972 1874 t
995 1825 1380 1896 Συναχθέντων
1422 1823 1578 1894 ὑμῶν
1619 1825 1676 1876 ἐν
1700 1825 1766 1894 τῇ
1810 1823 1966 1878 δυνά-

378 1931 468 1987 μει
500 1913 593 1968 τοῦ
630 1916 837 1988 Κυρίου
874 1915 1105 1986 Ἰησοῦ,›
1134 1915 1397 1989 ἁρμόζειν
1427 1917 1540 1979 τοῖς
1568 1916 1685 1986 ἦτοι
1714 1914 1852 1986 μετὰ
1873 1913 1964 1969 τοῦ
2000 1897 2041 1952 Β

374 2006 558 2076 κακῶς
587 2006 737 2078 βιοῦν
763 2008 1106 2076 συνάγουσιν,
1155 2007 1272 2078 ἦτοι
1305 2007 1712 2077 συναγομένοις,
1759 2007 1791 2078 ἦ
1831 2004 1967 2078 μετὰ

371 2098 465 2156 τοῦ
491 2099 675 2162 κακῶς
699 2101 794 2153 καὶ
820 2098 1034 2163 ἀσεϐῶς
1064 2103 1287 2172 ’φρονεῖν
1314 2100 1441 2171 περὶ
1471 2097 1606 2153 Θεοῦ
1633 2099 1673 2170 ,ἦ
1706 2098 1800 2152 τοῦ
1832 2101 1968 2170 Χρι.

376 2191 503 2244 στοῦ
534 2191 720 2245 αὑτοῦ.
759 2191 946 2246 Ταῦτα
981 2193 1075 2246 καὶ
1095 2191 1184 2247 διὰ
1215 2193 1275 2246 τὸ
1303 2194 1432 2255 τοὺς
1485 2192 1675 2263 ὄχλους
1707 2193 1964 2263 φρονοῦν-

370 2301 470 2348 τας
513 2283 652 2355 ’περὶ
707 2283 800 2337 τοῦ
835 2284 1033 2355 Ἰησοῦ,
1065 2285 1192 2348 τοὺς
1242 2285 1379 2356 ὑπὲρ
1421 2285 1608 2347 αὑτοῦ,
1650 2285 1745 2338 καὶ
1785 2285 1963 2357 πολλῷ

369 2376 587 2430 ἔλαττον
621 2374 954 2452 φρονοῦντας
999 2374 1100 2444 τῆς
1151 2375 1308 2440 ἀξίας
1346 2375 1536 2439 αὑτοῦ,
1574 2375 1830 2444 λέγεσθαι
1882 2364 1962 2440 εἰς

370 2468 654 2540 προφήτην
690 2467 852 2524 αὑτὸν
895 2465 1212 2537 ἐσχηκέναι.
1269 2465 1636 2532 Συνεξετάσας
1661 2467 1718 2519 δὲ
1751 2467 1962 2530 τούτοις

366 2559 464 2633 τὴν
487 2559 582 2617 τοῦ
616 2561 801 2617 Λουκᾶ
829 2559 958 2631 περὶ
989 2558 1098 2611 τῶν
1139 2556 1343 2628 ὁμοίων
1400 2557 1568 2623 λέξιν,
1611 2560 1956 2635 τρανότερον,

365 2647 1001 2723 οἵμαι,κατασκευάσεις
1050 2650 1118 2704 τὰ
1167 2652 1561 2723 προειρημένα’
1609 2652 1757 2715 ὅστις
1803 2651 1956 2722 φησί’

371 2757 392 2792 ι
413 2737 617 2814 Καῗιῆν
661 2742 930 2800 διδάσκων
960 2742 1022 2794 τὸ
1061 2740 1384 2820 καθημέραν
1418 2743 1485 2800 ἐν
1513 2741 1590 2812 τῷ
1625 2741 1776 2813 ἱερῷ.
1807 2743 1867 2794 Ol
1901 2741 1958 2795 δὲ

366 2832 663 2903 ἀρχιερεῖς,
693 2831 786 2885 καὶ
809 2835 856 2884 οἱ
887 2835 1253 2905 γραμματεῖς,
1283 2834 1376 2886 καὶ
1402 2834 1450 2884 0i
1478 2831 1840 2905 πρεσϐύτεροι
1863 2833 1955 2886 τοῦ

365 2919 496 2981 λαοῦ
549 2920 774 2998 ἐζήτουν
822 2923 985 2977 αὑτὸν
1032 2924 1294 2987 ἀπολέσαι
1339 2927 1441 2978 καὶ·
1487 2925 1584 2997 οὐχ
1619 2925 1872 2999 εῦρισκον
1905 2911 1956 2979 1i

367 3012 707 3080 ποιήσουσιν·
755 3013 782 3066 ὁ
835 3013 946 3091 γὰρ
997 3012 1124 3078 λαὸς
1192 3015 1338 3076 ἅπας
1397 3014 1734 3087 ἐξεκρέματο
1790 3017 1954 3069 αὐτοῦ

363 3102 599 3156 ἀκούων·
637 3121 656 3152 ι
695 3105 788 3157 καὶ
823 3105 880 3164 ἐν
924 3104 1133 3168 τούτοις
1184 3107 1292 3176 γὰρ
1320 3105 1598 3176 δηλοῦται,
1630 3107 1712 3160 ὅτι
1764 3108 1813 3160 οἱ
1844 3106 1955 3159 τῶν

369 3192 682 3288 Ϊῐουδαῖκῶν
711 3273 713 3275 ι
739 3194 1130 3288 προϊστάμενοι
1184 3181 1520 3266 παρανόμως
1575 3197 1749 3264 λόγων
1801 3196 1913 3268 (97)
1937 3237 1950 3260 ,
1982 3233 2022 3288 C

1914 3285 1941 3304 ιη

361 3273 748 3353 ὀνομαζόμενοι
777 3283 1070 3354 ἀρχιερεῖς,
1106 3285 1200 3336 καὶ
1244 3289 1614 3356 γραμματεῖς,
1648 3285 1834 3357 ἐχθροὶ
1872 3285 1951 3357 τῷ

373 3373 570 3446 Ἰησοῦ,
607 3375 702 3430 καὶ
728 3376 1088 3448 πρεσϐύτεροι
1138 3377 1233 3442 τοῦ
1267 3377 1420 3443 λαοῦ,
1462 3377 1686 3449 ζητοῦσι
1719 3381 1818 3452 μὲν
1859 3380 1950 3433 τὸν

373 3467 581 3540 Ἰησοῦν
613 3469 900 3534 ἀπολέσαι,
935 3470 1030 3527 καὶ
1055 3469 1316 3538 ἀφανίσαι
1359 3472 1417 3525 τὸ
1443 3472 1616 3542 ὄνομα
1647 3471 1814 3525 αὐτοῦ
1840 3472 1949 3525 άπὸ

361 3560 468 3614 τῶν
501 3559 828 3634 ἀνθρώπων,
857 3564 950 3626 καὶ
984 3564 1084 3636 τήν
1124 3565 1252 3637 περὶ
1281 3561 1448 3617 αὑτοῦ
1480 3563 1680 3616 πίστιν·
1724 3564 1822 3633 οὐχ
1855 3565 1948 3625 εὐ,-

362 3653 608 3724 ρίσκουσι
636 3654 692 3707 δὲ
713 3654 766 3708 τι
796 3656 1111 3726 ποιήσουσιν
1141 3657 1221 3718 εἰς
1251 3655 1389 3725 ὅπερ
1424 3653 1704 3724 βούλονται
1735 3655 1951 3719 ἀνύσαι,

359 3743 458 3800 ἆτε
487 3745 888 3817 προληφθέντος
917 3747 1117 3810 παντὸς
1145 3745 1236 3800 τοῦ
1265 3746 1345 3808 είς
1372 3744 1534 3797 αὐτὸν
1561 3743 1954 3810 πιστεύσαντος

358 3833 514 3906 λαοῦ,
549 3835 643 3888 καὶ
666 3834 1037 3907 ὲξηρτημένου
1069 3834 1170 3905 τῆς
1213 3835 1295 3898 είς
1320 3834 1412 3886 τὸν
1467 3832 1676 3903 Ἰησοῦν
1705 3833 1949 3912 ἀγάπης,

358 3927 455 3982 καὶ
488 3927 902 4000 ἐκκρεμαμένου
929 3929 986 3982 ἐν
1012 3925 1090 3998 τῷ
1110 3927 1329 3981 ἀκούειν
1358 3925 1459 3996 τῆς
1473 3927 1823 3991 διδασκαλίας
1848 3929 1946 3980 αὑ·-

355 4016 474 4083 τοῦ,
506 4019 601 4072 καὶ
653 4018 748 4072 τοῦ
794 4018 954 4088 λόγου
991 4018 1175 4072 αὑτοῦ.
1207 4019 1320 4073 Καὶ
1369 4017 1483 4070 ἐστι
1526 4034 1592 4086 γε
1633 4017 1792 4072 τοῦτο
1822 4018 1947 4072 ἰδεῖν

361 4109 524 4182 μέχρι
557 4109 650 4163 τοῦ
700 4109 878 4184 δεῦρο,
910 4109 1033 4164 τίνα
1081 4110 1282 4180 τρόπον
1340 4109 1562 4182 ζητοῦσι
1621 4111 1871 4164 καθελεῖν
1899 4113 1947 4165 οἱ

358 4203 788 4274 προϐαλλόμενοι
822 4202 920 4273 τὴν
946 4201 1243 4274 θεραπείαν
1276 4201 1370 4254 τοῦ
1402 4202 1536 4255 Θεοῦ
1567 4201 1641 4264 ὡς
1673 4203 1948 4273 ἀρχιερεῖς

2080 633 2134 680 et
2164 625 2443 682 Conditori
2471 629 2813 692 obtrectant;
2866 641 2992 683 cum
3031 643 3098 684 eo
3133 629 3336 700 quippe
3363 647 3472 687 non
3507 641 3658 698 sunt,

2076 725 2130 772 et
2155 718 2356 774 idcirco
2375 720 2637 776 adversus
2652 736 2778 775 eum
2802 728 2931 777 sunt
2953 735 2967 772 :
2997 739 3016 772 ι
3038 718 3142 787 Qui
3165 722 3332 788 enim,
3348 741 3365 773 ι
3390 723 3566 793 inquit
3585 724 3654 786 ".

2075 825 2100 860 ι
2127 825 2235 864 non
2272 824 2357 866 est
2386 827 2628 878 mecum,
2657 822 2853 869 contra
2882 830 2968 869 me
2990 823 3092 870 est.
3124 833 3142 865 ι
3183 813 3444 869 Similiter
3471 824 3676 870 autem.

2074 904 2330 972 quamvis
2373 903 2427 958 in
2473 905 2695 959 nomine
2723 903 2852 960 Jesu
2910 913 3274 975 congregem,
3303 904 3398 975 qui
3432 919 3559 960 vera
3589 907 3658 961 de

2073 995 2215 1051 Filio
2241 1010 2349 1051 non
2381 996 2665 1063 sentiunt,
2711 1007 2975 1068 spargunt
3020 997 3202 1068 potius
3233 1011 3396 1066 quam
3425 1012 3653 1070 congre-

2075 1099 2238 1161 gant;
2285 1089 2358 1144 ait
2381 1090 2587 1160 quippe
2627 1089 2983 1144 Servator”:
3019 1109 3037 1142 ι
3071 1088 3134 1144 Et
3158 1089 3254 1160 qui
3285 1104 3393 1144 non
3426 1104 3655 1161 congre-

2073 1192 2165 1253 gat
2194 1197 2406 1236 mecum
2429 1223 2446 1248 ,
2497 1181 2723 1251 spargit.
2756 1181 3188 1244 rAnimadverte
3233 1187 3414 1236 autem
3449 1181 3650 1237 dictum

2073 1288 2183 1328 non
2215 1271 2385 1328 fuisse
2429 1272 2751 1342 simpliciter
2778 1291 2791 1326 :
2826 1290 2844 1324 ι
2873 1271 2976 1339 Qui
3001 1289 3109 1327 non
3146 1280 3471 1343 congregat,
3500 1283 3652 1344 sparo

2072 1366 2181 1437 git;
2217 1385 2235 1418 ι
2273 1365 2369 1421 sed
2397 1380 2520 1420 cum
2549 1373 2710 1419 cauto
2739 1365 2844 1419 hoc
2877 1373 2930 1420 et
2952 1365 3225 1436 exquisito
3256 1364 3648 1427 additamenta.

2078 1476 2097 1509 ι
2127 1473 2374 1524 mecum;
2407 1475 2429 1510 ι
2483 1463 2699 1527 oportet
2735 1455 2880 1511 enim
2911 1465 2971 1511 ut
3011 1457 3102 1527 qui
3140 1465 3467 1528 congregat,
3519 1471 3652 1513 con-

2072 1556 2253 1616 greget
2285 1561 2410 1601 cum
2446 1559 2532 1600 eo.
2558 1543 2664 1611 Qui
2693 1552 2874 1599 autem
2908 1560 3033 1600 cum
3059 1560 3124 1599 eo
3155 1553 3478 1618 congregat,
3509 1547 3653 1602 hunc

2070 1637 2378 1706 dignosces,
2425 1635 2472 1691 si
2503 1634 2570 1690 ad
2598 1633 2653 1689 id
2681 1633 2976 1690 attenderis
3002 1634 3046 1666 "
3078 1651 3091 1686 :
3125 1653 3144 1685 ι
3172 1635 3525 1705 Congregatis
3553 1651 3653 1692 vo-

2070 1730 2155 1784 bis
2186 1738 2237 1783 et
2270 1744 2391 1784 meo
2421 1727 2614 1798 spiritu
2635 1768 2651 1794 ,
2690 1742 2816 1783 cum
2847 1727 3047 1784 virtute
3081 1726 3294 1782 Domini
3323 1724 3484 1792 Jesu,
3535 1739 3650 1785 tra—

2069 1820 2198 1874 dere
2247 1818 2563 1889 huiusmodi
2589 1819 2804 1874 Satanas
2834 1817 2890 1872 in
2916 1818 3193 1874 interitum
3225 1819 3426 1874 carnis.
3458 1836 3477 1871 δ
3516 1817 3660 1873 lllud

2069 1913 2249 1966 enim:
2281 1930 2299 1963 ι
2326 1909 2686 1982 Congregatis
2719 1911 2870 1966 vobis
2898 1918 2952 1966 et
2977 1925 3098 1966 meo
3134 1912 3352 1981 spiritu,
3391 1927 3513 1966 cum
3542 1912 3651 1965 vir"-

2069 2010 2181 2058 tute
2218 2001 2438 2058 Domini
2465 2001 2596 2058 Jesu
2619 2045 2633 2069 ,
2671 2021 2690 2055 ι
2729 2017 2853 2058 cum
2888 2001 3052 2072 79o
3100 2001 3192 2056 illo
3229 2010 3646 2073 congregantem

2066 2094 2319 2150 ostendit.
2354 2092 2464 2149 Nec
2489 2095 2672 2150 dicere
2697 2108 2868 2164 queas
2911 2094 3000 2148 illa
3027 2110 3039 2146 :
3073 2111 3092 2144 ι
3121 2092 3474 2164 Congregatis
3496 2093 3650 2150 vobis

2067 2185 2121 2239 in
2154 2185 2354 2239 virtute
2386 2180 2602 2238 Domini
2627 2182 2756 2239 Jesu
2779 2224 2794 2248 ,
2824 2201 2842 2234 ι
2875 2183 2942 2238 iis
2977 2184 3269 2238 convenire
3308 2184 3402 2254 qui
3435 2184 3516 2237 vel
3554 2197 3647 2237 ne»

2065 2276 2247 2345 quiter
2275 2275 2521 2330 viventes
2549 2285 2917 2346 congregant,
2950 2285 3046 2330 aut
3086 2285 3514 2346 congregantur,
3563 2275 3647 2330 vel

2064 2367 2206 2422 male
2241 2377 2293 2421 et
2323 2367 2488 2436 impie
2517 2367 2584 2421 de
2625 2365 2737 2422 Deo
2769 2366 3051 2437 ipsiusque
3080 2367 3297 2422 Clu-isto
3325 2366 3644 2422 sentientes.

2063 2455 2241 2527 Atque
2273 2457 2387 2511 haec
2413 2471 2478 2512 eo
2512 2457 2655 2512 dicta
2693 2467 2840 2521 sunt,
2865 2459 3009 2528 quod
3046 2458 3218 2512 turbae
3241 2473 3366 2529 quae
3397 2473 3493 2527 pro
3515 2456 3642 2513 Jcsu

2063 2548 2317 2613 stabant,
2369 2557 2422 2602 et
2455 2549 2693 2618 aliquam
2741 2547 2810 2604 de
2848 2548 2978 2604 J’esu
3029 2551 3341 2619 opinionem
3385 2563 3642 2618 susq-epe-

2062 2651 2216 2704 rant,
2254 2640 2346 2696 sed
2380 2641 2649 2696 minorem
2684 2657 2749 2696 ac
2792 2641 2970 2695 ferret.
3001 2642 3174 2712 ipsius
3221 2641 3485 2714 dignitas,
3518 2657 3640 2696 cum

2061 2743 2323 2803 tanquam
2377 2735 2697 2803 prophetam
2758 2734 3016 2790 habuisse
3071 2734 3342 2788 dicantur.
3395 2734 3548 2800 Quod
3597 2736 3643 2790 si

2067 2823 2227 2880 Luca:
2264 2824 2330 2878 de
2361 2824 2553 2879 iisdem
2585 2825 2751 2879 rebus
2781 2825 3084 2880 orationem
3119 2841 3242 2902 cum
3274 2825 3420 2880 hisce
3450 2835 3646 2881 contn-

2058 2915 2189 2970 leris
2213 2955 2228 2978 ,
2249 2909 2485 2981 'clarius,
2522 2915 2738 2986 Opinor,
2767 2931 2885 2985 quae
2916 2931 3082 2986 supra
3116 2917 3260 2972 dicta
3289 2927 3415 2971 sunt
3436 2919 3644 2986 proba.

2060 3007 2234 3074 veris;
2270 3007 2362 3077 qui
2390 3007 2608 3076 quidem
2647 3008 2725 3062 sic
2755 3010 2831 3062 ait
2853 3009 2899 3041 ³²
2927 3027 2938 3065 :
2975 3028 2993 3060 ι
3028 3008 3237 3063 Et-erat
3266 3009 3472 3064 docens
3505 3027 3642 3080 quo.-

2057 3099 2188 3152 tidie
2234 3099 2288 3151 in
2333 3097 2557 3166 templo.
2605 3097 2886 3168 Principes
2918 3110 3101 3154 autem
3160 3100 3545 3166 sacerdotum,
3591 3115 3645 3157 et

2056 3189 2273 3254 ‘scriba',
2297 3197 2350 3243 et
2374 3190 2620 3245 seniores
2642 3191 2826 3260 populi
2850 3193 3168 3261 quaerebant
3198 3193 3350 3248 illum
3374 3196 3640 3264 perdere;

2061 3286 2118 3332 et
2145 3292 2254 3331 non
2291 3277 2639 3333 inveniebant
2681 3281 2824 3350 quod
2863 3279 3105 3337 facerent
3133 3283 3206 3336 illi
3234 3300 3248 3339 ε
3273 3285 3453 3340 omnis
3495 3293 3638 3342 enim

2059 3369 2296 3440 p0pulus
2323 3384 2625 3451 suspensus
2654 3380 2772 3426 erat
2803 3372 3033 3429 audiens
3067 3373 3220 3428 illum
3247 3391 3260 3442 ;
3294 3390 3312 3426 ι
3355 3377 3408 3430 in
3439 3378 3524 3435 bis
3559 3379 3630 3435 εἰ·

2057 3463 2278 3532 quidem
2323 3463 2636 3519 ostenditur
2673 3470 2769 3519 eos
2810 3466 2902 3533 qui
2941 3467 3246 3523 litterarum
3290 3466 3637 3528 Judaicarum

2057 3556 2256 3610 studiis
2299 3554 2485 3624 inique
2529 3565 2805 3624 praesunt,
2854 3557 3126 3628 principes
3166 3563 3548 3628 sacerdotum,
3583 3575 3638 3620 et

2055 3645 2266 3700 scribas
2293 3643 2422 3700 Jesu
2452 3644 2718 3713 infensos,
2743 3655 2799 3700 et
2832 3647 3012 3716 populi
3044 3650 3291 3707 seniores
3315 3654 3510 3718 dictos,
3539 3654 3634 3711 Je-

2055 3750 2178 3790 sum
2205 3737 2422 3804 quidem
2457 3736 2717 3806 perdere,
2762 3745 2819 3791 ct
2851 3752 3049 3794 nomen
3084 3741 3258 3811 ipsius
3287 3744 3636 3816 habitamque

2053 3825 2120 3881 de
2145 3841 2209 3880 eo
2239 3825 2398 3881 tidem
2427 3841 2495 3882 ex
2523 3827 2810 3882 hominum
2846 3830 3121 3887 mentibus
3151 3831 3365 3900 delere,
3410 3846 3464 3891 et
3496 3838 3633 3893 obl-i-

2054 3928 2232 3972 terare
2289 3918 2459 3985 velle;
2527 3919 2919 3990 atsquomodo
2965 3923 3302 3981 voluntatem
3355 3943 3512 3985 suam
3565 3936 3631 3988 ad

2053 4009 2257 4064 exitum
2295 4009 2618 4078 provehant,
2654 4023 2763 4064 non
2799 4013 3058 4082 reperire,
3085 4024 3271 4086 utpote
3295 4027 3405 4076 toto
3433 4025 3632 4094 populo

2053 4100 2147 4171 qui
2187 4101 2292 4171 ipsi
2339 4101 2500 4156 ﬁdem
2548 4101 2874 4159 adhibuerat
2911 4103 3026 4175 jam
3068 4114 3194 4162 ante
3237 4120 3538 4182 occupato,
3581 4125 3635 4172 et

2056 4209 2243 4249 amore
2280 4194 2394 4264 jam
2430 4209 2555 4250 cum
2588 4193 2720 4250 Jesu
2759 4195 3083 4267 coniuncto,
3132 4209 3192 4256 et
3234 4204 3304 4259 ab
3343 4219 3440 4261 ore
3487 4207 3634 4263 illius
3688 4208 3693 4218 ‘

359 4288 547 4354 αὑτοῦ,
603 4293 700 4345 καὶ
756 4290 855 4362 τήν
887 4290 1038 4344 Θείαν
1071 4291 1292 4362 Γραφὴν
1328 4290 1404 4353 ὡς
1438 4293 1808 4363 γραμματεῖς,
1854 4293 1951 4345 καὶ

2064 4286 2352 4357 pendente,
2381 4301 2506 4341 cum
2541 4287 2850 4343 doctrinam
2880 4288 3038 4359 illius
3086 4305 3503 4368 sermonemque
3533 4315 3632 4360 au.-

1555 4399 1789 4457 VETUS
1830 4395 2431 4458 INTERPRETATIU.
2690 4409 2692 4414 ’
3441 4408 3443 4412 ’

355 4522 604 4575 videntes
633 4535 760 4585 eos,
801 4535 942 4589 quos
965 4519 1286 4576 existimant
1327 4537 1499 4591 unum
1529 4541 1542 4574 :
1573 4523 1730 4590 quasi
1763 4535 1958 4590 magna
1989 4519 2058 4575 de
2089 4533 2156 4573 eo
2182 4531 2376 4591 sapere
2404 4527 2777 4587 proponentes
2809 4519 3162 4591 iniquitatem
3197 4524 3251 4578 in
3291 4526 3508 4582 excelso
3549 4527 3625 4584 lo-

359 4600 626 4661 quuntnr,
658 4601 712 4644 et
739 4591 1192 4661 malerloquentes
1225 4592 1291 4644 de
1323 4589 1432 4644 Deo
1458 4606 1566 4645 non
1593 4589 1731 4645 sunt
1775 4589 1878 4661 pro
1905 4607 1970 4646 eo
1999 4607 2012 4642 ε
2045 4604 2154 4661 nec
2174 4589 2320 4644 enim
2350 4598 2481 4661 sunt
2509 4603 2635 4643 cum
2661 4603 2747 4654 eo,
2775 4589 3059 4660 prop—terea
3096 4603 3227 4647 sunt
3258 4605 3447 4650 contra
3478 4613 3623 4660 eum,

361 4661 505 4715 sicut
535 4660 666 4713 dicit
699 4676 712 4712 :
755 4680 772 4712 ι
803 4659 907 4726 Qui
937 4658 1043 4714 nOn
1076 4671 1158 4716 est
1187 4675 1432 4730 mecum,
1466 4658 1878 4716 advel-sumine
1903 4670 2004 4716 est.
2037 4679 2055 4711 ι
2102 4658 2194 4713 Sic
2243 4667 2298 4712 et
2341 4658 2388 4712 si
2429 4658 2898 4730 congregantiqui
2930 4677 3038 4718 non
3068 4667 3287 4730 sapiunt
3311 4665 3377 4718 de
3404 4658 3626 4724 Christo

355 4730 501 4798 quod
534 4743 722 4783 verum
751 4741 834 4786 est
867 4730 920 4808 in
950 4729 1349 4808 norpjnqlesu,
1376 4730 1708 4808 dispergunt
1738 4731 1913 4808 magis
1935 4746 2100 4808 quam
2127 4740 2487 4808 congregant,
2535 4730 2681 4784 sicut
2705 4729 2836 4800 ipse
2857 4732 2988 4786 dicit
3019 4749 3048 4808 ι,
3069 4751 3088 4784 ‹
3117 4729 3222 4805 Qui
3253 4749 3360 4808 non
3399 4752 3628 4808 congre-

356 4810 448 4873 gat
474 4814 710 4873 mecum,
739 4802 966 4873 spargit.
1001 4819 1020 4851 ι
1055 4799 1121 4854 Ει
1149 4801 1269 4854 vide
1297 4801 1426 4870 quia
1459 4799 1593 4855 non'
1617 4799 2147 4873 simpliciter'dixit:
2182 4818 2202 4851 ι
2233 4801 2337 4865 Qui
2369 4815 2478 4854 non
2510 4809 2826 4873 congregat,
2855 4803 3096 4873 spargit;
3136 4799 3439 4864 {sedcum
3467 4799 3625 4866 cauta

357 4869 700 4938 adjectione:
739 4889 757 4920 σ
788 4869 890 4936 Qui
923 4887 1030 4924 non
1064 4869 1623 4942 congregatntecum.
1656 4890 1674 4922 ι
1704 4869 1806 4937 Qui
1836 4872 1980 4942 enim
2015 4880 2308 4940 congregat
2331 4885 2509 4942 [cum
2541 4869 2765 4942 Christo
2797 4869 3130 4942 congregare
3157 4874 3336 4929 debet.
3368 4873 3507 4942 Quid
3551 4881 3624 4935 sit

355 4951 536 4995 autem
565 4955 895 5014 congregare
923 4954 1064 5014 cum
1104 4941 1322 5014 (_1bris_to_
1369 4941 1658 5014 intelliges,
1691 4945 1748 5014 si_
1761 4941 2202 5014 considet-avens
2228 4939 2377 5009 quod
2407 4940 2550 5014 dicit
2577 4939 2868 5014 Apostolus
2897 4939 3355 5014 :‘tiCongt-egatis
3385 4939 3539 5004 vobis
3570 4964 3625 5006 et

358 5026 482 5064 meo
511 5009 706 5080 spiritu
733 5026 856 5064 cum
883 5012 1085 5064 virtute
1110 5009 1324 5065 Domini
1352 5012 1528 5065 nostri
1555 5010 1682 5066 Jesu
1710 5011 1915 5066 Christi
1950 5011 2164 5065 tradere
2192 5025 2320 5064 eum
2345 5009 2436 5078 qui
2462 5010 2586 5080 talis
2605 5017 2690 5064 est
2717 5011 2936 5080 _Satan:e
2969 5012 3022 5066 in
3055 5009 3335 5071 interitum
3363 5019 3613 5079 carnisq

355 5080 511 5146 Quod
545 5077 698 5134 enim
729 5081 865 5134 dicit
896 5097 909 5132 :
950 5099 968 5131 ‹
997 5080 1357 5157 godgt-egatis
1394 5081 1550 5134 vobis
1588 5091 1646 5157 et
1689 5097 1811 5157 meo
1846 5082 2039 5157 spiritu
2061 5120 2076 5142 ,
2115 5095 2258 5157 cum"
2289 5077 2489 5134 virtute
2531 5077 2906 5157 _Jesu_(_lhristi
2929 5122 2944 5150 ,
2984 5101 3003 5157 ι
3048 5083 3364 5157 manifestat
3392 5089 3519 5157 quid
3553 5077 3624 5144 sit

356 5166 692 5229 congregare
717 5165 970 5229 cumﬁco.
1006 5149 1069 5229 Et
1105 5149 1207 5202 hoc
1225 5148 1344 5204 ’Iton
1372 5152 1627 5204 convenit
1673 5152 1738 5204 ad
1785 5148 1889 5229 eos
1916 5152 2137 5229 dicere:
2170 5170 2189 5202 ι
2219 5148 2576 5229 Congregatis
2609 5150 2760 5206 vobis
2795 5148 3152 5209 cuntvirtute
3195 5148 3424 5229 Domini
3451 5162 3620 5229 nostri

353 5219 754 5294 Jesui‘Cbristi.
789 5239 809 5272 ι
848 5220 953 5286 Qui
985 5219 1128 5272 cnitn
1150 5230 1657 5294 _congregant_cum
1690 5222 1833 5294 male
1863 5221 2205 5294 sapientibus
2233 5221 2300 5294 de
2331 5219 2574 5294 Christo,
2612 5234 2721 5274 non
2749 5233 3084 5294 congregant
3112 5240 3236 5279 cum
3278 5224 3517 5294 Christo.
3557 5228 3624 5282 Et

357 5289 696 5346 manifestius
723 5294 868 5367 hunc
897 5305 1118 5345 sensum
1149 5289 1316 5367 habes
1340 5289 1482 5360 apud
1501 5291 1718 5367 _Lucam
1759 5289 2132 5367 ila__dit;ettlellt
2162 5306 2176 5343 ε
2209 5309 2226 5339 ι
2261 5289 2324 5344 Iit
2354 5300 2474 5367 erat
2502 5291 2709 5346 docens
2736 5289 3060 5367 quotidiéiu
3095 5295 3315 5367 templo.
3343 5293 3624 5367 Principes

357 5370 541 5432 autem
583 5365 954 5423 sacerdotum,
983 5370 1038 5414 et
1070 5359 1286 5425 scribae,
1315 5359 1646 5418 et’seniores
1671 5362 2139 5432 populivoiebant
2167 5375 2294 5432 eum
2339 5361 2584 5432 perdere,
2608 5369 2662 5416 et
2685 5359 2791 5416 non
2822 5362 3168 5419 inveniebant
3203 5359 3334 5432 quid
3362 5359 3620 5421 facerent.

356 5428 772 5507 Populusmenim
801 5432 982 5507 omnis
1003 5442 1466 5507 _suspensus_erat
1496 5432 1550 5486 in
1580 5428 1705 5507 eum
1736 5428 1984 5507 iaudiens
2008 5447 2154 5507 eum.
2188 5450 2208 5482 ι
2246 5428 2312 5483 Et
2341 5428 2406 5485 in
2449 5431 2535 5507 his
2588 5432 2916 5507 ostenditur,
2954 5428 3342 5507 quoniamiqui
3381 5451 3624 5507 praesunt

357 5499 567 5572 inique
592 5499 838 5560 ludaicis
869 5502 1081 5572 turbis,
1108 5510 1164 5555 et
1194 5501 1548 5572 nominantur
1575 5502 1848 5572 principes
1879 5503 2265 5572 sacerdotum,
2285 5508 2340 5554 et
2371 5501 2585 5572 scribae,
2619 5510 2672 5556 et
2710 5499 3193 5572 seniorcs'populi,
3226 5499 3432 5562 inimici
3460 5507 3620 5569 Chri-

357 5570 454 5633 sti,
486 5571 673 5645 volunt
698 5574 918 5645 quidem
949 5571 1174 5642 perdere
1206 5569 1485 5645 Christum
1513 5569 1610 5645 ,re‘t
1636 5569 1948 5645 disperdere
1964 5587 2175 5645 nomen
2221 5571 2341 5645 ejus
2372 5584 2439 5624 ex
2476 5571 2790 5645 hominibus
2813 5613 2827 5639 ,
2869 5582 2923 5627 et
2954 5569 3111 5645 ﬁdem
3140 5575 3207 5629 de
3237 5590 3336 5642 eo,
3370 5576 3463 5631 sed
3511 5594 3618 5633 non

359 5640 649 5694 inveniunt
679 5640 810 5711 quid
839 5640 1042 5698 iaciant
1067 5640 1368 5696 secundum
1397 5644 1541 5712 quod
1564 5640 1783 5710 volunt,
1809 5643 2068 5713 quoniam
2098 5640 2434 5712 praeveniens
2465 5642 2648 5696 omnis
2674 5645 2908 5712 populus
2938 5642 3290 5714 qui'credid‘it
3318 5640 3392 5716 ci,
3424 5647 3621 5719 pendet

435 5754 694 5812 "Matth.
726 5775 822 5823 xit,
853 5760 937 5815 50.
1017 5761 1058 5792 ³⁰
1089 5760 1218 5837 ibid,-
1297 5761 1337 5792 ³⁸
1365 5758 1382 5814 ί
1410 5761 1536 5816 θον·
1560 5778 1610 5830 νυ
1635 5761 1700 5838 ,έίν-
1728 5761 1780 5821 5‘
1859 5759 1964 5842 ".1

2064 5800 2070 5814 .
2104 5777 2214 5826 xxx,
2257 5759 2347 5825 l7,
2379 5759 2515 5842 48..⁴

429 5872 538 5941 (97)
580 5871 744 5931 Vetus
782 5873 1047 5944 interpres
1086 5877 1293 5945 legebat
1323 5877 1492 5947 ὄχλων
1525 5895 1536 5931 :
1571 5881 1727 5936 vertit
1760 5880 1935 5937 enim:
1980 5898 1997 5931 ι
2030 5878 2132 5946 Qui
2165 5887 2403 5949 praesunt
2433 5877 2617 5950 inique
2644 5877 2883 5938 Judaicis
2915 5880 3107 5937 turbis.
3138 5899 3172 5932 »-
