4074 6300
377 370 529 426 .1535

1301 376 1655 437 COMMENT.
1692 384 1759 438 IN
1797 384 2206 444 ΜΑΤΤΗᾹΣυΜ
2251 386 2485 442 TOMUS
2525 384 2683 441 XVII.

3473 433 3476 440 .
3509 383 3640 450 £328
3659 411 3673 426 ι

391 489 488 542 σοῦ
543 483 681 543 εἶναι
741 488 974 558 λέγεταιο
1011 490 1058 543 οί
1095 489 1151 543 δὲ
1196 492 1361 562 γάμοι
1403 495 1496 548 τοῦ
1525 496 1640 549 υἱοῦ
1687 499 1780 552 τοῦ
1809 500 1962 569 βασι-

2070 511 2170 556 tem
2221 502 2313 557 lilii
2356 504 2518 573 regis,
2566 500 2822 557 Ecclesiae
2847 500 3047 556 Christi
3077 515 3290 570 sponse
3329 517 3534 574 sponso
3556 500 3664 573 i’p--

391 579 526 643 λέως
573 577 707 652 (-1)ή
742 580 1184 645 ἀποκατάστασις
1235 583 1334 652 τῆς
1383 585 1602 660 νύμφης
1645 590 1967 661 Ἑκκλησίας

394 671 626 742 Χριστοῦ
661 671 798 744 πρὸς
829 672 1058 744 Χριστὸν
1080 674 1169 728 τὸν
1198 677 1428 746 νυμφίον
1457 679 1646 752 αὑτῆςο
1677 683 1726 734 οι
1752 681 1809 735 δὲ
1836 684 1967 736 ἀπο-

397 763 734 832 στελλόμενοι
763 763 936 817 δοῦλοι
981 764 1203 819 καλέσαι
1235 767 1308 838 (2)
1338 770 1462 832 τοὺς
1483 771 1850 844 κεκλημένους
1887 776 1967 838 είς

392 855 517 917 τοὺς
542 853 769 924 γάμους,
795 857 842 907 οἱ
877 856 1018 910 κατά
1053 861 1241 930 καιρόν
1276 861 1380 913 είσι
1413 865 1684 934 προφῆται
1713 865 1964 936 ἐπιστρέ-

394 961 584 1013 φοντες
609 947 733 1007 τοὺς
771 945 880 998 ἀπὸ
911 949 1003 1001 τοῦ
1029 948 1156 1003 λαοῦ
1189 950 1277 1005 διὰ
1329 953 1437 1006 τῶν
1475 954 1822 1026 προφητειῶν
1875 957 1967 1008 ἐπὶ

390 1034 487 1106 τὴν
513 1035 847 1106 εὐφροσύνην
874 1039 1149 1110 ἀγομένην
1175 1042 1267 1093 ἐπὶ
1305 1045 1369 1112 τῇ
1405 1045 1843 1099 ἀποκαταστάσει
1869 1047 1968 1116 τῆς

403 1125 730 1197 Ἐκκλησίας
780 1127 912 1197 πρὸς
965 1130 1216 1200 Χριστόψ
1272 1133 1320 1184 οὶ
1383 1133 1440 1185 δὲ
1491 1133 1566 1204 μὴ
1609 1134 1851 1198 θέλοντες
1882 1134 1968 1186 ἐλ-

390 1216 506 1271 θεῖν
532 1217 605 1288 (5)
637 1219 1056 1291 προηγουμένως
1089 1221 1239 1286 ὅντες
1267 1222 1474 1294 κλητοὶ,
1496 1226 1546 1276 οι
1575 1224 1651 1296 μὴ
1682 1225 1968 1289 ἀκούοντες

393 1307 500 1360 τῶν
527 1306 700 1375 λόγων
721 1309 828 1362 τῶν
859 1311 1150 1381 προφητῶν
1179 1306 1338 1382 ἦσαν’
1358 1314 1406 1364 οἱ
1432 1313 1489 1365 δὲ
1514 1313 1967 1385 ἀποστελλόμενοι

392 1398 541 1453 ἄλλοι
574 1399 771 1464 δοῦλοι,
801 1400 928 1454 ἄλλο
959 1400 1230 1472 ἄθροισμα
1279 1404 1572 1475 προφητῶν
1593 1421 1605 1434 °
1641 1405 1701 1458 τὸ
1740 1405 1796 1458 δὲ
1825 1407 1969 1476 ⁴ἢτοι-

395 1489 671 1562 μασμένον
697 1491 916 1562 ἄριστον
959 1492 1056 1564 (4),
1100 1495 1159 1546 ὲν
1182 1487 1226 1562 ᾧ
1261 1497 1310 1547 οί
1345 1495 1532 1565 ταῦροι
1562 1495 1656 1548 τοῦ
1708 1495 1968 1566 βασιλέως

395 1579 486 1632 καὶ
508 1579 576 1634 τὰ
615 1583 834 1634 σιτευτά
862 1582 1026 1636 αὑτοῦ
1071 1584 1343 1654 τεθυμένα
1370 1581 1436 1655 ἦν
1457 1624 1472 1647 ,
1510 1586 1564 1637 αἱ
1589 1586 1805 1657 στερεα)⁸
1829 1581 1968 1656 ἦσαν

395 1670 488 1724 καὶ
519 1671 734 1740 λογικαὶ
767 1673 874 1727 τῶν
905 1676 1215 1746 μυστηρίων
1259 1675 1351 1728 τοῦ
1401 1676 1532 1729 Θεοῦ
1566 1677 1782 1748 τροφαί.
1815 1677 1970 1731 Dim»

386 1762 448 1817 δὲ
479 1765 572 1817 καὶ
599 1765 774 1819 πάντα
807 1766 1018 1838 ἕτοιμα,
1045 1769 1093 1820 oi
1124 1768 1250 1840 περὶ
1285 1767 1500 1822 πάντων
1527 1769 1637 1822 τῶν
1673 1769 1840 1823 ὄντων
1886 1767 1970 1822 λό-

2069 592 2184 648 sius
2215 593 2431 659 Christo
2472 592 2774 658 restitutio;
2809 591 2950 646 servi
2983 605 3108 646 vero
3150 590 3215 645 ad
3247 592 3520 648 vocandos
3546 609 3641 649 eos

2070 685 2218 740 missi
2252 685 2345 756 qui
2388 685 2453 741 ad
2490 685 2705 754 nuptias
2739 682 2953 738 fuerant
2993 683 3224 746 invitati,
3274 682 3308 735 ii
3344 695 3470 739 sunt
3515 700 3643 754 pro-

2067 777 2240 846 pheta:
2275 774 2544 831 vaticiniis
2576 775 2691 830 suis
2722 789 2817 830 eos
2843 773 2935 844 qui
2967 788 2997 828 e
3026 772 3227 843 populo
3272 782 3420 837 sunt,
3452 775 3519 829 ad
3551 775 3641 830 lae-

2071 867 2238 923 titiam
2286 866 2602 936 tempestive
2646 874 3042 932 convertentes,
3085 880 3205 934 quae
3250 880 3349 935 pro
3400 863 3641 924 Ecclesia

2061 960 2284 1018 Christo
2311 960 2562 1014 restituta
2589 959 2915 1022 ducebatur;
2961 957 3054 1027 qui
3087 967 3266 1012 autem
3299 957 3514 1026 priores
3552 974 3644 1013 ac-

2069 1050 2248 1108 cersiti
2286 1050 2469 1104 venire
2502 1049 2818 1114 noluerunt,
2863 1046 2916 1102 hi
2965 1058 3090 1102 sunt
3121 1047 3214 1117 qui
3256 1048 3640 1118 prophetarum

2069 1139 2412 1196 sermonibus
2438 1138 2662 1194 minime
2689 1147 3016 1208 paruerunt;
3041 1147 3094 1192 at
3118 1137 3270 1192 missi
3293 1137 3433 1190 servi
3461 1138 3642 1203 alteri,

2069 1233 2209 1284 alius
2235 1239 2314 1284 est
2363 1230 2749 1299 prophetarum
2781 1227 2940 1298 792
2983 1236 3192 1293 coetus;
3225 1235 3471 1295 paratum
3518 1243 3644 1282 vero

2070 1322 2378 1392 prandium,
2415 1321 2468 1373 in
2496 1336 2606 1388 quo
2637 1319 2777 1373 tauri
2802 1320 2946 1388 regis
2981 1327 3032 1373 et
3063 1317 3230 1372 altilia
3261 1325 3496 1372 mactata
3531 1316 3646 1372 fue-

2069 1418 2212 1474 rant,
2266 1409 2426 1463 solidi
2471 1417 2627 1462 erant
2672 1417 2725 1462 et
2777 1406 3071 1461 rationales
3118 1405 3213 1461 Dei
3261 1407 3644 1478 mysteriorum

2069 1499 2199 1552 cibi.
2233 1497 2493 1552 Similiter
2527 1505 2714 1567 parata
2751 1495 2957 1561 omnia,
2996 1509 3277 1551 sermones
3307 1505 3435 1551 sunt
3457 1496 3523 1552 de
3562 1511 3648 1550 re-

2070 1589 2172 1643 bus
2217 1588 2484 1643 univcrsis
2526 1596 2766 1657 agentes,
2807 1599 2968 1655 quos,
3013 1601 3137 1639 cum
3180 1586 3462 1641 advenerit
3499 1586 3644 1657 quod

2074 1679 2366 1750 perfectum
2397 1687 2499 1744 est,
2529 1677 2814 1732 comedent
2844 1691 2908 1731 ac
2951 1675 3139 1731 bibent
3167 1678 3259 1746 qui
3302 1679 3644 1748 vocationem

2075 1771 2274 1824 fuerint
2303 1769 2495 1825 secuti.
2529 1767 2800 1834 Quoniam
2841 1775 3023 1821 autem
3055 1782 3121 1822 ex
3159 1768 3227 1822 iis
3271 1767 3364 1837 qui
3399 1781 3647 1836 accerse»

394 1871 500 1922 γοι,
527 1855 639 1920 οὓς,
678 1859 805 1911 ὅταν
832 1836 958 1929 ἔλθη
989 1858 1049 1911 τὸ
1077 1836 1300 1924 τέλειον,
1344 1861 1390 1912 ei
1431 1863 1496 1930 τῇ
1531 1861 1718 1932 κλήσει
1746 1859 1970 1915 ἀκολου-

2073 1860 2269 1913 bantur
2300 1875 2394 1929 per
2427 1859 2737 1928 prephetas,
2767 1857 3008 1926 ipsorum
3037 1836 3317 1912 sermones
3348 1857 3514 1928 aliqui
3549 1873 3646 1913 nee

393 1944 654 2016 θήσαντες
675 1949 974 2016 φάγωνται,
1031 1951 1125 2002 καὶ
1167 1950 1417 2004 πίωνται.
1457 1951 1610 2004 Ἐπεὶ
1655 1951 1713 2004 δὲ
1737 1951 1846 2005 τῶν
1880 1969 1971 2005 κε-

391 2035 676 2106 κλημένων
696 2038 785 2090 διὰ
815 2038 923 2092 τῶν
947 2040 1243 2111 προφητῶν
1290 2043 1337 2093 οί
1387 2041 1485 2110 μὲν
1531 2042 1692 2112 μόνον
1738 2042 1971 2112 ἠμέλουν

391 2127 500 2180 τῶν
528 2129 858 2201 λεγομένων,
884 2133 975 2186 καὶ
1006 2138 1115 2197 τοῖς
1162 2133 1433 2204 βιωτικοῖς
1472 2136 1760 2204 ἐσχόλαζον
1793 2137 1970 2208 πράγ-

389 2235 581 2286 μασιν,
638 2221 698 2273 οὐ
734 2221 838 2292 μὴν
887 2224 982 2276 καὶ
1034 2224 1423 2296 ὲπονηρεύοντο
1479 2228 1599 2279 κατ’
1652 2227 1850 2292 αὐτῶν,
1882 2227 1969 2282 διὰ

390 2306 549 2360 τοῦτο
603 2307 700 2378 τὴν
749 2309 1012 2381 διαφορὰν
1065 2311 1242 2364 αὐτῶν
1273 2315 1618 2384 παραστῆσαι
1653 2315 1970 2386 βουλόμενος

391 2390 561 2449 εἶπεν⁸
607 2416 624 2448 ι
658 2399 720 2451 Οἱ
753 2399 810 2451 δὲ
835 2400 1204 2471 ἀμελήσαντες
1230 2402 1492 2473 ἀπῆλθον,
1520 2404 1577 2468 ὃς
1613 2404 1711 2474 μὲν
1741 2407 1834 2459 ἐπὶ
1879 2407 1969 2462 τὸν

394 2484 522 2538 ἴδιον
551 2488 738 2560 ἀγρὸν,
767 2491 825 2555 ὃς
849 2491 906 2544 δὲ
939 2492 1030 2544 ἐπὶ
1058 2491 1152 2563 τὴν
1183 2495 1450 2564 ἐμπορίαν
1489 2495 1673 2548 αὑτοῦ·
1706 2496 1752 2547 oi
1783 2496 1838 2548 δὲ
1858 2494 1968 2550 λοι-

392 2579 484 2630 ποὶ
527 2583 896 2651 κρατήσαντες
934 2583 1095 2636 αὐτοῦ
1143 2587 1265 2649 τοὺς
1319 2585 1560 2652 δούλους,
1615 2587 1839 2660 ὕϐρισαν
1876 2591 1969 2644 καὶ

393 2668 767 2725 ἀπέκτειναν.»
811 2671 945 2727 Εἶτα
973 2674 1279 2739 ἀκολούθως
1313 2679 1378 2748 τῇ
1405 2677 1832 2752 ὁλοσχερεστέρᾳ
1855 2681 1971 2752 διη-

394 2759 551 2827 γήσει
584 2761 618 2830 ἠ
647 2760 784 2832 ὀργὴ
808 2762 901 2815 τοῦ
962 2762 1224 2832 βασιλέως
1257 2769 1478 2832 νοεῖται,
1509 2769 1576 2839 ἢν
1611 2770 1704 2822 καὶ
1737 2771 1764 2822 ὁ
1811 2769 1970 2824 Ἀπόν-

393 2845 579 2910 στολος
609 2851 736 2920 περὶ
777 2851 1042 2906 Ἰουδαίων
1079 2854 1357 2926 ὀνομάζων
1383 2857 1548 2928 λέγει·
1587 2877 1607 2909 ι
1639 2860 1878 2928 Ἐτρθασε
1911 2860 1968 2914 δὲ

390 2937 428 3008 ἡ
450 2937 587 3010 ὀργὴ
615 2942 699 2993 ἐπ’
730 2942 923 3006 αὐτοὺς
955 2945 1034 3008 είς
1059 2946 1233 3010 τέλος.
1260 2967 1276 2997 ι
1316 2944 1448 3003 Εἶτα
1493 2951 1891 3022 προφητεύεται
1941 2953 1969 3004 ὁ

393 3027 535 3080 κατά
574 3029 840 3084 Ἰουδαίων
874 3034 1130 3104 πόλεμος,
1167 3038 1262 3091 καὶ
1287 3041 1321 3110 ἡ
1351 3041 1550 3104 ἅλωσις
1595 3042 1966 3114 Ἰερουσαλὴμ,

389 3117 540 3188 καὶὴ
571 3120 850 3191 ἀναίρεσις
874 3123 968 3176 τοῦ
993 3123 1122 3178 λαοῦ
1159 3127 1298 3196 μετά
1346 3129 1444 3199 τὴν
1484 3131 1721 3200 Χριστοῦ
1775 3130 1964 3201 ἐπιδη-

377 3211 546 3278 ρμίαν,
606 3214 665 3265 ὲν
707 3212 801 3282 τῷο
843 3232 863 3264 ι
892 3215 1002 3267 Καὶ
1056 3216 1279 3287 πέμψας
1321 3219 1380 3271 τὸ
1437 3221 1749 3290 στράτευμα
1802 3219 1966 3274 αὑτοῦ

391 3305 567 3358 ἀνεῖλε
599 3305 723 3369 τοὺς
783 3310 962 3376 φονεῖς
992 3309 1254 3376 ἐκείνους,
1297 3315 1389 3365 καὶ
1430 3314 1530 3384 τὴν
1586 3315 1736 3367 πόλιν
1793 3313 1970 3369 αὐτῶν

393 3394 680 3464 ἐνέπρησε.
732 3415 750 3445 ι

463 3487 536 3540 Τὸ
567 3489 642 3542 δέ·
690 3508 710 3541 ‹
734 3489 865 3544 Τότε
898 3490 1043 3560 λέγει
1088 3497 1202 3559 τοῖς
1255 3496 1463 3560 δούλοις
1514 3497 1701 3550 αὑτοῦ·
1774 3499 1830 3552 '0
1868 3500 1966 3570 μὲν

392 3578 568 3646 γάμος
601 3579 834 3652 ἕτοιμος,
861 3585 909 3636 οί
931 3584 988 3638 δὲ
1014 3585 1340 3656 κεκλημένοι
1365 3589 1465 3640 οὐκ
1495 3583 1635 3658 ἦσαν
1673 3587 1831 3653 ἄξιοι.
1861 3592 1965 3644 Πο-

396 3666 612 3736 ρεύεσθε
639 3666 731 3724 οῦν
760 3673 853 3726 ἐπὶ
879 3674 976 3739 τὰς
1003 3674 1262 3740 διεξόδους
1293 3676 1401 3730 τῶν
1421 3677 1578 3741 ὁδῶν,
1604 3679 1696 3731 καὶ
1719 3679 1877 3742 ὅσους
1897 3680 1964 3734 ἂν

394 3751 612 3826 εὕρητε,
632 3759 896 3814 καλέσατε
915 3765 994 3826 εἰς
1010 3765 1134 3828 τοὺς
1149 3764 1379 3835 γάμους,
1405 3785 1422 3818 ι
1447 3767 1768 3838 ἀναφέροιτο
1787 3767 1852 3822 ἂν
1872 3769 1964 3822 ἐπὶ

393 3849 521 3910 τοὺς
549 3848 724 3919 Ἰησοῦ
745 3853 981 3922 Χριστοῦ
1019 3854 1344 3917 ἀποστόλους
1374 3855 1630 3924 λέγοντας
1654 3857 1927 3922 Ἰουδαίοις
1949 3877 1960 3887 ’

396 3952 421 3987 υ
465 3934 622 4007 Ὑμῖν
644 3935 712 4010 ἦν
736 3942 1028 4010 ἀναγκαῖον
1053 3943 1366 4012 ἀναγγεῖλαι
1387 3942 1477 3997 τὸν
1504 3944 1658 4012 λόγον
1681 3943 1774 3996 τοῦ
1801 3943 1934 3998 Θεοῦ
1950 3962 1962 3973 ⁸

2073 1951 2341 2021 gligcbant
2373 1948 2660 2012 duntaxat,
2697 1957 2752 2002 et
2781 1948 2848 2002 ad
2883 1965 2967 2004 res
3002 1947 3260 2018 profanas
3307 1959 3361 2004 et
3412 1948 3644 2004 munda-

2073 2057 2172 2096 nas
2200 2039 2574 2103 attendebant,
2621 2039 2758 2094 nihil
2799 2047 2983 2093 autem
3028 2039 3156 2093 mali
3197 2040 3462 2095 adversus
3499 2039 3648 2108 ipsos

2053 2129 2446 2199 designabant,
2485 2137 2768 2198 propterea
2812 2143 2999 2182 eorum
3041 2127 3400 2182 differentiam
3435 2126 3651 2198 aperire

2072 2221 2260 2276 volens
2304 2221 2442 2275 dixit
2467 2220 2549 2274 ³⁸ε
2595 2238 2613 2270 ι
2647 2219 2723 2272 Illi
2764 2228 2946 2274 autem
2980 2222 3354 2292 neglexerunt,
3401 2228 3455 2273 et
3497 2218 3648 2274 abie-

2072 2321 2219 2376 runt,
2255 2311 2396 2366 alius
2429 2311 2482 2364 in
2520 2309 2699 2364 villam
2737 2326 2915 2374 suam,
2951 2311 3090 2366 alius
3133 2327 3257 2366 vero
3298 2311 3363 2364 ad
3407 2309 3643 2380 ncgotizv

2072 2403 2272 2459 tionem
2316 2417 2496 2459 suam.
2542 2400 2755 2471 Reliqui
2787 2416 2916 2458 vero
2959 2411 3248 2457 tenuerunt
3279 2417 3465 2457 servos
3503 2402 3648 2471 ejus,

2052 2503 2124 2564 _et
2157 2493 2503 2549 contumeliis
2541 2491 2764 2546 allectos
2808 2493 3144 2548 occiderunt.
3189 2513 3207 2546 ι
3249 2492 3453 2548 Deinde
3493 2493 3648 2562 juxta

2073 2581 2348 2635 rudiorcm
2384 2585 2526 2637 hanc
2556 2582 2974 2650 expositionem,
3012 2583 3090 2636 ira
3129 2583 3271 2653 regis
3292 2598 3354 2637 ea
3389 2581 3648 2652 intelligi-
3738 2636 3741 2640 .

2073 2681 2178 2738 tur,
2212 2679 2372 2742 cujus
2403 2674 2469 2727 de
2501 2671 2703 2728 Judaeis
2742 2673 2971 2744 loquens
3002 2672 3293 2744 Apostolus
3317 2674 3649 2728 mentionem

2073 2763 2201 2820 facit
2231 2765 2312 2818 ’σε
2353 2783 2371 2818 ι
2409 2763 2660 2820 Pervenit
2691 2772 2872 2820 autem
2903 2764 2984 2822 ira
3024 2780 3187 2836 super
3222 2765 3342 2820 illus
3391 2779 3563 2835 usque
3593 2749 3648 2819 in

2071 2857 2256 2911 fluent.
2293 2877 2313 2908 ι
2366 2857 2447 2912 Ad
2498 2857 2610 2912 haec
2650 2857 2850 2912 bellum
2889 2857 3153 2913 adversus
3181 2853 3398 2912 Judaaos
3431 2872 3652 2911 moven-

2071 2947 2198 3002 dum
2225 2955 2277 3001 et
2304 2944 2853 3018 Hicrosolymitanum
2883 2947 3178 3013 excidium,
3205 2947 3496 3018 populique
3524 2957 3648 3016 post

2072 3037 2273 3093 Christi
2307 3035 2600 3093 adventum
2625 3039 2798 3092 caedes
2824 3037 2908 3093 his
2941 3037 3119 3094 verbis
3144 3029 3539 3107 praenuntiatur
3563 3035 3608 3070 ³¹
3629 3053 3646 3091 :

2079 3145 2096 3178 ι
2135 3125 2202 3182 Et
2244 3126 2415 3183 misso
2458 3129 2698 3182 exercitu
2747 3143 2849 3182 suo
2885 3127 3118 3197 perdidit
3166 3128 3470 3183 homicidas
3505 3126 3647 3190 illos,

2075 3224 2128 3270 et
2161 3215 2435 3270 civitatem
2462 3215 2678 3271 illorum
2703 3213 3004 3270 succendit.
3043 3233 3060 3265 ι

2147 3497 2232 3550 lli.
2265 3495 2399 3550 illud
2434 3506 2614 3550 autem
2652 3497 2728 3546 ³⁸;
2773 3515 2788 3545 ι
2826 3493 2979 3550 Tunc
3013 3494 3088 3548 ait
3135 3494 3306 3549 servis
3349 3493 3499 3547 suis:
3541 3491 3650 3546 Nu-

2071 3587 2198 3656 ptiae
2228 3585 2447 3654 quidem
2493 3594 2695 3653 paratm
2744 3593 2894 3650 sunt,
2939 3581 3033 3638 sed
3078 3583 3171 3652 qui
3214 3582 3426 3637 invitati
3471 3593 3646 3648 erant,

2072 3692 2179 3731 non
2225 3675 2446 3730 fuerunt
2487 3675 2655 3746 digni.
2702 3675 2774 3730 lte
2814 3688 2944 3744 ergo
2986 3674 3054 3728 ad
3098 3675 3279 3729 exitus
3329 3674 3561 3740 viarum,
3594 3686 3650 3733 et
3697 3747 3701 3752 τ

2072 3781 2432 3838 quoscunque
2475 3765 2813 3830 inveneritis,
2862 3774 3050 3820 vocate
3092 3763 3158 3818 ad
3207 3764 3445 3835 nuptias,
3485 3783 3502 3816 ι
3560 3781 3646 3840 re-

2074 3856 2202 3912 ferri
2237 3866 2415 3927 potest
2457 3859 2520 3912 ad
2553 3855 2679 3911 Jesu
2728 3855 2931 3911 Christi
2986 3854 3263 3926 apostolos
3311 3853 3516 3910 Judzcis
3566 3853 3649 3908 di-

2074 3957 2258 4005 centes
2279 3948 2322 3980 ³⁹
2346 3963 2359 4000 :
2387 3965 2407 3997 ι
2441 3946 2604 4003 Vobis
2626 3947 2904 4017 oportebat
2932 3946 3257 4002 anmmtiare
3282 3945 3503 4000 verbum
3532 3943 3646 4009 Dei,

1591 4057 1820 4115 VETUS
1861 4059 2436 4116 lNTERPRETATIO.

397 4173 529 4236 Item
565 4175 654 4230 alii
682 4176 1011 4240 transmissi,
1044 4176 1148 4230 alia
1181 4177 1532 4244 congregatio
1573 4176 1982 4245 prophetarum.
2021 4176 2391 4246 Praeparatum
2423 4185 2603 4246 autem
2649 4175 2959 4243 prandium,
3001 4174 3052 4227 in
3078 4189 3193 4246 quo
3223 4176 3387 4241 tauri,
3413 4183 3473 4246 et
3497 4175 3644 4246 sagi—

394 4255 524 4328 nata
558 4247 700 4328 regis
736 4247 915 4301 occisa
949 4255 1124 4307 erant,
1158 4246 1344 4327 solida:
1372 4243 1426 4328 et
1450 4243 1798 4328 rationabiles
1823 4243 2206 4318 mysteriorum
2231 4246 2324 4302 Dei
2352 4261 2507 4302 escae.
2538 4243 2628 4328 Sic
2655 4251 2836 4328 autem
2867 4252 2921 4328 et
2941 4243 3124 4328 omnia
3151 4255 3429 4328 apparata,
3449 4245 3515 4326 'id
3539 4243 3648 4328 est.

395 4318 464 4398 de
495 4313 748 4372 omnibus
783 4332 904 4398 quae
938 4316 1245 4398 necessaria
1281 4326 1406 4398 sunt
1432 4313 2054 4398 prmparatiusermotnes,
2082 4331 2240 4398 quos,
2265 4331 2388 4370 cum
2425 4315 2632 4398 venerit
2661 4313 2806 4383 quod
2840 4314 3157 4398 perfectum-
3189 4313 3292 4379 est,
3323 4316 3416 4398 qui
3449 4315 3646 4397 invita-

394 4385 601 4440 tionem
647 4384 816 4440 sccuti
846 4395 974 4441 sunt
1005 4384 1118 4447 Dei,
1165 4384 1574 4440 manducabunt
1599 4395 1653 4439 et
1689 4385 1892 4440 bibent.

1919 4383 2189 4452 Quoniam
2223 4395 2403 4441 autem
2446 4392 2897 4455 vocatorumpcr
2935 4383 3228 4452 prophetas
3265 4383 3487 4454 quidam
3523 4385 3646 4455 qui-

394 4455 521 4509 dem
571 4457 922 4526 neglexerunt
957 4457 1334 4526 tantummodo
1364 4471 1486 4524 quae
1527 4454 1892 4526 dicebantur,
1916 4455 2271 4511 szecularibus
2297 4453 2547 4526 occupati
2591 4453 2861 4526 negotiis,
2895 4469 3002 4507 non
3053 4461 3235 4508 autem
3273 4453 3327 4508 et
3365 4453 3648 4526 malignati.

397 4533 529 4578 sunt
549 4521 810 4579 adversus
875 4525 1127 4593 rophetas
1158 4543 1170 4577 :
1214 4525 1303 4578 alii
1329 4521 1509 4579 autem
1545 4533 1598 4579 et
1621 4525 1896 4594 malignati
1927 4534 2056 4580 sunt
2079 4535 2267 4581 contra
2295 4541 2389 4580 eos
2410 4521 2576 4591 {ideo
2597 4521 2956 4577 differentiam
2987 4537 3177 4577 eorum
3221 4521 3522 4578 ostendere
3537 4540 3639 4579 vo-

398 4593 538 4652 lens.
565 4593 738 4648 dixit:
766 4611 792 4660 _r
830 4540 1060 4660 Buidam
1093 4594 1310 4660 quidem
1347 4594 1677 4660 negligentes
1708 4595 1978 4658 abierunt,
2013 4595 2152 4649 alius
2182 4595 2401 4660 quidem
2449 4595 2503 4648 in
2540 4608 2732 4660 agrum
2768 4607 2951 4654 suum,
2983 4592 3124 4646 alius
3159 4601 3340 4646 autem
3381 4592 3437 4647 in
3472 4609 3639 4660 nego-

398 4593 538 4652 lens.
565 4593 738 4648 dixit:
774 4611 792 4644 ι

881 4592 1060 4666 uidam
1093 4594 1310 4661 quidem
1347 4594 1677 4666 negligentes
1708 4592 1978 4666 abierunt,
2013 4595 2152 4666 alius
2182 4595 2401 4666 quidem
2449 4595 2503 4648 in
2540 4608 2732 4664 agrum
2768 4607 2951 4666 suum,
2983 4592 3124 4646 alius
3159 4601 3340 4666 autem
3381 4592 3437 4647 in
3472 4609 3640 4664 nego-

397 4661 678 4734 tiationem
708 4654 902 4734 suisui:
942 4654 1132 4732 reliqui
1161 4671 1342 4718 autem
1388 4654 1633 4718 té'nevntes
1675 4678 1862 4719 servos
1905 4654 2024 4733 ejus
2068 4654 2284 4734 iniuriis
2326 4654 2654 4734 affecerunt,
2681 4670 2737 4716 et
2778 4661 3112 4734 occiderunt.
3153 4680 3172 4714 ι
3219 4661 3413 4734 Adhuc
3459 4654 3650 4722 auitam

400 4732 704 4804 secundum
737 4733 1039 4801 simplicem
1062 4731 1212 4788 hanc
1245 4735 1589 4789 traditionem
1630 4735 1710 4788 ira
1749 4731 2067 4804 intelligitur
2104 4731 2267 4804 regis,
2296 4735 2362 4788 de
2396 4749 2502 4804 qua
2541 4740 2595 4804 et
2631 4732 2923 4804 Apostolus
2960 4731 3092 4785 dicit
3125 4740 3346 4804 propter
3383 4731 3640 4804 Judazos:

405 4817 424 4847 ‹
462 4799 732 4873 _Pr:evenit
753 4799 931 4873 autem
961 4818 1056 4856 eos
1096 4805 1170 4856 ira
1204 4819 1379 4873 usque
1417 4805 1470 4857 in
1511 4806 1703 4870 tinem;
1737 4821 1756 4854 ι
1797 4813 1848 4858 et
1883 4799 1973 4870 pro

2070 4799 2234 4858 alatur
2263 4799 2523 4858 adversus
2561 4799 2779 4873 Judagos
2813 4801 3048 4873 bellum,
3090 4799 3144 4856 et
3188 4799 3443 4857 interitus
3486 4800 3645 4873 Jeru-

399 4870 590 4932 salem,
617 4879 678 4941 et
707 4871 1011 4926 interfectio
1046 4874 1227 4941 populi
1261 4870 1382 4941 post
1413 4874 1786 4928 ascensionem
1829 4870 2041 4927 Domini
2084 4874 2248 4938 facta,
2283 4874 2337 4926 in
2377 4887 2443 4927 eo
2481 4872 2626 4941 quod
2666 4871 2742 4925 ait
2771 4889 2781 4924 :
2817 4889 2833 4919 ι
2873 4870 3092 4926 Mittens
3119 4881 3302 4926 autem
3333 4872 3648 4930 exercitum

399 4955 580 5011 suum.
612 4940 880 5011 interfecit
911 4940 1210 4998 homicidas
1235 4940 1381 5007 illos,
1409 4952 1463 4998 et
1495 4943 1767 4998 civitatem
1803 4957 1989 4996 eorum
2015 4945 2296 4998 succendit
2320 4943 2450 5011 igni.
2491 4940 2509 4991 ό

474 5009 559 5064 i6.
602 5009 754 5076 Quod
801 5021 978 5066 autem
1018 5012 1185 5066 dicit:
1221 5032 1239 5065 ι
1278 5012 1431 5068 Tunc
1465 5014 1603 5068 dixit
1637 5013 1920 5081 discipulis
1947 5014 2093 5068 suis:
2130 5009 2595 5081 Nuptizevquidem
2636 5021 2838 5080 parata:
2878 5021 3027 5072 sunt,
3054 5010 3264 5064 invitati
3306 5020 3487 5081 autem
3535 5026 3650 5070 non

393 5077 618 5152 fuerunt
654 5081 798 5152 digni
827 5100 840 5134 :
883 5081 956 5152 Ite
983 5096 1114 5152 ergo
1149 5083 1232 5152 ad,
1253 5084 1432 5137 exitus
1463 5085 1694 5146 viarum,
1724 5077 1795 5136 et'
1812 5097 2170 5152 quoscunque
2208 5077 2543 5152 inveneritis,
2577 5077 2763 5152 vocate
2786 5081 2879 5152 _ad
2933 5081 3183 5152 nuptias;
3233 5099 3262 5152 r
3293 5079 3528 5152 refertur
3575 5081 3643 5134 ad

395 5149 672 5212 apostolos
697 5150 897 5206 Christi
927 5149 1172 5207 dicentes
1209 5151 1449 5207 Judaeis:
1491 5172 1511 5204 ι
1558 5152 1721 5208 Vobis
1761 5153 1993 5221 primum
2027 5149 2253 5207 missum
2297 5151 2474 5206 fuerat
2516 5151 2739 5205 verbum
2784 5149 2915 5205 Dei:
2964 5150 3058 5204 sed
3099 5151 3360 5220 quoniam
3393 5150 3648 5218 indignos

471 5261 516 5294 ³⁸
537 5261 725 5319 Matth.
761 5280 894 5329 XXII,
919 5264 972 5320 5.
1051 5265 1094 5298 ³⁸
1120 5265 1135 5318 Ι
1164 5265 1356 5322 Thess.
1395 5283 1453 5332 ll,
1480 5268 1564 5321 l6.
1644 5269 1685 5299 ³⁷
1717 5267 1906 5323 Matth.
1940 5285 2073 5334 χχιι,
2110 5269 2160 5323 7.

475 5376 550 5445 fl)
584 5380 648 5451 οἱ
693 5380 761 5434 δὲ
800 5380 980 5451 ,γάμοι
1021 5378 1128 5437 τοῦ
1177 5383 1308 5438 υἱοῦ
1352 5383 1458 5438 τοῦ
1496 5384 1822 5451 βασιλέως,
1865 5394 1966 5440 etc.

399 5449 758 5526 Augustinus,
776 5447 980 5526 Quian.
1016 5451 1400 5526 Evangel.,_lib.
1433 5447 1686 5526 nquaest.
1712 5447 1813 5526 31:;
1834 5453 1994 5510 Gre-~

401 5518 609 5596 gorius,
642 5518 829 5596 homil.
859 5521 925 5596 58
948 5522 1010 5596 in
1029 5518 1265 5596 Evanglz
1291 5518 1750 5596 Theophilactus;
1779 5525 1975 5596 Euthy-

402 5588 569 5656 mius.
599 5602 718 5656 cap.
746 5590 834 5652 5|,
868 5591 919 5643 in
948 5589 1136 5645 Matth.
1159 5588 1412 5656 {Glossa.
1440 5588 1702 5648 licinius.

477 5655 554 5715 (εὶ)
583 5658 646 5707 Οἱ
674 5655 752 5709 δὲ
783 5655 1293 5730 ἀποστελλόμενοι
1318 5662 1523 5718 δοῦλοι
1555 5663 1825 5724 καλέσαι,
1862 5675 1964 5719 etc.

402 5722 786 5795 Hicmnymus,
807 5722 1248 5800 Clrt'ysostmints,
1278 5733 1418 5803 Opus
1445 5735 1675 5804 imperf.,
1704 5722 1847 5788 Ιιοιιι.
1891 5737 1972 5796 il;

2236 5270 2279 5300 ³⁸
2310 5267 2438 5323 ibid.
2464 5267 2519 5334 8,
2547 5267 2600 5324 9.
2679 5267 2721 5298 ³⁸
2747 5265 2866 5320 Act.
2902 5281 3020 5332 xm,
3055 5265 3149 5322 46.

2076 5389 2394 5456 Gregorius,
2431 5387 2616 5444 homil.
2675 5384 2742 5440 58
2774 5384 2827 5438 in
2877 5383 3122 5458 Evang.;
3171 5384 3644 5454 Theophylactus,

2075 5459 2286 5513 Glossa.
2321 5459 2393 5512 In.

2146 5530 2222 5594 (5)
2269 5528 2512 5583 Ἐλθεῖν.
2544 5529 2702 5584 Deest
2735 5530 2786 5583 in
2813 5528 2997 5584 codice
3024 5523 3340 5594 Anglicano.

2146 5535 2202 5592 (5
2269 5535 2512 5583 Έλθεῐν.
2544 5535 2702 5584 Deest
2735 5535 2786 5583 in
2813 5535 2997 5584 codice
3024 5535 3340 5594 Anglicano.

2145 5535 2222 5668 (ιζ
2278 5598 2347 5652 Τὸ
2399 5597 2467 5650 δὲ
2514 5598 2956 5668 ἡτοιμασμένη·
2991 5594 3259 5668 ἄριστον,
3303 5603 3407 5648 etc.
3436 5591 3647 5668 Euthy-

2075 5662 2238 5736 mius,
2275 5668 2458 5724 homil.
2492 5662 2554 5724 5-1
2589 5662 2657 5724 in
2678 5662 2888 5730 Matth,
2916 5664 3209 5736 Rennigius.
3241 5662 3318 5721 lu.
