4074 6300
299 391 304 401 ’
359 384 495 442 I533

1271 380 1628 437 COWENT.
1673 381 1741 437 ΙΝ
1778 380 2198 438 ΜΑΊἽἫιΕυΜ
2235 378 2476 438 TOMUS
2516 379 2680 435 XVII.

3475 383 3613 440 l550

357 522 484 566 νων,
513 501 737 557 δεθέντα
764 504 861 574 τὴν
901 505 1160 575 πονηρίαν
1258 502 1358 556 οὐκ
1387 503 1467 565 εἰς
1497 501 1614 555 δέον
1641 502 1930 572 ἐχρήσατο,

2036 499 2320 562 ministris,
2352 497 2448 568 qul
2478 497 2710 552 vinculis
2743 497 2980 566 praefecti
3009 506 3159 561 sunt,
3203 498 3456 570 colligata
3489 500 3612 570 ejus

357 594 454 650 καὶ
474 594 571 663 τὴν
606 593 930 664 δραστήριον
961 594 1188 666 δύναμιν
1214 597 1272 648 ἐν
1365 593 1566 665 πρᾶξιν
1595 589 1806 662 ἀγαθὴν
1837 592 1938 645 οὐκ

357 683 623 746 ἐτέλεσεν,
652 682 712 734 ού
760 682 919 753 μόνον
965 683 1074 736 ἀπὸ
1103 681 1196 736 τοῦ
1229 683 1408 752 γάμου
1435 679 1781 751 ἐκϐληθῆναι,
1825 678 1937 732 ἀλλ’

357 772 497 828 ὥστε
523 775 619 828 καὶ
651 775 732 836 είς
770 772 861 826 τὸν
891 772 1166 845 ἀλλότριον
1195 771 1371 841 φωτὸς
1405 770 1726 841 δικασθῆναι
1751 769 1936 822 τόπον,

357 865 484 919 ἔνθα
510 864 698 930 σκότος
718 861 786 935 ἦν
811 864 872 918 τὸ
891 865 967 928 ὡς
993 865 1052 917 ἐν
1086 864 1271 918 σκότει
1287 863 1601 934 βαθύτερον,
1627 863 1722 916 καὶ
1746 861 1939 917 καλού-

361 971 518 1026 μενον
548 955 741 1019 σκότος
770 954 1050 1026 ἐξώτερον.
1087 956 1196 1008 Καὶ
1225 953 1280 1007 εἴ
1303 955 1384 1018 τίς
1417 971 1480 1021 γε
1509 954 1686 1024 ήμῶν,
1719 954 1812 1008 ἐπὶ
1838 953 1936 1025 τὴν

356 1047 549 1116 κλῆσιν
577 1047 748 1102 ἐλθὼν
771 1046 864 1100 τοῦ
901 1046 1166 1117 βασιλέως
1195 1049 1275 1110 εἰς
1303 1047 1430 1109 τοὺς
1453 1047 1664 1116 γάμους
1693 1045 1786 1098 τοῦ
1817 1044 1934 1098 υἱοῦ

356 1138 542 1201 αὑτοῦ,
572 1139 717 1192 δοκεί
751 1139 849 1208 μὲν
890 1137 1183 1191 ὑπακούειν
1229 1137 1324 1190 καὶ
1368 1136 1624 1207 ἔρχεσθαι
1656 1135 1794 1206 μετὰ
1827 1134 1935 1187 τῶν

357 1227 728 1298 κεκλημένων,
760 1227 820 1279 οὐ
864 1226 970 1297 μὴν
1002 1226 1274 1281 ἐνδέδυται
1313 1227 1374 1279 τὸ
1415 1225 1810 1297 προειρημένον
1848 1224 1933 1277 ἐν-

354 1317 500 1388 δυμα
531 1318 728 1386 γάμου,
758 1318 930 1373 ταῦτα
976 1318 1240 1382 πείσεται,
1273 1319 1367 1372 καὶ
1410 1317 1586 1380 δεθεὶς
1629 1315 1806 1370 ποδῶν
1839 1316 1935 1369 καὶ

357 1408 554 1479 χειρῶν
577 1407 970 1480 ἐκϐληθήσεται
999 1411 1078 1473 εἰς
1105 1409 1166 1461 τὸ
1195 1409 1385 1472 σκότος
1409 1409 1468 1463 τὸ
1488 1406 1750 1473 ἐξώτερον
1769 1424 1782 1437 ⁸
1807 1406 1934 1460 ἔνθα

359 1497 497 1550 κατὰ
530 1498 623 1550 τό·
671 1517 692 1549 ‹
739 1500 878 1552 Οὐαὶ
913 1501 962 1551 οἱ
999 1497 1265 1566 γελῶντες
1312 1499 1427 1561 νῦν,
1461 1499 1541 1551 ὅτι
1585 1497 1868 1558 κλαύσετε,
1910 1516 1928 1547 ι

356 1587 385 1639 0
418 1586 693 1657 κλαυθμὸς
735 1590 844 1651 τοῖς
886 1587 954 1640 τὰ
994 1588 1088 1642 τοῦ
1136 1587 1411 1657 κλαυθμοῦ
1453 1588 1546 1640 καὶ
1579 1586 1776 1658 θρήνου
1810 1585 1936 1650 ἄξια

356 1678 700 1750 ἀμαρτήσασι
720 1696 733 1710 ο
762 1678 1083 1734 κλαύσονται
1112 1679 1168 1732 δὲ
1201 1679 1522 1751 θρηνοῦντες
1548 1677 1646 1741 τὰς
1676 1677 1810 1740 ξδίας
1841 1694 1929 1729 ταο

357 1771 678 1842 λαιπωρίας.
712 1767 822 1825 Εἶθ’
856 1773 942 1824 ἵνα
968 1772 1296 1843 παραστήσῃ
1327 1773 1356 1825 0
1402 1772 1575 1840 Λόγος
1611 1771 1702 1824 τὸν
1745 1769 1930 1839 φόϐον,

359 1861 449 1913 καὶ
492 1859 584 1913 τὸν
632 1861 853 1932 τρόμον,
904 1860 1098 1914 καὶτὰ
1146 1859 1445 1931 σκυθρωπὰ
1485 1859 1804 1931 πράγματα,
1839 1859 1932 1912 καὶ

357 1951 479 2013 τοὺς
503 1951 696 2014 πόνους
727 1954 784 2005 ἐν
812 1947 892 2016 οἷς
920 1951 1132 2006 ἔσονται
1170 1955 1219 2004 οἱ
1257 1951 1333 2023 μὴ
1361 1951 1933 2023 ἐνδεδυμένοιὲνδυμα

357 2042 556 2113 γάμου,
585 2038 705 2096 εἶπε
731 2043 822 2096 τόδ
859 2063 876 2094 ι
926 2044 1260 2113 Ἑκεῖέσται
1287 2046 1316 2098 0
1348 2044 1639 2114 κλαυθμὸς,
1686 2063 1703 2094 ι
1736 2044 1830 2097 καὶ
1870 2044 1930 2096 ού

359 2133 517 2202 μόνον
538 2135 566 2187 0
586 2133 875 2206 κλαυθμὸς,
893 2136 1029 2189 ἀλλὰ
1052 2155 1072 2189 ι
1105 2138 1196 2189 καὶ
1210 2139 1238 2190 0
1258 2136 1498 2207 βρυγμὸς
1519 2135 1625 2188 τῶν
1641 2134 1892 2188 ὀδόντων.
1905 2152 1926 2186 ι

2041 587 2304 658 nequitia,
2331 602 2438 656 qua
2469 594 2664 657 prater
2695 585 2777 640 l‘as
2799 600 2934 641 usus
2957 595 3060 647 est.
3086 587 3478 658 industriaque,
3504 605 3612 659 qua

2041 681 2169 736 boni
2196 679 2332 734 nihil
2357 680 2487 750 egit,
2527 695 2636 733 non
2673 695 2703 733 a
2739 679 2944 748 nuptiis
2973 678 3261 747 dejiciatur
3289 680 3490 744 solum,
3517 681 3616 736 sed

2039 773 2096 827 in
2123 772 2304 827 locum
2338 770 2502 825 etiam
2534 770 2740 823 lumine
2773 779 3048 824 carentem
3081 769 3369 840 relegetur,
3402 769 3492 823 ubi
3527 776 3613 826 te-

2039 863 2224 918 nebrae
2268 870 2398 917 sunt
2439 870 2705 930 quantum
2737 869 2862 930 pote
2905 859 3210 930 profunda,
3237 868 3291 914 et
3320 859 3618 916 exteriores

2037 954 2277 1010 tenebra:
2315 953 2495 1006 dictae.
2527 951 2682 1018 Quod
2736 953 2782 1008 si
2824 952 2950 1022 quis
2982 965 3113 1021 ergo
3146 960 3416 1016 nostrum,
3457 952 3615 1021 quia

2039 1059 2165 1116 rege
2210 1052 2438 1098 vocatus
2486 1043 2552 1096 ad
2591 1042 2754 1114 ’194
2785 1043 3002 1112 nuptias
3033 1043 3129 1097 lilii
3174 1042 3345 1112 ipsius
3384 1044 3616 1110 venerit,

2037 1136 2442 1204 obtemperasse
2474 1146 2527 1189 et
2561 1151 2686 1189 cum
2719 1136 2925 1191 vocatis
2969 1136 3184 1190 venisse
3213 1135 3478 1199 videatur,
3509 1137 3616 1190 mi-

2037 1227 2183 1282 nime
2229 1234 2409 1281 tamen
2442 1236 2646 1281 vestem
2683 1226 2831 1280 illam
2881 1227 3177 1294 nuptialem
3217 1227 3285 1281 de
3335 1242 3442 1296 qua
3475 1226 3618 1292 dixi-

2037 1335 2181 1384 mus,
2219 1317 2476 1383 induerit,
2527 1319 2643 1373 haec
2686 1319 3037 1388 perpetietur,
3071 1327 3127 1373 et
3171 1318 3398 1387 pedibus
3442 1319 3619 1373 niani-

2035 1410 2246 1480 busque
2277 1410 2608 1465 constrictus
2644 1410 2888 1462 mittetur
2910 1409 2964 1462 in
2996 1410 3249 1465 tenebras
3283 1411 3614 1476 exteriores;

2036 1502 2146 1568 ubi,
2170 1503 2324 1573 juxta
2357 1502 2487 1556 illud
2533 1500 2621 1555 “z
2669 1519 2690 1552 ε
2737 1499 2828 1554 Va:
2868 1502 3025 1555 vobis
3074 1503 3167 1572 qui
3216 1503 3402 1557 ridetis
3448 1519 3615 1568 nunc,

2034 1593 2163 1662 quia
2208 1593 2460 1662 lugebitis
2507 1601 2561 1646 et
2594 1591 2811 1658 ﬂebitis,
2853 1611 2871 1644 ι
2927 1591 3086 1646 ﬂetus
3133 1607 3230 1647 eos
3275 1602 3475 1659 manet,
3522 1595 3617 1663 qui

2035 1683 2162 1738 ﬂetu
2211 1699 2275 1738 ac
2324 1685 2471 1738 luctu
2513 1683 2677 1753 digna
2724 1683 3139 1748 commiserint;
3190 1682 3394 1738 ﬂebunt
3437 1693 3616 1740 autem

2034 1777 2372 1832 calamitates
2403 1791 2531 1830 suas
2567 1777 2835 1846 lugentes.
2865 1775 3068 1832 Deinde
3105 1787 3164 1832 ut
3193 1777 3466 1841 timorem,
3503 1788 3614 1834 tre-

2039 1884 2268 1933 morem,
2306 1869 2602 1929 tristitiam.
2647 1883 2711 1922 ac
2759 1869 2971 1923 labores
3029 1885 3168 1938 quos
3215 1872 3490 1939 patientur
3523 1872 3620 1942 qui

2037 1970 2186 2018 veste
2213 1961 2438 2031 nuptiali
2469 1960 2644 2016 induti
2692 1977 2800 2016 non
2842 1960 3064 2025 fuerint,
3089 1962 3324 2017 declaret
3357 1960 3616 2028 Verbum,

2038 2055 2114 2108 ait
2155 2053 2238 2106 “z
2286 2071 2306 2104 ι
2351 2051 2429 2107 lbi
2470 2055 2575 2108 erit
2606 2052 2788 2116 ﬂetus,
2828 2073 2846 2105 ι
2890 2067 3065 2123 neque
3098 2054 3272 2108 solum
3309 2053 3488 2119 ﬂetus,
3522 2057 3618 2110 sed

2044 2162 2065 2194 ο
2105 2154 2160 2199 et
2187 2144 2392 2200 stridor
2431 2143 2699 2198 dentium.
2736 2163 2755 2195 ι
2797 2142 2863 2198 Ει
2909 2153 2970 2198 ut
3005 2143 3206 2198 multos
3230 2153 3451 2198 vocatos
3476 2159 3615 2212 esse,

359 2223 466 2277 Καὶ
499 2224 811 2295 ἐπιφέρεται
841 2227 908 2295 τῇ
939 2225 1038 2296 ὅλῃ
1062 2223 1343 2294 παραϐολῇ
1383 2223 1471 2278 διὰ
1501 2223 1562 2276 τὸ
1596 2223 1822 2288 πολλοὺς
1856 2223 1932 2277 δε-

2041 2251 2148 2292 ηοη
2179 2250 2372 2291 omnes
2399 2243 2602 2298 autem,
2634 2233 2729 2288 sed
2761 2247 2968 2303 paucos
3011 2249 3077 2287 ex
3127 2234 3258 2303 ipsis
3289 2235 3505 2290 venisse
3527 2235 3620 2290 do-

355 2312 622 2383 δηλῶσθαι
652 2315 778 2379 τοὺς
817 2315 1133 2384 κληθέντας,
1173 2315 1233 2367 ού
1263 2315 1468 2378 πάντας
1507 2314 1562 2368 δὲ
1596 2313 1930 2385 ἐληλυθέναι,

355 2404 471 2459 ἀλλ’
499 2405 711 2474 ὀλίγους
744 2407 802 2471 ἐξ
823 2407 1021 2472 αὐτῶν,
1049 2407 1140 2459 τό·
1177 2425 1196 2458 ‹
1236 2406 1426 2460 Πολλοί
1458 2409 1564 2460 εἱσι
1593 2406 1800 2478 κλητοὶ,
1833 2407 1934 2460 όλί-

356 2514 441 2566 γοι
474 2497 531 2551 δέ
571 2498 836 2552 ἐκλεκτοί.
887 2519 905 2551 ι
1908 2531 1912 2535 -

427 2591 612 2644 Ταῦτα
644 2592 742 2663 μὲν
773 2591 866 2646 οὖν
904 2594 1348 2666 ὀλοσχερέστερον
1371 2595 1451 2657 εἰς
1481 2593 1579 2665 τὴν
1619 2593 1930 2666 παραϐολήν

355 2681 617 2752 λελέχθω·
673 2683 1046 2755 πειρασόμεθα
1098 2684 1155 2739 δὲ
1205 2685 1588 2748 ἐπανελθόντες
1639 2685 1931 2756 ἐρευνῆσαι

357 2773 497 2826 κατὰ
524 2772 621 2844 τὴν
658 2775 933 2844 παροῦσαν
971 2774 1198 2846 δύναμιν
1231 2776 1422 2846 αὐτὴν,
1453 2773 1547 2828 ἐὰν
1575 2774 1702 2846 ἄρα,
1732 2773 1931 2847 βοηθη-

357 2861 542 2927 θέντες
589 2864 696 2916 ὑπὸ
742 2863 836 2917 τοῦ
869 2864 970 2935 τῆς
1001 2866 1192 2935 σοφίας
1235 2865 1572 2937 Πνεύματος,
1615 2864 1930 2937 δυνηθῶμεν

354 2972 474 3008 τινα
501 2957 592 3010 καὶ
623 2956 893 3028 βαθύτερα
919 2960 999 3022 εις
1024 2959 1121 3030 τὴν
1153 2959 1466 3032 παραϐολὴν
1502 2960 1757 3031 εὑρόντες
1789 2962 1932 3014 οἰκο-

355 3048 610 3119 δομῆσαι,
643 3049 901 3103 καὶκατὰ
923 3052 984 3104 τὸ
1023 3049 1241 3120 εὔλογον
1275 3053 1569 3121 σιωπῆσαι,
1603 3050 1931 3114 αἰνίξασθαι,

353 3137 387 3208 ἢ
410 3136 680 3192 ἐκθέσθαι.
708 3138 770 3190 Ἠ
798 3138 1039 3207 βασιλεία
1060 3140 1238 3194 τοίνυν
1259 3141 1366 3194 τῶν
1393 3140 1638 3212 οὐρανῶν
1653 3140 1934 3212 ὡμοιώθη,

357 3227 494 3281 κατὰ
529 3228 626 3300 μὲν
655 3228 745 3282 τὸν
788 3229 1161 3299 βασιλεύοντα,
1199 3231 1470 3304 ἀνθρώπῳ
1501 3233 1744 3303 βασιλεῖ·
1790 3233 1933 3286 κατὰ

354 3320 412 3374 δὲ
439 3320 528 3376 τὸν
576 3320 924 3390 βασιλεύοντα
956 3322 1032 3394 τῷ
1083 3323 1309 3393 βασιλεῖ,
1357 3323 1434 3394 τῷ
1478 3323 1579 3395 υἱῷ
1619 3323 1784 3377 αὐτοῦ
1814 3324 1889 3395 (7)
1915 3341 1931 3356 °

2039 2335 2178 2389 ceat,
2230 2326 2327 2380 toti
2376 2323 2596 2378 demum
2649 2323 2920 2392 parabolae
2981 2324 3035 2376 id
3092 2323 3445 2393 subjungitur
3500 2324 3548 2358 κ
3587 2342 3612 2380 ι

2046 2436 2066 2468 ‹
2113 2415 2265 2470 Multi
2291 2415 2436 2470 enim
2460 2421 2588 2469 sunt
2611 2414 2812 2480 vocati,
2852 2413 3012 2483 pauci
3038 2428 3168 2468 vero
3197 2414 3375 2468 electi.
3417 2435 3436 2466 ι

2111 2595 2195 2650 l7.
2230 2593 2356 2650 Hac
2394 2595 2559 2665 igitur
2591 2609 2759 2665 super
2805 2596 3065 2665 parabola
3116 2597 3326 2652 rndiori
3373 2597 3615 2652 minerva

2033 2686 2180 2742 dicta
2214 2685 2324 2740 sint
2348 2703 2362 2740 :
2391 2701 2512 2739 eam
2540 2694 2722 2739 autem
2753 2688 3035 2756 repetitam
3068 2701 3164 2754 pro
3193 2687 3389 2742 virium
3417 2686 3618 2757 quibus

2034 2792 2183 2833 nunc
2230 2777 2498 2846 pollemus
2544 2778 2768 2832 modulo
2821 2781 3124 2848 expendere
3165 2779 3514 2842 conabimur,
3565 2778 3616 2834 si

2034 2869 2198 2923 modo
2224 2869 2504 2938 sapientia:
2529 2867 2734 2938 Spiritu
2763 2869 2959 2938 adjuti,
2989 2869 3286 2939 penitiores
3309 2885 3375 2926 ac
3397 2869 3621 2939 profun-

2031 2962 2217 3017 diores
2272 2976 2469 3016 sensus
2518 2977 2550 3015 a
2607 2961 2766 3017 nobis
2822 2976 2987 3032 super
3048 2962 3316 3032 parabole
3373 2970 3620 3032 repertos

2036 3062 2300 3117 astruere,
2345 3061 2399 3106 et
2441 3052 2596 3121 juxta
2645 3053 2913 3106 rationem
2954 3052 3203 3117 reticere,
3252 3055 3335 3108 vel
3383 3055 3619 3109 obscuro

2035 3136 2366 3206 signiﬁcare,
2411 3139 2492 3192 vel
2521 3148 2708 3208 aperte
2735 3140 3008 3210 explicare
3037 3142 3334 3211 possimus.
3369 3141 3615 3213 Regnum

2033 3243 2163 3297 ergo
2195 3228 2483 3294 ccelorum,
2511 3239 2776 3300 quantum
2800 3231 2867 3286 ad
2901 3243 3240 3303 regnantem,
3273 3233 3479 3288 homini
3507 3236 3618 3306 regi

2036 3320 2398 3375 assimilatum
2444 3331 2564 3388 est;
2599 3334 2868 3393 quantum
2907 3333 3086 3378 autem
3118 3326 3184 3380 ad
3221 3343 3346 3382 eum
3387 3329 3480 3398 qui
3513 3341 3619 3394 una

354 3411 498 3466 κατὰ
519 3413 574 3468 δὲ
599 3412 666 3466 τὰ
694 3412 1104 3484 βασιλευόμενα,
1131 3416 1243 3476 τοῖς
1269 3413 1473 3478 δούλοις
1493 3416 1587 3467 καὶ
1614 3418 1726 3478 τοῖς
1747 3414 1932 3486 κεκλη·

2037 3423 2162 3462 cum
2203 3425 2328 3480 rege
2377 3420 2586 3480 regnat,
2641 3412 2813 3482 ipsius
2844 3414 2983 3481 lilio;
3019 3426 3286 3484 quantum
3331 3430 3514 3472 autem
3551 3419 3619 3474 ad

359 3499 538 3569 μένοις
577 3501 656 3565 εἰς
693 3504 813 3566 τοὺς
843 3504 1072 3572 γάμους,
1107 3497 1183 3557 ὧν
1218 3505 1268 3557 0i
1302 3504 1400 3572 μέν
1428 3503 1527 3556 οὐκ
1548 3503 1737 3576 ήθελον
1763 3503 1932 3558 εἰσελ-

2039 3513 2104 3553 ea
2139 3516 2262 3569 qua:
2305 3503 2448 3571 regis
2494 3505 2748 3571 potestati
2787 3505 3004 3560 subdita
3050 3516 3199 3572 sunt,
3239 3509 3430 3568 servis.
3462 3517 3515 3562 ct
3555 3507 3622 3563 iis

355 3591 488 3656 θεῖν,
517 3594 566 3646 οἱ
592 3592 648 3646 δὲ
690 3593 1065 3663 ἀμελήσαντες
1093 3594 1188 3647 τοῦ
1227 3593 1486 3646 εἰσελθεῖν
1524 3613 1542 3645 ‹
1581 3595 1845 3663 ἀπῆλθον,
1877 3595 1932 3657 ὃς

2040 3591 2133 3659 qui
2163 3591 2228 3644 ad
2267 3595 2484 3660 nupt‘as
2516 3595 2692 3648 vocati
2737 3603 2888 3658 sunt,
2923 3611 3155 3665 quorum
3189 3597 3243 3650 lll
3275 3597 3482 3665 ingredi
3517 3613 3614 3652 no-

361 3684 458 3756 μὲν
487 3685 566 3748 εἰς
594 3684 685 3736 τὸν
724 3685 854 3738 ἴδιον
881 3685 1070 3755 ἀγρὸν,
1105 3685 1164 3748 ὃς
1199 3685 1255 3740 δὲ
1288 3685 1380 3737 ἐπὶ
1417 3685 1513 3754 τὴν
1539 3685 1808 3756 ἐμπορίαν
1842 3687 1932 3739 αύ-

2037 3682 2278 3747 luerunt,
2328 3683 2403 3736 illi
2449 3698 2580 3740 vero
2629 3685 2839 3755 ingredi
2893 3687 3223 3758 negligentes
3274 3706 3293 3739 ι
3347 3688 3619 3753 abierunt,

354 3772 470 3837 τοῦ,
495 3773 586 3827 καὶ
609 3772 756 3826 ἄλλοι
779 3775 1149 3844 κρατήσαντες
1175 3775 1300 3837 τοὺς
1323 3771 1540 3836 δούλους
1580 3771 1810 3842 ὕϐρισαν
1838 3773 1932 3825 καλ¹

2038 3770 2182 3824 alius
2212 3771 2264 3824 in
2312 3771 2492 3824 villam
2538 3787 2719 3839 suain,
2755 3774 2898 3830 alius
2933 3789 3059 3837 vero
3085 3775 3154 3829 ad
3197 3776 3618 3846 negotiationem

354 3864 698 3919 ἀπέκτειναν.
739 3885 757 3918 ι
806 3867 926 3920 Ἔτι
965 3865 1074 3918 τῶν
1110 3864 1540 3936 βασιλευομένων
1586 3864 1701 3918 ἐστὶ
1749 3864 1842 3918 καὶ
1873 3863 1932 3916 τὸ

2041 3877 2219 3923 suam,
2251 3863 2341 3916 alii
2376 3878 2503 3918 vero
2532 3873 2826 3920 tenuerunt
2853 3880 3042 3921 servos
3077 3866 3215 3935 ejus,
3249 3877 3304 3920 et
3335 3877 3622 3922 contume-

357 3960 671 4028 στράτευμα
697 3954 789 4010 τοῦ
822 3955 1104 4027 βασιλέως,
1143 3956 1236 4010 καὶ
1266 3957 1314 4010 οι
1361 3955 1466 4010 ἀπὸ
1497 3955 1607 4009 τῶν
1655 3953 1788 4010 ὁδῶν
1819 3971 1932 4006 συν.

2042 3955 2130 4009 liis
2158 3955 2380 4010 aﬂ'ectos
2403 3955 2717 4010 occiderunt
2751 3956 2818 4013 ⁸⁷.
2860 3976 2878 4009 ι
2913 3956 3180 4012 Praeterea
3211 3973 3277 4013 ex
3305 3957 3372 4012 iis
3392 3968 3474 4013 est
3500 3973 3622 4028 qua:

355 4049 612 4121 αγόμενοι
659 4048 887 4121 πονηροὶ⁹
916 4051 1012 4104 καὶ
1063 4047 1280 4118 ἀγαθοὶ,
1343 4047 1446 4111 ἕως
1486 4048 1730 4120 ἐπλήσθη
1763 4049 1792 4102 0
1834 4047 1932 4116 γά-

2041 4048 2187 4118 regis
2215 4047 2443 4116 imperio
2469 4057 2662 4118 parent
2691 4049 2809 4120 ipse
2831 4054 2976 4122 regis
3005 4053 3299 4116 exercitus,
3325 4052 3527 4122 quique
3552 4067 3621 4108 ex

1555 4162 1788 4219 VETUS
1827 4160 2407 4217 INTERPRE'I‘ATIO.

355 4287 645 4344 Dominum
668 4284 880 4348 Iesum,
909 4283 1068 4354 quasi
1102 4297 1209 4354 non
1245 4282 1452 4336 habens
1481 4280 1899 4354 excusationem
1935 4278 2178 4354 aliquam
2221 4277 2343 4354 ideo
2376 4276 2515 4354 dixit
2541 4295 2607 4354 :_¢
2640 4277 2946 4354 Obmutuit,
2983 4297 3010 4354 r_
3047 4287 3102 4334 et
3131 4293 3255 4354 non
3281 4278 3626 4354 solInn_reje-

355 4367 478 4416 ctus
505 4369 589 4411 est
615 4371 646 4410 a
688 4347 893 4425 nuptiis
926 4347 1017 4422 qui
1041 4352 1304 4425 injuriam
1341 4351 1547 4420 nuptiis
1580 4351 1724 4413 fecit,
1752 4350 1851 4425 sed
1885 4349 2064 4425 adhuc
2092 4363 2124 4402 a
2167 4347 2434 4425 ministris
2463 4349 2605 4425 regis
2644 4363 2808 4417 super
2833 4349 3045 4425 vincula
3081 4350 3415 4425 constitutis,
3443 4347 3624 4420 ligatis

354 4427 613 4498 pedibus,
637 4425 688 4479 id
716 4417 818 4488 es't,
857 4417 1322 4498 incessione,‘qua
1353 4417 1458 4498 non
1501 4431 1585 4476 est
1626 4437 1760 4476 usus
1787 4419 1854 4498 ad
1887 4421 2118 4498 bonum,
2143 4427 2197 4472 et
2229 4417 2506 4498 manibus,
2536 4417 2595 4471 id
2616 4488 2627 4498 _
2637 4429 2746 4498 est,
2777 4419 3204 4498 apprehensoria
3250 4417 3622 4498 virtutefqua

359 4487 566 4559 nullum
594 4487 814 4553 bonum,
832 4509 971 4562 Opus
997 4487 1260 4561 implevit,
1285 4491 1683 4547 condemnatus
1709 4500 1794 4546 est
1823 4490 1882 4562 in
1915 4490 2036 4543 loco
2070 4489 2139 4562 ab
2169 4487 2552 4562 omnilumine
2580 4487 2780 4562 alieno,
2813 4497 2870 4543 et
2897 4500 3164 4562 quantum
3184 4489 3267 4562 _ad
3287 4505 3495 4562 omnes
3530 4487 3621 4562 te-

357 4557 557 4619 nebras
589 4555 954 4633 pressioribus
979 4555 1217 4616 tenebris
1246 4555 1367 4633 qua:
1395 4571 1660 4633 vocantur
1697 4560 1932 4616 tenebrae
1965 4559 2283 4633 exteriores.
2331 4555 2435 4633 §ed
2457 4557 2515 4633 _si
2541 4555 2942 4633 quis__nostrut_f_i
2980 4559 3045 4633 ad
3089 4559 3463 4633 invitationem
3499 4559 3623 4633 qui-

355 4635 478 4691 dem
512 4627 652 4703 regis
682 4634 905 4703 Veniens
940 4633 1005 4686 ad
1047 4627 1277 4700 nuptias
1307 4632 1400 4685 lilii
1435 4631 1577 4700 ejus,
1619 4647 1728 4703 non
1766 4636 2044 4703 autemuet
2077 4629 2302 4703 indutus
2331 4627 2494 4703 fuerit
2539 4628 2719 4703 qualia
2769 4629 3416 4703 praedi-ximusnuptialia
3452 4628 3623 4703 vesti-

356 4697 795 4771 mentafsimilia
825 4706 1079 4772 patietur.
1106 4697 1302 4772 ligatus
1334 4697 1528 4756 nianus
1559 4713 1612 4756 et
1635 4702 1798 4771 pedes
1826 4699 2136 4772 expelletur
2151 4701 2205 4772 in
2231 4698 2486 4772 tene_bras
2509 4700 2828 4772 exteriores,
2864 4699 2955 4752 ubi
2983 4702 3088 4772 erit
3113 4697 3295 4772 ﬂetus,
3322 4700 3621 4772 secundum

354 4775 498 4843 quod
530 4766 791 4841 scriptum
819 4766 939 4834 est;
979 4792 998 4824 ε
1039 4771 1132 4827 Vae
1147 4766 1258 4841 'qui
1291 4787 1437 4827 nunc
1475 4766 1686 4843 ridetis,
1719 4766 2235 4843 quoniaiuﬂebitis.
2275 4786 2306 4843 r_
2343 4766 2405 4821 Et
2442 4777 2503 4843 ut
2527 4769 2786 4843 ostendat
2806 4783 2990 4843 sermo
3019 4769 3274 4843 tristitias
3305 4777 3360 4823 et
3400 4769 3623 4843 dolores

353 4837 544 4900 eorum
577 4837 859 4912 inquibus
901 4851 1062 4898 erunt
1091 4837 1197 4912 qui
1221 4843 1398 4896 vestiti
1430 4857 1538 4897 non
1567 4837 1772 4897 fuerint
1799 4839 2134 4910 nuptialibus
2175 4838 2540 4904 vestimentis,
2572 4838 2696 4892 ideo
2734 4837 2911 4892 dixit:
2958 4855 2976 4889 I
3017 4837 3132 4894 lllie
3158 4843 3265 4894 erit
3303 4853 3414 4893 non
3442 4840 3623 4894 solum

351 4915 536 4976 ﬂetus,
564 4914 656 4967 sed
683 4914 847 4967 etiam
883 4913 1129 4972 dentium
1161 4912 1384 4966 stridor.
1423 4931 1442 4965 ι

425 4985 517 5039 l7.
562 4983 685 5037 Haec
717 4998 848 5052 ergo
883 4983 1198 5038 secundum
1220 4982 1520 5051 simplicem
1553 4980 1898 5052 traditionem
1943 4978 2266 5052 sintdicta:
2316 4986 2588 5052 tentemus
2621 4985 2802 5052 autem
2836 4987 3142 5052 repetentes
3182 4979 3417 5052 scrutari
3448 4978 3624 5034 suth

355 5055 483 5114 lius.
511 5053 758 5124 Regnum
782 5047 916 5123 Ergo
942 5053 1207 5124 cmlorum
1241 5047 1418 5124 siniile
1443 5061 1548 5112 est,
1593 5051 1893 5124 secundum
1923 5065 2048 5103 eum
2077 5049 2300 5117 quidem
2332 5048 2426 5124 qui
2457 5056 2668 5117 regnat,
2703 5047 2929 5124 homini
2963 5049 3110 5124 regi;
3145 5050 3621 5124 secundumeutn

355 5135 536 5180 autem
582 5117 675 5193 qui
703 5117 1022 5192 conregnat,
1057 5122 1168 5176 lilio
1200 5121 1376 5191 regis;
1409 5121 1706 5193 secundum
1753 5135 1816 5173 ea
1847 5134 1974 5193 vero
2018 5135 2140 5188 qua:
2168 5127 2297 5193 sunt
2320 5118 2392 5186 .in
2428 5131 2594 5193 regno
2624 5117 2787 5187 regis,
2824 5118 3183 5172 assimilatum
3229 5130 3311 5193 est
3338 5119 3531 5184 servis,
3569 5127 3625 5193 et

354 5187 613 5250 invitatis
635 5193 702 5248 ad
749 5187 1517 5262 nuptias,iquorutniquidam
1551 5190 1770 5259 quidem
1822 5187 2068 5262 nolentes
2114 5187 2299 5242 venire
2343 5187 2703 5262 neglexerunt
2750 5195 2970 5262 prepter
3013 5190 3401 5262 occupationes
3437 5189 3623 5262 saeculi

357 5265 542 5330 Imjus,
580 5283 600 5314 ι
630 5264 721 5319 alii
771 5256 950 5318 autem
976 5256 1211 5331 iniuriis
1237 5256 1536 5331 aﬂéeerunt
1569 5256 1787 5331 servos,
1832 5267 1886 5313 et
1914 5259 2252 5314 occiderunt.
2290 5277 2310 5310 ι
2349 5256 2542 5331 Adhuc
2584 5256 2767 5331 autem
2793 5257 2981 5331 exueis
2998 5259 3090 5327 qui
3121 5256 3490 5331 regnabantur
3521 5257 3624 5313 fuit

353 5327 643 5395 etiltu’ille
678 5335 950 5388 exercitus
992 5327 1172 5402 regis:
1207 5341 1262 5386 et
1308 5330 1400 5402 qui
1442 5331 1525 5402 ab
1552 5330 1788 5385 exitibus
1831 5331 2474 5402 viarum‘congregantur
2515 5327 2642 5380 boni
2683 5337 2738 5381 et
2767 5327 2917 5402 mali,
2953 5327 3516 5402 donec_impleren_tur
3553 5343 3624 5402 es

355 5405 798 5460 recumbentibus
821 5404 1023 5473 nuptiae
1045 5397 1143 5458 z'et
1174 5403 1268 5472 qui
1308 5397 1450 5456 inter
1476 5400 1885 5456 discumbentes
1909 5415 2016 5454 non
2055 5399 2244 5452 habuit
2278 5397 2664 5454 vestimentum
2701 5398 2964 5467 nuptiale,
2991 5407 3045 5452 et
3078 5397 3314 5453 ministri
3346 5399 3440 5468 qui
3480 5397 3623 5466 iussi

426 5521 470 5552 ³⁵
495 5521 628 5586 Luc.
667 5539 741 5587 vr,
766 5522 856 5578 25.
934 5523 977 5555 ⁸⁵
1005 5520 1196 5577 Matth.
1231 5539 1366 5588 x-xn,
1398 5521 1479 5576 l5.
1557 5520 1607 5552 “
1635 5519 1767 5576 ibid.
1801 5520 1882 5576 IIl.
1957 5521 2002 5551 ⁸⁷
2031 5520 2161 5575 ibid.
2194 5519 2228 5574 5
2250 5528 2301 5574 et
2330 5519 2382 5573 6.

424 5636 502 5708 (7)
536 5639 697 5693 Κατὰ
739 5639 806 5692 δὲ
848 5641 955 5694 τὸν
999 5640 1413 5704 ,ϐασιλεύοντα
1442 5636 1520 5704 τῷ
1549 5638 1818 5702 βασιλεῖ,
1853 5637 1935 5702 τῷ
2038 5634 2523 5708 συμϐασιλεύονταί
2551 5635 2629 5708 τῷ
2676 5635 2884 5708 βασηκι
2911 5631 2946 5700 Ι,
2987 5637 3340 5706 βασιλεύοντα
3383 5637 3498 5707 ἅμα
3542 5637 3624 5708 τῷ

353 5707 462 5774 ιιὶῷ
502 5708 708 5780 αὐτοῦ.
743 5708 907 5765 Vetus
953 5711 1219 5780 interpres
1259 5725 1270 5755 τ
1307 5727 1353 5780 «ν
1382 5709 1693 5780 Secundum
1751 5717 1930 5763 autem
2038 5706 2390 5780 βασιλεῖ,ηνει
2434 5707 2564 5776 quid
2602 5706 2806 5769 snnile,
2859 5722 2957 5761 nec
3016 5710 3172 5764 aliter
3229 5706 3432 5764 sensus
3476 5706 3623 5772 stare

355 5793 476 5833 eum
515 5778 608 5850 qui
634 5789 927 5849 conreguat
954 5781 1062 5838 lilio
1088 5775 1255 5849 regis;
1290 5798 1306 5831 ι
1346 5777 1628 5852 legendum
1662 5777 1927 5834 fortasse:
2037 5775 2234 5847 petest.
2267 5775 2528 5832 Hostius.
3349 5805 3354 5808 -
