4074 6300
333 373 465 426 1557

1245 367 1600 429 (ΞΟΜΜΕΝΪ.
1643 370 1709 424 ΙΝ
1743 371 2155 427 ΜΑττιΙᾸὲΕΜ
2193 369 2431 428 τΟΜιὲὃ
2472 363 2630 425 XV“.

3453 369 3474 425 ί
3485 368 3590 426 538

328 495 427 564 μὲν
456 493 570 547 ἔστι
598 493 664 548 τά
698 492 792 547 τοῦ
824 489 1306 546 καταναλίσκεσθαι
1337 493 1406 548 ἀ⁹
1429 496 1448 514 '
1472 497 1512 558 °,
1537 494 1628 547 ἐπὶ
1651 490 1895 546 τοσοῦτοι

2010 491 2140 546 illud
2166 492 2488 562 interpretor
2515 491 2561 523 "
2588 507 2600 544 :
2637 509 2654 542 ι
2687 490 2952 546 Dominus
2978 498 3163 546 noster
3212 491 3355 562 ignis
3379 506 3585 546 consu-

323 588 353 640 6
392 584 526 650 Θεὸς
564 587 713 658 ἡμῶν
761 585 870 658 πῦρ
905 587 1021 639 ἐστι
1069 586 1466 640 καταναλίσκον
1510 586 1726 638 ἐκεῖνα⁹
1762 583 1902 637 ἐπὰν

325 676 380 731 δὲ
413 677 659 749 ἀναλωθῇ
696 679 801 732 ὑπὸ
839 677 933 731 τοῦ
969 677 1453 740 καταναλίσκοντος
1487 676 1656 748 πυρὸς
1695 675 1766 730 τά
1810 692 1906 729 πε-

326 767 536 834 φυκότα
579 768 667 820 ὑπ’
703 767 910 820 ἐκείνου
949 767 1358 830 ἀναλίσκεσθαι,
1410 767 1530 820 τότε
1571 760 1754 820 οὐκέτι
1805 766 1905 837 μὲν

325 857 478 910 ἔσται
512 859 540 909 6
569 857 701 920 Θεὸς
729 856 886 928 ἡμῶν
921 857 1030 927 πῦρ
1069 856 1484 917 καταναλίσκον,
1520 857 1677 926 μόνον
1712 856 1790 920 δὲ,
1829 858 1905 918 ὡς

326 944 480 1002 εἶπεν
517 947 769 1017 Ἰωάννης
790 988 804 1011 ,
837 947 972 1016 φῶς,
999 947 1173 1015 λέγων
1196 963 1210 978 ο
1237 966 1255 997 ι
1301 947 1357 1000 ’0
1393 947 1524 1010 Θεὸς
1555 947 1669 1014 φῶς
1702 949 1835 999 ἐστι.
1879 967 1897 997 ι

325 1035 543 1091 Τούτων
581 1037 636 1090 δὲ
689 1036 1046 1107 κινηθέντων,
1083 1035 1318 1106 πρόσχες
1346 1036 1394 1087 εί
1438 1033 1658 1087 δύνασαι
1695 1034 1755 1087 τὸ
1799 1035 1906 1087 ἀπὸ

324 1129 424 1199 τῆς
472 1130 717 1183 Ἰωάννου
783 1129 1074 1198 καθολικῆς
1141 1125 1459 1198 Ἐπιστολῆς
1518 1126 1689 1190 οὕτως
1751 1126 1902 1197 ἔχον·

331 1237 351 1270 ι
398 1219 717 1290 Ἀγαπητοὶ,
741 1219 836 1273 νῦν
862 1219 1027 1272 τέκνα
1069 1217 1204 1270 Θεοῦ
1245 1219 1433 1288 ἐσμεν,
1460 1219 1556 1270 καὶ
1587 1217 1738 1270 οὕτω
1766 1218 1904 1286 ἑφα-

324 1309 532 1382 νερώθη
572 1311 625 1363 τί
676 1310 934 1381 ἐσόμεθα.
985 1309 1249 1379 Οἴδαμεν,
1297 1309 1398 1371 ὅτι,
1448 1307 1544 1362 ἐάν
1594 1309 1901 1380 φανερωθῇ,

324 1399 496 1472 ὅμοιοι
556 1399 704 1472 αὖτῷ
755 1400 1010 1472 ἐσόμεθα,
1069 1402 1150 1455 ὅτι
1205 1399 1446 1472 ὀψόμεθα
1502 1399 1661 1452 αὑτὸν
1721 1398 1903 1464 καθώς

325 1491 464 1554 ἔστι,
517 1511 535 1542 ι
570 1491 659 1544 τὸν
692 1492 892 1563 τρόπον
937 1491 1130 1546 τοῦτον
1170 1490 1436 1544 ἐκλαϐεῖν.
1479 1490 1592 1544 Νῦν
1643 1492 1738 1561 μὲν
1772 1491 1900 1563 γὰρ,

324 1580 428 1634 κᾶν
457 1581 774 1652 ἀξιωθῶμεν
804 1581 1022 1652 βλέπειν
1054 1582 1166 1654 (Μ)
1207 1583 1296 1636 τὸν
1336 1582 1467 1636 Θεὸν
1499 1581 1575 1652 τῷ
1607 1582 1684 1652 νῷ
1717 1584 1810 1635 καὶ
1837 1586 1900 1655 τῇ

324 1672 542 1743 καρδία,
565 1673 626 1724 οὐ
657 1671 928 1743 βλέπομεν
957 1673 1118 1726 αὐτὸν
1144 1671 1326 1738 καθώς
1354 1674 1521 1737 ἐστιν,
1557 1671 1691 1726 ἀλλὰ
1725 1672 1902 1736 καθὼς

297 1759 411 1814 ,διὰ
440 1761 540 1833 τὴν
588 1763 860 1834 ἡμετέραν
909 1763 1219 1833 οἰκονομίαν
1263 1767 1394 1834 ἡμῖν
1439 1764 1678 1832 γίνεταιο
1714 1765 1804 1817 ἐπὶ
1845 1765 1902 1818 δὲ

2011 597 2163 636 mens
2193 589 2311 646 est;
2351 597 2369 631 ι
2401 578 2658 650 quoniam
2691 586 2956 646 quantum
2989 592 3172 632 rerum
3203 586 3285 631 est
3309 591 3429 646 quae
3456 590 3590 630 eone

2008 673 2148 726 sumi
2202 671 2408 735 meritae
2441 676 2590 734 sunt,
2641 678 2849 723 tantum
2900 665 3044 723 Deus
3095 677 3281 722 noster
3317 668 3458 739 ignis
3505 677 3591 723 est

2007 777 2104 817 eas
2139 776 2472 815 consumens
2509 777 2522 812 :
2566 771 2851 830 postquam
2897 769 3077 814 autem
3114 759 3182 812 ah
3230 759 3352 828 igne
3381 775 3589 814 consu-

2007 864 2190 908 mente
2247 853 2446 908 fuerint
2496 860 2842 920 consumpta,
2878 867 3000 918 qua:
3041 861 3234 905 natura
3273 859 3587 920 comparata

2007 954 2135 999 sunt
2157 955 2216 1000 ut
2246 945 2314 998 ab
2341 945 2432 998 illo
2463 955 2888 1008 consumantur;
2917 952 3046 998 tunc
3078 959 3209 996 sane
3236 941 3380 996 Deus
3404 951 3588 998 noster

2005 1037 2146 1107 ignis
2180 1050 2512 1090 consumens
2547 1035 2780 1104 amplius
2809 1051 2916 1089 non
2941 1036 3064 1099 erit,
3102 1035 3193 1088 sed
3229 1034 3411 1088 lumen
3443 1033 3589 1090 dun-

1979 1137 2173 1189 taxat,
2209 1137 2266 1180 ut
2295 1127 2453 1181 docet
2475 1125 2712 1181 Joannes
2743 1126 2928 1180 dicens
2952 1127 2997 1158 ⁸⁸
3031 1143 3044 1178 :
3079 1144 3098 1176 ι
3132 1123 3276 1180 Deus
3307 1126 3399 1178 lux
3431 1134 3534 1180 est.
3560 1143 3582 1178 ι

2007 1214 2102 1269 His
2135 1230 2298 1284 porro
2325 1217 2594 1278 excussis,
2623 1216 2744 1269 vide
2773 1231 2844 1268 an
2894 1216 3071 1269 locum
3106 1215 3252 1270 hunc
3283 1230 3349 1270 ex
3385 1214 3587 1270 Cathod

2007 1307 2108 1361 lica
2142 1305 2370 1361 Joannis
2401 1305 2663 1376 Epistola,
2693 1308 2785 1376 qui
2823 1308 2905 1361 sic
2951 1307 3113 1362 habet
3155 1307 3200 1338 "
3246 1325 3259 1361 :
3302 1326 3321 1358 ι
3365 1306 3586 1362 Charis-

2005 1399 2166 1463 simi,
2217 1415 2361 1452 nunc
2402 1398 2495 1451 lilii
2549 1397 2640 1451 Dei
2678 1414 2901 1462 sumus,
2947 1409 2998 1452 et
3046 1398 3283 1451 nondum
3335 1399 3587 1467 apparuit

2005 1490 2149 1559 quod
2200 1490 2435 1555 erimus;
2490 1491 2696 1545 scimus
2749 1489 3003 1558 quoniam
3065 1506 3188 1542 cum
3249 1489 3584 1557 apparuerit,

2005 1582 2211 1636 similes
2254 1584 2302 1635 ei
2337 1583 2576 1646 erimus,
2610 1580 2867 1649 quoniam
2917 1581 3220 1634 videbimus
3261 1579 3427 1650 798
3461 1594 3583 1634 cuin

2005 1671 2164 1724 sicuti
2195 1681 2297 1735 est,
2335 1690 2353 1722 ι
2386 1670 2576 1724 eodem
2612 1669 2776 1724 modo
2817 1669 3164 1738 interpretari
3196 1669 3394 1736 possis.
3429 1666 3585 1722 Nunc

2006 1765 2149 1815 enim
2179 1765 2343 1817 etiam
2393 1764 2437 1817 si
2469 1762 2617 1831 digni
2667 1760 2964 1814 habeantur
2989 1760 3081 1828 qui
3117 1757 3284 1812 Deum
3324 1772 3501 1812 mente
3532 1769 3586 1813 et

323 1851 467 1906 τέλει
520 1851 629 1905 τῶν
684 1853 1043 1924 πραγμάτων,
1097 1853 1192 1907 κα)⁸
1249 1854 1350 1923 τῆς
1407 1853 1895 1918 ἀποκαταστάσεως

2011 1853 2176 1908 corde
2205 1869 2516 1917 cernamus,
2548 1869 2668 1906 eum
2709 1862 2886 1906 tamen
2918 1853 3141 1906 minime
3167 1851 3323 1906 sicuti
3351 1860 3435 1906 est
3463 1864 3583 1904 cer-

326 1943 544 1998 πάντων
583 1936 657 1997 ὧν
710 1962 728 1995 ι
779 1944 1008 2014 ὲλάλησε
1045 1945 1133 1998 διὰ
1178 1945 1443 2015 στόματος
1485 1943 1591 1997 τῶν
1635 1944 1805 2013 ἁγίων
1847 1943 1906 2010 ἐξ

323 2035 518 2098 αἰῶνος
552 2035 844 2107 προφητῶν
889 2035 1080 2102 αὑτοῦ,
1133 2053 1152 2086 ι
1195 2035 1439 2106 ὀψόμεθα
1479 2035 1662 2099 αὑτὸν,
1701 2035 1800 2107 οὐχ
1831 2035 1906 2098 ὡς

334 2125 450 2189 νῦν,
484 2127 512 2180 ὃ
539 2127 640 2180 οὐκ
663 2126 831 2191 ἐστιν,
860 2127 972 2180 ἀλλ’
1003 2127 1078 2191 ὼς
1107 2127 1306 2198 πρέπει
1335 2127 1477 2191 τότε,
1506 2126 1534 2179 ὃ
1561 2128 1726 2179 ἐστιν.

2013 1945 2216 2008 nimus,
2255 1945 2346 1999 sed
2379 1945 2556 2014 qualis
2589 1942 2806 2012 regendi
2852 1942 3020 1996 nostri
3073 1956 3237 1995 causa
3292 1940 3446 1996 nobis
3473 1938 3586 1995 εω-

2012 2036 2190 2102 citur;
2225 2045 2275 2090 at
2309 2037 2362 2090 in
2399 2051 2580 2090 rerum
2612 2035 2737 2100 line,
2767 2044 2820 2088 et
2853 2034 3098 2088 omnium
3131 2048 3321 2086 eorum
3361 2035 3586 2088 restitu-

2011 2127 2158 2182 tione
2197 2144 2318 2198 qua:
2361 2147 2380 2178 ι
2435 2128 2648 2182 locutus
2696 2135 2780 2181 est
2825 2141 2916 2195 per
2955 2140 3016 2178 os
3055 2132 3390 2187 sanctorum,
3421 2124 3514 2193 qui
3551 2136 3582 2174 ιι

289 2219 521 2274 ~saeculo
557 2228 686 2273 sunt
733 2220 1119 2288 prophetarum
1172 2219 1292 2287 ejus
1328 2217 1394 2280 ⁸⁸,
1445 2237 1464 2268 ι
1494 2231 1618 2270 eum
1645 2258 1660 2283 ,
1701 2233 1808 2271 non
1846 2215 1897 2270 id
1936 2219 2080 2286 quod
2129 2235 2238 2273 non
2271 2227 2377 2284 est,
2409 2215 2868 2290 quemadmodum
2904 2230 3070 2278 nunc,
3103 2214 3428 2280 videbimus,
3463 2213 3580 2278 sed.

325 2309 399 2366 ita
432 2320 489 2365 ιιι
519 2320 648 2364 ιιιηε
686 2327 782 2380 par
809 2312 932 2374 erit,
967 2312 1017 2366 id
1051 2311 1196 2380 quod
1227 2327 1413 2366 revera
1443 2320 1545 2365 est.

373 2399 580 2464 .'A1:a€
618 2401 674 2453 δὲ
717 2400 890 2457 ταῦτα
927 2402 1172 2464 εἰπόντες
1203 2403 1282 2465 είς
1324 2400 1417 2454 τόο
1471 2419 1490 2452 ι
1547 2399 1814 2474 Ὡμοιώθη
1863 2404 1897 2474 ἡ

327 2488 568 2559 βασιλεία
589 2490 697 2544 τῶν
727 2491 972 2562 οὐρανῶν
1005 2491 1274 2562 ἀνθρώπῳ
1307 2491 1533 2560 βασιλεῖ,
1568 2511 1586 2543 ι
1621 2492 1898 2564 δυνάμεθα

324 2582 420 2632 καὶ
451 2581 547 2650 τὴν
577 2581 754 2633 αἰτίαν
794 2581 972 2652 εὑρεῖν
1013 2581 1124 2649 (15)
1151 2582 1245 2634 τοῦ
1277 2582 1512 2652 συνεχῶς
1545 2582 1635 2636 τὸν
1663 2567 1898 2653 ἷωτῆρα

326 2668 453 2723 Υἰδν
481 2671 573 2725 τοῦ
603 2671 910 2742 ἀνθρώπου,
943 2671 975 2743 ἢ
1009 2672 1137 2726 Υἰὸν
1173 2671 1481 2744 ἀνθρώπου,
1527 2671 1718 2726 ἑαυτὸν
1753 2671 1894 2726 ὠνο-

328 2761 582 2830 μακέναι,
623 2763 917 2834 δηλοῦντα,
964 2765 1067 2827 ὅτι,
1101 2763 1288 2836 ὥσπερ
1320 2765 1348 2816 6
1395 2764 1529 2827 Θεὸς
1577 2763 1897 2834 ἀνθρώπους

320 2851 620 2920 οἰκονομῶν
683 2853 758 2916 ὼς
814 2857 873 2908 ὲν
927 2853 1262 2926 παραϐολαῖς
1316 2854 1600 2926 ἄνθρωπος
1655 2854 1892 2924 λέγεται,

321 2943 466 3014 τάχα
489 2944 546 2997 δέ
583 2962 699 3008 πως
733 2947 826 2999 καὶ¹
859 2947 1064 3015 γίνεται
1083 2963 1096 2976 ο
1129 2946 1299 3010 οὕτως
1333 2947 1424 3000 καὶ⁵
1457 2949 1484 3000 6
1512 2948 1722 3019 Σωτὴρ,
1759 2965 1895 3020 προ-

2075 2400 2165 2454 20.
2221 2398 2517 2468 Postquam
2573 2411 2636 2452 ea
2680 2396 2732 2449 in
2793 2395 2936 2448 hunc
2973 2393 3151 2450 locum
3183 2391 3268 2444 8’z
3307 2410 3324 2442 ι
3392 2389 3580 2448 Simile

2007 2492 2212 2548 factum
2273 2500 2354 2546 est
2429 2503 2656 2559 regnum
2717 2487 2980 2541 calorum
3061 2485 3264 2539 homini
3330 2486 3487 2554 regi,
3555 2501 3578 2538 ι

2001 2584 2432 2646 edisseruimus,
2514 2595 2736 2634 causam
2789 2595 3008 2648 quoque
3084 2578 3322 2645 reperire
3387 2591 3583 2646 possu-

2000 2690 2155 2738 mus,
2212 2685 2430 2744 propter
2498 2687 2664 2742 quam
2713 2669 2841 2722 Υἱὸν
2917 2668 3012 2722 τοῦ
3085 2667 3373 2740 ἀνθρώπου
3407 2707 3421 2731 ,
3493 2666 3576 2722 vel

2001 2764 2128 2818 Υίὸν
2188 2761 2475 2835 ἀνθρώπου
2525 2778 2583 2816 se
2641 2765 2756 2831 ipse
2793 2761 3098 2827 Sospitator
3134 2757 3443 2829 frequenter
3477 2773 3580 2827 ap-

2000 2862 2203 2932 pellat,
2289 2861 2575 2915 declarans
2653 2859 2798 2928 quod
2876 2858 3334 2928 quemadmodum
3400 2857 3580 2912 homi-

2001 2969 2131 3008 num
2200 2966 2388 3006 curam
2461 2937 2656 3020 gerens
2737 2948 2882 3005 Deus
2947 2949 3112 3004 homo
3175 2950 3228 3002 in
3301 2949 3577 3019 parabolis

321 3036 639 3104 ηγουμένως
685 3035 812 3100 Υἱὸς
855 3036 932 3092 ὢν
973 3037 1067 3090 τοῦ
1113 3037 1280 3100 Θεοῦ,
1314 3037 1410 3091 καὶ
1446 3037 1577 3102 Θεός
1615 3040 1754 3102 ἐστι,
1801 3040 1893 3093 καὶ

1999 3045 2222 3108 dicitur,
2259 3053 2313 3098 et
2363 3042 2769 3112 quodammodo
2810 3041 3038 3097 fortasse
3086 3042 3352 3108 edicitur;
3403 3042 3476 3096 ita
3525 3055 3577 3096 et

321 3121 438 3185 υίὸς
489 3124 586 3194 τῆς
622 3125 841 3194 ἀγάπης
876 3124 1063 3190 αὐτοῦ,
1093 3126 1188 3179 καὶ
1239 3145 1258 3176 ι
1301 3125 1466 3179 είκὼν
1490 3127 1584 3179 τοῦ
1623 3127 1758 3180 Θεοῦ
1803 3128 1898 3182 τοῦ

321 3214 585 3286 ἀοράτουσ
625 3235 644 3268 ι
679 3217 739 3270 οὐ
783 3217 933 3286 μένει
969 3219 1028 3272 δὲ
1081 3220 1139 3271 ἑν
1183 3211 1228 3286 ᾦ
1273 3220 1389 3271 ἐστι
1449 3220 1897 3290 προηγουμένως,

297 3307 458 3370 ,ἀλλά
489 3309 696 3377 γίνεται
729 3311 849 3364 κατ’
888 3309 1198 3380 οἰκονομίαν
1225 3309 1319 3363 τοῦ
1350 3311 1408 3362 ὲν
1436 3310 1770 3382 παραϐολαῖς
1807 3311 1892 3364 λε-

293 3400 550 3470 ,γομένου
583 3400 889 3472 ἀνθρώπου,
927 3402 1076 3465 ὄντος
1109 3401 1166 3454 δὲ
1201 3399 1359 3465 Θεοῦ,
1403 3400 1534 3465 Υἱὸς
1580 3401 1888 3473 ἀνθρώπου,

298 3492 459 3562 ,κατά
500 3492 561 3546 τὸ
615 3493 896 3565 μιμεῖσθαι
947 3495 1075 3548 ὅταν
1125 3492 1447 3564 ἀνθρώπους
1492 3495 1749 3565 οίκονομῇ
1802 3494 1892 3546 τὸν

1999 3129 2257 3185 Servator
2283 3131 2373 3200 qui
2405 3129 2573 3183 Filius
2607 3128 2695 3182 Dei
2724 3130 2899 3199 primo
2925 3140 2979 3184 et
3008 3131 3276 3200 pt-recipuc
3303 3139 3408 3191 est,
3436 3129 3578 3185 Deus

1996 3237 2214 3291 quoque
2247 3231 2348 3285 est,
2378 3232 2431 3277 et
2462 3223 2604 3276 filius
2644 3223 2849 3276 amoris
2899 3222 3093 3290 ipsius,
3125 3231 3181 3277 et
3216 3240 3234 3271 ι
3270 3221 3447 3292 imago
3481 3221 3575 3277 Dei

1997 3315 2286 3369 invisibilis
2313 3315 2393 3380 “;
2428 3333 2447 3366 ι
2487 3315 2579 3368 sed
2609 3315 2662 3367 ili
2688 3329 2754 3368 eo
2789 3314 2934 3383 quod
2973 3313 3150 3382 primo
3198 3313 3312 3382 ipse
3344 3329 3408 3368 ac
3439 3329 3578 3383 prm-

1998 3403 2156 3474 cipue
2205 3413 2308 3464 est.
2343 3420 2449 3458 non
2488 3413 2805 3474 permanet;
2842 3413 2896 3458 at
2935 3404 3092 3472 juxta
3146 3405 3292 3458 illius
3340 3403 3577 3460 admini-

1999 3494 2317 3550 strationem
2349 3496 2444 3564 qui
2489 3496 2654 3550 homo
2705 3495 2758 3548 in
2797 3495 3068 3563 parabolis
3107 3495 3340 3558 dicitur,
3384 3510 3578 3550 revera
3639 3520 3654 3532 ε

1535 3606 1767 3662 VETUS
1805 3605 2392 3663 INTERPRETATIO.

318 3702 455 3757 Cum
497 3713 672 3756 autem
713 3710 1034 3770 consumpta
1074 3699 1272 3754 fuerint
1311 3700 1382 3754 ab
1435 3700 1560 3768 igne
1595 3711 1988 3763 consumente,
2028 3718 2090 3757 ea
2129 3718 2252 3770 qua:
2289 3712 2546 3757 consueta
2587 3710 2716 3756 sunt
2754 3702 3004 3756 eonsumi
3047 3701 3116 3756 ab
3151 3716 3252 3765 eo,
3295 3711 3423 3757 tunc
3456 3703 3571 3771 jam

319 3789 427 3827 non
459 3774 562 3826 erit
603 3772 743 3826 Dens
782 3782 965 3826 noster
1005 3771 1138 3841 ignis
1179 3785 1528 3829 eousuinens,
1571 3774 1661 3825 sed
1707 3772 1907 3832 lumen,
1948 3773 2086 3826 sicut
2122 3774 2251 3826 dicit
2286 3771 2525 3826 Joannes
2567 3791 2582 3826 :
2627 3790 2644 3820 ι
2696 3771 2834 3826 Deus
2874 3771 3054 3841 lumen
3095 3781 3220 3841 est.
3245 3791 3263 3822 ι
3307 3773 3570 3837 Quoniam

321 3853 502 3898 autem
543 3841 793 3898 novimus
834 3843 982 3904 hinc,
1022 3839 1143 3895 vide
1181 3841 1227 3894 si
1272 3850 1425 3906 potes
1463 3841 1624 3893 etiam
1665 3842 1964 3895 secundum
2023 3843 2165 3894 hunc
2206 3842 2506 3908 intelligo-re
2553 3841 2775 3894 modum
2816 3857 2878 3894 ex
2921 3839 3144 3895 Joannis
3187 3839 3425 3909 Epistola
3464 3843 3570 3896 Ca-

317 3914 515 3967 tholica
557 3913 634 3966 sic
677 3913 945 3966 habente:
977 3929 994 3960 ι
1042 3910 1384 3971 Charissimi,
1429 3925 1572 3981 nunc
1612 3911 1704 3962 lilii
1765 3909 1856 3964 Dei
1909 3928 2136 3969 sumus,
2179 3912 2271 3965 sed
2335 3914 2574 3964 nondum
2617 3912 2867 3980 apparuit
2905 3913 3032 3981 quid
3077 3912 3303 3965 erimus.
3350 3911 3568 3968 Scimus

319 3993 496 4036 autem
538 3983 792 4050 quoniam
835 3981 880 4034 si
934 3981 1276 4049 apparuerit,
1317 3980 1521 4033 similes
1562 3981 1610 4035 ei
1654 3981 1898 4043 erimus,
1940 3982 2196 4049 quoniam
2239 3981 2540 4036 videbimus
2579 3996 2702 4035 eum
2745 3980 3048 4034 sit-uti’est.
3101 4000 3118 4030 ι
3151 3981 3305 4034 Nune
3342 3983 3563 4049 quidem

316 4055 418 4108 etsi
458 4053 604 4120 digni
648 4051 910 4105 fui-rimus
953 4050 1119 4104 Deum
1162 4050 1342 4104 videre
1401 4059 1580 4102 mente
1627 4059 1681 4103 et
1714 4051 1901 4120 corde,
1947 4053 2190 4120 videmus
2243 4066 2366 4104 eum
2423 4066 2535 4104 non
2589 4054 3049 4120 quemadmotum
3092 4060 3196 4113 est,
3240 4053 3332 4105 sed
3371 4068 3564 4119 qut'lll-

315 4123 604 4176 admodum
648 4131 870 4190 propter
905 4120 1362 4189 dispensationem
1422 4130 1660 4173 nostram
1705 4119 1880 4174 factus
1939 4119 2100 4174 fuerit
2148 4122 2322 4173 nobis.
2367 4121 2424 4173 In
2485 4119 2812 4175 ﬁne’antem
2859 4136 3062 4180 rerum,
3105 4133 3158 4173 et
3200 4121 3562 4190 restitutionis

291 4194 560 4260 omnium
601 4189 938 4261 quacunque
971 4190 1191 4261 loeutus
1227 4197 1311 4242 est
1352 4204 1445 4261 per
1483 4203 1544 4243 os
1584 4195 1965 4259 prophetarum
2007 4207 2034 4243 ιι
2078 4191 2312 4254 saeculo,
2355 4190 2658 4244 \‘itleb.mus
2701 4207 2824 4242 cum
2867 4207 2974 4243 non
3015 4192 3156 4243 sicut
3195 4191 3378 4256 modo,
3419 4189 3566 4261 quod

315 4277 425 4315 non
458 4271 582 4315 est:
621 4259 711 4315 sed
752 4260 1206 4330 quemadmodum
1249 4269 1378 4330 tunc
1417 4259 1678 4330 decuerit,
1723 4263 2021 4313 secundum
2058 4261 2201 4327 quod
2241 4270 2344 4330 est.

297 4361 300 4365 -
385 4332 474 4385 ΞΟ.
506 4327 782 4396 Quoniam
809 4341 990 4384 autem
1030 4329 1194 4384 semel
1231 4327 1468 4382 diximus
1507 4329 1621 4384 haec
1660 4331 1712 4382 in
1749 4344 1816 4384 eo
1853 4333 2010 4402 quoi
2036 4331 2151 4402 ait:
2185 4349 2201 4380 ι
2237 4329 2424 4402 Simile
2459 4338 2545 4382 est
2583 4344 2808 4402 regnum
2839 4330 3102 4402 cmlorum
3136 4329 3342 4384 homini
3382 4331 3516 4402 regi,
3540 4351 3560 4385 ι

319 4416 610 4469 possumus
651 4402 890 4454 invenire
927 4409 981 4453 et
1017 4414 1212 4453 causas
1252 4409 1466 4466 propter
1502 4413 1640 4467 quas
1678 4415 1821 4467 saepe
1876 4409 1930 4452 et
1981 4400 2228 4452 Salvator
2269 4399 2461 4451 Filium
2521 4414 2581 4454 se
2647 4400 2883 4453 hominis
2928 4401 3170 4453 nominat
3215 4415 3230 4450 :
3271 4399 3566 4456 ostendens

314 4473 574 4538 quoniam
617 4472 757 4524 sicut
810 4470 952 4523 Deus
990 4469 1260 4538 "Ilﬂllﬁllfs
1317 4471 1675 4536 dispensans,
1716 4470 1871 4537 quasi
1927 4470 1980 4523 in
2033 4471 2303 4537 parabolis
2341 4471 2543 4521 dicitur
2584 4473 2777 4530 homo,
2822 4470 3049 4522 forsitan
3091 4471 3170 4523 sic.
3218 4481 3267 4522 et
3312 4469 3564 4524 Salvator

315 4537 689 4609 principaliter
727 4540 956 4609 quidem?
985 4537 1155 4591 Filius
1194 4537 1287 4591 Dei
1327 4539 1617 4609 exsistens,
1657 4549 1711 4593 et
1753 4538 1911 4595 Deus.
1941 4548 1997 4609 rt
2036 4539 2178 4592 lilius
2213 4539 2498 4594 charitatis
2536 4540 2675 4606 ejus.
2715 4549 2816 4609 etc
2852 4541 3030 4602 imago
3069 4539 3159 4593 Dei
3204 4541 3510 4604 invisibilis,
3537 4558 3559 4594 ι

294 4607 425 4662 ιιιοιι
463 4620 643 4676 autem
684 4624 909 4678 manens
947 4608 1000 4660 in
1040 4623 1108 4662 eo
1151 4609 1294 4676 quod
1333 4619 1418 4661 est
1455 4608 1843 4677 principaliter.
1897 4608 2124 4663 i-ﬂicitur
2161 4611 2457 4663 secundum
2487 4607 2946 4677 dispensationem
2989 4609 3134 4664 lilius
3172 4610 3408 4664 hominis
3445 4611 3566 4678 ejus

312 4679 408 4745 qui
449 4678 502 4731 in
543 4678 815 4747 parabolis
847 4677 1043 4731 dicitur
1077 4678 1262 4737 homo,
1303 4679 1603 4732 secundum
1631 4681 2049 4732 sim.litudiuem
2093 4680 2350 4743 hominis,
2375 4695 2499 4732 cum
2539 4679 2767 4747 crepet-it
2805 4680 3052 4732 homines
3089 4683 3426 4747 dispensare.
3454 4677 3558 4734 Sed

314 4748 495 4818 υειιιιι
523 4748 618 4815 qui
657 4747 714 4818 in
749 4747 1020 4814 parabolis
1053 4748 1270 4812 dicitur,
1310 4757 1359 4801 et
1401 4748 1461 4801 iit
1494 4749 1651 4816 quasi
1690 4749 1872 4818 homo,
1896 4764 2020 4802 non
2059 4748 2322 4803 debemus
2359 4764 2604 4818 quan-ere
2642 4749 2768 4818 quis
2806 4749 2988 4808 homo,
3032 4760 3090 4803 ut
3127 4751 3273 4803 illius
3309 4751 3562 4806 dzcamus

307 4832 434 4872 esse
472 4817 642 4870 tilium
684 4815 1016 4871 Salvator-em
1058 4831 1073 4868 :
1113 4818 1207 4872 sed
1259 4826 1466 4872 stantes
1508 4815 1766 4886 insensu
1809 4817 1924 4880 Dei.
1964 4827 2015 4871 et
2075 4815 2452 4886 parabolarum
2506 4815 2800 4872 dicentium
2857 4820 3033 4886 ipsum
3085 4834 3208 4874 esse
3259 4820 3557 4881 hominem.

310 4887 586 4956 sapienter
622 4887 909 4941 audiamus
956 4901 1083 4942 eum
1133 4887 1404 4942 dicentem
1444 4902 1504 4940 se
1555 4885 1767 4941 Filium.
1804 4885 2256 4957 hominis.’Apud
2296 4904 2396 4943 nos
2435 4903 2567 4957 ergo
2606 4885 2890 4950 homines,
2932 4906 2951 4938 ι
2998 4888 3175 4943 simile
3210 4899 3294 4944 est
3332 4905 3558 4960 regnum

381 5030 429 5062 ⁸³
463 5027 616 5082 Deut.
645 5045 720 5090 iv,
741 5029 834 5084 24.
911 5031 958 5061 "
985 5028 1145 5086 Joan.
1177 5046 1216 5096 ι,
1241 5030 1332 5084 51.
1414 5032 1458 5063 ⁸⁷
1489 5029 1506 5083 Ι
1536 5029 1696 5087 Joan.
1732 5049 1817 5097 ιιι,
1841 5034 1895 5088 2.

1999 5033 2020 5066 ⁸
2045 5031 2177 5088 an.
2216 5051 2256 5099 I,
2291 5033 2378 5087 70.
2454 5034 2500 5066 "
2527 5033 2718 5088 Matth.
2763 5049 2898 5098 χχιι,
2927 5033 2984 5088 2.
3061 5033 3106 5066 ⁶⁰
3132 5032 3250 5088 Coi.
3285 5047 3327 5099 ι,
3363 5032 3447 5090 i5.

361 5164 424 5244 ζμ
435 5162 649 5244 411w}-
666 5161 784 5231 μὲν
812 5161 941 5232 γὰρ,
975 5164 1091 5218 κᾶν
1109 5163 1449 5234 ἀξιωθῶμεν
1465 5166 1744 5231 βλέπειν,
1770 5177 1877 5224 etc.

1999 5172 2157 5244 nauis
2177 5169 2354 5244 Grzeci
2374 5150 2867 5244 communicarunt.
2891 5169 3171 5244 Origenes,
3201 5176 3257 5230 in
3282 5193 3363 5242 ρς.
3403 5185 3476 5234 ιν,
3494 5169 3550 5233 2,

310 5231 828 5312 Τίι⁷ις‹ιιι1ι)ξιειειιιε.Δ“
988 5303 999 5312 _
1103 5303 1116 5312 .
1526 5307 1539 5312 _
1618 5304 1645 5312 _

1999 5257 2049 5312 ut
2075 5241 2295 5312 Catenis
2323 5241 2506 5312 Regiis
2537 5258 2552 5294 :
2590 5239 2771 5312 ὐμέν
2803 5255 2888 5304 τις
2924 5231 3169 5312 οιήσεται
3197 5231 3556 5312 περιερραστιξ

380 5301 492 5368 (15)
535 5301 850 5384 MM};qu
906 5303 1003 5383 καί
1057 5303 1174 5384 τὴν
1199 5305 1420 5384 μίζων
1478 5304 1682 5384 stipi-:71:
1694 5344 1743 5384 _,__
1769 5315 1874 5384 etc.
1979 5309 2091 5373 κῶς
2116 5310 2386 5383 εἰρῆσθαι,
2405 5301 2497 5374 ’ὡς
2525 5301 3033 5384 καὶ-Ἐλλησινγξθᾴς
3058 5309 3137 5384 τῷ
3159 5301 3386 5384 τοιρῦτὶῤ
3418 5313 3552 5384 χρήτ-

307 5373 801 5454 Queiiiadinoaiuun
823 5375 1160 5456 homines-du
1197 5375 1352 5455 libris
1383 5381 1558 5456 sacris
1595 5394 1613 5426 ι
1652 5377 1745 5430 lilii
1779 5381 1879 5456 ho-

309 5446 516 5497 minum
550 5460 564 5494 i
594 5444 896 5511 saepissime
919 5444 1286 5512 appellantur;
1319 5445 1390 5499 ita
1413 5445 1666 5500 Christus
1691 5447 1876 5515 appel-

309 5515 517 5584 laturc
537 5511 990 5584 Filiusuhomiuis,
1017 5532 1036 5563 ι
1071 5529 1168 5583 pro
1194 5529 1261 5567 eo
1292 5517 1438 5584 quod
1463 5524 1547 5568 est
1578 5533 1601 5584 ι
1631 5517 1812 5576 Ιιοιιιο,
1845 5533 1867 5569 ι

309 5515 451 5566 latur
491 5528 510 5562 ‹
537 5515 704 5565 Filius
735 5515 990 5577 hominis,
1017 5532 1036 5563 ι
1071 5529 1168 5583 pro
1194 5529 1261 5567 eo
1292 5517 1438 5584 quod
1463 5524 1547 5568 est
1580 5533 1601 5566 ι
1631 5517 1812 5576 Ιιοιιιο,
1845 5533 1867 5569 ι

307 5584 428 5636 κατ’
463 5580 673 5651 ὲξοχήν.
701 5581 988 5651 Origenes,
1017 5584 1214 5638 timuit.-
1255 5584 1282 5636 i
1323 5586 1395 5638 in
1430 5580 1668 5636 Ezech.:
1700 5603 1722 5636 ο
1769 5583 1868 5641 Per

303 5667 519 5706 nuntiem
552 5652 885 5720 prophetian
913 5652 1181 5707 Ezechieli
1208 5653 1407 5708 dicitur
1436 5653 1575 5706 πνέει
1609 5653 1865 5712 hominis.
1903 5681 1908 5684 ·

307 5723 437 5786 Qui:
463 5729 642 5786 autem
687 5721 827 5774 lilius
863 5723 1097 5777 hominis
1135 5734 1192 5777 ut
1237 5723 1499 5777 Dominus
1533 5739 1684 5778 meus
1708 5722 1869 5780 Jesns

306 5785 589 5844 Christus?
629 5810 648 5842 ι
691 5789 839 5844 Hanc
881 5792 1207 5848 locutionem
1259 5793 1460 5849 Grzrcis
1503 5793 1733 5854 ilchrwi,
1764 5792 1871 5852 Ro-

1979 5379 2179 5452 σασθαι
2201 5379 2588 5452 σχηματισμῷ,
2615 5379 2878 5452 λέγουσιν’
2901 5380 3028 5445 nec
3067 5379 3326 5452 ᾉχαιῶν,
3342 5379 3463 5452 sui
3485 5379 3554 5434 τᾷά

1979 5451 2160 5522 ῥμοια.
2193 5449 2367 5504 Πολλὰ
2404 5452 2460 5504 δὲ
2485 5449 2716 5522 τοιαῦτα
2762 5451 2985 5522 ςέρεται
3016 5450 3112 5503 καὶ
3149 5453 3208 5504 ἐν
3239 5453 3303 5522 τῇ
3335 5451 3551 5522 Γραφῇ,

1974 5514 2052 5573 ὧν
2076 5523 2194 5575 ἐστι
2227 5522 2318 5574 καὶ
2348 5522 2426 5574 τό·
2461 5520 2682 5589 Βροτός
2697 5514 2974 5590 γεινὴτὸς
2998 5514 3303 5590 γυναικός-’ί
3347 5514 3550 5590 καὶ)τῦ

1989 5591 2086 5645 Ἐν
2111 5591 2421 5661 {emtor}
2445 5588 2746 5661 γυναικῶν
2768 5589 2967 5661 οὐδεὶς
3007 5588 3296 5661 Ίωὰνγθυ
3318 5589 3548 5660 μείζων

1977 5662 2072 5714 xui.
2095 5656 2254 5785 αἷῖται
2283 5656 2407 5732 γάρ
2435 5656 2491 5712 αἱ
2523 5661 2695 5726 λέξεις
2715 5660 2842 5714 ἀντὶ
2865 5656 3334 5726 «mammam;
3371 5661 3550 5731 εἴρῃ-,ιο

1977 5746 2085 5785 ται.
2181 5747 2392 5785 cuius.

1975 5746 2085 5790 ται.
2133 5746 2392 5786 Ιιυιτιυδ.
