4074 6300
518 341 650 395 ms
1998 325 2322 394 ORlct-INIS
3641 345 3796 409 isti

503 472 632 527 que,
662 472 783 526 qua:
831 454 1142 510 ministrae
1185 453 1389 507 didicit.
1435 450 1714 506 Secundos
1761 453 1964 515 autem,
2002 451 2072 504 ita

2181 450 2277 522 τὴν
2308 448 2620 523 παραϐολὴν
2657 451 2964 524 δευτέρους,
3000 443 3122 509 εἷπε
3159 455 3248 510 τό·
3299 474 3318 506 θ
3376 456 3507 512 Ὶδσῦ
3546 454 3608 514 τδ
3653 464 3793 534 ἀρί-

503 557 565 602 ut
613 547 746 611 dixi,
793 547 948 615 juxta
994 543 1308 614 parabolam
1358 542 1690 610 adhortans,
1745 541 1798 596 id
1848 543 1926 596 ait
1971 543 2016 574 ⁸⁸
2062 561 2072 596 :

2186 557 2307 595 στον
2363 540 2654 612 ἡτοίμασα,
2690 546 2738 596 ol
2778 545 2970 618 ταῦροί
3008 564 3109 618 μου
3151 549 3246 603 καὶ
3279 548 3347 602 τὰ
3381 552 3596 605 σιτιστά
3627 555 3793 614 1509'-

485 648 529 691 ἰ
560 637 697 695 Ecce
729 637 1012 708 prandium
1040 651 1220 690 meum
1252 635 1460 705 paravi,
1484 635 1626 689 tauri
1660 634 1797 697 mei,
1826 643 1880 689 et
1908 633 2080 688 altilia

500 731 682 785 occisa
717 739 865 793 sunt,
893 737 948 783 et
975 728 1158 781 omnia
1193 737 1378 797 parata
1419 739 1432 781 :
1474 727 1653 780 venite
1680 726 1746 780 ad
1779 728 2015 794 nuptias.
2055 745 2071 776 ι

519 812 521 814 ’
566 821 656 873 25.
688 818 754 871 AI.
779 815 1110 889 qutpriores
1137 818 1349 872 invitati
1391 828 1536 881 sunt,
1565 818 1721 887 quasi
1753 819 1949 872 mentis
1988 817 2068 870 in-

497 920 653 976 opes.
684 925 703 956 ι
737 907 1108 976 neglexerunt,
1133 916 1184 960 et
1214 908 1465 960 abierunt
1502 907 1569 969 “,
1602 924 1619 956 ι
1647 922 1827 960 rerum
1854 921 2075 958 suarum

466 1062 468 1064 τ
499 1006 829 1068 satagentes,
866 998 1041 1066 iisque
1066 998 1241 1067 magis
1263 997 1538 1062 delectati,
1569 1012 1731 1066 quam
1757 1013 1878 1066 qurc
1909 997 2008 1051 sibi
2046 1012 2076 1052 a

495 1103 624 1158 rege
658 1105 754 1158 per
780 1088 979 1143 missos
1006 1104 1194 1142 servos
1240 1087 1512 1157 promissa
1544 1087 1780 1142 fuerant.
1809 1085 1946 1141 Nota
1980 1097 2076 1141 au-

485 1187 600 1232 tem
631 1180 864 1248 aliquem
891 1196 956 1234 ex
985 1180 1052 1233 iis
1079 1180 1262 1232 villam
1304 1179 1408 1233 sibi
1454 1178 1822 1248 possidentem
1863 1177 1931 1230 ad
1977 1194 2078 1231 nu-

493 1269 635 1339 ptias
659 1285 764 1323 non
792 1269 984 1334 ivisse;
1012 1269 1156 1324 hunc
1179 1277 1356 1322 autem
1378 1267 1727 1338 negotiationi
1752 1267 1990 1322 deditum
2015 1282 2076 1321 ea

490 1360 902 1429 quodammodo
921 1361 1082 1430 801
1114 1359 1312 1414 imitari
1338 1360 1577 1414 voluisse
1595 1373 1717 1428 qua:
1737 1358 1790 1411 in
1821 1358 2075 1428 parabola

492 1451 559 1505 de
581 1453 998 1522 margaritarum
1030 1461 1331 1506 mercatore
1350 1451 1626 1517 dicuntur,
1652 1451 1909 1520 pulchras
1931 1465 2081 1519 qua:-

494 1553 647 1594 rcnte
669 1544 1014 1612 margaritas,
1041 1541 1155 1611 qui,
1187 1544 1404 1596 inventa
1438 1543 1675 1612 pretiosa
1706 1557 1810 1595 una
1837 1582 1853 1606 ,
1893 1541 2075 1610 plures

493 1629 631 1682 alias
660 1633 864 1696 vendit,
901 1640 960 1685 ut
986 1648 1148 1685 unam
1181 1633 1326 1685 illam
1360 1643 1633 1687 mercetur
1664 1633 1729 1685 ⁵⁷.
1771 1629 1965 1684 Verum
1994 1630 2077 1682 iu-

493 1719 671 1774 fausta
704 1735 766 1774 ea
795 1731 879 1776 est
907 1722 1224 1791 negotiatio,
1262 1723 1326 1775 ad
1371 1739 1534 1791 quam
1585 1721 1773 1775 abiens
1811 1721 1903 1790 qui
1939 1720 2074 1774 invi-

2185 632 2340 701 μένα,
2373 632 2466 684 καὶ
2497 632 2673 685 πάντα
2705 633 2917 706 ἕτοιμα·
2949 637 3104 690 δεῦτε
3147 641 3229 702 είς
3253 640 3380 703 τοὺς
3407 642 3642 713 γάμους.
3677 659 3704 698 ι

2265 813 2403 866 Ἀλλ’
2431 816 2477 867 ol
2495 814 2939 885 ,προηγουμένως
2964 815 3310 887 καλούμενοι,
3335 817 3412 880 ὡς
3441 821 3649 891 ’πτωχοί⁵
3674 818 3784 874 καὶ

2180 903 2370 976 ἄποροι
2406 905 2498 958 τὸν
2530 904 2674 969 νοῦν,
2731 922 2752 958 ι
2804 906 3175 978 ἀμελήσαντες
3218 909 3480 978 ἀπῆλθον,
3525 929 3544 960 ι
3614 918 3772 984 περιι

2179 992 2400 1058 έποντες
2429 994 2498 1048 τὰ
2542 995 2651 1049 ἴδια
2702 996 2794 1048 καὶ
2848 997 3262 1069 εὐφραινόμενοι
3310 999 3511 1070 μᾶλλον
3551 1004 3640 1055 ἐπ’
3677 1005 3771 1060 αὐ

2178 1087 2291 1148 τοῖς
2333 1085 2366 1155 ἢ
2401 1083 2481 1150 οἷς
2522 1087 2888 1156 ἐπηγγέλλετο
2929 1088 3018 1140 διὰ
3048 1088 3156 1143 τῶν
3196 1091 3611 1148 ἀποσταλέντων
3646 1095 3781 1150 δού-

2181 1164 2286 1228 λων
2317 1177 2346 1228 6
2377 1175 2649 1246 βασιλεύς.
2687 1176 2796 1232 Καὶ
2836 1181 2958 1251 ὅρα,
2994 1181 3075 1233 ὅτι
3115 1183 3144 1234 6
3181 1183 3278 1252 μέν
3307 1201 3392 1248 τις
3422 1185 3604 1239 αὐτῶν
3629 1188 3777 1258 ἔχων

2179 1265 2313 1319 ἴδιον
2337 1266 2504 1338 ἀγρὸν
2532 1259 2631 1319 οὑκ
2661 1262 2822 1338 ἦλθεν
2847 1271 2926 1332 είς
2947 1271 3072 1332 τοὺς
3105 1271 3334 1342 γάμουςο
3359 1276 3388 1326 6
3410 1274 3466 1326 δὲ
3495 1277 3774 1348 ἐμπορίαν

2179 1357 2458 1429 κέκτηται,
2493 1357 2776 1428 μιμεῖσθαί
2814 1377 2931 1423 πως
2971 1361 3138 1416 θέλων
3180 1361 3249 1416 τὰ
3290 1362 3560 1433 λεγόμενα
3592 1367 3650 1420 ὲν
3697 1371 3766 1438 τῇ

2179 1447 2420 1519 περὶτοῦ
2461 1447 2700 1519 ἐμπόρου
2735 1447 2842 1502 τῶν
2871 1451 3224 1522 μαργαριτῶν
3287 1454 3569 1524 παραϐολῇ
3596 1492 3612 1518 ,
3665 1454 3765 1519 ζη-

2176 1538 2394 1602 τοῦντος
2417 1541 2542 1602 τοὺς
2577 1539 2772 1603 καλοὺς
2816 1543 3180 1611 μαργαρίτας,
3232 1544 3326 1596 καὶ
3365 1545 3621 1614 εὑρόντος
3665 1545 3766 1600 ἕνα

2180 1627 2489 1700 πολύτιμον,
2513 1630 2604 1683 καὶ
2625 1630 2956 1701 ἀποδομένου
2983 1633 3108 1696 τοὺς
3135 1633 3381 1697 πολλοὺς,
3405 1634 3492 1687 ῖνα
3516 1636 3766 1711 ἀγοράσῃ

2177 1719 2267 1772 τὸν
2293 1720 2409 1772 ἕνα,
2464 1720 2610 1791 Πλὴν
2638 1721 2739 1774 οὐκ
2766 1723 2939 1786 αἴσιος
2986 1725 3019 1795 ἡ
3074 1724 3315 1794 ἐμπορία
3351 1723 3524 1796 αὕτη,
3565 1727 3650 1796 ἐφ’
3694 1730 3762 1798 ἣν

492 1821 640 1866 tatus
662 1821 766 1873 est,
793 1813 964 1880 parati
999 1828 1028 1865 a
1065 1827 1187 1882 rege
1222 1813 1454 1882 prandii,
1485 1813 1904 1880 occisorumque
1953 1820 2072 1865 tan-

2176 1813 2420 1866 ἀπελθὼν
2451 1817 2480 1867 6
2501 1812 2835 1884 κεκλημένος
2879 1814 2942 1866 οὑ
2994 1793 3254 1885 μετέλαϐε
3291 1816 3385 1870 τοῦ
3420 1793 3760 1890 ἑτοιμασθένο

493 1919 680 1960 rerum
709 1913 763 1957 et
787 1905 1042 1968 altilium,
1079 1915 1501 1972 paratorumque
1527 1903 1770 1956 omnium
1806 1903 2074 1972 particeps

494 2012 603 2051 non
651 1994 771 2050 fuit.
811 1995 888 2049 Ex
949 1995 1015 2050 iis
1067 2010 1196 2064 ergo
1242 1995 1335 2064 qui
1392 1994 1806 2064 perspicacitate
1851 1993 2071 2063 pollent,

492 2097 760 2158 quotquot
787 2087 999 2141 Invitati
1025 2101 1132 2141 non
1159 2087 1555 2156 obsequuntur,
1595 2099 1780 2140 servos
1804 2094 1981 2141 tamen
2006 2087 2073 2142 ad

492 2179 797 2233 vocandum
842 2179 1038 2232 missos
1078 2177 1408 2231 contumelia
1447 2192 1554 2230 non
1597 2176 1857 2239 alliciunt,
1898 2193 2074 2246 neque

491 2269 787 2334 trucidant,
823 2269 1211 2323 moderatiores
1242 2269 1309 2323 iis
1347 2277 1473 2322 sunt
1507 2267 1599 2336 qui
1630 2267 1756 2322 talia
1784 2267 2072 2337 designare

493 2361 713 2415 fuerunt
742 2361 883 2426 ausi,
925 2376 988 2415 ac
1028 2361 1330 2430 :equiores,
1364 2371 1417 2414 et
1445 2360 1491 2413 is
1517 2360 1734 2428 quidem
1791 2359 1844 2413 in
1879 2374 2069 2429 agrum

494 2464 678 2514 suum,
708 2451 794 2506 ille
829 2465 956 2504 vero
991 2450 1056 2503 ad
1099 2449 1522 2519 negotiationem
1571 2465 1726 2504 suam
1753 2449 2071 2520 quiescendi

492 2556 659 2596 causa
687 2541 984 2596 contendit.
1027 2540 1238 2610 Reliqui
1277 2555 1406 2594 vero
1451 2549 1643 2609 przeter
1667 2541 1804 2596 istos
1845 2541 2068 2611 quinam

492 2635 621 2699 sint,
655 2634 974 2698 videamus;
1008 2632 1060 2685 hi
1100 2632 1233 2686 mihi
1270 2647 1401 2686 sane
1445 2631 1511 2684 ad
1539 2631 1910 2686 contentiosos
1950 2648 2063 2687 ser-

493 2741 682 2782 mones
703 2727 1084 2795 captiososqne
1111 2727 1400 2779 struendos
1425 2739 1544 2780 sese
1564 2725 1852 2780 demisisse
1881 2727 2071 2781 viden-

493 2826 620 2882 tur;
667 2818 718 2870 in
759 2817 959 2886 quibus
1006 2816 1207 2870 missos
1239 2831 1447 2878 servos,
1479 2817 1544 2869 ad
1595 2817 1851 2870 solvenda
1883 2817 2070 2888 sophi-

491 2916 665 2962 smata
699 2908 921 2960 minime
953 2915 1171 2975 paratos
1201 2906 1284 2960 vel
1318 2915 1659 2974 superantes,
1686 2905 1773 2959 vel
1805 2921 2069 2968 superare

492 2996 592 3048 visi
624 2995 924 3049 vocationis
966 2995 1248 3048 ministres
1295 2993 1641 3048 contumeliis
1683 2992 1942 3048 alliciunt.
1992 2994 2070 3050 Ac

490 3101 590 3141 eos
635 3086 852 3154 quidem
908 3087 1003 3155 qui
1043 3086 1350 3139 divinorum
1387 3099 1702 3138 sermonum
1759 3085 2066 3139 tractationi
2095 3122 2137 3178 ϐ

493 3178 696 3231 addicti
749 3185 897 3242 sunt,
928 3186 984 3230 et
1033 3177 1155 3230 illos
1187 3191 1310 3228 cum
1343 3174 1608 3242 sapientia
1656 3173 1838 3228 divina
1872 3175 2066 3244 praedi-

491 3284 617 3322 care
643 3269 849 3331 volunt,
882 3283 911 3321 a
945 3268 1078 3321 viris
1105 3266 1306 3334 ingenii
1341 3265 1591 3319 acumine
1635 3265 1893 3334 praeditis,
1929 3268 2068 3320 veri-

495 3361 588 3414 tati
634 3371 813 3414 autem
863 3358 1024 3413 ﬁdem
1059 3355 1472 3411 accommodare
1506 3354 1814 3408 nolentibus
1867 3354 2065 3424 injuria

493 3451 716 3506 allectos
744 3451 927 3504 videre
960 3449 1120 3514 licet;
1159 3448 1450 3501 nonnullos
1497 3449 1657 3499 etiam
1690 3447 1758 3500 ab
1799 3447 1864 3500 iis
1897 3447 2068 3500 inter-

493 3543 683 3609 fectos,
735 3543 934 3612 quibus
987 3556 1082 3594 rex
1140 3552 1465 3594 succensere
1497 3535 1718 3599 dicitur,
1775 3543 2061 3604 postquam

492 3637 732 3691 videlicet
764 3635 814 3689 id
845 3633 988 3704 quod
1025 3633 1104 3686 ira
1156 3631 1354 3685 dicitur
1382 3670 1395 3688 .
1433 3629 1484 3681 iu
1519 3643 1615 3681 eos
1645 3626 1952 3696 pervenerit
1996 3625 2060 3678 ⁸⁸.

491 3727 587 3782 Ira:
629 3737 807 3782 autem
861 3725 1086 3778 eﬁcetus
1120 3722 1208 3776 ille
1235 3730 1339 3782 est,
1395 3719 1536 3787 regis
1566 3718 1864 3772 exercitum
1899 3715 2060 3778 mitti,

2174 1922 2264 1968 τος
2291 1903 2368 1975 τῷ
2403 1904 2611 1975 βασιλεῖ
2645 1907 2890 1976 ἀρίστου,
2921 1905 3149 1958 καὶτῶν
3171 1907 3484 1978 τεθυμένων
3514 1911 3754 1984 ταύρων.

2175 1993 2267 2048 καὶ
2303 1994 2574 2059 σιτιστῶν,
2610 1995 2702 2046 καὶ
2754 1994 2974 2048 πάντων
3006 1993 3116 2046 τῶν
3161 1996 3416 2066 ἑτοίμων.
3463 2000 3618 2052 Ὅσοι
3661 2001 3758 2070 μὲν

2173 2079 2266 2136 οὖν
2299 2083 2407 2136 τῶν
2436 2083 2761 2156 διορατικῶν
2789 2083 3078 2155 κληθέντες
3120 2085 3225 2139 ,οὐκ
3270 2087 3522 2159 ἔρχονται
3556 2092 3635 2153 είς
3661 2089 3755 2161 τὴν

2175 2175 2385 2240 κλῆσιν,
2418 2176 2480 2228 ού
2507 2176 2611 2247 μὴν
2640 2176 2734 2230 καὶ
2757 2177 2884 2238 τοὺς
2913 2176 3317 2242 ἀποσταλέντας
3347 2171 3568 2244 δούλους
3585 2181 3675 2234 ἐπὶ
3696 2178 3754 2235 τὸ

2174 2263 2354 2318 καλεῖν
2384 2263 2662 2336 ὑϐρίζουσι
2689 2266 2786 2318 καὶ
2809 2264 3112 2334 ἀναιροῦσι,
3141 2266 3494 2339 μετριώτεροί
3525 2271 3628 2322 εἰσι
3649 2269 3752 2324 τῶν

2173 2353 2342 2407 ταῦτα
2371 2355 2802 2426 τετολμηκότων,
2832 2357 2926 2409 καὶ
2950 2357 3315 2412 ἀναπαύονται
3343 2359 3402 2422 ὃς
3431 2359 3531 2430 μὲν
3554 2362 3633 2425 είς
3665 2362 3752 2416 τον

2175 2445 2302 2499 ἴδιον
2333 2447 2521 2518 ἀγρὸν,
2553 2448 2611 2511 ὃς
2639 2447 2694 2500 δὲ
2725 2449 2814 2500 ἐπὶ
2844 2451 2910 2519 τῇ
2937 2449 3175 2521 ἐμπορίᾳ
3201 2451 3387 2505 αὑτοῦ.
3414 2454 3476 2504 Οί
3494 2452 3551 2506 δὲ
3579 2453 3750 2508 λοιποὶ

2171 2538 2323 2608 παρά
2356 2540 2596 2603 τούτους,
2636 2539 2832 2610 ἴδωμεν
2861 2540 3005 2605 τίνες
3034 2542 3170 2595 είσίο
3207 2542 3354 2596 δοκεῖ
3394 2543 3458 2614 δή
3504 2563 3594 2615 μοι
3617 2586 3632 2612 ,
3669 2548 3746 2600 ὅτι

2172 2629 2586 2683 ὲκπεπτὼκασιν
2615 2624 2758 2683 οὗτοι
2803 2632 2894 2685 ἐπὶ
2926 2634 3278 2706 παρασκευὴν
3321 2637 3611 2706 ἐριστικῶν
3659 2640 3748 2691 καὶ

2174 2722 2500 2789 σοφιστικῶν
2533 2722 2727 2790 λόγων,
2759 2725 2818 2776 ἐν
2841 2718 2923 2786 οἷς
2948 2724 3275 2796 κρατοῦντες
3295 2727 3402 2779 τῶν
3431 2727 3747 2782 ἁποστελλο·

2174 2813 2348 2883 μένων
2379 2813 2580 2866 δούλων
2599 2813 2658 2865 οὐ
2686 2815 3218 2884 παρεσκευασμένων
3245 2814 3380 2886 πρὸς
3404 2817 3466 2870 τὸ
3497 2817 3642 2870 λύειν
3665 2833 3748 2870 σο-

2171 2904 2415 2974 φίσματα
2439 2944 2453 2968 ,
2498 2904 2530 2974 ἢ
2565 2907 2785 2974 κρατεῖν
2819 2903 3122 2972 δοκοῦντες,
3153 2905 3432 2978 ὑϐρίζουσι
3481 2910 3604 2971 τοὺς
3628 2907 3741 2959 διας

2169 2992 2524 3062 κονουμένους
2556 2994 2621 3062 τῇ
2655 2992 2864 3062 κλήσει.
2903 2993 3014 3046 Καὶ
3048 2993 3162 3047 ἔστι
3183 3011 3246 3064 γε
3274 2995 3395 3048 ίδεῖν
3427 2997 3551 3058 τοὺς
3581 3011 3735 3066 προσκ

2171 3082 2504 3145 πεπονθότας
2547 3083 2612 3153 τῇ
2655 3083 2886 3153 ἀσκήσει
2914 3084 3024 3136 τῶν
3068 3083 3228 3137 θείων
3257 3085 3440 3151 λόγων,
3474 3087 3565 3138 καὶ
3600 3087 3737 3156 μετά

2169 3176 2268 3246 τῆς
2298 3174 2448 3236 θείας
2477 3174 2668 3243 σοφίας
2698 3173 3054 3245 βουλομένους
3085 3177 3244 3228 αὑτὸν
3262 3174 3368 3246 (i7)
3395 3175 3742 3246 πρεσϐεύειν,

2171 3266 2560 3339 ὑδριζομένους
2595 3267 2702 3319 ὑπὸ
2731 3267 2838 3319 τῶν
2871 3267 3190 3339 διορατικῶν
3227 3268 3354 3338 μὲν,
3387 3269 3449 3321 οὑ
3485 3267 3744 3340 βουλομέο

2171 3376 2278 3412 νων
2333 3357 2388 3411 δὲ
2435 3357 2710 3411 πιστεύειν
2740 3362 2806 3430 τῇ
2840 3359 3101 3430 ἀληθείᾳ·
3136 3359 3287 3422 τινὰς
3321 3360 3377 3412 δὲ
3420 3361 3616 3425 αὐτοὺς
3651 3363 3746 3414 καὶ

2172 3447 2594 3519 ἀναιρουμένους
2623 3449 2711 3501 ὑπ’
2737 3449 2981 3514 ἐκείνων,
3021 3444 3102 3513 οἷς
3142 3453 3171 3504 6
3213 3451 3465 3520 βασιλεὺς
3496 3451 3748 3523 emicet-,-

2170 3557 2258 3593 ναι
2289 3540 2526 3607 λέγεται,
2555 3539 2741 3610 ἐπειδὴ
2766 3539 2965 3608 φθάσαι
2993 3541 3090 3610 τὴν
3107 3541 3446 3612 καλουμένην
3475 3543 3643 3615 ὀργὴν
3660 3545 3744 3596 ἐπ’

2171 3625 2385 3689 αὐτούς.
2435 3625 2510 3677 Τὸ
2530 3625 2587 3678 δὲ
2617 3625 2776 3695 ἔργον
2827 3628 2924 3698 τῆς
2963 3627 3133 3699 ὀργῆς
3181 3630 3639 3702 ἐπιπεμφθῆναι
3684 3633 3745 3685 τδ

2171 3718 2483 3789 στράτευμα
2509 3717 2602 3770 τοῦ
2635 3718 2895 3788 βασιλέως
2920 3721 3038 3790 ἦτοι
3065 3720 3124 3773 τὸ
3149 3721 3350 3791 πλῆθος
3378 3723 3477 3795 τῆς
3497 3725 3743 3796 οὐρανίου

2171 3807 2448 3877 στρατιᾶς.
2485 3805 2518 3876 ἢ
2547 3807 2672 3868 τοὺς
2703 3808 3069 3877 τεταγμένους
3089 3810 3309 3880 (18)ὲπὶ
3339 3813 3446 3866 τῶν
3473 3814 3742 3869 κολάσεων

2167 3897 2449 3964 ἀγγέλους.
2507 3897 2614 3949 Καὶ
2632 3897 2924 3970 ’ἀναιροῦσί
2962 3915 3026 3966 γε
3057 3902 3182 3964 τοὺς
3220 3907 3401 3971 φονεῖς
3437 3906 3544 3958 τῶν
3577 3906 3744 3961 διακόσ

2168 4003 2275 4038 νων
2303 3985 2394 4038 τοῦ
2429 3985 2604 4052 Λόγου
2627 4025 2642 4048 ,
2678 3986 2771 4039 καὶ
2805 3988 2983 4040 πᾶσαν
3024 3989 3121 4060 τὴν
3162 3991 3313 4045 πόλιν
3353 3994 3532 4048 αὑτῶν
3577 3996 3740 4067 ὲμπί-ιι

489 3821 731 3875 cmleslis
759 3832 949 3885 nempe
978 3814 1253 3869 exercitus
1277 3811 1483 3880 copias,
1511 3811 1594 3862 vel
1624 3808 1906 3878 praefectos
1936 3822 2064 3876 sup-

489 3911 664 3982 pliciis
691 3910 909 3978 angelos
937 3922 951 3958 :
997 3906 1049 3959 hi
1084 3913 1261 3958 autem
1297 3903 1669 3956 ministrorum
1703 3898 1864 3952 Verbi
1892 3898 2060 3950 inter-

490 4001 720 4056 fectores
742 4001 807 4054 de
831 3997 1007 4052 medio
1040 3996 1254 4061 tollunt,
1308 3993 1726 4059 universamque
1763 4005 1950 4043 eorum
1984 3987 2065 4040 ei-

1686 4123 1919 4182 VETUS
1959 4119 2531 4179 INTERPRETATIO.

495 4265 700 4310 turtur.
739 4251 844 4307 Sed
900 4266 1026 4305 eum
1081 4250 1255 4318 ipsum
1303 4246 1571 4318 castitatis
1618 4258 1925 4318 sermonem
1980 4258 2104 4318 cum
2158 4243 2328 4296 multa
2381 4242 2609 4318 rationis
2658 4245 2977 4318 probatione
3022 4243 3086 4298 de
3138 4243 3735 4318 S‘cripturis_repleturn

493 4323 798 4396 protulerit,
851 4322 950 4396 ἱιιιΔ
978 4311 1332 4396 ut_(lelectet__
1355 4317 1598 4396 animum
1636 4315 1908 4396 audientis
1956 4313 2254 4396 pariteruet
2300 4311 3033 4396 coniirntetkprotulitneum
3069 4311 3475 4396 saginatumzﬁi
3509 4311 3577 4396 de
3603 4314 3738 4396 chaf

494 4381 655 4450 ritate
683 4381 898 4445 locutus
927 4389 1110 4451 fuerit,
1140 4387 1360 4457 protulit
1386 4386 1716 4441 columbam.
1753 4382 1816 4436 Et
1844 4383 1924 4437 sic
1956 4384 2010 4436 in
2039 4382 2296 4437 omnibus
2325 4381 2562 4451 eloquiis
2603 4381 2696 4436 Dei
2751 4383 2989 4454 intellige
3032 4384 3158 4453 quid
3192 4390 3275 4436 est
3306 4382 3478 4448 exile,
3517 4391 3570 4438 et
3600 4384 3734 4454 quid

592 4466 818 4516 iuatum.

493 4480 919 4599 “’3?§'.ig'qua
946 4525 1316 4598 principaliter
1345 4524 1562 4599 quidem
1587 4521 1811 4599 fuerant
1839 4521 2080 4586 invitati,
2126 4521 2329 4589 primos
2365 4520 2682 4599 invitatprcs
2725 4521 2880 4599 quasi
2925 4534 3394 4599 paupercs___s_ensu
3431 4539 3450 4572 ο
3482 4521 3732 4599 ποδωκε-

495 4613 646 4666 runt,
680 4620 699 4653 ι
733 4611 786 4655 et
831 4591 1031 4668 egeries
1075 4591 1398 4656 sc'rmouc,'¢
1434 4603 1489 4668 et
1515 4593 1765 4668 abierunt
1811 4611 1828 4644 ι
1859 4607 1956 4646 sua
2005 4599 2311 4668 sequentes,
2342 4599 2394 4644 et
2425 4591 2599 4668 magis
2631 4600 2757 4646 sunt
2795 4593 3043 4668 delectati
3081 4592 3134 4643 in
3187 4591 3313 4668 illis,
3348 4606 3512 4661 quam
3559 4591 3613 4646 in
3651 4593 3735 4647 his

490 4661 756 4743 quae’pcr
802 4661 990 4743 servos
1020 4682 1150 4743 suos
1181 4682 1273 4719 rex
1322 4663 1714 4743 promittebat;
1745 4673 1797 4716 et
1843 4677 1984 4716 unus
2027 4661 2243 4730 quidem
2259 4675 2464 4743 eorum
2515 4661 2720 4743 habens
2765 4663 3041 4743 proprium
3075 4663 3364 4743 quemdam
3406 4677 3596 4742 agrum
3627 4676 3734 4716 non

491 4729 639 4800 \ienit
662 4729 734 4794 ad
767 4739 984 4808 nuptias
1024 4755 1038 4790 :
1070 4737 1209 4789 alius
1236 4729 1416 4788 autent
1444 4733 1860 4808 negotiationem
1895 4729 2222 4808 exsequens,
2259 4729 2463 4808 imitari
2497 4731 2910 4808 quodammodo
2943 4729 3128 4783 volens
3162 4729 3732 4808 illum_negotiatorem

492 4799 934 4880 ntargaritarmu,
968 4815 1022 4860 et
1041 4813 1370 4880 quzrretuem
1405 4799 1727 4880 margaritas
1762 4803 1953 4880 bonas,
1981 4799 2097 4880 qui,
2125 4814 2248 4880 cum
2288 4799 2582 4880 invenisset
2613 4799 3068 4880 pretiosissimam
3099 4799 3734 4880 margaritam,vendidit

491 4868 684 4934 omnis
710 4891 769 4933 ut
803 4868 1007 4932 emeret
1031 4868 1217 4930 u'nam.
1247 4873 1349 4927 Sed
1380 4887 1487 4926 non
1518 4868 1657 4926 Bona
1685 4871 1980 4939 negotiatio
2002 4868 2008 4869 7
2028 4873 2151 4930 ista,
2184 4868 2249 4920 ad
2275 4883 2436 4939 quam
2466 4871 2669 4924 vadens
2710 4871 2803 4938 qui
2852 4869 3025 4923 fuerat
3056 4868 3318 4923 invitatus
3356 4885 3463 4924 non
3498 4871 3736 4938 percepit

491 4947 780 5019 prandium
813 4945 957 5015 quod
986 4960 1014 4997 ει
1047 4961 1169 5019 rege
1199 4943 1376 5019 fuerat
1401 4938 1780 5019 praeparatum.
1810 4941 1911 5019 Qui
1940 4953 2163 5019 ergoex
2212 4938 2637 5019 intelligentihus
2685 4939 2923 5019 invitatis
2952 4954 3057 4992 non
3101 4941 3326 5019 veniunt
3355 4940 3594 5019 quidem,
3626 4942 3732 5019 non

491 5007 673 5074 autem
704 5026 759 5070 et
785 5007 975 5070 sdrvos
1001 5014 1068 5068 ad
1098 5007 1416 5068 vocandum
1443 5007 1793 5066 transmissos
1835 5007 2116 5078 injuriant,
2168 5023 2266 5060 nec
2296 5007 2664 5078 interﬁciunt,
2706 5007 2945 5078 pleniores
2992 5015 3122 5061 sunt
3163 5007 3271 5078 illis
3301 5010 3394 5076 qui
3439 5010 3557 5061 ιιιιεί
3607 5018 3735 5062 sunt

493 5088 644 5144 talia.
673 5084 741 5140 Et
771 5086 1135 5154 requiescunt
1145 5082 1362 5151 quidem
1396 5083 1456 5154 in
1487 5096 1624 5154 agro
1655 5077 1913 5154 proprio,’_
1927 5077 2016 5154 alii
2066 5087 2246 5154 autem
2291 5077 2346 5130 in
2393 5093 2508 5154 sua_
2539 5077 2932 5154 negotiatione;
2982 5077 3174 5145 reliqui
3227 5088 3404 5132 autem
3435 5086 3588 5131 extra
3617 5091 3730 5138 eos,

490 5160 775 5214 videamus
807 5148 898 5224 qui
929 5163 1074 5207 sunt.
1105 5148 1244 5208 Puto
1277 5153 1420 5221 quod
1447 5152 1500 5204 hi
1527 5148 1653 5224 sunt
1685 5153 1775 5218 qui
1807 5149 2118 5224 ceciderunt
2145 5148 2198 5200 in
2227 5148 2620 5224 praeparatione
2667 5148 3131 5224 contet_itiosorn_m
3177 5155 3233 5199 et
3277 5155 3582 5200 astutorum
3604 5163 3733 5224 _vcr-_

492 5229 684 5293 borum
720 5227 774 5281 in
821 5215 1018 5293 quibus
1055 5215 1366 5286 tenuerunt,
1392 5231 1485 5274 aut
1513 5220 1612 5272 visi
1644 5215 1772 5272 su'ut
1817 5219 2079 5293 tenuisse
2107 5232 2294 5293 serios
2340 5215 2732 5293 transmissos,
2761 5217 2853 5285 qui
2903 5230 3009 5293 non
3065 5215 3284 5293 fuerunt
3335 5217 3617 5293 praeparati
3665 5216 3733 5269 ad

491 5283 774 5354 sulvcudas
802 5283 990 5348 eorum
1018 5283 1360 5362 qua'stioncs
1387 5298 1659 5362 versutas.
1690 5298 1743 5341 et
1770 5286 2114 5362 contumeliis
2157 5286 2457 5362 aﬂ'eeerunt
2502 5283 2793 5362 ministros
2814 5283 3239 5362 vonationis.__E_t
3267 5295 3350 5340 est
3387 5283 3570 5362 videre
3597 5295 3736 5354 quo-‘

490 5370 640 5431 lidir,
665 5365 935 5436 quomodo
966 5355 1279 5436 invitam-es
1309 5358 1719 5436 Dei_si_mp_liccs,
1744 5367 1795 5436 et
1828 5372 1935 5410 non
1970 5359 2123 5436 valde
2168 5356 2331 5436 astuti
2365 5357 2663 5436 secundum
2694 5371 2912 5436 caruerit
2959 5369 3083 5408 cum
3123 5355 3302 5436 divina
3333 5355 3598 5436 sapientia
3626 5363 3732 5436 sua

491 5424 827 5492 volunt'illos
859 5435 992 5488 tales
1023 5433 1214 5498 docere
1241 5448 1253 5483 :
1285 5433 1376 5483 scd
1409 5424 1636 5497 injurias
1665 5428 1944 5498 patiuntur
1965 5427 2034 5479 ab
2061 5426 2140 5480 eis
2171 5427 2263 5498 qui
2305 5427 2608 5498 intelligunt
2644 5425 2884 5498 quidem,
2939 5440 3048 5477 non
3076 5435 3255 5498 autem
3285 5424 3474 5477 volunt
3515 5425 3733 5498 credere

493 5497 720 5562 veritati.
748 5504 853 5558 Alii
883 5516 1060 5557 autem
1086 5495 1150 5554 et
1180 5495 1578 5552 interficiuntur
1608 5499 1676 5550 ab
1703 5500 1802 5561 eis,
1835 5497 2033 5564 quibus
2066 5511 2158 5549 rex
2212 5496 2385 5549 iratus
2429 5495 2649 5560 dicitur,
2681 5497 2936 5564 quoniam
2965 5511 2984 5544 ι
3040 5495 3283 5564 pervenit
3323 5509 3485 5563 super
3520 5509 3616 5548 eos
3650 5495 3730 5547 ira

443 5661 460 5676 .
489 5666 500 5676 .
556 5625 605 5670 σε
623 5622 811 5676 Matth.
845 5621 1063 5685 “md.
1141 5619 1186 5650 “
1214 5616 1344 5672 ibid.
1376 5615 1426 5669 5.
1505 5616 1548 5645 ⁶⁷
1585 5613 1771 5669 Matth.
1805 5627 1899 5667 sm
1921 5651 1938 5678 ,
1962 5611 2046 5665 45.

2193 5608 2208 5660 l
2239 5607 2414 5676 Thess
2467 5626 2528 5670 ιι,
2560 5608 2644 5662 lii.
2875 5658 2882 5664 .
3665 5673 3668 5678 _

559 5716 670 5778 (1.7)
703 5714 1093 5771 Λύτόν.,[“ὀι”ιο
1128 5711 1408 5784 legendum
1456 5709 1669 5771 αὑτούς.
1977 5702 1979 5705 ’

2229 5707 2340 5776 (l8)
2382 5707 2796 5778 Τεταγμένους.
2829 5706 3009 5760 Codex
3049 5705 3271 5775 R-givs,
3310 5706 3726 5773 καλουμένους..
