4074 6300
460 312 602 367 15ῧῖ

1946 302 2273 362 ORIGENIS

3595 305 3737 361 1548

458 437 646 484 autem
682 434 832 482 veste
866 424 1093 495 nuptiali
1122 439 1230 478 non
1280 422 1532 479 indutum
1563 422 1719 488 vidit,
1750 422 1854 478 sub
1879 425 2046 476 unico

2153 417 2255 474 οἵδε
2277 423 2370 476 τὸν
2411 422 2510 476 οὐκ
2556 419 2906 492 ἐνδεδυμένον
2935 418 3047 492 (9.2)
3075 420 3278 491 ἔνδυμα
3321 419 3500 490 γάμου
3522 461 3537 485 ,
3565 422 3646 484 εἰς
3685 424 3742 474 ἓν

466 534 663 589 genere
692 517 775 572 vel
812 517 990 585 specie
1017 518 1305 572 universos
1334 517 1807 586 compreltendens
1838 516 1932 585 qui
1958 529 2048 571 ne-

462 607 822 680 quitiamsibi
853 615 978 662 ante
1002 607 1159 663 ﬁdem
1189 608 1649 663 adlimresceutem
1680 608 2045 671 retintterunt,

457 714 693 769 eamque
745 697 973 752 minime
1036 706 1338 763 exuerunt;
1399 712 1567 769 atque
1623 699 1770 753 hunc
1825 697 2045 768 quidem

456 788 732 857 coarguit,
752 797 811 843 ut
839 788 932 858 qui
959 790 1099 843 male
1128 791 1321 861 egerit,
1342 790 1411 846 ad
1431 790 1700 860 ejusmodi
1725 790 1938 857 nuptias
1960 789 2047 844 in-

458 879 610 950 gredi
680 894 849 933 ausus
875 889 1022 935 veste
1053 865 1279 951 nuptiali
1315 896 1423 936 non
1461 892 1773 950 assumpta,
1829 879 2048 935 Virtutis

459 984 658 1040 nempe
680 968 845 1041 803
877 971 1102 1038 amictu,
1135 971 1418 1040 splendido
1445 973 1799 1036 vestimento,
1841 971 1908 1025 de
1940 985 2049 1040 quo

456 1059 722 1117 Salomon
749 1061 801 1115 in
830 1060 1158 1117 Ecclesiaste
1180 1064 1437 1133 praecepit
1463 1062 1653 1118 dicens
1680 1065 1723 1094 '”
1754 1082 1766 1117 :
1811 1081 1829 1112 ‹
1883 1059 2047 1116 Omni

462 1164 707 1224 tempore.
724 1154 830 1208 sint
850 1155 1171 1209 vestimenta
1191 1162 1281 1210 tua
1311 1155 1563 1210 candida.
1590 1174 1608 1207 ι
1629 1154 1700 1208 At
1720 1154 2050 1209 obmutescit

457 1246 512 1301 is
532 1245 625 1315 qui
653 1242 860 1315 absque
895 1246 1122 1316 nuptiali
1154 1255 1303 1301 veste
1330 1246 1383 1300 in
1414 1247 1731 1316 magniﬁcas
1758 1247 1921 1300 hasce
1949 1261 2050 1299 nu-

464 1338 604 1406 ptias
646 1338 852 1408 ingredi
902 1353 1070 1392 ausus
1120 1348 1224 1402 est,
1259 1354 1434 1408 neque
1465 1339 1761 1409 quidquam
1806 1337 2049 1407 proferre

462 1437 641 1496 potest
678 1427 812 1497 :qui
847 1437 900 1481 ut
935 1442 1095 1498 paena
1145 1442 1209 1481 ac
1258 1428 1609 1482 damnatione
1651 1428 1849 1498 dignus
1875 1428 1945 1480 ab
1983 1441 2050 1480 eo

461 1520 860 1574 condemnatur
892 1520 986 1589 qui
1037 1519 1305 1575 ministris
1334 1520 1519 1582 edicit,
1571 1514 1694 1575 aliis
1741 1534 1935 1589 nempe
1982 1520 2050 1572 ab

460 1611 794 1666 exercitibus
822 1612 890 1665 de
921 1610 1125 1680 quibus
1156 1627 1323 1682 supra
1347 1612 1549 1667 dictum
1580 1620 1665 1667 est
1688 1652 1702 1677 ,
1739 1619 1800 1666 ut
1826 1612 2049 1682 colliga-

452 1711 579 1757 tum
612 1703 791 1772 ipsum
830 1701 1083 1772 pedibus,
1129 1704 1529 1775 manibusque,
1564 1704 1765 1774 quibus
1795 1713 1943 1760 recte
1995 1714 2050 1759 et

459 1794 542 1848 uti
577 1808 675 1863 par
701 1802 840 1858 erat,
876 1809 1010 1848 usus
1041 1808 1147 1848 non
1182 1803 1262 1850 est
1297 1797 1436 1865 (nec
1456 1794 1601 1848 enim
1628 1795 1725 1861 ita,
1755 1795 1831 1849 uti
1855 1796 2051 1851 decue-

452 1898 568 1950 rat,
606 1887 939 1951 ambulavit,
972 1902 1148 1957 neque
1170 1902 1233 1942 ea
1264 1902 1386 1958 quae
1405 1886 1685 1952 decuerat,
1716 1887 1877 1959 egit),
1939 1904 2049 1944 non

450 1989 614 2035 extra
654 1978 893 2049 nuptiale
925 1978 1191 2033 duntaxat
1218 1979 1554 2045 convivium,
1581 1980 1675 2035 sed
1715 1979 1770 2034 in
1797 1980 2052 2036 tenebras

452 2071 628 2126 etiam
653 2069 971 2135 exteriores,
1005 2079 1057 2124 et
1083 2069 1232 2123 onmi
1255 2084 1443 2125 cassas
1474 2069 1682 2125 lumine
1702 2070 1923 2140 ejiciant
1948 2088 1964 2138 ;
1991 2078 2052 2126 ut

468 2172 754 2232 postquam
799 2162 852 2215 in
913 2160 1280 2216 exterioribus
1313 2161 1557 2216 tenebris
1588 2159 1751 2215 fuerit
1778 2171 2051 2228 versatus,

456 2253 647 2305 ‘lumen
679 2251 892 2317 sitiens,
924 2251 989 2305 ad
1018 2248 1186 2305 Deum
1217 2253 1313 2321 qui
1337 2251 1660 2306 beneﬁcium
1693 2250 1746 2305 in
1773 2267 1897 2306 eum
1922 2266 2052 2306 con-

461 2342 628 2406 ferre,
662 2351 832 2414 atque
859 2341 984 2398 inde
1015 2342 1169 2396 illum
1226 2341 1461 2397 liberare
1505 2351 1707 2412 potest,
1762 2339 1910 2405 ﬂeat,
1965 2342 2052 2396 in-

462 2433 791 2503 t‘rendatque
831 2432 1108 2498 dentibus,
1142 2434 1233 2503 qui
1268 2441 1488 2504 propter
1537 2434 1837 2504 nequitiam
1895 2448 2052 2489 suam

468 2540 625 2597 uvam
655 2527 909 2581 acerbam
935 2527 1317 2588 comederunt,
1335 2535 1499 2595 atque
1525 2524 1733 2580 idcirco
1759 2527 2056 2595 obStupue-

465 2625 592 2670 runt
617 2634 667 2670 τε
693 2614 795 2683 Qui
821 2633 841 2668 ι
860 2615 1004 2672 enim
1025 2635 1043 2666 ι
1064 2615 1301 2671 comedit
1318 2629 1475 2669 uvam
1492 2617 1765 2681 acerbam,
1793 2615 2047 2684 obstupe-

465 2720 619 2766 seent
650 2709 838 2764 dentes
853 2707 1055 2778 ejus".
1088 2727 1106 2759 ι
1126 2706 1229 2760 Per
1261 2708 1512 2762 acerbam
1545 2722 1712 2779 porro
1746 2723 1904 2762 uvam
1935 2708 2055 2776 ejus

465 2801 765 2871 nequitiam
785 2798 1060 2868 designari
1084 2797 1415 2852 credendum
1448 2807 1553 2864 est,
1581 2798 1674 2869 qui
1706 2798 1772 2852 ad
1797 2796 2053 2853 ulteriora

464 2910 573 2947 non
591 2891 888 2957 contendit,
908 2892 999 2944 sed
1018 2889 1207 2943 eodem
1228 2898 1509 2959 permanet
1521 2889 1662 2955 loco,
1684 2904 1809 2944 cum
1846 2888 1911 2944 ad
1936 2905 2055 2944 ma-

459 2981 742 3036 turitatem
769 2974 1094 3035 contendere
1107 2974 1345 3044 deberet,
1358 2987 1414 3032 et
1432 2977 1645 3033 virtutis
1665 2993 1823 3032 uvam
1841 2977 2053 3033 dulcem

2146 514 2301 583 γένος
2331 514 2364 586 ἢ
2391 510 2528 578 εἰδος
2551 512 2840 584 ἀναφέρων
2883 513 3011 577 τοὺς
3061 512 3160 583 τὴν
3208 512 3319 583 πρὸ
3365 512 3465 583 τῆς
3504 510 3741 576 πίστεως

2148 605 2345 660 κακίαν
2387 606 2761 676 τηρήσαντας,
2808 603 2904 657 καὶ
2932 603 3006 673 μὴ
3045 600 3493 672 ἀποδυσαμένους
3534 601 3737 672 αὑτήν

2148 698 2242 750 καὶ
2295 695 2572 768 μέμφεταί
2610 714 2675 764 γε
2701 693 2784 766 τῷ
2809 693 3056 764 τοιούτῳ,
3087 694 3162 758 ὡς
3201 693 3388 757 κακῶς
3431 695 3737 764 ποιήσαντι,

2148 789 2289 843 κατὰ
2311 789 2373 842 τὸ
2391 787 2783 860 τετολμηκέναι
2807 785 3068 840 εἰσελθεῖν
3089 787 3168 850 εἰς
3193 785 3321 848 τοὺς
3343 784 3620 848 τοιούτους
3642 785 3742 852 γά-

2151 899 2306 953 μους,
2338 882 2416 954 μὴ
2430 880 2752 935 ἀναλαϐόντι
2779 881 2842 934 τὸ
2867 878 2962 933 τοῦ
2987 879 3166 949 γάμου
3191 876 3416 949 ἔνδυμα,
3437 878 3500 931 τὸ
3516 876 3739 949 ὕφασμα

2149 974 2247 1045 τῆς
2280 973 2502 1046 ἀρετῆς,
2533 974 2595 1026 τὸ
2624 971 2874 1043 λαμπρὸν
2909 972 3123 1043 ἱμάτιον
3143 1011 3157 1033 ,
3209 968 3340 1042 περὶ
3385 964 3449 1024 οὗ
3493 967 3741 1039 Σολομῶν

2152 1064 2210 1116 ὲν
2267 1064 2666 1136 Ἐκκλησιαστῇ
2722 1063 3026 1118 ἐνετείλατο
3079 1061 3287 1131 λέγων·
3344 1080 3365 1112 ι
3425 1062 3514 1113 Ἐν
3581 1058 3742 1113 παντὶ

2149 1155 2324 1229 καιρῷ
2355 1157 2595 1209 ἔστωσαν
2633 1155 2702 1210 τὰ
2729 1155 2921 1228 ἱμάτιά
2947 1172 3041 1208 σου
3064 1154 3234 1210 λευκά
3265 1153 3400 1225 (25).
3428 1173 3448 1206 ι
3477 1152 3741 1223 Φιμοῦται

2149 1247 2254 1300 δὲό
2291 1246 2568 1318 τολμήσας
2597 1244 2860 1299 εἰσελθεῖν
2896 1245 3067 1317 χωρὶς
3111 1243 3409 1315 ἐνδύματος
3453 1243 3632 1314 γάμου
3664 1245 3741 1307 εἰς

2149 1337 2240 1389 τόν
2265 1335 2518 1409 λαμπρὸν
2545 1334 2734 1389 τοῦτον
2763 1335 2960 1406 γάμον,
3015 1334 3110 1387 καὶ
3158 1335 3219 1387 οὐ
3268 1332 3494 1386 δύναται
3545 1332 3738 1402 λέγειν,

2151 1426 2299 1492 ὅστις
2325 1427 2400 1492 ὡς
2432 1427 2581 1493 ἄξιος
2614 1426 2888 1490 κολάσεως
2921 1426 3015 1479 καὶ
3043 1426 3277 1495 κρίσεως
3320 1424 3741 1489 καταδικάζεται

2152 1519 2257 1572 ὑπὸ
2286 1516 2381 1571 τοῦ
2408 1518 2655 1582 εἰπόντος
2676 1521 2788 1582 τοῖς
2818 1517 3106 1580 διακόνοις,
3132 1515 3312 1579 ἄλλοις
3346 1514 3501 1586 παρὰ
3521 1515 3592 1567 τά
3635 1514 3743 1568 ἄνω

2154 1607 2537 1681 στρατεύματα
2577 1606 2726 1679 (24),
2776 1607 2896 1671 ἶνα,
2936 1605 3200 1677 δήσαντες
3243 1604 3409 1658 αὐτοῦ
3446 1605 3616 1669 πόδας
3648 1607 3743 1659 καὶ

2154 1705 2342 1775 χεῖρας
2377 1702 2513 1774 (9.5),
2548 1696 2629 1765 οἷς
2652 1698 2753 1754 οὐκ
2778 1701 2858 1764 εἰς
2891 1699 3010 1754 δέον
3037 1698 3327 1771 ἐχρήσατο,
3359 1697 3520 1769 (οὔτε
3545 1697 3655 1770 γάρ
3680 1699 3744 1768 ἣν

2154 1794 2263 1849 ἔδει
2300 1794 2522 1867 πορείαν
2570 1793 3006 1866 περιεπάτησεν,
3041 1790 3165 1845 οὔτε
3198 1792 3266 1855 ἃς
3304 1793 3473 1863 ἐχρῆν
3521 1790 3746 1863 πράξεις

2154 1886 2537 1955 ἐπετέλεσενο)
2593 1886 2898 1939 ἐκϐάλωσιν
2953 1884 3116 1938 αὑτὸν
3168 1884 3229 1938 οὐ
3283 1884 3445 1954 μόνον
3493 1882 3601 1948 ἔξω
3649 1882 3746 1952 τῆς

2156 1977 2340 2040 ἑστίας
2362 1976 2454 2029 τοῦ
2483 1977 2682 2047 γάμου,
2718 1970 2856 2029 ἀλλὰ
2887 1975 2981 2028 καὶ
3006 1977 3085 2036 εἰς
3126 1973 3188 2026 τὸ
3221 1970 3486 2045 ἐξώτερον
3535 1972 3744 2035 σκότος,

2154 2071 2250 2124 καὶ
2276 2069 2453 2140 πάντη
2483 2068 2660 2140 φωτὸς
2684 2067 2914 2138 ἀμιγές·
2955 2066 3074 2129 ἵνα,
3123 2063 3353 2136 διψήσας
3392 2063 3567 2132 φωτὸς
3610 2062 3746 2134 μετὰ

2154 2163 2214 2216 τὸ
2246 2162 2527 2232 γεγονέναι
2560 2163 2619 2214 ὲν
2650 2160 2830 2213 σκότει
2858 2156 2936 2231 τῷ
2970 2156 3237 2232 ἐξωτέρῳ,
3262 2156 3480 2229 κλαύσῃ
3505 2156 3643 2227 πρὸς
3655 2154 3746 2208 τὸν

2155 2255 2449 2327 δυνάμενον
2500 2253 2661 2307 αὐτὸν
2711 2251 3071 2325 εὐεργετῆσαι
3095 2293 3110 2317 ,
3173 2250 3427 2306 κάκεῖθεν
3473 2247 3746 2321 ῥύσασθαι

2155 2345 2324 2408 Θεὸν,
2370 2345 2465 2398 καὶ
2509 2342 2637 2407 τοὺς
2667 2341 2885 2406 ὀδόντας
2919 2342 3090 2416 βρύξῃ
3122 2344 3249 2405 τοὺς
3291 2341 3379 2395 διὰ
3418 2341 3516 2413 τὴν
3552 2343 3745 2396 κακίαν

2158 2434 2431 2505 φαγόντας
2452 2433 2544 2487 τὸν
2576 2431 2822 2502 ὄμφακα,
2854 2432 2948 2486 καὶ
2981 2431 3070 2485 διὰ
3093 2430 3247 2485 τοῦτο
3268 2433 3705 2503 αἰμωδιάσαντας
3725 2450 3738 2464 ·

2157 2523 2263 2576 Τοῦ
2296 2522 2406 2592 γὰρ
2442 2542 2459 2573 ‹
2503 2521 2767 2592 φαγόντος
2788 2521 2880 2574 τὸν
2912 2519 3140 2592 ὄμφακα
3163 2523 3211 2575 οἰ
3244 2521 3455 2584 ὀδόντες
3480 2523 3743 2594 αἰμωδιά-

2159 2632 2363 2669 σουσιν.
2408 2636 2427 2665 ι
2466 2616 2733 2685 Ὄμφακα
2752 2612 2809 2666 δὲ
2838 2615 3000 2666 κάκεί
3031 2613 3316 2684 νομιστέον
3359 2613 3616 2682 λέγεσθαι
3647 2615 3749 2685 ei];

2156 2708 2354 2762 κακίαν
2380 2706 2475 2760 τοῦ
2512 2706 2585 2778 μὴ
2625 2704 3081 2775 άπεκτεινομὲνου
3114 2709 3225 2771 τοῖς
3251 2706 3581 2779 ἔμπροσθεν,
3612 2706 3743 2761 ἀλλὰ

2158 2795 2595 2870 παραμείναντος
2634 2794 2771 2866 αὐτῇ
2795 2836 2808 2856 ,
2849 2792 2968 2847 δέον
3007 2794 3223 2849 ὁδεῦσαι
3250 2796 3344 2848 ἐπὶ
3370 2796 3434 2849 τὸ
3461 2797 3745 2870 πέπειρον,

2157 2888 2251 2943 καὶ
2272 2887 2529 2957 γλυκεῖαν
2544 2884 2766 2958 ποιῆσαι
2793 2886 2891 2957 τὴν
2918 2886 3016 2957 τῆς
3035 2886 3237 2959 ἀρετῆς
3262 2887 3553 2959 σταφυλήν.
3592 2888 3741 2941 Ἐπι-

2159 2978 2315 3049 φέρει
2339 2976 2397 3031 δὲ
2435 2976 2532 3049 ὅλῃ
2565 2979 2630 3048 τῇ
2664 2975 2950 3047 παραϐολῇ
2976 2974 3065 3029 διά
3087 2977 3184 3047 μὲν
3214 2978 3339 3039 τοὺς
3369 2976 3591 3038 πολλοὺς
3625 2976 3735 3028 τῶν

458 3071 698 3128 ellicere.
716 3070 872 3136 Quod
895 3079 1076 3124 autem
1100 3070 1396 3124 iuvitentur
1416 3069 1683 3138 plerique,
1709 3069 1856 3138 digni
1872 3082 2050 3121 autent

2160 3069 2511 3140 κεκλημένων
2539 3069 2635 3122 καὶ
2673 3069 2748 3139 μὴ
2800 3068 3106 3138 γενομένων
3143 3066 3305 3131 ἀξίων
3340 3066 3398 3117 τό
3417 3081 3432 3095 ⁸
3482 3083 3502 3115 ι
3538 3064 3736 3119 Πολλοὶ

470 3178 811 3233 nequaquam
830 3165 979 3228 liant,
997 3162 1092 3215 toti
1110 3160 1382 3230 parabolae
1399 3160 1452 3214 id
1470 3159 1744 3215 subnectit
1758 3158 1836 3211 7':
1859 3177 1877 3209 ι
1904 3157 2050 3212 Multi

2157 3163 2267 3234 γάρ
2299 3164 2435 3215 εἰσιν
2467 3163 2514 3214 οἰ
2553 3160 2768 3232 κλητοίσ
2813 3181 2831 3211 ι
2868 3160 2956 3215 διά
3001 3158 3058 3213 δὲ
3102 3160 3227 3222 τοὺς
3269 3155 3606 3221 εἰσελθόντας
3657 3158 3741 3221 εἰς

460 3255 613 3309 enim
644 3263 774 3309 sunt
799 3252 1018 3320 vocati;
1067 3272 1087 3303 ι
1128 3262 1183 3306 at
1206 3262 1428 3322 propter
1458 3265 1552 3306 eos
1600 3250 1694 3321 qui
1728 3249 1794 3305 ad
1836 3250 2050 3320 nuptias

2153 3251 2244 3306 τὸν
2269 3253 2467 3323 γάμον,
2503 3254 2596 3305 καὶ
2648 3251 3052 3323 άνακληθὲντας
3089 3251 3207 3303 ἐκεῖ
3228 3248 3303 3312 ὡς
3345 3245 3558 3315 ὀλίγους
3606 3247 3742 3317 (26),

470 3345 722 3417 ingressi,
771 3353 826 3400 et
881 3342 1042 3415 pauci
1072 3357 1304 3398 numero
1349 3357 1472 3398 cum
1513 3349 1731 3404 essent,
1764 3338 2050 3397 discubue-

2153 3344 2212 3398 τό
2229 3362 2243 3374 ο
2281 3363 2299 3396 ι
2326 3341 2523 3412 Ὀλίγοι
2551 3341 2608 3395 δὲ
2629 3342 2895 3396 ἐκλεκτοί.
2933 3361 2953 3392 ι
2980 3342 3091 3394 Καὶ
3121 3340 3176 3394 ετ
3203 3356 3290 3403 τις
3315 3355 3378 3408 γε
3412 3330 3746 3397 κατανοήσαι

467 3444 616 3502 runt,
677 3434 807 3490 illud
843 3452 856 3486 :
908 3452 926 3485 ‹
961 3428 1127 3489 Pauci
1180 3450 1308 3488 vero
1342 3431 1522 3488 electi.
1561 3451 1580 3485 ι
1631 3431 1788 3499 Quod
1842 3433 1890 3489 si
1927 3431 2050 3502 quis

2153 3435 2218 3489 τά
2259 3431 2660 3503 πολυάνθρωπα
2704 3430 3049 3503 άθροίσματα
3091 3428 3232 3495 τῶν,
3265 3430 3352 3485 ἵνα
3378 3430 3744 3502 ἁπλούστερον

467 3544 794 3586 numerosos
846 3522 1239 3592 Ecclesiarum,
1299 3533 1359 3579 ut
1431 3523 1861 3594 simplicioribus
1926 3534 2050 3580 utar

2153 3523 2425 3596 ὀνομάσω,
2459 3519 2922 3592 Ἐκκλησιῶν,καὶ
2944 3520 3196 3586 ἐξετάσαι
3216 3518 3373 3571 πόσοι
3401 3518 3559 3590 μὲνοὶ
3577 3517 3745 3589 βιοῦν-

470 3619 668 3683 verbis,
693 3626 867 3673 coetus
908 3617 1234 3680 consideret,
1285 3623 1527 3685 quotque
1577 3614 1724 3684 piam
1753 3629 1818 3668 ac
1848 3623 2049 3670 rectam

2153 3631 2245 3679 τες
2278 3612 2699 3683 ἐπιεικέστερον,
2739 3611 2834 3664 καὶ
2874 3629 2892 3661 ι
2947 3609 3459 3681 μεταμορφούμενοι
3502 3611 3570 3680 τῇ
3613 3608 3741 3662 άναά

467 3710 634 3766 vitam
671 3712 904 3775 ducant,
944 3717 997 3762 et
1034 3725 1052 3758 ι
1096 3704 1380 3760 reformati
1412 3705 1524 3759 sint
1560 3702 1619 3758 in
1663 3702 1903 3759 novitate
1927 3719 2050 3758 sen-

2156 3705 2411 3762 καινώσει
2450 3704 2541 3758 τοῦ
2577 3704 2725 3767 νοόςο
2762 3723 2781 3755 t
2825 3703 2980 3757 πόσοι
3001 3702 3060 3756 δὲ
3083 3703 3136 3755 οἰ
3179 3701 3552 3775 ῥᾳθυμότερον
3595 3701 3743 3754 πολι-

465 3819 566 3859 sus
594 3802 677 3868 7‘;
716 3821 734 3853 ι
755 3809 999 3871 quotque
1021 3798 1260 3870 segniter
1277 3797 1481 3863 vivant,
1514 3814 1533 3846 ‹
1557 3804 1611 3850 et
1637 3793 2050 3850 conformentur

2153 3799 2452 3871 τευόμενοι,
2481 3818 2500 3850 ε
2526 3798 2620 3852 καὶ
2638 3796 3166 3869 συσχηματιζόμενοι
3189 3795 3271 3867 τῷ
3301 3795 3461 3850 αἰῶνι
3490 3796 3682 3866 τούτῳ,
3715 3814 3736 3846 t

469 3897 598 3952 huic
638 3894 861 3960 saeculo,
920 3912 940 3944 ι
974 3901 1089 3948 tum
1132 3890 1366 3945 ‘demum
1401 3888 1694 3943 utilitatem
1749 3887 2050 3957 comperiet

2154 3891 2255 3945 ἴδοι
2286 3892 2352 3946 ἂν
2372 3930 2387 3951 ,
2419 3891 2502 3943 ὅτι
2536 3888 2804 3961 χρήσιμός
2836 3890 3041 3960 ὲστινή
3072 3888 3308 3958 λέγουσα
3347 3888 3444 3943 τοῦ
3492 3888 3741 3961 Σωτῆρος

1668 3995 1899 4054 VETUS
1952 3998 2535 4057 INTERPRETATIO.

408 4108 413 4111 '
471 4110 676 4158 vestem
703 4098 770 4154 de
801 4112 910 4164 qua
930 4096 1094 4152 etiam
1132 4094 1392 4149 Salomon
1429 4093 1484 4164 in
1524 4091 1859 4164 Ecclesiaste
1891 4095 2365 4164 praecipit,dicens
2399 4112 2413 4150 :
2449 4112 2467 4145 ι
2513 4092 2570 4147 In
2622 4095 2773 4150 omni
2833 4103 3077 4164 tempore
3123 4093 3236 4148 sint
3289 4091 3625 4164 vestimenta
3647 4098 3738 4146 tua

470 4170 723 4226 candida.
767 4187 788 4220 ι
820 4160 1107 4223 Obmutuit
1146 4175 1335 4235 autem
1375 4163 1471 4233 qui
1505 4178 1698 4235 ausus
1722 4160 1905 4235 fuerat
1940 4164 1993 4217 in
2022 4160 2340 4235 ltujusmodi
2368 4165 2593 4233 nuptias
2623 4164 2856 4235 introire
2882 4160 3003 4218 sine
3039 4164 3366 4235 vestimento
3413 4160 3650 4228 decenti,
3685 4169 3738 4215 et

471 4244 553 4297 sic
579 4239 974 4295 condemnatur
995 4237 1065 4288 ab
1085 4250 1151 4289 eo
1179 4234 1272 4305 qui
1305 4230 1444 4305 dixit
1467 4233 1733 4287 ministris
1773 4232 1914 4305 suis,
1942 4230 2200 4305 videlicet
2232 4244 2430 4305 praeter
2451 4230 2758 4305 exercitum
2804 4232 2959 4305 illum
2978 4230 3088 4305 _qui
3136 4240 3255 4287 erat
3299 4232 3591 4285 desursum
3611 4270 3629 4297 ,
3664 4238 3739 4305 _t_tt

472 4312 755 4381 alligantes
788 4320 919 4381 eum
929 4320 1142 4381 manus
1168 4299 1221 4359 et
1249 4304 1647 4381 pedesquibus
1686 4317 1794 4356 non
1827 4303 1987 4381 βίου-ι
2011 4299 2277 4381 debuerat
2312 4320 2445 4361 usus
2471 4314 2557 4381 est
2585 4303 2719 4381 (nec
2749 4303 2896 4357 enim
2915 4303 2994 4381 ad
3010 4299 3220 4380 bonum
3241 4307 3576 4381 cucurrerat
3624 4299 3733 4381 ali-

471 4368 711 4450 quavndo,
746 4392 848 4432 nec
873 4376 1088 4450 aliquos
1112 4368 1288 4428 bonos
1313 4368 1806 4450 impleveratactus
1826 4371 1870 4444 ),
1906 4372 2145 4450 _ejiciant
2169 4390 2295 4450 eum
2328 4391 2444 4450 non
2474 4368 2651 4430 solum
2680 4373 2747 4428 de
2769 4374 3021 4450 convivio
3050 4369 3314 4450 nuptiali,
3342 4369 3437 4450 sed
3480 4374 3643 4450 etiam
3680 4368 3739 4450 in

473 4440 726 4506 tenebras
756 4440 1075 4506 exteriores,
1110 4452 1164 4498 et
1194 4443 1343 4497 omni
1368 4440 1572 4496 lumine
1598 4443 1806 4497 alienas
1826 4440 2083 4511 'mittant,
2116 4454 2175 4498 ut
2206 4446 2400 4500 sitiens
2431 4445 2615 4498 lumen
2671 4458 2797 4499 cum
2843 4442 3011 4497 fuerit
3047 4442 3101 4495 in
3149 4440 3389 4511 tenebris
3443 4445 3735 4498 exteriori-

472 4522 593 4584 bus,
622 4520 798 4584 ploret
827 4517 894 4571 ad
928 4530 1050 4569 eum
1088 4513 1182 4583 qui
1217 4522 1410 4584 potens
1437 4520 1523 4567 est
1556 4513 1604 4566 ei
1629 4513 1910 4584 misereri,
1929 4522 1984 4567 et
2007 4510 2223 4584 eripere
2247 4515 2394 4579 inde,
2424 4525 2479 4569 et
2520 4513 2777 4568 dentibus
2802 4513 3052 4584 strideat.
3102 4510 3197 4584 qui
3244 4513 3503 4584 quoniam
3536 4516 3731 4584 acerba

474 4581 958 4648 litanducaveranl,
990 4581 1195 4637 malitia
1216 4581 1422 4651 stupidi
1452 4590 1607 4654 erant
1638 4581 1833 4654 eifecti.
1870 4581 1982 4638 Uva
2016 4581 2167 4639 enim
2219 4584 2419 4640 acerba
2452 4584 2782 4654 intelligitur
2837 4582 3051 4654 malitia
3084 4582 3208 4652 ejus
3227 4581 3334 4654 qui
3386 4600 3492 4638 non
3539 4583 3733 4654 oblivi-

473 4660 648 4715 scitur
670 4658 996 4730 posteriora,
1034 4668 1134 4708 nee
1159 4655 1362 4722 appetit
1385 4653 1591 4721 priora,
1619 4653 1713 4706 sed
1749 4664 2033 4722 permanet
2058 4655 2114 4709 in
2144 4656 2197 4710 id
2234 4656 2450 4724 ipsum,
2496 4670 2621 4709 cum
2637 4650 2886 4709 'deberet
2928 4652 2996 4708 ad
3037 4650 3416 4709 maturitatem
3470 4650 3732 4724 proiicere

537 4754 583 4786 τι
613 4750 793 4809 Eccle.
822 4750 967 4815 tx,8.
1046 4749 1091 4779 "
1115 4746 1226 4803 Jer.
1252 4763 1402 4814 χχχι,
1438 4747 1527 4802 50.
1602 4748 1647 4779 ⁷³
1682 4746 1873 4803 Matth.
1909 4764 2043 4815 χιιι,

2153 4790 2159 4803 .
2235 4749 2285 4782 τι
2315 4749 2476 4804 Rom.
2509 4765 2607 4815 χιι,
2637 4749 2692 4805 2.

538 4864 822 4939 (2})
853 4864 921 4918 δὲ
945 4861 1069 4939 οἶδε
1095 4863 1203 4918 τὸν
1220 4866 1331 4939 οὐκ
1358 4863 1896 4934 ὲνδεδυμένον,οιο.
1921 4864 2041 4939 C_o_|.

2153 4870 2275 4939 egit,
2306 4868 2362 4921 lii
2385 4867 2495 4922 sint
2530 4865 3112 4939 exercitus__ctelcstes,
3153 4876 3343 4922 nostra
3365 4865 3733 4936 interpretatio

479 4934 746 5006 nt,9,'50.
780 4934 1172 5006 Tertullianus,
1212 4935 1285 4988 De
1313 4947 1589 5006 resurrect.
1626 4950 1772 5006 cum:
1808 4935 2043 5006 cap._27;
2148 4934 2436 5006 uiramque
2460 4935 2890 5006 comprehendit.
2920 4938 2998 4989 lo.

474 5005 818 5078 Ambrosius,
838 5006 929 5078 lib.
959 5021 1010 5059 tx
1052 5003 1254 5078 in_Luc_.
1275 5023 1289 5071 ;
1316 5004 1712 5078 Hieronymus;
1731 5003 2047 5078 Gregorius,

2222 5003 2517 5078 (25)i"1ra,
2564 5005 2863 5078 δήσαντες
2896 5004 3098 5078 ρύτρν
3127 5005 3321 5078 πόδας
3367 5005 3465 5059 καί
3509 5004 3733 5076 χεῖρας,

477 5074 768 5147 “Oﬁlile
797 5078 853 5147 il!
882 5073 1161 5147 EV3_|_|gel-;
1184 5072 1796 5147 Cht'y'soslottigs,_0pu_s
1812 5072 2049 5144 imperi”
2150 5072 2257 5133 etc.
2277 5072 2563 5147 Origenes,
2575 5078 2723 5130 hom.
2743 5075 2871 5147 10in
2888 5073 3122 5147 Emme.
3141 5093 3222 5132 ιτς
3235 5075 3425 5131 Manus
3439 5072 3521 5131 est
3534 5072 3735 5130 animae

478 5147 626 5217 boni.
649 5144 721 5217 ῥ’]
747 5154 801 5217 et
827 5145 927 5217 4L;
977 5144 1161 5197 Brevis
1192 5143 1462 5199 enarratio
1482 5185 1498 5211 ,
1530 5143 1877 5214 Eutbytnius,
1926 5143 2050 5215 cap.

2153 5149 2350 5204 virtus.
2379 5143 2508 5217 quia
2543 5155 2723 5200 tenere
2758 5146 2963 5217 aliquid
3007 5153 3062 5200 et
3084 5148 3473 5217 constringere
3505 5155 3680 5215 potest
3709 5161 3729 5209 ;

474 5216 536 5271 ει
556 5214 626 5285 in
647 5213 840 5269 Matth.
876 5213 1137 5269 Hunnus.
1298 5283 1307 5285 _
1638 5282 1649 5285 _
1682 5213 1720 5285 ’_
1898 5284 1908 5285 ί
1998 5213 2011 5215 ⁷
2157 5218 2307 5272 velut
2335 5217 2382 5272 si
2400 5213 2663 5285 dicamus
2679 5223 2834 5270 actus
2854 5213 2979 5285 ejus
3005 5223 3060 5285 e_t
3077 5213 3381 5282 fortitudo}
3405 5227 3459 5269 et
3490 5213 3586 5285 pes
3620 5229 3731 5283 quo

566 5284 658 5355 23)
684 5287 998 5339 Ἔστωσαν
1004 5284 1085 5355 τά
1097 5283 1312 5355 [adyti
1328 5300 1450 5353 μου
1461 5282 1671 5355 λευκά.
1695 5281 2007 5355 Legendum
2028 5299 2040 5333 :

2156 5286 2358 5355 incedit
2391 5280 2624 5355 adibona
2649 5286 2731 5339 vel
2762 5280 2924 5355 gnata.
2964 5302 2987 5335 ι
3029 5283 3174 5339 idem
3220 5280 3506 5355 reperias;
3526 5280 3675 5340 hom.
3698 5286 3733 5336 ὅ

474 5351 667 5426 ἱμάτιά
710 5371 825 5410 σου.
877 5356 953 5409 Ita
999 5351 1200 5426 LXXL
1223 5351 1429 5426 Eccles.
1475 5370 1551 5421 ix,
1585 5353 1649 5426 8__.
1676 5362 1730 5408 et
1776 5351 2002 5426 vulgata
2031 5371 2046 5408 :
2163 5355 2221 5408 in
2252 5354 2416 5426 Legit.
2438 5354 2571 5426 Vide
2600 5357 2726 5426 item
2761 5352 3176 5426 Hieronymum,
3204 5351 3549 5426 Gregorium,
3580 5355 3729 5426 hom.

480 5418 854 5504 g:vestitnenta
879 5434 1014 5504 _ttta.
1073 5443 1093 5477 ι
1157 5424 1319 5504 Hebr.
1376 5418 1560 5504 T113}
1604 5418 1767 5504 Vetus
1820 5418 2049 5493 interpr.
2150 5426 2295 5504 _58ir_t
2319 5418 3117 5504 Evangel.,n’i‘lteopbylactum,
3146 5418 3523 5495 Eutby'mium,
3553 5422 3734 5494 cap.5

475 5494 722 5559 Origenis
750 5496 853 5550 hoc
879 5495 1018 5559 loco,
1057 5513 1075 5546 ι
1109 5492 1427 5549 vestimenta
1461 5504 1573 5549 tua.
1617 5512 1635 5546 ι
1678 5493 1754 5547 In.
1966 5492 1977 5493 ί
2152 5497 2207 5550 in
2238 5492 2571 5559 Mattbtetim,
2599 5492 2870 5548 Glossam.
2911 5495 2987 5546 lo.

604 5511 722 5549 etus
750 5511 853 5550 noc
880 5511 1018 5559 loco,
1057 5513 1075 5546 ι
1109 5511 1427 5549 vesumenta
1461 5511 1573 5549 tua.
1617 5512 1635 5546 ι
1678 5511 1754 5547 ιι).
2152 5512 2207 5550 tn
2238 5511 2571 5559 mattnteum,
2599 5511 2870 5548 mossant.
2911 5511 2987 5546 ιι).

549 5511 660 5635 δι)
696 5566 929 5636 Ἄλλως
961 5564 1120 5632 παρὰ
1151 5564 1224 5618 τὰ
1260 5564 1383 5617 ἅνω
1427 5565 1856 5636 στρατεύματα.
1900 5561 2055 5636 verti
2194 5564 2339 5636 (26)
2378 5561 2850 5636 'AmganOértac
2875 5563 3005 5617 ἐκεῖ
3025 5561 3107 5629 ὡς
3133 5563 3400 5636 ἀλέτους.
3434 5561 3582 5636 Ιρθδο
3607 5563 3738 5619 ἀνα·-

476 5630 650 5706 etiam
668 5635 742 5687 ita
770 5635 884 5689 haec
905 5630 1197 5706 poterant;
1237 5652 1256 5684 ι
1298 5635 1419 5706 aliis
1441 5630 1510 5688 ab
1525 5630 1856 5706 exercitibus
1886 5632 2050 5687 coale-

2156 5630 2460 5699 κλιθέντας.
2493 5634 2673 5692 Codex
2707 5630 2910 5706 Regius
2935 5634 3197 5705 expungit
3221 5630 3303 5702 τὸ,
3333 5633 3429 5698 ὡς.
3457 5630 3534 5690 ly.

478 5703 687 5772 stibus;
724 5721 744 5754 ι
780 5717 834 5757 at
855 5702 980 5759 etim
1004 5703 1275 5767 exercitus
1299 5704 1551 5760 caelestes
1578 5703 1644 5759 de
1672 5702 1874 5772 quibus
1895 5717 2059 5772 supra
