4074 6300
465 355 489 409 ί
499 356 606 410 559

1937 344 2213 407 ORIGENl
2223 346 2265 402 S:

3599 352 3757 412 {560

465 456 745 540 Serv-ator,
769 483 993 529 ostenso
1019 467 1123 526 sibi
1149 471 1502 535 numismate,
1538 471 1754 540 ipsique
1781 471 2036 540 impressa

2153 471 2364 541 Σωτὴρ,
2390 468 2794 541 ἐπιδειχθέντος
2812 467 2907 523 τοῦ
2922 470 3259 542 νομίσματος
3275 472 3372 526 καὶ
3389 473 3489 544 τῆς
3513 477 3572 528 ὲν
3593 479 3760 552 αύτῷ

461 567 722 636 imagine,
758 567 865 620 ait:
903 583 921 615 ι
958 562 1184 616 Reddite
1203 577 1325 632 qua:
1357 574 1485 617 sunt
1517 562 1775 627 Caesaris,
1797 563 2037 627 Caesari;

465 665 519 708 et
544 674 665 726 quae
695 665 822 711 sunt
879 654 994 718 Dei,
1030 653 1160 708 Deo.
1206 673 1226 706 ι
1258 653 1434 722 Atque
1501 654 1615 708 haec
1661 655 1881 725 quidem
1938 655 2043 709 hoc

461 747 582 800 loco
608 745 1039 806 consideremus,
1064 743 1192 812 quia
1219 742 1388 814 809
1419 744 1464 799 si
1489 745 1707 813 quando
1735 745 1804 799 ab
1839 746 1906 800 iis
1926 755 2043 801 ten-

460 838 554 889 tati
579 835 671 905 qui
709 835 1030 890 occasiones
1068 844 1339 904 qurerunt,
1379 843 1433 889 et
1478 835 1809 904 quaestiones
1845 852 2044 906 propo-

457 935 784 990 nunt,.non
833 927 1077 982 discendi
1127 942 1317 992 causa,
1349 926 1442 981 sed
1494 937 1555 979 ut
1599 942 1700 982 nos
1750 944 1849 997 pro
1898 929 2039 982 virili

355 1008 358 1010 ’
456 1027 798 1088 coarguant,
857 1034 1144 1074 sermones
1207 1019 1366 1073 nobis
1418 1019 1693 1074 tentandis
1735 1020 2041 1090 propositos

456 1109 766 1176 audiamus,
795 1126 902 1164 non
937 1112 1154 1180 penitus
1195 1113 1596 1175 obmutescere,
1652 1127 1828 1180 neque
1876 1112 2040 1166 etiam

456 1210 682 1267 temere,
715 1203 809 1257 sed
845 1213 1003 1258 caute
1038 1211 1092 1259 et
1135 1204 1478 1259 considerate
1513 1203 1844 1272 respondere
1879 1202 2044 1258 debe-

455 1307 602 1354 mus,
634 1301 695 1346 ut
725 1308 945 1347 omnem
1005 1293 1089 1349 his
1123 1310 1316 1348 ansam
1363 1293 1722 1363 prtecidamus
1755 1291 1848 1361 qui
1889 1306 2050 1346 occa-

455 1382 640 1436 siones
665 1393 941 1452 quaerunt,
967 1393 1022 1439 et
1066 1401 1188 1454 qua:
1216 1385 1282 1438 ad
1324 1385 1556 1438 salutem
1607 1381 1898 1438 conferunt
1945 1396 2041 1437 eos

454 1469 728 1538 inculpate
751 1473 1068 1536 doceamus,
1095 1475 1187 1542 qni
1215 1474 1336 1526 ideo
1367 1474 1598 1526 audiunt
1620 1481 1680 1526 ut
1705 1473 1932 1528 salutem
1967 1473 2044 1525 in-

453 1564 816 1634 dipiscantur.
851 1566 1113 1620 Pharisaei
1150 1583 1312 1635 porro
1335 1567 1596 1620 docendis
1630 1568 1800 1622 variis
1826 1566 2041 1621 Judreo-

456 1671 579 1710 rum
617 1656 1000 1711 traditionibus
1024 1657 1227 1711 assumi
1251 1665 1518 1724 possunt;
1545 1655 1836 1711 Herodiani
1859 1667 2038 1712 autem

455 1749 578 1818 ejus
605 1749 752 1802 verbi
806 1765 995 1810 causa,
1046 1748 1192 1818 quod
1239 1749 1382 1802 inter
1427 1763 1523 1802 eos
1575 1748 1668 1817 qui
1721 1749 2038 1818 simpliciori

459 1840 620 1894 modo
637 1840 977 1908 appellantur
995 1838 1186 1900 Judaei,
1213 1839 1414 1911 regiam
1445 1841 1693 1895 obtinere
1720 1850 2038 1910 potestatem

459 1951 490 1984 ιι
521 1931 706 2010 multis
750 1932 1112 1986 existimatur.
1159 1929 1429 2002 Utrinque
1478 1947 1606 1987 vero
1645 1931 2040 2002 Sospitatorem

459 2024 526 2079 de
553 2041 720 2080 censu
761 2024 1130 2094 interrogant;
1164 2023 1211 2078 is
1243 2033 1423 2078 autem
1455 2024 1612 2092 ipsis,
1638 2025 1712 2078 ita
1746 2033 1858 2078 uta
1883 2024 2042 2080 nobis

457 2133 625 2187 supra
647 2118 853 2172 dictum
887 2128 990 2184 est,
1021 2117 1351 2187 respondet:
1388 2133 1575 2170 verum
1626 2132 1751 2171 cum
1798 2117 2040 2170 discendi

453 2226 622 2263 causa
663 2209 842 2280 ipsum
901 2226 1008 2264 non
1043 2210 1398 2286 interrogent,
1446 2208 1539 2262 sed
1591 2215 1652 2262 ut
1679 2223 1804 2262 eum
1838 2208 1891 2262 in
1926 2223 2043 2262 ser-

454 2317 620 2356 mone
652 2301 946 2372 illaqueent
972 2317 1036 2355 ac
1051 2309 1279 2365 tentent,
1305 2310 1586 2370 propterea
1619 2310 1836 2368 accepta
1869 2300 2042 2368 ipsius

456 2409 621 2462 super
657 2410 754 2448 sua
780 2393 1084 2464 quastione
1111 2393 1400 2456 sententia,
1429 2393 1748 2461 nullamque
1764 2391 1865 2446 sibi
1903 2408 2043 2461 prae-

457 2483 624 2538 bilam
676 2485 804 2539 huic
846 2482 1141 2539 insidiandi
1196 2482 1543 2537 occasionem
1603 2481 1876 2543 demirati,
1931 2497 2038 2535 non

456 2574 600 2644 apud
633 2589 757 2627 eum
789 2572 1036 2643 quidem,
1074 2570 1533 2640 quemadmodum
1578 2571 1852 2639 discipuli,
1887 2586 2042 2624 man-

456 2671 680 2728 serunt;
721 2678 898 2732 neque
925 2662 1244 2731 simpliciter
1264 2661 1534 2726 abierunt,
1561 2670 1622 2714 ut
1653 2662 1720 2715 de
1755 2661 1879 2715 aliis
1904 2661 2041 2715 scri-

455 2761 610 2820 ptum
642 2761 745 2815 est,
779 2752 873 2806 sed
910 2769 928 2802 ι
979 2751 1170 2806 relicto
1217 2766 1284 2806 eo
1327 2749 1580 2806 abierunt
1604 2749 1692 2819 “;
1743 2769 1761 2803 ι
1797 2767 1860 2806 ac
1893 2751 2040 2819 ejus-

459 2842 603 2895 modi
627 2843 845 2912 quidem
880 2851 1028 2906 sunt,
1054 2843 1148 2912 qui
1175 2842 1364 2897 relicto
1388 2841 1588 2905 Verbo,
1626 2850 1680 2896 et
1713 2841 1815 2895 ﬁde
1839 2841 1887 2896 ei
1927 2856 2035 2895 non

458 2935 663 2994 habita,
691 2945 973 3005 postquam
999 2935 1289 2990 audierunt
1313 2933 1466 2997 illud,
1505 2933 1782 2988 recedunt.
1814 2932 1878 2986 Et
1912 2949 2038 2989 vero

455 3029 523 3078 de
560 3027 624 3080 iis
672 3029 764 3098 qui
812 3037 1100 3097 postquam
1129 3027 1452 3089 audierunt,
1492 3025 1560 3079 ab
1613 3026 1730 3095 ipsa
1759 3025 2039 3081 auditione

455 3117 737 3182 deﬁciunt,
773 3135 880 3171 non
913 3117 1248 3171 aberraverit
1278 3115 1526 3185 profecto
1565 3116 1656 3185 qui
1698 3116 1897 3170 dixerit
1941 3133 2036 3171 cos

460 3209 649 3262 relicto
673 3207 800 3262 Jesu
827 3209 1059 3275 abiisse;
1090 3223 1190 3262 nos
1241 3216 1422 3260 autem
1459 3207 1588 3261 illud
1631 3223 1848 3276 sponsa:
1879 3225 2029 3264 usur-

457 3299 708 3370 pahimus
741 3316 754 3352 :
787 3320 805 3350 ι
837 3298 1009 3354 Tenui
1037 3315 1186 3365 eum,
1211 3314 1313 3355 nec
1344 3299 1525 3354 dimisi
1556 3310 1680 3354 eum
1712 3301 1778 3355 ⁸⁸.
1823 3319 1841 3351 ι

459 3478 535 3533 lle
571 3475 899 3538 Sadducwis,
923 3481 1011 3548 qui
1037 3477 1220 3562 Iesum
1252 3481 1707 3562 interrogaverunt
1731 3481 1795 3536 de
1816 3483 2034 3537 muliere

843 3565 960 3618 quw
998 3561 1193 3618 septem
1218 3561 1345 3604 vtrts
1373 3561 1640 3618 nupserat.

525 3637 617 3693 29.
655 3657 675 3690 ο
710 3637 763 3693 In
811 3640 906 3694 illo
944 3640 1031 3694 die
1065 3653 1416 3698 accesserunt
1455 3644 1523 3698 ad
1566 3660 1691 3699 eum
1725 3644 2032 3711 Sadduczei,

455 3728 548 3798 qui
577 3728 768 3783 dicunt
793 3744 900 3783 non
925 3744 1048 3786 esse
1078 3732 1530 3788 resurrectionem
1561 3733 1628 3799 ⁸⁸,
1663 3752 1682 3784 ι
1710 3741 1764 3788 et
1800 3734 2030 3804 reliqua,

2146 561 2370 625 εἰκόνος,
2393 561 2556 633 φησιν
2578 578 2590 590 ·
2635 581 2654 612 ‹
2695 560 2949 614 Ἀπόδοτε
2975 561 3043 614 τὰ
3069 562 3346 635 Καίσαρος
3361 563 3439 634 τῷ
3473 564 3754 632 Καίσαρι,

2146 652 2239 704 καὶ
2263 651 2331 705 τά
2353 652 2446 705 τοῦ
2467 653 2602 706 Θεοῦ
2619 651 2696 723 τῷ
2715 652 2853 723 Θεῷ.
2883 673 2900 704 ι
2926 654 3034 706 Καὶ
3054 653 3210 706 τοῦτο
3228 655 3284 708 δὲ
3306 656 3449 708 κατά
3462 656 3554 709 τὸν
3573 658 3752 710 τόπον

2146 745 2532 816 σκοπήσωμεν,
2574 747 2676 811 ὅτι,
2725 747 2825 800 ὲάν
2876 763 3026 810 ποτε,
3074 746 3458 819 πειραζόμενοι
3497 749 3603 802 ὑπὸ
3629 750 3750 802 τῶν

2145 830 2448 901 ζητούντων
2487 834 2760 905 ἀφορμὰς,
2807 835 3197 906 προτεινόντων
3230 837 3614 909 προϐλήματα,
3639 840 3748 911 ούγ

2145 926 2230 978 ἵνα
2263 925 2528 996 μάθωσιν,
2565 927 2680 980 ἀλλ’
2711 927 2799 981 ἵνα.
2821 928 2919 999 ὅση
2954 927 3184 998 δύναμις
3225 929 3383 1000 ήμῶν
3423 934 3728 1003 κατηγορὴο

2147 1033 2332 1080 σωσιν,
2372 1017 2662 1089 ἀκούωμεν
2709 1019 2902 1087 λόγους
2945 1021 3335 1090 πειραστικοὺς
3394 1020 3566 1092 ἡμῶν,
3615 1022 3741 1075 οὔτε

2145 1108 2320 1180 πάντη
2354 1111 2564 1180 σιωπᾷν
2605 1110 2914 1180 ὀφείλομεν,
2955 1110 3081 1163 οὔτε
3109 1111 3183 1174 ὼς
3213 1111 3401 1182 ἔτυχεν
3441 1113 3745 1184 ἀποκρίνα-

2147 1199 2291 1266 σθαι,
2327 1200 2462 1254 ἀλλά
2510 1202 2996 1272 περιεσκεμμένως
3023 1204 3118 1255 καὶ
3158 1203 3294 1272 μετά
3333 1205 3735 1274 περισκέψεως,

2144 1291 2226 1354 εἰς
2255 1290 2317 1343 τὸ
2344 1291 2444 1362 ὅση
2472 1291 2700 1362 δύναμις
2740 1291 2971 1362 ἐκκόψαι
2999 1290 3099 1356 τὰς
3127 1293 3382 1366 ἀφορμὰς
3412 1295 3522 1347 τῶν
3556 1295 3741 1349 θελόνο

2142 1402 2251 1436 των
2283 1385 2561 1455 ἀφορμὰς,
2615 1385 2708 1438 καὶ
2750 1385 3024 1439 διδάσκειν
3077 1387 3456 1460 ἀνεπιλήπτως
3506 1388 3574 1442 τὰ
3624 1389 3735 1442 σώ-

2147 1474 2308 1539 ζοντα
2343 1477 2469 1537 τοὺς
2503 1475 2860 1545 βουλομένους
2885 1478 2942 1530 ὲν
2968 1477 3044 1548 τῷ
3067 1478 3286 1531 ἀκούειν
3322 1477 3609 1543 σώζεσθαι.
3632 1480 3737 1533 Δύ-

2143 1584 2336 1620 νανται
2360 1567 2416 1620 δὲ
2449 1569 2497 1619 οἱ
2533 1569 2632 1638 μὲν
2660 1571 2944 1638 Φαρισαῖοι
2971 1570 3341 1639 λαμϐάνεσθαι
3367 1573 3446 1634 εἰς
3471 1571 3578 1642 (40)
3605 1573 3738 1636 τοὺς

2143 1658 2501 1723 διδασκάλους
2534 1659 2642 1712 τῶν
2687 1659 2961 1731 διαφόρων
3008 1661 3312 1716 Ἰουδαϊκῶν
3359 1663 3735 1732 παραδόσεων

2145 1752 2193 1803 οἱ
2223 1751 2280 1803 δὲ
2323 1751 2642 1821 Ἡρωδιανοὶ
2678 1753 2758 1814 εἰς
2789 1751 2879 1804 τὸν
2913 1751 3264 1823 νομιζόμενον
3295 1753 3447 1825 παρὰ
3469 1756 3581 1817 τοῖς
3604 1754 3739 1807 πολ-⁹

2143 1843 2252 1909 λοῖς
2283 1844 2557 1914 βασιλικὸν
2615 1844 2884 1898 Ἰουδαίων
2914 1845 3023 1898 τῶν
3055 1845 3227 1909 οὕτως
3250 1845 3618 1918 ἁπλούστερον
3648 1847 3738 1899 λε-

2143 1936 2391 2006 γομένων
2435 1936 2610 2003 λόγων
2645 1936 2780 2008 (41).
2830 1937 2946 2005 Ἀφ’
2981 1937 3259 2008 ἑκατέρων
3289 1934 3389 1992 οὖν
3438 1939 3738 1994 πυνθάνον-

2142 2045 2233 2083 ται
2287 2028 2382 2082 τοῦ
2435 2029 2688 2101 Σωτῆρος
2734 2029 2803 2082 τά
2851 2030 2982 2100 περὶ
3013 2029 3107 2082 τοῦ
3138 2031 3364 2100 κήνσου⁸
3399 2033 3427 2084 ό
3460 2031 3518 2084 δὲ
3549 2033 3737 2094 αὐτοῖς

2142 2120 2518 2191 ἀποκρίνεται,
2563 2119 2640 2182 ὼς
2686 2117 3125 2189 ἀποδεδώκαμεν·
3163 2118 3305 2189 πλὴν
3356 2119 3478 2171 ἐπεὶ
3515 2119 3576 2170 οὐ
3625 2135 3733 2189 μα-

2143 2211 2255 2265 θεῖν
2292 2210 2571 2280 βούλονται
2599 2213 2664 2263 ὲκ
2700 2208 2795 2263 τοῦ
2827 2210 3037 2279 ἐρωτᾷν
3079 2208 3260 2272 αὑτὸν,
3295 2209 3432 2262 ἀλλά
3468 2209 3730 2278 παγιδεῦ-

2144 2322 2233 2357 σαι
2259 2304 2316 2356 ὲν
2334 2302 2498 2372 λόγῳ,
2521 2303 2614 2354 καὶ
2641 2301 2923 2373 πειράζειν
2951 2299 3131 2362 αὑτὸν,
3159 2299 3245 2353 διὰ
3275 2298 3434 2353 τοῦτο
3460 2300 3730 2354 ἀκούσαν-

2141 2409 2232 2456 τες
2259 2392 2326 2445 τὰ
2346 2391 2604 2445 δοκοῦντα
2628 2390 2776 2462 αύτῷ
2801 2391 2937 2461 πρὸς
2957 2389 3019 2444 τὸ
3043 2391 3234 2461 πύσμα
3258 2390 3446 2455 αὑτοῦ,
3472 2393 3566 2447 καὶ
3597 2391 3728 2445 θαυ-

2145 2483 2437 2553 μάσαντες,
2472 2483 2555 2534 ὅτι
2597 2481 2671 2552 μὴ
2711 2481 2910 2534 ἔ-δωκεν
2950 2482 3132 2544 αὐτοῖς
3170 2481 3427 2552 ἀφορμὰς
3459 2480 3554 2534 τοῦ
3581 2479 3732 2552 αὑτῷ

2143 2570 2532 2636 ἐπιϐουλεύειν,
2564 2573 2664 2625 οὐκ
2696 2571 2916 2642 ἔμειναν
2945 2571 3044 2642 μὲν
3066 2573 3194 2641 παρ’
3228 2569 3400 2640 αὐτῷ,
3433 2571 3511 2634 ὼς
3541 2572 3591 2622 οἱ
3626 2588 3731 2641 μα·-

2143 2657 2319 2730 θηταίο
2354 2658 2474 2712 οὐδὲ
2507 2659 2696 2722 ἀπλῶς
2725 2658 2986 2728 ἀπῆλθον,
3028 2659 3104 2722 ὡς
3138 2659 3266 2729 περὶ
3299 2659 3474 2714 ἄλλων
3526 2659 3730 2730 γέγραα

2143 2768 2293 2812 πται,
2337 2771 2354 2800 ι
2392 2751 2621 2820 ἀφέντες
2658 2770 2676 2801 ι
2723 2751 2779 2803 δὲ
2815 2771 2832 2800 ‹
2875 2750 3036 2804 αὑτὸν
3082 2751 3343 2822 ἀπῆλθον·
3382 2770 3400 2802 ι
3438 2751 3532 2804 καὶ
3562 2751 3731 2804 τοιοῦσ

2140 2841 2222 2894 τοί
2245 2842 2308 2910 γέ
2342 2844 2480 2895 εἰσιν
2515 2844 2564 2894 οἱ
2600 2842 2852 2910 ἀφιέντες
2893 2842 2983 2893 τὸν
3011 2842 3203 2909 Λόγον,
3249 2843 3345 2895 καὶ
3375 2841 3730 2908 ἀπιστοῦντες

2141 2934 2307 3005 αὐτῷ,
2334 2934 2428 2987 καὶ
2465 2935 2718 2997 ἀπιόντες
2747 2934 2840 2987 ἀπ’
2871 2933 3035 2986 αὐτοῦ
3083 2935 3221 3003 μετά
3259 2935 3319 2987 τὸ
3351 2933 3575 2987 ἀκοῦσαι
3619 2934 3720 2986 αύ-

2139 3027 2252 3080 τοῦ.
2309 3028 2420 3081 Καὶ
2469 3028 2568 3098 οὐχ
2620 3027 2928 3099 ἁμαρτήσει
2979 3025 3152 3094 λέγων
3191 3028 3316 3098 περὶ
3358 3026 3464 3078 τῶν
3492 3023 3626 3094 μετά
3649 3023 3713 3076 τὸ

2142 3114 2370 3170 ἀκοῦσαι
2405 3116 2754 3170 ἀποστάντων
2805 3115 2896 3168 καὶ
2936 3115 3030 3167 τοῦ
3070 3113 3303 3177 ἀκούειν,
3347 3114 3427 3166 ὄτι
3457 3113 3506 3166 οἱ
3535 3111 3714 3165 τοιοῦο

2147 3225 2230 3260 τοι
2254 3207 2484 3274 ἀφέντες
2519 3207 2612 3260 τὸν
2663 3206 2869 3278 Ἰησοῦν
2901 3206 3162 3277 ἀπῆλθον’
3201 3207 3355 3277 ἡμεῖς
3397 3205 3455 3258 δὲ
3484 3203 3718 3276 ἐροῦμεν

2145 3300 2206 3353 τὸ
2229 3300 2328 3370 τῆς
2356 3299 2593 3371 νύμφης
2631 3317 2650 3350 ι
2706 3297 3014 3370 Ἐκράτησα
3042 3299 3226 3363 αὐτὸν,
3266 3298 3360 3352 καὶ¹
3404 3298 3502 3351 οὐκ
3531 3297 3719 3367 ἀφῆκα

2142 3390 2320 3443 αὐτόν.
2357 3409 2375 3441 ι

2138 3483 2274 3550 Περὶ
2319 3481 2437 3535 τῶν
2471 3481 2910 3544 Σαδδουκαίων,
2949 3481 3008 3534 οἳ
3036 3481 3435 3549 ἐπηρώτησαν
3478 3479 3583 3534 τὸν
3619 3480 3718 3547 Ἰη-

2135 3551 2292 3606 σοῦν
2306 3553 2438 3620 περὶ
2455 3551 2561 3620 τῆς
2576 3551 2859 3621 γυναικὸς
2875 3550 2983 3620 τῆς
2994 3552 3142 3606 ἑπτὰ
3153 3553 3466 3618 λαϐούσης
3474 3550 3715 3618 ἄνδρας.

2215 3663 2234 3696 ι
2283 3645 2372 3696 Ἐν
2405 3646 2594 3718 ἐκείνῃ
2633 3646 2699 3716 τῇ
2750 3643 2933 3715 ἡμέρᾳ
2965 3643 3268 3714 προσῆλθον
3303 3644 3451 3714 αὐτῷ
3491 3642 3716 3696 Σαδδου-

2137 3736 2279 3790 καῖοι
2318 3734 2567 3804 λέγοντες
2615 3736 2691 3806 μὴ
2732 3731 2871 3788 εἶναι
2913 3735 3228 3800 ἀνάστασιν,
3273 3753 3291 3788 ι
3332 3735 3426 3788 καὶ
3467 3733 3537 3788 τά
3569 3733 3714 3804 ἑξῆς,

1649 3848 1880 3905 VETUS
1914 3847 2494 3904 INTERPRETATIO.

455 3958 630 4032 modi,
657 3957 709 4011 id
737 3967 822 4032 est
842 3959 1088 4032 diversas
1111 3961 1370 4032 malitias,
1396 3969 1451 4015 et
1483 3976 1920 4032 nonpossumns
1959 3962 2112 4030 prius
2144 3962 2373 4017 reddere
2397 3962 2506 4016 Deo
2532 3976 2655 4031 quae
2695 3961 2792 4018 Dei
2824 3973 2971 4027 sunt,
3001 3963 3109 4018 nisi
3139 3964 3543 4019 reddiderimus
3566 3962 3714 4032 prin-

455 4028 561 4096 cipi
595 4043 719 4095 tntae
739 4028 999 4101 principis
1025 4040 1172 4101 sunt,
1202 4031 1252 4084 id
1287 4039 1372 4101 est
1392 4071 1407 4089 .
1442 4031 1549 4086 nisi
1581 4028 2001 4101 deposuerimus
2030 4033 2291 4086 malitiam
2318 4028 2659 4086 universam:
2684 4032 2805 4086 ideo
2840 4032 3103 4087 Dominus
3127 4043 3353 4089 ostenso
3385 4034 3489 4088 sibi
3535 4028 3714 4087 numi-

459 4107 636 4173 smate
657 4107 710 4150 et
736 4099 971 4173 imagine
994 4100 1112 4168 ejus
1143 4100 1425 4173 respondit
1459 4117 1472 4173 ς
1517 4119 1535 4152 ι
1575 4099 1801 4173 Reddite
1829 4101 2054 4173 Caesari,
2086 4117 2210 4173 quae
2236 4101 2669 4173 Ctnsarissuut;
2701 4111 2754 4173 et
2782 4101 2912 4173 Deo,
2946 4118 3069 4173 qua:
3102 4102 3195 4158 Dei
3241 4118 3388 4159 sunt.
3437 4122 3456 4154 ι
3517 4102 3583 4156 Et
3613 4103 3714 4156 hoc

457 4167 738 4240 discamus
762 4183 828 4221 ex
859 4167 979 4240 loco
1002 4167 1276 4238 praesenti,
1309 4169 1566 4237 quoniam
1599 4171 1644 4225 si
1677 4170 1898 4240 quando
1926 4167 2118 4228 tentati
2147 4171 2417 4225 fuerimus
2443 4171 2514 4224 ab
2545 4171 2626 4225 eis
2651 4172 2745 4240 qui
2773 4167 3338 4227 volunt'occasionem
3370 4213 3382 4233 ,
3413 4183 3471 4226 et
3515 4187 3712 4240 propo-

456 4238 769 4310 nuntnobis
798 4239 1062 4310 quasdam
1090 4241 1511 4309 propositiones,
1545 4255 1651 4293 non
1684 4238 1740 4294 ut
1770 4241 2006 4306 discant,
2041 4245 2136 4297 sed
2177 4251 2238 4296 ut
2275 4255 2494 4295 causam
2519 4238 2888 4296 accusationis
2924 4242 3205 4297 inveniant
3232 4251 3416 4296 contra
3449 4238 3570 4310 nos,
3611 4238 3715 4294 nec

455 4306 682 4380 omnino
712 4306 890 4380 tacere
911 4306 1329 4380 debemus—nec
1350 4310 1672 4378 simpliciter
1707 4312 2060 4379 respondere,
2092 4311 2188 4366 sed
2217 4326 2342 4365 cum
2369 4311 2631 4379 cogitatu,
2659 4321 2713 4364 et
2741 4311 3165 4380 circumspectu,
3195 4320 3253 4365 ut
3279 4306 3538 4380 quantum
3575 4324 3706 4380 pos-

457 4375 615 4449 sibile
642 4375 797 4430 nobis
824 4376 1011 4441 fuerit,
1035 4379 1395 4449 praecidamus
1423 4375 1766 4434 occasionem
1801 4375 2179 4449 quaerentium
2229 4381 2283 4434 in
2316 4375 2474 4434 nobis
2495 4375 2838 4435 occasionem
2856 4423 2870 4447 ,
2897 4389 2953 4435 et
2972 4375 3266 4436 doceamus
3297 4375 3704 4448 'irreprehe‘nsi-

459 4444 641 4500 biliter
676 4461 737 4498 ea
765 4461 886 4513 quae
918 4444 1148 4515 possunt
1169 4448 1379 4502 salvare
1403 4450 1644 4504 volentes
1677 4444 1899 4502 salvari.

527 4515 596 4568 29
621 4515 704 4568 «In
737 4516 830 4569 illo
855 4515 964 4579 die,
989 4528 1338 4571 accesserunt
1360 4518 1427 4570 ad
1461 4518 1646 4573 Jesum
1689 4518 1975 4574 Sadducaai
2029 4520 2126 4591 qui
2163 4519 2352 4574 dicunt
2403 4534 2512 4574 non
2541 4534 2664 4574 esse
2712 4520 3207 4584 resurrectionem,
3239 4530 3293 4576 et
3343 4519 3706 4588 interrogave-

561 4659 610 4691 ⁸⁸
639 4656 830 4713 Matth.
873 4675 1011 4725 χχιι,
1037 4658 1129 4712 22.
1243 4659 1288 4691 ⁸⁵
1313 4659 1472 4713 Cant.
1513 4675 1570 4712 nt
1596 4699 1611 4723 ,
1645 4661 1698 4714 4.
1775 4660 1821 4691 ⁸⁸
1858 4659 2036 4713 Matth

2142 4675 2218 4720 ιιι,
2249 4659 2322 4712 25
2345 4667 2401 4712 et
2427 4674 2544 4728 seq.

526 4771 639 4842 (40)
672 4773 963 4827 Δύνανται
1008 4771 1076 4826 δὲ
1125 4774 1179 4826 οἱ
1223 4770 1341 4840 μὲν
1390 4771 1699 4840 Φαρισαῖοι
1741 4770 2035 4842 λαμϐάνε-

2142 4769 2498 4825 assectatione
2532 4767 2795 4842 disseras
2835 4768 3045 4842 initium
3100 4765 3434 4842 Pharisaeos.
3459 4762 3708 4842 dedisse;

455 4833 749 4906 σθάιέὶς,
800 4853 905 4897 etc.
947 4833 1248 4897 Pharisaeos
1289 4842 1342 4895 in
1383 4833 1637 4897 omnibus
1687 4833 2032 4897 consensisse
2137 4856 2300 4908 quam
2331 4849 2501 4894 artem
2532 4838 2585 4891 in
2613 4839 2885 4908 aliquibus
2933 4839 3152 4898 utilem,
3196 4849 3395 4908 vanam
3421 4833 3476 4887 in
3527 4835 3709 4889 multis

456 4911 686 4973 Scribis,
707 4904 927 4967 Scribas
959 4925 1138 4967 autem
1167 4911 1550 4966 traditionibus
1571 4911 1740 4967 fuisse
1769 4911 2030 4965 addictis-
2135 4904 2192 4964 et
2224 4909 2456 4975 futiletn,
2479 4909 2570 4963 alii
2595 4904 2824 4963 subinde
2853 4909 3162 4970 excoluere,
3207 4915 3261 4961 et
3301 4905 3354 4958 in
3385 4904 3704 4975 immensum

457 4983 628 5035 simos
650 4983 968 5036 testiﬁcatur
1001 4981 1356 5051 Epiphanius.
1391 4980 1732 5036 Traditiones
1771 4981 1890 5035 ista:
1932 4979 2029 5033 Ju-

456 5051 645 5122 daicm,
668 5065 970 5122 _qu:cmerze
991 5067 1146 5122 nugas.
1188 5060 1250 5122 et
1299 5051 1695 5122 fabukeaniles
1719 5051 1830 5122 fere
1851 5058 2026 5122 erant,

453 5118 833 5192 δευτερώσεις,
858 5129 913 5175 et
939 5118 1126 5192 earum
1165 5121 1416 5192 doctores
1441 5162 1456 5185 ,
1499 5120 1823 5192 δευτερωταί
1848 5121 2030 5192 appel-

457 5190 730 5256 labantur,
753 5191 1064 5258 cninsmodi
1081 5201 1237 5246 erant
1255 5191 1539 5256 Pharisaei,
1571 5199 1631 5245 ut
1658 5190 1749 5245 hic
1768 5190 2028 5259 Origenes

456 5261 643 5331 tradit,
660 5271 715 5315 et
743 5259 1106 5331 Hieronymus
1147 5265 1201 5315 in
1243 5261 1469 5331 epistola
1503 5261 1571 5314 ad
1628 5261 1924 5331 Algasiam,
1948 5269 2030 5331 get

457 5331 511 5402 in
543 5329 732 5402 Matth.
759 5347 897 5402 χχιι,
930 5328 1143 5384 Talium
1185 5328 1558 5402 δευτερίῦσεων
1595 5328 1902 5402 οξοὴιριυῐη
1946 5328 2030 5402 in-

457 5401 610 5466 signe
641 5401 828 5461 habes,
862 5401 930 5455 de
961 5417 1221 5455 manuum
1258 5399 1547 5465 lavatione,
1597 5399 1788 5455 Matth.
1836 5416 1932 5463 xv,
1973 5399 2025 5465 1,

454 5470 508 5523 2.
538 5471 581 5522 Α
617 5471 930 5525 doctoribus
966 5473 1315 5526 tradebantur
1351 5473 1534 5540 pueris
1565 5486 1672 5524 una
1719 5485 1841 5524 cum
1880 5469 2027 5524 Scri-

457 5551 635 5606 ptura,
665 5550 822 5609 atque
848 5557 1034 5596 earum
1087 5541 1453 5596 observationi
1489 5540 1824 5609 deditumise
1859 5540 2026 5593 fuisse

458 5608 749 5675 proﬁtetur
777 5611 998 5674 Paulus,
1023 5610 1140 5664 Gal.
1169 5627 1208 5674 ι,
1246 5611 1333 5664 14.
1368 5609 1445 5664 Ex
1479 5611 1548 5664 iis
1573 5620 1706 5664 orta:
1737 5608 1948 5663 Masora
1980 5615 2036 5661 et

457 5678 699 5750 t.‘abala_:
726 5682 1020 5736 verisimile
1047 5683 1190 5735 enim
1208 5690 1292 5735 est
1318 5681 1626 5750 hujusmodi
1655 5679 2028 5750 traditionutn,

463 5754 583 5805 qua:
623 5745 768 5801 circa
803 5751 937 5818 legis
973 5752 1206 5806 litteram
1255 5745 1597 5819 potissimum
1648 5749 2027 5811 vcrsabantur,

2138 4995 2357 5034 auxere.
2383 4974 2769 5045 Δεύτερώσεων
2800 4979 3018 5044 quidem
3053 4978 3258 5045 primos
3303 4974 3711 5045 auctoreslarit

2137 5032 2868 5135 Ηίοιξοιιχιιιμεοῐὶ.-ὃειιιιιιιξιὶ
2911 5055 2964 5100 et
3007 5032 3073 5099 ΒΣ
3127 5045 3336 5135 Hillel,“

2136 5121 2293 5173 annis
2317 5119 2518 5172 Christi
2541 5129 2718 5171 ortum
2750 5131 3078 5185 praecessere
3103 5135 3116 5169 :
3150 5129 3337 5169 earum
3363 5119 3706 5185 postmodum

2207 5189 2494 5243 trocinium
2529 5181 2767 5254 suscepit
2789 5185 2853 5239 Β.
2883 5185 3074 5250 Akiba,
3122 5186 3325 5253 aliique
3351 5182 3565 5254 deinde
3598 5181 3702 5254 Heg

2176 5274 2405 5313 raeorum
2455 5249 2740 5327 magistri;
2776 5271 2804 5308 a
2844 5249 3067 5327 quibus
3109 5249 3328 5309 demum
3386 5251 3438 5304 in
3477 5249 3705 5307 Talmud

2135 5329 2319 5382 relata:
2338 5339 2390 5382 et
2411 5324 2635 5382 digestae
2667 5334 2813 5379 sunt.
2844 5324 3103 5380 lium-Ius.

2203 5398 2314 5476 (41)
2355 5401 2417 5476 O_l
2550 5394 2881 5476 Ἡρωδιανοζ
2905 5394 3522 5476 εἰστὸν-νομιζόμενον
3552 5391 3707 5476 {apd

2131 5464 2255 5532 τοῖς
2294 5464 2546 5531 πολλοῖς
2598 5465 2930 5528 ,βασιλικὸν
2996 5464 3293 5520 Ἰουδαίων
3333 5464 3468 5521 ἡτῶν
3521 5466 3708 5530 οὕτως

2131 5537 2575 5623 εξπτλοιξιζτεροτς·⁸
2585 5534 2944 5623 δεξομένων
3265 5533 3342 5623 Ita
3385 5532 3706 5623 habebat

2136 5606 2200 5660 ll.
2229 5623 2244 5670 ;
2271 5615 2323 5660 at
2345 5605 2411 5660 Β.
2436 5601 2636 5659 ’νοοοιη
2683 5601 3262 5676 Ἰουδαίωνεχβιηιεὶῑ,
3297 5621 3462 5676 quam
3500 5621 3598 5676 nos
3631 5619 3710 5676 reo

2133 5677 2432 5798 tinendaml,
2488 5686 2543 5730 et
2597 5689 2694 5742 pro
2724 5672 2917 5742 λόγων,
2955 5672 3239 5744 legendum
3297 5672 3708 5745 λόγον,ιδιὶειίο

2133 5761 2364 5798 mamus.
2419 5762 2471 5798 ι).

2133 5761 2364 5800 mantus.
2399 5761 2471 5800 ID.
