4074 6300
500 356 635 412 ιωι
1978 342 2081 399 ORl

2186 339 2306 397 ἱΝὶΒ
3642 332 3670 387 1
3682 333 3791 387 5ῖ9

498 476 716 532 sunt’:
749 494 769 526 ι
801 469 1035 541 Angelos
1060 467 1484 538 judicabimns,:
1546 478 1760 520 necnon
1806 477 1873 517 ex
1903 462 2033 516 ιιιοι
2066 481 2081 515 :

2186 459 2274 513 διὰ
2301 458 2382 511 τό·
2427 476 2445 506 ι
2487 454 2778 525 Ἀγγὲλους
2802 470 2863 508 τε
2900 453 3027 517 τοὺς
3058 451 3135 524 μὴ
3161 452 3512 523 τηρήσαντας
3537 448 3638 520 τὴν
3657 451 3792 503 ἑαυ-

503 565 610 621 «Ιιι
643 580 765 634 quae
819 559 1132 617 desiderant
1186 556 1361 626 angeli
1424 555 1790 626 prospicere.»
1845 550 2004 618 Quod
2037 553 2081 606 si

2186 549 2297 601 τῶν
2336 549 2535 620 ἀρχὴν,
2580 546 2717 602 ἀλλὰ
2759 544 3124 607 ἀπολιπόντας
3158 544 3221 596 τὸ
3266 543 3396 602 ἴδιον
3443 543 3789 612 οἰκητήριον,

499 660 625 729 quis
646 633 797 710 Iuda:
822 665 1043 723 quoque
1082 647 1378 718 Epistolam
1429 645 1703 712 admittat,
1741 644 1923 701 videat
1950 641 2081 713 quid

2188 640 2268 703 el;
2299 639 2479 710 κρίσιν
2511 637 2753 709 μεγάλης
2781 635 2995 708 ἡμέρας
3021 635 3242 706 δεσμοῖς
3275 634 3464 696 ἀϊδίοις
3493 633 3601 687 {me
3622 633 3790 702 {6'90"

497 765 567 808 ex
597 750 697 802 hac
726 752 986 815 sequatur
1011 741 1285 803 doctrina,
1333 747 1554 808 propter
1584 735 1718 790 illud
1741 735 1764 767 ⁸
1788 753 1803 789 :
1853 752 1874 786 ι
1905 733 2087 803 Ange-

498 842 581 897 los
604 854 732 894 vero
761 837 858 907 qui
914 850 1024 890 non
1048 838 1405 890 servaverunt
1471 844 1635 888 suum
1689 825 2082 898 principatum,

494 930 592 990 sed
626 927 1040 996 dereliquerunt
1093 939 1250 978 suum
1285 919 1654 981 domicilium,
1708 917 1763 970 in
1813 913 2081 985 judicium

495 1019 675 1090 magni
703 1019 808 1072 diei
839 1015 1079 1070 vinculis
1129 1013 1348 1068 :eternis
1396 1011 1501 1066 sub
1560 1007 1795 1078 caligine
1838 1017 2093 1060 reserva-

494 1113 592 1170 vit.
610 1134 627 1165 ι
663 1112 764 1179 Qui
791 1127 922 1166 vero
953 1125 1042 1165 res
1067 1105 1340 1178 ejusmodi
1367 1104 1675 1174 disquirere
1702 1099 1869 1155 fuerit
1890 1112 2084 1165 ausus,

493 1203 675 1257 videat
709 1200 990 1270 quomodo
1044 1197 1395 1268 intelligenda
1421 1196 1533 1250 sint
1579 1208 1703 1263 quae
1754 1191 1957 1259 scripta
1989 1202 2088 1241 ex-

496 1297 646 1345 Stant
676 1290 729 1345 in
762 1290 959 1345 Genesi
992 1291 1012 1321 ⁸
1044 1307 1059 1343 :
1116 1307 1134 1339 ι
1175 1286 1430 1341 Videntes
1464 1302 1483 1335 ι
1518 1298 1713 1353 nempe
1760 1300 1780 1333 σ
1817 1280 1962 1335 filios
1990 1277 2084 1332 Dei

496 1384 635 1438 ﬁlias
667 1383 951 1437 hominum
979 1380 1124 1449 quod
1167 1387 1353 1434 essent
1379 1377 1642 1447 pulchrae,
1671 1372 1952 1443 accepisse
1980 1371 2086 1426 sibi

496 1493 695 1530 uxones
720 1492 786 1529 ex
811 1474 1071 1529 omnibus
1130 1487 1271 1541 quas
1300 1471 1628 1540 elegerant.)
1679 1465 1841 1521 Tales
1898 1471 2083 1519 autem

491 1564 866 1619 dubitationes
909 1572 1096 1631 aperte
1149 1573 1478 1630 proponere,
1534 1565 1837 1624 earumque
1886 1567 2085 1608 conse-

2185 732 2546 803 τετήρηκεν.»
2594 730 2806 801 Ὀράτω
2822 728 2879 782 δὲ
2907 732 2937 782 6
2959 728 3028 783 τὰ
3054 727 3283 782 τοιαῦτα
3310 726 3530 798 τολμῶν
3576 725 3785 797 ζητεῖν,

2188 822 2306 886 πῶς
2354 821 2534 875 αὐτῶν
2597 821 2680 874 δεῖ
2725 819 2945 875 ἀκούειν
2998 820 3109 874 τῶν
3160 823 3220 874 ὲν
3240 819 3483 889 ,Γενέσει
3536 835 3789 889 γεγραμ-

2193 914 2390 984 μένων,
2421 915 2524 978 ὅτι,
2561 932 2579 965 ι
2612 913 2834 975 Ἰδόντες
2856 913 2906 966 οἱ
2930 913 3039 966 υἱοὶ
3066 911 3162 965 τοῦ
3192 911 3328 965 Θεοῦ
3350 910 3449 974 τὰς
3473 910 3787 981 θυγατέρας

2188 1005 2300 1060 τῶν
2329 1004 2657 1076 ἀνθρώπων,
2685 1005 2769 1058 ὅτι
2798 989 2959 1058 καλαί
3007 1005 3167 1067 εἰσιν,
3220 1002 3412 1058 ἔλαϐον
3442 1004 3655 1066 ἑαυτοῖς
3702 1005 3784 1066 εἰς

2186 1098 2451 1164 γυναῖκας
2484 1096 2594 1151 ἀπὸ
2638 1096 2831 1150 πασῶν
2876 1089 2952 1150 ὧν
2984 1094 3319 1160 ἐξελέξαντο.
3347 1114 3367 1147 ι
3415 1094 3613 1164 Σαφῶς
3636 1096 3693 1149 δὲ
3713 1096 3785 1149 τὰ

2186 1191 2328 1244 κατά
2356 1188 2449 1241 τὸν
2475 1189 2640 1242 τόπον
2667 1188 3038 1259 ὲπαπορῆσαι,
3067 1188 3162 1241 καὶ
3202 1188 3303 1259 τὴν
3333 1188 3658 1243 ἀκολουθίαν
3683 1190 3781 1242 αὐ-

2185 1280 2295 1333 τῶν
2326 1280 2718 1350 ὲπισκοπῆσαι,
2750 1280 2841 1332 καὶ
2881 1281 3058 1353 χάρτῃ
3087 1281 3376 1334 πιστεῦσαι
3401 1280 3504 1351 τὴν
3534 1280 3642 1335 τῶν
3674 1297 3772 1350 τη-

2194 1368 2460 1422 λικούτων
2508 1369 2826 1438 σαφήνειαν,
2863 1371 3073 1438 μήποτε
3123 1368 3223 1420 οὐκ
3269 1362 3590 1439 ἀσφαλὲς
3621 1367 3779 1438 ἀρκεῖ

2190 1461 2301 1533 γὰρ
2329 1460 2427 1514 καὶ
2456 1459 2551 1512 ἐπὶ
2605 1461 2717 1522 τοῖς
2744 1460 3055 1532 εἰρημένοις
3080 1459 3229 1529 ἡμᾶς
3267 1459 3363 1512 ἐπὶ
3386 1457 3642 1511 τοσοῦτον
3670 1474 3774 1513 πα-

2192 1550 2753 1624 ρακεκινδυνευκέναι.

493 1659 775 1727 quentiam
811 1656 1100 1725 dispicere,
1157 1663 1544 1723 tantarumque
1591 1665 1776 1706 rerum
1820 1647 2215 1717 expositionem
2278 1647 2481 1701 charta:
2533 1646 2898 1705 committere.
2923 1661 3116 1712 parum
3168 1644 3403 1701 fortasse
3455 1653 3633 1700 tutum
3670 1644 3786 1700 fue-

492 1751 566 1805 rit
593 1767 606 1803 :
643 1749 711 1802 iis
750 1746 894 1801 enim
930 1744 1095 1815 815
1127 1759 1250 1813 qua:
1268 1744 1383 1812 jam
1411 1759 1442 1797 a
1475 1742 1636 1797 nobis
1662 1741 1807 1796 dicta
1861 1747 1992 1793 sunt
2025 1737 2328 1808 perieulum
2357 1739 2624 1793 hactenus
2655 1738 2856 1793 adiisse
2878 1736 3096 1793 sufﬁcit.

565 1843 655 1897 5i.
695 1841 989 1910 Postquam
1022 1846 1204 1892 autem
1230 1837 1366 1907 legis
1390 1839 1571 1891 locum
1604 1852 1633 1889 e
1662 1835 2081 1889 Deuteronomio

2260 1833 2373 1886 Οὐκ
2397 1834 2628 1902 ἄκαιρον
2656 1831 2712 1883 δὲ
2745 1832 2955 1902 νομίζω
2982 1831 3129 1898 ἅπαξ
3152 1830 3480 1902 ἐπιθεμένους
3508 1831 3607 1904 τὴν
3631 1832 3775 1897 λέξιν

491 1934 660 1992 semel
690 1931 1044 2005 protulimus,
1071 1929 1247 2000 ipsius
1268 1944 1488 1999 quoque
1511 1928 1838 1998 investigare
1864 1935 2085 1982 senten-

493 2030 625 2084 tiam
661 2043 770 2082 non
829 2024 1273 2094 intempestivum
1338 2022 1455 2078 fore
1499 2021 1759 2076 arbitror.
1820 2022 2082 2088 Quaenam

490 2136 623 2191 ergo
643 2120 715 2174 sit
741 2133 850 2174 una
881 2117 996 2172 haec
1029 2130 1168 2169 uxor
1201 2114 1256 2169 in
1289 2130 1357 2169 eo
1408 2121 1842 2170 commemorata
1873 2110 2086 2182 disqui-

492 2212 720 2267 rendum
753 2217 868 2275 est;
902 2218 958 2263 et
990 2207 1215 2277 quinam
1261 2206 1317 2260 bi
1355 2205 1466 2260 duo
1524 2206 1648 2272 viri,
1695 2205 1792 2275 qui
1846 2205 2084 2260 invicem

492 2305 691 2359 fratres
710 2308 901 2367 erant;
932 2314 1171 2369 quorum
1206 2297 1344 2352 alter
1396 2312 1626 2352 uxorem
1661 2297 1834 2363 ducit,
1879 2296 2085 2352 liberos

491 2411 712 2451 veroex
755 2394 871 2462 ipsa
902 2406 1010 2446 non
1042 2389 1310 2457 suscipit;
1358 2387 1636 2443 secundus
1688 2403 1819 2444 vero
1863 2387 2086 2443 demor-

492 2489 567 2542 tui
604 2488 771 2540 frater
818 2496 1046 2538 uxorem
1107 2480 1279 2544 ducit,
1342 2488 1396 2533 et
1450 2478 1519 2533 de
1574 2479 1800 2532 nomine
1841 2477 2083 2533 defuncti

492 2579 698 2649 prolem
730 2575 894 2630 tollit.
932 2572 1141 2627 Deinde
1195 2586 1411 2640 quaeres
1437 2570 1665 2640 quinam
1719 2569 1811 2624 ille
1868 2569 1942 2625 sit
1989 2569 2084 2639 qui

492 2668 678 2724 fratris
704 2666 789 2722 sui
833 2678 1063 2719 uxorem
1114 2662 1316 2718 ducere
1356 2677 1467 2715 non
1518 2663 1652 2726 vult,
1687 2670 2087 2732 proptereaque

491 2774 678 2815 coram
712 2755 1025 2813 senioribus
1083 2755 1257 2809 altero
1288 2752 1474 2808 calceo
1525 2753 1767 2816 exuitur,
1799 2761 1854 2807 et
1887 2752 1941 2806 in
1999 2750 2083 2806 fa-

491 2850 630 2905 ciem
656 2846 980 2916 eonspuitnr
1015 2860 1047 2899 a
1109 2843 1342 2898 muliere
1394 2858 1519 2914 quae
1564 2845 1814 2899 ascendit
1855 2844 1924 2899 ad
1959 2859 2084 2913 por-

491 2950 638 3001 tam,
673 2950 728 2994 et
757 2938 834 2993 ait
857 2937 880 2969 ⁸
910 2955 925 2991 :
962 2956 980 2987 ι
1008 2934 1125 2990 Non
1160 2936 1277 2990 vult
1318 2934 1487 2990 frater
1521 2935 1626 2990 viri
1675 2935 1778 2989 mei
1814 2934 2085 2989 suscitare

496 3047 695 3090 nomen
729 3029 915 3085 fratris
945 3028 1031 3083 sui
1071 3026 1128 3083 in
1158 3025 1382 3083 Israel.»
1409 3025 1556 3095 Quin
1614 3035 1669 3082 et
1698 3025 1833 3081 illud
1880 3023 2081 3079 ibidem

493 3121 911 3194 expendendum
943 3118 1146 3182 veniet,
1202 3119 1429 3188 quinam
1464 3118 1578 3174 sint
1624 3117 1871 3173 seniores
1902 3116 2001 3182 illi,
2030 3124 2086 3171 et

2189 1923 2284 1976 τοῦ
2317 1924 2483 1996 νόμου
2516 1924 2628 1978 ἀπὸ
2653 1923 2746 1978 τοῦ
2799 1924 3241 1996 Δευτερονομίου,
3277 1923 3407 1980 l6st
3467 1924 3544 1989 ὡς
3580 1919 3692 1978 οἷόν
3718 1944 3775 1979 τε

2188 2018 2337 2070 ἐστὶν
2369 2014 2537 2070 αὐτοῦ
2567 2017 2626 2070 τὸ
2676 2016 2943 2089 βούλημα.
2979 2016 3250 2088 Ζητητέον
3284 2013 3380 2072 οὖν
3418 2019 3478 2070 ὲν
3509 2018 3662 2088 αὐτῷ
3693 2020 3777 2084 τίς

2185 2112 2218 2180 ἡ
2250 2110 2349 2181 μία
2376 2111 2537 2181 γυνὴ,
2570 2112 2666 2166 καὶ
2691 2112 2839 2175 τινες
2860 2112 2912 2165 οἱ
2933 2110 3029 2164 δύο
3055 2111 3250 2183 ἄνδρες
3267 2112 3319 2165 οἱ
3344 2110 3593 2182 ἀλλήλων
3622 2112 3776 2166 ἁδελ-

2188 2203 2298 2271 φοί’
2333 2203 2598 2277 πρότερον
2655 2203 2753 2275 μὲν
2784 2200 2978 2274 γαμῶν
3009 2204 3037 2256 6
3066 2202 3256 2275 ἕτερος
3304 2204 3404 2274 τὴν
3436 2206 3689 2272 γυναῖκα,
3712 2206 3772 2258 οὐ

2187 2294 2554 2366 καρποφορῶν
2583 2294 2640 2348 δὲ
2674 2294 2733 2361 ἐξ
2765 2294 2959 2362 αὐτῆς·
3001 2293 3252 2365 δεύτερος
3284 2295 3343 2348 δὲ
3402 2295 3596 2366 γαμῶν
3624 2299 3652 2349 6
3682 2296 3774 2351 τοῦ

2184 2384 2509 2457 τεθνηκότος
2535 2386 2786 2455 ἁδελφὸς,
2820 2386 2917 2439 καὶ
2939 2385 3145 2454 γεννῶν
3178 2385 3390 2439 παιδίον
3425 2386 3485 2453 ἐξ
3516 2387 3777 2459 ὀνόματος

2185 2477 2280 2531 τοῦ
2314 2477 2779 2550 τετελευτηκότος.
2832 2478 2941 2531 Καὶ
2994 2476 3130 2548 μετὰ
3189 2479 3364 2532 ταῦτα
3410 2478 3666 2551 ζητήσεις
3694 2482 3776 2545 τίς

2186 2571 2334 2623 ἐστιν
2356 2573 2385 2625 6
2410 2571 2486 2642 μὴ
2522 2570 2847 2643 βουλόμενος
2900 2569 3084 2623 λαϐεῖν
3118 2569 3214 2643 τὴν
3244 2574 3480 2640 γυναῖκα
3504 2570 3600 2626 τοῦ
3628 2573 3775 2628 ἀδελ-

2189 2661 2292 2732 φοῦ
2328 2661 2542 2728 ἑαυτοῦ,
2575 2662 2672 2715 καὶ
2704 2658 2793 2714 διὰ
2839 2661 2997 2714 τοῦτο
3048 2661 3290 2714 ἐναντίον
3340 2661 3439 2732 τῆς
3487 2664 3775 2735 γερουσίας

2188 2752 2555 2825 ὑπολυόμενος
2588 2754 2648 2806 τὸ
2683 2752 2741 2806 ἓν
2769 2751 3043 2824 ὑπόδημα,
3068 2752 3161 2806 καὶ
3188 2753 3567 2825 ὲμπτυόμενος
3597 2756 3678 2818 εἰς
3717 2755 3776 2808 τὸ

2188 2847 2480 2917 πρόσωπον
2511 2846 2617 2901 ὑπὸ
2642 2845 2742 2915 τῆς
2781 2845 3040 2914 γυναικὸς
3091 2844 3373 2916 ἀναϐάσης
3405 2848 3501 2900 ἐπὶ
3537 2847 3635 2918 τὴν
3677 2847 3777 2900 πῦ-

2185 2938 2304 3009 λην,
2339 2938 2433 2990 καὶ
2471 2937 2760 3010 λεγούσηςο
2810 2956 2829 2989 ι
2857 2938 2935 2991 Οὐ
2981 2937 3123 2991 θέλει
3151 2939 3180 2990 6
3206 2938 3435 3008 ἀδελφὸς
3463 2940 3555 2994 τοῦ
3582 2941 3770 3012 ἀνδρός

2189 3046 2290 3102 μου
2356 3030 2661 3101 ἀναστῆσαι
2723 3028 2784 3083 τδ
2838 3029 3011 3101 ὄνομα
3066 3028 3162 3083 τοῦ
3229 3029 3452 3100 ἀδελφοῦ
3496 3030 3656 3084 αὐτοῦ
3703 3034 3761 3085 ἐν

2199 3123 2471 3195 Ἰσραήλ.»
2504 3121 2776 3195 Ζητηθείη
2816 3122 2861 3176 δ’
2894 3121 2960 3177 ἂν
2987 3124 3047 3176 ὲν
3079 3122 3158 3194 τῷ
3191 3123 3331 3194 τόπῳ
3356 3122 3447 3177 καὶ
3492 3122 3574 3189 τίς
3607 3125 3643 3193 ἡ
3667 3141 3766 3194 γε·

492 3229 744 3287 quaenam
768 3220 926 3283 porta
959 3211 1027 3266 ad
1052 3227 1218 3282 quam
1283 3209 1533 3265 ascendit
1565 3208 1764 3262 mulier
1801 3222 1865 3262 ea
1895 3206 2081 3262 dicens

2195 3217 2404 3286 ρουσία,
2439 3217 2534 3270 καὶ
2563 3221 2598 3287 ἡ
2632 3214 2778 3286 πύλη
2805 3215 2890 3284 ἐφ’
2909 3215 2976 3287 ἢν
2997 3215 3275 3269 ἀνασαίνει
3295 3217 3329 3286 ἡ
3358 3215 3498 3287 γυνὴ
3533 3215 3772 3285 λέγουσα

491 3324 615 3381 quae
639 3322 805 3378 supra
849 3312 1278 3362 commemorata
1307 3308 1456 3359 sunt.
1490 3299 1647 3367 Quod
1681 3307 1862 3355 autem
1900 3314 2077 3370 augu-

492 3410 638 3456 stum
662 3396 873 3468 aliquid
907 3405 961 3451 et
992 3395 1348 3451 veneratione
1385 3393 1608 3462 dignum
1639 3392 1732 3457 sit,
1767 3391 1856 3447 lex
1896 3391 2078 3444 omnia

492 3513 616 3570 quae
650 3511 680 3550 a
708 3494 820 3549 Deo
853 3491 1097 3564 profecta
1125 3505 1248 3546 esse
1272 3489 1503 3554 dicitur;
1559 3488 1819 3558 quodque
1855 3485 1950 3541 Dei
1993 3487 2076 3539 lex

494 3601 841 3657 nequaquam
867 3585 958 3648 sit,
991 3599 1113 3652 qua:
1169 3581 1396 3637 minime
1425 3591 1614 3636 sancta
1667 3595 1734 3635 ac
1768 3578 2078 3645 veneranda

488 3677 585 3742 sit,
613 3675 867 3731 fatebitur
896 3674 1141 3744 profecto
1184 3673 1439 3743 quisquis
1486 3672 1646 3741 plane
1677 3669 1929 3740 stupidus
1963 3685 2073 3724 non

2185 3308 2255 3361 τὰ
2283 3309 2668 3380 γεγραμμένα.
2704 3310 2824 3363 Ὅτι
2857 3308 2954 3382 μὲν
2975 3305 3069 3364 οὖν
3111 3309 3307 3381 σεμνόν
3331 3325 3384 3361 τι
3413 3303 3553 3362 εἶναι
3575 3310 3670 3363 καὶ
3695 3311 3776 3363 αἱ·

2152 3409 2155 3412 ‘
2184 3398 2309 3463 δοῦς
2330 3398 2478 3463 ἄξιον
2500 3400 2607 3473 χρὴ
2630 3399 2922 3455 πεπεῖσθαι
2936 3401 3112 3459 πάντα
3128 3401 3293 3472 νόμον
3310 3401 3773 3474 ἐπαγγελλόμενον

2184 3484 2328 3542 εἶναι
2357 3489 2515 3556 Θεοῦ,
2548 3490 2581 3561 ἦ
2636 3490 2710 3562 μὴ
2743 3490 2872 3544 ὄντα
2902 3492 3101 3562 σεμνὸν
3145 3490 3221 3562 μὴ
3254 3486 3394 3545 εἶναι
3427 3492 3589 3563 νόμον
3615 3493 3769 3556 Θεοῦ,

2185 3580 2295 3642 πᾶς
2332 3581 2360 3632 6
2394 3579 2468 3650 μὴ
2498 3580 2673 3652 πάντη
2718 3580 2980 3646 ἀσύνετος
3026 3581 3361 3655 ὁμολογήσαι
3394 3584 3478 3638 ἄν’
3512 3586 3558 3637 εἰ
3586 3584 3643 3637 δὲ
3685 3586 3771 3638 εὑ-

2189 3671 2448 3742 ρίσκομεν
2469 3672 2630 3742 ἡμεῖς
2651 3672 2713 3725 τὸ
2744 3672 2838 3728 τοῦ
2872 3673 3039 3745 νόμου
3068 3673 3261 3728 τούτου
3290 3676 3488 3747 σεμνὸν
3514 3677 3608 3732 καὶ
3631 3677 3770 3732 αξδέ-

493 3768 679 3822 fuerit.
706 3766 789 3819 An
819 3773 1000 3818 autem
1031 3763 1166 3834 legis
1209 3764 1374 3832 hujus
1404 3763 1749 3817 sanctitatem
1780 3776 1847 3819 ac
1900 3760 2073 3829 maje-

495 3870 691 3915 statem
727 3855 993 3925 repertori
1021 3856 1214 3921 simus,
1265 3870 1458 3919 necne,
1486 3853 1628 3910 Deus
1656 3855 1773 3925 ipse
1806 3853 2069 3922 primum.

2181 3779 2362 3832 σιμον,
2390 3763 2419 3833 ἢ
2459 3767 2556 3834 μὴ,
2589 3763 2807 3833 πρῶτον
2843 3766 2941 3835 μὲν
2971 3766 3105 3828 Θεὸς
3135 3765 3201 3819 ἂν
3226 3765 3415 3835 εἰδείη,
3448 3769 3542 3822 καὶ
3568 3770 3597 3820 6
3642 3770 3770 3839 Χρι-

2180 3853 2304 3916 στὸς
2332 3853 2520 3919 αὑτοῦ,
2542 3855 2678 3927 μετὰ
2691 3855 2749 3909 δὲ
2762 3856 2932 3911 ταῦτα
2954 3857 3049 3911 καὶ
3072 3858 3101 3911 6
3122 3860 3266 3914 κατὰ
3289 3861 3389 3931 τὴν
3413 3860 3636 3932 Γραφὴν
3654 3861 3767 3914 ὀνο-

1708 3991 1941 4047 VETUS
1978 3988 2564 4049 INTERPRETATIO.

494 4091 776 4171 agnitione
803 4090 1070 4171 mysterii,
1113 4090 1206 4147 sed
1230 4099 1445 4171 tantum
1474 4089 1797 4171 simpliciter
1833 4091 1914 4145 eis
1949 4091 2090 4148 dixit
2141 4092 2603 4171 resurrectionem
2655 4092 2922 4171 futuram,
2973 4095 3414 4171 contestantibus
3448 4094 3556 4151 hoc
3591 4096 3763 4171 _etiam

498 4160 801 4235 scripturis
826 4160 1053 4235 divinis,
1075 4161 1336 4230 quoniam
1360 4162 1472 4235 illic
1498 4162 1727 4235 uu_p_ti:e_
1753 4176 1861 4217 non
1896 4172 2050 4232 sunt,
2097 4162 2192 4222 sed
2217 4171 2379 4235 erunt
2412 4162 2505 4232 qui
2539 4164 2966 4228 resurrexerint,
3001 4165 3146 4223 sicut
3169 4165 3344 4235 angeli
3400 4165 3454 4219 iu
3502 4165 3667 4230 caelo,
3717 4175 3771 4222 et

492 4229 640 4305 quia
666 4229 1137 4305 transformabunt
1168 4246 1400 4305 corpora
1433 4230 1763 4305 humilitatis
1806 4246 2003 4285 eorum
2029 4229 2332 4305 secundum
2363 4229 2594 4305 corpora
2630 4235 2951 4305 angelorum
2981 4235 3220 4291 caelestia
3244 4229 3420 4305 atque
3446 4234 3716 4290 luminea.

565 4304 654 4357 ﬁl.
688 4300 806 4355 Non
841 4310 1022 4375 autem
1051 4300 1357 4375 existimavi
1396 4303 1757 4370 superfluum,
1790 4316 1854 4354 ex
1882 4317 1999 4375 _quo
2049 4301 2371 4375 semeldipsa
2425 4300 2590 4357 verba
2623 4300 2970 4375 protulimus
3004 4305 3159 4375 legis,
3201 4313 3260 4358 ut
3294 4300 3518 4375 sensum
3570 4320 3765 4361 eorum

499 4375 847 4451 aliquatenus
883 4371 1261 4451 explanemus.
1287 4370 1485 4436 Quaero
1511 4385 1644 4451 ergo
1675 4386 1797 4451 qua:
1849 4370 1921 4429 sit
1979 4375 2095 4451 haec
2127 4371 2325 4433 mulier
2357 4387 2463 4425 una
2493 4384 2560 4451 et_
2603 4370 2714 4451 duo
2755 4373 2975 4451 fratres,
3006 4370 3243 4451 quorum
3290 4374 3507 4447 primus
3545 4377 3767 4451 quidem

486 4439 687 4499 habuit
718 4439 970 4514 uxorem,
991 4448 1049 4514 et
1075 4440 1311 4514 fructum
1355 4439 1801 4514 nonreliqnitex
1826 4457 1890 4496 ea
1917 4461 1943 4514 :A
1960 4444 2098 4498 alter
2118 4451 2316 4514 autem
2363 4442 2583 4514 mortui
2614 4443 2809 4506 frater,
2843 4444 2937 4514 qui
2964 4439 3175 4513 accepit
3214 4439 3358 4510 eam,
3389 4452 3444 4499 et
3494 4439 3769 4514 generavit

498 4530 566 4571 ex
599 4513 819 4585 nomine
853 4510 1054 4566 mortui
1090 4527 1103 4564 :
1136 4512 1335 4585 etquis
1356 4520 1439 4585 est
1469 4510 1558 4565 ille
1584 4511 1679 4580 qui
1713 4526 1822 4566 non
1858 4512 1972 4568 vult
2016 4510 2748 4585 accipereusoreurfratris
2776 4510 2885 4574 sui'.
2913 4523 2967 4570 et
2994 4510 3285 4585 propterea
3316 4510 3520 4569 coram'
3534 4516 3765 4570 seniori-

496 4587 599 4654 bus
633 4582 911 4654 excalceat
936 4581 1283 4654 eummulier
1309 4579 1738 4654 calceamentum
1763 4597 1957 4654 unum.
1989 4593 2044 4638 et
2091 4579 2312 4654 eispuit
2351 4581 2418 4654 in_
2443 4579 2637 4636 faciem
2668 4583 2790 4651 ejus
2839 4579 3144 4640 ascendens
3180 4587 3247 4640 ad
3274 4592 3490 4654 portam
3538 4585 3762 4640 dicens:

503 4675 522 4705 ς
559 4652 676 4707 Non
706 4653 819 4706 vult
848 4650 1015 4739 frater
1038 4650 1141 4739 vi‘ri
1182 4651 1287 4739 mei
1321 4652 1590 4739 suscitare
1611 4666 1810 4739 nomen
1847 4652 2033 4708 fratris
2057 4653 2145 4708 sui
2177 4650 2232 4734 in
2258 4650 2420 4704 lsrael
2442 4669 2457 4732 ξ
2481 4670 2513 4739 ¹ι
2564 4660 2619 4707 et
2656 4650 2750 4721 qui
2783 4662 2935 4739 sunt.
2968 4654 3237 4739 seniores:
3272 4650 3326 4710 et
3358 4665 3670 4739 qlnejorta
3701 4656 3765 4739 ad

499 4739 662 4793 quam
692 4722 939 4795 ascendit
987 4720 1186 4795 _mnlier
1212 4721 1322 4777 illa.
1359 4721 1475 4795 Duo
1500 4721 1666 4795 igitur
1699 4721 1897 4795 fratres
1930 4732 2096 4779 sunt:
2120 4722 2334 4792 primus
2364 4720 2804 4795 quidemseruto
2838 4724 2993 4795 leg-is,
3022 4724 3305 4781 secundus
3334 4720 3464 4778 vero
3494 4720 3767 4792 Evangelii

499 4790 701 4862 sermo.
748 4792 859 4862 llos
891 4792 1083 4846 ambos
1115 4807 1221 4844 una
1255 4792 1462 4860 peperit
1497 4790 1774 4862 Sapientia
1800 4801 1997 4859 mater,
2023 4801 2077 4848 et
2105 4790 2213 4847 una
2237 4806 2331 4862 eos
2357 4807 2573 4860 semper
2601 4792 2794 4848 habuit
2818 4790 3036 4860 donius,
3066 4795 3119 4849 id
3150 4802 3237 4850 est
3264 4795 3452 4849 eadem
3487 4790 3763 4860 Scriptura

505 4861 714 4916 Veteris
747 4860 1106 4924 Testamenti,
1145 4871 1199 4915 et
1232 4863 1286 4915 in
1321 4862 1555 4930 idipsum
1572 4860 1973 4917 habitaverunt
2020 4877 2255 4930 semper.
2292 4860 2349 4913 ln
2382 4862 2633 4930 adventu
2697 4872 2877 4917 autem
2931 4863 3135 4918 Christi
3182 4874 3434 4919 mortuus
3492 4878 3576 4920 est
3605 4864 3768 4921 frater

502 4932 673 5000 prior,
703 4931 757 4986 id
790 4939 876 5002 est
903 4946 1085 4987 sermo
1116 4931 1270 5001 legis,
1294 4948 1361 4987 ex
1384 4929 1450 4987 eo
1486 4933 1628 5002 quod
1658 4942 1956 4987 evacuatus
1986 4948 2083 5002 per
2110 4929 2768 5002 Novum‘Testamentum
2793 4934 2978 4989 irritus
3008 4934 3185 4989 factus
3219 4944 3324 4990 est.
3369 4934 3564 4989 Mulier
3590 4947 3767 4989 autem

500 4999 776 5075 sermonis
806 5000 975 5067 illius,
1000 5009 1085 5055 est
1110 4999 1290 5057 omnis
1318 4999 1527 5075 aldina,
1556 5002 1647 5075 yel
1680 5002 1968 5073 Synagoga
1988 4999 2123 5075 'quaz
2148 5003 2301 5073 prius
2328 4999 2431 5056 fuit
2461 5003 2564 5075 sub
2590 5003 2706 5075 lege
2731 5021 2744 5057 :
2780 5004 2961 5075 qualis
2993 5004 3095 5058 fuit
3118 5004 3303 5075 anima
3337 5003 3515 5069 Pauli,
3548 5006 3632 5058 vel
3663 5005 3756 5060 Pe-

502 5072 595 5137 tri,
617 5078 1053 5141 caeterorumque
1079 5086 1145 5125 ex
1173 5072 1376 5141 populo
1401 5072 1515 5126 illo.
1547 5069 1739 5126 Omnis
1765 5069 1947 5127 autem
1983 5069 2166 5128 anima
2198 5081 2343 5125 recta
2370 5086 2495 5140 quae
2528 5069 2901 5126 fuit'amatrix
2929 5076 3202 5129 sermonis
3233 5074 3403 5137 illius,
3432 5085 3485 5129 et
3508 5076 3624 5129 vult
3653 5092 3766 5128 nm-

497 5143 729 5196 tuoriam
762 5140 906 5211 illius
930 5150 986 5195 et
1005 5154 1204 5194 nomen
1233 5140 1379 5210 apud
1415 5158 1474 5198 se
1499 5157 1717 5210 semper
1761 5157 2001 5211 servare,
2037 5153 2097 5197 ut
2140 5157 2429 5211 nunquam
2462 5141 2678 5196 desinat
2706 5142 2814 5198 dici
2852 5159 2990 5197 uxor
3020 5143 3187 5207 illius,
3219 5144 3452 5198 efﬁcitur
3488 5162 3626 5199 uxor
3662 5144 3770 5197 fra-

497 5212 599 5266 tris
623 5210 871 5283 alterius.
902 5224 1009 5264 non
1045 5212 1316 5283 peregrini
1333 5220 1401 5283 et
1429 5212 1675 5266 extranei
1708 5210 1858 5265 verbi
1887 5213 2034 5281 quod
2069 5228 2178 5283 non
2211 5210 2631 5283 appropinquat.
2655 5211 3008 5283 Peregrinum
3041 5223 3224 5268 autem
3259 5224 3313 5268 et
3343 5223 3662 5269 extraneum
3690 5232 3767 5272 est

496 5297 661 5336 onme
693 5280 919 5337 verbum
950 5281 1170 5351 gentile,
1201 5281 1347 5350 quod
1378 5282 1536 5352 longe
1563 5291 1648 5336 est
1670 5297 1702 5334 a
1735 5280 1934 5351 genere
1970 5283 2104 5353 legis
2131 5280 2225 5335 Dei
2257 5296 2270 5331 :
2302 5281 2397 5336 sed
2429 5282 2642 5353 accepit
2685 5280 3006 5338 sibi'virum
3032 5285 3405 5355 evangelicum
3437 5300 3766 5354 sermonem,

570 5420 643 5477 ³1
690 5421 820 5477 Cor.
844 5437 921 5484 γι,
950 5422 1005 5477 '5.
1082 5420 1283 5479 'lPet.
1315 5438 1355 5486 ι,
1391 5421 1479 5476 12.
1561 5420 1579 5453 ⁸
1608 5418 1732 5476 Jud.
1758 5419 1812 5477 6.
1888 5422 1910 5453 ⁸
1939 5421 2076 5478 Gen.
2111 5411 2188 5490 vi,
2213 5420 2270 5477 2.
2349 5422 2370 5453 ⁸
2410 5421 2627 5478 Denter.
2665 5439 2795 5491 xxv,
2834 5424 2884 5478 7.

499 5564 628 5618 tuba
652 5564 863 5633 primus
885 5563 939 5618 in
967 5563 1262 5633 Evangelia
1320 5578 1423 5633 suo
1453 5561 1738 5618 Matthaeus
1786 5564 2074 5632 increpuit.

500 5632 715 5689 Marcus
741 5649 983 5702 quoque,
1020 5632 1219 5700 Lucas,
1264 5641 1320 5689 et
1371 5632 1633 5702 Joannes,
1684 5633 1801 5689 suis
1851 5633 2080 5702 singulis

501 5703 649 5757 tubis
672 5701 1099 5758 sacerdotalibus
1128 5704 1463 5759 cecinerunt.
1510 5701 1702 5758 Petrus
1738 5704 1906 5758 etiam
1937 5701 2077 5757 dua-

504 5775 610 5828 bus
637 5770 1001 5842 Epistolarum
1048 5788 1272 5829 suarum
1325 5782 1582 5842 personat
1640 5774 1807 5831 tubis.
1840 5772 2076 5829 .Iacobus

2185 5579 2426 5633 quoque,
2454 5574 2510 5620 et
2531 5564 2759 5633 Iudas.»
2797 5565 2926 5621 Item
2983 5566 3037 5617 in
3080 5563 3434 5622 Matth.XIIt:
3489 5567 3600 5621 Καὶ
3636 5567 3767 5621 Ἰού-

2186 5632 2285 5724 is?
2305 5632 2881 5724 inde}???in
2906 5635 3234 5724 δλιὲἀπικοὲ
3399 5637 3767 5724 eueneri-

2186 5719 2286 5825 ἰῗιν
2315 5704 2372 5756 δὲ
2393 5704 2502 5758 τῶν
2532 5705 2633 5770 τῖς
2656 5704 2909 5777 οὐρανίου
2939 5704 3175 5778 χάριτοξ
3210 5706 3541 5778 ἐρρωμένων
3570 5704 3766 5779 λόγιον.

2235 5789 2449 5830 υετιυε.
