4074 6300
344 404 482 460 157⁸1

1250 393 1604 453 COMMENT.
1646 390 1710 444 IN
1750 385 2165 444 MATTHAEUM
2204 382 2442 439 TOMUS
2478 383 2643 438 XVII.

3447 379 3586 435 1578

343 516 441 572 τοῦ
471 517 532 570 τὸ
563 514 731 586 δνομα
776 515 834 568 ἐν
861 512 1109 585 Ἰσραὴλ,
1157 513 1250 565 καὶ
1296 509 1626 580 καλούμενος
1659 505 1764 560 ὑπὸ
1803 503 1905 573 τῆς

2024 501 2350 571 :ersitusquc
2379 515 2409 553 ιι
2437 507 2628 554 senatu
2658 494 2894 551 civitatis
2928 496 3089 551 dicit:
3124 493 3259 552 Nolo
3285 509 3406 551 eam
3437 511 3576 549 uxo-

345 607 634 679 γερουσίας
681 607 780 678 τῆς
829 604 1036 668 πόλεως
1082 602 1261 672 λέγει’
1313 602 1386 655 Οὑ
1438 599 1693 670 βούλομαι
1736 595 1918 650 λαϐεῖν

345 700 534 770 αὑτὴν,
577 699 671 751 καὶ
706 696 995 768 ἁτιμοῦται
1025 693 1386 765 ὑπολυόμενος
1414 692 1475 745 τὸ
1510 689 1785 760 ὑπόδημα,
1826 685 1920 738 καὶ

345 787 647 860 ἐμπτύέται
686 789 767 850 εἰς
805 787 869 840 τὸ
915 785 1201 857 πρόσωπον
1243 783 1349 836 ὑπὸ
1391 783 1490 851 τῆς
1523 777 1798 852 γυναικὸς,
1827 777 1922 830 καὶ

350 877 796 950 μετονομάζεται,
831 879 921 931 ἵνα
964 878 1026 931 τὸ
1054 877 1226 948 ὄνομα
1261 872 1426 928 αὑτοῦ
1531 890 1550 923 ι
1591 871 1620 924 ὁ
1654 865 1800 932 οἶκος
1827 864 1920 921 τοῦ

345 968 704 1033 ’ὑπολυθέντος
748 968 810 1022 τὸ
844 968 1116 1040 ὑπόδημα,
1154 985 1172 1018 ι
1209 966 1331 1020 τότε
1363 963 1576 1033 λέγεται
1603 959 1917 1032 ἄνθρωπος’

347 1060 509 1112 οἱονεὶ
547 1058 656 1130 γὰρ
689 1057 778 1112 διὰ
808 1058 906 1129 μὲν
934 1056 1033 1126 τῆς
1068 1057 1350 1127 τηρήσεως
1388 1051 1482 1106 τοῦ
1513 1051 1679 1123 νόμου
1709 1047 1923 1116 ἐλέγετο

348 1147 496 1218 αὐτῷ
535 1147 626 1199 τό·
681 1165 700 1198 ι
746 1145 887 1214 Ἐγὼ
917 1141 1062 1198 εἶπα·
1096 1144 1217 1198 Θεοί
1251 1145 1408 1196 ἐστε·
1445 1160 1464 1193 ι
1501 1140 1589 1194 διὰ
1635 1140 1693 1193 δέ
1733 1137 1827 1191 τοῦ
1854 1137 1922 1190 τὰ

349 1239 568 1292 ἐναντία
598 1236 676 1308 τῷ
690 1237 848 1306 νόμῳ
881 1238 1074 1299 ποιεῖν,
1106 1235 1266 1288 οἱονεὶ
1293 1232 1569 1303 ἐλέγχεται
1598 1230 1701 1284 ὑπὸ
1722 1229 1814 1282 τοῦ
1837 1228 1924 1282 λό-

349 1347 446 1400 γου
481 1329 590 1404 (61)
633 1328 932 1396 φάσκοντος
961 1327 1096 1399 πρὸς
1126 1325 1286 1381 αὑτόν
1305 1342 1318 1356 ·
1354 1344 1374 1376 ι
1415 1325 1602 1394 Ὑμεῖς
1631 1322 1688 1375 δέ
1716 1321 1792 1384 ὡς
1832 1320 1924 1374 ἄν·

229 1434 241 1443 “
349 1421 558 1492 θρωποι
590 1418 979 1490 ἀποθνήσκετε.
1023 1437 1042 1470 ι
1073 1417 1183 1471 Καὶ
1208 1417 1445 1489 πρόσχες
1471 1416 1518 1467 εί
1546 1413 1766 1467 δύνασαι
1795 1411 1923 1481 νοῆ-

348 1528 443 1566 σαι
474 1509 611 1581 μετὰ
641 1509 733 1562 τὸν
765 1509 991 1563 θάνατον
1023 1509 1125 1579 τῆς
1167 1507 1394 1578 ἐκδοχῆς
1445 1505 1540 1560 τοῦ
1598 1504 1926 1576 γράμματος

347 1598 490 1658 εἶναι
539 1603 702 1672 ἄλλην
732 1602 959 1673 ἐκδοχὴν
991 1601 1084 1654 τοῦ
1117 1600 1303 1672 νόμου,
1337 1597 1803 1671 διημαρτημένην,
1830 1596 1924 1648 καὶ

347 1695 408 1747 οὑ
433 1693 825 1764 πνευματικὴν,
851 1693 971 1746 οὐδὲ
999 1691 1382 1761 ἀνεπίληπτον,
1415 1689 1555 1760 πλὴν
1580 1688 1679 1759 τὴν
1713 1687 1926 1756 γένεσιν

349 1784 577 1854 ἔχουσαν
608 1782 1000 1855 ἡμαρτημένην
1034 1783 1152 1853 μὲν,
1185 1782 1293 1834 ἀπὸ
1319 1781 1376 1834 δὲ
1409 1781 1509 1851 τῇς
1533 1779 1787 1850 ἀφορμῆς
1817 1778 1926 1833 τῶν

2022 608 2135 648 rem
2166 591 2431 660 accipere,
2465 597 2518 644 et
2542 588 2910 642 calceamento
2934 590 3130 642 exutus
3163 586 3459 657 ignominia
3495 602 3594 639 no-

2021 691 2186 747 tatur,
2210 689 2264 738 et
2284 683 2338 736 in
2364 679 2557 734 faciem
2585 677 2906 747 conspuitur
2931 692 2960 732 a
2985 676 3232 740 muliere,
3261 684 3315 730 et
3340 685 3596 730 transno-

2021 775 2279 840 miuatur,
2305 780 2366 826 ut
2393 786 2591 826 nomen
2623 770 2770 824 illius
2795 770 2885 836 sit,
2924 791 2942 820 ι
2978 769 3173 822 domus
3203 766 3538 833 discalceati,
3568 783 3591 820 ι

2004 860 2151 922 tunc
2177 864 2450 920 hominem
2482 861 2654 917 fuisse
2680 861 3029 931 appellatum.
3055 858 3190 913 Nam
3217 867 3438 929 propter
3461 857 3596 927 legis

2021 956 2480 1018 observationem,
2523 951 2680 1023 quasi
2726 952 2778 1005 id
2830 952 2906 1006 illi
2957 951 3239 1006 dicebatur
3279 949 3361 1004 “z
3413 968 3432 1001 ι
3484 948 3596 1017 Ego

2022 1049 2172 1104 dixi:
2207 1047 2289 1102 Dii
2332 1048 2766 1120 estls;»propter
2814 1060 2901 1100 res
2946 1052 3127 1098 autem
3179 1049 3368 1096 contra
3420 1040 3594 1110 legem

2021 1152 2219 1214 gestas,
2271 1141 2429 1212 quasi
2482 1139 2900 1212 reprehenditur
2939 1152 2970 1191 a
3025 1134 3308 1204 Scriptura
3356 1131 3460 1203 ipsi
3509 1131 3597 1186 di-

2023 1244 2178 1291 cente
2211 1236 2291 1285 ":
2330 1253 2348 1286 ι
2383 1233 2496 1289 Vos
2527 1243 2705 1288 autem
2741 1233 2881 1288 sicut
2914 1227 3164 1282 homines
3202 1223 3535 1281 moriemini.
3572 1242 3592 1275 ι

2022 1324 2252 1380 Attende
2281 1339 2444 1394 porro
2469 1324 2638 1394 818
2667 1339 2736 1376 an
2769 1329 2893 1392 post
2920 1318 3172 1374 litteralis
3197 1315 3599 1387 interpretatio.

2023 1420 2112 1471 nis
2153 1425 2415 1480 mortem,
2463 1417 2625 1469 aliam
2672 1414 2808 1485 legis
2854 1410 3362 1481 interpretationem
3419 1418 3600 1463 mente

2023 1509 2202 1577 possis
2231 1508 2544 1578 concipere,
2581 1505 2858 1561 erroribus
2892 1503 3235 1573 implicitam,
3270 1518 3447 1574 neque
3487 1501 3602 1572 spi-

2024 1601 2297 1664 ritualem,
2357 1615 2532 1669 neque
2577 1599 2932 1668 inculpatam,
2988 1605 3368 1651 verumtamen
3418 1605 3598 1650 ortum

2025 1691 2315 1746 habentem
2344 1691 2626 1746 erroribus
2664 1691 2881 1760 quidem
2929 1689 3250 1753 involutum,
3283 1687 3375 1742 sed
3415 1687 3484 1742 ab
3532 1685 3601 1741 iis

2027 1793 2208 1838 tamen
2255 1797 2376 1852 qua:
2418 1783 2472 1836 in
2517 1783 2632 1850 lege
2665 1782 2866 1850 scripta
2901 1785 3028 1835 Sunt
3069 1779 3394 1850 profectum,
3425 1791 3602 1847 neque

349 1874 410 1928 ἐν
452 1872 530 1944 τῷ
559 1873 707 1944 νόμῳ
747 1872 1144 1944 γεγραμμένων
1176 1869 1496 1942 ἐρχομένην,
1530 1869 1624 1922 καὶ
1650 1869 1710 1921 οὐ
1745 1866 1926 1937 βουλο-

2028 1875 2213 1930 fratris
2244 1875 2328 1930 sui
2377 1889 2574 1929 nomen
2607 1874 2873 1928 suscitare
2905 1869 3196 1936 volentem,
3229 1880 3284 1926 et
3331 1871 3465 1940 legis
3504 1883 3604 1923 no-

352 1963 518 2033 μὲνην
555 1963 855 2033 ἀναστῆσαι
893 1963 953 2014 τὸ
987 1961 1158 2032 ὄνομα
1197 1960 1292 2014 τοῦ
1332 1957 1558 2028 ἀδελφοῦ
1601 1957 1797 2020 αὐτῶν,
1831 1957 1924 2008 καὶ¹

356 2053 578 2124 τιμῆσαι
606 2052 665 2106 τὸ
703 2053 874 2124 ὄνομα
906 2051 999 2105 τοῦ
1042 2052 1228 2123 νόμου.
1263 2051 1336 2104 Οὑ
1366 2049 1618 2122 βούλεται
1666 2048 1723 2102 δὲ
1755 2050 1788 2119 ἡ
1817 2065 1926 2100 τοι·

351 2145 487 2216 αύτη
536 2143 730 2216 ἐκδοχὴ
778 2143 1113 2216 παραλαϐεῖν
1158 2143 1258 2215 τὴν
1299 2144 1534 2212 γυναῖκα
1559 2141 1654 2194 τοῦ
1695 2139 1924 2208 ἀδελφοῦ

351 2237 538 2304 αὑτοῦ,
566 2237 742 2308 ψυχήν
761 2255 776 2268 ο
812 2237 932 2290 οὑδὲ
959 2237 1067 2310 γὰρ
1107 2236 1250 2290 θέλει
1279 2235 1698 2308 καρποφορῆσαι
1731 2234 1823 2285 ἐπὶ
1849 2231 1928 2302 τῷ

349 2329 568 2392 δοξάσαι
591 2330 652 2382 τὸ
675 2329 846 2399 ὄνομα
865 2328 959 2381 τοῦ
988 2327 1310 2398 τεθνηκότος
1333 2325 1564 2390 ᾀδελφοῦ
1583 2342 1596 2355 ·
1627 2325 1704 2378 διὸ
1725 2326 1758 2396 ἡ
1789 2324 1926 2394 γυνὴ

353 2423 413 2474 οὑ
450 2422 600 2476 κάτω
628 2421 858 2492 ἕστηκεν
890 2422 924 2491 ἡ
963 2419 1150 2490 ἑτοίμη
1182 2421 1409 2490 τιμῆσαι
1430 2418 1522 2472 τὸν
1555 2419 1818 2490 πρότερον
1837 2417 1929 2470 ἄν·

351 2514 454 2586 δρα
485 2514 676 2583 αὑτῆς,
708 2512 845 2567 ἀλλὰ
892 2511 1170 2566 ἀναϐαίνει
1213 2513 1306 2565 ἐπὶ
1335 2512 1435 2583 τὴν
1479 2510 1656 2580 πύλην
1699 2511 1793 2562 καὶ
1829 2510 1928 2579 τὴν

351 2607 553 2659 εἴσοδον
591 2606 693 2676 τῆς
730 2604 934 2669 πόλεως
977 2605 1174 2676 ἐαυτῆς
1216 2602 1447 2675 ἐχούσης
1487 2603 1581 2656 καὶ
1615 2601 1926 2674 γερουσίαν.

352 2697 464 2750 Καὶ
519 2695 744 2750 νοείσθω
790 2695 960 2749 ταῦτα
991 2695 1251 2766 γινόμενα
1289 2694 1429 2750 κατὰ
1471 2694 1568 2766 τὴν
1606 2692 1928 2764 Ἐκκλησίαν

353 2786 449 2837 καὶ
470 2786 578 2856 ,τὴν
619 2787 698 2850 είς
730 2787 900 2857 αὐτὴν
943 2786 1251 2858 εἰσαγωγὴν
1283 2787 1377 2840 καὶ
1413 2785 1633 2839 είσοδον.
1687 2782 1929 2856 Ἐλέγχει

354 2870 449 2926 οὖν
493 2875 526 2944 ἡ
555 2877 692 2945 γυνὴ
729 2874 822 2929 τὸν
859 2875 934 2947 μὴ
967 2875 1285 2946 βουλόμενον
1312 2861 1481 2948 ἄνδρα
1513 2859 1930 2947 δέαρποφορῆσαι

355 2967 447 3020 τὸν
487 2968 682 3035 τοιόνδε
729 2969 905 3038 λόγον,
949 2969 1043 3022 καὶ
1069 2969 1245 3038 λέγει’
1299 2986 1318 3019 ι
1356 2969 1430 3022 Οὑ
1464 2966 1605 3021 θέλει
1641 2969 1671 3022 ὁ
1705 2964 1931 3035 ἀδελφὸς

355 3056 458 3109 τοῦ
482 3055 671 3127 ἀνδρός
700 3074 801 3127 μου
829 3058 1130 3128 ἀναστῆσαι
1154 3058 1216 3111 τὸ
1247 3057 1418 3128 ὄνομα
1446 3055 1541 3109 τοῦ
1575 3053 1801 3123 ἀδελφοῦ
1833 3055 1932 3107 αὑ-

355 3146 447 3201 τοῦ
487 3147 546 3202 ἐν
581 3148 816 3219 Ἰσραήλ.
851 3167 870 3200 ι
907 3145 1044 3204 Εἶτα
1071 3151 1104 3220 ἡ
1135 3149 1393 3219 γερουσία
1421 3148 1521 3218 τῆς
1553 3147 1758 3209 πόλεως
1789 3143 1931 3198 ἐκεί-

354 3255 474 3309 νης,
508 3236 838 3304 ἐξετάζουσα
875 3239 968 3293 τὸν
1008 3238 1246 3293 τοιοῦτον
1288 3240 1474 3312 ἄνδρα,
1515 3239 1842 3293 πυνθάνεται
1881 3239 1930 3290 εί

356 3325 572 3397 ἀληθῶς
608 3328 668 3380 οὑ
719 3327 1001 3398 βούλεταιο
1035 3329 1471 3400 ἀποκριναμένου
1513 3329 1572 3382 δὲ
1615 3329 1822 3382 ἐκείνου
1871 3328 1933 3382 τὸ

360 3417 436 3489 μὴ
481 3417 782 3487 βούλεσθαι,
816 3420 1179 3492 προσέρχεται
1224 3421 1364 3492 αὑτὴ
1395 3421 1532 3492 πρὸς
1562 3420 1656 3474 τὸν
1704 3421 1779 3492 μὴ
1808 3420 1934 3491 βου-

2027 1969 2158 2022 mini
2190 1969 2452 2022 honorem
2480 1967 2788 2022 conciliare.
2814 1966 3048 2021 Uxorem
3074 1975 3253 2018 autem
3284 1962 3470 2018 fratris
3493 1961 3600 2025 sui,

2024 2056 2286 2122 animam,
2323 2055 2568 2125 accipere
2602 2069 2710 2107 non
2745 2053 2860 2107 vult
2888 2052 3156 2122 ejusmodi
3192 2050 3602 2122 interpretatio;

2024 2162 2202 2218 neque
2234 2146 2376 2202 enim
2407 2147 2474 2201 ad
2517 2147 2570 2201 id
2613 2145 2780 2200 fetum
2827 2143 3073 2214 proferre
3111 2144 3248 2208 vult,
3283 2153 3346 2198 ut
3393 2142 3604 2197 nomini

2026 2238 2296 2296 demortui
2343 2237 2528 2293 fratris
2558 2236 2783 2308 gloriam
2822 2245 2995 2306 paret.
3031 2235 3328 2305 Propterea
3376 2248 3486 2288 non
3521 2232 3605 2286 in-

2028 2330 2226 2385 feriore
2256 2329 2378 2384 loco
2419 2328 2568 2382 stetit
2597 2327 2793 2382 mulier
2825 2328 3064 2396 priorem
3096 2327 3274 2380 virum
3311 2339 3473 2380 suum
3509 2323 3607 2377 ho-

2027 2437 2162 2478 nore
2193 2429 2377 2491 parata
2424 2419 2656 2483 allicere,
2698 2419 2792 2474 sed
2834 2419 2902 2473 ad
2941 2419 3180 2473 civitatis
3213 2431 3350 2480 sua},
3397 2429 3519 2484 qua:
3551 2423 3607 2468 et

2027 2515 2143 2582 ipsa
2192 2519 2439 2566 senatum
2483 2511 2665 2577 habet,
2715 2517 2926 2579 portam
2976 2525 3040 2564 ac
3086 2509 3292 2564 aditum
3339 2505 3602 2561 ascendit.

2029 2603 2155 2658 llaec
2183 2611 2362 2657 autem
2389 2603 2441 2656 in
2471 2600 2733 2666 Ecclesia,
2764 2597 2831 2654 ad
2866 2601 3037 2670 ipsius
3067 2601 3374 2671 ingressum
3407 2606 3465 2653 et
3489 2597 3606 2650 adi-

2027 2704 2142 2750 tum
2167 2693 2306 2750 facta
2334 2693 2718 2764 intelligantur.
2753 2689 2941 2746 Virum
2969 2707 3097 2763 ergo
3119 2692 3278 2746 talem
3302 2690 3604 2745 doctrinam

2029 2787 2248 2858 gignere
2276 2786 2546 2840 nolentem
2573 2785 2821 2855 coarguit
2847 2784 3062 2851 mulier,
3081 2793 3134 2838 et
3161 2783 3294 2839 dicit
3324 2783 3401 2836 ¹⁸;
3439 2799 3458 2832 ι
3484 2778 3605 2835 Non

2028 2877 2146 2931 vult
2179 2875 2345 2931 frater
2373 2876 2473 2930 viri
2508 2876 2615 2931 mei
2655 2876 2921 2931 suscitare
2965 2889 3160 2929 nomen
3206 2872 3391 2928 fratris
3421 2873 3508 2927 sui
3551 2871 3605 2924 in

2030 2965 2215 3022 Israel.
2245 2987 2264 3021 ι
2307 2965 2482 3037 Hujus
2521 2967 2716 3022 deinde
2749 2967 2984 3022 civitatis
3011 2973 3235 3024 senatus
3272 2965 3608 3034 interrogato

2030 3061 2151 3115 viro
2199 3058 2488 3130 ejusmodi,
2533 3073 2602 3113 an
2649 3073 2838 3114 revera
2890 3059 3025 3114 nolit
3069 3073 3132 3113 ex
3187 3058 3306 3130 ipso
3355 3056 3605 3126 inquirit.

2032 3148 2328 3220 Postquam
2357 3163 2488 3204 vero
2518 3163 2580 3203 se
2611 3148 2834 3203 minime
2883 3149 3018 3204 velle
3049 3146 3350 3218 respondit,
3391 3147 3509 3218 ipsa
3540 3145 3606 3199 ad

2029 3254 2154 3294 eum
2185 3239 2394 3294 accedit
2413 3237 2505 3308 qui
2529 3235 2683 3291 fratri
2713 3252 2815 3293 suo
2847 3255 3031 3294 semen
3057 3238 3323 3294 suscitare
3355 3253 3464 3291 non
3503 3252 3604 3292 vo-

2027 3332 2149 3396 luit,
2177 3339 2230 3387 et
2258 3347 2442 3388 coram
2469 3333 2781 3389 senioribus
2809 3333 2985 3402 ipsum
3017 3330 3318 3395 convincit,
3353 3338 3408 3385 et
3436 3327 3607 3385 altero

2029 3423 2151 3492 ejus
2177 3423 2356 3477 soluto
2392 3423 2575 3479 calceo
2599 3424 2822 3479 infamia
2853 3432 3028 3478 notat.
3062 3421 3160 3478 Hic
3186 3430 3368 3476 autem
3387 3428 3607 3488 propter

357 3508 586 3579 ληθέντα
613 3509 971 3581 ἐξαναστῆσαι
1014 3511 1236 3582 σπέρμα
1272 3510 1349 3582 τῷ
1381 3511 1594 3582 ἁδελφῷ
1621 3512 1808 3576 αὑτοῦ,
1839 3513 1926 3566 καὶ

2026 3513 2161 3567 illud
2207 3511 2287 3566 ηε
2326 3530 2346 3564 ι
2383 3511 2543 3568 Solve
2585 3513 3012 3568 calceamentum
3043 3511 3109 3566 de
3151 3510 3381 3579 pedibus
3413 3508 3544 3570 tuis,
3579 3525 3598 3557 ι

357 3599 452 3650 ἐπὶ
479 3600 577 3670 τῆς
605 3601 892 3672 γερουσίας
920 3601 1132 3672 ἐλέγχει
1160 3603 1344 3666 αὑτὸν,
1379 3603 1472 3655 καὶ
1511 3601 1769 3672 ἀτιμάζει
1797 3603 1926 3654 ὑπο-

2029 3603 2176 3673 quod
2207 3602 2376 3672 Moysi
2401 3611 2454 3656 et
2481 3600 2647 3657 Josue
2671 3603 2874 3657 dictum
2906 3611 3010 3667 est,
3041 3611 3095 3656 et
3126 3600 3255 3655 illud
3285 3612 3504 3674 quoque
3525 3595 3606 3662 3’:

359 3687 561 3742 λύουσα
581 3690 641 3742 τὸ
669 3691 920 3762 ὑπόδημα
961 3690 1124 3745 αὑτοῦ
1152 3691 1213 3744 τὸ
1237 3690 1315 3744 ἐν.
1347 3692 1458 3745 Καὶ
1491 3692 1681 3746 σκόπει
1723 3693 1780 3745 ἐν
1809 3692 1926 3745 τού-

2043 3713 2062 3744 σ
2093 3692 2210 3748 Non
2243 3708 2363 3749 sum
2387 3693 2582 3762 dignus
2615 3702 2675 3747 ut
2705 3693 2912 3748 solvam
2936 3693 3054 3764 ejus
3082 3691 3371 3762 corrigiam
3405 3689 3609 3744 calcea-

359 3794 474 3842 τοις
501 3778 588 3832 διὰ
615 3780 673 3833 τὸ
696 3819 711 3846 ,
741 3799 759 3832 ι
795 3781 968 3834 Λῦσαι
992 3781 1054 3834 τὺ
1078 3780 1330 3851 ὑπόδημα
1353 3782 1417 3834 ἐκ
1439 3781 1545 3834 τῶν
1570 3781 1744 3834 ποδῶν
1771 3797 1886 3845 σου,
1905 3801 1925 3832 ι

2037 3781 2227 3846 menti,
2268 3801 2286 3833 ι
2318 3782 2462 3850 quod
2493 3782 2544 3834 in
2575 3780 2880 3850 Evangeliis
2926 3780 3224 3836 secundum
3253 3776 3455 3832 Lucam
3483 3777 3526 3806 ¹⁸
3553 3785 3608 3830 et

356 3871 648 3941 εἰρημένον
679 3873 816 3944 πρὸς
846 3873 1082 3927 Μωῦσέα
1108 3873 1201 3928 καὶ
1261 3871 1486 3945 Ἰησοῦν,
1522 3872 1616 3926 καὶ
1649 3874 1708 3927 τὸ
1731 3914 1746 3938 ,
1790 3873 1926 3926 «Οὐκ

2035 3873 2335 3928 secundum
2366 3871 2607 3927 Marcum
2652 3873 2717 3938 ¹⁹,
2753 3886 2964 3926 necnon
3000 3879 3054 3926 et
3093 3872 3148 3925 in
3193 3866 3488 3939 Evangelio
3517 3882 3605 3922 se-

361 3962 477 4031 εἱμὶ
515 3960 664 4026 ἄξιος
695 3963 782 4017 ἵνα
818 3963 964 4018 λύσω
989 3964 1081 4018 τὸν
1110 3963 1308 4035 ἱμάντα
1348 3964 1444 4045 τοῦ
1475 3964 1818 4036 ὑποδήματος
1842 3965 1926 4017 αὑ-

2037 3961 2274 4017 cundum
2304 3960 2569 4016 Joannem
2592 3963 2852 4032 scriptum
2880 3973 2980 4028 est,
3014 3963 3138 4018 vide
3166 3979 3296 4018 num
3324 3963 3464 4017 idem
3497 3975 3603 4014 nor

360 4054 476 4118 τοῦ,
521 4075 540 4106 ι
585 4057 967 4127 γεγραμμένον
1016 4060 1074 4111 ἐν
1107 4057 1185 4128 τῷ
1225 4058 1365 4112 κατὰ
1407 4059 1639 4122 Λουκᾶν,
1670 4055 1926 4110 καὶκατὰ

2032 4053 2104 4108 sit
2127 4052 2337 4107 solvere
2367 4053 2816 4118 calceamentum,
2841 4069 2905 4109 ac
2932 4054 3289 4120 discalceare;
3323 4067 3424 4107 nec
3461 4053 3607 4106 enim

361 4145 610 4217 Μάρκον,
635 4147 730 4201 καὶ
754 4148 812 4201 ἐν
832 4147 909 4218 τῷ
938 4148 1078 4202 κατὰ
1112 4149 1386 4218 Ἰωάννην,
1419 4149 1627 4218 μήποτε
1649 4147 1709 4199 οὐ
1737 4146 1926 4202 ταύτόν

2031 4145 2346 4202 discalceari
2383 4146 2644 4216 jubenzur
2692 4143 2924 4214 Moyses,
2967 4145 3052 4201 vel
3090 4143 3276 4206 Josue,
3323 4157 3498 4213 neque
3539 4141 3607 4196 de

363 4237 479 4289 ἐστι
504 4237 564 4290 τὸ
597 4236 754 4292 λῦσαι
777 4239 837 4292 τὸ
860 4239 1112 4310 ὑπόδημα
1135 4238 1212 4310 τῷ
1238 4237 1527 4293 ὑπολῦσαιο
1563 4239 1622 4290 οὑ
1657 4236 1764 4308 γὰρ
1800 4237 1926 4310 ὑετο-

2033 4237 2322 4292 Servatore
2367 4238 2597 4306 loquens
2623 4234 2880 4295 Joannes
2923 4251 3056 4291 usus
3101 4244 3184 4291 est
3223 4248 3375 4300 voce,
3409 4233 3606 4287 discal-

361 4325 627 4384 λύσασθαι
656 4330 931 4386 κελεύεται
957 4331 1218 4402 Μωῦσῆς,
1249 4330 1283 4402 ἢ
1321 4329 1546 4403 Ἰησοῦς,
1589 4329 1709 4382 οὑδέ
1753 4327 1926 4382 Ἰωάν-

2031 4344 2208 4384 ceare.
2239 4326 2291 4384 ls
2319 4342 2450 4399 ergo
2474 4329 2567 4398 qui
2597 4327 2767 4399 legem
2797 4327 2966 4398 819
2994 4326 3159 4381 violat
3186 4339 3360 4396 neque
3380 4323 3605 4379 omnino

1549 4443 1784 4500 VETUS
1824 4441 2407 4498 INTEBPRETATIO.

361 4572 704 4636 eorumque
728 4559 982 4614 dicuntur
1009 4559 1062 4612 in
1091 4558 1698 4636 lege_su_mit__origtnem
1734 4575 1748 4608 :
1780 4560 1970 4636 et_ideo
1998 4559 2376 4636 diciturhomo
2405 4573 2747 4636 propinquus
2771 4563 2960 4636 nolens
2987 4561 3252 4618 suscitare
3277 4575 3474 4636 nomen
3495 4557 3602 4636 fra-

363 4628 463 4706 tris
485 4628 589 4706 sui,
617 4637 671 4706 et
693 4629 958 4684 honorare
988 4628 1364 4706 nomenlegis:
1393 4628 1506 4706 Hoc
1527 4628 1709 4683 autem
1737 4632 2110 4706 verbum_eum
2137 4629 2205 4682 sit
2232 4644 2478 4706 pravum,
2509 4628 2761 4706 non—vult
2785 4633 3029 4701 accipere
3053 4647 3275 4686 uxorem
3294 4630 3476 4706 fratris
3492 4631 3600 4692 sui,

360 4696 414 4747 id
454 4697 802 4777 estanimam
824 4707 1046 4777 rectam,
1066 4697 1145 4777 .ad.
1170 4696 1602 4777 fructificandum
1635 4707 1690 4752 et
1717 4701 2076 4777 reparandum
2107 4696 2302 4777 nomen
2341 4699 2490 4777 legis.
2528 4698 2749 4777 Propter
2774 4696 2918 4771 quod
2947 4703 3148 4777 mulier
3182 4701 3272 4755 illa
3304 4715 3412 4754 non
3445 4699 3603 4754 dcor-

361 4778 481 4848 su.I‘n
511 4774 617 4848 stat
639 4776 977 4848 qumnparata
1003 4765 1397 4848 fuithonorare
1424 4770 1601 4848 virum
1635 4765 1794 4822 suum
1829 4770 2088 4848 priorem,
2122 4769 2213 4822 sed
2251 4765 2604 4848 ascendit-ad
2636 4765 2890 4839 'portam,
2927 4772 2993 4848 de
3023 4787 3128 4840 qua
3169 4772 3430 4848 scriptum
3451 4779 3557 4848 _est
3585 4787 3600 4823 :

363 4831 718 4916 f‘llmeporta
749 4831 986 4916 Domini,
1012 4836 1144 4916 justi
1175 4839 1706 4916 intrabunt_in_eam;
1747 4858 1765 4889 ι
1794 4831 1944 4916 et_ad
1975 4839 2222 4916 seniores
2239 4839 2473 4892 civitatis
2499 4831 2670 4916 illius;
2698 4843 2747 4894 id
2773 4831 2947 4916 estad
2979 4831 3322 4916 presbyteros
3340 4839 3598 4894 Ecclesia:

361 4903 478 4984 ρει,
503 4912 564 4982 et
610 4905 893 4984 convipcet
921 4903 1367 4984 mulieryerhum
1414 4908 1544 4963 illud
1574 4903 1810 4984 pravum
1834 4909 2053 4984 dicens,
2081 4909 2226 4984 quod
2262 4926 2279 4958 ι
2323 4923 2429 4984 non
2474 4911 2588 4962 vult
2631 4909 2800 4984 frater
2824 4911 2922 4964 viri
2959 4903 3062 4964 mei
3097 4903 3363 4966 suscitare
3402 4924 3601 4964 nomen

359 4972 660 5057 fratrissui
687 4974 739 5026 in
774 4972 974 5057 Israelz
996 4995 1014 5025 ι
1043 4975 1323 5057 Quiuenim
1348 4972 1621 5057 contraria
1650 4979 1807 5032 docet
1834 4979 1956 5057 legi,
1984 4972 2236 5057 ngn'vult
2268 4979 2535 5057 suscitare
2571 4994 2754 5057 semen
2789 4980 2940 5050 legis.
2987 4982 3063 5034 Ita
3089 4982 3329 5036 seniores
3364 4980 3600 5034 civitatis

360 5042 521 5124 illius.
553 5042 1100 5124 interrogantvirum
1143 5047 1291 5124 illum
1309 5047 1468 5124 talem
1499 5048 1544 5102 si
1569 5063 1692 5124 vere
1715 5063 1823 5101 non
1864 5042 2010 5124 v_ult._
2031 5047 2258 5112 Quando
2284 5048 2428 5124 enim
2464 5049 2771 5124 sacerdotes
2807 5042 3106 5104 discutiunt
3136 5051 3298 5104 verba
3329 5049 3598 5118 dogmatis

358 5113 804 5193 alicujus,_quasi
839 5114 1172 5193 ititerrogant
1217 5117 1368 5170 illud.
1405 5116 1470 5170 Et
1497 5133 1632 5193 cum
1668 5118 1970 5193 invenerint
1999 5117 2174 5193 ipsum
2207 5115 2351 5186 quod
2377 5117 2478 5187 legi
2507 5120 2779 5193 contraria
2815 5123 3122 5193 profitetur,
3161 5121 3374 5193 videtur
3403 5113 3596 5188 dogma

361 5181 493 5264 illud
519 5182 825 5264 senioribus
847 5181 1454 5264 daretrésponsumtct
1478 5186 1658 5240 dicere
1684 5189 1811 5256 quia
1842 5187 1965 5264 nolo
1996 5181 2242 5264 accipere
2271 5203 2388 5264 eam
2429 5181 2551 5255 Quae
2594 5181 2878 5264 fuitlegis.
2918 5189 3053 5244 Cum
3089 5181 3217 5259 ergo
3249 5190 3338 5244 ille
3370 5181 3596 5256 respon-

360 5252 500 5304 derit
534 5253 784 5334 nollese,
817 5253 1026 5334 accedit
1046 5255 1112 5306 ad
1139 5269 1278 5334 eum.
1299 5257 1478 5334 anima
1501 5252 1715 5334 sancta,
1739 5267 1792 5310 et
1820 5259 1922 5312 sub
1952 5252 2233 5334 praisentja
2261 5252 2536 5334 seniorum
2571 5252 2844 5334 excalce'at
2875 5274 2996 5312 eum
3021 5252 3445 5313 calceamentum
3463 5252 3596 5324 'ejus

361 5334 552 5404 unum,
583 5331 636 5374 et
686 5323 1008 5404 ignominiat
1038 5339 1182 5404 eum.
1237 5323 1303 5378 Et
1338 5327 1480 5404 vide‘
1504 5327 1555 5379 in
1609 5327 1694 5404 hi_s_
1723 5341 1884 5404 ex__eo
1924 5323 2065 5404 quod
2101 5326 2226 5404 alibi
2260 5327 2637 5404 scriptnm__cst
2673 5346 2686 5381 :
2727 5346 2746 5378 ‹
2790 5327 2950 5382 Solve
2984 5331 3349 5384 calceamenta
3397 5323 3594 5396 pedum

362 5399 578 5474 tuorum
615 5409 633 5442 ι
667 5394 733 5445 ad
761 5391 980 5474 Moysen
1015 5411 1028 5446 :
1056 5404 1108 5447 et
1134 5393 1328 5474 iterum
1361 5397 1412 5474 in
1441 5394 1731 5474 Evangelia
1762 5391 1992 5474 ϐίοι-ι’(
2023 5395 2193 5465 Cujus
2221 5411 2327 5448 non
2353 5391 2474 5449 sum
2510 5397 2707 5474 dignus
2740 5412 2840 5474 ego
2871 5399 3081 5454 solvere
3109 5391 3471 5454 calceatnenta
3501 5412 3597 5465 pe-

360 5458 488 5512 dum
517 5461 636 5528 ejus
662 5480 676 5515 :
707 5481 728 5513 ι
758 5479 824 5518 ne
852 5458 991 5517 forte
1017 5479 1123 5518 non
1158 5465 1230 5519 sit
1263 5469 1365 5520 hoc
1391 5469 1564 5536 ipsum
1593 5458 1807 5522 solvere
1836 5458 2282 5532 calceamehtum,
2307 5475 2360 5520 et
2385 5458 2713 5524 cxcalcéare.
2744 5458 2854 5523 Nec
2879 5469 3023 5524 enim
3045 5469 3356 5524 excalceare
3373 5458 3596 5539 jubetur

435 5599 478 5630 ⁸³
513 5598 656 5656 Psal.
703 5618 885 5670 LXXXI,
920 5601 974 5658 6.
1082 5605 1126 5636 “
1163 5604 1300 5658 Ibid.
1336 5605 1389 5660 7.
1501 5606 1545 5637 ¹⁸
1587 5605 1740 5662 Deut.
1782 5623 1910 5671 xxv,

365 5668 408 5700 “'
447 5667 580 5725 Luc.
616 5687 706 5735 ιιι,
759 5672 843 5727 16.
925 5675 967 5706 ⁸⁸
988 5673 1154 5729 Marc.
1185 5691 1223 5740 ι,
1263 5675 1313 5729 7.

2125 5607 2167 5638 ¹⁸
2202 5605 2372 5664 Exod.
2419 5623 2515 5678 ιιι,
2549 5608 2625 5676 5;
2685 5606 2799 5666 Jos.
2831 5625 2883 5677 ν,
2937 5608 3024 5666 16.
3135 5609 3178 5641 ⁸⁷
3214 5606 3375 5666 Joan.
3420 5622 3462 5676 ι,
3500 5605 3592 5662 27.

431 5785 545 5858 (6|)
583 5787 792 5857 Λόγου.
824 5787 1002 5844 Codex
1027 5789 1246 5861 Regius,
1279 5791 1464 5863 νόμου.

683 5881 951 5941 emo...
998 5884 1114 5944 Gn.
1168 5885 1331 5944 xm.
3203 5882 3282 5942 50

1501 5606 1545 5637 ¹⁸
1587 5605 1740 5662 Deut.
1782 5623 1910 5671 xxv,
1960 5607 2014 5661 7.
