4074 6300
529 361 668 420 1579

1994 350 2311 408 ORICENlS

3660 346 3802 413 I580

530 481 911 543 discalccatur,
965 492 1137 549 neque
1188 475 1429 531 calceatu
1479 473 1690 546 integro
1734 480 1981 536 ornatur,
2010 472 2095 527 sed

2207 489 2304 543 νης
2333 472 2463 544 περὶ
2504 472 2597 526 τοῦ
2624 472 2878 546 Σωτῆρος
2913 473 3162 547 ὠνόμασε
3188 460 3257 526 ’τὸ
3290 470 3577 526 ὑπολῦσαι.
3621 468 3803 538 Οὗτος

527 584 821 641 utrumque
865 569 1084 626 dimidia
1112 583 1179 622 ex
1224 575 1378 636 parte
1418 566 1611 632 habet;
1643 573 1927 636 propterea
1964 579 2090 619 con-

527 668 670 722 victo
700 680 765 719 en
786 675 968 717 coram
999 659 1309 715 senioribus
1334 657 1525 712 faciem
1551 656 1723 726 ipsius
1755 655 1950 710 mulier
1970 670 2102 709 con-

526 756 697 826 spuit;
748 751 1050 815 doctrinam
1098 748 1241 805 enim
1288 748 1493 803 liberos
1544 762 1649 800 non
1701 755 2096 816 procreantem,

523 859 697 916 neque
729 842 893 897 fctum
929 842 1145 895 dantem
1172 839 1352 895 omnis
1381 839 1560 893 anima
1594 837 1868 907 conspuit,
1895 851 2099 907 perque

521 933 692 1005 ipsius
722 928 1150 986 confutationem
1180 928 1493 990 discaleeat,
1520 926 1961 997 quotiescunque
1996 926 2099 980 im-

408 1004 415 1011 .
519 1004 692 1097 pingit
722 1037 786 1076 ac
813 1020 1049 1075 vacillat.
1088 1038 1107 1071 ι
1149 1017 1214 1072 Et
1245 1017 1578 1088 respondens
1608 1017 1723 1071 ait:
1778 1016 1869 1071 Sic
1902 1015 2102 1071 facient

520 1114 726 1170 homini
769 1114 864 1184 qui
910 1127 1019 1167 non
1065 1110 1297 1166 aediﬁcat
1343 1110 1568 1165 domum
1621 1108 1810 1165 fratris
1855 1108 1940 1164 sui
1970 1110 2036 1163 ὀ.
2075 1127 2093 1160 ι

518 1205 753 1261 Rursum
786 1213 966 1259 autem
1013 1203 1102 1258 hic
1129 1202 1379 1269 observa,
1420 1200 1886 1271 quemadmodum
1934 1201 2100 1256 homo

518 1297 819 1367 appellatus
859 1303 943 1351 est
980 1295 1075 1363 qui
1121 1305 1330 1365 peccat,
1377 1293 1451 1347 ita
1496 1292 1591 1363 qui
1639 1293 1861 1347 domum
1914 1289 2099 1346 fratris

517 1389 603 1443 sui
633 1402 740 1442 non
780 1386 1032 1449 aedificat,
1074 1385 1353 1440 hominem
1404 1398 1552 1439 nunc
1582 1380 1779 1438 iterum
1814 1381 2095 1454 appellari.

514 1477 778 1548 Quisquis
809 1492 938 1548 ergo
970 1476 1247 1531 hominem
1279 1473 1552 1546 ejusmodi
1586 1489 1619 1529 a
1651 1473 1877 1529 muliere
1902 1473 2100 1529 discal-

515 1579 727 1625 ceatum
760 1578 812 1624 et
857 1576 1185 1639 consputum
1229 1567 1459 1633 viderit,
1494 1566 1784 1637 ipsamque
1829 1566 2097 1621 dicentem

514 1663 780 1717 audiverit
805 1677 818 1714 :
853 1681 871 1713 ι
902 1661 993 1718 Sic
1023 1661 1223 1717 facient
1250 1660 1459 1715 homini
1484 1660 1580 1730 qui
1608 1673 1717 1713 non
1745 1657 1977 1713 aedificat
2003 1657 2100 1713 do-

516 1769 664 1813 mum
700 1753 884 1809 fratris
907 1753 1013 1817 sui,
1054 1773 1071 1805 )
1118 1751 1301 1807 omnia
1344 1752 1412 1807 ad
1458 1749 1871 1806 aedificationem
1909 1747 2098 1804 fratris

516 1845 600 1899 sui
633 1856 780 1915 agat;
827 1845 932 1900 nisi
964 1845 1109 1899 enim
1142 1842 1492 1899 aedificaverit
1517 1841 1701 1897 fratris
1730 1842 1817 1922 sui
1843 1841 2094 1909 domum,

514 1937 689 1991 altero
723 1938 905 1992 calceo
934 1946 1184 2001 exuetur,
1226 1943 1280 1991 et
1320 1942 1674 2006 conspuetur,
1697 1941 1752 1989 et
1779 1934 2095 2005 quicunque

516 2028 642 2084 talis
675 2028 855 2092 fuerit,
889 2044 1089 2084 nomen
1121 2028 1294 2097 ipsius
1323 2026 1380 2081 in
1411 2026 1577 2082 Israel
1606 2026 1675 2081 ab
1708 2026 1963 2089 omnibus
1993 2025 2094 2080 ha-

515 2119 816 2175 bitantibus
851 2138 871 2171 ι
909 2121 1103 2175 domus
1127 2117 1442 2175 discalceati
1476 2137 1495 2170 ι
1526 2117 1888 2188 appellabitur
1915 2117 1983 2172 “.
2013 2116 2095 2171 Ad

514 2211 740 2265 alteram
777 2225 905 2265 vero
934 2210 1218 2281 praesentis
1262 2207 1493 2277 hujusce
1527 2192 1664 2279 legis
1696 2208 2094 2278 expositionem

514 2310 749 2357 mentem
793 2312 1201 2369 convertamus,
1245 2304 1463 2371 sintque
1495 2299 1714 2366 fratres,
1751 2301 1896 2373 leges
1938 2300 2094 2368 duae;

511 2409 744 2464 quarum
791 2395 1027 2465 priorem
1056 2394 1148 2465 qui
1183 2393 1442 2456 servavit,
1476 2390 1571 2447 Dei
1604 2393 1759 2447 exlex
1791 2408 1901 2448 non
1942 2400 2091 2458 erat;

511 2487 603 2555 qui
643 2495 821 2541 autem
865 2486 1226 2558 posteriorem
1278 2492 1483 2552 tuetur,
1514 2483 1720 2539 Christi
1756 2483 1950 2540 sublex
1988 2491 2091 2539 est.

511 2579 843 2634 Adveniente
864 2589 1044 2634 autem
1076 2577 1319 2642 Christo,
1356 2576 1596 2646 intelligo
1632 2576 1871 2646 priorem
1899 2575 2093 2647 legem,

512 2670 873 2726 humanarum
908 2670 1215 2726 animarum
1248 2670 1450 2731 virum,
1495 2668 1790 2735 interiisse,
1833 2667 2094 2737 quoniam

510 2765 665 2833 prius
714 2781 733 2815 ι
780 2779 887 2818 non
931 2762 1291 2834 glorificatum
1334 2770 1439 2827 est,
1483 2760 1629 2831 quod
1662 2759 1861 2816 claruit
1891 2759 1948 2814 in
1990 2759 2097 2815 hac

509 2863 663 2926 parte
689 2862 910 2926 propter
934 2854 1290 2912 excellentem
1329 2854 1561 2926 gloriam
1595 2854 1642 2883 "
1675 2872 1694 2906 ι
1750 2866 1858 2922 qua
1898 2851 2095 2923 praedi-

511 2957 625 3004 tum
672 2956 793 3004 erat
835 2948 1141 3019 posterius;
1176 2945 1460 3018 posterior
1505 2960 1700 3015 nempe
1746 2943 1833 2999 lex
1863 2943 2091 3009 Christi,

509 3057 632 3112 qua:
669 3040 801 3111 legis
834 3039 1033 3111 prioris
1068 3054 1133 3094 ac
1174 3036 1426 3093 Mosaicae
1461 3035 1630 3091 frater
1660 3044 1764 3100 est,
1808 3035 2092 3105 ipsiusque

2203 559 2295 618 οὖν
2340 566 2370 616 ό
2416 552 2752 637 παρανομῶν
2800 565 2923 619 οὔτε
2973 566 3045 631 ἐξ
3079 565 3216 619 ὅλων
3263 564 3613 627 ὑπολέλυται,
3667 564 3801 618 οὔτε

2204 656 2378 729 πάντη
2401 659 2468 728 τῇ
2496 656 2745 711 ὑποδέσει
2774 656 3131 728 κεκόσμηται,
3158 657 3270 711 ἀλλ’
3300 655 3361 720 ἐξ
3382 656 3643 727 ἡμισείας
3667 657 3803 710 ἐκάο

2200 764 2357 819 τερον
2389 747 2501 819 ἔχει
2521 764 2534 775 ο
2573 747 2655 802 διὸ
2686 747 2919 819 ἐμπτύει
2956 749 3038 812 είς
3069 747 3130 801 τὸ
3164 747 3455 819 πρόσωπον
3485 747 3660 801 αὐτοῦ
3696 748 3801 802 καὶ

2202 839 2295 891 ἐπὶ
2313 838 2413 910 τῆς
2433 839 2724 911 γερουσίας
2743 839 3011 909 ἐλέγξασα
3042 839 3202 893 αὐτὸν
3224 840 3363 910 γυνή
3384 855 3398 870 ο
3421 839 3659 910 ἐμπτύει
3678 841 3802 913 γὰρ

2202 931 2350 984 πᾶσα
2382 929 2527 1001 ψυχὴ
2555 930 2633 1001 τῷ
2657 931 2719 984 οὐ
2751 930 3170 993 τεκνοποιοῦντι,
3205 927 3327 984 οὐδὲ
3351 930 3799 1002 καρποφοροῦιτι

2200 1020 2361 1088 λόγῳ,
2394 1020 2490 1075 καὶ
2519 1021 2608 1075 διὰ
2643 1021 2743 1092 τῆς
2780 1021 3096 1093 ἀνατροπῆς
3132 1019 3355 1075 ὑπολύει
3400 1021 3563 1077 αὐτὸν
3607 1024 3669 1077 ἐν
3709 1017 3801 1087 οἷς

2201 1113 2415 1168 πταίειο
2457 1132 2476 1165 ι
2528 1113 2636 1168 Καὶ
2676 1114 3039 1185 ἀποκριθεῖσα
3083 1113 3254 1183 λέγει,
3290 1114 3395 1179 ὅτι,
3432 1112 3593 1168 Οῦτω
3624 1116 3797 1187 md)-

2203 1224 2353 1260 σουσι
2385 1205 2463 1279 τῷ
2502 1206 2775 1282 ἀνθρώπῳ
2815 1207 2875 1271 ὃς
2912 1207 3011 1260 οὐκ
3058 1207 3332 1276 οἰκοδομεῖ
3377 1207 3469 1260 τὸν
3505 1202 3654 1262 οἶκον
3690 1204 3795 1262 τοῦ

2200 1299 2431 1370 ἀδελφοῦ
2477 1298 2664 1353 αὑτοῦ.
2710 1318 2728 1351 ι
2772 1300 2881 1353 Καὶ
2913 1298 3151 1371 πρόσχες
3195 1298 3358 1352 πάλιν
3408 1298 3668 1363 ἐνταῦθα,
3704 1300 3790 1354 ὅτι

2199 1390 2450 1463 δεύτερον
2475 1392 2503 1444 ὁ
2527 1390 2601 1456 ὡς
2622 1390 2908 1464 ἄνθρωπος
2925 1391 3036 1460 (62)
3053 1389 3369 1462 ὠνόμασται
3390 1390 3483 1444 ἐπὶ
3498 1391 3593 1444 τοῦ
3614 1392 3791 1464 ἀμαρ-

2198 1480 2474 1544 τάνοντος,
2505 1480 2601 1535 νῦν
2632 1479 2676 1533 δ’
2721 1480 2824 1553 ήδη
2848 1482 2942 1534 καὶ
2974 1482 3051 1553 μὴ
3084 1480 3490 1551 οἰκοδομοῦντος
3516 1480 3611 1534 τὸν
3640 1478 3787 1535 οἷκον

2199 1575 2292 1629 τοῦ
2324 1574 2552 1644 ἀδελφοῦ
2581 1572 2766 1628 αὑτοῦ.
2798 1575 2914 1638 Πᾶς
2941 1570 3035 1628 οὖν
3063 1576 3091 1627 ὁ
3124 1572 3338 1644 βλέπων
3357 1571 3550 1627 τοῦτον
3575 1574 3670 1628 τὸν
3696 1574 3788 1629 ἄν-

2200 1666 2415 1738 θρωπον
2444 1667 2806 1739 ὑπολυόμενον
2831 1666 2939 1720 ἀπὸ
2965 1664 3241 1735 γυναικὸς,
3265 1664 3361 1718 καὶ
3386 1664 3786 1736 ἐμπτυόμενον,

2202 1759 2293 1813 καὶ
2325 1759 2537 1814 ἀκούων
2570 1760 2739 1829 αὐτῆς
2780 1757 3044 1827 λεγούσης
3064 1774 3077 1788 ·
3133 1776 3152 1808 ι
3185 1756 3343 1811 Οὕτω
3384 1757 3678 1830 ποιήσουσι
3709 1758 3788 1829 τῷ

2199 1850 2490 1924 ἀνθρώπῳ,
2533 1851 2591 1915 δς
2636 1852 2737 1905 οὐκ
2781 1850 3055 1920 οἰκοδομεῖ
3096 1849 3187 1903 τὸν
3219 1844 3369 1903 οἷκον
3414 1848 3510 1902 τοῦ
3553 1848 3786 1920 ἀδελφοῦ

2196 1940 2381 2007 αὐτοῦ,
2418 1962 2438 1993 ι
2464 1943 2642 1998 πάντα
2676 1942 2812 2014 πρὸς
2840 1940 3127 2012 οἰκοδομὴν
3154 1939 3244 1993 τοῦ
3275 1938 3503 2010 ἀδελφοῦ
3530 1942 3782 1995 ποιείτω·

2196 2036 2244 2087 εί
2267 2035 2375 2107 γάρ
2413 2035 2488 2106 μὴ
2518 2034 2869 2106 οἰκοδομῆσαι
2900 2033 2994 2087 τὸν
3018 2030 3169 2087 οἶκον
3203 2032 3297 2086 τοῦ
3324 2032 3560 2104 ἀδελφοῦ
3592 2033 3784 2100 αὑτοῦ,

2197 2123 2598 2195 ὕπολυθήσεται
2641 2123 2704 2176 τὸ
2748 2122 2807 2178 ἐν
2851 2123 3128 2194 ὑπόδημα,
3175 2123 3269 2177 καὶ
3313 2122 3781 2194 ἐμπτυσθήσεται,

2196 2214 2374 2268 καὶτὸ
2413 2213 2586 2287 ὖνομα
2627 2215 2828 2278 παντὸς
2870 2214 2965 2267 τοῦ
3005 2213 3245 2268 τοιούτου
3285 2215 3343 2267 ἐν
3384 2213 3602 2287 Ἰσραὴλ
3633 2216 3786 2285 παρά

2194 2309 2308 2370 τοῖς
2341 2306 2509 2378 ὁρῶσι
2556 2306 2889 2378 κληθήσεται
2933 2324 2951 2357 ι
2990 2304 3137 2370 οἶκος
3181 2305 3276 2359 τοῦ
3320 2305 3680 2371 ὑπολυθέντος
3722 2306 3783 2360 τὸ

2196 2398 2464 2469 ὑπόδημα.
2504 2416 2522 2448 ι
2555 2398 2784 2469 Ἰδωμεν
2816 2398 2873 2451 δέ
2901 2398 2995 2451 καὶ
3024 2397 3282 2470 δευτέραν
3304 2399 3385 2462 εἰς
3404 2398 3497 2452 τὸν
3527 2399 3783 2472 ἐκκείμε-

2194 2507 2284 2544 νον
2316 2490 2477 2561 νόμον
2512 2489 2623 2562 (65)
2656 2491 2930 2562 διήγησιν,
2961 2490 3053 2544 καὶ
3080 2488 3324 2544 ἔστωσαν
3346 2489 3443 2544 δύο
3462 2489 3617 2561 νόμοι
3638 2490 3782 2544 ἀδελ-

2197 2581 2317 2651 φοίο
2354 2582 2476 2635 καθ’
2521 2579 2617 2646 οὓς
2643 2584 2673 2636 ό
2715 2582 2813 2651 μὲν
2851 2586 3099 2655 τηρήσας
3130 2582 3222 2636 τὸν
3262 2582 3529 2654 πρότερον
3570 2583 3673 2636 οὐκ
3711 2577 3780 2654 ἦν

2194 2671 2395 2741 ἄνομος
2424 2669 2560 2723 Θεοῦ
2579 2688 2595 2704 ο
2625 2671 2655 2724 ό
2680 2669 2737 2724 δὲ
2761 2670 2852 2724 τὸν
2876 2670 3127 2745 δεύτερον
3151 2669 3615 2739 φυλάσσωνζέστὶν
3636 2671 3781 2725 ἐννο-

2199 2778 2298 2833 μος
2331 2761 2591 2834 Χριστοῦ.
2633 2763 2742 2817 Καὶ
2785 2763 2897 2816 νόει
2946 2778 3038 2834 μοι
3081 2762 3227 2817 κατά
3265 2762 3366 2835 τὴν
3406 2764 3644 2837 Χριστοῦ
3678 2782 3782 2819 πα-

2199 2851 2420 2924 ρουσίαν
2463 2850 2784 2924 τεθνηκέναι
2824 2852 2915 2906 τὸν
2968 2852 3233 2925 πρότερον
3271 2855 3456 2926 νόμον,
3491 2855 3778 2927 ἄνθρωπον

2192 2942 2294 3013 τῆς
2325 2942 2433 2996 τῶν
2471 2941 2774 3014 ἀνθρώπων
2803 2942 3003 3015 ψυχῆς,
3038 2943 3162 2996 ἐπεὶ
3196 2962 3216 2995 ι
3257 2943 3333 3017 μὴ
3372 2944 3675 3011 δεδόξασται
3708 2947 3770 2999 τὸ

2192 3031 2579 3103 δεδοξασμένον
2622 3034 2681 3087 ἐν
2724 3032 2898 3104 τούτῳ
2946 3031 3024 3103 τῷ
3068 3033 3225 3107 μέρει
3269 3035 3526 3106 πρότερον
3573 3035 3763 3089 ἕνεκεν

510 3133 655 3188 filius
688 3128 948 3196 Verbum,
981 3130 1126 3203 quod
1154 3138 1208 3186 et
1235 3127 1473 3199 priorem
1506 3127 1711 3198 genuit.
1737 3126 1875 3181 Cum
1908 3132 2090 3181 autem

2196 3123 2293 3192 τῆς
2339 3122 2781 3197 ὑπερϐαλλούσης
2815 3122 2974 3195 δόξης
3011 3142 3031 3176 ι
3068 3124 3169 3196 τῆς
3210 3123 3343 3178 κατά
3376 3124 3436 3178 τὸ
3474 3123 3762 3196 δεύτερονδ

508 3223 673 3281 simul
698 3222 1007 3277 habitarent
1035 3222 1145 3277 duo
1176 3220 1231 3274 hi
1264 3218 1481 3283 fratres,
1513 3230 1751 3288 tempore
1788 3216 2091 3288 praesertim

508 3319 796 3381 adventus,
826 3314 961 3368 alter
984 3328 1173 3369 eorum
1202 3312 1357 3377 obiit,
1402 3325 1578 3381 neque
1624 3323 1810 3365 semen
1837 3318 1958 3364 erat
1989 3308 2089 3375 illi,

506 3410 598 3465 sed
626 3407 868 3464 defuncti
909 3419 1066 3469 uxor,
1092 3404 1309 3459 subdita
1352 3417 1549 3472 nempe
1590 3400 1693 3471 legi
1723 3399 1930 3466 anima,
1967 3408 2096 3471 post

507 3493 705 3566 prioris
728 3494 830 3550 viri
874 3502 1126 3558 mortem,
1155 3491 1221 3547 ad
1265 3498 1587 3547 extraneum
1632 3489 1813 3544 virum
1855 3504 1954 3544 nec
1986 3490 2092 3545 sibi

507 3588 871 3658 propinquum
905 3602 1012 3641 non
1045 3584 1270 3652 transit;
1300 3582 1386 3639 vir
1407 3584 1552 3639 enim
1582 3582 1694 3649 illc,
1719 3585 1802 3638 lex
1827 3572 2085 3637 nimirum

507 3675 804 3748 Evangelii,
856 3685 1042 3747 utpote
1075 3675 1347 3731 demortui
1380 3674 1481 3728 viri
1532 3673 1720 3741 frater,
1765 3673 1933 3744 priori
1982 3673 2087 3745 legi

510 3769 767 3824 affinitate
797 3770 1125 3839 conjunctus
1159 3776 1266 3830 est,
1293 3775 1347 3822 et
1375 3766 1586 3821 accedit
1625 3765 1692 3821 ad
1727 3764 1910 3822 fratris
1947 3781 2086 3821 uxo-

509 3877 646 3916 rem.
685 3862 858 3926 Pauli,
889 3858 1123 3930 exempli
1153 3860 1347 3930 gratia,
1377 3859 1616 3913 animam
1648 3858 1753 3930 legi
1784 3858 2086 3929 subjectam

412 4018 415 4021 Α
510 3952 819 4015 considera,
865 3962 1027 4020 atque
1055 3950 1231 4020 ipsum
1266 3949 1460 4005 deinde
1491 3947 1782 4021 Evangelio
1809 3949 2086 4005 subditum

508 4050 727 4115 propter
760 4039 1062 4103 Christum,
1113 4039 1204 4109 qui
1241 4039 1417 4110 ipsum
1472 4056 1501 4094 a
1551 4040 1668 4110 lcge
1708 4040 1976 4095 redemit:
2022 4054 2089 4095 ac

508 4136 632 4191 vide
660 4149 841 4193 annon
873 4132 1070 4185 animae
1099 4130 1253 4185 Pauli
1288 4131 1371 4185 vir
1404 4131 1619 4197 obierit,
1665 4139 1721 4187 et
1749 4140 1968 4187 mortuo
2000 4140 2087 4187 ta-

508 4243 632 4284 men
665 4241 731 4281 eo
764 4223 1002 4280 defuncti
1037 4239 1173 4278 uxor
1204 4222 1352 4279 foras
1380 4239 1490 4279 non
1520 4224 1665 4290 ierit,
1691 4232 1753 4279 ut
1778 4225 1945 4296 820
1977 4226 2086 4280 hae-

509 4317 692 4373 reticis
718 4329 1040 4385 persuasum
1073 4323 1175 4381 est,
1208 4328 1384 4385 neque
1410 4313 1530 4393 viro
1556 4313 1660 4371 sibi
1688 4314 1913 4370 minime
1940 4314 2084 4369 affini

2194 3211 2446 3283 δεύτερον
2466 3212 2522 3265 δὲ
2547 3212 2709 3285 νόμον
2734 3212 2828 3267 τοῦ
2852 3212 3114 3287 Χριστοῦ,
3138 3212 3355 3285 ἀδελφὸν
3368 3212 3499 3267 ὄντα
3523 3214 3620 3269 τοῦ
3641 3232 3774 3287 προ-

2193 3302 2353 3375 τέρου
2395 3303 2488 3357 καὶ
2519 3303 2608 3357 διὰ
2640 3304 2940 3370 Μωῦσέως,
2974 3307 3069 3359 καὶ
3097 3304 3213 3361 υίὺν
3248 3306 3345 3360 τοῦ
3377 3304 3543 3360 αὐτοῦ
3578 3304 3773 3375 Λόγον,

2191 3394 2250 3459 ὃς
2272 3394 2479 3448 καὶτὸν
2504 3396 2770 3467 πρότερον
2789 3394 3065 3468 ἐγέννησε.
3097 3396 3511 3452 Κατοικούντων
3536 3393 3628 3451 οὖν
3654 3398 3775 3452 τού-

2194 3506 2298 3543 των
2329 3487 2438 3542 τῶν
2484 3488 2579 3543 δύο
2620 3488 2866 3559 ἀδελφῶν
2908 3490 3003 3543 ἐπὶ
3044 3489 3107 3543 τὺ
3152 3489 3304 3558 αὐτὸ,
3357 3489 3593 3562 μάλιστα
3634 3488 3776 3543 κατά

2192 3579 2291 3651 τὴν
2318 3580 2639 3652 παρουσίαν,
2672 3579 2944 3636 ἀπέθανεν
2970 3582 2999 3635 ὁ
3020 3575 3102 3646 εἷς
3130 3581 3191 3647 ἐξ
3221 3581 3428 3647 αὐτῶν,
3456 3583 3550 3636 καὶ
3580 3580 3679 3634 οὐκ
3705 3575 3774 3651 ἦν

2194 3671 2343 3743 αὐτῷ
2376 3672 2616 3744 σπέρμα,
2645 3672 2780 3727 ἀλλὰ
2813 3674 2847 3745 ἡ
2872 3672 3011 3745 γυνὴ
3034 3672 3127 3728 τοῦ
3160 3671 3489 3746 τεθνηκότος
3520 3671 3659 3745 μετὰ
3682 3672 3774 3727 τὸν

2194 3763 2422 3819 θάνατον
2458 3765 2552 3819 τοῦ
2576 3765 2844 3838 προτέρου
2873 3765 3085 3838 ἀνδρὸς,
3120 3766 3156 3837 ἡ
3190 3766 3295 3820 ὑπὸ
3318 3765 3483 3836 νόμον
3518 3763 3686 3836 ψυχὴ,
3712 3765 3772 3817 οὐ

2193 3856 2402 3925 γίνεται
2443 3855 2548 3924 ἐξω
2580 3855 2735 3929 ἀνδρὶ
2780 3855 2856 3927 μὴ
2888 3855 3188 3926 ἐγγίζοντι·
3234 3854 3437 3926 ἐγγίζει
3471 3853 3583 3925 γάρ
3612 3853 3772 3924 ἀνὴρ,

2190 3953 2219 4005 ό
2250 3949 2343 4007 τοῦ
2385 3948 2714 4019 Εὐαγγελίου
2743 3949 2926 4020 νόμος,
2963 3950 3040 4012 ὡς
3070 3948 3298 4025 ἀδελφὸς
3329 3945 3424 4001 τοῦ
3467 3947 3660 4019 ἀνδρὸς
3695 3965 3774 4001 τε·

2192 4042 2471 4116 θνηκότος,
2506 4040 2582 4113 τῷ
2624 4042 2876 4114 προτέρῳ
2922 4041 3091 4114 νόμῳ,
3142 4042 3237 4095 καὶ
3286 4041 3592 4113 εἰσέρχεται
3638 4041 3773 4112 πρὸς

2193 4135 2292 4208 τὴν
2326 4137 2555 4204 γυναῖκα
2582 4133 2678 4187 τοῦ
2710 4131 2940 4205 ἀδελφοῦ
2959 4151 2972 4165 ·
3003 4128 3137 4199 οἷον,
3171 4134 3249 4200 ὡς
3278 4134 3372 4187 ἐπὶ
3401 4132 3773 4207 παραδείγμα-

2192 4240 2303 4288 τος,
2338 4222 2415 4278 ἰδέ
2447 4242 2538 4297 μοι
2572 4228 2670 4297 τὴν
2702 4225 2912 4280 Παύλου
2949 4225 3129 4298 ψυχὴν
3162 4225 3266 4279 ὑπὸ
3304 4226 3491 4297 νόμον,
3529 4220 3646 4278 εἶτα
3685 4223 3771 4276 διὰ

2191 4315 2423 4388 Χριστὸν
2458 4316 2865 4389 ἐξαγοράσαντα
2890 4318 3051 4371 αὑτὸν
3073 4318 3183 4372 ἀπὸ
3207 4315 3303 4372 τοῦ
3332 4316 3522 4389 νόμου,
3555 4315 3773 4386 γενόμε-

508 4408 794 4478 conjuncta
820 4405 931 4461 sit:
966 4404 1132 4462 frater
1157 4404 1301 4461 enim
1324 4404 1427 4460 viri
1448 4405 1569 4476 ejus
1596 4404 1662 4461 ad
1689 4419 1810 4461 eam
1834 4406 2083 4471 accessit,

2196 4422 2280 4460 vov
2321 4408 2427 4461 ὑπὸ
2469 4407 2529 4461 τὸ
2567 4408 2895 4479 Εὑαγγέλιον
2916 4426 2932 4442 ο
2968 4410 3064 4463 καὶ
3107 4409 3209 4479 ὅρα
3240 4410 3290 4463 εί
3331 4408 3407 4481 μὴ
3439 4407 3706 4462 ἀπέθανεν
3741 4407 3771 4457 ὁ

1674 4520 1905 4577 VETUS
1942 4521 2519 4581 INTERPRETATIO.

509 4644 744 4716 Moyses,
774 4660 876 4700 nec
906 4643 1148 4716 Joannes
1189 4641 1256 4697 de
1296 4640 1578 4716 salvatore
1610 4639 1861 4716 loquens,
1897 4641 2209 4699 excalceare
2232 4643 2390 4716 dixit,
2424 4644 2517 4716 sed
2546 4663 2564 4696 ι
2598 4646 2829 4716 solvere.
2865 4663 2884 4697 ›
2916 4642 3021 4700 lste
3045 4651 3229 4699 autem
3258 4641 3352 4713 qui
3379 4651 3568 4716 contra
3602 4642 3770 4713 legem

508 4710 640 4786 agit,
670 4716 1035 4771 excalceatur.
1069 4713 1244 4768 Omne
1278 4712 1422 4766 enim
1455 4711 1657 4786 dogma
1680 4710 1938 4786 quoniam
1973 4726 2040 4766 ex
2078 4714 2369 4786 occasione
2402 4715 2648 4770 veritatis
2679 4714 3085 4786 Scripturarum
3137 4710 3415 4786 nascitur,
3457 4710 3772 4781 plerumque

512 4780 573 4840 in
600 4787 780 4856 aliqua
809 4786 1029 4856 quidem
1063 4792 1225 4856 parte
1249 4796 1436 4856 verum
1464 4781 1617 4846 dicit,
1645 4780 1701 4834 in
1734 4780 2046 4856 alia_autem
2089 4783 2308 4856 falsum.
2337 4782 2394 4837 In
2419 4799 2528 4856 qua
2554 4799 2684 4856 ergo
2711 4780 2867 4856 parte
2897 4783 3092 4856 falsum
3123 4783 3275 4856 dicit,
3316 4783 3369 4836 in
3399 4796 3463 4837 ea
3501 4792 3655 4856 parte
3687 4780 3772 4836 ar-

514 4850 719 4922 guitur",
752 4865 806 4911 et
827 4850 1146 4911 convictum
1178 4853 1248 4908 ab
1276 4852 1458 4907 anima
1494 4857 1685 4906 sancta
1712 4850 2056 4924 excalceatur
2078 4868 2111 4908 a
2135 4854 2316 4909 colore
2340 4850 2656 4911 verisimilis
2679 4850 2882 4911 erroris
2924 4854 3031 4921 sui,
3061 4855 3206 4924 quod
3238 4852 3416 4908 fuerat
3450 4853 3769 4924 calceatum.

513 4921 581 4980 Et
621 4921 742 4979 ideo
784 4926 964 4980 omnis
1000 4924 1398 4995 haeresiarclms
1431 4936 1612 4995 sermo
1644 4934 1745 4976 nec
1774 4921 1842 4975 ad
1868 4922 2086 4995 plenum
2113 4925 2456 4979 excalceatus
2493 4935 2597 4990 est,
2625 4941 2727 4981 nec
2748 4924 2816 4979 ad
2846 4921 3495 4995 plenum'calceamentis
3522 4929 3774 4995 ornatus.

513 4995 740 5064 Propter
781 4996 925 5064 quod
951 4995 1169 5064 exspuit
1198 4994 1251 5048 iu
1287 4992 1480 5048 faciem
1511 4992 1631 5064 ejus
1674 5006 1858 5064 coram
1890 4994 2198 5064 senioribus
2226 4994 2423 5049 mulier
2452 4994 2543 5049 illa
2587 4990 2982 5052 abreiiuniians
3012 5009 3159 5050 eum.
3196 4992 3475 5064 Exspuem
3507 4991 3652 5047 enim
3695 4990 3776 5064 vi:

513 5059 675 5120 detur
706 5065 760 5118 in
794 5059 1003 5135 faciem
1048 5059 1319 5135 dogmatis
1362 5059 1581 5135 erratici
1629 5061 1810 5117 omnis
1840 5063 2023 5118 anima
2058 5063 2113 5118 in
2153 5080 2220 5119 co
2253 5063 2400 5135 quod
2432 5067 2782 5121 abrenuntiat
2829 5067 3030 5135 ipsum,
3066 5075 3120 5119 et
3153 5059 3393 5135 abdicat;
3422 5059 3490 5116 Et
3516 5076 3643 5116 vere
3659 5059 3776 5135 nisi

514 5134 981 5205 abrenuntiaverit
1005 5130 1189 5205 anima
1227 5148 1390 5205 omne
1414 5134 1609 5204 dogma
1642 5146 1981 5205 perversum,
2002 5149 2133 5205 gnon
2171 5130 2349 5205 potest
2374 5133 2600 5190 ﬁrmiter
2626 5138 2796 5191 verbo
2825 5130 3029 5190 nubere
3055 5130 3419 5205 vcritaftis.7Et
3441 5130 3775 5205 respondens

513 5207 659 5261 dicet
693 5224 706 5260 :
748 5224 766 5256 ι
808 5203 900 5260 Sic
938 5204 1138 5276 facient
1181 5203 1425 5267 homini,
1454 5200 1547 5276 qui
1591 5200 1959 5276 nottgaadificat
1984 5200 2208 5259 domum
2245 5203 2430 5276 fratris
2462 5205 2569 5260 sui.
2603 5224 2622 5257 ι
2659 5206 2850 5261 Omnis
2877 5222 3007 5276 ergo
3033 5206 3127 5275 qui
3154 5204 3299 5259 videt
3325 5204 3471 5276 hunc
3499 5200 3773 5276 hominem

513 5276 821 5350 e-xcalceari
851 5292 881 5331 a
909 5275 1154 5350 muliere,
1197 5285 1251 5350 et
1284 5271 1497 5350 ηερ-υἱ,
1528 5284 1598 5350 _et
1620 5274 1810 5350 audire
1835 5273 2103 5350 dicentem
2136 5292 2201 5350 :_i
2223 5273 2331 5350 ‘Sic
2356 5272 2557 5350 facient
2580 5277 2729 5331 omni
2762 5271 2969 5350 homini
2997 5271 3091 5344 qui
3132 5290 3243 5350 non
3293 5272 3524 5350 aedificat
3552 5271 3771 5350 domum

515 5348 699 5403 fratris
740 5347 860 5411 sui,
917 5365 934 5398 ι
970 5346 1154 5399 omnia
1185 5346 1250 5399 al
1295 5342 1708 5399 aedificationem
1736 5342 1923 5399 fratris
1947 5344 2125 5399 facere
2151 5346 2328 5400 debet.
2371 5345 2429 5401 Si
2457 5354 2637 5402 autem
2675 5362 2782 5402 non
2825 5342 3174 5401 aedificaverit
3213 5344 3439 5400 domum
3474 5342 3659 5411 fratris
3690 5342 3773 5394 sui

514 5417 672 5487 legis,
695 5410 1102 5472 excalceabitur
1143 5415 1392 5487 similiter
1415 5430 1583 5469 unum
1607 5415 2057 5487 calceamentum,
2092 5424 2145 5471 et
2168 5425 2485 5485 exspuetur,
2511 5426 2567 5472 et
2591 5432 2790 5472 nomen
2824 5417 2945 5486 ejus
2976 5416 3259 5487 vocabitur
3285 5415 3350 5487 in_
3370 5411 3535 5487 lsrael
3557 5410 3627 5465 ab
3651 5424 3775 5464 om-

444 5552 448 5561 .
514 5480 1011 5554 uiliusvidentibus
1035 5501 1182 5553 eum,
1221 5505 1241 5537 ι
1289 5486 1488 5539 domus
1528 5485 1821 5540 excalceati
1857 5480 2303 5542 calecamentum.
2347 5506 2365 5541 ι
2397 5480 2666 5554 Quoniam
2714 5480 2896 5543 autem
2940 5486 3136 5540 animae
3166 5488 3245 5541 vir
3273 5484 3422 5554 prior
3452 5480 3558 5539 fuit
3593 5494 3779 5537 sermo

585 5611 632 5642 “
676 5609 891 5666 Denter.
941 5592 1068 5676 xxv,
1113 5610 1168 5665 9.
1245 5588 1289 5641 ’ί
1333 5607 1466 5662 Ibid.
1516 5608 1601 5662 f0.
1676 5608 1723 5640 ²¹
1761 5605 1801 5660 ll
1834 5607 1962 5662 Cor.
1990 5606 2189 5669 "1,10.

586 5705 697 5775 (ω)
745 5706 799 5757 '0
851 5706 932 5772 ὡς
976 5705 1304 5777 ἅνθρωπος.
1360 5703 1630 5777 Partirula
1681 5707 1709 5759 ό
1752 5705 1837 5759 hic
1889 5704 2095 5776 παρέλκ

2201 5715 2254 5761 ct
2294 5707 2649 5777 expungcnda
2677 5714 2779 5762 cst.
2807 5702 3068 5758 llus'rtns.

586 5774 696 5847 (65)
735 5777 953 5844 Νόμον.
982 5776 1164 5831 Codex
1193 5774 1414 5846 Regius,
1444 5776 1624 5827 τόπον.
