4074 6300
403 449 534 507 ιδει
1317 442 1667 501 COMMENT.
1710 444 1776 499 IN
1817 441 2232 499 MATTH/EUM
2266 442 2501 498 TOMUS
2538 440 2699 498 XVII.
3509 447 3645 501 lIiS‘Z

400 566 539 638 ἀνὴρ
572 563 671 635 τῆς
702 562 912 617 Παύλου
943 561 1138 633 ψυχῆς,
1176 563 1266 615 καὶ
1306 564 1459 618 οὐδὲν
1486 560 1646 637 ἦττον
1676 563 1965 618 ἀποθανόν-

2070 560 2170 615 sibi
2197 576 2419 616 uxorem
2453 562 2771 631 assumpsit,
2815 575 2939 615 cum
2973 575 3146 631 caque
3177 562 3459 630 habitavit,
3496 573 3549 618 et
3577 582 3641 618 et

397 672 489 718 τος
514 654 744 715 ἐκείνου,
770 652 906 724 γυνὴ
940 655 1034 705 τοῦ
1067 652 1383 725 τεθνηκότος
1409 654 1469 707 ού
1490 654 1711 723 γέγονεν
1738 653 1862 718 ἔξω,
1896 653 1965 717 ὡς

2076 650 2297 706 nomine
2326 648 2589 714 defuncti,
2633 649 2866 714 fructus,
2911 665 2977 705 ac
3011 650 3211 720 proles,
3245 659 3409 723 atque
3441 651 3643 715 infans,

398 746 599 799 οἴονται
626 746 678 798 οἱ
706 744 814 799 ἀπὸ
838 744 946 797 τῶν
966 744 1227 817 αἱρέσεων
1249 745 1379 816 (64),
1408 743 1529 799 οὐδὲ
1547 746 1701 817 ἀνδρὶ
1729 745 1802 816 μὴ
1825 744 1974 813 ἐγγί-

398 835 545 901 ζοντι
563 851 577 866 ·
607 834 637 889 6
668 834 777 907 γὰρ
806 834 1034 905 ἀδελφὸς
1063 835 1157 888 τοῦ
1190 835 1380 907 ἀνδρὸς
1400 836 1571 908 αὐτῆς
1592 836 1807 908 εἰσῆλθε
1837 836 1973 908 πρὸς

398 923 589 995 αὑτὴν,
618 923 714 978 καὶ
741 922 930 976 ἐλαϐεν
955 921 1124 993 αὐτὴν
1150 923 1327 995 ἐαυτῷ
1344 926 1425 990 είς
1449 928 1697 995 γυναῖκα,
1726 925 1821 978 καὶ
1850 942 1972 978 συν-

278 1056 291 1067 .
396 1015 612 1088 ῴκησεν
636 1015 797 1087 αὐτῇ,
824 1016 919 1070 καὶ
939 1016 1163 1084 γέγονεν
1181 1016 1210 1069 ό
1239 1016 1470 1089 καρπὸς,
1500 1018 1595 1072 καὶ
1622 1016 1684 1071 τὸ
1702 1017 1983 1090 γέννημα,

399 1108 492 1163 καὶ
521 1107 583 1162 τὸ
621 1106 851 1170 παιδίον,
884 1106 978 1160 καὶ
1017 1106 1078 1160 τὸ
1120 1108 1306 1178 τεχθὲν
1336 1107 1446 1179 (65)
1478 1111 1543 1163 ἐκ
1580 1109 1675 1164 τοῦ
1710 1110 1971 1181 ὀνόματος

396 1198 490 1253 τοῦ
522 1196 998 1267 τετελευτηκότοςο
1042 1196 1185 1251 κατά
1216 1197 1324 1271 γὰρ
1358 1199 1448 1252 τὸν
1482 1199 1849 1270 πνευματικὸν
1888 1199 1972 1253 νό-

399 1304 500 1359 μον
536 1286 599 1341 τὸ
624 1285 952 1355 Εὑαγγέλιον
979 1285 1234 1357 ὀνομάζει
1270 1286 1468 1353 πάντα,
1501 1288 1595 1343 καὶ
1635 1289 1736 1343 οὑκ
1767 1288 1971 1359 ἐξήλει-

398 1397 530 1434 πται
553 1379 614 1433 τὸ
641 1378 811 1450 ὄνομα
829 1377 923 1432 τοῦ
948 1379 1395 1451 τετελευτηκότος
1421 1381 1508 1435 ὅτε
1539 1381 1793 1454 ἐλήλυθεν
1819 1383 1846 1435 6
1880 1384 1970 1437 νό-

398 1488 502 1543 μος
530 1469 624 1524 τοῦ
651 1470 1014 1540 Εὐαγγελίου·
1046 1472 1198 1544 παρά
1223 1472 1334 1546 γάρ
1369 1472 1450 1545 τῷ
1472 1473 1712 1546 ἀληθινῷ
1757 1474 1972 1547 Ἰσραήλ

396 1564 639 1634 τηρεῖται
685 1563 780 1636 καὶ
820 1562 882 1617 τὸ
926 1562 1096 1635 ὄνομα
1139 1562 1233 1618 τοῦ
1262 1564 1546 1638 προτέρου.
1594 1566 1690 1631 Τίς
1729 1566 1787 1621 δὲ
1833 1567 1971 1639 μετὰ

398 1656 570 1709 ταῦτα
598 1656 628 1711 ό
654 1654 729 1727 μὴ
755 1654 1073 1727 βουλόμενος
1102 1656 1386 1729 ἄνθρωπος
1407 1658 1593 1714 λαϐεῖν
1618 1659 1716 1731 τήν
1737 1663 1971 1729 γυναῖκα

396 1741 492 1798 τοῦ
525 1742 753 1814 ἀδελφοῦ
780 1742 1055 1817 ἐαυτοῦ,ἢ
1088 1747 1121 1799 6
1154 1747 1213 1800 ἐν
1255 1749 1373 1811 ταῖς
1401 1747 1644 1819 αἱρέσεσι
1672 1748 1845 1818 λόγος,
1893 1750 1967 1820 μὴ

398 1836 716 1908 βουλόμενος
734 1836 834 1909 τὴν
857 1854 910 1890 τι
916 1837 1169 1913 μήσασαν
1188 1838 1364 1927 ψυχὴν
1385 1840 1476 1894 τὸν
1497 1840 1760 1914 πρότερον
1779 1842 1965 1913 ἄνδρα,

2072 748 2127 795 et
2163 738 2302 796 fetus
2326 742 2569 797 exstitit:
2600 757 2723 796 nam
2751 740 2905 810 juxta
2934 741 3267 811 spiritualem
3306 742 3477 811 legem
3526 759 3645 798 om-

2026 862 2033 869 ε
2073 830 2164 885 nia
2194 831 2440 886 nominat
2467 830 2839 917 Evangelium,
2864 847 2965 887 nec
2994 842 3281 902 postquam
3321 832 3641 890 advenith

2073 921 2369 993 Evangelii,
2402 922 2643 978 defuncti
2674 938 2871 979 nomen
2899 924 3247 980 obliteratum
3283 934 3400 997 est;
3432 924 3486 979 in
3520 943 3646 982 vero

2072 1017 2313 1083 sedenim
2366 1017 2549 1082 Israel,
2602 1018 2803 1088 prioris
2849 1034 3044 1074 nomen
3100 1018 3645 1091 servatur.uninam

2072 1116 2251 1163 autem
2279 1118 2462 1178 postea
2492 1109 2656 1164 homo
2683 1108 2772 1165 ille
2803 1117 2886 1167 cst
2915 1108 3098 1165 fratris
3120 1108 3202 1165 sui
3234 1124 3460 1166 uxorem
3485 1126 3647 1166 assu-

2072 1213 2219 1253 mere
2266 1199 2479 1265 nolens,
2517 1198 2621 1254 nisi
2661 1198 3040 1255 haereticorum
3084 1199 3352 1264 doctrina,
3406 1201 3646 1257 animam

2071 1304 2193 1359 qua:
2215 1289 2380 1358 priori
2412 1304 2511 1345 suo
2534 1290 2672 1356 viro,
2704 1290 3008 1361 priorisque
3038 1290 3137 1345 viri
3168 1291 3448 1347 memoriae
3474 1292 3648 1348 hono-

2071 1395 2186 1436 rem
2227 1380 2495 1445 exhibuit,
2534 1382 2820 1437 admittere
2856 1383 3152 1438 recusaus?
3178 1382 3442 1439 adversus
3482 1399 3647 1455 quam

2072 1470 2256 1525 fratris
2287 1470 2459 1541 ipsius
2496 1487 2633 1526 uxor
2666 1473 2731 1527 ad
2773 1481 2986 1541 portam
3014 1473 3280 1538 ascendit,
3311 1472 3379 1527 de
3418 1489 3526 1543 qua
3559 1475 3646 1529 di-

2071 1567 2217 1615 ctum
2254 1569 2338 1615 est
2372 1558 2457 1612 "z
2493 1579 2513 1611 ι
2564 1558 2688 1615 Hice
2730 1572 2884 1630 porta
2920 1561 3154 1628 Dbmini,
3195 1563 3330 1633 justi
3369 1563 3648 1620 intrabunt

2071 1650 2125 1704 in
2149 1665 2292 1713 eam,
2324 1670 2343 1703 ι
2378 1661 2432 1705 et
2451 1650 2518 1706 ad
2543 1659 2791 1706 senatum
2817 1652 3080 1721 ascendit,
3102 1668 3339 1724 eumque
3363 1654 3647 1711 denuntiat

2070 1740 2164 1811 qui
2199 1739 2353 1795 fratri
2394 1756 2496 1797 suo
2531 1755 2713 1798 semen
2746 1743 2799 1797 in
2841 1743 3008 1799 Israel
3050 1743 3318 1800 suscitare
3355 1761 3466 1801 non
3509 1747 3645 1815 vult,

2070 1846 2247 1901 neque
2279 1830 2370 1887 Dei
2402 1832 2503 1903 legi
2528 1848 2624 1903 per
2648 1833 2886 1905 Moysem
2910 1834 3122 1890 traditae
3151 1837 3414 1893 honorem
3442 1832 3647 1910 imper-

397 1928 491 1982 καὶ
522 1929 619 2000 τὴν
649 1931 866 2000 μνήμην
896 1929 991 1983 τοῦ
1024 1911 1289 2002 προτέρου
1314 1932 1507 2005 ἀνδρὸς
1536 1911 1965 2006 παραδέξασθαι;

2071 1924 2180 1977 tiri.
2208 1922 2503 1993 Postquam
2528 1938 2656 1995 ergo
2685 1925 2755 1979 ab
2782 1925 3096 1995 hujusmodi
3129 1927 3354 1985 homine
3382 1930 3646 2002 quaesive-

396 2021 516 2075 καθ’
544 2014 606 2075 οὗ
634 2021 915 2075 ἀναϐαίνει
942 2024 975 2094 ή
1005 2021 1142 2095 γυνὴ
1173 2023 1267 2077 τοῦ
1294 2024 1524 2095 ἀδελφοῦ
1557 2025 1722 2080 αὑτοῦ
1756 2027 1849 2081 ἐπὶ
1869 2026 1969 2098 τὴν

397 2113 590 2184 πύλην,
626 2112 754 2184 περὶ
778 2107 846 2185 ἦς
869 2112 1114 2168 λέλεκται
1132 2115 1195 2168 τὸ
1214 2154 1230 2179 ,
1265 2133 1284 2167 t
1319 2114 1467 2187 Αὕτη
1495 2118 1529 2189 ή
1558 2116 1698 2190 πύλη
1728 2117 1822 2183 τοῦ
1857 2120 1969 2171 Κυ-

395 2204 539 2277 ρίου,
575 2204 771 2259 δίκαιοι
808 2204 1202 2261 εἰσελεύσονται
1229 2208 1287 2261 ἐν
1316 2208 1474 2281 αὐτῇ,
1516 2227 1536 2263 ι
1573 2210 1666 2263 καὶ
1692 2210 1967 2267 ἀναϐαίνει

394 2297 488 2349 ἐπὶ
516 2296 614 2368 τὴν
653 2296 961 2368 γερουσίαν,
993 2298 1087 2353 καὶ
1117 2299 1544 2373 διαμαρτύρεται
1576 2303 1706 2375 περὶ
1751 2302 1846 2357 τοῦ
1889 2306 1967 2377 μὴ

397 2389 721 2460 βουλομένου
752 2390 1055 2460 ἀναστῆσαι
1096 2389 1318 2462 σπέρμα
1357 2389 1434 2461 τῷ
1473 2390 1685 2462 ἀδελφῷ
1709 2393 1874 2447 αὑτοῦ
1910 2396 1967 2449 ὲν

405 2481 640 2554 Ἰσραὴλ,
693 2481 829 2553 μηδὲ
872 2481 1101 2552 τιμῆσαι
1140 2480 1235 2535 τὸν
1265 2482 1359 2536 τοῦ
1402 2481 1539 2537 Θεοῦ
1578 2484 1855 2550 Μωῡσὲως
1882 2486 1968 2540 νό-

396 2592 517 2647 μον.
558 2574 727 2629 Ἐπάν
747 2569 897 2646 οῦνή
925 2573 1185 2645 γερουσία
1212 2573 1448 2646 πύθηται
1474 2576 1568 2631 τοῦ
1597 2576 1837 2631 τοιούτου
1872 2578 1968 2632 ἀν-

393 2666 613 2739 θρώπου
644 2670 694 2722 εί
733 2667 907 2741 ἀληθῆ
953 2669 1081 2741 περὶ
1122 2669 1285 2723 αὑτοῦ
1328 2669 1475 2738 λέγει
1502 2671 1537 2739 ἠ
1583 2669 1742 2742 γυνὴ,
1780 2671 1874 2724 καὶ
1901 2673 1963 2725 οὐ

395 2758 644 2829 βούλεται
686 2758 1051 2830 ἐξαναστῆσαι
1097 2760 1320 2832 σπέρμα
1366 2758 1446 2831 τῷ
1499 2754 1712 2831 ἀδελφῷ
1760 2760 1926 2815 αὑτοῦ
1946 2778 1961 2793 ο

392 2847 518 2901 τότε
564 2850 928 2922 προσέρχεται
968 2853 1003 2923 ἡ
1044 2852 1183 2923 γυνὴ
1224 2850 1320 2905 τοῦ
1361 2849 1682 2924 τεθνηκότος
1726 2852 1966 2906 ἐναντίον

393 2941 493 3011 τῆς
521 2940 830 3012 γερουσίας,
875 2944 970 2996 καὶ
1014 2942 1235 2997 ὑπολύει
1278 2944 1339 2997 τὸ
1379 2943 1632 3014 ὑπόδημα
1659 2942 1721 2996 τὸ
1759 2942 1817 2997 ἓν
1857 2943 1965 2997 ἀπὸ

391 3031 488 3085 τοῦ
520 3032 678 3096 ποδὸς
700 3033 885 3099 αὐτοῦ,
911 3035 999 3089 ἵνα
1024 3036 1129 3091 κᾶν
1222 3036 1608 3107 ὑποδεδεμένος
1636 3034 1698 3090 τὸ
1725 3035 1963 3108 Χριστοῦ

389 3121 559 3193 ὄνομα
605 3123 995 3194 ὑπολελυμένος
1025 3143 1086 3179 τε
1208 3126 1269 3179 τὸ
1310 3126 1406 3180 τοῦ
1452 3124 1589 3179 Θεοῦ
1633 3125 1822 3197 δνομα,
1869 3127 1963 3180 καὶ

388 3211 480 3266 διά
518 3212 674 3267 τοῦτό
710 3230 775 3282 γε
804 3214 905 3268 οὐκ
943 3214 1170 3282 ἐνδόξως
1209 3214 1328 3268 οὑδὲ
1368 3214 1585 3286 ἀληθῶς
1626 3215 1689 3268 τὸ
1724 3215 1961 3287 Χριστοῦ
1989 3235 2031 3292 C

389 3302 573 3375 φορῶν
620 3303 822 3375 ϐνομαο
883 3304 1116 3376 ἐμπτύει
1167 3305 1224 3359 δὲ
1273 3307 1368 3361 καὶ
1413 3309 1494 3372 είς
1538 3307 1827 3381 πρόσωπον
1864 3308 1958 3364 τοῦ

387 3393 627 3448 τοιούτου
671 3396 706 3466 ή
746 3394 903 3467 γυνὴ,
948 3395 1043 3450 καὶ
1082 3395 1327 3463 ὀνειδίζει
1360 3397 1437 3463 ὡς
1475 3397 1746 3471 ἀνθρώπῳ
1787 3400 1958 3472 αὑτῷ,

374 3485 483 3545 ,καὶ
508 3486 569 3540 οὑ
611 3485 922 3558 βουληθέντι
966 3486 1348 3559 θεοποιηθῆναι
1379 3491 1443 3543 ἐκ
1484 3489 1579 3544 τοῦ
1607 3493 1960 3563 καρποφορῆ-

389 3592 511 3630 σαι*
546 3575 640 3629 καί
680 3593 844 3648 φησιν
882 3577 1024 3632 οὕτω
1067 3579 1231 3632 παντὶ
1271 3578 1490 3632 ἔσεσθαι
1526 3579 1603 3651 τῷ
1650 3581 1726 3651 μὴ
1758 3582 1961 3635 οἰκοδο-

393 3665 624 3735 μήσαντι
648 3666 738 3720 τὸν
761 3662 909 3723 οἷκον
940 3666 1034 3721 τοῦ
1058 3666 1287 3737 ἀδελφοῦ
1316 3667 1503 3733 αὑτοῦ,
1534 3669 1628 3723 τοῦ
1657 3671 1958 3741 Εὑαγγελι-

390 3755 489 3809 κοῦ
527 3755 709 3826 λόγου,
735 3759 764 3811 6
785 3759 1009 3830 νομικός
1039 3762 1156 3814 ἐστι
1182 3760 1277 3814 καὶ
1310 3761 1674 3832 προφητικός·
1706 3762 1800 3816 καὶ
1831 3762 1960 3817 ἀλλο

388 3846 558 3918 ὄνομα
576 3848 673 3919 οὑχ
703 3849 813 3916 ἕξει
840 3853 869 3904 ὁ
896 3850 971 3922 μὴ
995 3850 1289 3923 οἰκοδομῶν
1314 3852 1375 3905 τὸ
1403 3852 1572 3924 ὄνομα
1608 3852 1775 3908 αὑτοῦ
1805 3854 1958 3926 παρά

386 3941 502 4003 τοῖς
539 3941 899 4013 Ἰσραηλίταις
927 3942 960 4014 ἢ
987 3941 1163 4008 τοῦτο,
1196 3943 1279 3997 ὅτι
1320 3939 1466 4009 οἶκός
1500 3946 1646 3999 ἐστιν
1677 3937 1834 4010 οὗτος
1859 3944 1957 3998 τοῦ
2006 3972 2015 3982 -

390 4028 749 4093 ὑπολυθέντος
790 4030 851 4085 τὸ
886 4032 1158 4103 ὑπόδημα.
1201 4034 1319 4098 Πᾶς
1367 4030 1461 4089 οῦν
1510 4037 1540 4089 6
1575 4036 1634 4088 ἐν
1686 4034 1954 4107 αἱρέσεσι,

390 4119 625 4189 μάλιστα
665 4123 788 4183 ταῖς
830 4120 1248 4187 διακοπτούσαις
1289 4124 1387 4196 τὴν
1435 4123 1684 4196 θεότητα,
1725 4126 1821 4178 καὶ⁸
1864 4126 1957 4179 τὸν

387 4208 550 4280 νόμον
587 4209 694 4263 ἀπὸ
729 4209 823 4264 τοῦ
855 4211 1187 4280 Εὐαγγελίου
1228 4211 1586 4284 χωριζούσαις
1617 4213 1960 4286 καλινδούμε-

386 4317 498 4366 νος,
538 4320 557 4353 ι
600 4297 747 4366 οἶκός
782 4320 802 4353 ι
850 4304 966 4357 ἐστι
1004 4321 1023 4353 ι
1075 4303 1170 4357 τοῦ
1213 4304 1569 4369 ὑπολυθέντος
1607 4305 1878 4378 ὑπόδημα,
1932 4325 1951 4358 ι

388 4393 762 4465 ἐμπτυόμενος
796 4394 878 4458 είς
922 4394 1231 4465 πρόσωπον,
1264 4397 1359 4450 καὶ
1400 4396 1762 4468 ὑπολυόμενος
1793 4397 1855 4451 τὺ
1898 4396 1956 4451 ἒν

387 4484 658 4555 ὑπόδημα.
711 4486 823 4540 Καὶ
885 4486 1081 4559 τρίτην
1135 4486 1193 4541 δὲ
1243 4487 1498 4559 τοιαύτην
1551 4488 1808 4543 ὑπόνοιαν
1875 4489 1955 4552 εἰς

2071 2014 2139 2070 rit
2168 2022 2390 2070 senatus
2422 2028 2492 2069 an
2521 2029 2653 2070 vera
2678 2015 2745 2070 de
2785 2031 2851 2070 eo
2895 2015 3093 2073 referat
3134 2019 3350 2086 mulier,
3397 2031 3451 2077 et
3491 2020 3646 2076 fratri

2069 2120 2172 2162 suo
2215 2120 2400 2162 semen
2437 2106 2703 2163 suscitare
2746 2108 2909 2176 nolit;
2944 2116 3077 2165 tunc
3108 2108 3351 2168 defuncti
3379 2128 3518 2168 uxor
3546 2128 3645 2186 co-

2067 2211 2186 2251 ram
2215 2196 2522 2252 senioribus
2546 2197 2773 2264 aceedit,
2797 2198 3135 2271 alterumque
3156 2216 3221 2256 ex
3246 2201 3421 2272 ipsius
3443 2204 3647 2260 calcea-

2068 2288 2268 2343 mentis
2321 2288 2390 2343 ab
2437 2287 2558 2358 ejus
2611 2288 2747 2359 pede
2797 2289 2990 2357 solvit;
3046 2299 3106 2345 ut
3151 2292 3366 2350 etiamsi
3424 2295 3645 2350 nomine

2066 2377 2271 2434 Christi
2306 2378 2467 2435 fuerit
2489 2378 2811 2448 subligatus,
2846 2378 2941 2436 Dei
2971 2381 3193 2437 nomine
3223 2393 3478 2449 exuatur,
3513 2401 3642 2456 pro-

2066 2477 2361 2540 ptereaque
2390 2484 2565 2540 neque
2587 2469 2907 2536 honorifice,
2943 2487 3117 2542 neque
3153 2489 3280 2530 vere
3305 2474 3511 2531 Christi
3540 2494 3643 2534 no-

2068 2575 2191 2614 men
2223 2569 2413 2631 gerat:
2448 2559 2582 2630 quin
2614 2568 2669 2615 et
2708 2559 2951 2617 hominis
2977 2563 3248 2633 ejusmodi
3279 2564 3470 2622 faciem
3510 2583 3646 2623 con-

2067 2650 2214 2720 spuit
2249 2650 2464 2718 mulier,
2511 2665 2747 2721 eumque
2788 2650 3012 2707 incessit
3058 2653 3305 2712 dieteriis
3355 2664 3416 2711 ut
3460 2658 3644 2714 homio

2068 2756 2215 2807 nem,
2245 2752 2301 2797 et
2347 2755 2444 2811 per
2475 2740 2616 2797 fetus
2642 2742 2936 2799 editionem
2973 2741 3144 2799 Deum
3186 2746 3301 2801 fieri
3335 2748 3642 2822 nolentem;

2065 2839 2231 2902 atque
2254 2832 2328 2888 ita
2364 2831 2660 2903 unicuique
2681 2832 2935 2902 futurum
2960 2848 3081 2891 esse
3104 2837 3201 2905 ait,
3234 2838 3329 2909 qui
3360 2854 3473 2894 non
3504 2842 3641 2896 aedi-

2066 2922 2309 2977 ticaverit
2333 2922 2555 2980 domum
2587 2922 2771 2980 fratris
2805 2924 2911 2992 sui,
2939 2924 3204 2983 doctrina:
3232 2942 3428 3000 nempe
3473 2945 3643 2987 evan-

2066 3012 2271 3082 gelicaa,
2321 3002 2443 3084 qua:
2491 3013 2678 3085 legalis
2715 3015 2906 3070 eadem
2958 3024 3014 3071 ct
3065 3018 3381 3089 prophetica
3411 3031 3531 3090 est;
3574 3038 3640 3079 ac

2066 3102 2211 3158 aliud
2243 3118 2353 3159 non
2382 3104 2646 3160 obtinebit
2690 3120 2913 3174 nomen,
2947 3107 3042 3176 qui
3090 3106 3278 3165 fratris
3307 3111 3390 3166 sui
3437 3128 3635 3169 nomen

2064 3195 2207 3264 apud
2235 3194 2507 3251 lsraelitas
2534 3211 2643 3250 non
2675 3197 2928 3262 aedificat,
2957 3213 3121 3267 quam
3150 3199 3303 3268 illud,
3331 3216 3458 3258 eum
3489 3206 3640 3261 scili-

2063 3294 2149 3341 cet
2171 3299 2292 3341 esse
2318 3286 2539 3342 domum
2564 3286 2899 3342 discalceati.
2930 3285 3192 3359 Quisquis
3222 3306 3353 3363 ergo
3383 3293 3438 3348 in
3466 3294 3639 3352 haere-

2062 3378 2234 3447 sibus,
2258 3393 2324 3435 ac
2350 3378 2418 3435 iis
2448 3379 2746 3450 praesertim
2768 3394 2888 3449 quae
2911 3378 3250 3437 divinitatem
3272 3384 3543 3452 dividunt,
3571 3404 3636 3443 ac

2061 3471 2233 3542 legem
2260 3470 2328 3526 ab
2357 3469 2650 3542 Evangelio
2678 3469 2964 3537 dirimunt,
2998 3472 3296 3540 volutatur,
3329 3494 3350 3529 ι
3388 3478 3586 3535 domus
3607 3499 3628 3531 ι

2060 3563 2150 3617 ille
2185 3571 2270 3618 est
2318 3579 2338 3613 ι
2370 3561 2680 3617 discalceati
2712 3562 2779 3627 ",
2818 3580 2837 3614 ι
2873 3560 2927 3616 ἰη
2975 3561 3170 3619 faciem
3219 3578 3545 3638 consputus,
3581 3580 3638 3629 et

2059 3656 2230 3709 altero
2260 3653 2443 3708 calceo
2470 3662 2689 3709 exutus.
2716 3652 2896 3707 Tertia
2926 3654 3040 3708 haec
3059 3663 3317 3725 praeterea
3348 3657 3403 3712 in
3428 3660 3637 3718 huncce

2060 3745 2237 3800 locum
2261 3744 2418 3799 nobis
2448 3744 2719 3799 succurrit
2742 3743 3020 3816 cogitatio,
3052 3760 3216 3813 quam
3243 3748 3434 3816 paucis
3462 3765 3633 3821 expc.

2059 3851 2271 3890 nemus.
2336 3834 2527 3889 Mulier
2578 3835 2793 3905 quidem
2834 3836 2979 3891 dicta
3036 3847 3122 3892 est
3185 3836 3462 3910 Sapientia
3506 3859 3636 3914 pro-

2058 3939 2176 3997 pter
2208 3927 2338 3981 illud
2375 3927 2419 3959 "
2449 3945 2462 3982 :
2508 3945 2525 3977 ‹
2562 3925 2797 3993 Quaesivi
2842 3943 3102 3998 sponsam
3147 3928 3279 3985 mihi
3314 3947 3433 3986 eam
3474 3950 3634 3991 assu-

2059 4039 2239 4091 mere;
2269 4043 2288 4075 ι
2344 4023 2566 4093 ipsaque
2595 4023 2827 4079 amanda
2868 4034 2972 4092 est,
2992 4026 3146 4096 juxta
3192 4030 3242 4084 id
3280 4031 3425 4101 quod
3460 4046 3492 4086 a
3528 4030 3631 4087 Sa-

2058 4117 2276 4173 lomone
2302 4116 2506 4171 dictum
2548 4124 2633 4171 est
2663 4117 2749 4169 ης
2794 4134 2813 4168 ι
2852 4115 3022 4188 Dilige
3068 4134 3187 4174 eam
3232 4129 3288 4176 et
3334 4136 3630 4179 conserva-

2058 4210 2137 4265 bit
2183 4216 2272 4264 te:
2316 4225 2334 4259 ι
2377 4207 2457 4261 vir
2501 4216 2683 4261 autem
2735 4205 2907 4276 ipsius
2957 4208 3174 4278 sapiens
3230 4218 3330 4266 est.
3381 4210 3535 4278 Quod
3583 4214 3632 4269 si

2057 4316 2186 4370 ergo
2231 4300 2384 4354 nullo
2412 4316 2481 4354 ex
2530 4298 2805 4369 Sapientia
2851 4300 3031 4370 genito
3075 4300 3206 4366 fetu,
3257 4318 3325 4358 ex
3371 4303 3475 4360 hac
3520 4315 3632 4362 vita

2055 4392 2218 4464 821
2250 4390 2542 4448 decesserit
2568 4388 2806 4460 sapiens,
2839 4391 2932 4460 qui
2961 4406 3083 4446 cum
3126 4393 3244 4462 ipso
3278 4410 3388 4449 una
3419 4395 3633 4450 habita-

2056 4487 2194 4542 verit
2224 4485 2413 4548 frater,
2443 4485 2497 4539 in
2523 4483 2826 4552 eademque
2853 4483 3226 4552 conquieverit
3247 4485 3516 4551 doctrina,
3551 4488 3629 4541 ei-

385 4576 479 4628 τδν
510 4577 672 4630 τόπον
716 4577 1096 4649 ἐξεδεξάμεθα,
1138 4579 1204 4651 ην
1255 4579 1345 4635 διὰ
1389 4579 1637 4652 βραχέων
1687 4579 1949 4653 ἐροῦμεν·

2064 4581 2179 4635 dem
2213 4578 2416 4649 praesit,
2436 4587 2495 4632 ut
2514 4592 2582 4631 ex
2612 4577 2890 4647 Sapientia
2907 4587 3164 4633 nascatur
3188 4577 3384 4648 aliquis
3400 4580 3627 4648 gloriam

385 4667 523 4737 γυνὴ
550 4666 647 4738 μὲν
671 4670 705 4739 ή
735 4668 902 4738 Σοφία
925 4668 1137 4742 εἴρηται
1162 4671 1251 4725 διά
1283 4670 1376 4737 τὸ,
1419 4690 1438 4722 ι
1471 4670 1687 4743 Ταύτην
1716 4671 1958 4745 ἐζήτησα

2064 4674 2109 4728 ei
2129 4672 2517 4728 conciliaturus
2538 4672 2631 4741 qui
2651 4689 2715 4726 ex
2737 4674 2841 4730 hoc
2861 4672 3131 4738 convictu,
3153 4670 3260 4726 fetu
3284 4686 3393 4726 non
3417 4673 3628 4738 relicto,

385 4757 604 4829 νύμφην
632 4759 930 4837 ἀγαγέσθαι
971 4761 1212 4833 ἐμαυτῷ,
1253 4781 1271 4813 ι
1304 4762 1398 4815 καὶ
1435 4762 1566 4834 έρᾷν
1588 4762 1669 4815 δεῖ
1695 4763 1834 4818 κατὰ
1863 4766 1954 4819 τὸν

2064 4764 2380 4820 excesserit.
2430 4762 2586 4829 Quod
2644 4765 2690 4818 si
2740 4766 2962 4821 relictus
2992 4763 3159 4818 frater
3186 4763 3448 4821 doctrinae
3501 4767 3629 4821 huic

1571 4878 1802 4938 VETUS
1846 4879 2426 4937 INTERPRETATIO.

383 4996 635 5052 Mosaicae
665 4996 821 5066 legis,
847 4997 1118 5069 secundus
1145 5007 1325 5069 autem
1355 4998 1700 5068 evangelicus
1732 5013 1933 5063 sermo,
1965 5000 2053 5055 cui
2082 5001 2235 5057 nubit
2258 4998 2437 5069 omnis
2464 4998 2643 5053 anima
2670 5006 2838 5057 recta.
2864 5005 3077 5069 mortua
3100 4997 3234 5068 lege,
3263 4997 3393 5053 illud
3424 5005 3505 5052 est
3529 4998 3628 5052 dn-

381 5068 874 5140 cumen_tum_quod
908 5067 1199 5140 Apostolus
1225 5067 1354 5140 dicit
1380 5067 1680 5123 hoetnodo
1709 5086 1723 5122 :
1754 5088 1772 5119 ι
1809 5070 1890 5123 Αη
1924 5067 2431 5140 ignoratistl‘ratres
2464 5069 2783 5135 (scientibus
2810 5068 2953 5140 enim
2996 5067 3172 5140 legem
3199 5069 3411 5140 loquor)
3436 5109 3450 5132 ,
3484 5070 3627 5135 quo-3

381 5138 530 5193 niam
572 5136 657 5191 lex
693 5136 1006 5191 dominatur
1037 5137 1276 5204 homini,
1311 5137 1365 5191 in
1398 5146 1662 5208 quantum
1703 5136 1970 5209 temporis
1994 5140 2158 5194 vivit?
2206 5137 2262 5193 Si
2307 5148 2487 5193 autem
2523 5148 2771 5194 mortuus
2803 5136 2966 5193 fuerit
2994 5136 3096 5205 vir,
3143 5138 3318 5194 soluta
3342 5150 3425 5194 est
3452 5156 3482 5193 ιι
3511 5140 3627 5209 lege

450 5256 499 5329 ε’
536 5254 681 5311 Psal.
708 5255 986 5324 cxvn,20.
1060 5256 1108 5289 “
1129 5255 1348 5313 Deuter.
1376 5272 1504 5325 xxv,
1534 5258 1629 5311 10.
1704 5258 1750 5291 ³⁸
1788 5256 1917 5330 Sap.
1947 5274 2066 5325 vm,
2095 5258 2152 5313 2.
2227 5255 2274 5290 "
2310 5257 2471 5313 Prov.
2509 5273 2584 5324 tv,
2618 5256 2672 5313 6.

455 5352 566 5434 (δέ)
615 5353 715 5434 Ὡς.
754 5332 987 5434 οἴονται
1020 5356 1076 5434 οζ
1262 5353 1393 5434 ’τῶν
1422 5354 1726 5434 αζρεξσεων.
1758 5353 1944 5434 Infra:

2064 5352 3106 5434 Simonianos_atir«{m,_Saturnilianos..
3137 5351 3531 5434 Cerdonianos,
3557 5366 3620 5404 ac

381 5420 478 5505 Ti;
502 5424 559 5476 δέ
591 5423 729 5505 μετά
757 5424 999 5505 ταῦταῇὁ.
1016 5424 1441 5505 μηβουλόμενος.
1459 5420 1742 5505 ἅνθρωπος
1763 5424 1946 5505 λαϐεῖν

2064 5427 2391 5483 Jotissimum
2418 5424 2766 5505 Marcionitas
2803 5424 3165 5505 perstringit,‘
3186 5424 3278 5488 qui
3309 5420 3489 5505 Deum
3505 5438 3620 5473 ma-

380 5496 481 5575 τὴν
504 5492 738 5561 γυναῖκα
768 5494 861 5546 τοῦ
888 5492 1129 5563 ἀδελφοῦ
1150 5492 1362 5549 ἐαυτοῦ·
1413 5495 1449 5617 2
1485 5497 1513 5548 6
1554 5492 1612 5547 ἐν
1645 5497 1766 5558 ταῖς
1798 5496 1948 5566 αἱρέ-

384 5580 501 5616 σεσι
526 5563 682 5617 λόγος
728 5564 800 5617 μὴ
846 5563 1164 5617 Βουλόμενος
1192 5566 1292 5617 τὴν
1320 5582 1417 5617 τιυ.
1457 5581 1627 5617 σασαν
1654 5564 1829 5617 ὡυγὴν
1855 5566 1947 5617 τὸν

2064 5514 2192 5560 ιιιη,
2230 5504 2565 5559 creatorem,
2622 5494 2753 5557 legis
2782 5492 3099 5559 auctorem;
3150 5492 3354 5547 bonum
3403 5500 3617 5555 autem,

2064 5567 2252 5617 Sliristi
2290 5576 2496 5617 natrem
2530 5578 2653 5617 esse
2680 5558 3050 5617 deﬁniebant:
3086 5561 3316 5617 ideouue
3354 5560 3526 5617 legem
3558 5576 3617 5615 ac

384 5563 501 5616 σεσι
526 5563 682 5631 λόγος
728 5564 800 5636 μὴ
845 5563 1164 5635 βουλόμενος
1192 5566 1292 5637 τὴν
1320 5563 1627 5637 τιμήσασαν
1654 5564 1829 5637 ψυχὴν
1855 5563 1947 5619 τὸν
2048 5567 2252 5622 Christi
2290 5576 2496 5636 patrem
2530 5578 2653 5619 esse
2682 5563 3050 5629 deﬁniebant;
3086 5563 3316 5632 ideoque
3355 5563 3526 5632 legem
3558 5576 3619 5615 ac

331 5636 352 5685 ’ς
381 5633 645 5708 πρότερον
686 5633 873 5708 ἀνδρα,
909 5635 1003 5688 καὶ
1025 5635 1122 5706 τὴν
1168 5638 1385 5708 μνήμην
1412 5635 1535 5708 τοῦί
1548 5634 1819 5708 προτέρου
1850 5638 1945 5708 ἀν·
2048 5637 2342 5708 prophetas
2371 5635 2747 5708 repudiabant.
2785 5632 3050 5708 llpe'rlps.
3091 5702 3104 5708 _
3276 5701 3288 5708 _
3382 5700 3415 5708 __

380 5702 507 5775 δρὸς
539 5702 979 5775 παραδέξασθαι;
1023 5702 1091 5760 ρι’
1115 5702 1291 5775 paulo
1320 5702 1482 5775 post:
1518 5702 1632 5768 na‘;
1657 5702 1750 5759 οὖν
1802 5707 1830 5759 6
1887 5707 1944 5758 ἐν

382 5772 651 5847 αἱρέσεσι,
674 5774 920 5847 ,μάλιστα
955 5778 1075 5847 ταῖς
1109 5772 1533 5847 διακοπτούσαις
1576 5775 1675 5847 τὴν
1717 5776 1946 5846 θεότητα

384 5840 477 5895 καὶ
505 5842 597 5896 τὸν
628 5840 791 5912 νόμον
816 5844 925 5898 ἀπὸ
953 5844 1046 5900 τοῦ
1078 5840 1407 5917 Εὐαγγελίου
1433 5840 1810 5919 χωριζούσαις,
1835 5840 1941 5902 εἰς.

2124 5700 2237 5830 ((3.25)
2282 5700 2514 5777 Τεχθέν.
2546 5705 2775 5760 Codices
2811 5702 3137 5760 llolmiensis
3167 5709 3223 5758 et
3264 5700 3614 5773 Anglicanus,

2124 5796 2149 5830 γ
2217 5794 2264 5830 ν.

2049 5794 2277 5849 ταχυεν,
