4074 6300
502 309 641 362 1585

1976 316 2296 373 ORIGENIS

3613 325 3757 382 ιδει

494 441 750 497 praeesse,
781 441 1012 497 eamque
1050 425 1184 482 tueri
1225 427 1458 483 noluerit
1485 469 1498 493 ,
1531 428 1827 500 ignominia
1857 428 2039 487 allicie-

2160 434 2377 488 εἰπόντα
2416 436 2736 507 Σολομῶναο
2778 456 2797 488 ι
2843 437 3132 511 Ἐράσθητι
3165 437 3357 510 αὐτῆς,
3393 439 3488 494 καὶ
3508 443 3754 512 τηρήσει

503 531 592 573 tur
616 536 645 573 a
687 518 963 590 Sapientia
1001 519 1176 587 ipsum
1192 517 1428 575 ,dimidia
1460 527 1666 574 tantum
1697 535 1763 574 ex
1792 531 1942 590 parte
1967 537 2063 576 cx-

494 609 806 662 calceante:
867 621 969 660 nec
1024 606 1168 659 enim
1216 621 1324 659 non
1367 607 1766 662 excalceabitur
1795 609 2060 678 ejusmodi

495 703 681 761 homo,
710 712 886 767 neque
914 698 1140 752 omnino
1165 698 1581 752 excalccabitur.
1600 697 1668 752 Ut
1687 707 1868 753 autem
1886 700 2058 769 legem

495 793 667 844 virum
701 790 970 855 mulieris,
1004 789 1202 844 animae
1255 789 1496 855 scilicet,
1530 805 1596 844 ex
1631 788 1910 860 Scriptura
1949 793 2057 847 dici

488 881 802 950 probemus,
836 880 982 935 hunc
1001 895 1067 934 ex
1099 879 1339 949 Epistola
1370 881 1436 935 ad
1480 880 1756 935 Romanos
1787 896 2056 952 propone-

485 987 613 1028 mus
648 973 826 1027 locum
848 1012 864 1038 ,
911 971 1006 1042 qui
1059 972 1133 1025 ita
1162 987 1221 1026 se
1248 972 1411 1026 habet
1438 973 1484 1003 "’
1518 989 1532 1025 :
1568 989 1586 1022 ‹
1621 972 1702 1026 An
1745 973 2007 1042 ignoratis
2037 1013 2054 1038 ,

486 1062 682 1117 fratres
707 1061 1027 1128 (scientibus
1059 1061 1204 1114 enim
1237 1060 1409 1127 legem
1445 1060 1691 1131 loquor),
1727 1063 1854 1131 quia
1883 1063 1969 1118 lex
1999 1064 2055 1118 in

486 1153 704 1207 homine
733 1152 1046 1208 dominatur
1067 1162 1272 1221 quanto
1304 1160 1546 1220 tempore
1569 1152 1750 1205 vivit?
1789 1171 1808 1203 ›
1851 1162 1906 1208 et
1947 1169 2054 1210 cae-

486 1257 618 1311 tera,
644 1258 818 1314 usque
857 1243 924 1298 ad
955 1242 1006 1297 id
1037 1260 1048 1295 :
1095 1260 1113 1292 ι
1146 1241 1202 1295 Si
1235 1240 1397 1296 fuerit
1421 1257 1543 1296 cum
1571 1243 1677 1296 alio
1704 1243 1844 1298 viro.
1872 1262 1893 1296 ι
1927 1244 2055 1300 Plu-

2163 542 2256 578 σε·
2312 545 2331 578 ι
2366 528 2503 599 ἀνὴρ
2536 528 2592 581 δὲ
2632 528 2802 600 αὐτῆς
2843 532 2871 583 6
2901 529 3093 598 σοφός·
3137 530 3232 583 ἐὰν
3270 526 3364 583 οὖν
3395 531 3424 582 6
3472 533 3637 600 σοφὸς
3673 533 3755 604 μὴ

2160 619 2424 689 γεννήσας
2456 620 2608 684 τινάς
2639 623 2704 674 ἐκ
2750 621 2851 692 τῆς
2881 621 3081 689 Σοφίας
3104 621 3391 692 ἀπαλλαγῇ
3419 622 3515 674 τοῦ
3550 623 3690 692 βίου,
3721 626 3756 676 6

2158 712 2489 782 κατοικήσας
2506 714 2622 781 μετ’
2638 711 2802 765 αὐτοῦ
2827 711 3072 781 ἁδελφὸς,
3093 712 3188 765 καὶ
3208 715 3265 766 ὲν
3281 715 3394 774 τοῖς
3412 712 3598 776 αὐτοῖς
3615 715 3755 766 ἀνα-

2156 802 2505 872 παυσάμενος
2537 802 2736 871 λόγοις,
2762 801 3111 874 πρεσϐευέτω
3139 802 3246 856 τῶν
3274 803 3472 867 αὐτῶν,
3508 804 3595 856 ἵνα
3621 821 3750 872 γεν-

2157 892 2291 962 νηθῇ
2317 893 2380 946 ἐκ
2411 893 2512 963 τῆς
2543 893 2742 962 Σοφίας
2767 895 2796 946 6
2824 893 2978 957 κλέος
3001 895 3380 965 περιποιήσων
3397 893 3475 964 τῷ
3494 895 3747 949 ἀπαλλασ-

2161 979 2310 1049 γὲντι
2341 983 2441 1053 τῆς
2468 983 2824 1054 συμϐιώσεως
2859 984 2950 1038 τὸν
2992 984 3203 1056 καρπὸν
3249 985 3636 1055 παραστῆσαι·
3677 987 3746 1039 El

2155 1072 2212 1125 δὲ
2236 1074 2311 1144 μὴ
2345 1073 2585 1143 βούλοιτο
2611 1075 2943 1147 πρεσϐεῦσαι
2974 1076 3004 1128 6
3026 1076 3487 1147 καταλειπόμενος
3511 1078 3744 1146 ἀδελφὸς

2153 1163 2262 1216 τῶν
2305 1165 2500 1232 λόγων,
2543 1166 2976 1242 ἀτιμασθήσεταίι
3020 1167 3125 1221 ὑπὸ
3166 1167 3267 1236 τῆς
3294 1167 3487 1235 σοφίας
3520 1167 3579 1232 ἐξ
3604 1170 3741 1238 ήμι-

2156 1254 2309 1318 σείας
2336 1257 2501 1310 αὐτὸν
2531 1258 2868 1329 ὑπολυούσης
2887 1276 2902 1288 ·
2937 1259 3060 1312 οὔτε
3092 1258 3200 1328 γὰρ
3222 1259 3320 1329 οὐχ
3343 1259 3741 1330 ὑπολυθήσεται

485 1336 620 1388 rima
659 1343 842 1388 autem
874 1348 904 1387 a
943 1332 1097 1386 nobis
1128 1333 1182 1384 in
1221 1332 1363 1385 hunc
1393 1332 1571 1386 locum
1587 1333 1731 1388 dicta
1754 1343 1900 1402 sunt,
1925 1351 2039 1390 cum

2155 1345 2185 1396 6
2214 1345 2472 1411 τοιοῦτος,
2507 1347 2630 1401 οὔτε
2656 1349 2876 1414 τελείως
2904 1349 3323 1420 ὑπολυθήσεται.
3359 1350 3458 1412 Εἰς
3487 1351 3544 1402 δὲ
3567 1368 3734 1405 κατα-

418 1435 422 1438 ‘
483 1430 534 1479 in
563 1427 768 1482 nostris
802 1427 855 1480 in
890 1425 1187 1495 Epistolam
1219 1423 1286 1477 ad
1317 1422 1593 1478 Romanos
1641 1427 2039 1483 commentarii:

2161 1434 2356 1506 σκευὴν
2397 1437 2490 1489 τοῦ
2517 1437 2606 1490 τὸν
2635 1439 2796 1509 νόμον
2823 1438 2990 1509 ἄνδρα
3024 1437 3278 1506 λέγεσθαι
3305 1438 3449 1491 κατά
3472 1440 3572 1510 τὴν
3596 1440 3736 1511 Γρα-

483 1519 657 1586 ipsum
689 1519 1194 1586 interpretaremur.

2160 1526 2267 1597 φὴν
2318 1530 2608 1594 γυναικὸς,
2656 1531 2756 1601 τῆς
2797 1529 3009 1600 ψυχῆς,
3055 1528 3492 1600 παραθησόμεθα
3527 1531 3598 1583 τὰ
3629 1531 3736 1586 ἀπὸ

479 1609 578 1675 τῆς
611 1609 748 1680 πρδς
771 1607 1072 1676 Ῥωμαίους
1091 1605 1266 1668 οὕτως
1287 1605 1476 1676 ἔχοντα
1495 1623 1508 1636 ·
1541 1625 1559 1658 ι
1587 1607 1658 1659 ’Ἡ
1683 1608 1945 1676 ἀγνοεῖτε,
1967 1610 2182 1682 ἀδελφοὶ
2229 1617 2574 1685 (γινώσκουσι
2603 1621 2713 1693 γὰρ
2737 1622 2899 1690 νόμον
2919 1620 3110 1692 λαλῶ),
3136 1621 3219 1674 ὅτι
3239 1620 3268 1672 6
3301 1621 3464 1690 νόμος
3491 1623 3736 1693 κυριεύει
3758 1660 3770 1682 .

480 1699 574 1750 τοῦ
609 1698 896 1769 ἀνθρώπου
925 1697 1008 1765 ἐφ’
1033 1697 1156 1749 ὅσον
1182 1695 1370 1767 χρόνον
1398 1697 1500 1767 ζῇ;
1537 1715 1557 1748 ι
1592 1698 1686 1752 καὶ
1731 1700 1801 1752 τὰ
1840 1699 1968 1771 ἐξῆς
2019 1701 2124 1767 ἕως
2156 1707 2249 1760 τοῦ
2274 1725 2287 1737 ο
2328 1727 2348 1760 ι
2383 1712 2680 1783 γενομένην
2711 1712 2865 1783 ἀνδρὶ
2890 1712 3079 1782 ἑτέρῳ.
3121 1729 3140 1763 ι
3175 1711 3400 1781 Εἴρηται
3428 1709 3484 1764 δὲ
3511 1711 3733 1766 πλείονα

481 1797 608 1864 ἡμῖν
666 1794 746 1856 είς
802 1793 892 1846 τὸν
942 1792 1125 1855 τόπον,
1174 1791 1549 1862 διηγουμένοις
1601 1792 1664 1845 τὸ
1709 1793 1904 1865 χωρίον
1953 1796 2047 1849 τοῦ
2085 1799 2187 1869 τῆς
2211 1803 2332 1884 \(66)
2370 1806 2503 1878 πρὸς
2529 1807 2833 1877 Ῥωμαίους
2889 1797 3402 1873 Ἐπιστολῆςέντοῖς
3451 1808 3532 1870 είς
3560 1806 3732 1878 αὐτὴν

483 1887 844 1955 ἐξηγητικοῖς.
2229 1885 2232 1888 ’

542 1905 844 1956 ηγητικοις.

551 1982 640 2035 55.
675 1979 934 2046 Quamvis
961 1991 1138 2035 autem
1170 1979 1286 2035 haec
1326 1995 1422 2050 per
1459 1979 1852 2051 digressionem
1884 1998 1914 2038 a
1947 2000 2039 2037 no-

2215 1990 2400 2045 Ταῦτα
2457 1989 2576 2061 μὲν,
2630 1991 2680 2044 εἰ
2729 1989 2826 2044 καὶ
2872 1989 3010 2060 μετά
3043 1988 3434 2061 παρεκϐάσεως
3480 1989 3729 2062 λελέχθαι

479 2075 563 2128 bis
597 2073 881 2127 videantur
909 2088 1030 2128 esse
1072 2073 1215 2127 dicta
1243 2111 1258 2137 ,
1315 2073 1382 2129 ad
1431 2073 1808 2129 elucidandam
1863 2085 2039 2132 tamen

2145 2080 2309 2144 δοκεῖ,
2361 2079 2596 2151 εἰρήσθω
2649 2081 2728 2144 είς
2787 2081 3084 2152 σαφήνειαν
3139 2078 3238 2132 τοῦ
3290 2077 3443 2150 παρά
3501 2081 3728 2134 Μωῦσεί

476 2159 767 2214 Mosaicam
803 2160 972 2230 legem
1006 2162 1211 2230 prolata
1241 2161 1381 2228 sint,
1412 2178 1575 2232 quam
1632 2163 1863 2220 citantcs
1904 2165 2039 2221 Sad-

2145 2172 2330 2242 νόμου,
2361 2164 2422 2224 οὗ
2469 2171 2799 2242 μνησθέντες
2846 2173 2894 2224 οἱ
2930 2171 3277 2224 Σαδδουκαῖοι
3324 2170 3588 2224 ἐπύθοντο
3631 2173 3723 2226 τοῖ’»

475 2251 644 2305 ducaei
663 2249 1001 2305 Servatorem
1020 2253 1448 2324 interrogabant,
1475 2254 1715 2310 dicentes
1741 2255 1820 2309 '3:
1845 2275 1864 2308 ι
1893 2257 2036 2328 Moy-

473 2357 561 2397 ses
585 2341 758 2396 dixit:
824 2341 879 2396 Si
927 2343 1051 2411 quis
1084 2353 1332 2400 mortuus
1385 2343 1547 2400 fuerit
1590 2361 1698 2400 non
1744 2348 1948 2404 habens
1978 2351 2044 2403 li-

473 2435 628 2498 lium,
668 2453 686 2487 ι
733 2443 786 2489 et
837 2435 1066 2505 reliqua.
1127 2436 1370 2507 Agedum
1422 2453 1552 2493 vero
1601 2439 1866 2510 reliquam
1923 2449 2047 2510 post

470 2526 560 2580 illa
585 2525 866 2596 Evangelii
899 2535 1106 2592 partem
1134 2529 1487 2585 enucleemus
1515 2568 1530 2593 ,
1573 2546 1696 2600 quae
1743 2531 1868 2586 inde
1895 2532 2041 2586 ordi-

467 2626 559 2670 tur
585 2617 631 2650 ²⁹
659 2636 672 2671 :
712 2635 732 2669 ι
772 2617 936 2672 Erant
965 2627 1145 2672 autem
1174 2619 1314 2688 apud
1350 2635 1451 2676 nos
1498 2632 1702 2692 septem
1729 2625 1922 2678 fratres
1943 2663 1958 2688 ,
1990 2633 2044 2678 et

475 2707 708 2776 primus,
741 2723 912 2763 uxore
941 2709 1124 2771 ducta,
1155 2709 1443 2766 defunctus
1471 2719 1576 2778 est,
1621 2731 1641 2763 ι
1681 2722 1735 2767 et
1759 2728 1885 2782 quae
1914 2723 2044 2768 sunt

473 2800 751 2869 deinceps.
783 2800 951 2855 Isaias
982 2801 1199 2871 quidem
1231 2803 1306 2856 ait
1333 2803 1386 2856 in
1423 2803 1706 2872 prophetia
1739 2803 1784 2835 ³ο
1814 2821 1828 2858 :
1865 2822 1886 2856 ι
1934 2805 2043 2875 Ap-

469 2893 803 2962 prchendent
823 2906 1024 2965 septem
1055 2897 1310 2951 mulieres
1332 2897 1508 2950 virum
1537 2911 1708 2951 unum
1733 2896 1788 2951 in
1814 2897 1900 2952 die
1925 2897 2039 2966 illa,

469 2986 711 3042 dicentes
741 3000 757 3039 :
788 2985 987 3041 Panem
1019 2997 1268 3043 nostrum
1305 2989 1657 3044 comcdemus
1686 3030 1702 3054 ,
1761 2999 1816 3044 et
1871 2992 2040 3046 vesti-

465 3079 674 3132 amentis
709 3081 912 3134 nostris
945 3083 1256 3151 opericmur
1281 3121 1297 3145 ,
1349 3081 1722 3135 tantummodo
1763 3082 2042 3138 invocetur

469 3185 664 3224 nomen
687 3179 836 3225 tuum
856 3188 1018 3242 super
1040 3188 1160 3237 nos,
1178 3171 1336 3227 aufer
1359 3173 1710 3242 opprobrium
1730 3181 1999 3227 nostrum.
2014 3191 2035 3226 υ

468 3263 802 3319 Accedentes
820 3275 1010 3318 autem
1047 3265 1116 3318 ad
1148 3264 1492 3318 Scrvatorem
1540 3272 1785 3317 nostrum
1830 3262 2041 3319 Saddu-

2146 2263 2752 2335 Σωτῆροςᾲέγοντεςςτό
2769 2280 2784 2294 ο
2809 2281 2828 2314 ι
2859 2263 3099 2332 Μωῡσῆς
3129 2259 3300 2316 εἶπενο
3340 2263 3466 2316 Ἐάν
3489 2281 3574 2328 τις
3602 2267 3728 2318 ἀπο-

2146 2353 2279 2424 θάνῃ
2316 2353 2390 2425 μὴ
2421 2353 2558 2424 ἔχων
2608 2355 2793 2416 τέκνα,
2834 2373 2854 2405 ›
2889 2354 2985 2406 καὶ
3028 2354 3097 2406 τὰ
3125 2354 3271 2424 ὲξῆς.
3311 2354 3449 2426 Φέρε
3490 2355 3550 2408 δὲ
3589 2356 3728 2427 μετά

2142 2444 2315 2498 ταῦτα
2359 2444 2427 2498 τὰ
2471 2444 2604 2498 ἄλλα
2649 2445 2742 2497 τοῦ
2786 2444 3118 2513 Εὑαγγελίου
3150 2443 3496 2516 ἐξετάσωμεν
3526 2440 3595 2501 τὰ
3619 2447 3726 2502 ἀπὸ

2143 2535 2238 2588 τοῦ
2257 2552 2271 2565 ·
2304 2553 2323 2586 ι
2359 2531 2541 2588 Ἦσαν
2569 2535 2627 2588 δὲ
2657 2535 2785 2607 παρ’
2813 2537 2944 2606 ἡμῖν
2969 2537 3105 2588 ἑπτὰ
3130 2537 3370 2605 ἀδελφοὶ,
3400 2539 3496 2591 καὶ
3522 2539 3551 2591 6
3574 2540 3721 2610 πρῶ-

2143 2645 2233 2691 τος
2254 2629 2438 2699 γήμας
2463 2627 2802 2698 ἐτελεύτησε,
2836 2646 2855 2678 ι
2881 2626 2976 2679 καὶ
2998 2627 3066 2680 τὰ
3089 2627 3239 2698 ὲξῆς.
3278 2628 3335 2682 '0
3358 2629 3459 2698 μὲν
3500 2627 3725 2694 Ἡσαΐας

2143 2721 2200 2771 ὲν
2226 2722 2291 2790 τῇ
2320 2718 2625 2792 προφητείᾳ
2650 2717 2811 2787 φησιν
2836 2735 2848 2747 ·
2891 2736 2910 2768 ι
2963 2718 3017 2769 Ἐ
3028 2717 3343 2789 πιλήψονται
3370 2719 3510 2773 ἑπτὰ
3532 2723 3723 2788 γυναῖο

2143 2824 2236 2871 κες
2261 2806 2548 2878 ὼθθρώπου
2578 2806 2715 2869 ἐνὸς,
2745 2806 3018 2874 λέγουσαι·
3039 2805 3140 2859 Τὸν
3158 2807 3320 2877 ἄρτον
3345 2808 3501 2878 ἡμῶν
3531 2810 3720 2880 φαγώ-

2145 2899 2303 2968 μεθα,
2331 2899 2425 2950 καὶ
2455 2897 2525 2950 τὰ
2575 2898 2765 2968 ἱμάτια
2811 2896 2968 2968 ἡμῶν
3011 2897 3454 2970 περιϐαλώμεθα,
3488 2901 3623 2972 πλὴν
3654 2901 3714 2954 τὸ

2141 2989 2391 3062 ὄνοματὸ
2420 2990 2510 3044 σὸν
2544 2990 2827 3062 κεκλήσθω
2858 2989 2942 3059 ἐφ’
2981 2991 3149 3060 ἡμᾶς·
3188 2990 3353 3059 ἄφελε
3403 2992 3493 3045 τὸν
3515 2983 3702 3044 ’ὀνειδι-

2143 3083 2278 3150 σμὸν
2297 3082 2474 3158 ἡμῶν.
2512 3101 2531 3134 ι
2559 3083 2623 3135 υἱ
2645 3082 2704 3136 δὲ
2734 3081 3117 3154 προσελθόντες
3147 3084 3472 3137 Σαδδουκαῖοι
3497 3083 3572 3152 τῷ
3596 3083 3701 3136 Σω-

2139 3173 2263 3244 τῆρι
2305 3172 2366 3225 τὸ
2403 3172 2669 3226 ἀνάπαλιν
2705 3175 2770 3243 τῇ
2817 3173 3125 3245 προφητεία
3161 3173 3284 3243 φασὶ
3330 3174 3460 3244 περὶ
3495 3173 3704 3245 ἀνδρῶν

2141 3263 2282 3317 ἑπτὰ
2298 3265 2662 3334 γαμησάντων
2693 3265 2822 3334 μίαν
2844 3267 3076 3333 γυναῖκα
3093 3283 3108 3296 ·
3127 3265 3349 3336 πλάσμα
3367 3265 3426 3320 δὲ
3447 3265 3593 3320 δοκεῖ
3623 3282 3715 3336 μοι

465 3357 584 3416 c.ei,
618 3355 685 3408 de
714 3365 916 3424 septem
965 3356 1096 3411 viris
1131 3355 1224 3426 qui
1259 3370 1425 3410 unam
1483 3354 1756 3409 duxerant
1809 3370 2031 3410 uxorem

2143 3353 2272 3409 εἶναι
2297 3356 2357 3408 τὸ
2389 3356 2680 3426 πρόϐλημα
2711 3355 2910 3420 αὐτῶν,
2936 3358 3286 3428 προθεμένων
3315 3358 3404 3411 διὰ
3428 3358 3523 3411 τοῦ
3549 3358 3715 3413 πλάσ-

466 3447 764 3515 prophetiae
788 3447 1060 3502 contraria
1107 3447 1338 3502 dicunt:
1377 3447 1697 3517 figmentum
1737 3459 1918 3501 autem
1959 3447 2037 3501 vi-

465 3541 624 3591 detur
637 3552 760 3592 esse
785 3540 1012 3607 quaestio
1033 3553 1247 3602 eorum,
1271 3538 1470 3608 quibus
1498 3538 1548 3592 id
1566 3538 1898 3606 propositum
1929 3549 2032 3602 est,

466 3636 524 3680 ut
568 3641 662 3696 per
707 3625 980 3681 fictionem
1029 3627 1333 3681 doctrinam
1362 3627 1428 3681 de
1478 3626 1876 3681 resurrectione
1904 3627 2034 3681 sub-

369 3723 376 3730 ‘
462 3725 717 3783 vertant,
774 3718 976 3788 quique
1029 3717 1193 3788 822
1225 3733 1293 3772 ex
1334 3718 1734 3772 resurrectione
1767 3711 2027 3787 consequi

463 3811 778 3865 existimant
816 3821 876 3864 ut
911 3811 1286 3880 unusquisque
1314 3818 1746 3864 resurrecturum
1782 3811 2025 3864 eamdem

450 3903 990 3958 ‘habeatallinitatcm
1045 3917 1111 3956 ac
1161 3902 1407 3956 habitum
1442 3917 1565 3956 cum
1599 3903 1796 3972 quibus
1835 3903 1887 3956 in
1926 3903 2026 3956 hac

456 3994 568 4047 vita
611 3995 824 4058 habuit,
873 3995 1009 4049 adeo
1056 4002 1115 4047 ut
1164 4007 1390 4047 uxorem
1425 4008 1578 4048 suam
1613 4001 1904 4062 postquam
1940 4007 2026 4047 re-

460 4088 759 4140 surrexerit
787 4087 869 4139 vir
907 4086 1132 4154 recipiat
1159 4103 1174 4151 ;
1212 4094 1362 4154 pater
1388 4095 1568 4138 autem
1599 4084 1655 4137 in
1678 4083 1866 4138 eodem
1899 4098 2024 4153 erga

458 4177 629 4232 ﬁlium
656 4178 865 4241 habitu,
891 4185 948 4231 et
971 4175 1141 4232 frater
1163 4190 1291 4246 erga
1325 4174 1552 4229 fratrem
1583 4181 1909 4243 perseveret.
1958 4173 2026 4227 At

460 4285 642 4323 rerum
671 4271 916 4322 omnium
956 4267 1230 4338 epiliccm,
1267 4280 1390 4320 cum
1427 4279 1515 4318 res
1543 4279 1790 4334 quasque
1820 4264 1885 4318 ad
1917 4265 2024 4317 uti-

457 4363 659 4416 litatem
708 4367 1098 4430 compararet,
1159 4359 1248 4412 ubi
1295 4365 1450 4411 ortus
1501 4355 1640 4411 foret
1671 4365 1725 4410 et
1749 4356 2022 4416 interitus,

2143 3464 2309 3518 ματος
2348 3446 2437 3498 τὸν
2484 3447 2612 3517 περὶ
2667 3447 3016 3510 ἀναστάσεως
3062 3447 3327 3520 ἀθετῆσαι
3377 3448 3534 3518 λόγον
3555 3488 3572 3514 ,
3620 3449 3716 3504 καὶ

2137 3538 2425 3609 οἰηθέντων
2449 3538 2759 3592 ἀκολουθεῖν
2800 3541 2864 3609 τῇ
2905 3540 3201 3594 ἀναστάσει
3244 3540 3307 3593 τὸ
3344 3541 3571 3594 ἕκαστον
3605 3542 3711 3594 τῶν

2135 3629 2510 3700 ἀνισταμένων
2547 3630 2646 3702 τὴν
2676 3629 2844 3700 αὐτὴν
2883 3631 3025 3700 ἔχειν
3061 3630 3245 3700 σχέσιν
3285 3631 3427 3702 πρὸς
3452 3632 3544 3695 οὓς
3572 3628 3711 3702 εἶχεν

2136 3723 2193 3773 ὲν
2236 3722 2313 3792 τῷ
2361 3721 2461 3791 βίῳ
2500 3721 2697 3790 τούτῳ,
2733 3723 2797 3775 ἵν’
2825 3725 2854 3775 6
2886 3722 2982 3792 μὲν
3013 3723 3150 3794 ἀνὴρ
3182 3722 3430 3794 ἀπολάϐῃ
3475 3725 3568 3777 καί¹
3613 3725 3710 3794 τὴν

2134 3814 2366 3879 γυναῖκα
2416 3811 2554 3879 μετά
2589 3810 2684 3863 τοῦ
2730 3814 2911 3882 τυχεῖν
2955 3812 3330 3876 ἀναστάσεως·
3370 3813 3398 3864 6
3427 3812 3484 3864 δὲ
3522 3814 3709 3885 πατὴρ

2134 3898 2293 3972 μείνῃ
2328 3903 2386 3953 ἐν
2412 3903 2478 3972 τῇ
2523 3901 2701 3971 σχέσει
2729 3905 2795 3973 τῇ
2826 3901 2963 3973 πρὸς
3004 3901 3095 3954 τὸν
3127 3902 3262 3967 υἱὸν,
3292 3901 3386 3955 καὶ
3427 3903 3456 3954 6
3485 3902 3708 3972 ἀδελφὸς

2130 3992 2267 4064 πρὸς
2290 3991 2380 4044 τὸν
2408 3991 2650 4060 ἀδελφόν.
2689 3993 2944 4060 Ἢγνόουν
2971 3993 3028 4046 δὲ
3050 3993 3178 4064 ἀρα,
3204 3994 3287 4046 ὅτι
3313 3993 3342 4045 ὁ
3361 3993 3707 4064 δημιουργὸς.

2133 4082 2306 4134 πάντα
2350 4080 2519 4134 ποιῶν
2565 4081 2700 4152 πρὸς
2734 4082 2796 4134 τὸ
2847 4086 3134 4153 χρήσιμον,
3184 4083 3318 4136 ὅπου
3356 4084 3454 4153 μὲν
3501 4082 3708 4151 γένεσίς

2130 4173 2244 4225 ἐστι
2283 4173 2378 4225 καὶ
2407 4172 2602 4245 φθορὰ,
2639 4174 2936 4244 πεποίηκεν
2971 4174 3282 4242 ἀναγκαίως
3310 4174 3410 4238 τὰς
3455 4172 3706 4236 τοιαύτας

2132 4264 2362 4334 σχέσεις,
2397 4265 2464 4317 ἵν’
2498 4267 2526 4318 ὁ
2555 4265 2652 4335 μέν
2683 4262 2820 4339 τιςῇ
2849 4266 2990 4337 ἀνὴρ
3025 4265 3112 4320 διὰ
3143 4265 3401 4334 γυναικὸς
3425 4265 3701 4319 διακονού-

2134 4371 2292 4425 μενος
2323 4353 2524 4407 παίδων
2559 4353 2770 4422 γενέσει
2788 4369 2804 4384 ⁶
2833 4355 2880 4406 οἱ
2908 4353 2964 4406 δὲ
2993 4353 3319 4424 γεννώμενοι
3353 4351 3523 4424 σχῶσι
3562 4369 3611 4403 τι
3637 4351 3702 4402 ἐκ

455 4450 720 4520 ejusmodi
753 4449 969 4504 habitus
1018 4446 1328 4503 necessario
1361 4444 1633 4500 invexisse
1665 4444 2017 4510 nesciebant,

2143 4445 2227 4514 τῆς
2264 4443 2353 4499 διὰ
2399 4444 2507 4497 τῶν
2549 4442 2734 4498 αὐτῶν
2766 4443 3029 4513 γενέσεως
3066 4442 3179 4514 (67)
3223 4441 3507 4512 συγγενὲς,
3553 4441 3703 4502 ὄντες

1663 4582 1893 4661 VETUS
1927 4579 2505 4637 INTERPRETATIO.

453 4710 576 4764 viri.
607 4710 775 4780 Igitur
807 4709 1017 4764 virente
1047 4707 1179 4780 viro
1201 4706 1442 4780 adultera
1474 4705 1650 4780 εδικεί
1682 4702 1820 4780 facta
1849 4699 2012 4780 fuerit
2045 4700 2198 4778 alteri
2241 4699 2379 4753 viro.
2430 4697 2486 4752 Si
2536 4706 2716 4752 autem
2757 4705 3006 4752 mortuus
3039 4696 3203 4751 fuerit
3225 4695 3326 4761 vir,
3359 4694 3586 4749 liberata
3619 4700 3702 4749 est

454 4797 483 4832 a
513 4768 775 4847 Iegevviri,
813 4781 884 4831 ita
913 4788 970 4832 ut
998 4793 1104 4830 non
1139 4778 1210 4832 sit
1238 4777 1478 4829 adultera
1496 4775 1550 4847 isi
1584 4773 1744 4847 fuerit
1777 4768 2092 4847 cum_altcro
2120 4769 2309 4847 vii0._3
2415 4837 2427 4847 .
2582 4836 2594 4847 _
2927 4836 2938 4846 _
3083 4834 3104 4847 _
3170 4834 3181 4846 O
3263 4843 3272 4847 Δ
3377 4831 3410 4847 η
3467 4833 3518 4847 η
3645 4831 3657 4842 ,

523 4831 619 4900 ’ὀὲξ
654 4831 776 4902 [lare
818 4849 869 4900 in
917 4863 1142 4901 excessu
1175 4847 1412 4900 diximus
1444 4846 1510 4899 ad
1553 4840 2006 4896 manifestaudum
2044 4843 2212 4907 legem
2261 4837 2467 4908 Moysi,
2510 4836 2668 4906 cujus
2711 4834 3339 4908 mentoriam_facieiites
3377 4831 3696 4908 Sadduca‘i,

451 4917 726 4970 Christum
755 4917 1453 4986 interrogabautdicentes:
1494 4934 1511 4966 ι
1545 4913 1756 4983 Moyses
1790 4911 1959 4974 dixit;
1999 4927 2016 4960 ι
2051 4903 2700 4986 ειῖοαιιριηζρυιιιγεέιιηι
2723 4907 2906 4986 omnia
2935 4905 3012 4960 sic
3039 4905 3219 4986 futura
3235 4918 3369 4985 oesse
3393 4903 3536 4986 illic._
3562 4917 3698 4986 quo—

455 4987 617 5040 modo
660 4995 788 5040 sunt
825 4989 877 5040 in
922 4973 1121 5040 saeculo
1166 4987 1270 5040 isto
1299 4987 1398 5039 viri
1443 4994 1488 5039 et
1530 4973 1748 5043 uxores,
1781 4973 1961 5050 patres
1987 4990 2039 5033 et
2067 4979 2183 5041 lilii,
2214 4973 2406 5052 fratres
2435 4986 2489 5052 et
2530 4992 2769 5052 sorores.
2819 4975 3131 5052 Debuerunt
3163 4973 3307 5027 enim
3348 4973 3698 5052 considerare

452 5069 579 5110 tunc
607 5057 884 5110 Sadducwi
918 5071 980 5109 ea
1006 5072 1126 5124 qua:
1155 5057 1517 5124 sequebantur
1543 5045 2070 5124 opinioneureorum
2110 5066 2122 5100 :
2155 5048 2410 5124 quoniam
2439 5047 2484 5100 si
2513 5055 2641 5124 sunt
2666 5046 2746 5124 ibi
2778 5045 2999 5124 nuptiae,
3034 5054 3091 5124 _et
3132 5054 3363 5124 partus;
3408 5045 3452 5095 si
3489 5053 3696 5124 partus.

449 5139 502 5180 ct
533 5137 735 5180 mortes
761 5135 814 5179 et
843 5113 1182 5179 infirmitates
1216 5113 1244 5179 ε’
1262 5126 1306 5180 si
1338 5113 1612 5188 nativitas,
1643 5129 1696 5174 et
1728 5119 1955 5191 pueritia
1979 5113 2400 5191 descensiones
2424 5115 2820 5191 a_pue_ritia_ad_
2850 5113 3215 5191 maturitatem
3247 5113 3475 5191 virilem,
3502 5121 3555 5191 et
3593 5113 3698 5191 mi-

449 5199 762 5251 noratiunes
789 5196 1102 5251 senectutis.
1141 5193 1197 5249 Si
1235 5206 1414 5249 autem
1457 5195 1568 5247 haec
1595 5180 1808 5250 omnia,
1837 5188 1941 5242 erit
1978 5198 2031 5241 et
2062 5186 2287 5250 malitia,
2332 5197 2385 5239 et
2423 5180 2510 5238 vix
2547 5185 2745 5239 alicubi
2776 5185 2948 5238 virtus
2990 5183 3295 5256 invenietur
3327 5183 3380 5235 in
3424 5181 3561 5234 raris
3598 5180 3699 5256 hu-

451 5270 688 5322 miuibus
712 5266 1080 5337 quaerentibus
1101 5281 1242 5320 eam.
1293 5262 1360 5318 Et
1404 5264 1488 5318 his
1531 5262 1662 5332 quid
1704 5268 1879 5330 potest
1922 5274 2044 5312 esse
2070 5256 2304 5324 amplius
2333 5256 2647 5309 vanum?et
2677 5256 2871 5309 melius
2904 5261 2987 5308 est
3017 5262 3078 5307 ut
3116 5267 3215 5307 nec
3251 5251 3320 5305 sit
3347 5251 3693 5306 resurrectio.

519 5411 560 5441 ³⁷
587 5409 746 5466 Rom.
778 5426 876 5474 vn,
909 5409 962 5474 1,
992 5409 1062 5474 2,
1096 5410 1148 5464 5.
1253 5408 1299 5440 ’⁸
1325 5405 1517 5460 Matth.
1553 5417 1667 5458 χιιι
1696 5440 1710 5465 ,
1766 5400 1857 5455 24.
1934 5402 1979 5432 ³³
2014 5399 2039 5452 il

2152 5439 2166 5462 ,
2198 5396 2289 5450 25.
2365 5397 2410 5428 ³⁰
2457 5395 2741 5460 lsa.1v,l.

515 5525 627 5594 (66)
659 5524 769 5577 Τοῦ
796 5522 922 5590 τῆς.
957 5522 1259 5594 [legendum
1280 5519 1437 5594 τοῦτο
1469 5518 1587 5588 τῆςο
1651 5585 1666 5594 ,
1766 5583 1800 5594 ,.
1856 5583 1894 5594 ..
1997 5592 2005 5594 _

2143 5510 2426 5594 γεννήσεως
2450 5509 2506 5594 δὲ
2539 5509 2696 5580 ἔργον
2728 5505 2818 5594 ἦν’,
2854 5518 2908 5594 et
2939 5509 3132 5594 iterum
3177 5507 3405 5563 inferius
3437 5523 3452 5560 :
3487 5499 3564 5563 ὧν
3607 5507 3696 5594 tv:

518 5575 628 5662 i073
661 5575 782 5660 ῆς
806 5575 1276 5664 assensor
1301 5575 1610 5660 γενέσεις.
1651 5585 1725 5664 Ita
1761 5583 1822 5639 α.
1856 5583 1922 5637 ιι.
1958 5592 2014 5635 αι

2143 5575 2294 5664 ῖαῦθα
2315 5580 2401 5631 διὰ
2424 5575 2672 5664 γέννησιν
2690 5575 2846 5664 χρεία
2863 5575 2950 5650 ἧν,
2974 5579 3325 5664 οξίιῑΙίιιριιιιιο
3351 5587 3476 5646 post
3500 5596 3517 5664 ξ
3539 5578 3694 5650 παρὰ

2119 5650 2185 5731 “cdt
2241 5651 2300 5701 ὲν
2347 5647 2596 5731 γεννήῆσει
2632 5647 2949 5731 πράγματα.
3009 5649 3114 5731 Sed
3144 5647 3399 5703 fortasse
3455 5647 3692 5717 γένεσιν,

448 5658 857 5732 Πζγεννήσεως.
908 5663 1086 5715 Malim
1118 5658 1453 5732 γεννήσεως,
1495 5670 1548 5712 et
1581 5658 1743 5726 paulo
1790 5669 2010 5724 quoque

2241 5658 2300 5701 εν
2347 5658 2596 5732 γεννήσει
2632 5658 2817 5732 πράγμ

2117 5719 2367 5788 γέννησιν
2393 5719 2697 5776 confuderit
2729 5719 3008 5788 Oi‘igrnes.
3038 5720 3296 5773 Ilusnus.

445 5730 696 5792 superius
723 5749 734 5781 :
783 5732 1188 5794 διακονούμενος
1223 5730 1424 5783 παίδων
1453 5733 1722 5794 γεννήσει,
1758 5735 1810 5779 ct
1838 5738 1960 5777 mox
1992 5737 2004 5771 :
