  <div class='ocr_page' id='page_1' title='image "/cluster/home/n/w/nwhite01/storage/ocr_20150623/13/mdp.39015007036059/797.png"; bbox 0 0 4074 6300; ppageno 0'>
   <div class='ocr_carea' id='block_1_1' title="bbox 426 296 557 351">
    <p class='ocr_par' dir='ltr' id='par_1_1' title="bbox 426 296 557 351">
     <span class='ocr_line' id='line_1_1' title="bbox 426 296 557 351; baseline -0.008 0"><span class='ocrx_word' id='word_1_1' title='bbox 426 296 557 351; x_wconf 71' lang='grc'><strong>1387</strong></span> 
     </span>
    </p>
   </div>
   <div class='ocr_carea' id='block_1_2' title="bbox 1798 305 2197 363">
    <p class='ocr_par' dir='ltr' id='par_1_2' title="bbox 1798 305 2197 363">
     <span class='ocr_line' id='line_1_2' title="bbox 1798 305 2197 363; baseline 0.008 -2"><span class='ocrx_word' id='word_1_2' title='bbox 1798 336 1801 339; x_wconf 96' lang='grc'><strong><em>-</em></strong></span> <span class='ocrx_word' id='word_1_3' title='bbox 1873 305 2197 363; x_wconf 80' lang='lat' dir='ltr'><strong>ORIGENIS</strong></span> 
     </span>
    </p>
   </div>
   <div class='ocr_carea' id='block_1_3' title="bbox 3533 318 3673 373">
    <p class='ocr_par' dir='ltr' id='par_1_3' title="bbox 3533 318 3673 373">
     <span class='ocr_line' id='line_1_3' title="bbox 3533 318 3673 373; baseline 0.014 -2"><span class='ocrx_word' id='word_1_4' title='bbox 3533 318 3673 373; x_wconf 76' lang='grc'><strong>1588</strong></span> 
     </span>
    </p>
   </div>
   <div class='ocr_carea' id='block_1_4' title="bbox 421 396 1984 503">
    <p class='ocr_par' dir='ltr' id='par_1_4' title="bbox 421 412 1984 491">
     <span class='ocr_line' id='line_1_4' title="bbox 421 412 1984 491; baseline 0.008 -24"><span class='ocrx_word' id='word_1_5' title='bbox 421 412 646 482; x_wconf 80' lang='lat' dir='ltr'><strong>quando</strong></span> <span class='ocrx_word' id='word_1_6' title='bbox 677 431 900 471; x_wconf 81' lang='lat' dir='ltr'><strong>rursum</strong></span> <span class='ocrx_word' id='word_1_7' title='bbox 927 417 1183 473; x_wconf 87' lang='lat' dir='ltr'><strong>virtutem</strong></span> <span class='ocrx_word' id='word_1_8' title='bbox 1217 419 1272 473; x_wconf 92' lang='lat' dir='ltr'><strong>in</strong></span> <span class='ocrx_word' id='word_1_9' title='bbox 1298 419 1484 490; x_wconf 84' lang='lat' dir='ltr'><strong>paucis</strong></span> <span class='ocrx_word' id='word_1_10' title='bbox 1507 420 1575 478; x_wconf 88' lang='lat' dir='ltr'><strong>iis</strong></span> <span class='ocrx_word' id='word_1_11' title='bbox 1599 422 1693 491; x_wconf 85' lang='lat' dir='ltr'><strong>qui</strong></span> <span class='ocrx_word' id='word_1_12' title='bbox 1721 422 1868 480; x_wconf 85' lang='lat' dir='ltr'><strong>illam</strong></span> <span class='ocrx_word' id='word_1_13' title='bbox 1903 440 1984 480; x_wconf 88' lang='lat' dir='ltr'><strong>re-</strong></span> 
     </span>
    </p>
   </div>
   <div class='ocr_carea' id='block_1_5' title="bbox 2085 396 3662 503">
    <p class='ocr_par' dir='ltr' id='par_1_5' title="bbox 2087 396 3662 503">
     <span class='ocr_line' id='line_1_5' title="bbox 2087 396 3662 503; baseline 0.006 -25"><span class='ocrx_word' id='word_1_14' title='bbox 2087 396 2373 480; x_wconf 75' lang='grc' dir='ltr'>ἀκόλουθον</span> <span class='ocrx_word' id='word_1_15' title='bbox 2414 422 2482 498; x_wconf 81' lang='grc' dir='ltr'>ἦν</span> <span class='ocrx_word' id='word_1_16' title='bbox 2520 428 2613 481; x_wconf 78' lang='grc' dir='ltr'><strong>καὶ</strong></span> <span class='ocrx_word' id='word_1_17' title='bbox 2645 428 2873 483; x_wconf 75' lang='grc' dir='ltr'>ἕκαστον</span> <span class='ocrx_word' id='word_1_18' title='bbox 2914 429 3023 482; x_wconf 88' lang='grc' dir='ltr'><strong>τῶν</strong></span> <span class='ocrx_word' id='word_1_19' title='bbox 3072 432 3376 503; x_wconf 76' lang='grc' dir='ltr'><strong>εἰρημένων</strong></span> <span class='ocrx_word' id='word_1_20' title='bbox 3420 431 3662 489; x_wconf 74' lang='grc' dir='ltr'>ἔσεσθαι.</span> 
     </span>
    </p>
   </div>
   <div class='ocr_carea' id='block_1_6' title="bbox 425 505 1984 596">
    <p class='ocr_par' dir='ltr' id='par_1_6' title="bbox 425 505 1984 582">
     <span class='ocr_line' id='line_1_6' title="bbox 425 505 1984 582; baseline 0.006 -22"><span class='ocrx_word' id='word_1_21' title='bbox 425 505 603 576; x_wconf 84' lang='lat' dir='ltr'><strong>perire</strong></span> <span class='ocrx_word' id='word_1_22' title='bbox 628 514 918 575; x_wconf 86' lang='lat' dir='ltr'><strong>satagunt:</strong></span> <span class='ocrx_word' id='word_1_23' title='bbox 947 522 1058 576; x_wconf 93' lang='lat' dir='ltr'><strong>quo</strong></span> <span class='ocrx_word' id='word_1_24' title='bbox 1078 508 1209 578; x_wconf 90' lang='lat' dir='ltr'><strong>quid</strong></span> <span class='ocrx_word' id='word_1_25' title='bbox 1242 508 1491 567; x_wconf 89' lang='lat' dir='ltr'><strong>insanius</strong></span> <span class='ocrx_word' id='word_1_26' title='bbox 1518 526 1643 578; x_wconf 81' lang='lat' dir='ltr'><strong>esse</strong></span> <span class='ocrx_word' id='word_1_27' title='bbox 1672 522 1851 582; x_wconf 88' lang='lat' dir='ltr'><strong>potest</strong></span> <span class='ocrx_word' id='word_1_28' title='bbox 1873 513 1897 568; x_wconf 84' lang='lat'><strong>?</strong></span> <span class='ocrx_word' id='word_1_29' title='bbox 1918 514 1984 570; x_wconf 76' lang='grc' dir='ltr'>Α(</span> 
     </span>
    </p>
   </div>
   <div class='ocr_carea' id='block_1_7' title="bbox 2085 505 3663 596">
    <p class='ocr_par' dir='ltr' id='par_1_7' title="bbox 2099 512 3663 596">
     <span class='ocr_line' id='line_1_7' title="bbox 2099 512 3663 596; baseline 0.006 -28"><span class='ocrx_word' id='word_1_30' title='bbox 2099 514 2270 586; x_wconf 72' lang='grc' dir='ltr'>Εἴπερ</span> <span class='ocrx_word' id='word_1_31' title='bbox 2305 512 2397 571; x_wconf 81' lang='grc' dir='ltr'><strong>οὖν</strong></span> <span class='ocrx_word' id='word_1_32' title='bbox 2432 518 2613 582; x_wconf 85' lang='grc' dir='ltr'>καινὸς</span> <span class='ocrx_word' id='word_1_33' title='bbox 2655 518 2786 573; x_wconf 85' lang='grc' dir='ltr'>αἰών</span> <span class='ocrx_word' id='word_1_34' title='bbox 2830 520 2981 575; x_wconf 76' lang='grc' dir='ltr'>ἐστιν</span> <span class='ocrx_word' id='word_1_35' title='bbox 3018 520 3403 594; x_wconf 73' lang='grc' dir='ltr'>ὲλπιζόμενος,</span> <span class='ocrx_word' id='word_1_36' title='bbox 3449 523 3546 577; x_wconf 75' lang='grc' dir='ltr'>καὶ</span> <span class='ocrx_word' id='word_1_37' title='bbox 3590 525 3663 596; x_wconf 81' lang='grc' dir='ltr'>γῆ</span> 
     </span>
    </p>
   </div>
   <div class='ocr_carea' id='block_1_8' title="bbox 424 593 1990 674">
    <p class='ocr_par' dir='ltr' id='par_1_8' title="bbox 424 593 1990 674">
     <span class='ocr_line' id='line_1_8' title="bbox 424 593 1990 674; baseline 0.007 -24"><span class='ocrx_word' id='word_1_38' title='bbox 424 593 598 650; x_wconf 88' lang='lat' dir='ltr'><strong>satius</strong></span> <span class='ocrx_word' id='word_1_39' title='bbox 632 595 849 665; x_wconf 86' lang='lat' dir='ltr'><strong>quidem</strong></span> <span class='ocrx_word' id='word_1_40' title='bbox 884 604 969 651; x_wconf 88' lang='lat' dir='ltr'><strong>est</strong></span> <span class='ocrx_word' id='word_1_41' title='bbox 1018 598 1477 656; x_wconf 75' lang='lat' dir='ltr'><strong>resurrectionem</strong></span> <span class='ocrx_word' id='word_1_42' title='bbox 1514 616 1624 657; x_wconf 89' lang='lat' dir='ltr'><strong>non</strong></span> <span class='ocrx_word' id='word_1_43' title='bbox 1658 618 1800 669; x_wconf 88' lang='lat' dir='ltr'><strong>esse,</strong></span> <span class='ocrx_word' id='word_1_44' title='bbox 1823 621 1990 674; x_wconf 88' lang='lat' dir='ltr'><strong>quam</strong></span> 
     </span>
    </p>
   </div>
   <div class='ocr_carea' id='block_1_9' title="bbox 420 688 1995 763">
    <p class='ocr_par' dir='ltr' id='par_1_9' title="bbox 420 688 1995 763">
     <span class='ocr_line' id='line_1_9' title="bbox 420 688 1995 763; baseline 0.008 -21"><span class='ocrx_word' id='word_1_45' title='bbox 420 689 633 758; x_wconf 81' lang='lat' dir='ltr'><strong>qualem</strong></span> <span class='ocrx_word' id='word_1_46' title='bbox 658 688 821 759; x_wconf 73' lang='lat'><strong>823</strong></span> <span class='ocrx_word' id='word_1_47' title='bbox 848 688 952 745; x_wconf 88' lang='lat' dir='ltr'><strong>sibi</strong></span> <span class='ocrx_word' id='word_1_48' title='bbox 980 689 1254 761; x_wconf 86' lang='lat' dir='ltr'><strong>fingebant</strong></span> <span class='ocrx_word' id='word_1_49' title='bbox 1274 690 1554 749; x_wconf 82' lang='lat' dir='ltr'><strong>Sadducaei</strong></span> <span class='ocrx_word' id='word_1_50' title='bbox 1572 736 1588 763; x_wconf 91' lang='lat'><strong>,</strong></span> <span class='ocrx_word' id='word_1_51' title='bbox 1612 697 1995 754; x_wconf 89' lang='lat' dir='ltr'><strong>resurrectioni</strong></span> 
     </span>
    </p>
   </div>
   <div class='ocr_carea' id='block_1_10' title="bbox 419 781 1993 856">
    <p class='ocr_par' dir='ltr' id='par_1_10' title="bbox 419 781 1993 856">
     <span class='ocr_line' id='line_1_10' title="bbox 419 781 1993 856; baseline 0.005 -20"><span class='ocrx_word' id='word_1_52' title='bbox 419 794 455 836; x_wconf 81' lang='lat' dir='ltr'><strong>a</strong></span> <span class='ocrx_word' id='word_1_53' title='bbox 486 781 719 835; x_wconf 81' lang='lat' dir='ltr'><strong>mortuis</strong></span> <span class='ocrx_word' id='word_1_54' title='bbox 739 782 1134 837; x_wconf 74' lang='lat' dir='ltr'><strong>consectarium</strong></span> <span class='ocrx_word' id='word_1_55' title='bbox 1167 799 1289 839; x_wconf 90' lang='lat' dir='ltr'><strong>esse</strong></span> <span class='ocrx_word' id='word_1_56' title='bbox 1311 793 1562 856; x_wconf 81' lang='lat' dir='ltr'><strong>putantes</strong></span> <span class='ocrx_word' id='word_1_57' title='bbox 1582 801 1806 843; x_wconf 80' lang='lat' dir='ltr'><strong>uxorem</strong></span> <span class='ocrx_word' id='word_1_58' title='bbox 1835 804 1993 844; x_wconf 88' lang='lat' dir='ltr'><strong>suam</strong></span> 
     </span>
    </p>
   </div>
   <div class='ocr_carea' id='block_1_11' title="bbox 420 874 1991 952">
    <p class='ocr_par' dir='ltr' id='par_1_11' title="bbox 420 874 1991 952">
     <span class='ocr_line' id='line_1_11' title="bbox 420 874 1991 952; baseline 0.006 -24"><span class='ocrx_word' id='word_1_59' title='bbox 420 889 691 944; x_wconf 87' lang='lat' dir='ltr'><strong>quemque</strong></span> <span class='ocrx_word' id='word_1_60' title='bbox 715 874 961 944; x_wconf 90' lang='lat' dir='ltr'><strong>recipere</strong></span> <span class='ocrx_word' id='word_1_61' title='bbox 985 892 1003 943; x_wconf 91' lang='lat'><strong>;</strong></span> <span class='ocrx_word' id='word_1_62' title='bbox 1028 877 1174 932; x_wconf 91' lang='lat' dir='ltr'><strong>unde</strong></span> <span class='ocrx_word' id='word_1_63' title='bbox 1202 886 1257 932; x_wconf 92' lang='lat' dir='ltr'><strong>et</strong></span> <span class='ocrx_word' id='word_1_64' title='bbox 1276 893 1340 934; x_wconf 90' lang='lat' dir='ltr'><strong>ea</strong></span> <span class='ocrx_word' id='word_1_65' title='bbox 1364 878 1569 947; x_wconf 88' lang='lat' dir='ltr'><strong>omnia,</strong></span> <span class='ocrx_word' id='word_1_66' title='bbox 1591 895 1713 952; x_wconf 72' lang='lat' dir='ltr'><strong>quae</strong></span> <span class='ocrx_word' id='word_1_67' title='bbox 1730 881 1991 948; x_wconf 78' lang='lat' dir='ltr'><strong>diximus,</strong></span> 
     </span>
    </p>
   </div>
   <div class='ocr_carea' id='block_1_12' title="bbox 418 964 1986 1040">
    <p class='ocr_par' dir='ltr' id='par_1_12' title="bbox 418 964 1986 1040">
     <span class='ocr_line' id='line_1_12' title="bbox 418 964 1986 1040; baseline 0.004 -19"><span class='ocrx_word' id='word_1_68' title='bbox 418 964 601 1021; x_wconf 68' lang='lat' dir='ltr'><strong>futura</strong></span> <span class='ocrx_word' id='word_1_69' title='bbox 632 980 756 1021; x_wconf 91' lang='lat' dir='ltr'><strong>esse</strong></span> <span class='ocrx_word' id='word_1_70' title='bbox 783 967 1131 1037; x_wconf 85' lang='lat' dir='ltr'><strong>sequebatur.</strong></span> <span class='ocrx_word' id='word_1_71' title='bbox 1161 968 1318 1035; x_wconf 82' lang='lat' dir='ltr'><strong>Quod</strong></span> <span class='ocrx_word' id='word_1_72' title='bbox 1346 970 1393 1025; x_wconf 89' lang='lat' dir='ltr'><strong>si</strong></span> <span class='ocrx_word' id='word_1_73' title='bbox 1422 985 1624 1025; x_wconf 87' lang='lat' dir='ltr'><strong>novum</strong></span> <span class='ocrx_word' id='word_1_74' title='bbox 1648 986 1777 1040; x_wconf 83' lang='lat' dir='ltr'><strong>ergo</strong></span> <span class='ocrx_word' id='word_1_75' title='bbox 1818 988 1986 1028; x_wconf 59' lang='lat' dir='ltr'><strong>saecu-</strong></span> 
     </span>
    </p>
   </div>
   <div class='ocr_carea' id='block_1_13' title="bbox 427 1058 1994 1128">
    <p class='ocr_par' dir='ltr' id='par_1_13' title="bbox 427 1058 1994 1128">
     <span class='ocr_line' id='line_1_13' title="bbox 427 1058 1994 1128; baseline 0.005 -18"><span class='ocrx_word' id='word_1_76' title='bbox 427 1072 530 1111; x_wconf 77' lang='grc' dir='ltr'>ιυιη</span> <span class='ocrx_word' id='word_1_77' title='bbox 572 1065 842 1126; x_wconf 84' lang='lat' dir='ltr'><strong>speratur,</strong></span> <span class='ocrx_word' id='word_1_78' title='bbox 875 1066 951 1122; x_wconf 88' lang='lat' dir='ltr'><strong>et,</strong></span> <span class='ocrx_word' id='word_1_79' title='bbox 983 1066 1044 1114; x_wconf 89' lang='lat' dir='ltr'><strong>ut</strong></span> <span class='ocrx_word' id='word_1_80' title='bbox 1073 1059 1210 1114; x_wconf 77' lang='lat' dir='ltr'><strong>dixit</strong></span> <span class='ocrx_word' id='word_1_81' title='bbox 1252 1058 1420 1117; x_wconf 88' lang='lat' dir='ltr'><strong>Isaias</strong></span> <span class='ocrx_word' id='word_1_82' title='bbox 1442 1061 1509 1128; x_wconf 81' lang='grc'>³¹,</span> <span class='ocrx_word' id='word_1_83' title='bbox 1555 1079 1574 1114; x_wconf 82' lang='grc' dir='ltr'><strong>ι</strong></span> <span class='ocrx_word' id='word_1_84' title='bbox 1605 1062 1729 1118; x_wconf 69' lang='lat' dir='ltr'><strong>coeli</strong></span> <span class='ocrx_word' id='word_1_85' title='bbox 1763 1064 1911 1128; x_wconf 88' lang='lat' dir='ltr'><strong>novi,</strong></span> <span class='ocrx_word' id='word_1_86' title='bbox 1939 1073 1994 1118; x_wconf 92' lang='lat' dir='ltr'><strong>et</strong></span> 
     </span>
    </p>
   </div>
   <div class='ocr_carea' id='block_1_14' title="bbox 422 1149 1990 1222">
    <p class='ocr_par' dir='ltr' id='par_1_14' title="bbox 422 1149 1990 1222">
     <span class='ocr_line' id='line_1_14' title="bbox 422 1149 1990 1222; baseline 0.003 -19"><span class='ocrx_word' id='word_1_87' title='bbox 422 1156 565 1203; x_wconf 87' lang='lat' dir='ltr'><strong>terra</strong></span> <span class='ocrx_word' id='word_1_88' title='bbox 608 1162 769 1208; x_wconf 81' lang='lat' dir='ltr'><strong>nova.</strong></span> <span class='ocrx_word' id='word_1_89' title='bbox 803 1167 822 1200; x_wconf 76' lang='grc' dir='ltr'><strong>ι</strong></span> <span class='ocrx_word' id='word_1_90' title='bbox 866 1157 920 1204; x_wconf 89' lang='lat' dir='ltr'><strong>et</strong></span> <span class='ocrx_word' id='word_1_91' title='bbox 968 1159 1031 1205; x_wconf 87' lang='lat' dir='ltr'><strong>ut</strong></span> <span class='ocrx_word' id='word_1_92' title='bbox 1082 1149 1137 1204; x_wconf 93' lang='lat' dir='ltr'><strong>in</strong></span> <span class='ocrx_word' id='word_1_93' title='bbox 1188 1150 1478 1221; x_wconf 82' lang='lat' dir='ltr'><strong>Evangelio</strong></span> <span class='ocrx_word' id='word_1_94' title='bbox 1523 1151 1787 1222; x_wconf 89' lang='lat' dir='ltr'><strong>scriptum</strong></span> <span class='ocrx_word' id='word_1_95' title='bbox 1816 1163 1901 1210; x_wconf 88' lang='lat' dir='ltr'><strong>est</strong></span> <span class='ocrx_word' id='word_1_96' title='bbox 1924 1153 1990 1219; x_wconf 61' lang='lat'><strong>3’,</strong></span> 
     </span>
    </p>
   </div>
   <div class='ocr_carea' id='block_1_15' title="bbox 424 1236 1993 1313">
    <p class='ocr_par' dir='ltr' id='par_1_15' title="bbox 424 1236 1993 1313">
     <span class='ocr_line' id='line_1_15' title="bbox 424 1236 1993 1313; baseline 0.007 -24"><span class='ocrx_word' id='word_1_97' title='bbox 424 1253 447 1289; x_wconf 78' lang='grc' dir='ltr'><strong>ι</strong></span> <span class='ocrx_word' id='word_1_98' title='bbox 469 1237 607 1293; x_wconf 74' lang='lat' dir='ltr'><strong>calix</strong></span> <span class='ocrx_word' id='word_1_99' title='bbox 628 1238 752 1292; x_wconf 78' lang='lat' dir='ltr'><strong>novi</strong></span> <span class='ocrx_word' id='word_1_100' title='bbox 770 1236 1125 1308; x_wconf 85' lang='lat' dir='ltr'><strong>Testamenti,</strong></span> <span class='ocrx_word' id='word_1_101' title='bbox 1147 1259 1166 1293; x_wconf 76' lang='grc' dir='ltr'><strong>ι</strong></span> <span class='ocrx_word' id='word_1_102' title='bbox 1191 1255 1222 1295; x_wconf 91' lang='lat' dir='ltr'><strong>a</strong></span> <span class='ocrx_word' id='word_1_103' title='bbox 1241 1255 1400 1309; x_wconf 87' lang='lat' dir='ltr'><strong>nova,</strong></span> <span class='ocrx_word' id='word_1_104' title='bbox 1414 1241 1628 1312; x_wconf 84' lang='lat' dir='ltr'><strong>opinor,</strong></span> <span class='ocrx_word' id='word_1_105' title='bbox 1649 1243 1759 1298; x_wconf 91' lang='lat' dir='ltr'><strong>vite</strong></span> <span class='ocrx_word' id='word_1_106' title='bbox 1776 1257 1993 1313; x_wconf 80' lang='lat' dir='ltr'><strong>expres-</strong></span> 
     </span>
    </p>
   </div>
   <div class='ocr_carea' id='block_1_16' title="bbox 418 1329 1986 1403">
    <p class='ocr_par' dir='ltr' id='par_1_16' title="bbox 418 1329 1986 1403">
     <span class='ocr_line' id='line_1_16' title="bbox 418 1329 1986 1403; baseline 0.003 -18"><span class='ocrx_word' id='word_1_107' title='bbox 418 1344 535 1394; x_wconf 80' lang='lat' dir='ltr'><strong>sus,</strong></span> <span class='ocrx_word' id='word_1_108' title='bbox 565 1329 780 1386; x_wconf 82' lang='lat' dir='ltr'><strong>diversa</strong></span> <span class='ocrx_word' id='word_1_109' title='bbox 812 1329 1057 1400; x_wconf 81' lang='lat' dir='ltr'><strong>profecto</strong></span> <span class='ocrx_word' id='word_1_110' title='bbox 1089 1346 1213 1389; x_wconf 84' lang='lat' dir='ltr'><strong>esse</strong></span> <span class='ocrx_word' id='word_1_111' title='bbox 1258 1342 1500 1403; x_wconf 86' lang='lat' dir='ltr'><strong>oportet,</strong></span> <span class='ocrx_word' id='word_1_112' title='bbox 1544 1341 1600 1388; x_wconf 89' lang='lat' dir='ltr'><strong>et</strong></span> <span class='ocrx_word' id='word_1_113' title='bbox 1638 1348 1763 1390; x_wconf 89' lang='lat' dir='ltr'><strong>vere</strong></span> <span class='ocrx_word' id='word_1_114' title='bbox 1806 1334 1986 1402; x_wconf 89' lang='lat' dir='ltr'><strong>beata,</strong></span> 
     </span>
    </p>
   </div>
   <div class='ocr_carea' id='block_1_17' title="bbox 418 1420 1985 1494">
    <p class='ocr_par' dir='ltr' id='par_1_17' title="bbox 418 1420 1985 1494">
     <span class='ocr_line' id='line_1_17' title="bbox 418 1420 1985 1494; baseline 0.006 -23"><span class='ocrx_word' id='word_1_115' title='bbox 418 1434 756 1489; x_wconf 68' lang='lat' dir='ltr'><strong>quascunque</strong></span> <span class='ocrx_word' id='word_1_116' title='bbox 783 1420 850 1474; x_wconf 82' lang='lat' dir='ltr'><strong>ad</strong></span> <span class='ocrx_word' id='word_1_117' title='bbox 877 1421 1041 1475; x_wconf 88' lang='lat' dir='ltr'><strong>vitam</strong></span> <span class='ocrx_word' id='word_1_118' title='bbox 1079 1421 1187 1476; x_wconf 87' lang='lat' dir='ltr'><strong>illic</strong></span> <span class='ocrx_word' id='word_1_119' title='bbox 1210 1422 1593 1479; x_wconf 88' lang='lat' dir='ltr'><strong>traducendam</strong></span> <span class='ocrx_word' id='word_1_120' title='bbox 1620 1425 1985 1494; x_wconf 83' lang='lat' dir='ltr'><strong>pertinebunt.</strong></span> 
     </span>
    </p>
   </div>
   <div class='ocr_carea' id='block_1_18' title="bbox 417 1506 1990 1582">
    <p class='ocr_par' dir='ltr' id='par_1_18' title="bbox 417 1506 1990 1582">
     <span class='ocr_line' id='line_1_18' title="bbox 417 1506 1990 1582; baseline 0.004 -19"><span class='ocrx_word' id='word_1_121' title='bbox 417 1506 886 1576; x_wconf 86' lang='lat' dir='ltr'><strong>Quemadmodum</strong></span> <span class='ocrx_word' id='word_1_122' title='bbox 910 1520 1114 1575; x_wconf 89' lang='lat' dir='ltr'><strong>autem,</strong></span> <span class='ocrx_word' id='word_1_123' title='bbox 1135 1510 1210 1567; x_wconf 91' lang='lat' dir='ltr'><strong>ita</strong></span> <span class='ocrx_word' id='word_1_124' title='bbox 1240 1519 1301 1566; x_wconf 91' lang='lat' dir='ltr'><strong>ut</strong></span> <span class='ocrx_word' id='word_1_125' title='bbox 1332 1511 1507 1582; x_wconf 85' lang='lat' dir='ltr'><strong>ipsum</strong></span> <span class='ocrx_word' id='word_1_126' title='bbox 1530 1512 1827 1568; x_wconf 85' lang='lat' dir='ltr'><strong>declaravit</strong></span> <span class='ocrx_word' id='word_1_127' title='bbox 1860 1512 1990 1569; x_wconf 60' lang='lat' dir='ltr'><strong>Vero</strong></span> 
     </span>
    </p>
   </div>
   <div class='ocr_carea' id='block_1_19' title="bbox 416 1600 1991 1674">
    <p class='ocr_par' dir='ltr' id='par_1_19' title="bbox 416 1600 1991 1674">
     <span class='ocr_line' id='line_1_19' title="bbox 416 1600 1991 1674; baseline 0.003 -21"><span class='ocrx_word' id='word_1_128' title='bbox 416 1600 569 1667; x_wconf 84' lang='lat' dir='ltr'><strong>bum,</strong></span> <span class='ocrx_word' id='word_1_129' title='bbox 600 1615 669 1655; x_wconf 75' lang='lat' dir='ltr'><strong>ex</strong></span> <span class='ocrx_word' id='word_1_130' title='bbox 700 1615 768 1656; x_wconf 90' lang='lat' dir='ltr'><strong>eo</strong></span> <span class='ocrx_word' id='word_1_131' title='bbox 800 1602 946 1670; x_wconf 90' lang='lat' dir='ltr'><strong>quod</strong></span> <span class='ocrx_word' id='word_1_132' title='bbox 968 1616 1103 1655; x_wconf 81' lang='lat' dir='ltr'><strong>uxor</strong></span> <span class='ocrx_word' id='word_1_133' title='bbox 1129 1611 1185 1656; x_wconf 89' lang='lat' dir='ltr'><strong>et</strong></span> <span class='ocrx_word' id='word_1_134' title='bbox 1201 1602 1285 1656; x_wconf 86' lang='lat' dir='ltr'><strong>vir</strong></span> <span class='ocrx_word' id='word_1_135' title='bbox 1309 1601 1507 1670; x_wconf 89' lang='lat' dir='ltr'><strong>forent,</strong></span> <span class='ocrx_word' id='word_1_136' title='bbox 1536 1613 1749 1673; x_wconf 88' lang='lat' dir='ltr'><strong>patrum</strong></span> <span class='ocrx_word' id='word_1_137' title='bbox 1772 1620 1991 1674; x_wconf 88' lang='lat' dir='ltr'><strong>quoque</strong></span> 
     </span>
    </p>
   </div>
   <div class='ocr_carea' id='block_1_20' title="bbox 2096 605 3663 687">
    <p class='ocr_par' dir='ltr' id='par_1_20' title="bbox 2096 605 3663 687">
     <span class='ocr_line' id='line_1_20' title="bbox 2096 605 3663 687; baseline 0.007 -28"><span class='ocrx_word' id='word_1_138' title='bbox 2096 608 2281 678; x_wconf 84' lang='grc' dir='ltr'>καινὴ,</span> <span class='ocrx_word' id='word_1_139' title='bbox 2312 608 2425 674; x_wconf 71' lang='grc' dir='ltr'>καὶ,</span> <span class='ocrx_word' id='word_1_140' title='bbox 2455 608 2531 673; x_wconf 84' lang='grc' dir='ltr'>ὡς</span> <span class='ocrx_word' id='word_1_141' title='bbox 2561 610 2840 682; x_wconf 82' lang='grc' dir='ltr'><strong>ὠνόμασεν</strong></span> <span class='ocrx_word' id='word_1_142' title='bbox 2885 605 3178 677; x_wconf 76' lang='grc' dir='ltr'>Ἦσαῖας,·ι</span> <span class='ocrx_word' id='word_1_143' title='bbox 3211 613 3440 687; x_wconf 83' lang='grc' dir='ltr'>οὐρανὸς</span> <span class='ocrx_word' id='word_1_144' title='bbox 3457 616 3663 684; x_wconf 75' lang='grc' dir='ltr'>καινὸς,</span> 
     </span>
    </p>
   </div>
   <div class='ocr_carea' id='block_1_21' title="bbox 2095 697 3667 777">
    <p class='ocr_par' dir='ltr' id='par_1_21' title="bbox 2095 697 3667 777">
     <span class='ocr_line' id='line_1_21' title="bbox 2095 697 3667 777; baseline 0.006 -26"><span class='ocrx_word' id='word_1_145' title='bbox 2095 697 2190 751; x_wconf 78' lang='grc' dir='ltr'><strong>καὶ</strong></span> <span class='ocrx_word' id='word_1_146' title='bbox 2218 697 2291 769; x_wconf 83' lang='grc' dir='ltr'><strong>γῆ</strong></span> <span class='ocrx_word' id='word_1_147' title='bbox 2314 699 2496 769; x_wconf 84' lang='grc' dir='ltr'>καινὴ,</span> <span class='ocrx_word' id='word_1_148' title='bbox 2531 718 2551 752; x_wconf 71' lang='grc' dir='ltr'><strong>ι</strong></span> <span class='ocrx_word' id='word_1_149' title='bbox 2584 701 2678 754; x_wconf 76' lang='grc' dir='ltr'><strong>καὶ</strong></span> <span class='ocrx_word' id='word_1_150' title='bbox 2703 701 2778 765; x_wconf 87' lang='grc' dir='ltr'>ὡς</span> <span class='ocrx_word' id='word_1_151' title='bbox 2804 702 2862 755; x_wconf 80' lang='grc' dir='ltr'>ὲν</span> <span class='ocrx_word' id='word_1_152' title='bbox 2888 701 2966 773; x_wconf 84' lang='grc' dir='ltr'>τῷ</span> <span class='ocrx_word' id='word_1_153' title='bbox 2989 702 3304 775; x_wconf 78' lang='grc' dir='ltr'>Εὐαγγελίῳ</span> <span class='ocrx_word' id='word_1_154' title='bbox 3328 703 3667 777; x_wconf 79' lang='grc' dir='ltr'>γέγραπται,</span> 
     </span>
    </p>
   </div>
   <div class='ocr_carea' id='block_1_22' title="bbox 2101 782 3668 866">
    <p class='ocr_par' dir='ltr' id='par_1_22' title="bbox 2101 782 3668 866">
     <span class='ocr_line' id='line_1_22' title="bbox 2101 782 3668 866; baseline 0.008 -28"><span class='ocrx_word' id='word_1_155' title='bbox 2101 804 2122 838; x_wconf 78' lang='grc' dir='ltr'><strong>ι</strong></span> <span class='ocrx_word' id='word_1_156' title='bbox 2167 788 2423 859; x_wconf 82' lang='grc' dir='ltr'>ποτήριον</span> <span class='ocrx_word' id='word_1_157' title='bbox 2454 788 2648 860; x_wconf 78' lang='grc' dir='ltr'><strong>καινῆς</strong></span> <span class='ocrx_word' id='word_1_158' title='bbox 2688 791 2981 865; x_wconf 86' lang='grc' dir='ltr'>Διαθήκης,</span> <span class='ocrx_word' id='word_1_159' title='bbox 3017 812 3036 845; x_wconf 76' lang='lat' dir='ltr'><strong>t</strong></span> <span class='ocrx_word' id='word_1_160' title='bbox 3059 782 3179 848; x_wconf 76' lang='grc' dir='ltr'>’ἀπὸ</span> <span class='ocrx_word' id='word_1_161' title='bbox 3224 794 3473 865; x_wconf 84' lang='grc' dir='ltr'>ἀμπέλου</span> <span class='ocrx_word' id='word_1_162' title='bbox 3516 791 3668 866; x_wconf 72' lang='grc' dir='ltr'>οἶμαι</span> 
     </span>
    </p>
   </div>
   <div class='ocr_carea' id='block_1_23' title="bbox 2094 877 3663 958">
    <p class='ocr_par' dir='ltr' id='par_1_23' title="bbox 2094 877 3663 958">
     <span class='ocr_line' id='line_1_23' title="bbox 2094 877 3663 958; baseline 0.006 -27"><span class='ocrx_word' id='word_1_163' title='bbox 2094 880 2307 949; x_wconf 77' lang='grc' dir='ltr'>καινῆς,</span> <span class='ocrx_word' id='word_1_164' title='bbox 2340 881 2552 953; x_wconf 83' lang='grc' dir='ltr'>ἑτεροῖα</span> <span class='ocrx_word' id='word_1_165' title='bbox 2580 881 2662 936; x_wconf 80' lang='grc' dir='ltr'><strong>δεῖ</strong></span> <span class='ocrx_word' id='word_1_166' title='bbox 2688 877 2826 937; x_wconf 81' lang='grc' dir='ltr'>εῖναι</span> <span class='ocrx_word' id='word_1_167' title='bbox 2859 885 3037 939; x_wconf 87' lang='grc' dir='ltr'>πάντα</span> <span class='ocrx_word' id='word_1_168' title='bbox 3068 884 3137 939; x_wconf 86' lang='grc' dir='ltr'>τὰ</span> <span class='ocrx_word' id='word_1_169' title='bbox 3167 885 3268 956; x_wconf 83' lang='grc' dir='ltr'>τῆς</span> <span class='ocrx_word' id='word_1_170' title='bbox 3293 885 3473 939; x_wconf 83' lang='grc' dir='ltr'>ὲκεϊσε</span> <span class='ocrx_word' id='word_1_171' title='bbox 3502 886 3663 958; x_wconf 77' lang='grc' dir='ltr'>ζωῆς,</span> 
     </span>
    </p>
   </div>
   <div class='ocr_carea' id='block_1_24' title="bbox 2092 965 3665 1043">
    <p class='ocr_par' dir='ltr' id='par_1_24' title="bbox 2092 965 3665 1043">
     <span class='ocr_line' id='line_1_24' title="bbox 2092 965 3665 1043; baseline 0.007 -25"><span class='ocrx_word' id='word_1_172' title='bbox 2092 965 2187 1019; x_wconf 82' lang='grc' dir='ltr'><strong>καὶ</strong></span> <span class='ocrx_word' id='word_1_173' title='bbox 2211 966 2426 1039; x_wconf 85' lang='grc' dir='ltr'>ἀληθῶς</span> <span class='ocrx_word' id='word_1_174' title='bbox 2462 969 2725 1041; x_wconf 87' lang='grc' dir='ltr'>μακάρια.</span> <span class='ocrx_word' id='word_1_175' title='bbox 2755 970 2965 1043; x_wconf 84' lang='grc' dir='ltr'>Ὠσπερ</span> <span class='ocrx_word' id='word_1_176' title='bbox 2985 973 3064 1038; x_wconf 81' lang='grc' dir='ltr'>δὲ,</span> <span class='ocrx_word' id='word_1_177' title='bbox 3089 974 3166 1037; x_wconf 86' lang='grc' dir='ltr'>ὡς</span> <span class='ocrx_word' id='word_1_178' title='bbox 3192 976 3222 1028; x_wconf 85' lang='grc' dir='ltr'><strong>ὁ</strong></span> <span class='ocrx_word' id='word_1_179' title='bbox 3252 974 3422 1043; x_wconf 85' lang='grc' dir='ltr'><strong>Λόγος</strong></span> <span class='ocrx_word' id='word_1_180' title='bbox 3452 975 3665 1030; x_wconf 82' lang='grc' dir='ltr'>ἀπέδει-</span> 
     </span>
    </p>
   </div>
   <div class='ocr_carea' id='block_1_25' title="bbox 2093 1055 3665 1131">
    <p class='ocr_par' dir='ltr' id='par_1_25' title="bbox 2093 1055 3665 1131">
     <span class='ocr_line' id='line_1_25' title="bbox 2093 1055 3665 1131; baseline 0.007 -23"><span class='ocrx_word' id='word_1_181' title='bbox 2093 1055 2203 1122; x_wconf 82' lang='grc' dir='ltr'>ξεν,</span> <span class='ocrx_word' id='word_1_182' title='bbox 2228 1056 2558 1131; x_wconf 76' lang='grc' dir='ltr'>ἠκολούθησε</span> <span class='ocrx_word' id='word_1_183' title='bbox 2586 1059 2664 1131; x_wconf 86' lang='grc' dir='ltr'>τῷ</span> <span class='ocrx_word' id='word_1_184' title='bbox 2693 1057 2831 1115; x_wconf 75' lang='grc' dir='ltr'>εἶναι</span> <span class='ocrx_word' id='word_1_185' title='bbox 2846 1060 3092 1131; x_wconf 75' lang='grc' dir='ltr'>’γυναῖκα</span> <span class='ocrx_word' id='word_1_186' title='bbox 3121 1065 3216 1117; x_wconf 77' lang='grc' dir='ltr'><strong>καὶ</strong></span> <span class='ocrx_word' id='word_1_187' title='bbox 3250 1064 3420 1124; x_wconf 78' lang='grc' dir='ltr'>ἀνδρα</span> <span class='ocrx_word' id='word_1_188' title='bbox 3445 1066 3508 1118; x_wconf 86' lang='grc' dir='ltr'><strong>τὸ</strong></span> <span class='ocrx_word' id='word_1_189' title='bbox 3550 1066 3665 1119; x_wconf 76' lang='grc' dir='ltr'>ἐσε-</span> 
     </span>
    </p>
   </div>
   <div class='ocr_carea' id='block_1_26' title="bbox 2094 1142 3663 1224">
    <p class='ocr_par' dir='ltr' id='par_1_26' title="bbox 2094 1142 3663 1224">
     <span class='ocr_line' id='line_1_26' title="bbox 2094 1142 3663 1224; baseline 0.008 -28"><span class='ocrx_word' id='word_1_190' title='bbox 2094 1142 2217 1198; x_wconf 91' lang='grc' dir='ltr'>σθαι</span> <span class='ocrx_word' id='word_1_191' title='bbox 2250 1145 2344 1198; x_wconf 82' lang='grc' dir='ltr'>καὶ</span> <span class='ocrx_word' id='word_1_192' title='bbox 2370 1146 2536 1202; x_wconf 85' lang='grc' dir='ltr'>τέκνα</span> <span class='ocrx_word' id='word_1_193' title='bbox 2569 1146 2840 1222; x_wconf 79' lang='grc' dir='ltr'><strong>πατέρων,</strong></span> <span class='ocrx_word' id='word_1_194' title='bbox 2868 1151 2961 1205; x_wconf 83' lang='grc' dir='ltr'><strong>καὶ</strong></span> <span class='ocrx_word' id='word_1_195' title='bbox 2992 1151 3253 1221; x_wconf 82' lang='grc' dir='ltr'>ἀδελφοὺς</span> <span class='ocrx_word' id='word_1_196' title='bbox 3280 1153 3544 1224; x_wconf 81' lang='grc' dir='ltr'><strong>ἀδελφῶν¹</strong></span> <span class='ocrx_word' id='word_1_197' title='bbox 3572 1157 3663 1209; x_wconf 71' lang='lat' dir='ltr'><strong>xui</strong></span> 
     </span>
    </p>
   </div>
   <div class='ocr_carea' id='block_1_27' title="bbox 2093 1236 3665 1314">
    <p class='ocr_par' dir='ltr' id='par_1_27' title="bbox 2093 1236 3665 1314">
     <span class='ocr_line' id='line_1_27' title="bbox 2093 1236 3665 1314; baseline 0.007 -25"><span class='ocrx_word' id='word_1_198' title='bbox 2093 1236 2339 1309; x_wconf 80' lang='grc' dir='ltr'><strong>μητέρας</strong></span> <span class='ocrx_word' id='word_1_199' title='bbox 2375 1238 2484 1294; x_wconf 91' lang='grc' dir='ltr'><strong>τῶν</strong></span> <span class='ocrx_word' id='word_1_200' title='bbox 2520 1241 2876 1312; x_wconf 81' lang='grc' dir='ltr'>γεννωμένων</span> <span class='ocrx_word' id='word_1_201' title='bbox 2899 1258 2914 1271; x_wconf 89' lang='grc'><strong>·</strong></span> <span class='ocrx_word' id='word_1_202' title='bbox 2953 1241 3097 1296; x_wconf 77' lang='grc' dir='ltr'>οὕτω</span> <span class='ocrx_word' id='word_1_203' title='bbox 3137 1244 3346 1314; x_wconf 87' lang='grc' dir='ltr'>μήποτε</span> <span class='ocrx_word' id='word_1_204' title='bbox 3385 1245 3665 1301; x_wconf 83' lang='grc' dir='ltr'>ἀκολουθεῖ</span> 
     </span>
    </p>
   </div>
   <div class='ocr_carea' id='block_1_28' title="bbox 2088 1321 3654 1403">
    <p class='ocr_par' dir='ltr' id='par_1_28' title="bbox 2088 1321 3654 1403">
     <span class='ocr_line' id='line_1_28' title="bbox 2088 1321 3654 1403; baseline 0.006 -25"><span class='ocrx_word' id='word_1_205' title='bbox 2088 1321 2171 1395; x_wconf 82' lang='grc' dir='ltr'>τῷ</span> <span class='ocrx_word' id='word_1_206' title='bbox 2203 1324 2278 1401; x_wconf 77' lang='grc' dir='ltr'>μὴ</span> <span class='ocrx_word' id='word_1_207' title='bbox 2305 1322 2442 1395; x_wconf 75' lang='grc' dir='ltr'>εἶναι</span> <span class='ocrx_word' id='word_1_208' title='bbox 2468 1329 2753 1400; x_wconf 80' lang='grc' dir='ltr'>γυναῖκαῆ</span> <span class='ocrx_word' id='word_1_209' title='bbox 2784 1330 2954 1403; x_wconf 81' lang='grc' dir='ltr'>ἄνδρα</span> <span class='ocrx_word' id='word_1_210' title='bbox 2991 1331 3054 1384; x_wconf 84' lang='grc' dir='ltr'><strong>τὸ</strong></span> <span class='ocrx_word' id='word_1_211' title='bbox 3089 1332 3285 1402; x_wconf 82' lang='grc' dir='ltr'><strong>μηκέτι</strong></span> <span class='ocrx_word' id='word_1_212' title='bbox 3312 1332 3531 1389; x_wconf 74' lang='grc' dir='ltr'>ἔσεσθαι</span> <span class='ocrx_word' id='word_1_213' title='bbox 3564 1353 3654 1388; x_wconf 86' lang='grc' dir='ltr'>πα-</span> 
     </span>
    </p>
   </div>
   <div class='ocr_carea' id='block_1_29' title="bbox 2090 1414 3693 1496">
    <p class='ocr_par' dir='ltr' id='par_1_29' title="bbox 2090 1414 3693 1496">
     <span class='ocr_line' id='line_1_29' title="bbox 2090 1414 3693 1496; baseline 0.007 -29"><span class='ocrx_word' id='word_1_214' title='bbox 2090 1414 2221 1486; x_wconf 79' lang='grc' dir='ltr'>τέρα</span> <span class='ocrx_word' id='word_1_215' title='bbox 2254 1415 2347 1469; x_wconf 77' lang='grc' dir='ltr'>καὶ</span> <span class='ocrx_word' id='word_1_216' title='bbox 2378 1418 2610 1489; x_wconf 80' lang='grc' dir='ltr'>μητέρα,</span> <span class='ocrx_word' id='word_1_217' title='bbox 2644 1419 2741 1473; x_wconf 81' lang='grc' dir='ltr'>καὶ</span> <span class='ocrx_word' id='word_1_218' title='bbox 2766 1418 3009 1492; x_wconf 83' lang='grc' dir='ltr'>ἀλλήλων</span> <span class='ocrx_word' id='word_1_219' title='bbox 3038 1422 3189 1485; x_wconf 85' lang='grc' dir='ltr'>τινάς</span> <span class='ocrx_word' id='word_1_220' title='bbox 3217 1423 3500 1494; x_wconf 79' lang='grc' dir='ltr'>ἀδελφοὺς,</span> <span class='ocrx_word' id='word_1_221' title='bbox 3526 1425 3661 1496; x_wconf 88' lang='grc' dir='ltr'>τάχα</span> <span class='ocrx_word' id='word_1_222' title='bbox 3681 1419 3693 1437; x_wconf 79' lang='grc'><strong><em>⁸</em></strong></span> 
     </span>
    </p>
   </div>
   <div class='ocr_carea' id='block_1_30' title="bbox 2088 1505 3660 1588">
    <p class='ocr_par' dir='ltr' id='par_1_30' title="bbox 2088 1505 3660 1588">
     <span class='ocr_line' id='line_1_30' title="bbox 2088 1505 3660 1588; baseline 0.007 -29"><span class='ocrx_word' id='word_1_223' title='bbox 2088 1506 2149 1569; x_wconf 88' lang='grc' dir='ltr'><strong>οὐ</strong></span> <span class='ocrx_word' id='word_1_224' title='bbox 2185 1508 2311 1580; x_wconf 72' lang='grc' dir='ltr'>περὶ</span> <span class='ocrx_word' id='word_1_225' title='bbox 2345 1508 2641 1579; x_wconf 82' lang='grc' dir='ltr'>μελλόντων</span> <span class='ocrx_word' id='word_1_226' title='bbox 2668 1511 2847 1582; x_wconf 89' lang='grc' dir='ltr'>μόνον,</span> <span class='ocrx_word' id='word_1_227' title='bbox 2875 1511 3011 1566; x_wconf 84' lang='grc' dir='ltr'>ἀλλά</span> <span class='ocrx_word' id='word_1_228' title='bbox 3038 1514 3132 1567; x_wconf 60' lang='grc' dir='ltr'><strong>καλ⁵</strong></span> <span class='ocrx_word' id='word_1_229' title='bbox 3155 1514 3264 1569; x_wconf 91' lang='grc' dir='ltr'><strong>τῶν</strong></span> <span class='ocrx_word' id='word_1_230' title='bbox 3295 1505 3660 1588; x_wconf 52' lang='grc' dir='ltr'>παρεληλυθόὲ</span> 
     </span>
    </p>
   </div>
   <div class='ocr_carea' id='block_1_31' title="bbox 2088 1600 3661 1678">
    <p class='ocr_par' dir='ltr' id='par_1_31' title="bbox 2088 1600 3661 1678">
     <span class='ocr_line' id='line_1_31' title="bbox 2088 1600 3661 1678; baseline 0.006 -27"><span class='ocrx_word' id='word_1_231' title='bbox 2088 1615 2196 1653; x_wconf 89' lang='grc' dir='ltr'><strong>των</strong></span> <span class='ocrx_word' id='word_1_232' title='bbox 2218 1614 2236 1664; x_wconf 86' lang='grc'><strong>;</strong></span> <span class='ocrx_word' id='word_1_233' title='bbox 2280 1600 2428 1653; x_wconf 83' lang='grc' dir='ltr'>Ἐκεῖ</span> <span class='ocrx_word' id='word_1_234' title='bbox 2456 1602 2566 1673; x_wconf 83' lang='grc' dir='ltr'><strong>γάρ</strong></span> <span class='ocrx_word' id='word_1_235' title='bbox 2593 1602 2777 1656; x_wconf 82' lang='grc' dir='ltr'>οὐκέτι</span> <span class='ocrx_word' id='word_1_236' title='bbox 2805 1602 2901 1656; x_wconf 81' lang='grc' dir='ltr'>τοῦ</span> <span class='ocrx_word' id='word_1_237' title='bbox 2927 1603 3071 1657; x_wconf 83' lang='grc' dir='ltr'><strong>κατά</strong></span> <span class='ocrx_word' id='word_1_238' title='bbox 3095 1605 3273 1678; x_wconf 85' lang='grc' dir='ltr'>σάρκα</span> <span class='ocrx_word' id='word_1_239' title='bbox 3293 1606 3486 1675; x_wconf 83' lang='grc' dir='ltr'>γένους</span> <span class='ocrx_word' id='word_1_240' title='bbox 3510 1607 3661 1661; x_wconf 74' lang='grc' dir='ltr'>ἔσται</span> 
     </span>
    </p>
   </div>
   <div class='ocr_carea' id='block_1_32' title="bbox 417 1689 1984 1768">
    <p class='ocr_par' dir='ltr' id='par_1_32' title="bbox 417 1689 1984 1761">
     <span class='ocr_line' id='line_1_32' title="bbox 417 1689 1984 1761; baseline 0.002 -14"><span class='ocrx_word' id='word_1_241' title='bbox 417 1689 561 1747; x_wconf 77' lang='lat' dir='ltr'><strong>filios</strong></span> <span class='ocrx_word' id='word_1_242' title='bbox 593 1705 716 1745; x_wconf 90' lang='lat' dir='ltr'><strong>esse</strong></span> <span class='ocrx_word' id='word_1_243' title='bbox 746 1692 1097 1761; x_wconf 87' lang='lat' dir='ltr'><strong>sequebatur,</strong></span> <span class='ocrx_word' id='word_1_244' title='bbox 1128 1703 1185 1748; x_wconf 88' lang='lat' dir='ltr'><strong>et</strong></span> <span class='ocrx_word' id='word_1_245' title='bbox 1217 1692 1412 1749; x_wconf 90' lang='lat' dir='ltr'><strong>fratres</strong></span> <span class='ocrx_word' id='word_1_246' title='bbox 1441 1693 1698 1760; x_wconf 78' lang='lat' dir='ltr'><strong>fratrum,</strong></span> <span class='ocrx_word' id='word_1_247' title='bbox 1733 1705 1788 1751; x_wconf 92' lang='lat' dir='ltr'><strong>et</strong></span> <span class='ocrx_word' id='word_1_248' title='bbox 1831 1704 1984 1750; x_wconf 86' lang='lat' dir='ltr'><strong>nato-</strong></span> 
     </span>
    </p>
   </div>
   <div class='ocr_carea' id='block_1_33' title="bbox 2085 1689 3659 1768">
    <p class='ocr_par' dir='ltr' id='par_1_33' title="bbox 2093 1690 3659 1768">
     <span class='ocr_line' id='line_1_33' title="bbox 2093 1690 3659 1768; baseline -0.015 -6"><span class='ocrx_word' id='word_1_249' title='bbox 2093 1690 2281 1761; x_wconf 83' lang='grc' dir='ltr'>μνήμη</span> <span class='ocrx_word' id='word_1_250' title='bbox 2315 1690 2466 1761; x_wconf 84' lang='grc' dir='ltr'>παρὰ</span> <span class='ocrx_word' id='word_1_251' title='bbox 2496 1693 2606 1755; x_wconf 84' lang='grc' dir='ltr'>τοῖς</span> <span class='ocrx_word' id='word_1_252' title='bbox 2636 1692 2873 1761; x_wconf 78' lang='grc' dir='ltr'>εὐλόγως</span> <span class='ocrx_word' id='word_1_253' title='bbox 2896 1693 3154 1748; x_wconf 86' lang='grc' dir='ltr'>ἀκούουσι</span> <span class='ocrx_word' id='word_1_254' title='bbox 3187 1694 3278 1748; x_wconf 84' lang='grc' dir='ltr'>τοῦ</span> <span class='ocrx_word' id='word_1_255' title='bbox 3297 1712 3311 1725; x_wconf 92' lang='grc'><strong>·</strong></span> <span class='ocrx_word' id='word_1_256' title='bbox 3349 1714 3369 1748; x_wconf 74' lang='grc' dir='ltr'><strong>ι</strong></span> <span class='ocrx_word' id='word_1_257' title='bbox 3403 1697 3494 1767; x_wconf 84' lang='grc' dir='ltr'><strong>Μὴ</strong></span> <span class='ocrx_word' id='word_1_258' title='bbox 3531 1714 3659 1768; x_wconf 86' lang='grc' dir='ltr'>μνη-</span> 
     </span>
    </p>
   </div>
   <div class='ocr_carea' id='block_1_34' title="bbox 418 1784 1989 1859">
    <p class='ocr_par' dir='ltr' id='par_1_34' title="bbox 418 1784 1989 1859">
     <span class='ocr_line' id='line_1_34' title="bbox 418 1784 1989 1859; baseline 0.003 -22"><span class='ocrx_word' id='word_1_259' title='bbox 418 1797 541 1837; x_wconf 83' lang='lat' dir='ltr'><strong>rum</strong></span> <span class='ocrx_word' id='word_1_260' title='bbox 570 1790 773 1838; x_wconf 84' lang='lat' dir='ltr'><strong>matres</strong></span> <span class='ocrx_word' id='word_1_261' title='bbox 799 1800 814 1850; x_wconf 93' lang='lat'><strong>;</strong></span> <span class='ocrx_word' id='word_1_262' title='bbox 847 1799 1027 1839; x_wconf 88' lang='lat' dir='ltr'><strong>nonne</strong></span> <span class='ocrx_word' id='word_1_263' title='bbox 1056 1784 1172 1855; x_wconf 85' lang='lat' dir='ltr'><strong>pari</strong></span> <span class='ocrx_word' id='word_1_264' title='bbox 1204 1785 1413 1842; x_wconf 84' lang='lat' dir='ltr'><strong>ratione</strong></span> <span class='ocrx_word' id='word_1_265' title='bbox 1438 1801 1506 1841; x_wconf 76' lang='lat' dir='ltr'><strong>ex</strong></span> <span class='ocrx_word' id='word_1_266' title='bbox 1533 1801 1601 1841; x_wconf 91' lang='lat' dir='ltr'><strong>eo</strong></span> <span class='ocrx_word' id='word_1_267' title='bbox 1622 1787 1766 1856; x_wconf 90' lang='lat' dir='ltr'><strong>quod</strong></span> <span class='ocrx_word' id='word_1_268' title='bbox 1811 1802 1989 1859; x_wconf 91' lang='lat' dir='ltr'><strong>neque</strong></span> 
     </span>
    </p>
   </div>
   <div class='ocr_carea' id='block_1_35' title="bbox 416 1874 1985 1949">
    <p class='ocr_par' dir='ltr' id='par_1_35' title="bbox 416 1874 1985 1949">
     <span class='ocr_line' id='line_1_35' title="bbox 416 1874 1985 1949; baseline 0.003 -19"><span class='ocrx_word' id='word_1_269' title='bbox 416 1890 557 1930; x_wconf 78' lang='lat' dir='ltr'><strong>uxor</strong></span> <span class='ocrx_word' id='word_1_270' title='bbox 585 1874 676 1942; x_wconf 90' lang='lat' dir='ltr'><strong>sit,</strong></span> <span class='ocrx_word' id='word_1_271' title='bbox 708 1890 886 1945; x_wconf 89' lang='lat' dir='ltr'><strong>neque</strong></span> <span class='ocrx_word' id='word_1_272' title='bbox 912 1875 1014 1942; x_wconf 76' lang='lat' dir='ltr'><strong>vir,</strong></span> <span class='ocrx_word' id='word_1_273' title='bbox 1049 1877 1294 1947; x_wconf 89' lang='lat' dir='ltr'><strong>sequitur</strong></span> <span class='ocrx_word' id='word_1_274' title='bbox 1343 1892 1562 1949; x_wconf 87' lang='lat' dir='ltr'><strong>quoque</strong></span> <span class='ocrx_word' id='word_1_275' title='bbox 1613 1894 1713 1933; x_wconf 88' lang='lat' dir='ltr'><strong>nec</strong></span> <span class='ocrx_word' id='word_1_276' title='bbox 1755 1888 1985 1948; x_wconf 84' lang='lat' dir='ltr'><strong>patrem,</strong></span> 
     </span>
    </p>
   </div>
   <div class='ocr_carea' id='block_1_36' title="bbox 416 1966 1990 2038">
    <p class='ocr_par' dir='ltr' id='par_1_36' title="bbox 416 1966 1990 2038">
     <span class='ocr_line' id='line_1_36' title="bbox 416 1966 1990 2038; baseline 0.006 -20"><span class='ocrx_word' id='word_1_277' title='bbox 416 1978 518 2020; x_wconf 90' lang='lat' dir='ltr'><strong>nec</strong></span> <span class='ocrx_word' id='word_1_278' title='bbox 548 1975 803 2033; x_wconf 80' lang='lat' dir='ltr'><strong>matrem,</strong></span> <span class='ocrx_word' id='word_1_279' title='bbox 835 1982 938 2022; x_wconf 88' lang='lat' dir='ltr'><strong>nec</strong></span> <span class='ocrx_word' id='word_1_280' title='bbox 970 1980 1274 2038; x_wconf 89' lang='lat' dir='ltr'><strong>quosquam</strong></span> <span class='ocrx_word' id='word_1_281' title='bbox 1314 1966 1514 2024; x_wconf 80' lang='lat' dir='ltr'><strong>fratres</strong></span> <span class='ocrx_word' id='word_1_282' title='bbox 1555 1969 1785 2025; x_wconf 84' lang='lat' dir='ltr'><strong>invicem</strong></span> <span class='ocrx_word' id='word_1_283' title='bbox 1841 1970 1990 2027; x_wconf 89' lang='lat' dir='ltr'><strong>futu-</strong></span> 
     </span>
    </p>
   </div>
   <div class='ocr_carea' id='block_1_37' title="bbox 417 2056 1988 2129">
    <p class='ocr_par' dir='ltr' id='par_1_37' title="bbox 417 2056 1988 2129">
     <span class='ocr_line' id='line_1_37' title="bbox 417 2056 1988 2129; baseline 0.006 -22"><span class='ocrx_word' id='word_1_284' title='bbox 417 2071 550 2124; x_wconf 89' lang='lat' dir='ltr'><strong>ros;</strong></span> <span class='ocrx_word' id='word_1_285' title='bbox 583 2065 745 2128; x_wconf 86' lang='lat' dir='ltr'><strong>atque</strong></span> <span class='ocrx_word' id='word_1_286' title='bbox 776 2057 829 2111; x_wconf 90' lang='lat' dir='ltr'><strong>id</strong></span> <span class='ocrx_word' id='word_1_287' title='bbox 857 2056 1090 2113; x_wconf 78' lang='lat' dir='ltr'><strong>fortasse</strong></span> <span class='ocrx_word' id='word_1_288' title='bbox 1112 2073 1218 2114; x_wconf 89' lang='lat' dir='ltr'><strong>non</strong></span> <span class='ocrx_word' id='word_1_289' title='bbox 1244 2060 1422 2129; x_wconf 88' lang='lat' dir='ltr'><strong>quoad</strong></span> <span class='ocrx_word' id='word_1_290' title='bbox 1450 2060 1633 2115; x_wconf 87' lang='lat' dir='ltr'><strong>futura</strong></span> <span class='ocrx_word' id='word_1_291' title='bbox 1663 2060 1862 2127; x_wconf 90' lang='lat' dir='ltr'><strong>solum,</strong></span> <span class='ocrx_word' id='word_1_292' title='bbox 1893 2062 1988 2117; x_wconf 90' lang='lat' dir='ltr'><strong>sed</strong></span> 
     </span>
    </p>
   </div>
   <div class='ocr_carea' id='block_1_38' title="bbox 413 2149 1988 2224">
    <p class='ocr_par' dir='ltr' id='par_1_38' title="bbox 413 2149 1988 2224">
     <span class='ocr_line' id='line_1_38' title="bbox 413 2149 1988 2224; baseline 0.003 -21"><span class='ocrx_word' id='word_1_293' title='bbox 413 2156 469 2203; x_wconf 85' lang='lat' dir='ltr'><strong>et</strong></span> <span class='ocrx_word' id='word_1_294' title='bbox 512 2149 692 2217; x_wconf 81' lang='lat' dir='ltr'><strong>quoad</strong></span> <span class='ocrx_word' id='word_1_295' title='bbox 743 2150 1060 2219; x_wconf 67' lang='lat' dir='ltr'><strong>praeterita?</strong></span> <span class='ocrx_word' id='word_1_296' title='bbox 1097 2149 1212 2206; x_wconf 90' lang='lat' dir='ltr'><strong>lllic</strong></span> <span class='ocrx_word' id='word_1_297' title='bbox 1257 2151 1402 2206; x_wconf 90' lang='lat' dir='ltr'><strong>enim</strong></span> <span class='ocrx_word' id='word_1_298' title='bbox 1447 2152 1596 2207; x_wconf 89' lang='lat' dir='ltr'><strong>nulla</strong></span> <span class='ocrx_word' id='word_1_299' title='bbox 1640 2152 1988 2224; x_wconf 80' lang='lat' dir='ltr'><strong>cogitationis</strong></span> 
     </span>
    </p>
   </div>
   <div class='ocr_carea' id='block_1_39' title="bbox 412 2239 1989 2315">
    <p class='ocr_par' dir='ltr' id='par_1_39' title="bbox 412 2239 1989 2315">
     <span class='ocr_line' id='line_1_39' title="bbox 412 2239 1989 2315; baseline 0.005 -22"><span class='ocrx_word' id='word_1_300' title='bbox 412 2239 714 2293; x_wconf 88' lang='lat' dir='ltr'><strong>secundum</strong></span> <span class='ocrx_word' id='word_1_301' title='bbox 760 2255 978 2295; x_wconf 82' lang='lat' dir='ltr'><strong>carnem</strong></span> <span class='ocrx_word' id='word_1_302' title='bbox 1015 2240 1161 2313; x_wconf 90' lang='lat' dir='ltr'><strong>apud</strong></span> <span class='ocrx_word' id='word_1_303' title='bbox 1205 2256 1300 2297; x_wconf 84' lang='lat' dir='ltr'><strong>eos</strong></span> <span class='ocrx_word' id='word_1_304' title='bbox 1349 2242 1452 2298; x_wconf 87' lang='lat' dir='ltr'><strong>erit</strong></span> <span class='ocrx_word' id='word_1_305' title='bbox 1494 2244 1699 2298; x_wconf 87' lang='lat' dir='ltr'><strong>mentio</strong></span> <span class='ocrx_word' id='word_1_306' title='bbox 1745 2245 1838 2315; x_wconf 88' lang='lat' dir='ltr'><strong>qui</strong></span> <span class='ocrx_word' id='word_1_307' title='bbox 1882 2246 1989 2301; x_wconf 91' lang='lat' dir='ltr'><strong>hoc</strong></span> 
     </span>
    </p>
   </div>
   <div class='ocr_carea' id='block_1_40' title="bbox 412 2327 1989 2403">
    <p class='ocr_par' dir='ltr' id='par_1_40' title="bbox 412 2327 1989 2403">
     <span class='ocr_line' id='line_1_40' title="bbox 412 2327 1989 2403; baseline 0.004 -19"><span class='ocrx_word' id='word_1_308' title='bbox 412 2338 559 2384; x_wconf 83' lang='lat' dir='ltr'><strong>recte</strong></span> <span class='ocrx_word' id='word_1_309' title='bbox 587 2327 896 2399; x_wconf 87' lang='lat' dir='ltr'><strong>intelligunt</strong></span> <span class='ocrx_word' id='word_1_310' title='bbox 918 2330 1002 2384; x_wconf 78' lang='grc' dir='ltr'><strong>³³ι</strong></span> <span class='ocrx_word' id='word_1_311' title='bbox 1047 2349 1066 2382; x_wconf 81' lang='grc' dir='ltr'><strong>ι</strong></span> <span class='ocrx_word' id='word_1_312' title='bbox 1094 2329 1173 2387; x_wconf 86' lang='lat' dir='ltr'><strong>Ne</strong></span> <span class='ocrx_word' id='word_1_313' title='bbox 1210 2331 1564 2389; x_wconf 85' lang='lat' dir='ltr'><strong>memineritis</strong></span> <span class='ocrx_word' id='word_1_314' title='bbox 1615 2336 1895 2403; x_wconf 89' lang='lat' dir='ltr'><strong>priorum,</strong></span> <span class='ocrx_word' id='word_1_315' title='bbox 1933 2343 1989 2390; x_wconf 91' lang='lat' dir='ltr'><strong>et</strong></span> 
     </span>
    </p>
   </div>
   <div class='ocr_carea' id='block_1_41' title="bbox 411 2418 1982 2493">
    <p class='ocr_par' dir='ltr' id='par_1_41' title="bbox 411 2418 1982 2493">
     <span class='ocr_line' id='line_1_41' title="bbox 411 2418 1982 2493; baseline 0.002 -19"><span class='ocrx_word' id='word_1_316' title='bbox 411 2418 634 2488; x_wconf 88' lang='lat' dir='ltr'><strong>antiqua</strong></span> <span class='ocrx_word' id='word_1_317' title='bbox 656 2435 723 2473; x_wconf 92' lang='lat' dir='ltr'><strong>ne</strong></span> <span class='ocrx_word' id='word_1_318' title='bbox 746 2420 1093 2486; x_wconf 83' lang='lat' dir='ltr'><strong>intueamini,</strong></span> <span class='ocrx_word' id='word_1_319' title='bbox 1113 2437 1241 2477; x_wconf 89' lang='lat' dir='ltr'><strong>ecce</strong></span> <span class='ocrx_word' id='word_1_320' title='bbox 1267 2437 1368 2493; x_wconf 88' lang='lat' dir='ltr'><strong>ego</strong></span> <span class='ocrx_word' id='word_1_321' title='bbox 1395 2421 1535 2479; x_wconf 86' lang='lat' dir='ltr'><strong>facio</strong></span> <span class='ocrx_word' id='word_1_322' title='bbox 1559 2438 1699 2478; x_wconf 76' lang='lat' dir='ltr'><strong>nova</strong></span> <span class='ocrx_word' id='word_1_323' title='bbox 1721 2425 1934 2491; x_wconf 85' lang='lat' dir='ltr'><strong>omnia;</strong></span> <span class='ocrx_word' id='word_1_324' title='bbox 1961 2443 1982 2477; x_wconf 73' lang='grc' dir='ltr'><strong>ι</strong></span> 
     </span>
    </p>
   </div>
   <div class='ocr_carea' id='block_1_42' title="bbox 411 2506 2035 2583">
    <p class='ocr_par' dir='ltr' id='par_1_42' title="bbox 411 2506 2035 2583">
     <span class='ocr_line' id='line_1_42' title="bbox 411 2506 2035 2583; baseline 0.004 -22"><span class='ocrx_word' id='word_1_325' title='bbox 411 2515 465 2562; x_wconf 87' lang='lat' dir='ltr'><strong>ct</strong></span> <span class='ocrx_word' id='word_1_326' title='bbox 488 2507 645 2577; x_wconf 76' lang='lat' dir='ltr'><strong>juxta</strong></span> <span class='ocrx_word' id='word_1_327' title='bbox 680 2508 811 2564; x_wconf 91' lang='lat' dir='ltr'><strong>illud</strong></span> <span class='ocrx_word' id='word_1_328' title='bbox 840 2509 897 2563; x_wconf 93' lang='lat' dir='ltr'><strong>in</strong></span> <span class='ocrx_word' id='word_1_329' title='bbox 926 2509 1115 2565; x_wconf 91' lang='lat' dir='ltr'><strong>futuro</strong></span> <span class='ocrx_word' id='word_1_330' title='bbox 1145 2511 1348 2568; x_wconf 71' lang='lat' dir='ltr'><strong>saeculo</strong></span> <span class='ocrx_word' id='word_1_331' title='bbox 1373 2511 1667 2567; x_wconf 80' lang='lat' dir='ltr'><strong>Abrahami</strong></span> <span class='ocrx_word' id='word_1_332' title='bbox 1700 2521 1852 2583; x_wconf 87' lang='lat' dir='ltr'><strong>pater</strong></span> <span class='ocrx_word' id='word_1_333' title='bbox 1877 2529 1984 2568; x_wconf 89' lang='lat' dir='ltr'><strong>non</strong></span> <span class='ocrx_word' id='word_1_334' title='bbox 2026 2506 2035 2514; x_wconf 84' lang='grc'><em>’</em></span> 
     </span>
    </p>
   </div>
   <div class='ocr_carea' id='block_1_43' title="bbox 411 2584 1985 2676">
    <p class='ocr_par' dir='ltr' id='par_1_43' title="bbox 411 2584 1985 2676">
     <span class='ocr_line' id='line_1_43' title="bbox 411 2584 1985 2676; baseline 0.008 -27"><span class='ocrx_word' id='word_1_335' title='bbox 411 2599 623 2655; x_wconf 85' lang='lat' dir='ltr'><strong>dicetur</strong></span> <span class='ocrx_word' id='word_1_336' title='bbox 652 2584 874 2669; x_wconf 73' lang='lat' dir='ltr'><strong>Tharé;</strong></span> <span class='ocrx_word' id='word_1_337' title='bbox 903 2617 1081 2673; x_wconf 91' lang='lat' dir='ltr'><strong>neque</strong></span> <span class='ocrx_word' id='word_1_338' title='bbox 1114 2602 1379 2673; x_wconf 88' lang='lat' dir='ltr'><strong>lsmaelis,</strong></span> <span class='ocrx_word' id='word_1_339' title='bbox 1411 2605 1755 2676; x_wconf 88' lang='lat' dir='ltr'><strong>aliorumque</strong></span> <span class='ocrx_word' id='word_1_340' title='bbox 1790 2606 1885 2676; x_wconf 86' lang='lat' dir='ltr'><strong>qui</strong></span> <span class='ocrx_word' id='word_1_341' title='bbox 1917 2620 1985 2661; x_wconf 82' lang='lat' dir='ltr'><strong>ex</strong></span> 
     </span>
    </p>
   </div>
   <div class='ocr_carea' id='block_1_44' title="bbox 410 2690 1987 2759">
    <p class='ocr_par' dir='ltr' id='par_1_44' title="bbox 410 2690 1987 2759">
     <span class='ocr_line' id='line_1_44' title="bbox 410 2690 1987 2759; baseline 0.004 -13"><span class='ocrx_word' id='word_1_342' title='bbox 410 2690 610 2747; x_wconf 84' lang='lat' dir='ltr'><strong>Cetura</strong></span> <span class='ocrx_word' id='word_1_343' title='bbox 657 2691 971 2747; x_wconf 79' lang='lat' dir='ltr'><strong>Abrahamo</strong></span> <span class='ocrx_word' id='word_1_344' title='bbox 1014 2693 1127 2748; x_wconf 88' lang='lat' dir='ltr'><strong>nati</strong></span> <span class='ocrx_word' id='word_1_345' title='bbox 1171 2702 1336 2759; x_wconf 88' lang='lat' dir='ltr'><strong>sunt,</strong></span> <span class='ocrx_word' id='word_1_346' title='bbox 1383 2711 1485 2751; x_wconf 91' lang='lat' dir='ltr'><strong>nec</strong></span> <span class='ocrx_word' id='word_1_347' title='bbox 1532 2694 1707 2751; x_wconf 88' lang='lat' dir='ltr'><strong>Isaaci</strong></span> <span class='ocrx_word' id='word_1_348' title='bbox 1751 2694 1987 2752; x_wconf 89' lang='lat' dir='ltr'><strong>fortasse</strong></span> 
     </span>
    </p>
   </div>
   <div class='ocr_carea' id='block_1_45' title="bbox 408 2782 1987 2857">
    <p class='ocr_par' dir='ltr' id='par_1_45' title="bbox 408 2782 1987 2857">
     <span class='ocr_line' id='line_1_45' title="bbox 408 2782 1987 2857; baseline 0.006 -23"><span class='ocrx_word' id='word_1_349' title='bbox 408 2782 683 2837; x_wconf 79' lang='lat' dir='ltr'><strong>Abraham</strong></span> <span class='ocrx_word' id='word_1_350' title='bbox 726 2800 743 2851; x_wconf 89' lang='lat'><strong>;</strong></span> <span class='ocrx_word' id='word_1_351' title='bbox 788 2784 1011 2853; x_wconf 89' lang='lat' dir='ltr'><strong>antiqua</strong></span> <span class='ocrx_word' id='word_1_352' title='bbox 1068 2785 1212 2839; x_wconf 85' lang='lat' dir='ltr'><strong>enim</strong></span> <span class='ocrx_word' id='word_1_353' title='bbox 1259 2786 1505 2842; x_wconf 78' lang='lat' dir='ltr'><strong>obsoleta</strong></span> <span class='ocrx_word' id='word_1_354' title='bbox 1564 2798 1692 2843; x_wconf 91' lang='lat' dir='ltr'><strong>sunt</strong></span> <span class='ocrx_word' id='word_1_355' title='bbox 1721 2795 1816 2857; x_wconf 85' lang='lat' dir='ltr'><strong>;et</strong></span> <span class='ocrx_word' id='word_1_356' title='bbox 1856 2796 1987 2843; x_wconf 91' lang='lat' dir='ltr'><strong>tunc</strong></span> 
     </span>
    </p>
   </div>
   <div class='ocr_carea' id='block_1_46' title="bbox 410 2872 1980 2952">
    <p class='ocr_par' dir='ltr' id='par_1_46' title="bbox 410 2872 1980 2952">
     <span class='ocr_line' id='line_1_46' title="bbox 410 2872 1980 2952; baseline 0.003 -26"><span class='ocrx_word' id='word_1_357' title='bbox 410 2872 643 2929; x_wconf 86' lang='lat' dir='ltr'><strong>fortasse</strong></span> <span class='ocrx_word' id='word_1_358' title='bbox 665 2874 875 2929; x_wconf 90' lang='lat' dir='ltr'><strong>dicetur</strong></span> <span class='ocrx_word' id='word_1_359' title='bbox 902 2874 948 2907; x_wconf 70' lang='grc'>³⁵</span> <span class='ocrx_word' id='word_1_360' title='bbox 976 2894 989 2929; x_wconf 88' lang='lat'>:</span> <span class='ocrx_word' id='word_1_361' title='bbox 1018 2873 1214 2952; x_wconf 40' lang='lat' dir='ltr'><strong>[Ecce</strong></span> <span class='ocrx_word' id='word_1_362' title='bbox 1234 2874 1374 2930; x_wconf 88' lang='lat' dir='ltr'><strong>facta</strong></span> <span class='ocrx_word' id='word_1_363' title='bbox 1408 2886 1535 2932; x_wconf 83' lang='lat' dir='ltr'><strong>sunt</strong></span> <span class='ocrx_word' id='word_1_364' title='bbox 1558 2878 1744 2933; x_wconf 85' lang='lat' dir='ltr'><strong>omnia</strong></span> <span class='ocrx_word' id='word_1_365' title='bbox 1772 2893 1932 2934; x_wconf 90' lang='lat' dir='ltr'><strong>nova.</strong></span> <span class='ocrx_word' id='word_1_366' title='bbox 1958 2895 1980 2931; x_wconf 71' lang='grc' dir='ltr'><strong>ι</strong></span> 
     </span>
    </p>
   </div>
   <div class='ocr_carea' id='block_1_47' title="bbox 409 2967 1984 3037">
    <p class='ocr_par' dir='ltr' id='par_1_47' title="bbox 409 2967 1984 3037">
     <span class='ocr_line' id='line_1_47' title="bbox 409 2967 1984 3037; baseline 0.004 -17"><span class='ocrx_word' id='word_1_367' title='bbox 409 2967 493 3021; x_wconf 81' lang='lat' dir='ltr'><strong>An</strong></span> <span class='ocrx_word' id='word_1_368' title='bbox 519 2976 697 3022; x_wconf 88' lang='lat' dir='ltr'><strong>autem</strong></span> <span class='ocrx_word' id='word_1_369' title='bbox 720 2968 904 3037; x_wconf 59' lang='lat' dir='ltr'><strong>aliquo</strong></span> <span class='ocrx_word' id='word_1_370' title='bbox 925 2969 1032 3023; x_wconf 88' lang='lat' dir='ltr'><strong>alio</strong></span> <span class='ocrx_word' id='word_1_371' title='bbox 1059 2983 1223 3036; x_wconf 90' lang='lat' dir='ltr'><strong>quam</strong></span> <span class='ocrx_word' id='word_1_372' title='bbox 1252 2970 1550 3024; x_wconf 88' lang='lat' dir='ltr'><strong>secundum</strong></span> <span class='ocrx_word' id='word_1_373' title='bbox 1580 2985 1799 3026; x_wconf 87' lang='lat' dir='ltr'><strong>carnem</strong></span> <span class='ocrx_word' id='word_1_374' title='bbox 1822 2971 1984 3027; x_wconf 88' lang='lat' dir='ltr'><strong>modo</strong></span> 
     </span>
    </p>
   </div>
   <div class='ocr_carea' id='block_1_48' title="bbox 411 3058 2052 3155">
    <p class='ocr_par' dir='ltr' id='par_1_48' title="bbox 411 3058 2052 3155">
     <span class='ocr_line' id='line_1_48' title="bbox 411 3058 2052 3155; baseline 0.003 -42"><span class='ocrx_word' id='word_1_375' title='bbox 411 3059 578 3114; x_wconf 85' lang='lat' dir='ltr'><strong>frater</strong></span> <span class='ocrx_word' id='word_1_376' title='bbox 603 3059 800 3128; x_wconf 88' lang='lat' dir='ltr'><strong>aliquis</strong></span> <span class='ocrx_word' id='word_1_377' title='bbox 823 3068 925 3122; x_wconf 85' lang='lat' dir='ltr'><strong>est,</strong></span> <span class='ocrx_word' id='word_1_378' title='bbox 959 3068 1013 3113; x_wconf 90' lang='lat' dir='ltr'><strong>et</strong></span> <span class='ocrx_word' id='word_1_379' title='bbox 1035 3060 1143 3114; x_wconf 88' lang='lat' dir='ltr'><strong>alio</strong></span> <span class='ocrx_word' id='word_1_380' title='bbox 1183 3058 1368 3129; x_wconf 89' lang='lat' dir='ltr'><strong>aliquo</strong></span> <span class='ocrx_word' id='word_1_381' title='bbox 1414 3075 1580 3129; x_wconf 88' lang='lat' dir='ltr'><strong>quam</strong></span> <span class='ocrx_word' id='word_1_382' title='bbox 1621 3076 1714 3130; x_wconf 90' lang='lat' dir='ltr'><strong>per</strong></span> <span class='ocrx_word' id='word_1_383' title='bbox 1754 3076 1981 3132; x_wconf 86' lang='lat' dir='ltr'><strong>genera-</strong></span> <span class='ocrx_word' id='word_1_384' title='bbox 2005 3095 2052 3155; x_wconf 65' lang='grc' dir='ltr'>ο</span> 
     </span>
    </p>
   </div>
   <div class='ocr_carea' id='block_1_49' title="bbox 411 3148 1978 3220">
    <p class='ocr_par' dir='ltr' id='par_1_49' title="bbox 411 3148 1978 3220">
     <span class='ocr_line' id='line_1_49' title="bbox 411 3148 1978 3220; baseline 0 -14"><span class='ocrx_word' id='word_1_385' title='bbox 411 3150 613 3206; x_wconf 84' lang='lat' dir='ltr'><strong>tionem</strong></span> <span class='ocrx_word' id='word_1_386' title='bbox 642 3150 800 3204; x_wconf 88' lang='lat' dir='ltr'><strong>modo</strong></span> <span class='ocrx_word' id='word_1_387' title='bbox 834 3157 984 3219; x_wconf 89' lang='lat' dir='ltr'><strong>pater</strong></span> <span class='ocrx_word' id='word_1_388' title='bbox 1005 3157 1060 3204; x_wconf 90' lang='lat' dir='ltr'><strong>et</strong></span> <span class='ocrx_word' id='word_1_389' title='bbox 1092 3148 1257 3217; x_wconf 76' lang='lat' dir='ltr'><strong>filius,</strong></span> <span class='ocrx_word' id='word_1_390' title='bbox 1292 3164 1400 3204; x_wconf 92' lang='lat' dir='ltr'><strong>non</strong></span> <span class='ocrx_word' id='word_1_391' title='bbox 1440 3150 1686 3205; x_wconf 87' lang='lat' dir='ltr'><strong>mulieris</strong></span> <span class='ocrx_word' id='word_1_392' title='bbox 1719 3165 1842 3220; x_wconf 87' lang='lat' dir='ltr'><strong>ope,</strong></span> <span class='ocrx_word' id='word_1_393' title='bbox 1878 3165 1978 3206; x_wconf 87' lang='lat' dir='ltr'><strong>ne-</strong></span> 
     </span>
    </p>
   </div>
   <div class='ocr_carea' id='block_1_50' title="bbox 409 3240 1979 3315">
    <p class='ocr_par' dir='ltr' id='par_1_50' title="bbox 409 3240 1979 3315">
     <span class='ocr_line' id='line_1_50' title="bbox 409 3240 1979 3315; baseline -0.001 -16"><span class='ocrx_word' id='word_1_394' title='bbox 409 3258 518 3315; x_wconf 81' lang='lat' dir='ltr'><strong>que</strong></span> <span class='ocrx_word' id='word_1_395' title='bbox 546 3242 906 3298; x_wconf 88' lang='lat' dir='ltr'><strong>obscenarum</strong></span> <span class='ocrx_word' id='word_1_396' title='bbox 951 3240 1199 3310; x_wconf 89' lang='lat' dir='ltr'><strong>corporis</strong></span> <span class='ocrx_word' id='word_1_397' title='bbox 1246 3241 1513 3309; x_wconf 88' lang='lat' dir='ltr'><strong>partium,</strong></span> <span class='ocrx_word' id='word_1_398' title='bbox 1563 3243 1659 3298; x_wconf 91' lang='lat' dir='ltr'><strong>sed</strong></span> <span class='ocrx_word' id='word_1_399' title='bbox 1704 3245 1979 3313; x_wconf 90' lang='lat' dir='ltr'><strong>quomodo</strong></span> 
     </span>
    </p>
   </div>
   <div class='ocr_carea' id='block_1_51' title="bbox 406 3332 1979 3407">
    <p class='ocr_par' dir='ltr' id='par_1_51' title="bbox 406 3332 1979 3407">
     <span class='ocr_line' id='line_1_51' title="bbox 406 3332 1979 3407; baseline 0.001 -17"><span class='ocrx_word' id='word_1_400' title='bbox 406 3351 506 3405; x_wconf 89' lang='lat' dir='ltr'><strong>pro</strong></span> <span class='ocrx_word' id='word_1_401' title='bbox 534 3344 654 3390; x_wconf 88' lang='lat' dir='ltr'><strong>rata</strong></span> <span class='ocrx_word' id='word_1_402' title='bbox 679 3333 777 3389; x_wconf 90' lang='lat' dir='ltr'><strong>Dei</strong></span> <span class='ocrx_word' id='word_1_403' title='bbox 802 3332 972 3389; x_wconf 85' lang='lat' dir='ltr'><strong>Filius</strong></span> <span class='ocrx_word' id='word_1_404' title='bbox 1000 3344 1083 3389; x_wconf 87' lang='lat' dir='ltr'><strong>est</strong></span> <span class='ocrx_word' id='word_1_405' title='bbox 1112 3332 1449 3403; x_wconf 85' lang='lat' dir='ltr'><strong>Sospitator,</strong></span> <span class='ocrx_word' id='word_1_406' title='bbox 1475 3334 1866 3391; x_wconf 87' lang='lat' dir='ltr'><strong>animadvertet</strong></span> <span class='ocrx_word' id='word_1_407' title='bbox 1885 3337 1979 3407; x_wconf 90' lang='lat' dir='ltr'><strong>qui</strong></span> 
     </span>
    </p>
   </div>
   <div class='ocr_carea' id='block_1_52' title="bbox 411 3425 1979 3499">
    <p class='ocr_par' dir='ltr' id='par_1_52' title="bbox 411 3425 1979 3499">
     <span class='ocr_line' id='line_1_52' title="bbox 411 3425 1979 3499; baseline 0.001 -16"><span class='ocrx_word' id='word_1_408' title='bbox 411 3432 528 3485; x_wconf 58' lang='lat' dir='ltr'><strong>hac</strong></span> <span class='ocrx_word' id='word_1_409' title='bbox 555 3434 703 3482; x_wconf 87' lang='lat' dir='ltr'><strong>recte</strong></span> <span class='ocrx_word' id='word_1_410' title='bbox 725 3425 1052 3496; x_wconf 88' lang='lat' dir='ltr'><strong>investigare</strong></span> <span class='ocrx_word' id='word_1_411' title='bbox 1080 3441 1144 3482; x_wconf 91' lang='lat' dir='ltr'><strong>ac</strong></span> <span class='ocrx_word' id='word_1_412' title='bbox 1166 3428 1355 3483; x_wconf 89' lang='lat' dir='ltr'><strong>rimari</strong></span> <span class='ocrx_word' id='word_1_413' title='bbox 1385 3428 1605 3497; x_wconf 87' lang='lat' dir='ltr'><strong>poterit,</strong></span> <span class='ocrx_word' id='word_1_414' title='bbox 1623 3438 1679 3483; x_wconf 93' lang='lat' dir='ltr'><strong>et</strong></span> <span class='ocrx_word' id='word_1_415' title='bbox 1708 3446 1728 3480; x_wconf 81' lang='grc' dir='ltr'><strong>ι</strong></span> <span class='ocrx_word' id='word_1_416' title='bbox 1754 3429 1979 3499; x_wconf 88' lang='lat' dir='ltr'><strong>spiritus</strong></span> 
     </span>
    </p>
   </div>
   <div class='ocr_carea' id='block_1_53' title="bbox 408 3515 1980 3589">
    <p class='ocr_par' dir='ltr' id='par_1_53' title="bbox 408 3515 1980 3589">
     <span class='ocr_line' id='line_1_53' title="bbox 408 3515 1980 3589; baseline 0.001 -15"><span class='ocrx_word' id='word_1_417' title='bbox 408 3520 592 3575; x_wconf 83' lang='lat' dir='ltr'><strong>omnia</strong></span> <span class='ocrx_word' id='word_1_418' title='bbox 624 3515 921 3574; x_wconf 89' lang='lat' dir='ltr'><strong>scrutantis</strong></span> <span class='ocrx_word' id='word_1_419' title='bbox 950 3516 1115 3573; x_wconf 88' lang='lat' dir='ltr'><strong>etiam</strong></span> <span class='ocrx_word' id='word_1_420' title='bbox 1152 3518 1422 3589; x_wconf 86' lang='lat' dir='ltr'><strong>profunda</strong></span> <span class='ocrx_word' id='word_1_421' title='bbox 1453 3517 1548 3575; x_wconf 91' lang='lat' dir='ltr'><strong>Dei</strong></span> <span class='ocrx_word' id='word_1_422' title='bbox 1575 3538 1594 3572; x_wconf 74' lang='grc' dir='ltr'><strong>ι</strong></span> <span class='ocrx_word' id='word_1_423' title='bbox 1645 3534 1817 3588; x_wconf 81' lang='lat' dir='ltr'><strong>capax</strong></span> <span class='ocrx_word' id='word_1_424' title='bbox 1860 3519 1980 3577; x_wconf 88' lang='lat' dir='ltr'><strong>fue-</strong></span> 
     </span>
    </p>
   </div>
   <div class='ocr_carea' id='block_1_54' title="bbox 410 3608 1977 3682">
    <p class='ocr_par' dir='ltr' id='par_1_54' title="bbox 410 3608 1977 3682">
     <span class='ocr_line' id='line_1_54' title="bbox 410 3608 1977 3682; baseline 0.001 -15"><span class='ocrx_word' id='word_1_425' title='bbox 410 3614 480 3667; x_wconf 74' lang='lat' dir='ltr'><strong>rit</strong></span> <span class='ocrx_word' id='word_1_426' title='bbox 502 3612 568 3666; x_wconf 83' lang='grc'><strong>³⁸.</strong></span> <span class='ocrx_word' id='word_1_427' title='bbox 595 3608 709 3680; x_wconf 84' lang='lat' dir='ltr'><strong>Ego</strong></span> <span class='ocrx_word' id='word_1_428' title='bbox 736 3621 868 3663; x_wconf 86' lang='lat' dir='ltr'><strong>vero</strong></span> <span class='ocrx_word' id='word_1_429' title='bbox 895 3622 1008 3663; x_wconf 91' lang='lat' dir='ltr'><strong>non</strong></span> <span class='ocrx_word' id='word_1_430' title='bbox 1038 3609 1314 3667; x_wconf 88' lang='lat' dir='ltr'><strong>diversum</strong></span> <span class='ocrx_word' id='word_1_431' title='bbox 1361 3611 1415 3665; x_wconf 91' lang='lat' dir='ltr'><strong>in</strong></span> <span class='ocrx_word' id='word_1_432' title='bbox 1461 3611 1549 3667; x_wconf 87' lang='lat' dir='ltr'><strong>his</strong></span> <span class='ocrx_word' id='word_1_433' title='bbox 1586 3612 1791 3682; x_wconf 89' lang='lat' dir='ltr'><strong>aliquid</strong></span> <span class='ocrx_word' id='word_1_434' title='bbox 1834 3614 1977 3668; x_wconf 86' lang='lat' dir='ltr'><strong>dun-</strong></span> 
     </span>
    </p>
   </div>
   <div class='ocr_carea' id='block_1_55' title="bbox 408 3701 1981 3774">
    <p class='ocr_par' dir='ltr' id='par_1_55' title="bbox 408 3701 1981 3774">
     <span class='ocr_line' id='line_1_55' title="bbox 408 3701 1981 3774; baseline 0.002 -16"><span class='ocrx_word' id='word_1_435' title='bbox 408 3714 589 3773; x_wconf 80' lang='lat' dir='ltr'><strong>taxat,</strong></span> <span class='ocrx_word' id='word_1_436' title='bbox 629 3716 683 3762; x_wconf 88' lang='lat' dir='ltr'><strong>et</strong></span> <span class='ocrx_word' id='word_1_437' title='bbox 724 3701 887 3772; x_wconf 88' lang='lat' dir='ltr'><strong>quasi</strong></span> <span class='ocrx_word' id='word_1_438' title='bbox 918 3705 1264 3773; x_wconf 59' lang='lat' dir='ltr'><strong>,aaquivocum</strong></span> <span class='ocrx_word' id='word_1_439' title='bbox 1307 3703 1567 3774; x_wconf 76' lang='lat' dir='ltr'><strong>intelligo,</strong></span> <span class='ocrx_word' id='word_1_440' title='bbox 1597 3705 1663 3759; x_wconf 91' lang='lat' dir='ltr'><strong>de</strong></span> <span class='ocrx_word' id='word_1_441' title='bbox 1704 3704 1893 3772; x_wconf 86' lang='lat' dir='ltr'><strong>fratre,</strong></span> <span class='ocrx_word' id='word_1_442' title='bbox 1925 3715 1981 3761; x_wconf 91' lang='lat' dir='ltr'><strong>et</strong></span> 
     </span>
    </p>
   </div>
   <div class='ocr_carea' id='block_1_56' title="bbox 408 3796 1976 3870">
    <p class='ocr_par' dir='ltr' id='par_1_56' title="bbox 408 3796 1976 3870">
     <span class='ocr_line' id='line_1_56' title="bbox 408 3796 1976 3870; baseline 0.001 -20"><span class='ocrx_word' id='word_1_443' title='bbox 408 3808 580 3868; x_wconf 81' lang='lat' dir='ltr'><strong>patre,</strong></span> <span class='ocrx_word' id='word_1_444' title='bbox 610 3814 676 3854; x_wconf 91' lang='lat' dir='ltr'><strong>ac</strong></span> <span class='ocrx_word' id='word_1_445' title='bbox 700 3800 811 3855; x_wconf 83' lang='lat' dir='ltr'><strong>tilio</strong></span> <span class='ocrx_word' id='word_1_446' title='bbox 841 3799 1062 3870; x_wconf 86' lang='lat' dir='ltr'><strong>loquor,</strong></span> <span class='ocrx_word' id='word_1_447' title='bbox 1095 3798 1189 3853; x_wconf 89' lang='lat' dir='ltr'><strong>sed</strong></span> <span class='ocrx_word' id='word_1_448' title='bbox 1218 3797 1273 3850; x_wconf 90' lang='lat' dir='ltr'><strong>in</strong></span> <span class='ocrx_word' id='word_1_449' title='bbox 1317 3811 1489 3851; x_wconf 81' lang='lat' dir='ltr'><strong>uxore</strong></span> <span class='ocrx_word' id='word_1_450' title='bbox 1529 3796 1694 3852; x_wconf 91' lang='lat' dir='ltr'><strong>etiam</strong></span> <span class='ocrx_word' id='word_1_451' title='bbox 1734 3812 1800 3851; x_wconf 91' lang='lat' dir='ltr'><strong>ac</strong></span> <span class='ocrx_word' id='word_1_452' title='bbox 1839 3797 1976 3852; x_wconf 87' lang='lat' dir='ltr'><strong>viro.</strong></span> 
     </span>
    </p>
   </div>
   <div class='ocr_carea' id='block_1_57' title="bbox 412 3888 1977 3947">
    <p class='ocr_par' dir='ltr' id='par_1_57' title="bbox 412 3888 1977 3947">
     <span class='ocr_line' id='line_1_57' title="bbox 412 3888 1977 3947; baseline 0.001 -5"><span class='ocrx_word' id='word_1_453' title='bbox 412 3912 431 3942; x_wconf 73' lang='grc' dir='ltr'><strong>ι</strong></span> <span class='ocrx_word' id='word_1_454' title='bbox 461 3891 516 3945; x_wconf 81' lang='lat' dir='ltr'><strong>In</strong></span> <span class='ocrx_word' id='word_1_455' title='bbox 544 3890 945 3947; x_wconf 89' lang='lat' dir='ltr'><strong>resurrectione</strong></span> <span class='ocrx_word' id='word_1_456' title='bbox 981 3889 1127 3946; x_wconf 91' lang='lat' dir='ltr'><strong>enim</strong></span> <span class='ocrx_word' id='word_1_457' title='bbox 1160 3907 1178 3941; x_wconf 75' lang='grc' dir='ltr'><strong>ι</strong></span> <span class='ocrx_word' id='word_1_458' title='bbox 1228 3897 1567 3943; x_wconf 89' lang='lat' dir='ltr'><strong>mortuorum</strong></span> <span class='ocrx_word' id='word_1_459' title='bbox 1614 3902 1803 3943; x_wconf 90' lang='lat' dir='ltr'><strong>verum</strong></span> <span class='ocrx_word' id='word_1_460' title='bbox 1844 3888 1977 3943; x_wconf 88' lang='lat' dir='ltr'><strong>illud</strong></span> 
     </span>
    </p>
   </div>
   <div class='ocr_carea' id='block_1_58' title="bbox 405 3980 1979 4057">
    <p class='ocr_par' dir='ltr' id='par_1_58' title="bbox 405 3980 1979 4057">
     <span class='ocr_line' id='line_1_58' title="bbox 405 3980 1979 4057; baseline -0.002 -19"><span class='ocrx_word' id='word_1_461' title='bbox 405 3992 509 4050; x_wconf 88' lang='lat' dir='ltr'><strong>est,</strong></span> <span class='ocrx_word' id='word_1_462' title='bbox 539 4003 559 4035; x_wconf 84' lang='grc' dir='ltr'><strong>ι</strong></span> <span class='ocrx_word' id='word_1_463' title='bbox 581 3997 757 4057; x_wconf 85' lang='lat' dir='ltr'><strong>neque</strong></span> <span class='ocrx_word' id='word_1_464' title='bbox 781 3983 1013 4050; x_wconf 88' lang='lat' dir='ltr'><strong>nubunt,</strong></span> <span class='ocrx_word' id='word_1_465' title='bbox 1037 3996 1214 4055; x_wconf 88' lang='lat' dir='ltr'><strong>neque</strong></span> <span class='ocrx_word' id='word_1_466' title='bbox 1240 3980 1542 4047; x_wconf 87' lang='lat' dir='ltr'><strong>nubuntur,</strong></span> <span class='ocrx_word' id='word_1_467' title='bbox 1566 3980 1659 4036; x_wconf 90' lang='lat' dir='ltr'><strong>sed</strong></span> <span class='ocrx_word' id='word_1_468' title='bbox 1689 3990 1817 4035; x_wconf 87' lang='lat' dir='ltr'><strong>sunt</strong></span> <span class='ocrx_word' id='word_1_469' title='bbox 1836 3981 1979 4036; x_wconf 87' lang='lat' dir='ltr'><strong>sicut</strong></span> 
     </span>
    </p>
   </div>
   <div class='ocr_carea' id='block_1_59' title="bbox 2093 1780 3656 1859">
    <p class='ocr_par' dir='ltr' id='par_1_59' title="bbox 2093 1780 3656 1859">
     <span class='ocr_line' id='line_1_59' title="bbox 2093 1780 3656 1859; baseline 0.004 -25"><span class='ocrx_word' id='word_1_470' title='bbox 2093 1780 2345 1853; x_wconf 87' lang='grc' dir='ltr'>μονεύετε</span> <span class='ocrx_word' id='word_1_471' title='bbox 2374 1782 2442 1836; x_wconf 90' lang='grc' dir='ltr'><strong>τά</strong></span> <span class='ocrx_word' id='word_1_472' title='bbox 2480 1782 2691 1855; x_wconf 90' lang='grc' dir='ltr'>πρῶτα,</span> <span class='ocrx_word' id='word_1_473' title='bbox 2714 1784 2807 1837; x_wconf 75' lang='grc' dir='ltr'><strong>καὶ</strong></span> <span class='ocrx_word' id='word_1_474' title='bbox 2831 1783 2901 1837; x_wconf 83' lang='grc' dir='ltr'>τὰ</span> <span class='ocrx_word' id='word_1_475' title='bbox 2932 1785 3135 1858; x_wconf 82' lang='grc' dir='ltr'>ἀρχαῖα</span> <span class='ocrx_word' id='word_1_476' title='bbox 3167 1788 3241 1859; x_wconf 81' lang='grc' dir='ltr'>μὴ</span> <span class='ocrx_word' id='word_1_477' title='bbox 3265 1786 3656 1856; x_wconf 76' lang='grc' dir='ltr'>συλλογίζεσθε·</span> 
     </span>
    </p>
   </div>
   <div class='ocr_carea' id='block_1_60' title="bbox 2093 1862 3661 1951">
    <p class='ocr_par' dir='ltr' id='par_1_60' title="bbox 2093 1862 3661 1951">
     <span class='ocr_line' id='line_1_60' title="bbox 2093 1862 3661 1951; baseline 0.004 -24"><span class='ocrx_word' id='word_1_478' title='bbox 2093 1875 2203 1928; x_wconf 75' lang='grc' dir='ltr'>ἰδοὺ</span> <span class='ocrx_word' id='word_1_479' title='bbox 2230 1873 2367 1927; x_wconf 85' lang='grc' dir='ltr'>ποιῶ</span> <span class='ocrx_word' id='word_1_480' title='bbox 2395 1873 2556 1928; x_wconf 86' lang='grc' dir='ltr'>καινά</span> <span class='ocrx_word' id='word_1_481' title='bbox 2586 1869 2817 1928; x_wconf 76' lang='grc' dir='ltr'>πάντα-ι</span> <span class='ocrx_word' id='word_1_482' title='bbox 2836 1876 2940 1930; x_wconf 73' lang='grc' dir='ltr'>,καὶ</span> <span class='ocrx_word' id='word_1_483' title='bbox 2968 1862 3109 1933; x_wconf 84' lang='grc' dir='ltr'><strong>κατά</strong></span> <span class='ocrx_word' id='word_1_484' title='bbox 3139 1862 3295 1933; x_wconf 77' lang='grc' dir='ltr'>τοῦτο</span> <span class='ocrx_word' id='word_1_485' title='bbox 3326 1880 3386 1934; x_wconf 82' lang='grc' dir='ltr'>ὲν</span> <span class='ocrx_word' id='word_1_486' title='bbox 3419 1879 3498 1951; x_wconf 82' lang='grc' dir='ltr'><strong>τῷ</strong></span> <span class='ocrx_word' id='word_1_487' title='bbox 3534 1879 3661 1951; x_wconf 80' lang='grc' dir='ltr'>μέλ-</span> 
     </span>
    </p>
   </div>
   <div class='ocr_carea' id='block_1_61' title="bbox 2088 1964 3663 2044">
    <p class='ocr_par' dir='ltr' id='par_1_61' title="bbox 2088 1964 3663 2044">
     <span class='ocr_line' id='line_1_61' title="bbox 2088 1964 3663 2044; baseline 0.004 -27"><span class='ocrx_word' id='word_1_488' title='bbox 2088 1965 2230 2018; x_wconf 89' lang='grc' dir='ltr'>λοντι</span> <span class='ocrx_word' id='word_1_489' title='bbox 2280 1964 2436 2019; x_wconf 79' lang='grc' dir='ltr'>αἰῶνι</span> <span class='ocrx_word' id='word_1_490' title='bbox 2482 1964 2545 2019; x_wconf 90' lang='grc' dir='ltr'><strong>οὐ</strong></span> <span class='ocrx_word' id='word_1_491' title='bbox 2591 1965 2919 2038; x_wconf 78' lang='grc' dir='ltr'>χρηματίσει</span> <span class='ocrx_word' id='word_1_492' title='bbox 2965 1970 3148 2042; x_wconf 85' lang='grc' dir='ltr'>πατὴρ</span> <span class='ocrx_word' id='word_1_493' title='bbox 3200 1971 3279 2042; x_wconf 82' lang='grc' dir='ltr'>τῷ</span> <span class='ocrx_word' id='word_1_494' title='bbox 3337 1970 3589 2044; x_wconf 81' lang='grc' dir='ltr'>Ἀϐραὰμ</span> <span class='ocrx_word' id='word_1_495' title='bbox 3632 1972 3663 2024; x_wconf 86' lang='grc' dir='ltr'><strong>δ</strong></span> 
     </span>
    </p>
   </div>
   <div class='ocr_carea' id='block_1_62' title="bbox 2088 2054 3662 2134">
    <p class='ocr_par' dir='ltr' id='par_1_62' title="bbox 2088 2054 3662 2134">
     <span class='ocr_line' id='line_1_62' title="bbox 2088 2054 3662 2134; baseline 0.007 -25"><span class='ocrx_word' id='word_1_496' title='bbox 2088 2054 2296 2126; x_wconf 78' lang='grc' dir='ltr'>Θάρῤα,</span> <span class='ocrx_word' id='word_1_497' title='bbox 2334 2055 2455 2109; x_wconf 86' lang='grc' dir='ltr'>οὐδὲ</span> <span class='ocrx_word' id='word_1_498' title='bbox 2498 2055 2594 2109; x_wconf 81' lang='grc' dir='ltr'>τοῦ</span> <span class='ocrx_word' id='word_1_499' title='bbox 2632 2055 2865 2128; x_wconf 84' lang='grc' dir='ltr'>Ἰσραὴλ,</span> <span class='ocrx_word' id='word_1_500' title='bbox 2897 2056 2990 2110; x_wconf 81' lang='grc' dir='ltr'>καὶ</span> <span class='ocrx_word' id='word_1_501' title='bbox 3015 2059 3127 2115; x_wconf 87' lang='grc' dir='ltr'><strong>τῶν</strong></span> <span class='ocrx_word' id='word_1_502' title='bbox 3157 2062 3265 2115; x_wconf 84' lang='grc' dir='ltr'><strong>ἀπὸ</strong></span> <span class='ocrx_word' id='word_1_503' title='bbox 3295 2061 3606 2134; x_wconf 82' lang='grc' dir='ltr'>Χεττούρας</span> <span class='ocrx_word' id='word_1_504' title='bbox 3631 2063 3662 2120; x_wconf 77' lang='grc' dir='ltr'><strong>ὀ</strong></span> 
     </span>
    </p>
   </div>
   <div class='ocr_carea' id='block_1_63' title="bbox 2101 2144 3662 2225">
    <p class='ocr_par' dir='ltr' id='par_1_63' title="bbox 2101 2144 3662 2225">
     <span class='ocr_line' id='line_1_63' title="bbox 2101 2144 3662 2225; baseline 0.001 -20"><span class='ocrx_word' id='word_1_505' title='bbox 2101 2148 2369 2219; x_wconf 81' lang='grc' dir='ltr'>Ἀϐραὰμ,</span> <span class='ocrx_word' id='word_1_506' title='bbox 2397 2147 2538 2216; x_wconf 70' lang='grc' dir='ltr'>τάχα</span> <span class='ocrx_word' id='word_1_507' title='bbox 2561 2144 2618 2201; x_wconf 72' lang='grc' dir='ltr'>δὲ</span> <span class='ocrx_word' id='word_1_508' title='bbox 2646 2148 2765 2202; x_wconf 83' lang='grc' dir='ltr'>οὐδὲ</span> <span class='ocrx_word' id='word_1_509' title='bbox 2790 2144 2900 2201; x_wconf 87' lang='grc' dir='ltr'><strong>τῶν</strong></span> <span class='ocrx_word' id='word_1_510' title='bbox 2931 2148 3144 2203; x_wconf 85' lang='grc' dir='ltr'>Ἰσαάκ·</span> <span class='ocrx_word' id='word_1_511' title='bbox 3178 2145 3250 2200; x_wconf 83' lang='grc' dir='ltr'>τὰ</span> <span class='ocrx_word' id='word_1_512' title='bbox 3295 2147 3405 2222; x_wconf 84' lang='grc' dir='ltr'><strong>γάρ</strong></span> <span class='ocrx_word' id='word_1_513' title='bbox 3461 2155 3662 2225; x_wconf 83' lang='grc' dir='ltr'>ἀρχαῖα</span> 
     </span>
    </p>
   </div>
   <div class='ocr_carea' id='block_1_64' title="bbox 2089 2237 3659 2315">
    <p class='ocr_par' dir='ltr' id='par_1_64' title="bbox 2089 2237 3659 2315">
     <span class='ocr_line' id='line_1_64' title="bbox 2089 2237 3659 2315; baseline 0.004 -23"><span class='ocrx_word' id='word_1_514' title='bbox 2089 2237 2333 2311; x_wconf 85' lang='grc' dir='ltr'>παρῆλθε</span> <span class='ocrx_word' id='word_1_515' title='bbox 2355 2255 2368 2269; x_wconf 91' lang='grc'><strong>·</strong></span> <span class='ocrx_word' id='word_1_516' title='bbox 2395 2239 2493 2295; x_wconf 72' lang='grc' dir='ltr'><strong>καὶ</strong></span> <span class='ocrx_word' id='word_1_517' title='bbox 2541 2239 2667 2293; x_wconf 81' lang='grc' dir='ltr'>τότε</span> <span class='ocrx_word' id='word_1_518' title='bbox 2718 2240 3040 2313; x_wconf 77' lang='grc' dir='ltr'>λεχθήσεται</span> <span class='ocrx_word' id='word_1_519' title='bbox 3069 2241 3132 2294; x_wconf 88' lang='grc' dir='ltr'><strong>τό</strong></span> <span class='ocrx_word' id='word_1_520' title='bbox 3154 2258 3169 2267; x_wconf 90' lang='grc'><strong>·</strong></span> <span class='ocrx_word' id='word_1_521' title='bbox 3214 2259 3234 2294; x_wconf 83' lang='grc' dir='ltr'><strong>ι</strong></span> <span class='ocrx_word' id='word_1_522' title='bbox 3285 2242 3417 2297; x_wconf 84' lang='grc' dir='ltr'>Ἰδοὺ</span> <span class='ocrx_word' id='word_1_523' title='bbox 3467 2246 3659 2315; x_wconf 77' lang='grc' dir='ltr'>γέγονε</span> 
     </span>
    </p>
   </div>
   <div class='ocr_carea' id='block_1_65' title="bbox 2088 2330 3660 2406">
    <p class='ocr_par' dir='ltr' id='par_1_65' title="bbox 2088 2330 3660 2406">
     <span class='ocr_line' id='line_1_65' title="bbox 2088 2330 3660 2406; baseline 0.006 -23"><span class='ocrx_word' id='word_1_524' title='bbox 2088 2330 2251 2384; x_wconf 84' lang='grc' dir='ltr'>καινὰ</span> <span class='ocrx_word' id='word_1_525' title='bbox 2282 2330 2476 2384; x_wconf 88' lang='grc' dir='ltr'>πάντα.</span> <span class='ocrx_word' id='word_1_526' title='bbox 2518 2349 2537 2382; x_wconf 74' lang='grc' dir='ltr'><strong>ι</strong></span> <span class='ocrx_word' id='word_1_527' title='bbox 2570 2331 2635 2384; x_wconf 82' lang='grc' dir='ltr'><strong>Εἰ</strong></span> <span class='ocrx_word' id='word_1_528' title='bbox 2661 2330 2718 2384; x_wconf 82' lang='grc' dir='ltr'><em>δέ</em></span> <span class='ocrx_word' id='word_1_529' title='bbox 2745 2333 2896 2385; x_wconf 80' lang='grc' dir='ltr'>ἐστιν</span> <span class='ocrx_word' id='word_1_530' title='bbox 2927 2332 3100 2396; x_wconf 79' lang='grc' dir='ltr'>ἄλλως</span> <span class='ocrx_word' id='word_1_531' title='bbox 3122 2351 3206 2397; x_wconf 91' lang='grc' dir='ltr'><strong>τις</strong></span> <span class='ocrx_word' id='word_1_532' title='bbox 3244 2333 3395 2406; x_wconf 81' lang='grc' dir='ltr'><strong>παρά</strong></span> <span class='ocrx_word' id='word_1_533' title='bbox 3422 2335 3484 2389; x_wconf 86' lang='grc' dir='ltr'><strong>τὸ</strong></span> <span class='ocrx_word' id='word_1_534' title='bbox 3520 2336 3660 2392; x_wconf 78' lang='grc' dir='ltr'>κατὰ</span> 
     </span>
    </p>
   </div>
   <div class='ocr_carea' id='block_1_66' title="bbox 2087 2420 3661 2499">
    <p class='ocr_par' dir='ltr' id='par_1_66' title="bbox 2087 2420 3661 2499">
     <span class='ocr_line' id='line_1_66' title="bbox 2087 2420 3661 2499; baseline 0.005 -26"><span class='ocrx_word' id='word_1_535' title='bbox 2087 2421 2266 2495; x_wconf 80' lang='grc' dir='ltr'>σάρκα</span> <span class='ocrx_word' id='word_1_536' title='bbox 2287 2420 2531 2491; x_wconf 79' lang='grc' dir='ltr'>ἀδελφὸς,</span> <span class='ocrx_word' id='word_1_537' title='bbox 2558 2423 2653 2475; x_wconf 77' lang='grc' dir='ltr'><strong>καὶ</strong></span> <span class='ocrx_word' id='word_1_538' title='bbox 2672 2421 2875 2494; x_wconf 76' lang='grc' dir='ltr'>ἑτέρως</span> <span class='ocrx_word' id='word_1_539' title='bbox 2898 2424 3050 2494; x_wconf 85' lang='grc' dir='ltr'>παρὰ</span> <span class='ocrx_word' id='word_1_540' title='bbox 3085 2423 3158 2478; x_wconf 81' lang='grc' dir='ltr'>τὰ</span> <span class='ocrx_word' id='word_1_541' title='bbox 3195 2427 3252 2478; x_wconf 76' lang='grc' dir='ltr'>ὲν</span> <span class='ocrx_word' id='word_1_542' title='bbox 3282 2426 3494 2495; x_wconf 86' lang='grc' dir='ltr'>γενέσει</span> <span class='ocrx_word' id='word_1_543' title='bbox 3520 2427 3661 2499; x_wconf 86' lang='grc' dir='ltr'>πρά-</span> 
     </span>
    </p>
   </div>
   <div class='ocr_carea' id='block_1_67' title="bbox 2084 2511 3660 2585">
    <p class='ocr_par' dir='ltr' id='par_1_67' title="bbox 2084 2511 3660 2585">
     <span class='ocr_line' id='line_1_67' title="bbox 2084 2511 3660 2585; baseline 0.008 -22"><span class='ocrx_word' id='word_1_544' title='bbox 2084 2528 2271 2583; x_wconf 90' lang='grc' dir='ltr'>γματα</span> <span class='ocrx_word' id='word_1_545' title='bbox 2300 2511 2482 2584; x_wconf 79' lang='grc' dir='ltr'>πατὴρ</span> <span class='ocrx_word' id='word_1_546' title='bbox 2513 2512 2610 2566; x_wconf 78' lang='grc' dir='ltr'><strong>καὶ</strong></span> <span class='ocrx_word' id='word_1_547' title='bbox 2635 2512 2769 2579; x_wconf 77' lang='grc' dir='ltr'>υἱὸς,</span> <span class='ocrx_word' id='word_1_548' title='bbox 2804 2513 2987 2566; x_wconf 84' lang='grc' dir='ltr'>οὐκέτι</span> <span class='ocrx_word' id='word_1_549' title='bbox 3018 2514 3110 2570; x_wconf 82' lang='grc' dir='ltr'>διὰ</span> <span class='ocrx_word' id='word_1_550' title='bbox 3133 2517 3411 2585; x_wconf 81' lang='grc' dir='ltr'>γυναικὸς,</span> <span class='ocrx_word' id='word_1_551' title='bbox 3445 2520 3566 2575; x_wconf 85' lang='grc' dir='ltr'>οὐδὲ</span> <span class='ocrx_word' id='word_1_552' title='bbox 3593 2520 3660 2575; x_wconf 86' lang='grc' dir='ltr'>δι’</span> 
     </span>
    </p>
   </div>
   <div class='ocr_carea' id='block_1_68' title="bbox 2084 2604 3661 2683">
    <p class='ocr_par' dir='ltr' id='par_1_68' title="bbox 2084 2604 3661 2683">
     <span class='ocr_line' id='line_1_68' title="bbox 2084 2604 3661 2683; baseline 0.003 -23"><span class='ocrx_word' id='word_1_553' title='bbox 2084 2605 2410 2677; x_wconf 86' lang='grc' dir='ltr'>ἀσχημόνων</span> <span class='ocrx_word' id='word_1_554' title='bbox 2450 2605 2630 2677; x_wconf 75' lang='grc' dir='ltr'>μερῶν</span> <span class='ocrx_word' id='word_1_555' title='bbox 2668 2604 2763 2661; x_wconf 83' lang='grc' dir='ltr'>τοῦ</span> <span class='ocrx_word' id='word_1_556' title='bbox 2809 2605 3077 2678; x_wconf 87' lang='grc' dir='ltr'>σώματος,</span> <span class='ocrx_word' id='word_1_557' title='bbox 3119 2608 3254 2663; x_wconf 85' lang='grc' dir='ltr'>ἀλλὰ</span> <span class='ocrx_word' id='word_1_558' title='bbox 3292 2611 3554 2681; x_wconf 85' lang='grc' dir='ltr'>ἀνάλογον</span> <span class='ocrx_word' id='word_1_559' title='bbox 3581 2612 3661 2683; x_wconf 82' lang='grc' dir='ltr'>τῷ</span> 
     </span>
    </p>
   </div>
   <div class='ocr_carea' id='block_1_69' title="bbox 2085 2692 3658 2775">
    <p class='ocr_par' dir='ltr' id='par_1_69' title="bbox 2085 2692 3658 2775">
     <span class='ocr_line' id='line_1_69' title="bbox 2085 2692 3658 2775; baseline 0.004 -24"><span class='ocrx_word' id='word_1_560' title='bbox 2085 2698 2178 2751; x_wconf 77' lang='grc' dir='ltr'><strong>καὶ</strong></span> <span class='ocrx_word' id='word_1_561' title='bbox 2210 2697 2300 2751; x_wconf 81' lang='grc' dir='ltr'><strong>τὸν</strong></span> <span class='ocrx_word' id='word_1_562' title='bbox 2328 2696 2557 2769; x_wconf 82' lang='grc' dir='ltr'>Σωτῆρα</span> <span class='ocrx_word' id='word_1_563' title='bbox 2596 2696 2723 2751; x_wconf 55' lang='lat' dir='ltr'><strong>ru»;</strong></span> <span class='ocrx_word' id='word_1_564' title='bbox 2751 2692 2889 2751; x_wconf 81' lang='grc' dir='ltr'>εἷναι</span> <span class='ocrx_word' id='word_1_565' title='bbox 2925 2697 3021 2751; x_wconf 82' lang='grc' dir='ltr'>τοῦ</span> <span class='ocrx_word' id='word_1_566' title='bbox 3049 2697 3183 2752; x_wconf 87' lang='grc' dir='ltr'><strong>Θεοῦ</strong></span> <span class='ocrx_word' id='word_1_567' title='bbox 3209 2699 3344 2771; x_wconf 83' lang='grc'><strong>(69),</strong></span> <span class='ocrx_word' id='word_1_568' title='bbox 3375 2704 3658 2775; x_wconf 74' lang='grc' dir='ltr'>ἐπιστήσει</span> 
     </span>
    </p>
   </div>
   <div class='ocr_carea' id='block_1_70' title="bbox 2084 2787 3659 2867">
    <p class='ocr_par' dir='ltr' id='par_1_70' title="bbox 2084 2787 3659 2867">
     <span class='ocr_line' id='line_1_70' title="bbox 2084 2787 3659 2867; baseline 0.003 -24"><span class='ocrx_word' id='word_1_569' title='bbox 2084 2790 2115 2843; x_wconf 71' lang='grc' dir='ltr'><strong>ὁ</strong></span> <span class='ocrx_word' id='word_1_570' title='bbox 2142 2789 2436 2860; x_wconf 88' lang='grc' dir='ltr'>δυνάμενος</span> <span class='ocrx_word' id='word_1_571' title='bbox 2467 2788 2538 2842; x_wconf 85' lang='grc' dir='ltr'>τὰ</span> <span class='ocrx_word' id='word_1_572' title='bbox 2589 2787 2892 2860; x_wconf 80' lang='grc' dir='ltr'>τηλικαῦτα</span> <span class='ocrx_word' id='word_1_573' title='bbox 2929 2788 3106 2861; x_wconf 82' lang='grc' dir='ltr'>ὀρθῶς</span> <span class='ocrx_word' id='word_1_574' title='bbox 3150 2791 3356 2863; x_wconf 81' lang='grc' dir='ltr'>ζητεῖν,</span> <span class='ocrx_word' id='word_1_575' title='bbox 3408 2796 3659 2867; x_wconf 77' lang='grc' dir='ltr'>χωρήσας</span> 
     </span>
    </p>
   </div>
   <div class='ocr_carea' id='block_1_71' title="bbox 2091 2880 3648 2954">
    <p class='ocr_par' dir='ltr' id='par_1_71' title="bbox 2091 2880 3648 2954">
     <span class='ocr_line' id='line_1_71' title="bbox 2091 2880 3648 2954; baseline 0 -19"><span class='ocrx_word' id='word_1_576' title='bbox 2091 2902 2110 2935; x_wconf 77' lang='grc' dir='ltr'><strong>ι</strong></span> <span class='ocrx_word' id='word_1_577' title='bbox 2145 2883 2207 2936; x_wconf 79' lang='grc' dir='ltr'>τὸ</span> <span class='ocrx_word' id='word_1_578' title='bbox 2235 2883 2411 2936; x_wconf 88' lang='grc' dir='ltr'>πάντα</span> <span class='ocrx_word' id='word_1_579' title='bbox 2441 2880 2676 2952; x_wconf 75' lang='grc' dir='ltr'>ἐρευνῶν</span> <span class='ocrx_word' id='word_1_580' title='bbox 2697 2880 2915 2953; x_wconf 74' lang='grc' dir='ltr'>πνεῦμα</span> <span class='ocrx_word' id='word_1_581' title='bbox 2940 2880 3124 2935; x_wconf 75' lang='grc' dir='ltr'>καὶτὰ</span> <span class='ocrx_word' id='word_1_582' title='bbox 3158 2881 3298 2954; x_wconf 82' lang='grc' dir='ltr'>βάθη</span> <span class='ocrx_word' id='word_1_583' title='bbox 3326 2883 3419 2937; x_wconf 84' lang='grc' dir='ltr'>τοῦ</span> <span class='ocrx_word' id='word_1_584' title='bbox 3446 2884 3597 2937; x_wconf 80' lang='grc' dir='ltr'>Θεοῦ.</span> <span class='ocrx_word' id='word_1_585' title='bbox 3628 2903 3648 2935; x_wconf 72' lang='grc' dir='ltr'><strong>ι</strong></span> 
     </span>
    </p>
   </div>
   <div class='ocr_carea' id='block_1_72' title="bbox 2098 2970 3647 3043">
    <p class='ocr_par' dir='ltr' id='par_1_72' title="bbox 2098 2970 3647 3043">
     <span class='ocr_line' id='line_1_72' title="bbox 2098 2970 3647 3043; baseline -0.001 -17"><span class='ocrx_word' id='word_1_586' title='bbox 2098 2971 2239 3041; x_wconf 80' lang='grc' dir='ltr'><strong>Ἐγὼ</strong></span> <span class='ocrx_word' id='word_1_587' title='bbox 2264 2971 2324 3026; x_wconf 82' lang='grc' dir='ltr'>δὲ</span> <span class='ocrx_word' id='word_1_588' title='bbox 2343 2973 2406 3025; x_wconf 90' lang='grc' dir='ltr'><strong>οὐ</strong></span> <span class='ocrx_word' id='word_1_589' title='bbox 2443 2971 2601 3043; x_wconf 91' lang='grc' dir='ltr'>μόνον</span> <span class='ocrx_word' id='word_1_590' title='bbox 2628 2971 2722 3024; x_wconf 73' lang='grc' dir='ltr'><strong>ἐπὶ</strong></span> <span class='ocrx_word' id='word_1_591' title='bbox 2760 2970 2963 3025; x_wconf 79' lang='grc' dir='ltr'>τούτων</span> <span class='ocrx_word' id='word_1_592' title='bbox 2995 2971 3056 3024; x_wconf 77' lang='grc' dir='ltr'>τὸ</span> <span class='ocrx_word' id='word_1_593' title='bbox 3078 2972 3327 3043; x_wconf 77' lang='grc' dir='ltr'>ἑτεροῖον,</span> <span class='ocrx_word' id='word_1_594' title='bbox 3354 2974 3446 3027; x_wconf 80' lang='grc' dir='ltr'>καὶ</span> <span class='ocrx_word' id='word_1_595' title='bbox 3468 2972 3647 3043; x_wconf 85' lang='grc' dir='ltr'>ὥσπερ</span> 
     </span>
    </p>
   </div>
   <div class='ocr_carea' id='block_1_73' title="bbox 2083 3061 3646 3135">
    <p class='ocr_par' dir='ltr' id='par_1_73' title="bbox 2083 3061 3646 3135">
     <span class='ocr_line' id='line_1_73' title="bbox 2083 3061 3646 3135; baseline -0.001 -18"><span class='ocrx_word' id='word_1_596' title='bbox 2083 3063 2370 3135; x_wconf 77' lang='grc' dir='ltr'>ὁμώνυμον</span> <span class='ocrx_word' id='word_1_597' title='bbox 2401 3061 2839 3134; x_wconf 88' lang='grc' dir='ltr'>παραλαμϐάνω,</span> <span class='ocrx_word' id='word_1_598' title='bbox 2886 3061 3032 3130; x_wconf 81' lang='grc' dir='ltr'>λέγω</span> <span class='ocrx_word' id='word_1_599' title='bbox 3058 3062 3116 3116; x_wconf 81' lang='grc' dir='ltr'>δὲ</span> <span class='ocrx_word' id='word_1_600' title='bbox 3155 3062 3372 3130; x_wconf 79' lang='grc' dir='ltr'>ἀδελφοῦ</span> <span class='ocrx_word' id='word_1_601' title='bbox 3408 3064 3501 3116; x_wconf 79' lang='grc' dir='ltr'><strong>καὶ</strong></span> <span class='ocrx_word' id='word_1_602' title='bbox 3541 3080 3646 3116; x_wconf 86' lang='grc' dir='ltr'>πα-</span> 
     </span>
    </p>
   </div>
   <div class='ocr_carea' id='block_1_74' title="bbox 2081 3152 3642 3227">
    <p class='ocr_par' dir='ltr' id='par_1_74' title="bbox 2081 3152 3642 3227">
     <span class='ocr_line' id='line_1_74' title="bbox 2081 3152 3642 3227; baseline -0.001 -19"><span class='ocrx_word' id='word_1_603' title='bbox 2081 3155 2209 3227; x_wconf 75' lang='grc' dir='ltr'>τρὸς</span> <span class='ocrx_word' id='word_1_604' title='bbox 2258 3154 2347 3208; x_wconf 74' lang='grc' dir='ltr'><strong>καὶ</strong></span> <span class='ocrx_word' id='word_1_605' title='bbox 2385 3152 2524 3216; x_wconf 70' lang='grc' dir='ltr'>υἱοῦ,</span> <span class='ocrx_word' id='word_1_606' title='bbox 2554 3152 2691 3207; x_wconf 86' lang='grc' dir='ltr'><strong>ἀλλά</strong></span> <span class='ocrx_word' id='word_1_607' title='bbox 2737 3153 2832 3207; x_wconf 80' lang='grc' dir='ltr'>καὶ</span> <span class='ocrx_word' id='word_1_608' title='bbox 2862 3153 2990 3224; x_wconf 77' lang='grc' dir='ltr'>περὶ</span> <span class='ocrx_word' id='word_1_609' title='bbox 3023 3152 3271 3222; x_wconf 80' lang='grc' dir='ltr'>γυναικὸς</span> <span class='ocrx_word' id='word_1_610' title='bbox 3299 3153 3393 3206; x_wconf 70' lang='grc' dir='ltr'>καὶ</span> <span class='ocrx_word' id='word_1_611' title='bbox 3425 3153 3642 3225; x_wconf 85' lang='grc' dir='ltr'>ἀνδρός·</span> 
     </span>
    </p>
   </div>
   <div class='ocr_carea' id='block_1_75' title="bbox 2088 3242 3651 3318">
    <p class='ocr_par' dir='ltr' id='par_1_75' title="bbox 2088 3242 3651 3318">
     <span class='ocr_line' id='line_1_75' title="bbox 2088 3242 3651 3318; baseline -0.001 -19"><span class='ocrx_word' id='word_1_612' title='bbox 2088 3267 2106 3299; x_wconf 82' lang='grc' dir='ltr'><strong>ι</strong></span> <span class='ocrx_word' id='word_1_613' title='bbox 2150 3247 2239 3299; x_wconf 89' lang='grc' dir='ltr'>Ἐν</span> <span class='ocrx_word' id='word_1_614' title='bbox 2261 3245 2369 3318; x_wconf 84' lang='grc' dir='ltr'>γὰρ</span> <span class='ocrx_word' id='word_1_615' title='bbox 2393 3246 2460 3317; x_wconf 77' lang='grc' dir='ltr'>τῇ</span> <span class='ocrx_word' id='word_1_616' title='bbox 2487 3242 2780 3299; x_wconf 84' lang='grc' dir='ltr'>ἀναστάσει</span> <span class='ocrx_word' id='word_1_617' title='bbox 2811 3261 2830 3295; x_wconf 73' lang='grc' dir='ltr'><strong>ι</strong></span> <span class='ocrx_word' id='word_1_618' title='bbox 2860 3243 2968 3299; x_wconf 90' lang='grc' dir='ltr'><strong>τῶν</strong></span> <span class='ocrx_word' id='word_1_619' title='bbox 2991 3243 3202 3314; x_wconf 88' lang='grc' dir='ltr'>νεκρῶν</span> <span class='ocrx_word' id='word_1_620' title='bbox 3226 3242 3421 3315; x_wconf 79' lang='grc' dir='ltr'>ἀληθὲς</span> <span class='ocrx_word' id='word_1_621' title='bbox 3444 3245 3540 3297; x_wconf 68' lang='grc' dir='ltr'><strong>καὶ</strong></span> <span class='ocrx_word' id='word_1_622' title='bbox 3558 3245 3617 3298; x_wconf 88' lang='grc' dir='ltr'><strong>τό</strong></span> <span class='ocrx_word' id='word_1_623' title='bbox 3634 3260 3651 3276; x_wconf 77' lang='grc' dir='ltr'><strong><em>ο</em></strong></span> 
     </span>
    </p>
   </div>
   <div class='ocr_carea' id='block_1_76' title="bbox 2087 3333 3655 3406">
    <p class='ocr_par' dir='ltr' id='par_1_76' title="bbox 2087 3333 3655 3406">
     <span class='ocr_line' id='line_1_76' title="bbox 2087 3333 3655 3406; baseline 0.001 -16"><span class='ocrx_word' id='word_1_624' title='bbox 2087 3358 2109 3390; x_wconf 73' lang='grc' dir='ltr'><strong>ι</strong></span> <span class='ocrx_word' id='word_1_625' title='bbox 2145 3336 2268 3391; x_wconf 72' lang='grc' dir='ltr'>οὔτε</span> <span class='ocrx_word' id='word_1_626' title='bbox 2300 3334 2591 3406; x_wconf 81' lang='grc' dir='ltr'>γαμοῦσιν,</span> <span class='ocrx_word' id='word_1_627' title='bbox 2635 3333 2759 3388; x_wconf 76' lang='grc' dir='ltr'>οὔτε</span> <span class='ocrx_word' id='word_1_628' title='bbox 2797 3334 3142 3405; x_wconf 81' lang='grc' dir='ltr'>γαμίζονται,</span> <span class='ocrx_word' id='word_1_629' title='bbox 3175 3333 3291 3388; x_wconf 84' lang='grc' dir='ltr'>ἀλλ’</span> <span class='ocrx_word' id='word_1_630' title='bbox 3322 3335 3461 3391; x_wconf 75' lang='grc' dir='ltr'>εἰσὶν</span> <span class='ocrx_word' id='word_1_631' title='bbox 3491 3335 3564 3400; x_wconf 84' lang='grc' dir='ltr'>ὡς</span> <span class='ocrx_word' id='word_1_632' title='bbox 3604 3337 3655 3391; x_wconf 81' lang='grc' dir='ltr'><strong>οι</strong></span> 
     </span>
    </p>
   </div>
   <div class='ocr_carea' id='block_1_77' title="bbox 2080 3424 3658 3499">
    <p class='ocr_par' dir='ltr' id='par_1_77' title="bbox 2080 3424 3658 3499">
     <span class='ocr_line' id='line_1_77' title="bbox 2080 3424 3658 3499; baseline -0.001 -16"><span class='ocrx_word' id='word_1_633' title='bbox 2080 3428 2299 3499; x_wconf 79' lang='grc' dir='ltr'>ἄγγελοι</span> <span class='ocrx_word' id='word_1_634' title='bbox 2324 3429 2383 3482; x_wconf 82' lang='grc' dir='ltr'>ὲν</span> <span class='ocrx_word' id='word_1_635' title='bbox 2413 3426 2492 3498; x_wconf 82' lang='grc' dir='ltr'>τῷ</span> <span class='ocrx_word' id='word_1_636' title='bbox 2518 3424 2730 3498; x_wconf 82' lang='grc' dir='ltr'>οὐρανῷ</span> <span class='ocrx_word' id='word_1_637' title='bbox 2752 3442 2767 3457; x_wconf 76' lang='grc'><em>’</em></span> <span class='ocrx_word' id='word_1_638' title='bbox 2794 3443 2813 3476; x_wconf 76' lang='grc' dir='ltr'><strong>ι</strong></span> <span class='ocrx_word' id='word_1_639' title='bbox 2842 3424 3038 3496; x_wconf 78' lang='grc' dir='ltr'>ἀληθὲς</span> <span class='ocrx_word' id='word_1_640' title='bbox 3073 3426 3131 3479; x_wconf 84' lang='grc' dir='ltr'>δὲ</span> <span class='ocrx_word' id='word_1_641' title='bbox 3160 3426 3255 3480; x_wconf 81' lang='grc' dir='ltr'><strong>καὶ</strong></span> <span class='ocrx_word' id='word_1_642' title='bbox 3284 3427 3347 3481; x_wconf 81' lang='grc' dir='ltr'>τὸ</span> <span class='ocrx_word' id='word_1_643' title='bbox 3379 3427 3455 3491; x_wconf 84' lang='grc' dir='ltr'>ὡς</span> <span class='ocrx_word' id='word_1_644' title='bbox 3476 3430 3533 3481; x_wconf 83' lang='grc' dir='ltr'>ὲν</span> <span class='ocrx_word' id='word_1_645' title='bbox 3553 3444 3658 3481; x_wconf 83' lang='grc' dir='ltr'>πα·</span> 
     </span>
    </p>
   </div>
   <div class='ocr_carea' id='block_1_78' title="bbox 2084 3512 3656 3592">
    <p class='ocr_par' dir='ltr' id='par_1_78' title="bbox 2084 3512 3656 3592">
     <span class='ocr_line' id='line_1_78' title="bbox 2084 3512 3656 3592; baseline 0.001 -20"><span class='ocrx_word' id='word_1_646' title='bbox 2084 3519 2284 3592; x_wconf 79' lang='grc' dir='ltr'>ραϐολῇ</span> <span class='ocrx_word' id='word_1_647' title='bbox 2329 3516 2616 3589; x_wconf 75' lang='grc' dir='ltr'>εἰρημένον</span> <span class='ocrx_word' id='word_1_648' title='bbox 2644 3518 2772 3589; x_wconf 75' lang='grc' dir='ltr'>περὶ</span> <span class='ocrx_word' id='word_1_649' title='bbox 2806 3512 3046 3590; x_wconf 68' lang='grc' dir='ltr'>ἔτεροίου</span> <span class='ocrx_word' id='word_1_650' title='bbox 3085 3518 3239 3591; x_wconf 90' lang='grc' dir='ltr'><strong>παρά</strong></span> <span class='ocrx_word' id='word_1_651' title='bbox 3265 3517 3398 3582; x_wconf 81' lang='grc' dir='ltr'>τοὺς</span> <span class='ocrx_word' id='word_1_652' title='bbox 3429 3519 3523 3573; x_wconf 73' lang='grc' dir='ltr'>ἐπὶ</span> <span class='ocrx_word' id='word_1_653' title='bbox 3554 3519 3656 3589; x_wconf 80' lang='grc' dir='ltr'>γῆς</span> 
     </span>
    </p>
   </div>
   <div class='ocr_carea' id='block_1_79' title="bbox 2079 3607 3659 3682">
    <p class='ocr_par' dir='ltr' id='par_1_79' title="bbox 2079 3607 3659 3682">
     <span class='ocr_line' id='line_1_79' title="bbox 2079 3607 3659 3682; baseline -0.001 -16"><span class='ocrx_word' id='word_1_654' title='bbox 2079 3613 2288 3682; x_wconf 86' lang='grc' dir='ltr'>γάμους</span> <span class='ocrx_word' id='word_1_655' title='bbox 2333 3613 2392 3665; x_wconf 86' lang='grc' dir='ltr'>ὲν</span> <span class='ocrx_word' id='word_1_656' title='bbox 2437 3608 2540 3680; x_wconf 84' lang='grc' dir='ltr'>τῷ·</span> <span class='ocrx_word' id='word_1_657' title='bbox 2570 3627 2589 3660; x_wconf 81' lang='grc' dir='ltr'><strong>ι</strong></span> <span class='ocrx_word' id='word_1_658' title='bbox 2636 3607 2901 3681; x_wconf 83' lang='grc' dir='ltr'>Ὡμοιώθη</span> <span class='ocrx_word' id='word_1_659' title='bbox 2934 3611 2969 3681; x_wconf 81' lang='grc' dir='ltr'>ἠ</span> <span class='ocrx_word' id='word_1_660' title='bbox 3000 3607 3247 3680; x_wconf 83' lang='grc' dir='ltr'>βασιλεία</span> <span class='ocrx_word' id='word_1_661' title='bbox 3277 3608 3387 3663; x_wconf 88' lang='grc' dir='ltr'><strong>τῶν</strong></span> <span class='ocrx_word' id='word_1_662' title='bbox 3416 3608 3659 3680; x_wconf 79' lang='grc' dir='ltr'>οὐρανῶν</span> 
     </span>
    </p>
   </div>
   <div class='ocr_carea' id='block_1_80' title="bbox 2079 3698 3651 3775">
    <p class='ocr_par' dir='ltr' id='par_1_80' title="bbox 2079 3698 3651 3775">
     <span class='ocr_line' id='line_1_80' title="bbox 2079 3698 3651 3775; baseline -0.004 -19"><span class='ocrx_word' id='word_1_663' title='bbox 2079 3701 2348 3775; x_wconf 82' lang='grc' dir='ltr'>ἀνθρώπῳ</span> <span class='ocrx_word' id='word_1_664' title='bbox 2371 3701 2600 3771; x_wconf 83' lang='grc' dir='ltr'>βασιλεῖ,</span> <span class='ocrx_word' id='word_1_665' title='bbox 2624 3700 2771 3762; x_wconf 81' lang='grc' dir='ltr'>ὅστις</span> <span class='ocrx_word' id='word_1_666' title='bbox 2793 3698 2961 3753; x_wconf 90' lang='grc' dir='ltr'>ποιῶν</span> <span class='ocrx_word' id='word_1_667' title='bbox 2978 3698 3190 3770; x_wconf 88' lang='grc' dir='ltr'>γάμους</span> <span class='ocrx_word' id='word_1_668' title='bbox 3211 3698 3291 3769; x_wconf 84' lang='grc' dir='ltr'>τῷ</span> <span class='ocrx_word' id='word_1_669' title='bbox 3310 3698 3411 3769; x_wconf 78' lang='grc' dir='ltr'>υἱῷ</span> <span class='ocrx_word' id='word_1_670' title='bbox 3431 3698 3617 3763; x_wconf 83' lang='grc' dir='ltr'>αὐτοῦ,</span> <span class='ocrx_word' id='word_1_671' title='bbox 3630 3716 3651 3750; x_wconf 72' lang='grc' dir='ltr'><strong>ι</strong></span> 
     </span>
    </p>
   </div>
   <div class='ocr_carea' id='block_1_81' title="bbox 2080 3790 3654 3866">
    <p class='ocr_par' dir='ltr' id='par_1_81' title="bbox 2080 3790 3654 3866">
     <span class='ocr_line' id='line_1_81' title="bbox 2080 3790 3654 3866; baseline -0.004 -17"><span class='ocrx_word' id='word_1_672' title='bbox 2080 3797 2175 3849; x_wconf 71' lang='grc' dir='ltr'><strong>καὶ</strong></span> <span class='ocrx_word' id='word_1_673' title='bbox 2201 3794 2271 3848; x_wconf 87' lang='grc' dir='ltr'>τὰ</span> <span class='ocrx_word' id='word_1_674' title='bbox 2302 3794 2460 3866; x_wconf 69' lang='grc' dir='ltr'><strong>ἑξῆς*</strong></span> <span class='ocrx_word' id='word_1_675' title='bbox 2492 3794 2588 3847; x_wconf 73' lang='grc' dir='ltr'>καὶ</span> <span class='ocrx_word' id='word_1_676' title='bbox 2620 3794 2677 3845; x_wconf 83' lang='grc' dir='ltr'>ὲν</span> <span class='ocrx_word' id='word_1_677' title='bbox 2701 3790 2807 3863; x_wconf 75' lang='grc' dir='ltr'><strong>τῷ’</strong></span> <span class='ocrx_word' id='word_1_678' title='bbox 2838 3810 2857 3842; x_wconf 80' lang='grc' dir='ltr'><strong>ι</strong></span> <span class='ocrx_word' id='word_1_679' title='bbox 2902 3790 3037 3845; x_wconf 89' lang='grc' dir='ltr'>Τότε</span> <span class='ocrx_word' id='word_1_680' title='bbox 3074 3790 3465 3863; x_wconf 78' lang='grc' dir='ltr'>ὁμοιωθήσεται</span> <span class='ocrx_word' id='word_1_681' title='bbox 3492 3792 3525 3861; x_wconf 85' lang='grc' dir='ltr'>ὴ</span> <span class='ocrx_word' id='word_1_682' title='bbox 3557 3790 3654 3860; x_wconf 89' lang='grc' dir='ltr'><strong>βα-</strong></span> 
     </span>
    </p>
   </div>
   <div class='ocr_carea' id='block_1_82' title="bbox 2082 3879 3654 3957">
    <p class='ocr_par' dir='ltr' id='par_1_82' title="bbox 2082 3879 3654 3957">
     <span class='ocr_line' id='line_1_82' title="bbox 2082 3879 3654 3957; baseline -0.006 -16"><span class='ocrx_word' id='word_1_683' title='bbox 2082 3886 2257 3941; x_wconf 77' lang='grc' dir='ltr'>σιλεία</span> <span class='ocrx_word' id='word_1_684' title='bbox 2282 3885 2391 3940; x_wconf 89' lang='grc' dir='ltr'><strong>τῶν</strong></span> <span class='ocrx_word' id='word_1_685' title='bbox 2412 3882 2655 3957; x_wconf 87' lang='grc' dir='ltr'>οὐρανῶν</span> <span class='ocrx_word' id='word_1_686' title='bbox 2678 3882 2809 3937; x_wconf 83' lang='grc' dir='ltr'>δέκα</span> <span class='ocrx_word' id='word_1_687' title='bbox 2835 3880 3143 3954; x_wconf 80' lang='grc' dir='ltr'>παρθένοις,</span> <span class='ocrx_word' id='word_1_688' title='bbox 3164 3883 3367 3944; x_wconf 82' lang='grc' dir='ltr'>αἵτινες</span> <span class='ocrx_word' id='word_1_689' title='bbox 3386 3879 3654 3935; x_wconf 79' lang='grc' dir='ltr'>λαϐοῦσαι</span> 
     </span>
    </p>
   </div>
   <div class='ocr_carea' id='block_1_83' title="bbox 2083 3970 3654 4048">
    <p class='ocr_par' dir='ltr' id='par_1_83' title="bbox 2083 3970 3654 4048">
     <span class='ocr_line' id='line_1_83' title="bbox 2083 3970 3654 4048; baseline -0.005 -17"><span class='ocrx_word' id='word_1_690' title='bbox 2083 3976 2182 4040; x_wconf 78' lang='grc' dir='ltr'>τὰς</span> <span class='ocrx_word' id='word_1_691' title='bbox 2218 3975 2507 4048; x_wconf 87' lang='grc' dir='ltr'>λαμπάδας</span> <span class='ocrx_word' id='word_1_692' title='bbox 2532 3972 2735 4040; x_wconf 83' lang='grc' dir='ltr'>αὐτῶν,</span> <span class='ocrx_word' id='word_1_693' title='bbox 2777 3991 2798 4025; x_wconf 70' lang='grc' dir='ltr'><strong>ι</strong></span> <span class='ocrx_word' id='word_1_694' title='bbox 2838 3973 2935 4027; x_wconf 81' lang='grc' dir='ltr'><strong>καὶ</strong></span> <span class='ocrx_word' id='word_1_695' title='bbox 2960 3971 3031 4026; x_wconf 81' lang='grc' dir='ltr'>τὰ</span> <span class='ocrx_word' id='word_1_696' title='bbox 3062 3971 3209 4044; x_wconf 76' lang='grc' dir='ltr'><strong>ἑξῆς.</strong></span> <span class='ocrx_word' id='word_1_697' title='bbox 3239 3970 3447 4027; x_wconf 81' lang='grc' dir='ltr'>Οὐκοῦν</span> <span class='ocrx_word' id='word_1_698' title='bbox 3479 3972 3509 4024; x_wconf 83' lang='grc' dir='ltr'><strong>ὁ</strong></span> <span class='ocrx_word' id='word_1_699' title='bbox 3530 3970 3654 4035; x_wconf 76' lang='grc' dir='ltr'>υἱὸς</span> 
     </span>
    </p>
   </div>
   <div class='ocr_carea' id='block_1_84' title="bbox 1580 4089 2424 4154">
    <p class='ocr_par' dir='ltr' id='par_1_84' title="bbox 1580 4089 2424 4154">
     <span class='ocr_line' id='line_1_84' title="bbox 1580 4089 2424 4154; baseline -0.006 -5"><span class='ocrx_word' id='word_1_700' title='bbox 1580 4092 1812 4149; x_wconf 72' lang='lat' dir='ltr'>VETUS</span> <span class='ocrx_word' id='word_1_701' title='bbox 1842 4089 2424 4154; x_wconf 77' lang='lat' dir='ltr'><strong>INTERPRETATIO.</strong></span> 
     </span>
    </p>
   </div>
   <div class='ocr_carea' id='block_1_85' title="bbox 405 4204 3647 4290">
    <p class='ocr_par' dir='ltr' id='par_1_85' title="bbox 405 4204 3647 4290">
     <span class='ocr_line' id='line_1_85' title="bbox 405 4204 3647 4290; baseline -0.004 -17"><span class='ocrx_word' id='word_1_702' title='bbox 405 4219 497 4289; x_wconf 87' lang='lat' dir='ltr'><strong>qui</strong></span> <span class='ocrx_word' id='word_1_703' title='bbox 536 4219 662 4274; x_wconf 87' lang='lat' dir='ltr'><strong>fecit</strong></span> <span class='ocrx_word' id='word_1_704' title='bbox 688 4217 908 4290; x_wconf 84' lang='lat' dir='ltr'><strong>nuptias</strong></span> <span class='ocrx_word' id='word_1_705' title='bbox 942 4215 1052 4269; x_wconf 83' lang='lat' dir='ltr'><strong>lilio</strong></span> <span class='ocrx_word' id='word_1_706' title='bbox 1092 4228 1217 4290; x_wconf 83' lang='lat' dir='ltr'><strong>suo,</strong></span> <span class='ocrx_word' id='word_1_707' title='bbox 1266 4234 1284 4267; x_wconf 74' lang='grc' dir='ltr'><strong>ι</strong></span> <span class='ocrx_word' id='word_1_708' title='bbox 1319 4222 1610 4290; x_wconf 26' lang='lat' dir='ltr'><strong>etAcaetera.</strong></span> <span class='ocrx_word' id='word_1_709' title='bbox 1642 4213 1785 4290; x_wconf 63' lang='lat' dir='ltr'><strong>Ergo</strong></span> <span class='ocrx_word' id='word_1_710' title='bbox 1814 4214 1961 4290; x_wconf 77' lang='lat' dir='ltr'><strong>ﬁlius</strong></span> <span class='ocrx_word' id='word_1_711' title='bbox 1993 4213 2216 4284; x_wconf 68' lang='lat' dir='ltr'><strong>regisin</strong></span> <span class='ocrx_word' id='word_1_712' title='bbox 2252 4208 2652 4290; x_wconf 78' lang='lat' dir='ltr'><strong>resurrectione</strong></span> <span class='ocrx_word' id='word_1_713' title='bbox 2681 4216 3021 4290; x_wconf 64' lang='lat' dir='ltr'><strong>mortuorum</strong></span> <span class='ocrx_word' id='word_1_714' title='bbox 3049 4204 3213 4290; x_wconf 77' lang='lat' dir='ltr'><strong>faciet</strong></span> <span class='ocrx_word' id='word_1_715' title='bbox 3237 4206 3466 4290; x_wconf 70' lang='lat' dir='ltr'><strong>nuptias</strong></span> <span class='ocrx_word' id='word_1_716' title='bbox 3494 4213 3647 4290; x_wconf 71' lang='lat' dir='ltr'><strong>extra</strong></span> 
     </span>
    </p>
   </div>
   <div class='ocr_carea' id='block_1_86' title="bbox 408 4278 3651 4359">
    <p class='ocr_par' dir='ltr' id='par_1_86' title="bbox 408 4278 3651 4359">
     <span class='ocr_line' id='line_1_86' title="bbox 408 4278 3651 4359; baseline -0.005 -16"><span class='ocrx_word' id='word_1_717' title='bbox 408 4278 600 4345; x_wconf 74' lang='lat' dir='ltr'><strong>omnes</strong></span> <span class='ocrx_word' id='word_1_718' title='bbox 644 4278 861 4359; x_wconf 66' lang='lat' dir='ltr'><strong>nuptias</strong></span> <span class='ocrx_word' id='word_1_719' title='bbox 901 4300 1040 4355; x_wconf 85' lang='lat' dir='ltr'><strong>quas</strong></span> <span class='ocrx_word' id='word_1_720' title='bbox 1061 4278 1269 4359; x_wconf 65' lang='lat' dir='ltr'><strong>oculos</strong></span> <span class='ocrx_word' id='word_1_721' title='bbox 1296 4283 1448 4359; x_wconf 74' lang='lat' dir='ltr'><strong>vidit,</strong></span> <span class='ocrx_word' id='word_1_722' title='bbox 1475 4294 1533 4359; x_wconf 89' lang='lat' dir='ltr'><strong>_e_t</strong></span> <span class='ocrx_word' id='word_1_723' title='bbox 1564 4278 1984 4359; x_wconf 61' lang='lat' dir='ltr'><strong>auris&#39;audivit,</strong></span> <span class='ocrx_word' id='word_1_724' title='bbox 2018 4278 2081 4339; x_wconf 65' lang='lat' dir='ltr'><strong>et</strong></span> <span class='ocrx_word' id='word_1_725' title='bbox 2099 4296 2262 4359; x_wconf 82' lang='lat' dir='ltr'><strong>super</strong></span> <span class='ocrx_word' id='word_1_726' title='bbox 2284 4294 2380 4334; x_wconf 91' lang='lat' dir='ltr'><strong>cor</strong></span> <span class='ocrx_word' id='word_1_727' title='bbox 2422 4278 2981 4359; x_wconf 47' lang='lat' dir='ltr'><strong>hominisascendit;</strong></span> <span class='ocrx_word' id='word_1_728' title='bbox 3002 4285 3067 4359; x_wconf 42' lang='grc' dir='ltr'>,ει</span> <span class='ocrx_word' id='word_1_729' title='bbox 3095 4284 3256 4359; x_wconf 65' lang='lat' dir='ltr'><strong>erunt</strong></span> <span class='ocrx_word' id='word_1_730' title='bbox 3279 4278 3406 4359; x_wconf 43' lang='grc' dir='ltr'><strong>,Περ</strong></span> <span class='ocrx_word' id='word_1_731' title='bbox 3450 4278 3651 4359; x_wconf 48' lang='lat' dir='ltr'><strong>nuptiae</strong></span> 
     </span>
    </p>
   </div>
   <div class='ocr_carea' id='block_1_87' title="bbox 382 4345 3650 4433">
    <p class='ocr_par' dir='ltr' id='par_1_87' title="bbox 382 4345 3650 4433">
     <span class='ocr_line' id='line_1_87' title="bbox 382 4345 3650 4433; baseline -0.006 -19"><span class='ocrx_word' id='word_1_732' title='bbox 382 4356 570 4433; x_wconf 44' lang='lat' dir='ltr'><strong>&quot;casta:</strong></span> <span class='ocrx_word' id='word_1_733' title='bbox 598 4370 653 4412; x_wconf 91' lang='lat' dir='ltr'><strong>et</strong></span> <span class='ocrx_word' id='word_1_734' title='bbox 681 4345 894 4433; x_wconf 61' lang='lat' dir='ltr'><strong>divinat,</strong></span> <span class='ocrx_word' id='word_1_735' title='bbox 920 4345 975 4409; x_wconf 75' lang='lat' dir='ltr'><strong>et</strong></span> <span class='ocrx_word' id='word_1_736' title='bbox 994 4353 1263 4433; x_wconf 89' lang='lat' dir='ltr'><strong>spiritales</strong></span> <span class='ocrx_word' id='word_1_737' title='bbox 1297 4354 1352 4407; x_wconf 91' lang='lat' dir='ltr'><strong>in</strong></span> <span class='ocrx_word' id='word_1_738' title='bbox 1381 4345 1988 4433; x_wconf 78' lang='lat' dir='ltr'><strong>verbis_mysterialibtts</strong></span> <span class='ocrx_word' id='word_1_739' title='bbox 2017 4345 2344 4433; x_wconf 66' lang='lat' dir='ltr'><strong>constitutae,</strong></span> <span class='ocrx_word' id='word_1_740' title='bbox 2368 4365 2489 4433; x_wconf 65' lang='lat' dir='ltr'><strong>quae</strong></span> <span class='ocrx_word' id='word_1_741' title='bbox 2517 4362 2631 4433; x_wconf 56' lang='lat' dir='ltr'><strong>non</strong></span> <span class='ocrx_word' id='word_1_742' title='bbox 2655 4346 2780 4433; x_wconf 67' lang='lat' dir='ltr'><strong>licet</strong></span> <span class='ocrx_word' id='word_1_743' title='bbox 2811 4345 3650 4433; x_wconf 45' lang='lat' dir='ltr'><strong>hominibusloqu‘i,ﬂagres</strong></span> 
     </span>
    </p>
   </div>
   <div class='ocr_carea' id='block_1_88' title="bbox 405 4416 3644 4496">
    <p class='ocr_par' dir='ltr' id='par_1_88' title="bbox 405 4416 3644 4496">
     <span class='ocr_line' id='line_1_88' title="bbox 405 4416 3644 4496; baseline -0.003 -13"><span class='ocrx_word' id='word_1_744' title='bbox 405 4428 451 4483; x_wconf 87' lang='lat' dir='ltr'><strong>si</strong></span> <span class='ocrx_word' id='word_1_745' title='bbox 481 4429 533 4482; x_wconf 91' lang='lat' dir='ltr'><strong>in</strong></span> <span class='ocrx_word' id='word_1_746' title='bbox 568 4416 963 4483; x_wconf 82' lang='lat' dir='ltr'><strong>resurrectione</strong></span> <span class='ocrx_word' id='word_1_747' title='bbox 1011 4416 1239 4496; x_wconf 79' lang='lat' dir='ltr'><strong>possunt</strong></span> <span class='ocrx_word' id='word_1_748' title='bbox 1275 4438 1396 4478; x_wconf 87' lang='lat' dir='ltr'><strong>esse</strong></span> <span class='ocrx_word' id='word_1_749' title='bbox 1426 4433 1480 4478; x_wconf 86' lang='lat' dir='ltr'><strong>et</strong></span> <span class='ocrx_word' id='word_1_750' title='bbox 1499 4416 1735 4496; x_wconf 73' lang='lat' dir='ltr'><strong>aliorum</strong></span> <span class='ocrx_word' id='word_1_751' title='bbox 1768 4426 1970 4494; x_wconf 81' lang='lat' dir='ltr'><strong>nuptiae</strong></span> <span class='ocrx_word' id='word_1_752' title='bbox 1996 4416 2545 4496; x_wconf 69' lang='lat' dir='ltr'><strong>secundumnuptias</strong></span> <span class='ocrx_word' id='word_1_753' title='bbox 2571 4416 2798 4482; x_wconf 88' lang='lat' dir='ltr'><strong>Christi,</strong></span> <span class='ocrx_word' id='word_1_754' title='bbox 2850 4424 2944 4496; x_wconf 78' lang='lat' dir='ltr'><strong>aut</strong></span> <span class='ocrx_word' id='word_1_755' title='bbox 2993 4416 3178 4496; x_wconf 80' lang='lat' dir='ltr'><strong>potius</strong></span> <span class='ocrx_word' id='word_1_756' title='bbox 3212 4416 3363 4469; x_wconf 85' lang='lat' dir='ltr'><strong>solus</strong></span> <span class='ocrx_word' id='word_1_757' title='bbox 3396 4416 3644 4496; x_wconf 80' lang='lat' dir='ltr'><strong>_ChriS_llIS</strong></span> 
     </span>
    </p>
   </div>
   <div class='ocr_carea' id='block_1_89' title="bbox 403 4482 3646 4569">
    <p class='ocr_par' dir='ltr' id='par_1_89' title="bbox 403 4482 3646 4569">
     <span class='ocr_line' id='line_1_89' title="bbox 403 4482 3646 4569; baseline -0.006 -15"><span class='ocrx_word' id='word_1_758' title='bbox 403 4482 663 4569; x_wconf 81' lang='lat' dir='ltr'><strong>sponsus,</strong></span> <span class='ocrx_word' id='word_1_759' title='bbox 685 4498 971 4552; x_wconf 90' lang='lat' dir='ltr'><strong>destruens</strong></span> <span class='ocrx_word' id='word_1_760' title='bbox 1003 4482 1221 4561; x_wconf 78' lang='lat' dir='ltr'><strong>nuptias</strong></span> <span class='ocrx_word' id='word_1_761' title='bbox 1247 4508 1462 4562; x_wconf 90' lang='lat' dir='ltr'><strong>omnes,</strong></span> <span class='ocrx_word' id='word_1_762' title='bbox 1491 4491 1654 4548; x_wconf 84' lang='lat' dir='ltr'><strong>faciet</strong></span> <span class='ocrx_word' id='word_1_763' title='bbox 1680 4482 1919 4566; x_wconf 75' lang='lat' dir='ltr'><strong>nuptias,</strong></span> <span class='ocrx_word' id='word_1_764' title='bbox 1951 4502 2009 4549; x_wconf 92' lang='lat' dir='ltr'><strong>ut</strong></span> <span class='ocrx_word' id='word_1_765' title='bbox 2036 4492 2147 4549; x_wconf 87' lang='lat' dir='ltr'><strong>sint</strong></span> <span class='ocrx_word' id='word_1_766' title='bbox 2173 4492 2280 4544; x_wconf 89' lang='lat' dir='ltr'><strong>duo</strong></span> <span class='ocrx_word' id='word_1_767' title='bbox 2313 4488 2367 4541; x_wconf 93' lang='lat' dir='ltr'><strong>in</strong></span> <span class='ocrx_word' id='word_1_768' title='bbox 2398 4482 2563 4542; x_wconf 77' lang='lat' dir='ltr'><strong>carne</strong></span> <span class='ocrx_word' id='word_1_769' title='bbox 2595 4500 2704 4540; x_wconf 91' lang='lat' dir='ltr'><strong>una</strong></span> <span class='ocrx_word' id='word_1_770' title='bbox 2733 4502 2749 4539; x_wconf 91' lang='lat'><strong>:</strong></span> <span class='ocrx_word' id='word_1_771' title='bbox 2783 4485 2956 4555; x_wconf 86' lang='lat' dir='ltr'><strong>magis</strong></span> <span class='ocrx_word' id='word_1_772' title='bbox 2981 4482 3158 4538; x_wconf 84' lang='lat' dir='ltr'><strong>autem</strong></span> <span class='ocrx_word' id='word_1_773' title='bbox 3195 4498 3300 4538; x_wconf 93' lang='lat' dir='ltr'><strong>non</strong></span> <span class='ocrx_word' id='word_1_774' title='bbox 3333 4485 3509 4569; x_wconf 87' lang='lat' dir='ltr'><strong>solum</strong></span> <span class='ocrx_word' id='word_1_775' title='bbox 3537 4482 3646 4538; x_wconf 89' lang='lat' dir='ltr'><strong>duo</strong></span> 
     </span>
    </p>
   </div>
   <div class='ocr_carea' id='block_1_90' title="bbox 474 4568 1984 4675">
    <p class='ocr_par' dir='ltr' id='par_1_90' title="bbox 474 4606 1984 4675">
     <span class='ocr_line' id='line_1_90' title="bbox 474 4606 1984 4675; baseline -0.003 -7"><span class='ocrx_word' id='word_1_776' title='bbox 474 4614 517 4647; x_wconf 78' lang='grc'><strong>³⁸</strong></span> <span class='ocrx_word' id='word_1_777' title='bbox 553 4613 656 4669; x_wconf 87' lang='lat' dir='ltr'><strong>Isa.</strong></span> <span class='ocrx_word' id='word_1_778' title='bbox 690 4626 839 4675; x_wconf 74' lang='grc' dir='ltr'>ιινι,</span> <span class='ocrx_word' id='word_1_779' title='bbox 865 4607 956 4661; x_wconf 74' lang='grc'><strong>22.</strong></span> <span class='ocrx_word' id='word_1_780' title='bbox 1028 4607 1072 4641; x_wconf 83' lang='grc'><strong>³³</strong></span> <span class='ocrx_word' id='word_1_781' title='bbox 1106 4606 1127 4660; x_wconf 85' lang='lat' dir='ltr'><strong>l</strong></span> <span class='ocrx_word' id='word_1_782' title='bbox 1157 4606 1288 4662; x_wconf 83' lang='lat' dir='ltr'><strong>Cor.</strong></span> <span class='ocrx_word' id='word_1_783' title='bbox 1310 4623 1386 4674; x_wconf 75' lang='lat' dir='ltr'><strong>tu,</strong></span> <span class='ocrx_word' id='word_1_784' title='bbox 1408 4606 1499 4662; x_wconf 74' lang='lat'><strong>25.</strong></span> <span class='ocrx_word' id='word_1_785' title='bbox 1592 4607 1638 4640; x_wconf 85' lang='grc'><strong><em>³³</em></strong></span> <span class='ocrx_word' id='word_1_786' title='bbox 1670 4607 1775 4665; x_wconf 86' lang='lat' dir='ltr'><strong>Isa.</strong></span> <span class='ocrx_word' id='word_1_787' title='bbox 1806 4611 1984 4675; x_wconf 77' lang='lat' dir='ltr'><strong>xt.ttt,l</strong></span> 
     </span>
    </p>
   </div>
   <div class='ocr_carea' id='block_1_91' title="bbox 2085 4568 3411 4675">
    <p class='ocr_par' dir='ltr' id='par_1_91' title="bbox 2087 4568 3411 4669">
     <span class='ocr_line' id='line_1_91' title="bbox 2087 4568 3411 4669; baseline -0.008 -6"><span class='ocrx_word' id='word_1_788' title='bbox 2087 4605 2169 4663; x_wconf 89' lang='lat' dir='ltr'><strong>l9.</strong></span> <span class='ocrx_word' id='word_1_789' title='bbox 2240 4602 2287 4638; x_wconf 73' lang='lat'>“</span> <span class='ocrx_word' id='word_1_790' title='bbox 2328 4601 2524 4661; x_wconf 82' lang='lat' dir='ltr'><strong>lICor.</strong></span> <span class='ocrx_word' id='word_1_791' title='bbox 2586 4616 2677 4669; x_wconf 79' lang='lat' dir='ltr'><strong>xv,</strong></span> <span class='ocrx_word' id='word_1_792' title='bbox 2738 4599 2826 4655; x_wconf 78' lang='lat' dir='ltr'><strong>l7.</strong></span> <span class='ocrx_word' id='word_1_793' title='bbox 2911 4598 3258 4664; x_wconf 79' lang='lat' dir='ltr'><strong>ulCor.tt,</strong></span> <span class='ocrx_word' id='word_1_794' title='bbox 3310 4568 3411 4654; x_wconf 35' lang='lat' dir='ltr'><strong>i0:</strong></span> 
     </span>
    </p>
   </div>
   <div class='ocr_carea' id='block_1_92' title="bbox 473 4780 1984 4867">
    <p class='ocr_par' dir='ltr' id='par_1_92' title="bbox 473 4790 1973 4867">
     <span class='ocr_line' id='line_1_92' title="bbox 473 4790 1973 4867; baseline -0.003 -17"><span class='ocrx_word' id='word_1_795' title='bbox 473 4795 586 4867; x_wconf 83' lang='lat'><strong>(69)</strong></span> <span class='ocrx_word' id='word_1_796' title='bbox 624 4794 812 4867; x_wconf 68' lang='grc' dir='ltr'><em>’ᾼλλὰ</em></span> <span class='ocrx_word' id='word_1_797' title='bbox 834 4792 1139 4867; x_wconf 48' lang='lat' dir='ltr'><strong>(tardiore?</strong></span> <span class='ocrx_word' id='word_1_798' title='bbox 1164 4791 1249 4867; x_wconf 71' lang='grc' dir='ltr'>τῷ</span> <span class='ocrx_word' id='word_1_799' title='bbox 1281 4790 1379 4844; x_wconf 80' lang='grc' dir='ltr'>καὶ</span> <span class='ocrx_word' id='word_1_800' title='bbox 1398 4791 1506 4846; x_wconf 84' lang='grc' dir='ltr'><strong>τὸν</strong></span> <span class='ocrx_word' id='word_1_801' title='bbox 1548 4790 1792 4860; x_wconf 81' lang='grc' dir='ltr'>Σωτῆρα</span> <span class='ocrx_word' id='word_1_802' title='bbox 1836 4792 1973 4845; x_wconf 78' lang='grc' dir='ltr'><strong>Υὶὸν</strong></span> 
     </span>
    </p>
   </div>
   <div class='ocr_carea' id='block_1_93' title="bbox 2085 4780 3642 4867">
    <p class='ocr_par' dir='ltr' id='par_1_93' title="bbox 2085 4780 3642 4867">
     <span class='ocr_line' id='line_1_93' title="bbox 2085 4780 3642 4867; baseline -0.006 -21"><span class='ocrx_word' id='word_1_803' title='bbox 2085 4786 2433 4847; x_wconf 67' lang='lat' dir='ltr'><strong>animantium</strong></span> <span class='ocrx_word' id='word_1_804' title='bbox 2465 4781 2780 4867; x_wconf 69' lang='lat' dir='ltr'><strong>generanti;</strong></span> <span class='ocrx_word' id='word_1_805' title='bbox 2810 4780 2905 4867; x_wconf 61' lang='lat' dir='ltr'><strong>sed</strong></span> <span class='ocrx_word' id='word_1_806' title='bbox 2946 4795 3170 4837; x_wconf 87' lang='lat' dir='ltr'><strong>necesse</strong></span> <span class='ocrx_word' id='word_1_807' title='bbox 3185 4791 3273 4863; x_wconf 75' lang='lat' dir='ltr'><strong>est</strong></span> <span class='ocrx_word' id='word_1_808' title='bbox 3311 4781 3513 4867; x_wconf 63' lang='lat' dir='ltr'><strong>aliquid</strong></span> <span class='ocrx_word' id='word_1_809' title='bbox 3542 4798 3642 4837; x_wconf 80' lang='lat' dir='ltr'><strong>ex-</strong></span> 
     </span>
    </p>
   </div>
   <div class='ocr_carea' id='block_1_94' title="bbox 403 4850 3647 4931">
    <p class='ocr_par' dir='ltr' id='par_1_94' title="bbox 403 4850 3647 4931">
     <span class='ocr_line' id='line_1_94' title="bbox 403 4850 3647 4931; baseline -0.001 -8"><span class='ocrx_word' id='word_1_810' title='bbox 403 4850 698 4924; x_wconf 59' lang='grc' dir='ltr'>εἷνῖαίτοῦ</span> <span class='ocrx_word' id='word_1_811' title='bbox 732 4864 903 4930; x_wconf 87' lang='grc' dir='ltr'>Θεοῦ,</span> <span class='ocrx_word' id='word_1_812' title='bbox 934 4850 1355 4927; x_wconf 42' lang='lat' dir='ltr'><strong>etodium-dura</strong></span> <span class='ocrx_word' id='word_1_813' title='bbox 1402 4869 1564 4927; x_wconf 87' lang='lat' dir='ltr'><strong>sunt;</strong></span> <span class='ocrx_word' id='word_1_814' title='bbox 1616 4850 1738 4931; x_wconf 52' lang='lat' dir='ltr'><strong>qua;f</strong></span> <span class='ocrx_word' id='word_1_815' title='bbox 1790 4870 1972 4931; x_wconf 79' lang='lat' dir='ltr'><strong>tamen</strong></span> <span class='ocrx_word' id='word_1_816' title='bbox 2077 4869 2293 4930; x_wconf 88' lang='lat' dir='ltr'><strong>ceptum</strong></span> <span class='ocrx_word' id='word_1_817' title='bbox 2338 4850 2493 4931; x_wconf 54' lang='lat' dir='ltr'><strong>esse;</strong></span> <span class='ocrx_word' id='word_1_818' title='bbox 2549 4851 2773 4931; x_wconf 59' lang='grc' dir='ltr'>θροηυὲ</span> <span class='ocrx_word' id='word_1_819' title='bbox 2812 4850 3059 4931; x_wconf 61' lang='grc' dir='ltr'><strong>ἀίεηειῐη.</strong></span> <span class='ocrx_word' id='word_1_820' title='bbox 3112 4851 3201 4931; x_wconf 52' lang='lat' dir='ltr'><strong>cui</strong></span> <span class='ocrx_word' id='word_1_821' title='bbox 3233 4850 3647 4931; x_wconf 60' lang='grc' dir='ltr'><strong>ηυῙίξῬΐῢΐξυε</strong></span> 
     </span>
    </p>
   </div>
   <div class='ocr_carea' id='block_1_95' title="bbox 405 4928 1970 5000">
    <p class='ocr_par' dir='ltr' id='par_1_95' title="bbox 405 4928 1970 5000">
     <span class='ocr_line' id='line_1_95' title="bbox 405 4928 1970 5000; baseline -0.004 -8"><span class='ocrx_word' id='word_1_822' title='bbox 405 4935 659 4997; x_wconf 87' lang='lat' dir='ltr'><strong>emolliri,</strong></span> <span class='ocrx_word' id='word_1_823' title='bbox 692 4942 745 4987; x_wconf 88' lang='lat' dir='ltr'><strong>et</strong></span> <span class='ocrx_word' id='word_1_824' title='bbox 775 4928 1113 4987; x_wconf 87' lang='lat' dir='ltr'><strong>commodius</strong></span> <span class='ocrx_word' id='word_1_825' title='bbox 1143 4928 1663 5000; x_wconf 12' lang='lat' dir='ltr'><strong>explicariiqueant,</strong></span> <span class='ocrx_word' id='word_1_826' title='bbox 1693 4928 1739 4985; x_wconf 89' lang='lat' dir='ltr'><strong>si</strong></span> <span class='ocrx_word' id='word_1_827' title='bbox 1777 4930 1843 4984; x_wconf 87' lang='lat' dir='ltr'><strong>ad</strong></span> <span class='ocrx_word' id='word_1_828' title='bbox 1872 4947 1970 5000; x_wconf 82' lang='lat' dir='ltr'><strong>vo-</strong></span> 
     </span>
    </p>
   </div>
   <div class='ocr_carea' id='block_1_96' title="bbox 403 4999 1972 5069">
    <p class='ocr_par' dir='ltr' id='par_1_96' title="bbox 403 4999 1972 5069">
     <span class='ocr_line' id='line_1_96' title="bbox 403 4999 1972 5069; baseline -0.006 -6"><span class='ocrx_word' id='word_1_829' title='bbox 403 5022 523 5064; x_wconf 85' lang='lat' dir='ltr'><strong>cem</strong></span> <span class='ocrx_word' id='word_1_830' title='bbox 582 5003 840 5069; x_wconf 86' lang='grc' dir='ltr'>ἀνάλογον</span> <span class='ocrx_word' id='word_1_831' title='bbox 905 4999 1317 5056; x_wconf 87' lang='lat' dir='ltr'><strong>attenderiuius.</strong></span> <span class='ocrx_word' id='word_1_832' title='bbox 1401 4999 1519 5057; x_wconf 88' lang='lat' dir='ltr'><strong>Non</strong></span> <span class='ocrx_word' id='word_1_833' title='bbox 1581 4999 1725 5069; x_wconf 76' lang='lat' dir='ltr'><strong>enim</strong></span> <span class='ocrx_word' id='word_1_834' title='bbox 1776 4999 1972 5054; x_wconf 64' lang='lat' dir='ltr'><strong>divinat</strong></span> 
     </span>
    </p>
   </div>
   <div class='ocr_carea' id='block_1_97' title="bbox 408 5068 1969 5144">
    <p class='ocr_par' dir='ltr' id='par_1_97' title="bbox 408 5068 1969 5144">
     <span class='ocr_line' id='line_1_97' title="bbox 408 5068 1969 5144; baseline -0.008 -11"><span class='ocrx_word' id='word_1_835' title='bbox 408 5078 535 5133; x_wconf 86' lang='lat' dir='ltr'><strong>huic</strong></span> <span class='ocrx_word' id='word_1_836' title='bbox 565 5070 899 5144; x_wconf 68' lang='lat' dir='ltr'><strong>generatiott&#39;t</strong></span> <span class='ocrx_word' id='word_1_837' title='bbox 930 5087 1115 5139; x_wconf 83' lang='lat' dir='ltr'><strong>parem</strong></span> <span class='ocrx_word' id='word_1_838' title='bbox 1160 5071 1325 5144; x_wconf 80' lang='lat' dir='ltr'><strong>ullam</strong></span> <span class='ocrx_word' id='word_1_839' title='bbox 1366 5084 1486 5126; x_wconf 88' lang='lat' dir='ltr'><strong>esse</strong></span> <span class='ocrx_word' id='word_1_840' title='bbox 1519 5069 1631 5144; x_wconf 83' lang='lat' dir='ltr'><strong>vult</strong></span> <span class='ocrx_word' id='word_1_841' title='bbox 1663 5068 1969 5144; x_wconf 75' lang='lat' dir='ltr'><strong>Origenes;</strong></span> 
     </span>
    </p>
   </div>
   <div class='ocr_carea' id='block_1_98' title="bbox 406 5138 1970 5220">
    <p class='ocr_par' dir='ltr' id='par_1_98' title="bbox 406 5138 1970 5220">
     <span class='ocr_line' id='line_1_98' title="bbox 406 5138 1970 5220; baseline -0.008 -17"><span class='ocrx_word' id='word_1_842' title='bbox 406 5149 498 5203; x_wconf 83' lang='lat' dir='ltr'><strong>sed</strong></span> <span class='ocrx_word' id='word_1_843' title='bbox 526 5138 812 5201; x_wconf 78' lang='lat' dir='ltr'><strong>aliinilates</strong></span> <span class='ocrx_word' id='word_1_844' title='bbox 845 5138 965 5196; x_wconf 85' lang='lat' dir='ltr'><strong>illas</strong></span> <span class='ocrx_word' id='word_1_845' title='bbox 999 5150 1053 5195; x_wconf 90' lang='lat' dir='ltr'><strong>et</strong></span> <span class='ocrx_word' id='word_1_846' title='bbox 1063 5141 1391 5220; x_wconf 64' lang='lat' dir='ltr'><strong>agitationes</strong></span> <span class='ocrx_word' id='word_1_847' title='bbox 1425 5154 1545 5220; x_wconf 70' lang='lat' dir='ltr'><strong>quae</strong></span> <span class='ocrx_word' id='word_1_848' title='bbox 1661 5138 1800 5193; x_wconf 68' lang='lat' dir='ltr'><strong>cwlo</strong></span> <span class='ocrx_word' id='word_1_849' title='bbox 1829 5138 1970 5219; x_wconf 76' lang='lat' dir='ltr'><strong>obti-</strong></span> 
     </span>
    </p>
   </div>
   <div class='ocr_carea' id='block_1_99' title="bbox 406 5210 1972 5279">
    <p class='ocr_par' dir='ltr' id='par_1_99' title="bbox 406 5210 1972 5279">
     <span class='ocr_line' id='line_1_99' title="bbox 406 5210 1972 5279; baseline -0.006 -7"><span class='ocrx_word' id='word_1_850' title='bbox 406 5219 630 5274; x_wconf 83' lang='lat' dir='ltr'><strong>nebunt,</strong></span> <span class='ocrx_word' id='word_1_851' title='bbox 662 5221 1028 5268; x_wconf 70' lang='lat' dir='ltr'><strong>sacrosanctae</strong></span> <span class='ocrx_word' id='word_1_852' title='bbox 1063 5210 1223 5265; x_wconf 76' lang='lat' dir='ltr'><strong>verbi</strong></span> <span class='ocrx_word' id='word_1_853' title='bbox 1265 5210 1596 5279; x_wconf 81' lang='lat' dir='ltr'><strong>generationi</strong></span> <span class='ocrx_word' id='word_1_854' title='bbox 1629 5210 1681 5260; x_wconf 91' lang='lat' dir='ltr'><strong>in</strong></span> <span class='ocrx_word' id='word_1_855' title='bbox 1709 5223 1776 5279; x_wconf 84' lang='lat' dir='ltr'><strong>eo</strong></span> <span class='ocrx_word' id='word_1_856' title='bbox 1819 5210 1972 5279; x_wconf 79' lang='lat' dir='ltr'><strong>simi-</strong></span> 
     </span>
    </p>
   </div>
   <div class='ocr_carea' id='block_1_100' title="bbox 405 5277 1971 5358">
    <p class='ocr_par' dir='ltr' id='par_1_100' title="bbox 405 5277 1971 5358">
     <span class='ocr_line' id='line_1_100' title="bbox 405 5277 1971 5358; baseline -0.005 -18"><span class='ocrx_word' id='word_1_857' title='bbox 405 5290 483 5345; x_wconf 88' lang='lat' dir='ltr'><strong>les</strong></span> <span class='ocrx_word' id='word_1_858' title='bbox 509 5300 630 5340; x_wconf 85' lang='lat' dir='ltr'><strong>esse</strong></span> <span class='ocrx_word' id='word_1_859' title='bbox 677 5283 829 5346; x_wconf 87' lang='lat' dir='ltr'><strong>dicit,</strong></span> <span class='ocrx_word' id='word_1_860' title='bbox 872 5282 1018 5358; x_wconf 82' lang='lat' dir='ltr'><strong>quod</strong></span> <span class='ocrx_word' id='word_1_861' title='bbox 1049 5277 1293 5358; x_wconf 60' lang='lat' dir='ltr'><strong>utraeque</strong></span> <span class='ocrx_word' id='word_1_862' title='bbox 1342 5280 1460 5333; x_wconf 88' lang='lat' dir='ltr'><strong>sine</strong></span> <span class='ocrx_word' id='word_1_863' title='bbox 1502 5278 1607 5331; x_wconf 87' lang='lat' dir='ltr'><strong>ulla</strong></span> <span class='ocrx_word' id='word_1_864' title='bbox 1651 5277 1971 5358; x_wconf 66' lang='lat' dir='ltr'><strong>genitalium</strong></span> 
     </span>
    </p>
   </div>
   <div class='ocr_carea' id='block_1_101' title="bbox 406 5347 1975 5421">
    <p class='ocr_par' dir='ltr' id='par_1_101' title="bbox 406 5347 1975 5421">
     <span class='ocr_line' id='line_1_101' title="bbox 406 5347 1975 5421; baseline -0.004 -14"><span class='ocrx_word' id='word_1_865' title='bbox 406 5357 773 5410; x_wconf 81' lang='lat' dir='ltr'><strong>membrorum</strong></span> <span class='ocrx_word' id='word_1_866' title='bbox 798 5347 905 5421; x_wconf 75' lang='lat' dir='ltr'><strong>ope</strong></span> <span class='ocrx_word' id='word_1_867' title='bbox 930 5347 1414 5421; x_wconf 74' lang='lat' dir='ltr'><strong>administrentur;</strong></span> <span class='ocrx_word' id='word_1_868' title='bbox 1449 5363 1588 5421; x_wconf 76' lang='lat' dir='ltr'><strong>quas</strong></span> <span class='ocrx_word' id='word_1_869' title='bbox 1614 5347 1813 5421; x_wconf 83' lang='lat' dir='ltr'><strong>alioqui</strong></span> <span class='ocrx_word' id='word_1_870' title='bbox 1862 5348 1975 5400; x_wconf 86' lang='lat' dir='ltr'><strong>dis-</strong></span> 
     </span>
    </p>
   </div>
   <div class='ocr_carea' id='block_1_102' title="bbox 428 5418 1971 5492">
    <p class='ocr_par' dir='ltr' id='par_1_102' title="bbox 428 5418 1971 5492">
     <span class='ocr_line' id='line_1_102' title="bbox 428 5418 1971 5492; baseline -0.006 -13"><span class='ocrx_word' id='word_1_871' title='bbox 428 5441 562 5480; x_wconf 83' lang='lat' dir='ltr'><strong>-ares</strong></span> <span class='ocrx_word' id='word_1_872' title='bbox 592 5418 981 5492; x_wconf 78' lang='lat' dir='ltr'><strong>usquequaque</strong></span> <span class='ocrx_word' id='word_1_873' title='bbox 1001 5422 1264 5492; x_wconf 64' lang='lat' dir='ltr'><strong>agnoscit,</strong></span> <span class='ocrx_word' id='word_1_874' title='bbox 1294 5418 1628 5492; x_wconf 77' lang='lat' dir='ltr'><strong>Sententiam</strong></span> <span class='ocrx_word' id='word_1_875' title='bbox 1654 5418 1971 5492; x_wconf 77' lang='lat' dir='ltr'><strong>hanc_suam</strong></span> 
     </span>
    </p>
   </div>
   <div class='ocr_carea' id='block_1_103' title="bbox 403 5443 1971 5562">
    <p class='ocr_par' dir='ltr' id='par_1_103' title="bbox 403 5443 1971 5562">
     <span class='ocr_line' id='line_1_103' title="bbox 428 5443 1971 5495; baseline -0.006 -16"><span class='ocrx_word' id='word_1_876' title='bbox 428 5443 562 5480; x_wconf 72' lang='lat' dir='ltr'><strong>utres</strong></span> <span class='ocrx_word' id='word_1_877' title='bbox 592 5443 981 5492; x_wconf 74' lang='lat' dir='ltr'><strong>usquequaque</strong></span> <span class='ocrx_word' id='word_1_878' title='bbox 1001 5443 1264 5491; x_wconf 75' lang='lat' dir='ltr'><strong>aguuscu.</strong></span> <span class='ocrx_word' id='word_1_879' title='bbox 1295 5443 1628 5495; x_wconf 65' lang='lat' dir='ltr'><strong>ocutcuuatu</strong></span> <span class='ocrx_word' id='word_1_880' title='bbox 1654 5443 1793 5471; x_wconf 74' lang='lat' dir='ltr'><strong>ttulit;</strong></span> <span class='ocrx_word' id='word_1_881' title='bbox 1816 5443 1971 5470; x_wconf 70' lang='lat' dir='ltr'><strong>auum</strong></span> 
     </span>
     <span class='ocr_line' id='line_1_104' title="bbox 403 5443 1971 5562; baseline -0.005 -15"><span class='ocrx_word' id='word_1_882' title='bbox 403 5443 498 5550; x_wconf 52' lang='lat' dir='ltr'><strong>fil).</strong></span> <span class='ocrx_word' id='word_1_883' title='bbox 532 5509 549 5547; x_wconf 86' lang='grc' dir='ltr'><strong>ι</strong></span> <span class='ocrx_word' id='word_1_884' title='bbox 584 5493 659 5546; x_wconf 85' lang='lat' dir='ltr'><strong>De</strong></span> <span class='ocrx_word' id='word_1_885' title='bbox 684 5493 937 5562; x_wconf 80' lang='lat' dir='ltr'><strong>princip.,</strong></span> <span class='ocrx_word' id='word_1_886' title='bbox 971 5507 1095 5559; x_wconf 90' lang='lat' dir='ltr'><strong>cap.</strong></span> <span class='ocrx_word' id='word_1_887' title='bbox 1123 5490 1180 5555; x_wconf 73' lang='grc'>2,</span> <span class='ocrx_word' id='word_1_888' title='bbox 1212 5490 1412 5562; x_wconf 79' lang='lat' dir='ltr'><strong>diserte</strong></span> <span class='ocrx_word' id='word_1_889' title='bbox 1452 5486 1706 5562; x_wconf 54' lang='lat' dir='ltr'><strong>explicat.</strong></span> <span class='ocrx_word' id='word_1_890' title='bbox 1741 5484 1971 5562; x_wconf 74' lang='lat' dir='ltr'><strong>r_lnfan-</strong></span> 
     </span>
    </p>
   </div>
   <div class='ocr_carea' id='block_1_104' title="bbox 404 5554 1971 5635">
    <p class='ocr_par' dir='ltr' id='par_1_104' title="bbox 404 5554 1971 5635">
     <span class='ocr_line' id='line_1_105' title="bbox 404 5554 1971 5635; baseline -0.004 -19"><span class='ocrx_word' id='word_1_891' title='bbox 404 5564 532 5616; x_wconf 86' lang='lat' dir='ltr'><strong>dum</strong></span> <span class='ocrx_word' id='word_1_892' title='bbox 562 5554 743 5635; x_wconf 78' lang='lat' dir='ltr'><strong>autem</strong></span> <span class='ocrx_word' id='word_1_893' title='bbox 773 5554 875 5625; x_wconf 68' lang='lat' dir='ltr'><strong>est,</strong></span> <span class='ocrx_word' id='word_1_894' title='bbox 901 5554 1096 5635; x_wconf 77' lang='lat' dir='ltr'><strong>inquit,</strong></span> <span class='ocrx_word' id='word_1_895' title='bbox 1114 5554 1191 5635; x_wconf 25' lang='lat' dir='ltr'><strong>Aet_</strong></span> <span class='ocrx_word' id='word_1_896' title='bbox 1199 5558 1485 5635; x_wconf 65' lang='lat' dir='ltr'><strong>illicitum,</strong></span> <span class='ocrx_word' id='word_1_897' title='bbox 1523 5554 1707 5635; x_wconf 76' lang='lat' dir='ltr'><strong>Deum</strong></span> <span class='ocrx_word' id='word_1_898' title='bbox 1758 5554 1971 5635; x_wconf 58' lang='lat' dir='ltr'><strong>Ifatrem</strong></span> 
     </span>
    </p>
   </div>
   <div class='ocr_carea' id='block_1_105' title="bbox 407 5627 1973 5706">
    <p class='ocr_par' dir='ltr' id='par_1_105' title="bbox 407 5627 1973 5706">
     <span class='ocr_line' id='line_1_106' title="bbox 407 5627 1973 5706; baseline -0.004 -22"><span class='ocrx_word' id='word_1_899' title='bbox 407 5635 460 5706; x_wconf 85' lang='lat' dir='ltr'><strong>in</strong></span> <span class='ocrx_word' id='word_1_900' title='bbox 494 5634 840 5698; x_wconf 73' lang='lat' dir='ltr'><strong>generatione</strong></span> <span class='ocrx_word' id='word_1_901' title='bbox 866 5627 1127 5706; x_wconf 70' lang='lat' dir='ltr'><strong>unigeniti</strong></span> <span class='ocrx_word' id='word_1_902' title='bbox 1151 5630 1281 5706; x_wconf 79' lang='lat' dir='ltr'><strong>Filii</strong></span> <span class='ocrx_word' id='word_1_903' title='bbox 1305 5628 1413 5706; x_wconf 62' lang='lat' dir='ltr'><strong>sui,</strong></span> <span class='ocrx_word' id='word_1_904' title='bbox 1443 5635 1605 5695; x_wconf 91' lang='lat' dir='ltr'><strong>atque</strong></span> <span class='ocrx_word' id='word_1_905' title='bbox 1631 5627 1685 5706; x_wconf 75' lang='lat' dir='ltr'><strong>in</strong></span> <span class='ocrx_word' id='word_1_906' title='bbox 1714 5627 1973 5706; x_wconf 68' lang='lat' dir='ltr'><strong>substan-</strong></span> 
     </span>
    </p>
   </div>
   <div class='ocr_carea' id='block_1_106' title="bbox 407 5696 1973 5767">
    <p class='ocr_par' dir='ltr' id='par_1_106' title="bbox 407 5696 1973 5767">
     <span class='ocr_line' id='line_1_107' title="bbox 407 5696 1973 5767; baseline -0.003 -12"><span class='ocrx_word' id='word_1_907' title='bbox 407 5696 613 5757; x_wconf 24' lang='lat' dir='ltr'><strong>tia‘Sua</strong></span> <span class='ocrx_word' id='word_1_908' title='bbox 641 5713 925 5767; x_wconf 73' lang='lat' dir='ltr'><strong>exaequare</strong></span> <span class='ocrx_word' id='word_1_909' title='bbox 966 5696 1127 5757; x_wconf 75' lang='lat' dir='ltr'><strong>alicui</strong></span> <span class='ocrx_word' id='word_1_910' title='bbox 1163 5701 1244 5755; x_wconf 51' lang='grc' dir='ltr'><strong>γει</strong></span> <span class='ocrx_word' id='word_1_911' title='bbox 1268 5698 1572 5766; x_wconf 79' lang='lat' dir='ltr'><strong>hontinum,</strong></span> <span class='ocrx_word' id='word_1_912' title='bbox 1605 5696 1689 5752; x_wconf 84' lang='lat' dir='ltr'><strong>vel</strong></span> <span class='ocrx_word' id='word_1_913' title='bbox 1742 5697 1973 5753; x_wconf 83' lang='lat' dir='ltr'><strong>aliorum</strong></span> 
     </span>
    </p>
   </div>
   <div class='ocr_carea' id='block_1_107' title="bbox 2077 4920 3647 5000">
    <p class='ocr_par' dir='ltr' id='par_1_107' title="bbox 2077 4920 3647 5000">
     <span class='ocr_line' id='line_1_108' title="bbox 2077 4920 3647 5000; baseline -0.004 -16"><span class='ocrx_word' id='word_1_914' title='bbox 2077 4920 2432 5000; x_wconf 66' lang='lat' dir='ltr'><strong>comparatio,</strong></span> <span class='ocrx_word' id='word_1_915' title='bbox 2473 4937 2581 5000; x_wconf 71' lang='lat' dir='ltr'><strong>non</strong></span> <span class='ocrx_word' id='word_1_916' title='bbox 2614 4920 2861 5000; x_wconf 44' lang='lat' dir='ltr'><strong>in&#39;rebus</strong></span> <span class='ocrx_word' id='word_1_917' title='bbox 2887 4922 3085 5000; x_wconf 75' lang='lat' dir='ltr'><strong>solum,</strong></span> <span class='ocrx_word' id='word_1_918' title='bbox 3110 4920 3204 5000; x_wconf 86' lang='lat' dir='ltr'><strong>sed</strong></span> <span class='ocrx_word' id='word_1_919' title='bbox 3244 4937 3312 4976; x_wconf 93' lang='lat' dir='ltr'><strong>ne</strong></span> <span class='ocrx_word' id='word_1_920' title='bbox 3364 4921 3419 5000; x_wconf 75' lang='lat' dir='ltr'><strong>in</strong></span> <span class='ocrx_word' id='word_1_921' title='bbox 3446 4922 3647 4992; x_wconf 81' lang='lat' dir='ltr'><strong>cogita-</strong></span> 
     </span>
    </p>
   </div>
   <div class='ocr_carea' id='block_1_108' title="bbox 2079 4989 3647 5058">
    <p class='ocr_par' dir='ltr' id='par_1_108' title="bbox 2079 4989 3647 5058">
     <span class='ocr_line' id='line_1_109' title="bbox 2079 4989 3647 5058; baseline -0.004 -5"><span class='ocrx_word' id='word_1_922' title='bbox 2079 4989 2223 5053; x_wconf 75' lang='lat' dir='ltr'><strong>tione</strong></span> <span class='ocrx_word' id='word_1_923' title='bbox 2244 4998 2443 5057; x_wconf 90' lang='lat' dir='ltr'><strong>solum,</strong></span> <span class='ocrx_word' id='word_1_924' title='bbox 2474 4993 2555 5047; x_wconf 85' lang='lat' dir='ltr'><strong>vel</strong></span> <span class='ocrx_word' id='word_1_925' title='bbox 2588 5006 2751 5045; x_wconf 91' lang='lat' dir='ltr'><strong>sensu</strong></span> <span class='ocrx_word' id='word_1_926' title='bbox 2807 4989 3038 5044; x_wconf 87' lang='lat' dir='ltr'><strong>inveniri</strong></span> <span class='ocrx_word' id='word_1_927' title='bbox 3081 4999 3277 5058; x_wconf 88' lang='lat' dir='ltr'><strong>potest,</strong></span> <span class='ocrx_word' id='word_1_928' title='bbox 3318 5000 3379 5045; x_wconf 91' lang='lat' dir='ltr'><strong>ut</strong></span> <span class='ocrx_word' id='word_1_929' title='bbox 3405 4989 3647 5047; x_wconf 80' lang='lat' dir='ltr'><strong>humana</strong></span> 
     </span>
    </p>
   </div>
   <div class='ocr_carea' id='block_1_109' title="bbox 2076 5059 3644 5136">
    <p class='ocr_par' dir='ltr' id='par_1_109' title="bbox 2076 5059 3644 5136">
     <span class='ocr_line' id='line_1_110' title="bbox 2076 5059 3644 5136; baseline -0.003 -15"><span class='ocrx_word' id='word_1_930' title='bbox 2076 5066 2336 5136; x_wconf 78' lang='lat' dir='ltr'><strong>cogitatio</strong></span> <span class='ocrx_word' id='word_1_931' title='bbox 2379 5059 2992 5136; x_wconf 67' lang='lat' dir='ltr'><strong>possitapprehendere</strong></span> <span class='ocrx_word' id='word_1_932' title='bbox 3043 5060 3319 5136; x_wconf 70' lang='lat' dir='ltr'><strong>quomodo</strong></span> <span class='ocrx_word' id='word_1_933' title='bbox 3368 5061 3644 5136; x_wconf 68' lang='lat' dir='ltr'><strong>ingenitus</strong></span> 
     </span>
    </p>
   </div>
   <div class='ocr_carea' id='block_1_110' title="bbox 2080 5128 3644 5196">
    <p class='ocr_par' dir='ltr' id='par_1_110' title="bbox 2080 5128 3644 5196">
     <span class='ocr_line' id='line_1_111' title="bbox 2080 5128 3644 5196; baseline -0.002 -8"><span class='ocrx_word' id='word_1_934' title='bbox 2080 5128 2220 5192; x_wconf 63' lang='lat' dir='ltr'><strong>Deus</strong></span> <span class='ocrx_word' id='word_1_935' title='bbox 2259 5128 2485 5190; x_wconf 74' lang='lat' dir='ltr'><strong>efﬁcitur</strong></span> <span class='ocrx_word' id='word_1_936' title='bbox 2529 5130 2687 5185; x_wconf 83' lang='lat' dir='ltr'><strong>Pater</strong></span> <span class='ocrx_word' id='word_1_937' title='bbox 2733 5128 2996 5196; x_wconf 79' lang='lat' dir='ltr'><strong>unigeniti</strong></span> <span class='ocrx_word' id='word_1_938' title='bbox 3048 5128 3204 5194; x_wconf 87' lang='lat' dir='ltr'><strong>Filii;</strong></span> <span class='ocrx_word' id='word_1_939' title='bbox 3236 5149 3254 5180; x_wconf 70' lang='grc' dir='ltr'><strong>ι</strong></span> <span class='ocrx_word' id='word_1_940' title='bbox 3304 5140 3357 5183; x_wconf 91' lang='lat' dir='ltr'><strong>et</strong></span> <span class='ocrx_word' id='word_1_941' title='bbox 3409 5128 3499 5182; x_wconf 79' lang='lat' dir='ltr'><strong>lib.</strong></span> <span class='ocrx_word' id='word_1_942' title='bbox 3535 5145 3548 5181; x_wconf 90' lang='grc' dir='ltr'><strong>ι</strong></span> <span class='ocrx_word' id='word_1_943' title='bbox 3587 5131 3644 5185; x_wconf 79' lang='lat' dir='ltr'><strong>in</strong></span> 
     </span>
    </p>
   </div>
   <div class='ocr_carea' id='block_1_111' title="bbox 2072 5197 3644 5271">
    <p class='ocr_par' dir='ltr' id='par_1_111' title="bbox 2072 5197 3644 5271">
     <span class='ocr_line' id='line_1_112' title="bbox 2072 5197 3644 5271; baseline -0.002 -15"><span class='ocrx_word' id='word_1_944' title='bbox 2072 5202 2405 5271; x_wconf 71' lang='lat' dir='ltr'><strong>Matt/neum,</strong></span> <span class='ocrx_word' id='word_1_945' title='bbox 2433 5202 2573 5271; x_wconf 83' lang='lat' dir='ltr'><strong>apud</strong></span> <span class='ocrx_word' id='word_1_946' title='bbox 2603 5197 2946 5271; x_wconf 65' lang='lat' dir='ltr'><strong>Patnpltilum</strong></span> <span class='ocrx_word' id='word_1_947' title='bbox 2985 5199 3039 5251; x_wconf 89' lang='lat' dir='ltr'><strong>in</strong></span> <span class='ocrx_word' id='word_1_948' title='bbox 3081 5198 3368 5271; x_wconf 52' lang='lat' dir='ltr'><strong>Apologus</strong></span> <span class='ocrx_word' id='word_1_949' title='bbox 3407 5199 3644 5271; x_wconf 71' lang='lat' dir='ltr'><strong>Dubium</strong></span> 
     </span>
    </p>
   </div>
   <div class='ocr_carea' id='block_1_112' title="bbox 2071 5266 3642 5341">
    <p class='ocr_par' dir='ltr' id='par_1_112' title="bbox 2071 5266 3642 5341">
     <span class='ocr_line' id='line_1_113' title="bbox 2071 5266 3642 5341; baseline -0.005 -10"><span class='ocrx_word' id='word_1_950' title='bbox 2071 5266 2178 5331; x_wconf 80' lang='lat' dir='ltr'><strong>non</strong></span> <span class='ocrx_word' id='word_1_951' title='bbox 2205 5283 2286 5329; x_wconf 84' lang='lat' dir='ltr'><strong>est</strong></span> <span class='ocrx_word' id='word_1_952' title='bbox 2312 5266 2740 5341; x_wconf 44' lang='lat' dir='ltr'><strong>quod-nativitas</strong></span> <span class='ocrx_word' id='word_1_953' title='bbox 2765 5266 2885 5335; x_wconf 84' lang='lat' dir='ltr'><strong>ejus</strong></span> <span class='ocrx_word' id='word_1_954' title='bbox 2912 5284 3024 5341; x_wconf 83' lang='lat' dir='ltr'><strong>non</strong></span> <span class='ocrx_word' id='word_1_955' title='bbox 3052 5266 3145 5341; x_wconf 72' lang='lat' dir='ltr'><strong>est</strong></span> <span class='ocrx_word' id='word_1_956' title='bbox 3169 5268 3334 5341; x_wconf 80' lang='lat' dir='ltr'><strong>talis;</strong></span> <span class='ocrx_word' id='word_1_957' title='bbox 3385 5268 3642 5341; x_wconf 76' lang='lat' dir='ltr'><strong>utquasi</strong></span> 
     </span>
    </p>
   </div>
   <div class='ocr_carea' id='block_1_113' title="bbox 2068 5337 3641 5415">
    <p class='ocr_par' dir='ltr' id='par_1_113' title="bbox 2068 5337 3641 5415">
     <span class='ocr_line' id='line_1_114' title="bbox 2068 5337 3641 5415; baseline -0.004 -17"><span class='ocrx_word' id='word_1_958' title='bbox 2068 5345 2162 5415; x_wconf 89' lang='lat' dir='ltr'><strong>qui</strong></span> <span class='ocrx_word' id='word_1_959' title='bbox 2196 5337 2450 5398; x_wconf 45' lang='lat' dir='ltr'><strong>ante-non</strong></span> <span class='ocrx_word' id='word_1_960' title='bbox 2478 5340 2661 5404; x_wconf 87' lang='lat' dir='ltr'><strong>fuerit,</strong></span> <span class='ocrx_word' id='word_1_961' title='bbox 2681 5352 2801 5392; x_wconf 88' lang='lat' dir='ltr'><strong>esse</strong></span> <span class='ocrx_word' id='word_1_962' title='bbox 2830 5338 3071 5415; x_wconf 74' lang='lat' dir='ltr'><strong>coeperit,</strong></span> <span class='ocrx_word' id='word_1_963' title='bbox 3102 5338 3242 5415; x_wconf 66' lang='lat' dir='ltr'><strong>sicut</strong></span> <span class='ocrx_word' id='word_1_964' title='bbox 3266 5338 3333 5391; x_wconf 89' lang='lat' dir='ltr'><strong>de</strong></span> <span class='ocrx_word' id='word_1_965' title='bbox 3360 5337 3641 5415; x_wconf 79' lang='lat' dir='ltr'><strong>nativitate</strong></span> 
     </span>
    </p>
   </div>
   <div class='ocr_carea' id='block_1_114' title="bbox 2068 5405 3641 5480">
    <p class='ocr_par' dir='ltr' id='par_1_114' title="bbox 2068 5405 3641 5480">
     <span class='ocr_line' id='line_1_115' title="bbox 2068 5405 3641 5480; baseline -0.005 -13"><span class='ocrx_word' id='word_1_966' title='bbox 2068 5405 2353 5468; x_wconf 73' lang='lat' dir='ltr'><strong>hontinum</strong></span> <span class='ocrx_word' id='word_1_967' title='bbox 2398 5421 2660 5480; x_wconf 91' lang='lat' dir='ltr'><strong>putatur:</strong></span> <span class='ocrx_word' id='word_1_968' title='bbox 2705 5406 2942 5480; x_wconf 58' lang='lat' dir='ltr'><strong>tc_t__|ib.</strong></span> <span class='ocrx_word' id='word_1_969' title='bbox 2986 5424 3013 5461; x_wconf 86' lang='grc' dir='ltr'><strong>ν</strong></span> <span class='ocrx_word' id='word_1_970' title='bbox 3046 5405 3278 5461; x_wconf 82' lang='lat' dir='ltr'><strong>thoan.</strong></span> <span class='ocrx_word' id='word_1_971' title='bbox 3331 5423 3397 5461; x_wconf 72' lang='lat' dir='ltr'><strong>ex</strong></span> <span class='ocrx_word' id='word_1_972' title='bbox 3435 5406 3641 5480; x_wconf 65' lang='lat' dir='ltr'><strong>eadem</strong></span> 
     </span>
    </p>
   </div>
   <div class='ocr_carea' id='block_1_115' title="bbox 2076 5475 3641 5552">
    <p class='ocr_par' dir='ltr' id='par_1_115' title="bbox 2076 5475 3641 5552">
     <span class='ocr_line' id='line_1_116' title="bbox 2076 5475 3641 5552; baseline -0.005 -15"><span class='ocrx_word' id='word_1_973' title='bbox 2076 5482 2345 5552; x_wconf 83' lang='lat' dir='ltr'><strong>Pamphili</strong></span> <span class='ocrx_word' id='word_1_974' title='bbox 2378 5475 2656 5552; x_wconf 51' lang='lat' dir='ltr'><strong>Apologu-t</strong></span> <span class='ocrx_word' id='word_1_975' title='bbox 2694 5475 2797 5552; x_wconf 80' lang='lat' dir='ltr'><strong>Qui</strong></span> <span class='ocrx_word' id='word_1_976' title='bbox 2825 5476 2951 5552; x_wconf 80' lang='lat' dir='ltr'><strong>licet</strong></span> <span class='ocrx_word' id='word_1_977' title='bbox 2979 5492 3086 5552; x_wconf 61' lang='lat' dir='ltr'><strong>non</strong></span> <span class='ocrx_word' id='word_1_978' title='bbox 3140 5491 3207 5529; x_wconf 80' lang='lat' dir='ltr'><strong>ex</strong></span> <span class='ocrx_word' id='word_1_979' title='bbox 3258 5476 3641 5552; x_wconf 74' lang='lat' dir='ltr'><strong>sanguinibus,</strong></span> 
     </span>
    </p>
   </div>
   <div class='ocr_carea' id='block_1_116' title="bbox 2077 5544 3638 5626">
    <p class='ocr_par' dir='ltr' id='par_1_116' title="bbox 2077 5544 3638 5626">
     <span class='ocr_line' id='line_1_117' title="bbox 2077 5544 3638 5626; baseline -0.006 -18"><span class='ocrx_word' id='word_1_980' title='bbox 2077 5544 2253 5623; x_wconf 79' lang='lat' dir='ltr'><strong>neque</strong></span> <span class='ocrx_word' id='word_1_981' title='bbox 2283 5568 2348 5606; x_wconf 82' lang='lat' dir='ltr'><strong>ex</strong></span> <span class='ocrx_word' id='word_1_982' title='bbox 2373 5544 2648 5626; x_wconf 71' lang='lat' dir='ltr'><strong>voluntate</strong></span> <span class='ocrx_word' id='word_1_983' title='bbox 2674 5546 2798 5626; x_wconf 80' lang='lat' dir='ltr'><strong>viri,</strong></span> <span class='ocrx_word' id='word_1_984' title='bbox 2828 5545 2918 5600; x_wconf 89' lang='lat' dir='ltr'><strong>sed</strong></span> <span class='ocrx_word' id='word_1_985' title='bbox 2952 5562 3016 5601; x_wconf 69' lang='lat' dir='ltr'><strong>ev</strong></span> <span class='ocrx_word' id='word_1_986' title='bbox 3052 5544 3162 5626; x_wconf 75' lang='lat' dir='ltr'><strong>Deo</strong></span> <span class='ocrx_word' id='word_1_987' title='bbox 3185 5545 3297 5626; x_wconf 84' lang='lat' dir='ltr'><strong>nati</strong></span> <span class='ocrx_word' id='word_1_988' title='bbox 3320 5544 3479 5626; x_wconf 73' lang='lat' dir='ltr'><strong>sunt;</strong></span> <span class='ocrx_word' id='word_1_989' title='bbox 3531 5562 3638 5626; x_wconf 73' lang='lat' dir='ltr'><strong>non</strong></span> 
     </span>
    </p>
   </div>
   <div class='ocr_carea' id='block_1_117' title="bbox 2076 5617 3643 5687">
    <p class='ocr_par' dir='ltr' id='par_1_117' title="bbox 2076 5617 3643 5687">
     <span class='ocr_line' id='line_1_118' title="bbox 2076 5617 3643 5687; baseline -0.005 -11"><span class='ocrx_word' id='word_1_990' title='bbox 2076 5617 2255 5676; x_wconf 76' lang='lat' dir='ltr'><strong>tamen</strong></span> <span class='ocrx_word' id='word_1_991' title='bbox 2287 5637 2349 5675; x_wconf 89' lang='lat' dir='ltr'><strong>ea</strong></span> <span class='ocrx_word' id='word_1_992' title='bbox 2375 5619 2652 5673; x_wconf 86' lang='lat' dir='ltr'><strong>uativitate</strong></span> <span class='ocrx_word' id='word_1_993' title='bbox 2678 5624 2826 5681; x_wconf 91' lang='lat' dir='ltr'><strong>sunt,</strong></span> <span class='ocrx_word' id='word_1_994' title='bbox 2850 5631 2955 5684; x_wconf 89' lang='lat' dir='ltr'><strong>qua</strong></span> <span class='ocrx_word' id='word_1_995' title='bbox 3005 5624 3164 5671; x_wconf 89' lang='lat' dir='ltr'><strong>natus</strong></span> <span class='ocrx_word' id='word_1_996' title='bbox 3197 5624 3279 5671; x_wconf 86' lang='lat' dir='ltr'><strong>cst</strong></span> <span class='ocrx_word' id='word_1_997' title='bbox 3332 5617 3643 5687; x_wconf 70' lang='lat' dir='ltr'><strong>unigenitus</strong></span> 
     </span>
    </p>
   </div>
   <div class='ocr_carea' id='block_1_118' title="bbox 2076 5688 2597 5747">
    <p class='ocr_par' dir='ltr' id='par_1_118' title="bbox 2076 5688 2597 5747">
     <span class='ocr_line' id='line_1_119' title="bbox 2076 5688 2597 5747; baseline -0.004 -1"><span class='ocrx_word' id='word_1_998' title='bbox 2076 5692 2269 5747; x_wconf 81' lang='lat' dir='ltr'><strong>Filius.</strong></span> <span class='ocrx_word' id='word_1_999' title='bbox 2302 5708 2319 5739; x_wconf 73' lang='grc' dir='ltr'><strong>ι</strong></span> <span class='ocrx_word' id='word_1_1000' title='bbox 2335 5688 2597 5746; x_wconf 67' lang='grc' dir='ltr'>Πυετιυε.</span> 
     </span>
    </p>
   </div>
  </div>
