4074 6300
459 324 592 382 1591

1942 329 2266 389 ORIGENIS

3576 331 3728 389 1592

456 446 512 500 in
539 449 706 503 veleri
740 449 1019 521 Scriptura
1045 459 1228 522 aperte
1261 467 1368 508 non
1398 453 1718 524 reperimus.
1749 453 1886 512 lllud
1911 457 2034 527 qui-

2137 457 2338 529 παλαιᾷ
2368 457 2559 530 Γραφῇ
2587 457 2686 528 οὐχ
2711 456 3057 529 εὑρίσκομεν*
3081 446 3221 511 κατά
3253 439 3364 527 μὲν
3382 453 3476 508 τὸν
3501 455 3724 508 Λουκᾶν

463 538 578 593 iem
610 539 774 610 825
804 541 944 611 apud
979 541 1184 598 Lucam
1230 543 1454 601 minime
1496 560 1797 616 qumretur,
1847 564 2032 619 aquo

460 627 804 686 Servatorem
837 642 1084 688 nostrum
1113 634 1321 691 dixisse
1348 637 1610 706 scriptum
1637 648 1722 695 est
1740 640 1785 671 δ’
1812 657 1825 693 :
1858 660 1877 691 ι
1908 638 2029 694 Filii

457 723 622 791 hujus
656 722 839 778 saeculi
881 733 1143 794 generant
1189 734 1244 781 et
1289 737 1619 797 generantur
1655 746 1670 795 ;
1719 729 1928 785 nubunt
1978 739 2034 786 et

459 813 749 868 traduntur
784 815 851 869 ad
883 817 1124 884 nuptias,
1157 836 1178 869 ι
1211 827 1266 873 et
1302 819 1509 889 reliqua
1537 836 1552 886 ;
1584 835 1693 874 non
1736 821 2030 890 quidquam

458 910 639 958 autem
671 905 818 974 quod
848 905 914 960 ad
948 905 1276 964 Sadducaeos
1307 909 1595 978 pertineat,
1626 911 1883 981 quodque
1917 912 2033 966 haec

457 991 514 1046 in
551 990 848 1062 Scripturis
875 995 1058 1050 doceri
1088 1007 1316 1054 astruat.
1349 997 1418 1054 At
1448 1001 1591 1070 apud
1619 1000 1928 1056 Matthaeum
1977 1001 2031 1058 id

457 1097 588 1138 sane
608 1085 776 1152 quaeri
801 1085 995 1155 possit,
1021 1087 1271 1144 similiter
1291 1104 1511 1160 quoque
1529 1091 1740 1160 et-apud
1765 1090 2028 1157 Marcum;

456 1189 584 1228 nam
623 1175 778 1244 juxta
824 1177 1004 1247 ipsum
1055 1180 1394 1249 respondens
1433 1179 1592 1236 Jesus
1633 1181 1770 1236 dixit
1815 1181 2032 1238 Saddu-

457 1267 585 1322 emis
607 1264 654 1297 “
683 1284 696 1320 :
734 1285 752 1318 ι
781 1266 974 1324 Nonne
1005 1269 1129 1325 ideo
1158 1273 1356 1328 erratis
1387 1287 1494 1327 non
1526 1273 1760 1328 scientes
1789 1269 2034 1342 Scriptu-

457 1371 581 1420 ras,
622 1372 800 1429 neque
845 1358 1104 1415 virtutem
1153 1361 1292 1417 Dei?
1332 1361 1471 1418 Cum
1524 1363 1670 1417 enim
1721 1377 1751 1417 a
1800 1364 2033 1419 mortuis

457 1447 879 1514 resurrexerint,
913 1464 1090 1520 neque
1119 1451 1345 1516 nubent,
1387 1467 1565 1522 neque
1611 1453 1904 1520 nubentur,
1939 1453 2034 1508 sed

457 1546 588 1592 sunt
610 1537 752 1598 sicut
784 1541 960 1610 angeli
996 1541 1049 1595 in
1075 1542 1248 1597 caelis.
1283 1561 1302 1594 ι
1339 1541 1598 1613 Quisquis
1624 1560 1752 1615 ergo
1783 1545 1851 1600 ad
1879 1546 2036 1600 dubi-

455 1627 716 1683 tationem
748 1638 990 1684 nostram
1021 1631 1326 1699 attenderit,
1354 1647 1421 1686 ea.
1447 1634 1689 1704 requirat
1714 1635 1767 1699 in
1792 1633 2036 1704 Scriptu-

457 1717 558 1780 ris,
591 1733 714 1787 quae
741 1718 884 1774 dicta
915 1733 945 1773 a
973 1719 1259 1778 Servatore
1287 1723 1354 1777 de
1386 1725 1552 1779 rebus
1619 1733 1742 1795 post
1791 1740 2034 1781 resurre-

2138 549 2295 602 τοῦτο
2321 550 2382 603 οὐ
2417 548 2799 622 ζητηθήσεται,
2835 549 3224 621 ἀναγράψαντα
3252 547 3345 601 τὸν
3370 545 3605 617 Σωτῆρα
3638 548 3721 598 εἰ·-

2137 641 2392 713 ρηκέναι,
2435 660 2454 692 ι
2504 642 2568 694 Οί
2601 641 2707 694 υίοὶ
2745 639 2840 693 τοῦ
2879 639 3073 702 αἰῶνος
3102 638 3295 692 τούτου
3328 637 3562 706 γεννῶσι
3621 637 3724 690 καὶ

2133 731 2448 799 γεννῶνται,
2503 729 2740 801 γαμοῦσι
2785 730 2879 783 καὶ
2910 729 3306 800 γαμίσκονται,
3358 748 3376 781 ι
3417 730 3512 783 καὶ
3561 730 3717 798 ἑξῆς,

2133 821 2227 876 καὶ
2259 821 2333 892 μὴ
2365 821 2586 874 εἰπόντα
2611 822 2668 874 ὲν
2699 819 2778 891 τῷ
2800 820 2951 891 τόπῳ
2976 820 3150 891 τούτῳ
3178 837 3232 873 τι
3266 821 3404 892 πρὸς
3432 822 3558 881 τοὺς
3582 821 3722 874 Σαδ-

2131 908 2434 972 δουκαίους,
2469 908 2563 962 καὶ
2600 908 2727 980 περὶ
2758 907 2852 961 τοῦ
2885 909 2943 962 ὲν
2985 910 3104 972 ταῖς
3140 909 3382 980 Γραφαῖς
3423 909 3595 963 ταῦτα
3623 910 3722 982 δη-

2131 999 2354 1055 λοῦσθαι
2374 1016 2386 1029 ’
2422 999 2564 1053 κατὰ
2595 999 2652 1052 δὲ
2674 998 2765 1052 τὸν
2795 999 3071 1053 Ματθαῖον
3107 1000 3365 1072 ζητηθείη
3396 1001 3482 1065 ἂν,
3511 1003 3716 1072 ὁμοίως

2131 1091 2189 1144 δὲ
2220 1091 2316 1144 καὶ
2345 1088 2486 1144 κατά
2511 1090 2608 1143 τὸν
2634 1091 2861 1162 Μάρκον
2878 1107 2891 1120 ·
2929 1092 3049 1144 κατ’
3075 1090 3234 1144 αὑτὸν
3260 1090 3369 1162 γάρ
3394 1091 3717 1162 ἀποκριθεὶς

2132 1183 2162 1235 ὁ
2201 1180 2408 1254 Ἰησοῦς
2449 1178 2570 1234 εἷπε
2617 1182 2731 1244 τοῖς
2769 1180 3179 1244 Σαδδουκαίοιςο
3223 1199 3242 1232 ‹
3293 1181 3368 1235 Οὐ
3413 1180 3501 1234 διὰ
3555 1181 3715 1234 τοῦτο

2133 1273 2406 1327 πλανᾶσθε
2444 1273 2518 1343 μὴ
2551 1271 2906 1340 γινώσκοντες
2931 1271 3032 1335 τάς
3055 1271 3298 1342 Γραφάς,
3337 1273 3472 1342 μηδὲ
3496 1272 3595 1341 τὴν
3619 1272 3711 1324 δύο

2134 1380 2297 1435 ναμιν
2331 1362 2427 1417 τοῦ
2465 1362 2635 1428 Θεοῦ;
2673 1364 2800 1416 ὅταν
2855 1362 2966 1433 γὰρ
3014 1364 3081 1421 ὲκ
3130 1353 3341 1432 νεκρῶν
3383 1363 3704 1424 ἀναστῶσιν,

2133 1454 2255 1509 οὔτε
2293 1453 2583 1525 γαμοῦσιν,
2622 1451 2746 1506 οὔτε
2783 1451 3162 1523 γαμίσκονται,
3209 1453 3321 1506 ἀλλ’
3363 1454 3499 1506 εἰσὶν
3540 1453 3615 1516 ὡς
3659 1453 3710 1507 οε

2134 1546 2352 1616 ἄγγελοι
2379 1546 2427 1598 οἰ
2469 1547 2526 1598 έν
2558 1547 2670 1607 τοῖς
2692 1544 2959 1616 οὐρανοῖς.
2997 1562 3016 1595 ι
3052 1544 3319 1608 Ἕκαστος
3355 1545 3451 1613 μὲν
3480 1538 3574 1596 οῦν
3602 1542 3708 1596 τῶν

2135 1637 2541 1708 ὲπιστησάντων
2564 1636 2628 1706 τῇ
2657 1634 2992 1704 έπαπορήσει
3025 1634 3180 1704 ήμῶν
3205 1631 3438 1705 ζητείτω
3469 1633 3577 1687 ἀπὸ
3603 1633 3709 1687 τῶν

2136 1727 2365 1799 Γραφῶν
2398 1725 2775 1798 παριστάμενα
2803 1725 2872 1783 τὰ
2905 1725 3008 1778 ὑπὸ
3037 1725 3132 1778 τοῦ
3167 1725 3418 1797 Σωτῆρος
3449 1724 3712 1796 εἰρημένα

455 1809 694 1864 ctionem
721 1807 920 1865 futuris
949 1811 1178 1881 probent
1207 1828 1270 1868 ac
1310 1813 1635 1869 conﬁrment
1663 1832 1676 1868 :
1709 1815 1835 1870 talia
1857 1823 2035 1869 autem

2141 1818 2267 1889 περὶ
2295 1815 2404 1869 τῶν
2433 1815 2570 1886 μετά
2595 1815 2695 1885 τὴν
2727 1815 3053 1871 ἀνάστασινο
3081 1817 3240 1886 ἡμεῖς
3270 1815 3327 1867 δὲ
3356 1814 3582 1869 τοιαῦτα
3609 1818 3710 1888 φή-

460 1916 563 1956 nos
591 1902 858 1971 dicemus,
887 1905 1000 1959 haec
1029 1919 1136 1959 non
1164 1905 1298 1974 ipsis
1327 1905 1544 1974 quidem
1590 1907 1772 1962 verbis
1792 1947 1808 1974 ,
1858 1921 2033 1976 neque

457 1995 538 2051 ita
573 2005 632 2050 ut
686 2011 716 2050 a
749 1997 1078 2068 quibuslibet
1105 1998 1435 2067 deprehendi
1464 2009 1518 2055 et
1559 2001 1763 2056 adverti
1806 2009 2030 2070 queant,

459 2088 555 2142 sed
609 2088 939 2158 tropologice
983 2089 1038 2144 in
1079 2087 1375 2158 Scripturis
1416 2091 1676 2145 contineri
1703 2091 1792 2146 δὴ
1842 2111 1860 2143 ι
1894 2091 2032 2149 Cum

457 2178 603 2232 enim
637 2179 887 2233 umbram
935 2179 1131 2234 habeat
1183 2180 1267 2234 lex
1315 2179 1622 2240 futurorum
1665 2183 1973 2248 bonorum,
2008 2201 2026 2235 ι

455 2279 512 2324 et
539 2271 800 2326 nonnulla
841 2272 907 2326 de
941 2272 1205 2328 uxoribus
1231 2282 1284 2328 et
1309 2274 1444 2329 viris
1490 2276 1828 2344 praeceperit,
1871 2284 1925 2330 et
1967 2275 2035 2330 de

459 2359 716 2430 legitimis
770 2361 979 2432 nuptiis
1025 2362 1382 2430 disseruerit;
1423 2373 1477 2418 et
1529 2365 1597 2419 de
1646 2366 1714 2420 iis
1762 2365 2034 2436 praecipue

459 2471 568 2511 non
595 2457 860 2527 loquitur,
885 2474 1006 2528 quae
1054 2474 1120 2515 ex
1172 2461 1529 2529 pra'sentibus
1577 2460 1756 2516 verbis
1810 2459 2034 2532 intelligi

457 2557 680 2619 queant,
716 2548 812 2605 sed
849 2549 920 2604 iis
943 2565 1064 2620 quae.
1114 2567 1279 2622 supra
1324 2566 1354 2605 a
1405 2553 1564 2608 nobis
1593 2561 2035 2608 commemoratae

458 2647 610 2704 sunt,
640 2653 764 2693 cum
789 2655 912 2708 quae
959 2640 1026 2697 ad
1071 2638 1427 2710 Sospitatoris
1473 2643 1690 2712 nuptias
1749 2643 1803 2698 in
1855 2641 2036 2698 l‘uturo

462 2729 664 2786 saeculo
697 2729 913 2786 futuras
957 2734 1249 2801 pertinent,
1293 2748 1720 2804 proponeremus
1747 2755 1758 2790 :
1791 2745 1850 2791 ut
1883 2745 2033 2807 puta,

469 2840 492 2878 ι
523 2823 796 2880 Abraham
835 2822 974 2882 duos
1004 2824 1145 2884 ﬁlios
1188 2826 1406 2892 habuit,
1439 2843 1607 2882 unum
1633 2829 1700 2883 de
1732 2828 1949 2894 ancilla,
1982 2837 2036 2885 et

464 2931 636 2970 unum
662 2916 730 2970 de
755 2915 926 2972 libera
955 2935 970 2983 ;
1001 2925 1054 2971 et
1080 2919 1173 2988 qui
1200 2919 1267 2974 de
1301 2920 1520 2986 ancilla,
1565 2920 1864 2976 secundum
1916 2936 2037 2976 car-

461 3021 584 3062 nem
617 3015 780 3063 natus
805 3016 925 3075 est;
953 3008 1046 3078 qui
1081 3017 1261 3063 autem
1291 3009 1358 3064 de
1379 3009 1571 3076 libera,
1596 3026 1692 3080 per
1717 3011 2037 3080 promissio-

463 3117 588 3155 nem
613 3101 660 3133 "
685 3119 700 3167 ;
732 3120 751 3153 ι
780 3115 888 3156 non
915 3102 1100 3156 sensili
1124 3117 1246 3157 cum
1275 3103 1440 3157 libera
1471 3105 1836 3172 matrimonio,
1863 3120 2039 3175 neque

468 3191 667 3245 habitae
697 3206 821 3246 cum
855 3191 1048 3246 ancilla
1083 3193 1463 3248 consuetudini
1495 3194 1624 3248 mihi
1652 3195 2038 3249 adhaerendum

465 3292 587 3349 est;
619 3283 734 3338 haec
789 3283 932 3337 enim
986 3283 1272 3353 allegorice
1320 3284 1464 3340 dicta
1517 3296 1662 3341 sunt.
1720 3286 1824 3341 Sed
1883 3294 1938 3340 et
1991 3287 2038 3341 si

472 3395 492 3430 ι
525 3384 746 3446 propter
777 3376 881 3431 hoc
929 3375 1196 3448 relinquet
1241 3377 1404 3433 homo
1449 3387 1656 3448 patrem
1700 3390 1754 3433 et
1807 3391 2036 3432 matrem

466 3481 649 3530 suam,
697 3473 752 3521 et
800 3465 1096 3520 adhaerebit
1142 3467 1299 3521 uxori
1355 3482 1500 3533 suae,
1543 3476 1595 3522 ct
1647 3477 1809 3522 erunt
1848 3466 1958 3521 duo
1984 3467 2039 3522 in

465 3573 633 3616 carne
663 3573 770 3612 una
791 3557 860 3622 ⁸⁸,
901 3576 920 3609 ι
955 3572 1065 3612 non
1097 3558 1210 3613 haec
1235 3558 1308 3613 ita
1341 3558 1684 3630 intelligenda
1711 3569 1857 3626 sunt,
1882 3558 2041 3629 quasi

467 3650 680 3706 nullum
725 3650 1045 3722 mysterium
1093 3650 1443 3719 signiﬁcent;
1486 3668 1505 3701 ι
1539 3651 1856 3721 mysterium
1893 3652 2038 3704 enim

468 3742 576 3797 hoc
601 3757 858 3813 magnum
887 3741 1053 3806 est",
1075 3760 1094 3794 ι
1129 3751 1202 3806 et,
1235 3749 1295 3796 ut
1323 3743 1398 3795 ait
1420 3740 1640 3806 Paulus,
1667 3742 1732 3795 ad
1761 3742 2038 3796 Christum

465 3841 518 3889 et
552 3833 948 3890 ad‘Ecclesiam
977 3833 1297 3905 pertinens:
1337 3848 1401 3889 ac
1429 3833 1590 3902 paulo
1633 3833 1883 3902 superius
1917 3849 2042 3888 cum

465 3925 642 3996 legem
691 3926 758 3979 de
805 3925 1030 3980 muliere
1075 3925 1177 3978 viri
1224 3925 1309 3980 sui
1351 3923 1591 3979 defuncti
1619 3922 1775 3985 fratri
1808 3923 2044 3981 nubente

469 4029 889 4083 exponeremus,
916 4014 1050 4085 legis
1078 4029 1296 4070 sensum
1327 4029 1427 4086 pro
1453 4014 1596 4068 virili
1620 4014 1799 4068 rimati
1826 4030 2037 4069 sumus.

472 4103 751 4160 Sexcenta:
781 4115 961 4159 autem
994 4105 1114 4160 aliae
1144 4105 1211 4159 de
1263 4105 1383 4158 viro
1429 4112 1486 4159 et
1532 4119 1702 4162 uxore
1743 4105 1886 4176 leges
1917 4121 2045 4176 pro-

471 4205 670 4265 stant;
721 4198 901 4267 qualis
933 4196 1023 4252 illa
1066 4207 1149 4253 est
1175 4197 1242 4252 de
1288 4197 1470 4251 libello
1508 4197 1718 4267 repudii
1746 4198 1792 4230 *'
1820 4215 1835 4264 ;
1867 4207 1921 4253 et
1952 4197 2044 4253 illa

470 4291 539 4344 de
567 4287 781 4344 duabus
810 4288 1153 4352 mulieribus,
1183 4288 1351 4364 826
1380 4301 1518 4356 quas
1546 4286 1710 4341 habet
1747 4303 1890 4343 unus
1940 4288 2044 4355 vir,

2141 1927 2324 1981 σομεν,
2350 1911 2430 1962 ὅτι
2455 1910 2770 1981 περιέχουσι
2787 1909 2962 1965 ταῦτα
2987 1912 3044 1964 αἱ
3069 1911 3282 1979 Γραφαὶ
3295 1911 3394 1964 οὐκ
3417 1910 3713 1977 αὐτολεξεί,

2138 2003 2246 2058 οὐδ’
2275 2003 2415 2057 ὥστε
2443 2006 2554 2066 τοῖς
2581 2002 2804 2074 τυχοῦσι
2832 2004 3111 2074 νοηθῆναι,
3139 2001 3250 2056 ἀλλ’
3279 2002 3336 2056 ὲν
3368 2002 3708 2073 τροπολογίᾳ·

2145 2115 2164 2148 ι
2203 2095 2368 2150 Σκιάν
2395 2094 2502 2167 γὰρ
2529 2093 2667 2165 ἔχων
2697 2095 2725 2146 ὁ
2757 2094 2919 2166 νόμος
2945 2093 3052 2148 τῶν
3088 2092 3388 2164 μελλόντων
3415 2091 3655 2160 ἀγαθῶν,
3689 2111 3708 2144 ι

2141 2187 2234 2246 καὶ
2255 2186 2622 2258 νομοθετήσας
2650 2185 2773 2238 τινὰ
2797 2187 2924 2256 περὶ
2947 2183 3222 2253 γυναικῶν
3250 2183 3344 2236 καὶ
3366 2183 3596 2254 ἀνδρῶν,
3623 2185 3717 2238 καὶ

2138 2273 2532 2346 διηγησάμενος
2557 2274 2768 2344 γάμους
2789 2273 3048 2338 δικαίους,
3075 2275 3135 2326 οὐ
3165 2273 3294 2345 περὶ
3315 2272 3522 2326 τούτων
3549 2290 3715 2343 προη-

2139 2367 2420 2439 γουμένως
2451 2366 2660 2435 λέγειά
2697 2369 2762 2420 ἐκ
2793 2366 2895 2436 τῆς
2923 2366 3216 2437 προχείρου
3255 2365 3455 2429 λέξεως
3499 2365 3716 2419 ὲκλάὸοι

2140 2477 2223 2524 τις
2267 2459 2360 2524 ἂν,
2395 2458 2532 2512 ἀλλά
2574 2459 2701 2529 περὶ
2752 2450 2825 2512 ὧν
2874 2458 2966 2512 καὶ
3008 2459 3169 2528 ἡμεῖς
3222 2459 3712 2532 προαπεφήναμεν,

2141 2549 2509 2621 παραθέμενοι
2537 2548 2606 2603 τὰ
2631 2550 2761 2621 περὶ
2786 2547 2881 2603 τοῦ
2911 2549 3090 2620 γάμου
3115 2549 3209 2603 τοῦ
3241 2550 3496 2621 Σωτῆρος
3529 2549 3717 2621 ἐσομέ-

2141 2660 2234 2698 νου
2266 2643 2323 2696 ὲν
2353 2641 2432 2711 τῷ
2468 2641 2712 2712 μέλλοντι
2743 2642 2898 2694 αἰῶνι
2917 2660 2929 2670 ·
2955 2636 3086 2705 οἷον,
3118 2660 3138 2691 ι
3185 2640 3435 2712 Ἀϐρααμ
3457 2641 3550 2694 δύο
3571 2642 3718 2704 υἱοὺς

2141 2731 2317 2805 ἔσχεν,
2345 2731 2440 2784 ἕνα
2473 2733 2538 2785 ὲκ
2567 2731 2664 2801 τῆς
2695 2730 3006 2800 παιδίσκης,
3041 2731 3136 2784 καὶ
3167 2730 3263 2784 ἕνα
3291 2731 3356 2784 ὲκ
3381 2731 3479 2801 τῆς
3507 2729 3720 2783 ἐλευθέ-

2145 2840 2275 2896 ρας·
2309 2823 2454 2877 καὶὸ
2478 2823 2575 2894 μὲν
2615 2823 2679 2875 ὲκ
2708 2823 2807 2893 τῆς
2840 2822 3129 2892 παιδίσκης
3171 2820 3315 2875 κατὰ
3352 2821 3530 2893 σάρκα
3563 2819 3722 2888 γεγέ-

2141 2931 2327 2987 νηται’
2354 2917 2382 2968 ὁ
2405 2913 2461 2968 δὲ
2492 2914 2558 2966 ὲκ
2584 2913 2683 2984 τῆς
2706 2913 2997 2984 ἐλευθέρας
3035 2911 3124 2966 διὰ
3154 2914 3255 2983 τῆς
3281 2911 3609 2980 ἐπαγγελίας
3627 2926 3640 2939 ·
3686 2927 3708 2959 ι

2142 3007 2203 3062 οὐ
2229 3008 2443 3069 πάντως
2466 3005 2657 3075 στῆναί
2693 3022 2760 3076 με
2784 3005 2866 3058 δεῖ
2890 3004 2982 3056 ἐπὶ
3006 3001 3100 3058 τοῦ
3130 3002 3382 3074 αἰσθητοῦ
3409 3002 3579 3070 γάμου
3607 3000 3707 3068 τῆς

2143 3095 2451 3166 ἐλευθέρας,
2486 3095 2576 3148 καί
2623 3094 2721 3166 τῆς
2749 3093 2885 3163 πρὸς
2915 3091 3013 3163 τὴν
3063 3091 3345 3161 παιδίσκην
3389 3086 3703 3148 κοινωνίαςο

2065 3165 2109 3222 C
2141 3188 2312 3242 ταῦτα
2338 3165 2450 3259 γάρ
2481 3189 2628 3240 ἐστιν
2663 3165 3126 3257 ἀλληγορούμενα.
3165 3181 3294 3234 Ἀλλ’
3323 3181 3379 3259 εἰ,
3405 3179 3500 3233 καὶ⁸
3535 3197 3554 3228 ι
3586 3177 3712 3230 ἓνε-

2141 3296 2236 3333 κεν
2261 3277 2449 3332 τούτου
2476 3276 2794 3346 καταλείψει
2831 3275 3116 3346 ἄνθρωπος
3143 3273 3234 3327 τὸν
3260 3255 3469 3342 πατέρα
3495 3268 3593 3323 καὶ
3618 3267 3718 3337 τὴν

2145 3370 2356 3442 μητέρα
2383 3368 2569 3432 αὑτοῦ,
2611 3369 2706 3422 καὶ
2745 3366 3280 3439 προσκολληθήσεται
3312 3362 3447 3433 πρὸς
3482 3365 3581 3436 τὴν
3617 3375 3718 3428 γυ-

2144 3469 2303 3520 ναῖκα
2331 3460 2516 3526 αὐτοῦ,
2559 3462 2651 3515 καὶ
2697 3460 2910 3513 ἔσονται
2956 3460 3006 3513 οἱ
3047 3458 3142 3512 δύο
3180 3458 3259 3520 εἰς
3298 3456 3476 3527 σάρκα
3516 3453 3660 3524 μίαν,
3697 3470 3719 3502 ι

2141 3557 2240 3626 οὐχ
2260 3554 2434 3617 οὕτως
2461 3550 2753 3606 ἀκουστέον
2781 3548 2874 3603 τοῦ
2896 3547 3212 3618 λεγομένου,
3237 3545 3314 3608 ὡς
3343 3543 3493 3596 οὐδὲν
3521 3541 3723 3612 μυστή-

2145 3664 2258 3719 ριον
2303 3644 2618 3715 δηλοῦντος·
2669 3659 2690 3692 ι
2746 3639 2808 3693 τὸ
2858 3637 2967 3710 γάρ
3027 3639 3323 3709 μυστήριον
3373 3632 3532 3688 τοῦτο
3586 3630 3720 3702 μέγα

2143 3739 2284 3802 ἐστὶ,
2329 3757 2350 3790 ι
2379 3735 2492 3800 καὶ,
2540 3734 2615 3796 ὡς
2647 3730 2858 3792 Παῦλός
2904 3744 3091 3799 φησιν,
3132 3727 3212 3789 είς
3244 3724 3484 3796 Χριστὸν
3522 3721 3614 3775 καὶ
3645 3723 3721 3785 εἰς

2142 3832 2241 3903 τὴν
2294 3826 2617 3898 Ἐκκλησίαν
2656 3823 3092 3896 ἀναφερόμενον·
3125 3818 3221 3873 καὶ
3254 3817 3363 3888 πρὸ
3405 3813 3632 3886 βραχέος
3663 3810 3720 3903 δέ

2145 3899 2429 3992 ἐκθέμενοι
2457 3918 2548 3971 τὸν
2577 3916 2706 3987 περὶ
2742 3915 2841 3985 τῆς
2881 3911 3236 3983 γαμουμένης
3265 3907 3344 3978 τῷ
3380 3903 3594 3974 ἀδελφῷ
3630 3899 3721 3955 τοῦ

2144 4011 2602 4083 τετελευτηκότος.
2620 4007 2810 4080 ἀνδρὸς
2835 4007 3029 4075 αὐτῆς,
3062 4004 3138 4066 ῶς
3168 4000 3505 4073 ἐδυνήθημεν
3532 3996 3720 4066 ἐξητά-

2149 4123 2321 4178 σαμεν
2353 4104 2416 4158 τὸ
2448 4101 2694 4174 βούλημα
2721 4098 2815 4153 τοῦ
2848 4097 3035 4169 νόμου.
3073 4095 3195 4149 Εἰσὶ
3220 4093 3279 4147 δὲ
3319 4093 3414 4148 καὶ
3447 4091 3595 4178 ἄλλοι
3629 4105 3722 4178 μυ-

2151 4176 2252 4267 ρίοι
2285 4194 2413 4264 περὶ
2440 4191 2696 4262 γυναικὸς
2718 4188 2814 4242 καὶ
2836 4185 3029 4257 ἀνδρὸς
3055 4185 3230 4254 νόμοι,
3259 4182 3334 4246 ὡς
3365 4180 3493 4251 περὶ
3519 4177 3611 4232 τοῦ
3641 4176 3720 4267 βι-

2149 4266 2297 4339 ϐλίου
2339 4280 2434 4336 τοῦ
2486 4278 2841 4342 ἀποστασίου,
2876 4275 2970 4329 καὶ
3012 4274 3142 4345 περὶ
3187 4272 3296 4325 τῶν
3329 4269 3422 4324 δύο
3453 4266 3720 4338 γυναικῶν

471 4396 708 4451 quarum
735 4380 981 4451 diligitur
1014 4380 1206 4445 altera,
1244 4361 1413 4433 altera
1454 4379 1580 4433 odio
1616 4379 1849 4435 habetur
1871 4382 1916 4417 *9
1945 4401 1957 4436 :
1994 4395 2035 4437 el

2149 4379 2229 4433 ἐνὶ
2264 4375 2417 4447 ἀνδρὶ
2451 4371 2772 4443 γινομένων,
2818 4369 2947 4438 μιᾶς
2982 4365 3079 4436 μὲν
3113 4361 3507 4432 ἀγαπωμένης,
3537 4358 3722 4451 ἐτέρας

473 4447 565 4528 illa
598 4488 817 4543 quoque
840 4447 914 4528 de
943 4471 1153 4542 captiva
1185 4487 1307 4541 quae
1370 4471 1419 4526 ei
1455 4471 1610 4526 nubit
1655 4487 1684 4525 a
1727 4486 1838 4542 quo
1886 4471 2035 4529 fuerit

2151 4471 2208 4524 δὲ
2245 4467 2596 4540 μισουμένης,
2643 4462 2738 4515 καὶ
2771 4459 2900 4532 περὶ
2933 4459 3031 4529 τῆς
3066 4453 3419 4576 γαμουμΐέης
3453 4447 3724 4576 αἱχμὶαὶὼ-

2326 4559 2351 4572 ..
2435 4559 2448 4576 .
2496 4558 2522 4576 «ν
2551 4575 2559 4576 ,
2591 4553 2863 4576 t_-__n._._.
2922 4548 3273 4576 -._..-.,..i....-
3391 4562 3488 4576 ..-...
3548 4561 3578 4576 ...
3663 4539 3721 4576 .1-

471 4541 677 4634 amata,
709 4541 863 4621 nubit
894 4541 1076 4619 autem
1109 4572 1398 4634 postquam
1436 4578 1561 4617 rasa
1594 4571 1698 4631 est,
1737 4541 1793 4620 et
1830 4567 2035 4637 lugubri

2152 4580 2245 4617 του
2283 4559 2362 4631 τῷ
2392 4558 2560 4628 αὐτῆς
2588 4553 2889 4628 ἐρασθέντι,
2922 4548 3273 4621 γαμουμένης
3302 4546 3361 4599 δὲ
3389 4544 3526 4637 μετά
3548 4543 3609 4596 τὸ
3634 4541 3721 4637 ξύτ

474 4631 672 4716 Ornatu
704 4668 911 4729 patrem
942 4631 1181 4712 suum-et
1214 4631 1442 4709 matrem
1475 4654 1612 4710 luxit
1639 4671 1703 4713 ac
1729 4631 2003 4714 deﬂevit”
2031 4677 2035 4724 ς

2157 4654 2373 4730 ρασθαι,
2413 4650 2507 4707 καὶ
2540 4651 2597 4701 ὲν
2648 4645 2921 4706 πενθικοῖς
2968 4641 3201 4696 κλαῦσαι
3246 4638 3337 4691 τὸν
3380 4635 3590 4706 πατέρα
3634 4631 3722 4685 καὶ

475 4725 719 4828 (ιιιιιι-ιιηι
735 4751 910 4822 legum
936 4763 1275 4820 unaquaeque
1297 4757 1549 4804 sanctum
1577 4749 1780 4820 aliquid
1808 4765 1871 4805 ac
1910 4749 2035 4804 divi-

2155 4725 2254 4819 ¹τήν
2295 4743 2502 4818 μητέρα
2541 4740 2741 4810 αὐτῆς·
2783 4730 2858 4792 ὧν
2887 4735 3116 4796 ἕκαστος
3140 4731 3200 4784 τὸ
3239 4725 3721 4828 σεμνὸν-κα)...θείον

475 4815 607 4902 uuln
652 4843 706 4896 in
752 4857 878 4897 vera
917 4841 1216 4912 tropologia
1245 4840 1505 4908 continet,
1537 4849 1829 4912 postquam
1881 4840 2035 4895 semei

2156 4815 2268 4910 ἔχει
2297 4815 2364 4890 ἐν
2402 4815 2468 4906 τῇ
2500 4828 2865 4912 εὑρισκομένῃ
2907 4824 3131 4898 ἀληθινῇ
3167 4819 3514 4893 τροπολογία.
3547 4815 3617 4871 Et
3645 4829 3724 4876 τις

1674 4951 1903 5008 VETUS
1938 4945 2524 5006 INTERPRETATIO.

477 5051 618 5110 duos
649 5046 787 5101 lilios
819 5047 1026 5110 habuit,
1063 5063 1232 5104 unum
1261 5063 1326 5104 ex
1358 5046 1576 5110 ancilla,
1604 5046 1835 5100 alterum
1862 5059 1927 5098 ex
1963 5044 2129 5100 libera
2157 5063 2172 5111 ;
2201 5053 2254 5099 et
2299 5042 2392 5111 qui
2438 5055 2505 5095 ex
2549 5036 2769 5098 ancilla,
2799 5031 3360 5112 secundum_carnem
3393 5031 3556 5078 natus
3599 5030 3720 5102 est;

484 5120 570 5143 --ηε
608 5129 786 5143 mum.“
827 5117 889 5143 ,ιιι
920 5119 1080 5143 In”.--
1141 5119 1436 5143 -....-...A.....
1468 5115 1889 5143 ..-Λ-,ηιηηζηηηηιι
1947 5135 1970 5143 -
2013 5132 2117 5143 ηρ...
2153 5113 2374 5143 Λ-ιιηίηη
2426 5116 2637 5143 annum!
2689 5121 2776 5143 mn
2827 5112 2973 5143 clam.
3025 5116 3076 5143 In
3116 5097 3394 5143 intellectu
3425 5092 3720 5143 carnalium

479 5097 786 5190 ξίῐιῐήίιῖέίιῖ
819 5097 1912 5190 ᾆξίἷῡὲι-ἆξξεὲἒυῆἱιιῖἦιᾞὶςόἠῖίέςξῂσήέτή,
1947 5097 2374 5190 φίῖιδιῖὸιίιὴίῇρ
2426 5116 2641 5190 oportet
2689 5097 2778 5159 me
2827 5097 3722 5190 starejnuintlellnec'tztt

480 5163 796 5259 nuptiarum
834 5163 1360 5255 iibe.5«é'éi’£ﬁéiii;£,
1391 5163 1486 5243 sed
1513 5188 1628 5240 haec
1654 5186 1758 5242 alia
1801 5163 2110 5254 significant
2155 5201 2220 5239 ex
2269 5183 2414 5238 aliis.
2453 5163 2518 5237 Et
2565 5179 2762 5234 iterum
2783 5194 2806 5256 ,ε
2856 5190 2874 5223 ι
2905 5171 3130 5238 Propter
3181 5165 3539 5246 hoc.li_nquet
3565 5163 3724 5214 homo

480 5279 506 5282 __
554 5270 685 5282 ,μμ
720 5269 763 5282 η.
802 5269 1026 5282 -..-.....-..
1090 5269 1132 5282 Α.
1168 5260 1421 5282 :----_...._
1451 5258 1604 5282 .._..._:
1664 5267 1710 5282 η.
1745 5265 1897 5282 η-..ηι
1935 5257 2039 5282 ,ιηλ
2084 5256 2134 5282 ς..
2188 5267 2350 5282 ,νηηυι
2403 5265 2508 5282 ...ιη
2567 5267 2583 5282 .
2624 5262 2731 5282 nnn
2783 5255 2854 5282 nn
2908 5241 3169 5282 dnhpmne
3219 5245 3534 5282 nxtsllmarc
3585 5230 3723 5282 συοά

480 5241 688 5330 ᾖξΜώ
717 5269 768 5312 et
801 5241 1629 5330 matrem,et‘jungct'ur'uxori,
1658 5241 1714 5310 et
1743 5241 1904 5309 erunt
1933 5257 2041 5330 duo
2063 5256 2134 5330 _iu
2186 5267 2351 5330 carne
2403 5265 2532 5314 una,
2567 5267 2583 5297 ι
2624 5262 2733 5330 non
2783 5241 3690 5330 ita"debemus“Ei‘igliflgtg‘ﬂg

730 5330 888 5399 quasi
921 5301 1128 5383 nullum
1162 5301 1481 5398 :nysbterium
1511 5301 1911 5399 demonstretur
1941 5326 2128 5399 inieis,
2159 5323 2418 5394 quoniam
2461 5339 2478 5371 ι
2512 5301 2830 5399 ξιιγειειτὶιιιιι

1159 5373 1592 5453 αἰῗξιυιῖίίιίιέηιόοἶι
1618 5397 1684 5450 de
1713 5373 1918 5465 nuptiis
1944 5373 2144 5464 scripta
2215 5403 2267 5465 et
2291 5373 2667 5465 unusquisque
2691 5387 2843 5465 Iuncus.
2863 5389 3080 5465 castum.
3101 5373 3724 5465 etdirilntt‘tu

481 5451 1435 5532 eolﬁiuel‘i—ulellecllini,secutulqu
1464 5451 1860 5540 expositionem
1894 5451 2176 5540 muralem.
2207 5451 2530 5540 Quicunque
2566 5451 2696 5537 ergo
2727 5451 3295 5540 ξενίρξξιΑΓξιΘ-ἰξξξίιιενιξι

481 5520 1610 5612 et‘iiiliilampli‘us
1642 5537 1918 5597 existimat
1945 5520 2312 5591 demonstrari
2344 5533 2398 5586 in
2432 5520 2533 5591 eis,
2570 5520 2674 5582 nisi
2723 5520 2997 5592 simplices
3052 5520 3310 5587 nuptias,
3355 5520 3505 5567 errat
3552 5527 3608 5564 Ill
3650 5523 3726 5563 eis

1118 5705 1162 5736 ⁸³
1195 5703 1360 5756 Marc.
1397 5719 1494 5764 xtl,
1525 5701 1616 5761 21.
1658 5702 1748 5756 25.
1852 5700 1898 5734 δ*
1925 5699 2035 5752 lleb

2137 5713 2164 5763 ι,
2197 5696 2246 5749 l.
2326 5694 2369 5725 ³⁵
2404 5691 2523 5764 (Τιτιίῗ
2557 5687 2873 5764 ινέὶὲζὲὄ.
2959 5682 3002 5715 ³ο
3034 5681 3170 5736 Gen.
3221 5695 3278 5746 ιι,
3301 5676 3372 5732 9-4
3399 5693 3414 5744 ;
3444 5673 3646 5749 Ephes.
3675 5688 3730 5742 ν,

583 5704 628 5738 ⁸³
659 5704 788 5758 ιλιιο.
819 5723 908 5771 xx,
935 5705 1026 5759 54.
1118 5705 1162 5736 ⁸³
1195 5704 1360 5756 Marc.
1397 5719 1494 5774 xit,
1525 5704 1616 5774 Ἡ,
1646 5704 1748 5774 25.
1852 5704 1898 5734 “
1925 5704 2035 5752 lleb

2137 5713 2164 5763 ις
2197 5704 2246 5749 ι·
2326 5704 2369 5725 δι’
2404 5704 2526 5774 uel;
2557 5704 2769 5774 ιϊνσιεν..

1568 5759 1613 5804 ⁸⁵
1641 5773 1860 5830 Deuler.
1898 5787 2012 5834 XXI,
2048 5759 2161 5824 15.’
2209 5764 2429 5827 “ibid”
2473 5763 2559 5835 ll,
2589 5762 2670 5825 12,
2712 5759 2791 5813 1⁵5.

481 5775 573 5838 Si.
651 5775 692 5806 ‘7
729 5777 860 5830 ibid.
938 5775 1203 5829 “Denter.
1232 5789 1377 5839 xxiv,
1419 5772 1469 5825 5.
