  <div class='ocr_page' id='page_1' title='image "/cluster/home/n/w/nwhite01/storage/ocr_20150623/13/mdp.39015007036059/800.png"; bbox 0 0 4074 6300; ppageno 0'>
   <div class='ocr_carea' id='block_1_1' title="bbox 382 400 524 459">
    <p class='ocr_par' dir='ltr' id='par_1_1' title="bbox 382 400 524 459">
     <span class='ocr_line' id='line_1_1' title="bbox 382 400 524 459; baseline 0.028 -4"><span class='ocrx_word' id='word_1_1' title='bbox 382 400 408 455; x_wconf 73' lang='grc'><strong>1</strong></span> <span class='ocrx_word' id='word_1_2' title='bbox 419 401 524 459; x_wconf 73' lang='lat'><strong>593</strong></span> 
     </span>
    </p>
   </div>
   <div class='ocr_carea' id='block_1_2' title="bbox 1293 385 2679 454">
    <p class='ocr_par' dir='ltr' id='par_1_2' title="bbox 1293 385 2679 454">
     <span class='ocr_line' id='line_1_2' title="bbox 1293 385 2679 454; baseline -0.008 0"><span class='ocrx_word' id='word_1_3' title='bbox 1293 397 1643 454; x_wconf 77' lang='lat' dir='ltr'><strong>COMMENT.</strong></span> <span class='ocrx_word' id='word_1_4' title='bbox 1683 394 1749 451; x_wconf 79' lang='lat' dir='ltr'><strong>1N</strong></span> <span class='ocrx_word' id='word_1_5' title='bbox 1790 390 2204 450; x_wconf 60' lang='lat' dir='ltr'><strong>MATTHIEUM</strong></span> <span class='ocrx_word' id='word_1_6' title='bbox 2244 386 2481 445; x_wconf 82' lang='lat' dir='ltr'><strong>TOMUS</strong></span> <span class='ocrx_word' id='word_1_7' title='bbox 2520 385 2679 443; x_wconf 78' lang='lat' dir='ltr'><strong>XVII.</strong></span> 
     </span>
    </p>
   </div>
   <div class='ocr_carea' id='block_1_3' title="bbox 3483 375 3620 433">
    <p class='ocr_par' dir='ltr' id='par_1_3' title="bbox 3483 375 3620 433">
     <span class='ocr_line' id='line_1_3' title="bbox 3483 375 3620 433; baseline 0 -1"><span class='ocrx_word' id='word_1_8' title='bbox 3483 375 3620 433; x_wconf 66' lang='lat'><strong>1594</strong></span> 
     </span>
    </p>
   </div>
   <div class='ocr_carea' id='block_1_4' title="bbox 383 494 1951 589">
    <p class='ocr_par' dir='ltr' id='par_1_4' title="bbox 383 514 1951 589">
     <span class='ocr_line' id='line_1_4' title="bbox 383 514 1951 589; baseline -0.004 -15"><span class='ocrx_word' id='word_1_9' title='bbox 383 514 496 586; x_wconf 78' lang='grc' dir='ltr'>οῦν,</span> <span class='ocrx_word' id='word_1_10' title='bbox 545 517 935 588; x_wconf 80' lang='grc' dir='ltr'><strong>ἀναγινώσκων</strong></span> <span class='ocrx_word' id='word_1_11' title='bbox 981 517 1073 571; x_wconf 84' lang='grc' dir='ltr'>τὸν</span> <span class='ocrx_word' id='word_1_12' title='bbox 1113 517 1298 588; x_wconf 93' lang='grc' dir='ltr'>νόμον,</span> <span class='ocrx_word' id='word_1_13' title='bbox 1347 519 1441 572; x_wconf 77' lang='grc' dir='ltr'>καὶ</span> <span class='ocrx_word' id='word_1_14' title='bbox 1482 521 1550 572; x_wconf 76' lang='grc' dir='ltr'><strong>τὰ</strong></span> <span class='ocrx_word' id='word_1_15' title='bbox 1592 518 1720 589; x_wconf 74' lang='grc' dir='ltr'>περὶ</span> <span class='ocrx_word' id='word_1_16' title='bbox 1765 516 1951 586; x_wconf 54' lang='grc' dir='ltr'>γάμων</span> 
     </span>
    </p>
   </div>
   <div class='ocr_carea' id='block_1_5' title="bbox 2054 494 3623 589">
    <p class='ocr_par' dir='ltr' id='par_1_5' title="bbox 2061 494 3623 581">
     <span class='ocr_line' id='line_1_5' title="bbox 2061 494 3623 581; baseline -0.013 -15"><span class='ocrx_word' id='word_1_17' title='bbox 2061 519 2273 581; x_wconf 84' lang='lat' dir='ltr'><strong>reperta</strong></span> <span class='ocrx_word' id='word_1_18' title='bbox 2306 519 2407 564; x_wconf 91' lang='lat' dir='ltr'><strong>est.</strong></span> <span class='ocrx_word' id='word_1_19' title='bbox 2442 508 2498 562; x_wconf 83' lang='lat' dir='ltr'><strong>Si</strong></span> <span class='ocrx_word' id='word_1_20' title='bbox 2523 505 2646 575; x_wconf 89' lang='lat' dir='ltr'><strong>quis</strong></span> <span class='ocrx_word' id='word_1_21' title='bbox 2670 515 2800 574; x_wconf 91' lang='lat' dir='ltr'><strong>ergo</strong></span> <span class='ocrx_word' id='word_1_22' title='bbox 2832 500 3003 570; x_wconf 83' lang='lat' dir='ltr'><strong>legem</strong></span> <span class='ocrx_word' id='word_1_23' title='bbox 3027 495 3303 561; x_wconf 79' lang='lat' dir='ltr'><strong>evolvens,</strong></span> <span class='ocrx_word' id='word_1_24' title='bbox 3333 500 3388 549; x_wconf 91' lang='lat' dir='ltr'><strong>et</strong></span> <span class='ocrx_word' id='word_1_25' title='bbox 3412 507 3534 562; x_wconf 67' lang='lat' dir='ltr'><strong>qua!</strong></span> <span class='ocrx_word' id='word_1_26' title='bbox 3554 494 3623 546; x_wconf 84' lang='lat' dir='ltr'><strong>de</strong></span> 
     </span>
    </p>
   </div>
   <div class='ocr_carea' id='block_1_6' title="bbox 385 607 1953 681">
    <p class='ocr_par' dir='ltr' id='par_1_6' title="bbox 385 607 1953 681">
     <span class='ocr_line' id='line_1_6' title="bbox 385 607 1953 681; baseline -0.003 -17"><span class='ocrx_word' id='word_1_27' title='bbox 385 609 656 680; x_wconf 79' lang='grc' dir='ltr'>γυναικῶν</span> <span class='ocrx_word' id='word_1_28' title='bbox 700 611 792 664; x_wconf 79' lang='grc' dir='ltr'><strong>καὶ</strong></span> <span class='ocrx_word' id='word_1_29' title='bbox 836 609 1046 680; x_wconf 82' lang='grc' dir='ltr'>ἀνδρῶν</span> <span class='ocrx_word' id='word_1_30' title='bbox 1097 609 1520 681; x_wconf 75' lang='grc' dir='ltr'><strong>διεξερχόμενος,</strong></span> <span class='ocrx_word' id='word_1_31' title='bbox 1568 608 1734 663; x_wconf 79' lang='grc' dir='ltr'>οἴεται</span> <span class='ocrx_word' id='word_1_32' title='bbox 1789 607 1953 679; x_wconf 67' lang='grc' dir='ltr'>μηδὲν</span> 
     </span>
    </p>
   </div>
   <div class='ocr_carea' id='block_1_7' title="bbox 383 697 1954 773">
    <p class='ocr_par' dir='ltr' id='par_1_7' title="bbox 383 697 1954 773">
     <span class='ocr_line' id='line_1_7' title="bbox 383 697 1954 773; baseline -0.003 -18"><span class='ocrx_word' id='word_1_33' title='bbox 383 703 546 756; x_wconf 84' lang='grc' dir='ltr'><strong>πλέον</strong></span> <span class='ocrx_word' id='word_1_34' title='bbox 584 703 692 756; x_wconf 88' lang='grc' dir='ltr'><strong>τῶν</strong></span> <span class='ocrx_word' id='word_1_35' title='bbox 731 700 836 754; x_wconf 85' lang='grc' dir='ltr'><strong>ὑπὸ</strong></span> <span class='ocrx_word' id='word_1_36' title='bbox 863 700 955 755; x_wconf 87' lang='grc' dir='ltr'><strong>τοῦ</strong></span> <span class='ocrx_word' id='word_1_37' title='bbox 987 702 1313 773; x_wconf 81' lang='grc' dir='ltr'><strong>γράμματος</strong></span> <span class='ocrx_word' id='word_1_38' title='bbox 1339 699 1752 772; x_wconf 82' lang='grc' dir='ltr'><strong>σημαινομένων</strong></span> <span class='ocrx_word' id='word_1_39' title='bbox 1773 697 1954 770; x_wconf 85' lang='grc' dir='ltr'>δηλοῦ-</span> 
     </span>
    </p>
   </div>
   <div class='ocr_carea' id='block_1_8' title="bbox 382 789 1953 865">
    <p class='ocr_par' dir='ltr' id='par_1_8' title="bbox 382 789 1953 865">
     <span class='ocr_line' id='line_1_8' title="bbox 382 789 1953 865; baseline -0.001 -21"><span class='ocrx_word' id='word_1_40' title='bbox 382 793 526 858; x_wconf 83' lang='grc' dir='ltr'><strong>σθαι,</strong></span> <span class='ocrx_word' id='word_1_41' title='bbox 561 810 581 845; x_wconf 75' lang='lat' dir='ltr'><strong>r</strong></span> <span class='ocrx_word' id='word_1_42' title='bbox 616 793 881 846; x_wconf 83' lang='grc' dir='ltr'>πλανᾶται</span> <span class='ocrx_word' id='word_1_43' title='bbox 911 791 985 865; x_wconf 77' lang='grc' dir='ltr'>μὴ</span> <span class='ocrx_word' id='word_1_44' title='bbox 1011 791 1165 856; x_wconf 75' lang='grc' dir='ltr'>εἰδὼς</span> <span class='ocrx_word' id='word_1_45' title='bbox 1186 791 1286 856; x_wconf 83' lang='grc' dir='ltr'>τὰς</span> <span class='ocrx_word' id='word_1_46' title='bbox 1302 791 1544 864; x_wconf 80' lang='grc' dir='ltr'>Γραφὰς,</span> <span class='ocrx_word' id='word_1_47' title='bbox 1574 792 1708 863; x_wconf 85' lang='grc' dir='ltr'>μηδὲ</span> <span class='ocrx_word' id='word_1_48' title='bbox 1737 790 1836 863; x_wconf 82' lang='grc' dir='ltr'>τὴν</span> <span class='ocrx_word' id='word_1_49' title='bbox 1863 789 1953 844; x_wconf 88' lang='grc' dir='ltr'><strong>δύ-</strong></span> 
     </span>
    </p>
   </div>
   <div class='ocr_carea' id='block_1_9' title="bbox 381 879 1264 950">
    <p class='ocr_par' dir='ltr' id='par_1_9' title="bbox 381 879 1264 950">
     <span class='ocr_line' id='line_1_9' title="bbox 381 879 1264 950; baseline 0.003 -17"><span class='ocrx_word' id='word_1_50' title='bbox 381 896 542 950; x_wconf 91' lang='grc' dir='ltr'>ναμιν</span> <span class='ocrx_word' id='word_1_51' title='bbox 568 879 663 933; x_wconf 90' lang='grc' dir='ltr'>τοῦ</span> <span class='ocrx_word' id='word_1_52' title='bbox 694 880 856 937; x_wconf 89' lang='grc' dir='ltr'>Θεοῦ.</span> <span class='ocrx_word' id='word_1_53' title='bbox 885 901 905 935; x_wconf 71' lang='grc' dir='ltr'><strong>ι</strong></span> <span class='ocrx_word' id='word_1_54' title='bbox 1261 924 1264 926; x_wconf 45' lang='grc' dir='ltr'>ν</span> 
     </span>
    </p>
   </div>
   <div class='ocr_carea' id='block_1_10' title="bbox 449 967 1952 1043">
    <p class='ocr_par' dir='ltr' id='par_1_10' title="bbox 449 967 1952 1043">
     <span class='ocr_line' id='line_1_10' title="bbox 449 967 1952 1043; baseline -0.001 -19"><span class='ocrx_word' id='word_1_55' title='bbox 449 973 688 1043; x_wconf 79' lang='grc' dir='ltr'>Ζητήσαι</span> <span class='ocrx_word' id='word_1_56' title='bbox 725 973 771 1027; x_wconf 86' lang='grc' dir='ltr'><strong>δ’</strong></span> <span class='ocrx_word' id='word_1_57' title='bbox 805 973 870 1028; x_wconf 82' lang='grc' dir='ltr'>ἄν</span> <span class='ocrx_word' id='word_1_58' title='bbox 901 990 986 1037; x_wconf 87' lang='grc' dir='ltr'><strong>τις</strong></span> <span class='ocrx_word' id='word_1_59' title='bbox 1019 973 1088 1039; x_wconf 85' lang='grc' dir='ltr'>εἳ,</span> <span class='ocrx_word' id='word_1_60' title='bbox 1126 992 1144 1025; x_wconf 87' lang='grc'><strong>‹</strong></span> <span class='ocrx_word' id='word_1_61' title='bbox 1192 971 1474 1028; x_wconf 81' lang='grc' dir='ltr'><strong>Πλανᾶσθε</strong></span> <span class='ocrx_word' id='word_1_62' title='bbox 1518 971 1593 1043; x_wconf 82' lang='grc' dir='ltr'>μὴ</span> <span class='ocrx_word' id='word_1_63' title='bbox 1621 971 1819 1034; x_wconf 74' lang='grc' dir='ltr'>εἰδότες</span> <span class='ocrx_word' id='word_1_64' title='bbox 1853 967 1952 1032; x_wconf 83' lang='grc' dir='ltr'><strong>τὰς</strong></span> 
     </span>
    </p>
   </div>
   <div class='ocr_carea' id='block_1_11' title="bbox 379 1060 1954 1134">
    <p class='ocr_par' dir='ltr' id='par_1_11' title="bbox 379 1060 1954 1134">
     <span class='ocr_line' id='line_1_11' title="bbox 379 1060 1954 1134; baseline -0.002 -19"><span class='ocrx_word' id='word_1_65' title='bbox 379 1063 622 1134; x_wconf 71' lang='grc' dir='ltr'>Γραφάς,</span> <span class='ocrx_word' id='word_1_66' title='bbox 664 1084 681 1115; x_wconf 74' lang='grc' dir='ltr'><strong>ν</strong></span> <span class='ocrx_word' id='word_1_67' title='bbox 725 1063 1016 1134; x_wconf 86' lang='grc' dir='ltr'>λεγόμενον</span> <span class='ocrx_word' id='word_1_68' title='bbox 1045 1065 1157 1125; x_wconf 81' lang='grc' dir='ltr'>τοῖς</span> <span class='ocrx_word' id='word_1_69' title='bbox 1189 1062 1584 1125; x_wconf 78' lang='grc' dir='ltr'><strong>Σαδδουκαίοις,</strong></span> <span class='ocrx_word' id='word_1_70' title='bbox 1621 1060 1696 1132; x_wconf 79' lang='grc' dir='ltr'>μὴ</span> <span class='ocrx_word' id='word_1_71' title='bbox 1733 1076 1954 1131; x_wconf 81' lang='grc' dir='ltr'>προσιε-</span> 
     </span>
    </p>
   </div>
   <div class='ocr_carea' id='block_1_12' title="bbox 381 1150 1951 1227">
    <p class='ocr_par' dir='ltr' id='par_1_12' title="bbox 381 1150 1951 1227">
     <span class='ocr_line' id='line_1_12' title="bbox 381 1150 1951 1227; baseline -0.001 -22"><span class='ocrx_word' id='word_1_72' title='bbox 381 1153 561 1225; x_wconf 86' lang='grc' dir='ltr'>μένοις</span> <span class='ocrx_word' id='word_1_73' title='bbox 592 1154 756 1226; x_wconf 79' lang='grc' dir='ltr'>ἀλλην</span> <span class='ocrx_word' id='word_1_74' title='bbox 785 1153 1063 1225; x_wconf 77' lang='grc' dir='ltr'>Γραφὴνῆ</span> <span class='ocrx_word' id='word_1_75' title='bbox 1106 1155 1204 1227; x_wconf 81' lang='grc' dir='ltr'>τὴν</span> <span class='ocrx_word' id='word_1_76' title='bbox 1231 1153 1481 1225; x_wconf 82' lang='grc' dir='ltr'><strong>νομικὴν,</strong></span> <span class='ocrx_word' id='word_1_77' title='bbox 1521 1151 1798 1224; x_wconf 84' lang='grc' dir='ltr'>ἀναφορὰν</span> <span class='ocrx_word' id='word_1_78' title='bbox 1839 1150 1951 1222; x_wconf 77' lang='grc' dir='ltr'>ἔχει</span> 
     </span>
    </p>
   </div>
   <div class='ocr_carea' id='block_1_13' title="bbox 378 1241 1950 1316">
    <p class='ocr_par' dir='ltr' id='par_1_13' title="bbox 378 1241 1950 1316">
     <span class='ocr_line' id='line_1_13' title="bbox 378 1241 1950 1316; baseline 0 -21"><span class='ocrx_word' id='word_1_79' title='bbox 378 1243 472 1296; x_wconf 81' lang='grc' dir='ltr'><strong>καὶ</strong></span> <span class='ocrx_word' id='word_1_80' title='bbox 506 1245 599 1297; x_wconf 76' lang='grc' dir='ltr'>ἐπὶ</span> <span class='ocrx_word' id='word_1_81' title='bbox 621 1245 816 1316; x_wconf 81' lang='grc' dir='ltr'>ἑτέρας</span> <span class='ocrx_word' id='word_1_82' title='bbox 839 1243 989 1315; x_wconf 87' lang='grc' dir='ltr'><strong>παρά</strong></span> <span class='ocrx_word' id='word_1_83' title='bbox 1009 1245 1098 1298; x_wconf 85' lang='grc' dir='ltr'>τὸν</span> <span class='ocrx_word' id='word_1_84' title='bbox 1127 1245 1407 1308; x_wconf 83' lang='grc' dir='ltr'>Μωῦσέως</span> <span class='ocrx_word' id='word_1_85' title='bbox 1435 1244 1598 1314; x_wconf 89' lang='grc' dir='ltr'>νόμον</span> <span class='ocrx_word' id='word_1_86' title='bbox 1630 1241 1870 1312; x_wconf 84' lang='grc' dir='ltr'>Γραφάς.</span> <span class='ocrx_word' id='word_1_87' title='bbox 1888 1241 1950 1295; x_wconf 86' lang='lat'><strong>&#39;0</strong></span> 
     </span>
    </p>
   </div>
   <div class='ocr_carea' id='block_1_14' title="bbox 383 1330 1953 1406">
    <p class='ocr_par' dir='ltr' id='par_1_14' title="bbox 383 1330 1953 1406">
     <span class='ocr_line' id='line_1_14' title="bbox 383 1330 1953 1406; baseline -0.002 -18"><span class='ocrx_word' id='word_1_88' title='bbox 383 1335 484 1406; x_wconf 77' lang='grc' dir='ltr'>μὲν</span> <span class='ocrx_word' id='word_1_89' title='bbox 512 1330 604 1388; x_wconf 80' lang='grc' dir='ltr'><strong>οῦν</strong></span> <span class='ocrx_word' id='word_1_90' title='bbox 641 1352 726 1398; x_wconf 87' lang='grc' dir='ltr'><strong>τις</strong></span> <span class='ocrx_word' id='word_1_91' title='bbox 762 1336 922 1406; x_wconf 86' lang='grc' dir='ltr'>φήσει</span> <span class='ocrx_word' id='word_1_92' title='bbox 955 1337 1048 1390; x_wconf 78' lang='grc' dir='ltr'><strong>καὶ</strong></span> <span class='ocrx_word' id='word_1_93' title='bbox 1076 1335 1208 1390; x_wconf 80' lang='grc' dir='ltr'><strong>αὐτὸ</strong></span> <span class='ocrx_word' id='word_1_94' title='bbox 1251 1333 1412 1388; x_wconf 85' lang='grc' dir='ltr'>τοῦτο</span> <span class='ocrx_word' id='word_1_95' title='bbox 1446 1333 1791 1404; x_wconf 74' lang='grc' dir='ltr'><strong>ἐγκαλεῖσθαι</strong></span> <span class='ocrx_word' id='word_1_96' title='bbox 1827 1333 1953 1396; x_wconf 83' lang='grc' dir='ltr'>τοὺς</span> 
     </span>
    </p>
   </div>
   <div class='ocr_carea' id='block_1_15' title="bbox 379 1423 1953 1500">
    <p class='ocr_par' dir='ltr' id='par_1_15' title="bbox 379 1423 1953 1500">
     <span class='ocr_line' id='line_1_15' title="bbox 379 1423 1953 1500; baseline -0.004 -19"><span class='ocrx_word' id='word_1_97' title='bbox 379 1426 786 1492; x_wconf 85' lang='grc' dir='ltr'><strong>Σαδδουκαίους,</strong></span> <span class='ocrx_word' id='word_1_98' title='bbox 815 1428 917 1493; x_wconf 81' lang='grc' dir='ltr'>ὅτι,</span> <span class='ocrx_word' id='word_1_99' title='bbox 953 1428 1026 1499; x_wconf 78' lang='grc' dir='ltr'>μὴ</span> <span class='ocrx_word' id='word_1_100' title='bbox 1059 1429 1408 1500; x_wconf 77' lang='grc' dir='ltr'>προσιέμενοι</span> <span class='ocrx_word' id='word_1_101' title='bbox 1429 1425 1527 1488; x_wconf 86' lang='grc' dir='ltr'><strong>τὰς</strong></span> <span class='ocrx_word' id='word_1_102' title='bbox 1548 1423 1673 1495; x_wconf 78' lang='grc' dir='ltr'><strong>ἑξῆς</strong></span> <span class='ocrx_word' id='word_1_103' title='bbox 1701 1423 1776 1494; x_wconf 83' lang='grc' dir='ltr'>τῷ</span> <span class='ocrx_word' id='word_1_104' title='bbox 1805 1423 1953 1494; x_wconf 86' lang='grc' dir='ltr'>νόμῳ</span> 
     </span>
    </p>
   </div>
   <div class='ocr_carea' id='block_1_16' title="bbox 379 1512 1954 1588">
    <p class='ocr_par' dir='ltr' id='par_1_16' title="bbox 379 1512 1954 1588">
     <span class='ocr_line' id='line_1_16' title="bbox 379 1512 1954 1588; baseline -0.001 -21"><span class='ocrx_word' id='word_1_105' title='bbox 379 1515 624 1587; x_wconf 78' lang='grc' dir='ltr'>Γραφάς,</span> <span class='ocrx_word' id='word_1_106' title='bbox 679 1517 984 1572; x_wconf 84' lang='grc' dir='ltr'>πλανῶνται</span> <span class='ocrx_word' id='word_1_107' title='bbox 1039 1516 1113 1588; x_wconf 81' lang='grc' dir='ltr'>μὴ</span> <span class='ocrx_word' id='word_1_108' title='bbox 1161 1517 1363 1579; x_wconf 79' lang='grc' dir='ltr'>εἰδότες</span> <span class='ocrx_word' id='word_1_109' title='bbox 1413 1514 1616 1577; x_wconf 77' lang='grc' dir='ltr'>αύτάςο</span> <span class='ocrx_word' id='word_1_110' title='bbox 1671 1513 1855 1586; x_wconf 73' lang='grc' dir='ltr'>ἕτερος</span> <span class='ocrx_word' id='word_1_111' title='bbox 1896 1512 1954 1565; x_wconf 84' lang='grc' dir='ltr'><strong>δὲ</strong></span> 
     </span>
    </p>
   </div>
   <div class='ocr_carea' id='block_1_17' title="bbox 382 1600 1952 1678">
    <p class='ocr_par' dir='ltr' id='par_1_17' title="bbox 382 1600 1952 1678">
     <span class='ocr_line' id='line_1_17' title="bbox 382 1600 1952 1678; baseline -0.002 -21"><span class='ocrx_word' id='word_1_112' title='bbox 382 1606 524 1677; x_wconf 61' lang='lat' dir='ltr'><strong>spei.”</strong></span> <span class='ocrx_word' id='word_1_113' title='bbox 589 1607 774 1677; x_wconf 81' lang='grc' dir='ltr'>Ἀρκεί</span> <span class='ocrx_word' id='word_1_114' title='bbox 811 1607 946 1678; x_wconf 86' lang='grc' dir='ltr'>πρὸς</span> <span class='ocrx_word' id='word_1_115' title='bbox 992 1607 1053 1660; x_wconf 88' lang='grc' dir='ltr'><strong>τὸ</strong></span> <span class='ocrx_word' id='word_1_116' title='bbox 1095 1605 1194 1678; x_wconf 81' lang='grc' dir='ltr'>τὴν</span> <span class='ocrx_word' id='word_1_117' title='bbox 1229 1605 1434 1676; x_wconf 83' lang='grc' dir='ltr'>πλάνην</span> <span class='ocrx_word' id='word_1_118' title='bbox 1480 1603 1795 1674; x_wconf 75' lang='grc' dir='ltr'>ἐλέγχεσθαι</span> <span class='ocrx_word' id='word_1_119' title='bbox 1841 1600 1952 1654; x_wconf 84' lang='grc' dir='ltr'><strong>τῶν</strong></span> 
     </span>
    </p>
   </div>
   <div class='ocr_carea' id='block_1_18' title="bbox 383 1691 1952 1768">
    <p class='ocr_par' dir='ltr' id='par_1_18' title="bbox 383 1691 1952 1768">
     <span class='ocr_line' id='line_1_18' title="bbox 383 1691 1952 1768; baseline -0.002 -21"><span class='ocrx_word' id='word_1_120' title='bbox 383 1693 751 1750; x_wconf 81' lang='grc' dir='ltr'><strong>Σαδδουκαίων</strong></span> <span class='ocrx_word' id='word_1_121' title='bbox 781 1696 843 1750; x_wconf 82' lang='grc' dir='ltr'><strong>τὸ</strong></span> <span class='ocrx_word' id='word_1_122' title='bbox 882 1695 956 1768; x_wconf 83' lang='grc' dir='ltr'>μὴ</span> <span class='ocrx_word' id='word_1_123' title='bbox 986 1696 1180 1751; x_wconf 76' lang='grc' dir='ltr'>εἰδέναι</span> <span class='ocrx_word' id='word_1_124' title='bbox 1209 1695 1402 1758; x_wconf 76' lang='grc' dir='ltr'>αὐτοὺς</span> <span class='ocrx_word' id='word_1_125' title='bbox 1431 1693 1529 1758; x_wconf 79' lang='grc' dir='ltr'>τὰς</span> <span class='ocrx_word' id='word_1_126' title='bbox 1558 1692 1700 1749; x_wconf 86' lang='grc' dir='ltr'>κατά</span> <span class='ocrx_word' id='word_1_127' title='bbox 1718 1691 1952 1747; x_wconf 85' lang='grc' dir='ltr'>Μωῡσέα</span> 
     </span>
    </p>
   </div>
   <div class='ocr_carea' id='block_1_19' title="bbox 382 1783 1953 1858">
    <p class='ocr_par' dir='ltr' id='par_1_19' title="bbox 382 1783 1953 1858">
     <span class='ocr_line' id='line_1_19' title="bbox 382 1783 1953 1858; baseline -0.003 -19"><span class='ocrx_word' id='word_1_128' title='bbox 382 1783 603 1857; x_wconf 79' lang='grc' dir='ltr'>Γραφὰς</span> <span class='ocrx_word' id='word_1_129' title='bbox 644 1786 721 1858; x_wconf 85' lang='grc' dir='ltr'><strong>τῷ</strong></span> <span class='ocrx_word' id='word_1_130' title='bbox 769 1788 843 1858; x_wconf 82' lang='grc' dir='ltr'>μὴ</span> <span class='ocrx_word' id='word_1_131' title='bbox 886 1788 1249 1858; x_wconf 76' lang='grc' dir='ltr'>ἐκλαμϐάνειν</span> <span class='ocrx_word' id='word_1_132' title='bbox 1299 1788 1389 1841; x_wconf 78' lang='grc' dir='ltr'>τὺν</span> <span class='ocrx_word' id='word_1_133' title='bbox 1439 1787 1496 1840; x_wconf 80' lang='grc' dir='ltr'>ὲν</span> <span class='ocrx_word' id='word_1_134' title='bbox 1544 1785 1770 1849; x_wconf 83' lang='grc' dir='ltr'><strong>ταύταις</strong></span> <span class='ocrx_word' id='word_1_135' title='bbox 1812 1785 1953 1836; x_wconf 85' lang='grc' dir='ltr'>θεῖον</span> 
     </span>
    </p>
   </div>
   <div class='ocr_carea' id='block_1_20' title="bbox 2059 582 3622 655">
    <p class='ocr_par' dir='ltr' id='par_1_20' title="bbox 2059 582 3622 655">
     <span class='ocr_line' id='line_1_20' title="bbox 2059 582 3622 655; baseline -0.013 1"><span class='ocrx_word' id='word_1_136' title='bbox 2059 599 2410 655; x_wconf 90' lang='lat' dir='ltr'><strong>matrimonio</strong></span> <span class='ocrx_word' id='word_1_137' title='bbox 2441 596 2732 652; x_wconf 87' lang='lat' dir='ltr'><strong>mulierum</strong></span> <span class='ocrx_word' id='word_1_138' title='bbox 2763 606 2826 646; x_wconf 92' lang='lat' dir='ltr'><strong>ac</strong></span> <span class='ocrx_word' id='word_1_139' title='bbox 2851 590 3093 645; x_wconf 88' lang='lat' dir='ltr'><strong>virorum</strong></span> <span class='ocrx_word' id='word_1_140' title='bbox 3135 585 3335 653; x_wconf 90' lang='lat' dir='ltr'><strong>scripta</strong></span> <span class='ocrx_word' id='word_1_141' title='bbox 3373 590 3501 638; x_wconf 90' lang='lat' dir='ltr'><strong>sunt</strong></span> <span class='ocrx_word' id='word_1_142' title='bbox 3541 582 3622 636; x_wconf 86' lang='lat' dir='ltr'><strong>le-</strong></span> 
     </span>
    </p>
   </div>
   <div class='ocr_carea' id='block_1_21' title="bbox 2057 671 3623 762">
    <p class='ocr_par' dir='ltr' id='par_1_21' title="bbox 2057 671 3623 762">
     <span class='ocr_line' id='line_1_21' title="bbox 2057 671 3623 762; baseline -0.013 -17"><span class='ocrx_word' id='word_1_143' title='bbox 2057 705 2208 762; x_wconf 88' lang='lat' dir='ltr'><strong>gens,</strong></span> <span class='ocrx_word' id='word_1_144' title='bbox 2234 704 2342 744; x_wconf 93' lang='lat' dir='ltr'><strong>non</strong></span> <span class='ocrx_word' id='word_1_145' title='bbox 2375 687 2521 743; x_wconf 81' lang='lat' dir='ltr'><strong>aliud</strong></span> <span class='ocrx_word' id='word_1_146' title='bbox 2551 699 2715 756; x_wconf 85' lang='lat' dir='ltr'><strong>quam</strong></span> <span class='ocrx_word' id='word_1_147' title='bbox 2740 680 2884 754; x_wconf 87' lang='lat' dir='ltr'><strong>quod</strong></span> <span class='ocrx_word' id='word_1_148' title='bbox 2916 681 3096 734; x_wconf 90' lang='lat' dir='ltr'><strong>littera</strong></span> <span class='ocrx_word' id='word_1_149' title='bbox 3121 676 3386 747; x_wconf 75' lang='lat' dir='ltr'><strong>significat</strong></span> <span class='ocrx_word' id='word_1_150' title='bbox 3409 671 3623 728; x_wconf 91' lang='lat' dir='ltr'><strong>ostendi</strong></span> 
     </span>
    </p>
   </div>
   <div class='ocr_carea' id='block_1_22' title="bbox 2055 763 3620 851">
    <p class='ocr_par' dir='ltr' id='par_1_22' title="bbox 2055 763 3620 851">
     <span class='ocr_line' id='line_1_22' title="bbox 2055 763 3620 851; baseline -0.01 -15"><span class='ocrx_word' id='word_1_151' title='bbox 2055 796 2121 836; x_wconf 86' lang='lat' dir='ltr'><strong>ac</strong></span> <span class='ocrx_word' id='word_1_152' title='bbox 2149 779 2371 851; x_wconf 89' lang='lat' dir='ltr'><strong>reperiri</strong></span> <span class='ocrx_word' id='word_1_153' title='bbox 2399 778 2706 841; x_wconf 76' lang='lat' dir='ltr'><strong>existimet,</strong></span> <span class='ocrx_word' id='word_1_154' title='bbox 2750 792 2768 825; x_wconf 76' lang='grc' dir='ltr'><strong>ι</strong></span> <span class='ocrx_word' id='word_1_155' title='bbox 2796 781 2945 828; x_wconf 89' lang='lat' dir='ltr'><strong>errat</strong></span> <span class='ocrx_word' id='word_1_156' title='bbox 2985 768 3234 824; x_wconf 88' lang='lat' dir='ltr'><strong>nesciens</strong></span> <span class='ocrx_word' id='word_1_157' title='bbox 3283 763 3620 834; x_wconf 76' lang='lat' dir='ltr'><strong>Scripturas.</strong></span> 
     </span>
    </p>
   </div>
   <div class='ocr_carea' id='block_1_23' title="bbox 2056 867 2716 940">
    <p class='ocr_par' dir='ltr' id='par_1_23' title="bbox 2056 867 2716 940">
     <span class='ocr_line' id='line_1_23' title="bbox 2056 867 2716 940; baseline -0.014 -13"><span class='ocrx_word' id='word_1_158' title='bbox 2056 887 2232 940; x_wconf 90' lang='lat' dir='ltr'><strong>neque</strong></span> <span class='ocrx_word' id='word_1_159' title='bbox 2257 871 2510 925; x_wconf 86' lang='lat' dir='ltr'><strong>virtutem</strong></span> <span class='ocrx_word' id='word_1_160' title='bbox 2545 867 2658 922; x_wconf 88' lang='lat' dir='ltr'><strong>Dei.</strong></span> <span class='ocrx_word' id='word_1_161' title='bbox 2696 885 2716 918; x_wconf 84' lang='grc'>›</span> 
     </span>
    </p>
   </div>
   <div class='ocr_carea' id='block_1_24' title="bbox 2125 943 3621 1028">
    <p class='ocr_par' dir='ltr' id='par_1_24' title="bbox 2125 943 3621 1028">
     <span class='ocr_line' id='line_1_24' title="bbox 2125 943 3621 1028; baseline -0.014 -11"><span class='ocrx_word' id='word_1_162' title='bbox 2125 962 2214 1017; x_wconf 79' lang='grc'><strong>55.</strong></span> <span class='ocrx_word' id='word_1_163' title='bbox 2244 961 2310 1015; x_wconf 86' lang='lat' dir='ltr'><strong>At</strong></span> <span class='ocrx_word' id='word_1_164' title='bbox 2330 961 2472 1016; x_wconf 90' lang='lat' dir='ltr'><strong>enim</strong></span> <span class='ocrx_word' id='word_1_165' title='bbox 2498 964 2702 1028; x_wconf 68' lang='lat' dir='ltr'><strong>quaeret</strong></span> <span class='ocrx_word' id='word_1_166' title='bbox 2725 955 2923 1026; x_wconf 86' lang='lat' dir='ltr'><strong>aliquis</strong></span> <span class='ocrx_word' id='word_1_167' title='bbox 2949 970 3017 1009; x_wconf 93' lang='lat' dir='ltr'><strong>an</strong></span> <span class='ocrx_word' id='word_1_168' title='bbox 3039 951 3204 1007; x_wconf 85' lang='lat' dir='ltr'><strong>verba</strong></span> <span class='ocrx_word' id='word_1_169' title='bbox 3228 949 3344 1004; x_wconf 66' lang='lat' dir='ltr'><strong>haec</strong></span> <span class='ocrx_word' id='word_1_170' title='bbox 3371 965 3384 1002; x_wconf 93' lang='lat'><strong>:</strong></span> <span class='ocrx_word' id='word_1_171' title='bbox 3411 963 3432 998; x_wconf 72' lang='grc' dir='ltr'><strong>ι</strong></span> <span class='ocrx_word' id='word_1_172' title='bbox 3460 943 3621 998; x_wconf 79' lang='lat' dir='ltr'><strong>Erra-</strong></span> 
     </span>
    </p>
   </div>
   <div class='ocr_carea' id='block_1_25' title="bbox 2056 1036 3620 1120">
    <p class='ocr_par' dir='ltr' id='par_1_25' title="bbox 2056 1036 3620 1120">
     <span class='ocr_line' id='line_1_25' title="bbox 2056 1036 3620 1120; baseline -0.013 -12"><span class='ocrx_word' id='word_1_173' title='bbox 2056 1053 2148 1120; x_wconf 86' lang='lat' dir='ltr'><strong>tis,</strong></span> <span class='ocrx_word' id='word_1_174' title='bbox 2177 1052 2478 1107; x_wconf 84' lang='lat' dir='ltr'><strong>nescientes</strong></span> <span class='ocrx_word' id='word_1_175' title='bbox 2506 1048 2816 1118; x_wconf 86' lang='lat' dir='ltr'><strong>Scripturas</strong></span> <span class='ocrx_word' id='word_1_176' title='bbox 2841 1046 2944 1109; x_wconf 69' lang='lat' dir='ltr'><strong>“,r</strong></span> <span class='ocrx_word' id='word_1_177' title='bbox 2979 1058 3103 1114; x_wconf 83' lang='lat' dir='ltr'><strong>quae</strong></span> <span class='ocrx_word' id='word_1_178' title='bbox 3125 1038 3435 1096; x_wconf 66' lang='lat' dir='ltr'><strong>Sadducazis</strong></span> <span class='ocrx_word' id='word_1_179' title='bbox 3458 1036 3620 1090; x_wconf 89' lang='lat' dir='ltr'><strong>aliam</strong></span> 
     </span>
    </p>
   </div>
   <div class='ocr_carea' id='block_1_26' title="bbox 2057 1131 3620 1213">
    <p class='ocr_par' dir='ltr' id='par_1_26' title="bbox 2057 1131 3620 1213">
     <span class='ocr_line' id='line_1_26' title="bbox 2057 1131 3620 1213; baseline -0.013 -14"><span class='ocrx_word' id='word_1_180' title='bbox 2057 1143 2382 1213; x_wconf 88' lang='lat' dir='ltr'><strong>scripturam</strong></span> <span class='ocrx_word' id='word_1_181' title='bbox 2415 1156 2445 1195; x_wconf 93' lang='lat' dir='ltr'><strong>a</strong></span> <span class='ocrx_word' id='word_1_182' title='bbox 2477 1139 2636 1210; x_wconf 81' lang='lat' dir='ltr'><strong>legali</strong></span> <span class='ocrx_word' id='word_1_183' title='bbox 2676 1151 2786 1192; x_wconf 91' lang='lat' dir='ltr'><strong>non</strong></span> <span class='ocrx_word' id='word_1_184' title='bbox 2827 1132 3236 1190; x_wconf 85' lang='lat' dir='ltr'><strong>admittentibus</strong></span> <span class='ocrx_word' id='word_1_185' title='bbox 3281 1131 3422 1184; x_wconf 90' lang='lat' dir='ltr'><strong>dicta</strong></span> <span class='ocrx_word' id='word_1_186' title='bbox 3463 1138 3620 1191; x_wconf 89' lang='lat' dir='ltr'><strong>sunt,</strong></span> 
     </span>
    </p>
   </div>
   <div class='ocr_carea' id='block_1_27' title="bbox 2056 1217 3620 1303">
    <p class='ocr_par' dir='ltr' id='par_1_27' title="bbox 2056 1217 3620 1303">
     <span class='ocr_line' id='line_1_27' title="bbox 2056 1217 3620 1303; baseline -0.012 -13"><span class='ocrx_word' id='word_1_187' title='bbox 2056 1236 2124 1290; x_wconf 91' lang='lat' dir='ltr'><strong>ad</strong></span> <span class='ocrx_word' id='word_1_188' title='bbox 2158 1234 2293 1288; x_wconf 89' lang='lat' dir='ltr'><strong>alias</strong></span> <span class='ocrx_word' id='word_1_189' title='bbox 2325 1249 2354 1287; x_wconf 92' lang='lat' dir='ltr'><strong>a</strong></span> <span class='ocrx_word' id='word_1_190' title='bbox 2390 1233 2506 1303; x_wconf 87' lang='lat' dir='ltr'><strong>lege</strong></span> <span class='ocrx_word' id='word_1_191' title='bbox 2552 1229 2756 1301; x_wconf 82' lang='lat' dir='ltr'><strong>Moysis</strong></span> <span class='ocrx_word' id='word_1_192' title='bbox 2801 1227 3101 1296; x_wconf 87' lang='lat' dir='ltr'><strong>scripturas</strong></span> <span class='ocrx_word' id='word_1_193' title='bbox 3145 1220 3336 1276; x_wconf 84' lang='lat' dir='ltr'><strong>referri</strong></span> <span class='ocrx_word' id='word_1_194' title='bbox 3386 1217 3620 1288; x_wconf 91' lang='lat' dir='ltr'><strong>possint.</strong></span> 
     </span>
    </p>
   </div>
   <div class='ocr_carea' id='block_1_28' title="bbox 2057 1310 3618 1394">
    <p class='ocr_par' dir='ltr' id='par_1_28' title="bbox 2057 1310 3618 1394">
     <span class='ocr_line' id='line_1_28' title="bbox 2057 1310 3618 1394; baseline -0.012 -13"><span class='ocrx_word' id='word_1_195' title='bbox 2057 1325 2139 1381; x_wconf 89' lang='lat' dir='ltr'><strong>Ob</strong></span> <span class='ocrx_word' id='word_1_196' title='bbox 2171 1325 2404 1394; x_wconf 91' lang='lat' dir='ltr'><strong>idipsum</strong></span> <span class='ocrx_word' id='word_1_197' title='bbox 2439 1337 2568 1392; x_wconf 90' lang='lat' dir='ltr'><strong>ergo</strong></span> <span class='ocrx_word' id='word_1_198' title='bbox 2597 1319 2844 1376; x_wconf 87' lang='lat' dir='ltr'><strong>accusari</strong></span> <span class='ocrx_word' id='word_1_199' title='bbox 2876 1318 3201 1372; x_wconf 74' lang='lat' dir='ltr'><strong>Sadducazos</strong></span> <span class='ocrx_word' id='word_1_200' title='bbox 3225 1313 3368 1368; x_wconf 89' lang='lat' dir='ltr'><strong>dicet</strong></span> <span class='ocrx_word' id='word_1_201' title='bbox 3398 1310 3618 1378; x_wconf 84' lang='lat' dir='ltr'><strong>aliquis.</strong></span> 
     </span>
    </p>
   </div>
   <div class='ocr_carea' id='block_1_29' title="bbox 2056 1409 3622 1488">
    <p class='ocr_par' dir='ltr' id='par_1_29' title="bbox 2056 1409 3622 1488">
     <span class='ocr_line' id='line_1_29' title="bbox 2056 1409 3622 1488; baseline -0.014 -16"><span class='ocrx_word' id='word_1_202' title='bbox 2056 1417 2201 1488; x_wconf 92' lang='lat' dir='ltr'><strong>quod</strong></span> <span class='ocrx_word' id='word_1_203' title='bbox 2243 1430 2367 1470; x_wconf 91' lang='lat' dir='ltr'><strong>cum</strong></span> <span class='ocrx_word' id='word_1_204' title='bbox 2417 1412 2730 1484; x_wconf 90' lang='lat' dir='ltr'><strong>Scripturas</strong></span> <span class='ocrx_word' id='word_1_205' title='bbox 2782 1425 2904 1480; x_wconf 68' lang='lat' dir='ltr'><strong>quae</strong></span> <span class='ocrx_word' id='word_1_206' title='bbox 2951 1409 3122 1478; x_wconf 90' lang='lat' dir='ltr'><strong>legem</strong></span> <span class='ocrx_word' id='word_1_207' title='bbox 3173 1410 3476 1474; x_wconf 90' lang='lat' dir='ltr'><strong>sequuntur</strong></span> <span class='ocrx_word' id='word_1_208' title='bbox 3513 1414 3622 1452; x_wconf 81' lang='lat' dir='ltr'><strong>non</strong></span> 
     </span>
    </p>
   </div>
   <div class='ocr_carea' id='block_1_30' title="bbox 2057 1487 3625 1568">
    <p class='ocr_par' dir='ltr' id='par_1_30' title="bbox 2057 1487 3625 1568">
     <span class='ocr_line' id='line_1_30' title="bbox 2057 1487 3625 1568; baseline -0.016 -6"><span class='ocrx_word' id='word_1_209' title='bbox 2057 1487 2366 1568; x_wconf 81' lang='lat' dir='ltr'><strong>admittunt,</strong></span> <span class='ocrx_word' id='word_1_210' title='bbox 2398 1513 2580 1559; x_wconf 86' lang='lat' dir='ltr'><strong>errent</strong></span> <span class='ocrx_word' id='word_1_211' title='bbox 2621 1501 2924 1556; x_wconf 83' lang='lat' dir='ltr'><strong>nescientes</strong></span> <span class='ocrx_word' id='word_1_212' title='bbox 2971 1498 3115 1567; x_wconf 88' lang='lat' dir='ltr'><strong>ipsas</strong></span> <span class='ocrx_word' id='word_1_213' title='bbox 3144 1511 3159 1548; x_wconf 88' lang='lat'><strong>:</strong></span> <span class='ocrx_word' id='word_1_214' title='bbox 3190 1501 3244 1547; x_wconf 90' lang='lat' dir='ltr'><strong>at</strong></span> <span class='ocrx_word' id='word_1_215' title='bbox 3272 1487 3625 1560; x_wconf 84' lang='lat' dir='ltr'><strong>respondebit</strong></span> 
     </span>
    </p>
   </div>
   <div class='ocr_carea' id='block_1_31' title="bbox 2057 1587 3622 1658">
    <p class='ocr_par' dir='ltr' id='par_1_31' title="bbox 2057 1587 3622 1658">
     <span class='ocr_line' id='line_1_31' title="bbox 2057 1587 3622 1658; baseline -0.017 -6"><span class='ocrx_word' id='word_1_216' title='bbox 2057 1599 2193 1652; x_wconf 86' lang='lat' dir='ltr'><strong>alter</strong></span> <span class='ocrx_word' id='word_1_217' title='bbox 2235 1589 2317 1650; x_wconf 72' lang='lat' dir='ltr'><strong>ad‘</strong></span> <span class='ocrx_word' id='word_1_218' title='bbox 2353 1595 2489 1658; x_wconf 90' lang='lat' dir='ltr'><strong>hoc,</strong></span> <span class='ocrx_word' id='word_1_219' title='bbox 2523 1600 2585 1646; x_wconf 90' lang='lat' dir='ltr'><strong>ut</strong></span> <span class='ocrx_word' id='word_1_220' title='bbox 2617 1588 3035 1644; x_wconf 68' lang='lat' dir='ltr'><strong>Sadduczeorum</strong></span> <span class='ocrx_word' id='word_1_221' title='bbox 3085 1587 3410 1650; x_wconf 86' lang='lat' dir='ltr'><strong>coarguatur</strong></span> <span class='ocrx_word' id='word_1_222' title='bbox 3445 1589 3622 1640; x_wconf 89' lang='lat' dir='ltr'><strong>error,</strong></span> 
     </span>
    </p>
   </div>
   <div class='ocr_carea' id='block_1_32' title="bbox 2058 1673 3626 1754">
    <p class='ocr_par' dir='ltr' id='par_1_32' title="bbox 2058 1673 3626 1754">
     <span class='ocr_line' id='line_1_32' title="bbox 2058 1673 3626 1754; baseline -0.017 -9"><span class='ocrx_word' id='word_1_223' title='bbox 2058 1686 2302 1745; x_wconf 70' lang='lat' dir='ltr'><strong>sufﬁcere</strong></span> <span class='ocrx_word' id='word_1_224' title='bbox 2359 1694 2422 1740; x_wconf 86' lang='lat' dir='ltr'><strong>ut</strong></span> <span class='ocrx_word' id='word_1_225' title='bbox 2468 1682 2672 1754; x_wconf 82' lang='lat' dir='ltr'><strong>Moysis</strong></span> <span class='ocrx_word' id='word_1_226' title='bbox 2716 1681 2966 1750; x_wconf 82' lang='lat' dir='ltr'><strong>ignorent</strong></span> <span class='ocrx_word' id='word_1_227' title='bbox 3011 1673 3357 1744; x_wconf 88' lang='lat' dir='ltr'><strong>Scripturas,</strong></span> <span class='ocrx_word' id='word_1_228' title='bbox 3406 1677 3626 1737; x_wconf 85' lang='lat' dir='ltr'><strong>propter</strong></span> 
     </span>
    </p>
   </div>
   <div class='ocr_carea' id='block_1_33' title="bbox 2057 1760 3623 1852">
    <p class='ocr_par' dir='ltr' id='par_1_33' title="bbox 2057 1760 3623 1852">
     <span class='ocr_line' id='line_1_33' title="bbox 2057 1760 3623 1852; baseline -0.016 -17"><span class='ocrx_word' id='word_1_229' title='bbox 2057 1783 2335 1852; x_wconf 89' lang='lat' dir='ltr'><strong>ignoratos</strong></span> <span class='ocrx_word' id='word_1_230' title='bbox 2366 1776 2475 1830; x_wconf 90' lang='lat' dir='ltr'><strong>illis</strong></span> <span class='ocrx_word' id='word_1_231' title='bbox 2503 1788 2698 1830; x_wconf 89' lang='lat' dir='ltr'><strong>sensus</strong></span> <span class='ocrx_word' id='word_1_232' title='bbox 2729 1771 2944 1825; x_wconf 88' lang='lat' dir='ltr'><strong>divinos</strong></span> <span class='ocrx_word' id='word_1_233' title='bbox 2967 1767 3059 1838; x_wconf 90' lang='lat' dir='ltr'><strong>qui</strong></span> <span class='ocrx_word' id='word_1_234' title='bbox 3091 1765 3145 1818; x_wconf 93' lang='lat' dir='ltr'><strong>in</strong></span> <span class='ocrx_word' id='word_1_235' title='bbox 3185 1765 3254 1818; x_wconf 89' lang='lat' dir='ltr'><strong>iis</strong></span> <span class='ocrx_word' id='word_1_236' title='bbox 3277 1760 3623 1815; x_wconf 84' lang='lat' dir='ltr'><strong>delitescunt.</strong></span> 
     </span>
    </p>
   </div>
   <div class='ocr_carea' id='block_1_34' title="bbox 379 1849 1951 1949">
    <p class='ocr_par' dir='ltr' id='par_1_34' title="bbox 379 1849 1950 1949">
     <span class='ocr_line' id='line_1_34' title="bbox 379 1849 1950 1949; baseline 0 -19"><span class='ocrx_word' id='word_1_237' title='bbox 379 1849 524 1930; x_wconf 46' lang='grc' dir='ltr'>νοῦν,</span> <span class='ocrx_word' id='word_1_238' title='bbox 559 1849 662 1930; x_wconf 69' lang='lat' dir='ltr'><strong>ddo</strong></span> <span class='ocrx_word' id='word_1_239' title='bbox 693 1849 943 1948; x_wconf 72' lang='grc' dir='ltr'>μέντοιγε</span> <span class='ocrx_word' id='word_1_240' title='bbox 977 1849 1278 1949; x_wconf 80' lang='grc' dir='ltr'>πράγματά</span> <span class='ocrx_word' id='word_1_241' title='bbox 1317 1895 1449 1948; x_wconf 88' lang='grc' dir='ltr'>φησι</span> <span class='ocrx_word' id='word_1_242' title='bbox 1481 1877 1556 1949; x_wconf 81' lang='grc' dir='ltr'>μὴ</span> <span class='ocrx_word' id='word_1_243' title='bbox 1584 1877 1784 1931; x_wconf 86' lang='grc' dir='ltr'>εἰδέναι</span> <span class='ocrx_word' id='word_1_244' title='bbox 1824 1876 1950 1942; x_wconf 79' lang='grc' dir='ltr'>τοὺς</span> 
     </span>
    </p>
   </div>
   <div class='ocr_carea' id='block_1_35' title="bbox 2054 1849 3626 1949">
    <p class='ocr_par' dir='ltr' id='par_1_35' title="bbox 2054 1849 3626 1942">
     <span class='ocr_line' id='line_1_35' title="bbox 2054 1849 3626 1942; baseline -0.018 -14"><span class='ocrx_word' id='word_1_245' title='bbox 2054 1849 2174 1928; x_wconf 80' lang='lat' dir='ltr'><strong>Duo</strong></span> <span class='ocrx_word' id='word_1_246' title='bbox 2204 1885 2367 1942; x_wconf 71' lang='lat' dir='ltr'><strong>porro</strong></span> <span class='ocrx_word' id='word_1_247' title='bbox 2393 1884 2424 1923; x_wconf 92' lang='lat' dir='ltr'><strong>a</strong></span> <span class='ocrx_word' id='word_1_248' title='bbox 2458 1863 2771 1922; x_wconf 72' lang='lat' dir='ltr'><strong>Sadduczeis</strong></span> <span class='ocrx_word' id='word_1_249' title='bbox 2819 1858 3060 1933; x_wconf 86' lang='lat' dir='ltr'><strong>ignorari</strong></span> <span class='ocrx_word' id='word_1_250' title='bbox 3101 1855 3254 1918; x_wconf 86' lang='lat' dir='ltr'><strong>dicit,</strong></span> <span class='ocrx_word' id='word_1_251' title='bbox 3292 1866 3458 1906; x_wconf 90' lang='lat' dir='ltr'><strong>unum</strong></span> <span class='ocrx_word' id='word_1_252' title='bbox 3501 1849 3626 1918; x_wconf 90' lang='lat' dir='ltr'><strong>qui-</strong></span> 
     </span>
    </p>
   </div>
   <div class='ocr_carea' id='block_1_36' title="bbox 379 1965 1956 2042">
    <p class='ocr_par' dir='ltr' id='par_1_36' title="bbox 379 1965 1956 2042">
     <span class='ocr_line' id='line_1_36' title="bbox 379 1965 1956 2042; baseline -0.001 -22"><span class='ocrx_word' id='word_1_253' title='bbox 379 1966 786 2033; x_wconf 85' lang='grc' dir='ltr'><strong>Σαδδουκαίους,</strong></span> <span class='ocrx_word' id='word_1_254' title='bbox 819 1967 876 2022; x_wconf 81' lang='grc' dir='ltr'><strong>ἓν</strong></span> <span class='ocrx_word' id='word_1_255' title='bbox 906 1969 1006 2040; x_wconf 88' lang='grc' dir='ltr'>μὲν</span> <span class='ocrx_word' id='word_1_256' title='bbox 1042 1969 1141 2033; x_wconf 90' lang='grc' dir='ltr'><strong>τάς</strong></span> <span class='ocrx_word' id='word_1_257' title='bbox 1173 1969 1414 2042; x_wconf 76' lang='grc' dir='ltr'>Γραφὰς,</span> <span class='ocrx_word' id='word_1_258' title='bbox 1448 1969 1632 2040; x_wconf 75' lang='grc' dir='ltr'>ἕτερον</span> <span class='ocrx_word' id='word_1_259' title='bbox 1656 1967 1712 2022; x_wconf 85' lang='grc' dir='ltr'><strong>δὲ</strong></span> <span class='ocrx_word' id='word_1_260' title='bbox 1739 1967 1838 2038; x_wconf 77' lang='grc' dir='ltr'><strong>τὴν</strong></span> <span class='ocrx_word' id='word_1_261' title='bbox 1867 1965 1956 2020; x_wconf 89' lang='grc' dir='ltr'><strong>δύ-</strong></span> 
     </span>
    </p>
   </div>
   <div class='ocr_carea' id='block_1_37' title="bbox 378 2054 1955 2132">
    <p class='ocr_par' dir='ltr' id='par_1_37' title="bbox 378 2054 1955 2132">
     <span class='ocr_line' id='line_1_37' title="bbox 378 2054 1955 2132; baseline 0.001 -22"><span class='ocrx_word' id='word_1_262' title='bbox 378 2073 543 2128; x_wconf 91' lang='grc' dir='ltr'>ναμιν</span> <span class='ocrx_word' id='word_1_263' title='bbox 566 2057 657 2111; x_wconf 87' lang='grc' dir='ltr'>τοῦ</span> <span class='ocrx_word' id='word_1_264' title='bbox 687 2057 842 2124; x_wconf 88' lang='grc' dir='ltr'>Θεοῦ,</span> <span class='ocrx_word' id='word_1_265' title='bbox 869 2061 962 2130; x_wconf 88' lang='grc' dir='ltr'><strong>ἀφ’</strong></span> <span class='ocrx_word' id='word_1_266' title='bbox 988 2054 1057 2131; x_wconf 79' lang='grc' dir='ltr'><strong>ἧς</strong></span> <span class='ocrx_word' id='word_1_267' title='bbox 1085 2059 1368 2132; x_wconf 87' lang='grc' dir='ltr'>δυνάμεως</span> <span class='ocrx_word' id='word_1_268' title='bbox 1387 2058 1458 2113; x_wconf 86' lang='grc' dir='ltr'>τὰ</span> <span class='ocrx_word' id='word_1_269' title='bbox 1483 2059 1582 2130; x_wconf 84' lang='grc' dir='ltr'>τῆς</span> <span class='ocrx_word' id='word_1_270' title='bbox 1605 2059 1955 2121; x_wconf 82' lang='grc' dir='ltr'><strong>ἀναστάσεως</strong></span> 
     </span>
    </p>
   </div>
   <div class='ocr_carea' id='block_1_38' title="bbox 379 2147 1956 2222">
    <p class='ocr_par' dir='ltr' id='par_1_38' title="bbox 379 2147 1956 2222">
     <span class='ocr_line' id='line_1_38' title="bbox 379 2147 1956 2222; baseline 0.002 -24"><span class='ocrx_word' id='word_1_271' title='bbox 379 2147 608 2215; x_wconf 85' lang='grc' dir='ltr'>γίνεται,</span> <span class='ocrx_word' id='word_1_272' title='bbox 636 2149 729 2202; x_wconf 76' lang='grc' dir='ltr'>καὶ</span> <span class='ocrx_word' id='word_1_273' title='bbox 759 2149 791 2220; x_wconf 83' lang='grc' dir='ltr'>ἡ</span> <span class='ocrx_word' id='word_1_274' title='bbox 823 2150 984 2220; x_wconf 82' lang='grc' dir='ltr'>καινὴ</span> <span class='ocrx_word' id='word_1_275' title='bbox 1015 2151 1072 2203; x_wconf 81' lang='grc' dir='ltr'>ὲν</span> <span class='ocrx_word' id='word_1_276' title='bbox 1109 2151 1244 2222; x_wconf 79' lang='grc' dir='ltr'><strong>αὐτῇ</strong></span> <span class='ocrx_word' id='word_1_277' title='bbox 1276 2150 1408 2220; x_wconf 77' lang='grc' dir='ltr'><strong>ζωή.</strong></span> <span class='ocrx_word' id='word_1_278' title='bbox 1441 2150 1672 2203; x_wconf 89' lang='grc' dir='ltr'>Δύναται</span> <span class='ocrx_word' id='word_1_279' title='bbox 1709 2149 1766 2202; x_wconf 84' lang='grc' dir='ltr'>δέ</span> <span class='ocrx_word' id='word_1_280' title='bbox 1787 2166 1871 2212; x_wconf 85' lang='grc' dir='ltr'><strong>τις</strong></span> <span class='ocrx_word' id='word_1_281' title='bbox 1894 2149 1956 2202; x_wconf 82' lang='grc' dir='ltr'>τὸ</span> 
     </span>
    </p>
   </div>
   <div class='ocr_carea' id='block_1_39' title="bbox 382 2235 1954 2308">
    <p class='ocr_par' dir='ltr' id='par_1_39' title="bbox 382 2235 1954 2308">
     <span class='ocr_line' id='line_1_39' title="bbox 382 2235 1954 2308; baseline 0.003 -22"><span class='ocrx_word' id='word_1_282' title='bbox 382 2235 516 2305; x_wconf 81' lang='grc' dir='ltr'>μηδὲ</span> <span class='ocrx_word' id='word_1_283' title='bbox 545 2236 646 2307; x_wconf 80' lang='grc' dir='ltr'>τὴν</span> <span class='ocrx_word' id='word_1_284' title='bbox 690 2236 918 2308; x_wconf 86' lang='grc' dir='ltr'>δύναμιν</span> <span class='ocrx_word' id='word_1_285' title='bbox 963 2237 1059 2291; x_wconf 87' lang='grc' dir='ltr'>τοῦ</span> <span class='ocrx_word' id='word_1_286' title='bbox 1109 2238 1245 2292; x_wconf 83' lang='grc' dir='ltr'><strong>Θεοῦ</strong></span> <span class='ocrx_word' id='word_1_287' title='bbox 1295 2237 1493 2291; x_wconf 78' lang='grc' dir='ltr'>εἰδέναι</span> <span class='ocrx_word' id='word_1_288' title='bbox 1532 2237 1784 2306; x_wconf 85' lang='grc' dir='ltr'>λέγεσθαι</span> <span class='ocrx_word' id='word_1_289' title='bbox 1827 2238 1954 2301; x_wconf 79' lang='grc' dir='ltr'>τοὺς</span> 
     </span>
    </p>
   </div>
   <div class='ocr_carea' id='block_1_40' title="bbox 379 2327 1950 2401">
    <p class='ocr_par' dir='ltr' id='par_1_40' title="bbox 379 2327 1950 2401">
     <span class='ocr_line' id='line_1_40' title="bbox 379 2327 1950 2401; baseline 0.003 -22"><span class='ocrx_word' id='word_1_290' title='bbox 379 2327 768 2392; x_wconf 84' lang='grc' dir='ltr'><strong>Σαδδουκαίους</strong></span> <span class='ocrx_word' id='word_1_291' title='bbox 795 2329 1086 2400; x_wconf 82' lang='grc' dir='ltr'>ἀναφέρειν</span> <span class='ocrx_word' id='word_1_292' title='bbox 1115 2330 1199 2398; x_wconf 75' lang='grc' dir='ltr'><strong>ἐφ’</strong></span> <span class='ocrx_word' id='word_1_293' title='bbox 1226 2329 1415 2384; x_wconf 78' lang='grc' dir='ltr'>ἑαυτὸν</span> <span class='ocrx_word' id='word_1_294' title='bbox 1442 2329 1533 2382; x_wconf 81' lang='grc' dir='ltr'><strong>τὸν</strong></span> <span class='ocrx_word' id='word_1_295' title='bbox 1565 2329 1794 2401; x_wconf 80' lang='grc' dir='ltr'><strong>Σωτῆρα</strong></span> <span class='ocrx_word' id='word_1_296' title='bbox 1819 2329 1950 2400; x_wconf 81' lang='grc'><strong>(75)·</strong></span> 
     </span>
    </p>
   </div>
   <div class='ocr_carea' id='block_1_41' title="bbox 379 2415 1956 2489">
    <p class='ocr_par' dir='ltr' id='par_1_41' title="bbox 379 2415 1956 2489">
     <span class='ocr_line' id='line_1_41' title="bbox 379 2415 1956 2489; baseline 0.001 -22"><span class='ocrx_word' id='word_1_297' title='bbox 379 2415 608 2486; x_wconf 76' lang='grc' dir='ltr'>ἐπείπερ</span> <span class='ocrx_word' id='word_1_298' title='bbox 645 2435 665 2470; x_wconf 70' lang='grc' dir='ltr'><strong>ο</strong></span> <span class='ocrx_word' id='word_1_299' title='bbox 704 2419 936 2489; x_wconf 85' lang='grc' dir='ltr'>Χριστὸς</span> <span class='ocrx_word' id='word_1_300' title='bbox 967 2417 1103 2472; x_wconf 88' lang='grc' dir='ltr'><strong>Θεοῦ</strong></span> <span class='ocrx_word' id='word_1_301' title='bbox 1136 2418 1366 2489; x_wconf 87' lang='grc' dir='ltr'>δύναμίς</span> <span class='ocrx_word' id='word_1_302' title='bbox 1399 2419 1538 2481; x_wconf 79' lang='grc' dir='ltr'>ἐστι,</span> <span class='ocrx_word' id='word_1_303' title='bbox 1573 2419 1666 2471; x_wconf 78' lang='grc' dir='ltr'>καὶ</span> <span class='ocrx_word' id='word_1_304' title='bbox 1697 2417 1832 2470; x_wconf 84' lang='grc' dir='ltr'>Θεοῦ</span> <span class='ocrx_word' id='word_1_305' title='bbox 1869 2435 1956 2470; x_wconf 89' lang='grc' dir='ltr'><strong>σο-</strong></span> 
     </span>
    </p>
   </div>
   <div class='ocr_carea' id='block_1_42' title="bbox 381 2506 1954 2580">
    <p class='ocr_par' dir='ltr' id='par_1_42' title="bbox 381 2506 1954 2580">
     <span class='ocr_line' id='line_1_42' title="bbox 381 2506 1954 2580; baseline 0.001 -21"><span class='ocrx_word' id='word_1_306' title='bbox 381 2506 499 2575; x_wconf 86' lang='grc' dir='ltr'><strong>φία,</strong></span> <span class='ocrx_word' id='word_1_307' title='bbox 538 2526 557 2560; x_wconf 74' lang='grc' dir='ltr'><strong>ι</strong></span> <span class='ocrx_word' id='word_1_308' title='bbox 601 2509 695 2562; x_wconf 82' lang='grc' dir='ltr'><strong>καὶ</strong></span> <span class='ocrx_word' id='word_1_309' title='bbox 736 2509 964 2580; x_wconf 77' lang='grc' dir='ltr'><strong>ἠγνόουν</strong></span> <span class='ocrx_word' id='word_1_310' title='bbox 996 2509 1156 2563; x_wconf 80' lang='grc' dir='ltr'>αὐτὸν</span> <span class='ocrx_word' id='word_1_311' title='bbox 1187 2511 1236 2564; x_wconf 79' lang='grc' dir='ltr'><strong>οἱ</strong></span> <span class='ocrx_word' id='word_1_312' title='bbox 1270 2508 1631 2572; x_wconf 87' lang='grc' dir='ltr'><strong>Σαδδουκαῖοι,</strong></span> <span class='ocrx_word' id='word_1_313' title='bbox 1667 2509 1743 2572; x_wconf 85' lang='grc' dir='ltr'>ὼς</span> <span class='ocrx_word' id='word_1_314' title='bbox 1778 2506 1852 2579; x_wconf 85' lang='grc' dir='ltr'>μὴ</span> <span class='ocrx_word' id='word_1_315' title='bbox 1880 2510 1954 2561; x_wconf 80' lang='grc' dir='ltr'><strong>εξ-</strong></span> 
     </span>
    </p>
   </div>
   <div class='ocr_carea' id='block_1_43' title="bbox 379 2596 1954 2673">
    <p class='ocr_par' dir='ltr' id='par_1_43' title="bbox 379 2596 1954 2673">
     <span class='ocr_line' id='line_1_43' title="bbox 379 2596 1954 2673; baseline -0.001 -21"><span class='ocrx_word' id='word_1_316' title='bbox 379 2597 529 2662; x_wconf 89' lang='grc' dir='ltr'>δότες</span> <span class='ocrx_word' id='word_1_317' title='bbox 557 2598 657 2664; x_wconf 85' lang='grc' dir='ltr'><strong>τάς</strong></span> <span class='ocrx_word' id='word_1_318' title='bbox 696 2601 825 2672; x_wconf 54' lang='grc' dir='ltr'><strong>περὶ⁸</strong></span> <span class='ocrx_word' id='word_1_319' title='bbox 867 2601 1030 2656; x_wconf 84' lang='grc' dir='ltr'>αὐτοῦ</span> <span class='ocrx_word' id='word_1_320' title='bbox 1067 2600 1308 2673; x_wconf 84' lang='grc' dir='ltr'>Γραφάς,</span> <span class='ocrx_word' id='word_1_321' title='bbox 1357 2599 1490 2672; x_wconf 88' lang='grc' dir='ltr'>μηδὲ</span> <span class='ocrx_word' id='word_1_322' title='bbox 1525 2596 1612 2653; x_wconf 70' lang='grc' dir='ltr'><strong>οἵα</strong></span> <span class='ocrx_word' id='word_1_323' title='bbox 1645 2600 1954 2671; x_wconf 85' lang='grc' dir='ltr'>διακονήσε-</span> 
     </span>
    </p>
   </div>
   <div class='ocr_carea' id='block_1_44' title="bbox 380 2692 1952 2764">
    <p class='ocr_par' dir='ltr' id='par_1_44' title="bbox 380 2692 1952 2764">
     <span class='ocr_line' id='line_1_44' title="bbox 380 2692 1952 2764; baseline 0.003 -23"><span class='ocrx_word' id='word_1_324' title='bbox 380 2692 561 2761; x_wconf 88' lang='grc' dir='ltr'>ταιτῇ</span> <span class='ocrx_word' id='word_1_325' title='bbox 596 2693 660 2746; x_wconf 88' lang='grc' dir='ltr'><strong>ὲκ</strong></span> <span class='ocrx_word' id='word_1_326' title='bbox 700 2693 907 2764; x_wconf 83' lang='grc' dir='ltr'>νεκρῶν</span> <span class='ocrx_word' id='word_1_327' title='bbox 947 2694 1235 2754; x_wconf 81' lang='grc' dir='ltr'>ἀναστάσει</span> <span class='ocrx_word' id='word_1_328' title='bbox 1283 2694 1392 2747; x_wconf 88' lang='grc' dir='ltr'>τῶν</span> <span class='ocrx_word' id='word_1_329' title='bbox 1437 2692 1849 2764; x_wconf 84' lang='grc' dir='ltr'>σωθησομένων.</span> <span class='ocrx_word' id='word_1_330' title='bbox 1895 2694 1952 2746; x_wconf 81' lang='grc'><strong>’0</strong></span> 
     </span>
    </p>
   </div>
   <div class='ocr_carea' id='block_1_45' title="bbox 379 2779 1953 2856">
    <p class='ocr_par' dir='ltr' id='par_1_45' title="bbox 379 2779 1953 2856">
     <span class='ocr_line' id='line_1_45' title="bbox 379 2779 1953 2856; baseline 0.003 -25"><span class='ocrx_word' id='word_1_331' title='bbox 379 2779 438 2831; x_wconf 84' lang='grc' dir='ltr'><strong>δὲ</strong></span> <span class='ocrx_word' id='word_1_332' title='bbox 474 2782 546 2852; x_wconf 85' lang='grc' dir='ltr'>μὴ</span> <span class='ocrx_word' id='word_1_333' title='bbox 582 2782 949 2855; x_wconf 83' lang='grc' dir='ltr'>ἀρεσκόμενος</span> <span class='ocrx_word' id='word_1_334' title='bbox 985 2784 1063 2856; x_wconf 83' lang='grc' dir='ltr'>τῷ</span> <span class='ocrx_word' id='word_1_335' title='bbox 1093 2785 1182 2839; x_wconf 80' lang='grc' dir='ltr'>διὰ</span> <span class='ocrx_word' id='word_1_336' title='bbox 1215 2785 1316 2856; x_wconf 85' lang='grc' dir='ltr'>τῆς</span> <span class='ocrx_word' id='word_1_337' title='bbox 1340 2783 1692 2855; x_wconf 88' lang='grc' dir='ltr'>τροπολογίας</span> <span class='ocrx_word' id='word_1_338' title='bbox 1730 2782 1953 2837; x_wconf 84' lang='grc' dir='ltr'>λύεσθαι</span> 
     </span>
    </p>
   </div>
   <div class='ocr_carea' id='block_1_46' title="bbox 380 2868 1950 2947">
    <p class='ocr_par' dir='ltr' id='par_1_46' title="bbox 380 2868 1950 2947">
     <span class='ocr_line' id='line_1_46' title="bbox 380 2868 1950 2947; baseline 0.011 -27"><span class='ocrx_word' id='word_1_339' title='bbox 380 2868 442 2921; x_wconf 85' lang='grc' dir='ltr'>τὸ</span> <span class='ocrx_word' id='word_1_340' title='bbox 473 2871 602 2941; x_wconf 76' lang='grc' dir='ltr'>περὶ</span> <span class='ocrx_word' id='word_1_341' title='bbox 646 2872 760 2940; x_wconf 90' lang='grc' dir='ltr'>τοῦ,</span> <span class='ocrx_word' id='word_1_342' title='bbox 805 2892 824 2925; x_wconf 85' lang='grc'><strong><em>‹</em></strong></span> <span class='ocrx_word' id='word_1_343' title='bbox 872 2874 1151 2928; x_wconf 82' lang='grc' dir='ltr'>Πλανᾶσθε</span> <span class='ocrx_word' id='word_1_344' title='bbox 1200 2876 1274 2947; x_wconf 78' lang='grc' dir='ltr'>μὴ</span> <span class='ocrx_word' id='word_1_345' title='bbox 1317 2875 1517 2939; x_wconf 76' lang='grc' dir='ltr'>εἰδότες</span> <span class='ocrx_word' id='word_1_346' title='bbox 1553 2875 1656 2939; x_wconf 80' lang='grc' dir='ltr'>τὰς</span> <span class='ocrx_word' id='word_1_347' title='bbox 1708 2875 1950 2946; x_wconf 76' lang='grc' dir='ltr'>Γραφὰς,</span> 
     </span>
    </p>
   </div>
   <div class='ocr_carea' id='block_1_47' title="bbox 385 2960 1953 3038">
    <p class='ocr_par' dir='ltr' id='par_1_47' title="bbox 385 2960 1953 3038">
     <span class='ocr_line' id='line_1_47' title="bbox 385 2960 1953 3038; baseline 0.004 -26"><span class='ocrx_word' id='word_1_348' title='bbox 385 2960 520 3031; x_wconf 85' lang='grc' dir='ltr'>μηδὲ</span> <span class='ocrx_word' id='word_1_349' title='bbox 551 2962 649 3032; x_wconf 83' lang='grc' dir='ltr'>τὴν</span> <span class='ocrx_word' id='word_1_350' title='bbox 679 2963 903 3035; x_wconf 87' lang='grc' dir='ltr'>δύναμιν</span> <span class='ocrx_word' id='word_1_351' title='bbox 935 2965 1028 3019; x_wconf 91' lang='grc' dir='ltr'>τοῦ</span> <span class='ocrx_word' id='word_1_352' title='bbox 1060 2965 1214 3030; x_wconf 83' lang='grc' dir='ltr'>Θεοῦ,</span> <span class='ocrx_word' id='word_1_353' title='bbox 1263 2984 1282 3017; x_wconf 73' lang='grc' dir='ltr'><strong>ι</strong></span> <span class='ocrx_word' id='word_1_354' title='bbox 1318 2965 1732 3038; x_wconf 79' lang='grc' dir='ltr'>ὲπηπορημένον</span> <span class='ocrx_word' id='word_1_355' title='bbox 1751 3007 1766 3033; x_wconf 89' lang='grc'>,</span> <span class='ocrx_word' id='word_1_356' title='bbox 1810 2966 1953 3020; x_wconf 83' lang='grc' dir='ltr'>δυεῖν</span> 
     </span>
    </p>
   </div>
   <div class='ocr_carea' id='block_1_48' title="bbox 382 3049 1952 3128">
    <p class='ocr_par' dir='ltr' id='par_1_48' title="bbox 382 3049 1952 3128">
     <span class='ocr_line' id='line_1_48' title="bbox 382 3049 1952 3128; baseline 0.008 -27"><span class='ocrx_word' id='word_1_357' title='bbox 382 3049 609 3122; x_wconf 90' lang='grc' dir='ltr'>θάτερον</span> <span class='ocrx_word' id='word_1_358' title='bbox 651 3056 883 3125; x_wconf 78' lang='grc' dir='ltr'>ποιήσει,</span> <span class='ocrx_word' id='word_1_359' title='bbox 916 3057 948 3128; x_wconf 80' lang='grc' dir='ltr'>ἢ</span> <span class='ocrx_word' id='word_1_360' title='bbox 993 3057 1282 3127; x_wconf 85' lang='grc' dir='ltr'>ἀπιστήσει</span> <span class='ocrx_word' id='word_1_361' title='bbox 1312 3059 1426 3120; x_wconf 83' lang='grc' dir='ltr'>τοῖς</span> <span class='ocrx_word' id='word_1_362' title='bbox 1468 3055 1804 3127; x_wconf 81' lang='grc' dir='ltr'>ὲκκειμένοις</span> <span class='ocrx_word' id='word_1_363' title='bbox 1851 3058 1952 3128; x_wconf 80' lang='grc' dir='ltr'><strong>ῥη-</strong></span> 
     </span>
    </p>
   </div>
   <div class='ocr_carea' id='block_1_49' title="bbox 377 3142 1951 3218">
    <p class='ocr_par' dir='ltr' id='par_1_49' title="bbox 377 3142 1951 3218">
     <span class='ocr_line' id='line_1_49' title="bbox 377 3142 1951 3218; baseline 0.004 -25"><span class='ocrx_word' id='word_1_364' title='bbox 377 3144 512 3206; x_wconf 82' lang='grc' dir='ltr'>τοῖς,</span> <span class='ocrx_word' id='word_1_365' title='bbox 544 3142 620 3207; x_wconf 81' lang='grc' dir='ltr'>ὼς</span> <span class='ocrx_word' id='word_1_366' title='bbox 660 3144 721 3196; x_wconf 83' lang='grc' dir='ltr'><strong>οὐ</strong></span> <span class='ocrx_word' id='word_1_367' title='bbox 760 3145 940 3208; x_wconf 86' lang='grc' dir='ltr'>καλῶς</span> <span class='ocrx_word' id='word_1_368' title='bbox 968 3147 1497 3218; x_wconf 85' lang='grc' dir='ltr'>ἀναγεγραμμένοις,</span> <span class='ocrx_word' id='word_1_369' title='bbox 1526 3147 1604 3217; x_wconf 86' lang='grc' dir='ltr'>τῷ</span> <span class='ocrx_word' id='word_1_370' title='bbox 1633 3147 1708 3218; x_wconf 81' lang='grc' dir='ltr'>μὴ</span> <span class='ocrx_word' id='word_1_371' title='bbox 1747 3147 1816 3200; x_wconf 84' lang='grc' dir='ltr'>ἂν</span> <span class='ocrx_word' id='word_1_372' title='bbox 1860 3147 1951 3201; x_wconf 81' lang='grc' dir='ltr'>τὸν</span> 
     </span>
    </p>
   </div>
   <div class='ocr_carea' id='block_1_50' title="bbox 379 3233 1952 3310">
    <p class='ocr_par' dir='ltr' id='par_1_50' title="bbox 379 3233 1952 3310">
     <span class='ocr_line' id='line_1_50' title="bbox 379 3233 1952 3310; baseline 0.001 -24"><span class='ocrx_word' id='word_1_373' title='bbox 379 3233 607 3305; x_wconf 83' lang='grc' dir='ltr'>Σωτῆρα</span> <span class='ocrx_word' id='word_1_374' title='bbox 653 3233 723 3287; x_wconf 89' lang='grc' dir='ltr'>τὰ</span> <span class='ocrx_word' id='word_1_375' title='bbox 766 3235 839 3307; x_wconf 87' lang='grc' dir='ltr'>μὴ</span> <span class='ocrx_word' id='word_1_376' title='bbox 877 3237 1231 3308; x_wconf 87' lang='grc' dir='ltr'>γεγραμμένα</span> <span class='ocrx_word' id='word_1_377' title='bbox 1270 3237 1550 3310; x_wconf 74' lang='grc' dir='ltr'>εἰρηκέναι</span> <span class='ocrx_word' id='word_1_378' title='bbox 1590 3237 1666 3300; x_wconf 86' lang='grc' dir='ltr'><strong>ὡς</strong></span> <span class='ocrx_word' id='word_1_379' title='bbox 1709 3253 1952 3308; x_wconf 76' lang='grc' dir='ltr'>γεγραμο</span> 
     </span>
    </p>
   </div>
   <div class='ocr_carea' id='block_1_51' title="bbox 384 3323 1952 3399">
    <p class='ocr_par' dir='ltr' id='par_1_51' title="bbox 384 3323 1952 3399">
     <span class='ocr_line' id='line_1_51' title="bbox 384 3323 1952 3399; baseline 0.003 -23"><span class='ocrx_word' id='word_1_380' title='bbox 384 3323 543 3394; x_wconf 86' lang='grc' dir='ltr'>μένα,</span> <span class='ocrx_word' id='word_1_381' title='bbox 573 3323 892 3397; x_wconf 70' lang='grc' dir='ltr'>ἦιτολμήσει</span> <span class='ocrx_word' id='word_1_382' title='bbox 927 3327 1224 3399; x_wconf 83' lang='grc' dir='ltr'>ἀπιστῆσαι</span> <span class='ocrx_word' id='word_1_383' title='bbox 1255 3329 1331 3392; x_wconf 85' lang='grc' dir='ltr'>ὡς</span> <span class='ocrx_word' id='word_1_384' title='bbox 1361 3328 1461 3381; x_wconf 80' lang='grc' dir='ltr'><strong>οὐκ</strong></span> <span class='ocrx_word' id='word_1_385' title='bbox 1489 3326 1846 3398; x_wconf 85' lang='grc' dir='ltr'>ἀληθεύσαντι</span> <span class='ocrx_word' id='word_1_386' title='bbox 1875 3327 1952 3399; x_wconf 81' lang='grc' dir='ltr'>τῷ</span> 
     </span>
    </p>
   </div>
   <div class='ocr_carea' id='block_1_52' title="bbox 388 3413 1953 3488">
    <p class='ocr_par' dir='ltr' id='par_1_52' title="bbox 388 3413 1953 3488">
     <span class='ocr_line' id='line_1_52' title="bbox 388 3413 1953 3488; baseline 0.001 -21"><span class='ocrx_word' id='word_1_387' title='bbox 388 3413 565 3486; x_wconf 85' lang='grc' dir='ltr'>Ἰησοῦ</span> <span class='ocrx_word' id='word_1_388' title='bbox 587 3431 600 3446; x_wconf 78' lang='grc'><em>’</em></span> <span class='ocrx_word' id='word_1_389' title='bbox 628 3416 733 3469; x_wconf 73' lang='grc' dir='ltr'><strong>’καὶ</strong></span> <span class='ocrx_word' id='word_1_390' title='bbox 770 3416 952 3488; x_wconf 88' lang='grc' dir='ltr'>τρίτος</span> <span class='ocrx_word' id='word_1_391' title='bbox 984 3417 1028 3470; x_wconf 92' lang='grc' dir='ltr'><strong>δ’</strong></span> <span class='ocrx_word' id='word_1_392' title='bbox 1056 3418 1122 3472; x_wconf 82' lang='grc' dir='ltr'><strong>ἄν</strong></span> <span class='ocrx_word' id='word_1_393' title='bbox 1164 3435 1266 3483; x_wconf 86' lang='grc' dir='ltr'>τις,</span> <span class='ocrx_word' id='word_1_394' title='bbox 1305 3418 1398 3472; x_wconf 71' lang='grc' dir='ltr'><strong>ἐπὶ</strong></span> <span class='ocrx_word' id='word_1_395' title='bbox 1440 3418 1567 3481; x_wconf 85' lang='grc' dir='ltr'>τοὺς</span> <span class='ocrx_word' id='word_1_396' title='bbox 1601 3416 1953 3488; x_wconf 82' lang='grc' dir='ltr'>ἀποκρύφους</span> 
     </span>
    </p>
   </div>
   <div class='ocr_carea' id='block_1_53' title="bbox 379 3505 1952 3579">
    <p class='ocr_par' dir='ltr' id='par_1_53' title="bbox 379 3505 1952 3579">
     <span class='ocr_line' id='line_1_53' title="bbox 379 3505 1952 3579; baseline 0.001 -20"><span class='ocrx_word' id='word_1_397' title='bbox 379 3505 736 3574; x_wconf 79' lang='grc' dir='ltr'>καταφεύγων</span> <span class='ocrx_word' id='word_1_398' title='bbox 768 3505 978 3575; x_wconf 83' lang='grc' dir='ltr'>λόγους,</span> <span class='ocrx_word' id='word_1_399' title='bbox 1011 3506 1141 3562; x_wconf 76' lang='grc' dir='ltr'>ἔνθα</span> <span class='ocrx_word' id='word_1_400' title='bbox 1173 3507 1320 3561; x_wconf 82' lang='grc' dir='ltr'>δοκεῖ</span> <span class='ocrx_word' id='word_1_401' title='bbox 1355 3508 1687 3578; x_wconf 86' lang='grc' dir='ltr'>σαφέστερον</span> <span class='ocrx_word' id='word_1_402' title='bbox 1716 3507 1783 3560; x_wconf 86' lang='grc' dir='ltr'>τὰ</span> <span class='ocrx_word' id='word_1_403' title='bbox 1823 3507 1952 3579; x_wconf 73' lang='grc' dir='ltr'>περὶ</span> 
     </span>
    </p>
   </div>
   <div class='ocr_carea' id='block_1_54' title="bbox 379 3595 1953 3668">
    <p class='ocr_par' dir='ltr' id='par_1_54' title="bbox 379 3595 1953 3668">
     <span class='ocr_line' id='line_1_54' title="bbox 379 3595 1953 3668; baseline 0.001 -20"><span class='ocrx_word' id='word_1_404' title='bbox 379 3595 482 3666; x_wconf 73' lang='grc' dir='ltr'>τῆς</span> <span class='ocrx_word' id='word_1_405' title='bbox 525 3597 801 3667; x_wconf 88' lang='grc' dir='ltr'>μακαρίας</span> <span class='ocrx_word' id='word_1_406' title='bbox 844 3597 1147 3667; x_wconf 79' lang='grc' dir='ltr'>γεγράφθαι</span> <span class='ocrx_word' id='word_1_407' title='bbox 1187 3597 1350 3668; x_wconf 81' lang='grc' dir='ltr'>ζωῆς,</span> <span class='ocrx_word' id='word_1_408' title='bbox 1392 3598 1555 3668; x_wconf 85' lang='grc' dir='ltr'>φήσει</span> <span class='ocrx_word' id='word_1_409' title='bbox 1590 3599 1674 3649; x_wconf 77' lang='grc' dir='ltr'><strong>ἐπ’</strong></span> <span class='ocrx_word' id='word_1_410' title='bbox 1713 3597 1953 3661; x_wconf 78' lang='grc' dir='ltr'>ἐκείνους</span> 
     </span>
    </p>
   </div>
   <div class='ocr_carea' id='block_1_55' title="bbox 380 3683 1945 3766">
    <p class='ocr_par' dir='ltr' id='par_1_55' title="bbox 380 3683 1945 3766">
     <span class='ocr_line' id='line_1_55' title="bbox 380 3683 1945 3766; baseline 0 -29"><span class='ocrx_word' id='word_1_411' title='bbox 380 3683 478 3766; x_wconf 74' lang='grc' dir='ltr'><strong>τὴν</strong></span> <span class='ocrx_word' id='word_1_412' title='bbox 501 3685 776 3754; x_wconf 78' lang='grc' dir='ltr'>ἀναφορὰν</span> <span class='ocrx_word' id='word_1_413' title='bbox 805 3683 940 3738; x_wconf 84' lang='grc' dir='ltr'>εἶναι</span> <span class='ocrx_word' id='word_1_414' title='bbox 967 3686 1074 3738; x_wconf 85' lang='grc' dir='ltr'>τῶν</span> <span class='ocrx_word' id='word_1_415' title='bbox 1099 3685 1330 3738; x_wconf 79' lang='grc' dir='ltr'>ἐνταῦθα</span> <span class='ocrx_word' id='word_1_416' title='bbox 1350 3685 1748 3756; x_wconf 87' lang='grc' dir='ltr'>γεγραμμένων</span> <span class='ocrx_word' id='word_1_417' title='bbox 1772 3687 1828 3739; x_wconf 83' lang='grc' dir='ltr'><strong>ὲν</strong></span> <span class='ocrx_word' id='word_1_418' title='bbox 1850 3683 1945 3755; x_wconf 67' lang='grc' dir='ltr'><strong>τῷν</strong></span> 
     </span>
    </p>
   </div>
   <div class='ocr_carea' id='block_1_56' title="bbox 387 3775 1952 3848">
    <p class='ocr_par' dir='ltr' id='par_1_56' title="bbox 387 3775 1952 3848">
     <span class='ocr_line' id='line_1_56' title="bbox 387 3775 1952 3848; baseline 0.001 -20"><span class='ocrx_word' id='word_1_419' title='bbox 387 3795 406 3828; x_wconf 75' lang='grc' dir='ltr'><strong>ι</strong></span> <span class='ocrx_word' id='word_1_420' title='bbox 457 3776 736 3832; x_wconf 83' lang='grc' dir='ltr'>Πλανᾶσθε</span> <span class='ocrx_word' id='word_1_421' title='bbox 781 3775 853 3848; x_wconf 81' lang='grc' dir='ltr'><strong>μὴ</strong></span> <span class='ocrx_word' id='word_1_422' title='bbox 889 3776 1090 3839; x_wconf 74' lang='grc' dir='ltr'>ειδότες</span> <span class='ocrx_word' id='word_1_423' title='bbox 1129 3776 1228 3839; x_wconf 89' lang='grc' dir='ltr'><strong>τάς</strong></span> <span class='ocrx_word' id='word_1_424' title='bbox 1274 3777 1313 3828; x_wconf 89' lang='grc' dir='ltr'><strong>Γ</strong></span> <span class='ocrx_word' id='word_1_425' title='bbox 1318 3776 1514 3847; x_wconf 87' lang='grc' dir='ltr'>ραφάς.</span> <span class='ocrx_word' id='word_1_426' title='bbox 1558 3795 1576 3827; x_wconf 75' lang='grc' dir='ltr'><strong>ι</strong></span> <span class='ocrx_word' id='word_1_427' title='bbox 1610 3776 1719 3828; x_wconf 75' lang='grc' dir='ltr'><strong>Καὶ</strong></span> <span class='ocrx_word' id='word_1_428' title='bbox 1762 3775 1863 3846; x_wconf 84' lang='grc' dir='ltr'><strong>ὅρα</strong></span> <span class='ocrx_word' id='word_1_429' title='bbox 1903 3777 1952 3829; x_wconf 79' lang='grc' dir='ltr'>εἰ</span> 
     </span>
    </p>
   </div>
   <div class='ocr_carea' id='block_1_57' title="bbox 384 3866 1950 3940">
    <p class='ocr_par' dir='ltr' id='par_1_57' title="bbox 384 3866 1950 3940">
     <span class='ocr_line' id='line_1_57' title="bbox 384 3866 1950 3940; baseline -0.001 -18"><span class='ocrx_word' id='word_1_430' title='bbox 384 3869 461 3940; x_wconf 79' lang='grc' dir='ltr'><strong>μὴ</strong></span> <span class='ocrx_word' id='word_1_431' title='bbox 482 3867 742 3922; x_wconf 88' lang='grc' dir='ltr'>πάντοθεν</span> <span class='ocrx_word' id='word_1_432' title='bbox 766 3869 986 3933; x_wconf 83' lang='grc' dir='ltr'>ἀτόποις</span> <span class='ocrx_word' id='word_1_433' title='bbox 1013 3871 1386 3940; x_wconf 74' lang='grc' dir='ltr'>περιπεσεῖται</span> <span class='ocrx_word' id='word_1_434' title='bbox 1412 3867 1500 3922; x_wconf 80' lang='grc' dir='ltr'>διὰ</span> <span class='ocrx_word' id='word_1_435' title='bbox 1529 3867 1590 3920; x_wconf 86' lang='grc' dir='ltr'><strong>τὸ</strong></span> <span class='ocrx_word' id='word_1_436' title='bbox 1612 3866 1831 3938; x_wconf 86' lang='grc' dir='ltr'>φεύγειν</span> <span class='ocrx_word' id='word_1_437' title='bbox 1850 3867 1950 3939; x_wconf 80' lang='grc' dir='ltr'>τὴν</span> 
     </span>
    </p>
   </div>
   <div class='ocr_carea' id='block_1_58' title="bbox 379 3958 1947 4037">
    <p class='ocr_par' dir='ltr' id='par_1_58' title="bbox 379 3958 1947 4037">
     <span class='ocr_line' id='line_1_58' title="bbox 379 3958 1947 4037; baseline -0.002 -23"><span class='ocrx_word' id='word_1_438' title='bbox 379 3960 764 4031; x_wconf 74' lang='grc' dir='ltr'>τροπολογίανο</span> <span class='ocrx_word' id='word_1_439' title='bbox 802 3962 911 4015; x_wconf 69' lang='grc' dir='ltr'>εἴτε</span> <span class='ocrx_word' id='word_1_440' title='bbox 941 3961 1049 4032; x_wconf 80' lang='grc' dir='ltr'><strong>γὰρ</strong></span> <span class='ocrx_word' id='word_1_441' title='bbox 1079 3964 1146 4032; x_wconf 81' lang='grc' dir='ltr'>τῇ</span> <span class='ocrx_word' id='word_1_442' title='bbox 1180 3961 1369 4037; x_wconf 71' lang='grc' dir='ltr'>Γραφῇ</span> <span class='ocrx_word' id='word_1_443' title='bbox 1402 3961 1642 4025; x_wconf 82' lang='grc' dir='ltr'>ἀπιστεῖ,</span> <span class='ocrx_word' id='word_1_444' title='bbox 1676 3959 1827 4031; x_wconf 88' lang='grc' dir='ltr'>παρὰ</span> <span class='ocrx_word' id='word_1_445' title='bbox 1855 3958 1947 4012; x_wconf 83' lang='grc' dir='ltr'><strong>τὸν</strong></span> 
     </span>
    </p>
   </div>
   <div class='ocr_carea' id='block_1_59' title="bbox 379 4049 1947 4123">
    <p class='ocr_par' dir='ltr' id='par_1_59' title="bbox 379 4049 1947 4123">
     <span class='ocr_line' id='line_1_59' title="bbox 379 4049 1947 4123; baseline -0.005 -14"><span class='ocrx_word' id='word_1_446' title='bbox 379 4051 826 4122; x_wconf 75' lang='grc' dir='ltr'>ἐκκλησιαστικὸν</span> <span class='ocrx_word' id='word_1_447' title='bbox 873 4053 1087 4123; x_wconf 82' lang='grc' dir='ltr'>ποιήσει</span> <span class='ocrx_word' id='word_1_448' title='bbox 1129 4051 1304 4120; x_wconf 88' lang='grc' dir='ltr'>λόγον·</span> <span class='ocrx_word' id='word_1_449' title='bbox 1350 4050 1459 4104; x_wconf 80' lang='grc' dir='ltr'>εἴτε</span> <span class='ocrx_word' id='word_1_450' title='bbox 1503 4050 1583 4122; x_wconf 81' lang='grc' dir='ltr'>τῷ</span> <span class='ocrx_word' id='word_1_451' title='bbox 1634 4049 1828 4122; x_wconf 88' lang='grc' dir='ltr'>Ἰησοῦ,</span> <span class='ocrx_word' id='word_1_452' title='bbox 1871 4049 1947 4112; x_wconf 84' lang='grc' dir='ltr'>ὼς</span> 
     </span>
    </p>
   </div>
   <div class='ocr_carea' id='block_1_60' title="bbox 378 4138 1948 4215">
    <p class='ocr_par' dir='ltr' id='par_1_60' title="bbox 378 4138 1948 4215">
     <span class='ocr_line' id='line_1_60' title="bbox 378 4138 1948 4215; baseline -0.003 -19"><span class='ocrx_word' id='word_1_453' title='bbox 378 4142 520 4196; x_wconf 83' lang='grc' dir='ltr'>κατὰ</span> <span class='ocrx_word' id='word_1_454' title='bbox 552 4143 730 4215; x_wconf 84' lang='grc' dir='ltr'>σάρκα</span> <span class='ocrx_word' id='word_1_455' title='bbox 765 4141 1014 4205; x_wconf 87' lang='grc' dir='ltr'>Ἰουδαῖος</span> <span class='ocrx_word' id='word_1_456' title='bbox 1063 4140 1124 4194; x_wconf 86' lang='grc' dir='ltr'><strong>τὸ</strong></span> <span class='ocrx_word' id='word_1_457' title='bbox 1161 4139 1370 4194; x_wconf 89' lang='grc' dir='ltr'>τοιοῦτο</span> <span class='ocrx_word' id='word_1_458' title='bbox 1413 4141 1658 4212; x_wconf 75' lang='grc' dir='ltr'>ποιήσει’</span> <span class='ocrx_word' id='word_1_459' title='bbox 1701 4140 1810 4192; x_wconf 81' lang='grc' dir='ltr'>εἴτε</span> <span class='ocrx_word' id='word_1_460' title='bbox 1855 4138 1948 4191; x_wconf 77' lang='grc' dir='ltr'><strong>ἐπὶ</strong></span> 
     </span>
    </p>
   </div>
   <div class='ocr_carea' id='block_1_61' title="bbox 379 4227 1948 4302">
    <p class='ocr_par' dir='ltr' id='par_1_61' title="bbox 379 4227 1948 4302">
     <span class='ocr_line' id='line_1_61' title="bbox 379 4227 1948 4302; baseline -0.004 -16"><span class='ocrx_word' id='word_1_461' title='bbox 379 4231 504 4296; x_wconf 81' lang='grc' dir='ltr'>τοὺς</span> <span class='ocrx_word' id='word_1_462' title='bbox 539 4231 888 4302; x_wconf 87' lang='grc' dir='ltr'>ἀποκρύφους</span> <span class='ocrx_word' id='word_1_463' title='bbox 929 4229 1350 4299; x_wconf 83' lang='grc' dir='ltr'>καταφεύξεται,</span> <span class='ocrx_word' id='word_1_464' title='bbox 1389 4229 1489 4282; x_wconf 78' lang='grc' dir='ltr'><strong>οὐκ</strong></span> <span class='ocrx_word' id='word_1_465' title='bbox 1531 4229 1623 4282; x_wconf 78' lang='grc' dir='ltr'><strong>ἐπὶ</strong></span> <span class='ocrx_word' id='word_1_466' title='bbox 1665 4227 1948 4299; x_wconf 87' lang='grc' dir='ltr'>ὁμολογού-</span> 
     </span>
    </p>
   </div>
   <div class='ocr_carea' id='block_1_62' title="bbox 2057 1943 3621 2031">
    <p class='ocr_par' dir='ltr' id='par_1_62' title="bbox 2057 1943 3621 2031">
     <span class='ocr_line' id='line_1_62' title="bbox 2057 1943 3621 2031; baseline -0.016 -12"><span class='ocrx_word' id='word_1_467' title='bbox 2057 1965 2215 2029; x_wconf 90' lang='lat' dir='ltr'><strong>dem,</strong></span> <span class='ocrx_word' id='word_1_468' title='bbox 2265 1962 2413 2031; x_wconf 88' lang='lat' dir='ltr'><strong>ipsas</strong></span> <span class='ocrx_word' id='word_1_469' title='bbox 2460 1953 3067 2026; x_wconf 88' lang='lat' dir='ltr'><strong>Scripturas;alterum</strong></span> <span class='ocrx_word' id='word_1_470' title='bbox 3117 1955 3319 2011; x_wconf 84' lang='lat' dir='ltr'><strong>autem,</strong></span> <span class='ocrx_word' id='word_1_471' title='bbox 3369 1943 3621 1998; x_wconf 83' lang='lat' dir='ltr'><strong>virtutem</strong></span> 
     </span>
    </p>
   </div>
   <div class='ocr_carea' id='block_1_63' title="bbox 2057 2034 3624 2123">
    <p class='ocr_par' dir='ltr' id='par_1_63' title="bbox 2057 2034 3624 2123">
     <span class='ocr_line' id='line_1_63' title="bbox 2057 2034 3624 2123; baseline -0.015 -13"><span class='ocrx_word' id='word_1_472' title='bbox 2057 2055 2150 2110; x_wconf 91' lang='lat' dir='ltr'><strong>Dei</strong></span> <span class='ocrx_word' id='word_1_473' title='bbox 2181 2073 2194 2121; x_wconf 93' lang='lat'><strong>;</strong></span> <span class='ocrx_word' id='word_1_474' title='bbox 2223 2069 2252 2108; x_wconf 93' lang='lat' dir='ltr'><strong>a</strong></span> <span class='ocrx_word' id='word_1_475' title='bbox 2281 2068 2389 2123; x_wconf 89' lang='lat' dir='ltr'><strong>qua</strong></span> <span class='ocrx_word' id='word_1_476' title='bbox 2422 2051 2621 2106; x_wconf 87' lang='lat' dir='ltr'><strong>virtute</strong></span> <span class='ocrx_word' id='word_1_477' title='bbox 2666 2054 2720 2101; x_wconf 92' lang='lat' dir='ltr'><strong>et</strong></span> <span class='ocrx_word' id='word_1_478' title='bbox 2766 2046 2882 2115; x_wconf 89' lang='lat' dir='ltr'><strong>ipsa</strong></span> <span class='ocrx_word' id='word_1_479' title='bbox 2930 2039 3282 2102; x_wconf 86' lang='lat' dir='ltr'><strong>resurrectio,</strong></span> <span class='ocrx_word' id='word_1_480' title='bbox 3311 2044 3364 2090; x_wconf 90' lang='lat' dir='ltr'><strong>et</strong></span> <span class='ocrx_word' id='word_1_481' title='bbox 3402 2050 3540 2090; x_wconf 85' lang='lat' dir='ltr'><strong>nova</strong></span> <span class='ocrx_word' id='word_1_482' title='bbox 3568 2034 3624 2086; x_wconf 90' lang='lat' dir='ltr'><strong>in</strong></span> 
     </span>
    </p>
   </div>
   <div class='ocr_carea' id='block_1_64' title="bbox 2055 2127 3616 2215">
    <p class='ocr_par' dir='ltr' id='par_1_64' title="bbox 2055 2127 3616 2215">
     <span class='ocr_line' id='line_1_64' title="bbox 2055 2127 3616 2215; baseline -0.017 -12"><span class='ocrx_word' id='word_1_483' title='bbox 2055 2163 2116 2203; x_wconf 88' lang='lat' dir='ltr'><strong>ea</strong></span> <span class='ocrx_word' id='word_1_484' title='bbox 2146 2147 2256 2201; x_wconf 90' lang='lat' dir='ltr'><strong>vita</strong></span> <span class='ocrx_word' id='word_1_485' title='bbox 2288 2143 2586 2215; x_wconf 85' lang='lat' dir='ltr'><strong>perficitur.</strong></span> <span class='ocrx_word' id='word_1_486' title='bbox 2619 2137 2772 2206; x_wconf 84' lang='lat' dir='ltr'><strong>Quod</strong></span> <span class='ocrx_word' id='word_1_487' title='bbox 2801 2143 2980 2190; x_wconf 89' lang='lat' dir='ltr'><strong>autem</strong></span> <span class='ocrx_word' id='word_1_488' title='bbox 3019 2132 3272 2187; x_wconf 85' lang='lat' dir='ltr'><strong>virtutem</strong></span> <span class='ocrx_word' id='word_1_489' title='bbox 3318 2127 3412 2182; x_wconf 89' lang='lat' dir='ltr'><strong>Dei</strong></span> <span class='ocrx_word' id='word_1_490' title='bbox 3464 2127 3616 2196; x_wconf 83' lang='lat' dir='ltr'><strong>igno-</strong></span> 
     </span>
    </p>
   </div>
   <div class='ocr_carea' id='block_1_65' title="bbox 2056 2218 3620 2291">
    <p class='ocr_par' dir='ltr' id='par_1_65' title="bbox 2056 2218 3620 2291">
     <span class='ocr_line' id='line_1_65' title="bbox 2056 2218 3620 2291; baseline -0.014 -2"><span class='ocrx_word' id='word_1_491' title='bbox 2056 2250 2178 2289; x_wconf 89' lang='lat' dir='ltr'><strong>rare</strong></span> <span class='ocrx_word' id='word_1_492' title='bbox 2211 2234 2468 2288; x_wconf 82' lang='lat' dir='ltr'><strong>dicuntur</strong></span> <span class='ocrx_word' id='word_1_493' title='bbox 2496 2225 2798 2291; x_wconf 66' lang='lat' dir='ltr'><strong>Sadducaei,</strong></span> <span class='ocrx_word' id='word_1_494' title='bbox 2841 2225 2907 2278; x_wconf 85' lang='lat' dir='ltr'><strong>ad</strong></span> <span class='ocrx_word' id='word_1_495' title='bbox 2953 2238 3012 2278; x_wconf 90' lang='lat' dir='ltr'><strong>se</strong></span> <span class='ocrx_word' id='word_1_496' title='bbox 3057 2223 3234 2290; x_wconf 91' lang='lat' dir='ltr'><strong>ipsum</strong></span> <span class='ocrx_word' id='word_1_497' title='bbox 3278 2218 3620 2272; x_wconf 81' lang='lat' dir='ltr'><strong>Servatorem</strong></span> 
     </span>
    </p>
   </div>
   <div class='ocr_carea' id='block_1_66' title="bbox 2056 2305 3622 2393">
    <p class='ocr_par' dir='ltr' id='par_1_66' title="bbox 2056 2305 3622 2393">
     <span class='ocr_line' id='line_1_66' title="bbox 2056 2305 3622 2393; baseline -0.015 -13"><span class='ocrx_word' id='word_1_498' title='bbox 2056 2323 2258 2380; x_wconf 87' lang='lat' dir='ltr'><strong>referre</strong></span> <span class='ocrx_word' id='word_1_499' title='bbox 2285 2323 2484 2393; x_wconf 81' lang='lat' dir='ltr'><strong>poterit</strong></span> <span class='ocrx_word' id='word_1_500' title='bbox 2525 2317 2879 2390; x_wconf 87' lang='lat' dir='ltr'><strong>pronuntiare</strong></span> <span class='ocrx_word' id='word_1_501' title='bbox 2912 2313 3112 2382; x_wconf 88' lang='lat' dir='ltr'><strong>aliquis</strong></span> <span class='ocrx_word' id='word_1_502' title='bbox 3141 2329 3156 2378; x_wconf 93' lang='lat'><strong>;</strong></span> <span class='ocrx_word' id='word_1_503' title='bbox 3183 2305 3622 2379; x_wconf 86' lang='lat' dir='ltr'><strong>quandoquidem</strong></span> 
     </span>
    </p>
   </div>
   <div class='ocr_carea' id='block_1_67' title="bbox 2061 2399 3624 2472">
    <p class='ocr_par' dir='ltr' id='par_1_67' title="bbox 2061 2399 3624 2472">
     <span class='ocr_line' id='line_1_67' title="bbox 2061 2399 3624 2472; baseline -0.012 -6"><span class='ocrx_word' id='word_1_504' title='bbox 2061 2415 2368 2470; x_wconf 52' lang='lat' dir='ltr'><strong>«Christus</strong></span> <span class='ocrx_word' id='word_1_505' title='bbox 2399 2411 2494 2466; x_wconf 87' lang='lat' dir='ltr'><strong>Dei</strong></span> <span class='ocrx_word' id='word_1_506' title='bbox 2524 2411 2700 2464; x_wconf 89' lang='lat' dir='ltr'><strong>virtus</strong></span> <span class='ocrx_word' id='word_1_507' title='bbox 2733 2415 2835 2472; x_wconf 88' lang='lat' dir='ltr'><strong>est,</strong></span> <span class='ocrx_word' id='word_1_508' title='bbox 2867 2415 2921 2460; x_wconf 86' lang='lat' dir='ltr'><strong>et</strong></span> <span class='ocrx_word' id='word_1_509' title='bbox 2952 2403 3048 2458; x_wconf 91' lang='lat' dir='ltr'><strong>Dei</strong></span> <span class='ocrx_word' id='word_1_510' title='bbox 3087 2400 3350 2470; x_wconf 86' lang='lat' dir='ltr'><strong>sapientia</strong></span> <span class='ocrx_word' id='word_1_511' title='bbox 3372 2399 3440 2463; x_wconf 78' lang='lat'><strong>&quot;,</strong></span> <span class='ocrx_word' id='word_1_512' title='bbox 3473 2415 3492 2448; x_wconf 72' lang='grc' dir='ltr'><strong>ι</strong></span> <span class='ocrx_word' id='word_1_513' title='bbox 3523 2411 3624 2450; x_wconf 79' lang='lat' dir='ltr'><strong>nec</strong></span> 
     </span>
    </p>
   </div>
   <div class='ocr_carea' id='block_1_68' title="bbox 2055 2485 3624 2577">
    <p class='ocr_par' dir='ltr' id='par_1_68' title="bbox 2055 2485 3624 2577">
     <span class='ocr_line' id='line_1_68' title="bbox 2055 2485 3624 2577; baseline -0.015 -17"><span class='ocrx_word' id='word_1_514' title='bbox 2055 2507 2234 2577; x_wconf 89' lang='lat' dir='ltr'><strong>ipsum</strong></span> <span class='ocrx_word' id='word_1_515' title='bbox 2265 2501 2662 2574; x_wconf 84' lang='lat' dir='ltr'><strong>cognoscebant</strong></span> <span class='ocrx_word' id='word_1_516' title='bbox 2693 2495 2997 2560; x_wconf 79' lang='lat' dir='ltr'><strong>Sadducaei,</strong></span> <span class='ocrx_word' id='word_1_517' title='bbox 3027 2498 3214 2561; x_wconf 87' lang='lat' dir='ltr'><strong>utpote</strong></span> <span class='ocrx_word' id='word_1_518' title='bbox 3245 2502 3367 2558; x_wconf 71' lang='lat' dir='ltr'><strong>qua:</strong></span> <span class='ocrx_word' id='word_1_519' title='bbox 3408 2486 3474 2540; x_wconf 88' lang='lat' dir='ltr'><strong>de</strong></span> <span class='ocrx_word' id='word_1_520' title='bbox 3505 2485 3624 2554; x_wconf 90' lang='lat' dir='ltr'><strong>ipso</strong></span> 
     </span>
    </p>
   </div>
   <div class='ocr_carea' id='block_1_69' title="bbox 2054 2576 3624 2667">
    <p class='ocr_par' dir='ltr' id='par_1_69' title="bbox 2054 2576 3624 2667">
     <span class='ocr_line' id='line_1_69' title="bbox 2054 2576 3624 2667; baseline -0.014 -15"><span class='ocrx_word' id='word_1_521' title='bbox 2054 2576 2256 2667; x_wconf 80' lang='lat' dir='ltr'><strong>scripta</strong></span> <span class='ocrx_word' id='word_1_522' title='bbox 2284 2602 2414 2650; x_wconf 89' lang='lat' dir='ltr'><strong>sunt</strong></span> <span class='ocrx_word' id='word_1_523' title='bbox 2441 2591 2767 2654; x_wconf 86' lang='lat' dir='ltr'><strong>nescientes,</strong></span> <span class='ocrx_word' id='word_1_524' title='bbox 2792 2602 2966 2657; x_wconf 90' lang='lat' dir='ltr'><strong>neque</strong></span> <span class='ocrx_word' id='word_1_525' title='bbox 2992 2593 3256 2655; x_wconf 89' lang='lat' dir='ltr'><strong>quantum</strong></span> <span class='ocrx_word' id='word_1_526' title='bbox 3286 2577 3527 2635; x_wconf 87' lang='lat' dir='ltr'><strong>conferet</strong></span> <span class='ocrx_word' id='word_1_527' title='bbox 3554 2576 3624 2630; x_wconf 87' lang='lat' dir='ltr'><strong>ad</strong></span> 
     </span>
    </p>
   </div>
   <div class='ocr_carea' id='block_1_70' title="bbox 2052 2672 3624 2744">
    <p class='ocr_par' dir='ltr' id='par_1_70' title="bbox 2052 2672 3624 2744">
     <span class='ocr_line' id='line_1_70' title="bbox 2052 2672 3624 2744; baseline -0.013 -4"><span class='ocrx_word' id='word_1_528' title='bbox 2052 2700 2243 2740; x_wconf 90' lang='lat' dir='ltr'><strong>eorum</strong></span> <span class='ocrx_word' id='word_1_529' title='bbox 2275 2700 2305 2739; x_wconf 90' lang='lat' dir='ltr'><strong>a</strong></span> <span class='ocrx_word' id='word_1_530' title='bbox 2333 2682 2567 2738; x_wconf 89' lang='lat' dir='ltr'><strong>mortuis</strong></span> <span class='ocrx_word' id='word_1_531' title='bbox 2594 2679 3046 2736; x_wconf 86' lang='lat' dir='ltr'><strong>resurrectionem</strong></span> <span class='ocrx_word' id='word_1_532' title='bbox 3081 2674 3175 2744; x_wconf 87' lang='lat' dir='ltr'><strong>qui</strong></span> <span class='ocrx_word' id='word_1_533' title='bbox 3210 2672 3440 2728; x_wconf 87' lang='lat' dir='ltr'><strong>salutem</strong></span> <span class='ocrx_word' id='word_1_534' title='bbox 3489 2683 3624 2723; x_wconf 89' lang='lat' dir='ltr'><strong>con-</strong></span> 
     </span>
    </p>
   </div>
   <div class='ocr_carea' id='block_1_71' title="bbox 2053 2760 3622 2847">
    <p class='ocr_par' dir='ltr' id='par_1_71' title="bbox 2053 2760 3622 2847">
     <span class='ocr_line' id='line_1_71' title="bbox 2053 2760 3622 2847; baseline -0.012 -15"><span class='ocrx_word' id='word_1_535' title='bbox 2053 2785 2373 2847; x_wconf 86' lang='lat' dir='ltr'><strong>sequentur.</strong></span> <span class='ocrx_word' id='word_1_536' title='bbox 2407 2773 2507 2830; x_wconf 89' lang='lat' dir='ltr'><strong>Cui</strong></span> <span class='ocrx_word' id='word_1_537' title='bbox 2538 2780 2714 2827; x_wconf 84' lang='lat' dir='ltr'><strong>antem</strong></span> <span class='ocrx_word' id='word_1_538' title='bbox 2769 2779 2901 2824; x_wconf 64' lang='lat' dir='ltr'><strong>orta;</strong></span> <span class='ocrx_word' id='word_1_539' title='bbox 2948 2768 3113 2837; x_wconf 85' lang='lat' dir='ltr'><strong>hujus</strong></span> <span class='ocrx_word' id='word_1_540' title='bbox 3159 2779 3320 2833; x_wconf 89' lang='lat' dir='ltr'><strong>super</strong></span> <span class='ocrx_word' id='word_1_541' title='bbox 3370 2761 3461 2816; x_wconf 87' lang='lat' dir='ltr'><strong>illo</strong></span> <span class='ocrx_word' id='word_1_542' title='bbox 3503 2760 3622 2814; x_wconf 90' lang='lat' dir='ltr'><strong>loco</strong></span> 
     </span>
    </p>
   </div>
   <div class='ocr_carea' id='block_1_72' title="bbox 2053 2856 3623 2924">
    <p class='ocr_par' dir='ltr' id='par_1_72' title="bbox 2053 2856 3623 2924">
     <span class='ocr_line' id='line_1_72' title="bbox 2053 2856 3623 2924; baseline -0.013 0"><span class='ocrx_word' id='word_1_543' title='bbox 2053 2866 2407 2924; x_wconf 80' lang='lat' dir='ltr'><strong>dubitationis</strong></span> <span class='ocrx_word' id='word_1_544' title='bbox 2433 2883 2448 2920; x_wconf 89' lang='lat'><strong>:</strong></span> <span class='ocrx_word' id='word_1_545' title='bbox 2479 2883 2499 2917; x_wconf 83' lang='grc'>‹</span> <span class='ocrx_word' id='word_1_546' title='bbox 2531 2863 2737 2919; x_wconf 85' lang='lat' dir='ltr'><strong>Erratis</strong></span> <span class='ocrx_word' id='word_1_547' title='bbox 2763 2861 3065 2916; x_wconf 85' lang='lat' dir='ltr'><strong>nescientes</strong></span> <span class='ocrx_word' id='word_1_548' title='bbox 3089 2856 3419 2924; x_wconf 88' lang='lat' dir='ltr'><strong>Scripturas,</strong></span> <span class='ocrx_word' id='word_1_549' title='bbox 3444 2865 3623 2921; x_wconf 79' lang='lat' dir='ltr'><strong>neque</strong></span> 
     </span>
    </p>
   </div>
   <div class='ocr_carea' id='block_1_73' title="bbox 2053 2944 3623 3026">
    <p class='ocr_par' dir='ltr' id='par_1_73' title="bbox 2053 2944 3623 3026">
     <span class='ocr_line' id='line_1_73' title="bbox 2053 2944 3623 3026; baseline -0.008 -15"><span class='ocrx_word' id='word_1_550' title='bbox 2053 2957 2308 3012; x_wconf 87' lang='lat' dir='ltr'><strong>virtutem</strong></span> <span class='ocrx_word' id='word_1_551' title='bbox 2340 2956 2457 3024; x_wconf 90' lang='lat' dir='ltr'><strong>Dei,</strong></span> <span class='ocrx_word' id='word_1_552' title='bbox 2490 2974 2511 3008; x_wconf 73' lang='grc' dir='ltr'><strong>ι</strong></span> <span class='ocrx_word' id='word_1_553' title='bbox 2542 2971 2640 3026; x_wconf 82' lang='lat' dir='ltr'><strong>per</strong></span> <span class='ocrx_word' id='word_1_554' title='bbox 2670 2952 3028 3024; x_wconf 89' lang='lat' dir='ltr'><strong>tropologiam</strong></span> <span class='ocrx_word' id='word_1_555' title='bbox 3062 2947 3263 3004; x_wconf 90' lang='lat' dir='ltr'><strong>solutio</strong></span> <span class='ocrx_word' id='word_1_556' title='bbox 3305 2961 3413 3000; x_wconf 93' lang='lat' dir='ltr'><strong>non</strong></span> <span class='ocrx_word' id='word_1_557' title='bbox 3461 2944 3623 3000; x_wconf 89' lang='lat' dir='ltr'><strong>satis-</strong></span> 
     </span>
    </p>
   </div>
   <div class='ocr_carea' id='block_1_74' title="bbox 2055 3035 3623 3114">
    <p class='ocr_par' dir='ltr' id='par_1_74' title="bbox 2055 3035 3623 3114">
     <span class='ocr_line' id='line_1_74' title="bbox 2055 3035 3623 3114; baseline -0.01 -13"><span class='ocrx_word' id='word_1_558' title='bbox 2055 3045 2206 3114; x_wconf 84' lang='lat' dir='ltr'><strong>facit,</strong></span> <span class='ocrx_word' id='word_1_559' title='bbox 2237 3046 2554 3100; x_wconf 88' lang='lat' dir='ltr'><strong>alterutrum</strong></span> <span class='ocrx_word' id='word_1_560' title='bbox 2585 3043 2768 3110; x_wconf 78' lang='lat' dir='ltr'><strong>faciet,</strong></span> <span class='ocrx_word' id='word_1_561' title='bbox 2797 3042 2882 3097; x_wconf 88' lang='lat' dir='ltr'><strong>vel</strong></span> <span class='ocrx_word' id='word_1_562' title='bbox 2909 3041 3100 3096; x_wconf 86' lang='lat' dir='ltr'><strong>huicce</strong></span> <span class='ocrx_word' id='word_1_563' title='bbox 3147 3039 3266 3093; x_wconf 91' lang='lat' dir='ltr'><strong>loco</strong></span> <span class='ocrx_word' id='word_1_564' title='bbox 3321 3035 3481 3089; x_wconf 87' lang='lat' dir='ltr'><strong>tidem</strong></span> <span class='ocrx_word' id='word_1_565' title='bbox 3527 3035 3623 3088; x_wconf 88' lang='lat' dir='ltr'><strong>de-</strong></span> 
     </span>
    </p>
   </div>
   <div class='ocr_carea' id='block_1_75' title="bbox 2056 3127 3623 3207">
    <p class='ocr_par' dir='ltr' id='par_1_75' title="bbox 2056 3127 3623 3207">
     <span class='ocr_line' id='line_1_75' title="bbox 2056 3127 3623 3207; baseline -0.008 -15"><span class='ocrx_word' id='word_1_566' title='bbox 2056 3139 2252 3205; x_wconf 87' lang='lat' dir='ltr'><strong>trahet,</strong></span> <span class='ocrx_word' id='word_1_567' title='bbox 2283 3138 2438 3207; x_wconf 88' lang='lat' dir='ltr'><strong>quasi</strong></span> <span class='ocrx_word' id='word_1_568' title='bbox 2475 3153 2583 3192; x_wconf 92' lang='lat' dir='ltr'><strong>non</strong></span> <span class='ocrx_word' id='word_1_569' title='bbox 2622 3144 2767 3192; x_wconf 88' lang='lat' dir='ltr'><strong>recte</strong></span> <span class='ocrx_word' id='word_1_570' title='bbox 2804 3135 3028 3203; x_wconf 90' lang='lat' dir='ltr'><strong>scripto,</strong></span> <span class='ocrx_word' id='word_1_571' title='bbox 3073 3131 3217 3202; x_wconf 89' lang='lat' dir='ltr'><strong>quod</strong></span> <span class='ocrx_word' id='word_1_572' title='bbox 3259 3144 3451 3198; x_wconf 83' lang='lat' dir='ltr'><strong>nempe</strong></span> <span class='ocrx_word' id='word_1_573' title='bbox 3495 3127 3623 3180; x_wconf 86' lang='lat' dir='ltr'><strong>Ser-</strong></span> 
     </span>
    </p>
   </div>
   <div class='ocr_carea' id='block_1_76' title="bbox 2054 3219 3624 3298">
    <p class='ocr_par' dir='ltr' id='par_1_76' title="bbox 2054 3219 3624 3298">
     <span class='ocr_line' id='line_1_76' title="bbox 2054 3219 3624 3298; baseline -0.007 -15"><span class='ocrx_word' id='word_1_574' title='bbox 2054 3238 2208 3283; x_wconf 87' lang='lat' dir='ltr'><strong>vator</strong></span> <span class='ocrx_word' id='word_1_575' title='bbox 2236 3244 2357 3298; x_wconf 69' lang='lat' dir='ltr'><strong>quae</strong></span> <span class='ocrx_word' id='word_1_576' title='bbox 2386 3229 2585 3298; x_wconf 84' lang='lat' dir='ltr'><strong>scripta</strong></span> <span class='ocrx_word' id='word_1_577' title='bbox 2609 3243 2718 3282; x_wconf 89' lang='lat' dir='ltr'><strong>non</strong></span> <span class='ocrx_word' id='word_1_578' title='bbox 2755 3234 2900 3287; x_wconf 90' lang='lat' dir='ltr'><strong>sunt,</strong></span> <span class='ocrx_word' id='word_1_579' title='bbox 2933 3225 3092 3294; x_wconf 91' lang='lat' dir='ltr'><strong>quasi</strong></span> <span class='ocrx_word' id='word_1_580' title='bbox 3123 3223 3322 3292; x_wconf 85' lang='lat' dir='ltr'><strong>scripta</strong></span> <span class='ocrx_word' id='word_1_581' title='bbox 3368 3219 3624 3274; x_wconf 84' lang='lat' dir='ltr'><strong>laudave-</strong></span> 
     </span>
    </p>
   </div>
   <div class='ocr_carea' id='block_1_77' title="bbox 2053 3309 3620 3390">
    <p class='ocr_par' dir='ltr' id='par_1_77' title="bbox 2053 3309 3620 3390">
     <span class='ocr_line' id='line_1_77' title="bbox 2053 3309 3620 3390; baseline -0.006 -17"><span class='ocrx_word' id='word_1_582' title='bbox 2053 3320 2166 3388; x_wconf 88' lang='lat' dir='ltr'><strong>rit;</strong></span> <span class='ocrx_word' id='word_1_583' title='bbox 2195 3322 2278 3375; x_wconf 87' lang='lat' dir='ltr'><strong>vel</strong></span> <span class='ocrx_word' id='word_1_584' title='bbox 2303 3326 2449 3375; x_wconf 90' lang='lat' dir='ltr'><strong>certe</strong></span> <span class='ocrx_word' id='word_1_585' title='bbox 2477 3319 2578 3390; x_wconf 91' lang='lat' dir='ltr'><strong>ipsi</strong></span> <span class='ocrx_word' id='word_1_586' title='bbox 2615 3317 2742 3372; x_wconf 87' lang='lat' dir='ltr'><strong>Jesu</strong></span> <span class='ocrx_word' id='word_1_587' title='bbox 2765 3355 2782 3382; x_wconf 91' lang='lat'><strong>,</strong></span> <span class='ocrx_word' id='word_1_588' title='bbox 2816 3315 2972 3386; x_wconf 76' lang='lat' dir='ltr'><strong>quasi</strong></span> <span class='ocrx_word' id='word_1_589' title='bbox 3018 3329 3205 3368; x_wconf 89' lang='lat' dir='ltr'><strong>verum</strong></span> <span class='ocrx_word' id='word_1_590' title='bbox 3253 3328 3359 3366; x_wconf 92' lang='lat' dir='ltr'><strong>non</strong></span> <span class='ocrx_word' id='word_1_591' title='bbox 3402 3309 3620 3374; x_wconf 78' lang='lat' dir='ltr'><strong>dixerit,</strong></span> 
     </span>
    </p>
   </div>
   <div class='ocr_carea' id='block_1_78' title="bbox 2055 3402 3619 3478">
    <p class='ocr_par' dir='ltr' id='par_1_78' title="bbox 2055 3402 3619 3478">
     <span class='ocr_line' id='line_1_78' title="bbox 2055 3402 3619 3478; baseline -0.01 -12"><span class='ocrx_word' id='word_1_592' title='bbox 2055 3411 2213 3467; x_wconf 80' lang='lat' dir='ltr'><strong>ﬁdem</strong></span> <span class='ocrx_word' id='word_1_593' title='bbox 2249 3411 2467 3467; x_wconf 85' lang='lat' dir='ltr'><strong>audebit</strong></span> <span class='ocrx_word' id='word_1_594' title='bbox 2497 3411 2802 3478; x_wconf 86' lang='lat' dir='ltr'><strong>abrogare;</strong></span> <span class='ocrx_word' id='word_1_595' title='bbox 2838 3415 2895 3461; x_wconf 90' lang='lat' dir='ltr'><strong>at</strong></span> <span class='ocrx_word' id='word_1_596' title='bbox 2928 3404 3121 3460; x_wconf 88' lang='lat' dir='ltr'><strong>tertius</strong></span> <span class='ocrx_word' id='word_1_597' title='bbox 3152 3403 3351 3473; x_wconf 89' lang='lat' dir='ltr'><strong>aliquis</strong></span> <span class='ocrx_word' id='word_1_598' title='bbox 3385 3402 3450 3454; x_wconf 89' lang='lat' dir='ltr'><strong>ad</strong></span> <span class='ocrx_word' id='word_1_599' title='bbox 3485 3416 3619 3469; x_wconf 82' lang='lat' dir='ltr'><strong>apu-</strong></span> 
     </span>
    </p>
   </div>
   <div class='ocr_carea' id='block_1_79' title="bbox 2050 3491 3621 3574">
    <p class='ocr_par' dir='ltr' id='par_1_79' title="bbox 2050 3491 3621 3574">
     <span class='ocr_line' id='line_1_79' title="bbox 2050 3491 3621 3574; baseline -0.011 -15"><span class='ocrx_word' id='word_1_600' title='bbox 2050 3503 2285 3574; x_wconf 82' lang='lat' dir='ltr'><strong>cryphos</strong></span> <span class='ocrx_word' id='word_1_601' title='bbox 2314 3503 2480 3558; x_wconf 90' lang='lat' dir='ltr'><strong>libros</strong></span> <span class='ocrx_word' id='word_1_602' title='bbox 2505 3501 2846 3571; x_wconf 78' lang='lat' dir='ltr'><strong>confugiens,</strong></span> <span class='ocrx_word' id='word_1_603' title='bbox 2885 3497 2940 3551; x_wconf 92' lang='lat' dir='ltr'><strong>in</strong></span> <span class='ocrx_word' id='word_1_604' title='bbox 2973 3496 3172 3566; x_wconf 84' lang='lat' dir='ltr'><strong>quibus</strong></span> <span class='ocrx_word' id='word_1_605' title='bbox 3208 3509 3329 3563; x_wconf 80' lang='lat' dir='ltr'><strong>qua:</strong></span> <span class='ocrx_word' id='word_1_606' title='bbox 3357 3491 3521 3562; x_wconf 77' lang='lat'><strong>827</strong></span> <span class='ocrx_word' id='word_1_607' title='bbox 3554 3491 3621 3542; x_wconf 87' lang='lat' dir='ltr'><strong>ad</strong></span> 
     </span>
    </p>
   </div>
   <div class='ocr_carea' id='block_1_80' title="bbox 2053 3581 3622 3660">
    <p class='ocr_par' dir='ltr' id='par_1_80' title="bbox 2053 3581 3622 3660">
     <span class='ocr_line' id='line_1_80' title="bbox 2053 3581 3622 3660; baseline -0.01 -11"><span class='ocrx_word' id='word_1_608' title='bbox 2053 3595 2268 3649; x_wconf 87' lang='lat' dir='ltr'><strong>beatam</strong></span> <span class='ocrx_word' id='word_1_609' title='bbox 2326 3594 2490 3646; x_wconf 88' lang='lat' dir='ltr'><strong>vitam</strong></span> <span class='ocrx_word' id='word_1_610' title='bbox 2539 3593 2810 3660; x_wconf 84' lang='lat' dir='ltr'><strong>pertinent</strong></span> <span class='ocrx_word' id='word_1_611' title='bbox 2856 3587 3096 3657; x_wconf 89' lang='lat' dir='ltr'><strong>apertius</strong></span> <span class='ocrx_word' id='word_1_612' title='bbox 3142 3585 3394 3639; x_wconf 89' lang='lat' dir='ltr'><strong>videntur</strong></span> <span class='ocrx_word' id='word_1_613' title='bbox 3456 3581 3622 3635; x_wconf 84' lang='lat' dir='ltr'><strong>fuisse</strong></span> 
     </span>
    </p>
   </div>
   <div class='ocr_carea' id='block_1_81' title="bbox 2056 3671 3622 3751">
    <p class='ocr_par' dir='ltr' id='par_1_81' title="bbox 2056 3671 3622 3751">
     <span class='ocr_line' id='line_1_81' title="bbox 2056 3671 3622 3751; baseline -0.008 -14"><span class='ocrx_word' id='word_1_614' title='bbox 2056 3683 2386 3751; x_wconf 87' lang='lat' dir='ltr'><strong>conscripta,</strong></span> <span class='ocrx_word' id='word_1_615' title='bbox 2418 3681 2484 3735; x_wconf 88' lang='lat' dir='ltr'><strong>ad</strong></span> <span class='ocrx_word' id='word_1_616' title='bbox 2521 3680 2644 3735; x_wconf 87' lang='lat' dir='ltr'><strong>illos</strong></span> <span class='ocrx_word' id='word_1_617' title='bbox 2674 3677 2958 3734; x_wconf 86' lang='lat' dir='ltr'><strong>referenda</strong></span> <span class='ocrx_word' id='word_1_618' title='bbox 3003 3689 3125 3732; x_wconf 88' lang='lat' dir='ltr'><strong>esse</strong></span> <span class='ocrx_word' id='word_1_619' title='bbox 3172 3674 3333 3739; x_wconf 89' lang='lat' dir='ltr'><strong>dicet,</strong></span> <span class='ocrx_word' id='word_1_620' title='bbox 3367 3687 3489 3740; x_wconf 76' lang='lat' dir='ltr'><strong>quae</strong></span> <span class='ocrx_word' id='word_1_621' title='bbox 3535 3671 3622 3724; x_wconf 88' lang='lat' dir='ltr'><strong>hic</strong></span> 
     </span>
    </p>
   </div>
   <div class='ocr_carea' id='block_1_82' title="bbox 2055 3759 3622 3847">
    <p class='ocr_par' dir='ltr' id='par_1_82' title="bbox 2055 3759 3622 3847">
     <span class='ocr_line' id='line_1_82' title="bbox 2055 3759 3622 3847; baseline -0.011 -18"><span class='ocrx_word' id='word_1_622' title='bbox 2055 3774 2270 3847; x_wconf 83' lang='lat' dir='ltr'><strong>prodita</strong></span> <span class='ocrx_word' id='word_1_623' title='bbox 2301 3779 2430 3828; x_wconf 90' lang='lat' dir='ltr'><strong>sunt</strong></span> <span class='ocrx_word' id='word_1_624' title='bbox 2460 3771 2546 3826; x_wconf 91' lang='lat' dir='ltr'><strong>bis</strong></span> <span class='ocrx_word' id='word_1_625' title='bbox 2573 3769 2756 3825; x_wconf 93' lang='lat' dir='ltr'><strong>verbis</strong></span> <span class='ocrx_word' id='word_1_626' title='bbox 2787 3786 2801 3822; x_wconf 89' lang='lat'><strong>:</strong></span> <span class='ocrx_word' id='word_1_627' title='bbox 2834 3788 2852 3817; x_wconf 76' lang='grc' dir='ltr'><strong>ι</strong></span> <span class='ocrx_word' id='word_1_628' title='bbox 2886 3765 3114 3827; x_wconf 87' lang='lat' dir='ltr'><strong>Erratis,</strong></span> <span class='ocrx_word' id='word_1_629' title='bbox 3139 3761 3442 3816; x_wconf 88' lang='lat' dir='ltr'><strong>nescientes</strong></span> <span class='ocrx_word' id='word_1_630' title='bbox 3474 3759 3622 3813; x_wconf 89' lang='lat' dir='ltr'><strong>Scri-</strong></span> 
     </span>
    </p>
   </div>
   <div class='ocr_carea' id='block_1_83' title="bbox 2051 3850 3619 3932">
    <p class='ocr_par' dir='ltr' id='par_1_83' title="bbox 2051 3850 3619 3932">
     <span class='ocr_line' id='line_1_83' title="bbox 2051 3850 3619 3932; baseline -0.008 -18"><span class='ocrx_word' id='word_1_631' title='bbox 2051 3870 2259 3932; x_wconf 89' lang='lat' dir='ltr'><strong>pturas.</strong></span> <span class='ocrx_word' id='word_1_632' title='bbox 2301 3879 2322 3912; x_wconf 73' lang='grc' dir='ltr'><strong>ι</strong></span> <span class='ocrx_word' id='word_1_633' title='bbox 2354 3857 2551 3912; x_wconf 85' lang='lat' dir='ltr'><strong>Verum</strong></span> <span class='ocrx_word' id='word_1_634' title='bbox 2586 3865 2803 3926; x_wconf 89' lang='lat' dir='ltr'><strong>propter</strong></span> <span class='ocrx_word' id='word_1_635' title='bbox 2823 3855 3074 3923; x_wconf 86' lang='lat' dir='ltr'><strong>rejectam</strong></span> <span class='ocrx_word' id='word_1_636' title='bbox 3101 3850 3451 3921; x_wconf 84' lang='lat' dir='ltr'><strong>tropologiam</strong></span> <span class='ocrx_word' id='word_1_637' title='bbox 3498 3850 3619 3902; x_wconf 78' lang='lat' dir='ltr'><strong>vide</strong></span> 
     </span>
    </p>
   </div>
   <div class='ocr_carea' id='block_1_84' title="bbox 2054 3938 3618 4026">
    <p class='ocr_par' dir='ltr' id='par_1_84' title="bbox 2054 3938 3618 4026">
     <span class='ocr_line' id='line_1_84' title="bbox 2054 3938 3618 4026; baseline -0.009 -21"><span class='ocrx_word' id='word_1_638' title='bbox 2054 3966 2235 4005; x_wconf 87' lang='lat' dir='ltr'><strong>annon</strong></span> <span class='ocrx_word' id='word_1_639' title='bbox 2282 3949 2336 4026; x_wconf 79' lang='lat' dir='ltr'><strong>in</strong></span> <span class='ocrx_word' id='word_1_640' title='bbox 2379 3947 2614 4003; x_wconf 90' lang='lat' dir='ltr'><strong>absurda</strong></span> <span class='ocrx_word' id='word_1_641' title='bbox 2657 3961 2805 4001; x_wconf 88' lang='lat' dir='ltr'><strong>mera</strong></span> <span class='ocrx_word' id='word_1_642' title='bbox 2845 3943 3123 4009; x_wconf 89' lang='lat' dir='ltr'><strong>incurret;</strong></span> <span class='ocrx_word' id='word_1_643' title='bbox 3153 3956 3276 3995; x_wconf 90' lang='lat' dir='ltr'><strong>nam</strong></span> <span class='ocrx_word' id='word_1_644' title='bbox 3311 3941 3426 3995; x_wconf 89' lang='lat' dir='ltr'><strong>sive</strong></span> <span class='ocrx_word' id='word_1_645' title='bbox 3469 3938 3618 3994; x_wconf 90' lang='lat' dir='ltr'><strong>Scri-</strong></span> 
     </span>
    </p>
   </div>
   <div class='ocr_carea' id='block_1_85' title="bbox 2052 4030 3614 4111">
    <p class='ocr_par' dir='ltr' id='par_1_85' title="bbox 2052 4030 3614 4111">
     <span class='ocr_line' id='line_1_85' title="bbox 2052 4030 3614 4111; baseline -0.009 -16"><span class='ocrx_word' id='word_1_646' title='bbox 2052 4050 2225 4111; x_wconf 75' lang='lat' dir='ltr'><strong>pturae</strong></span> <span class='ocrx_word' id='word_1_647' title='bbox 2273 4041 2434 4095; x_wconf 81' lang='lat' dir='ltr'><strong>fidem</strong></span> <span class='ocrx_word' id='word_1_648' title='bbox 2485 4038 2748 4102; x_wconf 84' lang='lat' dir='ltr'><strong>detrahit,</strong></span> <span class='ocrx_word' id='word_1_649' title='bbox 2797 4042 2987 4089; x_wconf 86' lang='lat' dir='ltr'><strong>contra</strong></span> <span class='ocrx_word' id='word_1_650' title='bbox 3014 4031 3270 4087; x_wconf 83' lang='lat' dir='ltr'><strong>Ecclesiae</strong></span> <span class='ocrx_word' id='word_1_651' title='bbox 3313 4030 3614 4086; x_wconf 85' lang='lat' dir='ltr'><strong>doctrinam</strong></span> 
     </span>
    </p>
   </div>
   <div class='ocr_carea' id='block_1_86' title="bbox 2051 4121 3612 4201">
    <p class='ocr_par' dir='ltr' id='par_1_86' title="bbox 2051 4121 3612 4201">
     <span class='ocr_line' id='line_1_86' title="bbox 2051 4121 3612 4201; baseline -0.009 -14"><span class='ocrx_word' id='word_1_652' title='bbox 2051 4133 2254 4201; x_wconf 83' lang='lat' dir='ltr'><strong>faciet;</strong></span> <span class='ocrx_word' id='word_1_653' title='bbox 2293 4133 2408 4188; x_wconf 86' lang='lat' dir='ltr'><strong>sive</strong></span> <span class='ocrx_word' id='word_1_654' title='bbox 2441 4130 2598 4199; x_wconf 75' lang='lat' dir='ltr'><strong>Jesu,</strong></span> <span class='ocrx_word' id='word_1_655' title='bbox 2639 4128 2694 4182; x_wconf 87' lang='lat' dir='ltr'><strong>id</strong></span> <span class='ocrx_word' id='word_1_656' title='bbox 2741 4137 2997 4196; x_wconf 89' lang='lat' dir='ltr'><strong>tanquam</strong></span> <span class='ocrx_word' id='word_1_657' title='bbox 3044 4121 3264 4181; x_wconf 73' lang='lat' dir='ltr'><strong>.ludzeus</strong></span> <span class='ocrx_word' id='word_1_658' title='bbox 3312 4123 3612 4179; x_wconf 89' lang='lat' dir='ltr'><strong>secundum</strong></span> 
     </span>
    </p>
   </div>
   <div class='ocr_carea' id='block_1_87' title="bbox 2050 4205 3618 4294">
    <p class='ocr_par' dir='ltr' id='par_1_87' title="bbox 2050 4205 3618 4294">
     <span class='ocr_line' id='line_1_87' title="bbox 2050 4205 3618 4294; baseline -0.008 -15"><span class='ocrx_word' id='word_1_659' title='bbox 2050 4240 2270 4280; x_wconf 89' lang='lat' dir='ltr'><strong>carnem</strong></span> <span class='ocrx_word' id='word_1_660' title='bbox 2303 4222 2619 4294; x_wconf 64' lang='lat' dir='ltr'><strong>praestabit;</strong></span> <span class='ocrx_word' id='word_1_661' title='bbox 2652 4223 2736 4277; x_wconf 90' lang='lat' dir='ltr'><strong>sin</strong></span> <span class='ocrx_word' id='word_1_662' title='bbox 2777 4221 2844 4275; x_wconf 92' lang='lat' dir='ltr'><strong>ad</strong></span> <span class='ocrx_word' id='word_1_663' title='bbox 2887 4220 3054 4274; x_wconf 89' lang='lat' dir='ltr'><strong>libros</strong></span> <span class='ocrx_word' id='word_1_664' title='bbox 3098 4205 3436 4288; x_wconf 65' lang='lat' dir='ltr'><strong>apocrypho&#39;s</strong></span> <span class='ocrx_word' id='word_1_665' title='bbox 3485 4229 3618 4270; x_wconf 89' lang='lat' dir='ltr'><strong>con-</strong></span> 
     </span>
    </p>
   </div>
   <div class='ocr_carea' id='block_1_88' title="bbox 384 4307 1951 4396">
    <p class='ocr_par' dir='ltr' id='par_1_88' title="bbox 384 4318 1942 4396">
     <span class='ocr_line' id='line_1_88' title="bbox 384 4318 1942 4396; baseline -0.003 -20"><span class='ocrx_word' id='word_1_666' title='bbox 384 4339 541 4396; x_wconf 89' lang='grc' dir='ltr'>μενον</span> <span class='ocrx_word' id='word_1_667' title='bbox 579 4324 810 4396; x_wconf 76' lang='grc' dir='ltr'>πρᾶγμα</span> <span class='ocrx_word' id='word_1_668' title='bbox 859 4320 1010 4394; x_wconf 89' lang='grc' dir='ltr'><strong>παρά</strong></span> <span class='ocrx_word' id='word_1_669' title='bbox 1041 4323 1153 4386; x_wconf 82' lang='grc' dir='ltr'>τοῖς</span> <span class='ocrx_word' id='word_1_670' title='bbox 1199 4319 1614 4381; x_wconf 79' lang='grc' dir='ltr'>πεπιστευκόσιν</span> <span class='ocrx_word' id='word_1_671' title='bbox 1645 4318 1942 4375; x_wconf 83' lang='grc' dir='ltr'>ἐλεύσεται.</span> 
     </span>
    </p>
   </div>
   <div class='ocr_carea' id='block_1_89' title="bbox 2054 4307 3615 4396">
    <p class='ocr_par' dir='ltr' id='par_1_89' title="bbox 2054 4307 3615 4387">
     <span class='ocr_line' id='line_1_89' title="bbox 2054 4307 3615 4387; baseline -0.006 -16"><span class='ocrx_word' id='word_1_672' title='bbox 2054 4317 2260 4387; x_wconf 84' lang='lat' dir='ltr'><strong>fugiet;</strong></span> <span class='ocrx_word' id='word_1_673' title='bbox 2289 4317 2354 4371; x_wconf 91' lang='lat' dir='ltr'><strong>ad</strong></span> <span class='ocrx_word' id='word_1_674' title='bbox 2388 4330 2500 4370; x_wconf 90' lang='lat' dir='ltr'><strong>rem</strong></span> <span class='ocrx_word' id='word_1_675' title='bbox 2525 4330 2554 4369; x_wconf 95' lang='lat' dir='ltr'><strong>a</strong></span> <span class='ocrx_word' id='word_1_676' title='bbox 2579 4313 2826 4369; x_wconf 77' lang='lat' dir='ltr'><strong>ﬁdelibus</strong></span> <span class='ocrx_word' id='word_1_677' title='bbox 2850 4329 2959 4370; x_wconf 91' lang='lat' dir='ltr'><strong>non</strong></span> <span class='ocrx_word' id='word_1_678' title='bbox 2986 4313 3281 4368; x_wconf 86' lang='lat' dir='ltr'><strong>admissam</strong></span> <span class='ocrx_word' id='word_1_679' title='bbox 3306 4307 3615 4365; x_wconf 87' lang='lat' dir='ltr'><strong>descendet.</strong></span> 
     </span>
    </p>
   </div>
   <div class='ocr_carea' id='block_1_90' title="bbox 1569 4432 2422 4495">
    <p class='ocr_par' dir='ltr' id='par_1_90' title="bbox 1569 4432 2422 4495">
     <span class='ocr_line' id='line_1_90' title="bbox 1569 4432 2422 4495; baseline -0.001 -5"><span class='ocrx_word' id='word_1_680' title='bbox 1569 4433 1798 4495; x_wconf 84' lang='lat' dir='ltr'><strong>VETUS</strong></span> <span class='ocrx_word' id='word_1_681' title='bbox 1842 4432 2422 4490; x_wconf 81' lang='lat' dir='ltr'><strong>INTERPRETATIO.</strong></span> 
     </span>
    </p>
   </div>
   <div class='ocr_carea' id='block_1_91' title="bbox 382 4520 3615 4602">
    <p class='ocr_par' dir='ltr' id='par_1_91' title="bbox 382 4520 3615 4602">
     <span class='ocr_line' id='line_1_91' title="bbox 382 4520 3615 4602; baseline -0.002 -21"><span class='ocrx_word' id='word_1_682' title='bbox 382 4529 628 4602; x_wconf 81' lang='lat' dir='ltr'><strong>nesciens</strong></span> <span class='ocrx_word' id='word_1_683' title='bbox 661 4529 990 4600; x_wconf 87' lang='lat' dir='ltr'><strong>Scripturas,</strong></span> <span class='ocrx_word' id='word_1_684' title='bbox 1019 4549 1195 4602; x_wconf 90' lang='lat' dir='ltr'><strong>neque</strong></span> <span class='ocrx_word' id='word_1_685' title='bbox 1221 4532 1476 4588; x_wconf 91' lang='lat' dir='ltr'><strong>virtutem</strong></span> <span class='ocrx_word' id='word_1_686' title='bbox 1528 4530 1664 4586; x_wconf 85' lang='lat' dir='ltr'><strong>Dei:</strong></span> <span class='ocrx_word' id='word_1_687' title='bbox 1706 4531 1848 4587; x_wconf 85' lang='lat' dir='ltr'><strong>sicut</strong></span> <span class='ocrx_word' id='word_1_688' title='bbox 1893 4531 2152 4586; x_wconf 88' lang='lat' dir='ltr'><strong>errabant</strong></span> <span class='ocrx_word' id='word_1_689' title='bbox 2199 4528 2483 4585; x_wconf 81' lang='lat' dir='ltr'><strong>Sadducaei</strong></span> <span class='ocrx_word' id='word_1_690' title='bbox 2524 4529 2743 4600; x_wconf 89' lang='lat' dir='ltr'><strong>nuptias</strong></span> <span class='ocrx_word' id='word_1_691' title='bbox 2785 4530 3023 4600; x_wconf 84' lang='lat' dir='ltr'><strong>legentes</strong></span> <span class='ocrx_word' id='word_1_692' title='bbox 3074 4527 3144 4590; x_wconf 30' lang='lat' dir='ltr'><strong>in.</strong></span> <span class='ocrx_word' id='word_1_693' title='bbox 3174 4520 3473 4593; x_wconf 86' lang='lat' dir='ltr'><strong>Scripturis</strong></span> <span class='ocrx_word' id='word_1_694' title='bbox 3499 4559 3514 4584; x_wconf 87' lang='lat'><strong>,</strong></span> <span class='ocrx_word' id='word_1_695' title='bbox 3559 4525 3615 4573; x_wconf 91' lang='lat' dir='ltr'><strong>et</strong></span> 
     </span>
    </p>
   </div>
   <div class='ocr_carea' id='block_1_92' title="bbox 379 4599 1194 4672">
    <p class='ocr_par' dir='ltr' id='par_1_92' title="bbox 379 4599 1194 4672">
     <span class='ocr_line' id='line_1_92' title="bbox 379 4599 1194 4672; baseline 0.009 -22"><span class='ocrx_word' id='word_1_696' title='bbox 379 4599 664 4672; x_wconf 53' lang='lat' dir='ltr'><strong>carnaliter</strong></span> <span class='ocrx_word' id='word_1_697' title='bbox 701 4599 798 4654; x_wconf 80' lang='lat' dir='ltr'><strong>eas</strong></span> <span class='ocrx_word' id='word_1_698' title='bbox 818 4599 1194 4672; x_wconf 74' lang='lat' dir='ltr'><strong>intelligentes.</strong></span> 
     </span>
    </p>
   </div>
   <div class='ocr_carea' id='block_1_93' title="bbox 454 4665 1357 4743">
    <p class='ocr_par' dir='ltr' id='par_1_93' title="bbox 454 4665 1357 4743">
     <span class='ocr_line' id='line_1_93' title="bbox 454 4665 1357 4743; baseline 0.01 -25"><span class='ocrx_word' id='word_1_699' title='bbox 454 4665 544 4720; x_wconf 78' lang='lat'><strong>35.</strong></span> <span class='ocrx_word' id='word_1_700' title='bbox 574 4665 788 4743; x_wconf 72' lang='lat' dir='ltr'><strong>Quaeret</strong></span> <span class='ocrx_word' id='word_1_701' title='bbox 816 4665 1034 4739; x_wconf 67' lang='lat' dir='ltr'><strong>aliquis,</strong></span> <span class='ocrx_word' id='word_1_702' title='bbox 1060 4672 1172 4743; x_wconf 82' lang='lat' dir='ltr'><strong>hoc</strong></span> <span class='ocrx_word' id='word_1_703' title='bbox 1210 4673 1357 4743; x_wconf 89' lang='lat' dir='ltr'><strong>quod</strong></span> 
     </span>
    </p>
   </div>
   <div class='ocr_carea' id='block_1_94' title="bbox 1406 4661 3614 4738">
    <p class='ocr_par' dir='ltr' id='par_1_94' title="bbox 1406 4661 3614 4738">
     <span class='ocr_line' id='line_1_94' title="bbox 1406 4661 3614 4738; baseline -0.006 -12"><span class='ocrx_word' id='word_1_704' title='bbox 1406 4671 1537 4728; x_wconf 92' lang='lat' dir='ltr'><strong>dicit</strong></span> <span class='ocrx_word' id='word_1_705' title='bbox 1574 4667 1931 4726; x_wconf 74' lang='lat' dir='ltr'><strong>Sadduczeis:</strong></span> <span class='ocrx_word' id='word_1_706' title='bbox 1978 4688 1998 4722; x_wconf 73' lang='grc' dir='ltr'><strong>ι</strong></span> <span class='ocrx_word' id='word_1_707' title='bbox 2029 4669 2234 4724; x_wconf 88' lang='lat' dir='ltr'><strong>Erratis</strong></span> <span class='ocrx_word' id='word_1_708' title='bbox 2289 4669 2594 4725; x_wconf 86' lang='lat' dir='ltr'><strong>nescientes</strong></span> <span class='ocrx_word' id='word_1_709' title='bbox 2640 4668 2987 4738; x_wconf 81' lang='lat' dir='ltr'><strong>Scripturas,</strong></span> <span class='ocrx_word' id='word_1_710' title='bbox 3023 4683 3048 4738; x_wconf 61' lang='grc' dir='ltr'><strong>ι</strong></span> <span class='ocrx_word' id='word_1_711' title='bbox 3078 4674 3262 4738; x_wconf 84' lang='lat' dir='ltr'><strong>utrum</strong></span> <span class='ocrx_word' id='word_1_712' title='bbox 3286 4663 3341 4716; x_wconf 92' lang='lat' dir='ltr'><strong>in</strong></span> <span class='ocrx_word' id='word_1_713' title='bbox 3390 4661 3500 4738; x_wconf 64' lang='lat' dir='ltr'><strong>hoc</strong></span> <span class='ocrx_word' id='word_1_714' title='bbox 3517 4672 3614 4712; x_wconf 88' lang='lat' dir='ltr'><strong>eos</strong></span> 
     </span>
    </p>
   </div>
   <div class='ocr_carea' id='block_1_95' title="bbox 379 4728 3614 4821">
    <p class='ocr_par' dir='ltr' id='par_1_95' title="bbox 379 4728 3614 4821">
     <span class='ocr_line' id='line_1_95' title="bbox 379 4728 3614 4821; baseline -0.003 -32"><span class='ocrx_word' id='word_1_715' title='bbox 379 4736 878 4821; x_wconf 61' lang='lat' dir='ltr'><strong>erraresigniticet,</strong></span> <span class='ocrx_word' id='word_1_716' title='bbox 909 4728 1166 4821; x_wconf 70' lang='lat' dir='ltr'><strong>quoniam</strong></span> <span class='ocrx_word' id='word_1_717' title='bbox 1184 4728 1513 4821; x_wconf 64' lang='lat' dir='ltr'><strong>scripturas</strong></span> <span class='ocrx_word' id='word_1_718' title='bbox 1539 4741 1854 4821; x_wconf 68' lang='lat' dir='ltr'><strong>aliasextra</strong></span> <span class='ocrx_word' id='word_1_719' title='bbox 1881 4741 2048 4821; x_wconf 69' lang='lat' dir='ltr'><strong>librps</strong></span> <span class='ocrx_word' id='word_1_720' title='bbox 2077 4738 2345 4821; x_wconf 58' lang='lat' dir='ltr'><strong>Mgsaicos</strong></span> <span class='ocrx_word' id='word_1_721' title='bbox 2374 4755 2480 4794; x_wconf 89' lang='lat' dir='ltr'><strong>non</strong></span> <span class='ocrx_word' id='word_1_722' title='bbox 2516 4728 2786 4809; x_wconf 59' lang='lat' dir='ltr'><strong>legebant,</strong></span> <span class='ocrx_word' id='word_1_723' title='bbox 2820 4749 2909 4791; x_wconf 90' lang='lat' dir='ltr'><strong>aut</strong></span> <span class='ocrx_word' id='word_1_724' title='bbox 2945 4728 3071 4806; x_wconf 88' lang='lat' dir='ltr'><strong>quia</strong></span> <span class='ocrx_word' id='word_1_725' title='bbox 3103 4749 3205 4788; x_wconf 91' lang='lat' dir='ltr'><strong>nec</strong></span> <span class='ocrx_word' id='word_1_726' title='bbox 3239 4735 3398 4821; x_wconf 53' lang='lat' dir='ltr'><strong>&#39;ipsos</strong></span> <span class='ocrx_word' id='word_1_727' title='bbox 3447 4728 3614 4781; x_wconf 85' lang='lat' dir='ltr'><strong>libros</strong></span> 
     </span>
    </p>
   </div>
   <div class='ocr_carea' id='block_1_96' title="bbox 379 4802 3613 4884">
    <p class='ocr_par' dir='ltr' id='par_1_96' title="bbox 379 4802 3613 4884">
     <span class='ocr_line' id='line_1_96' title="bbox 379 4802 3613 4884; baseline -0.001 -29"><span class='ocrx_word' id='word_1_728' title='bbox 379 4802 1332 4884; x_wconf 30' lang='lat' dir='ltr'><strong>Mosaicos’legentes&#39;intelligebant:</strong></span> <span class='ocrx_word' id='word_1_729' title='bbox 1369 4811 1436 4884; x_wconf 79' lang='lat' dir='ltr'><strong>Et</strong></span> <span class='ocrx_word' id='word_1_730' title='bbox 1461 4813 1606 4884; x_wconf 79' lang='lat' dir='ltr'><strong>dicet</strong></span> <span class='ocrx_word' id='word_1_731' title='bbox 1626 4810 1825 4884; x_wconf 74' lang='lat' dir='ltr'><strong>aliquis</strong></span> <span class='ocrx_word' id='word_1_732' title='bbox 1855 4829 1868 4864; x_wconf 91' lang='lat'><strong>:</strong></span> <span class='ocrx_word' id='word_1_733' title='bbox 1895 4809 1952 4863; x_wconf 92' lang='lat' dir='ltr'><strong>lu</strong></span> <span class='ocrx_word' id='word_1_734' title='bbox 1981 4809 2084 4863; x_wconf 91' lang='lat' dir='ltr'><strong>hoc</strong></span> <span class='ocrx_word' id='word_1_735' title='bbox 2106 4809 2226 4864; x_wconf 91' lang='lat' dir='ltr'><strong>illos</strong></span> <span class='ocrx_word' id='word_1_736' title='bbox 2253 4802 2800 4884; x_wconf 59' lang='lat' dir='ltr'><strong>increpabat&#39;errare,</strong></span> <span class='ocrx_word' id='word_1_737' title='bbox 2828 4802 3368 4884; x_wconf 49' lang='lat' dir='ltr'><strong>quia&#39;nonﬂlegebant</strong></span> <span class='ocrx_word' id='word_1_738' title='bbox 3389 4810 3613 4884; x_wconf 59' lang='lat' dir='ltr'><strong>caeteras</strong></span> 
     </span>
    </p>
   </div>
   <div class='ocr_carea' id='block_1_97' title="bbox 380 4867 3611 4960">
    <p class='ocr_par' dir='ltr' id='par_1_97' title="bbox 380 4867 3611 4960">
     <span class='ocr_line' id='line_1_97' title="bbox 380 4867 3611 4960; baseline -0.006 -18"><span class='ocrx_word' id='word_1_739' title='bbox 380 4874 834 4960; x_wconf 15' lang='grc' dir='ltr'>ξςίιςίριιιζίξεηειιιεξ</span> <span class='ocrx_word' id='word_1_740' title='bbox 869 4888 996 4960; x_wconf 49' lang='grc' dir='ltr'><strong>ἕψῃ</strong></span> <span class='ocrx_word' id='word_1_741' title='bbox 1020 4867 1172 4960; x_wconf 51' lang='lat' dir='ltr'><strong>extra</strong></span> <span class='ocrx_word' id='word_1_742' title='bbox 1201 4882 1394 4960; x_wconf 79' lang='lat' dir='ltr'><strong>legem,</strong></span> <span class='ocrx_word' id='word_1_743' title='bbox 1424 4882 1476 4936; x_wconf 91' lang='lat' dir='ltr'><strong>id</strong></span> <span class='ocrx_word' id='word_1_744' title='bbox 1505 4867 1607 4943; x_wconf 88' lang='lat' dir='ltr'><strong>est,</strong></span> <span class='ocrx_word' id='word_1_745' title='bbox 1645 4867 1814 4960; x_wconf 67' lang='lat' dir='ltr'><strong>libros</strong></span> <span class='ocrx_word' id='word_1_746' title='bbox 1851 4888 2132 4960; x_wconf 79' lang='lat' dir='ltr'><strong>secretos:</strong></span> <span class='ocrx_word' id='word_1_747' title='bbox 2167 4887 2222 4932; x_wconf 91' lang='lat' dir='ltr'><strong>et</strong></span> <span class='ocrx_word' id='word_1_748' title='bbox 2256 4880 2380 4960; x_wconf 75' lang='lat' dir='ltr'><strong>ideo</strong></span> <span class='ocrx_word' id='word_1_749' title='bbox 2405 4867 2677 4960; x_wconf 60' lang='lat' dir='ltr'><strong>&#39;errabant</strong></span> <span class='ocrx_word' id='word_1_750' title='bbox 2731 4867 3043 4960; x_wconf 59' lang='lat' dir='ltr'><strong>nescientes</strong></span> <span class='ocrx_word' id='word_1_751' title='bbox 3081 4867 3408 4960; x_wconf 60' lang='lat' dir='ltr'><strong>scripturas.</strong></span> <span class='ocrx_word' id='word_1_752' title='bbox 3457 4867 3611 4921; x_wconf 75' lang='lat' dir='ltr'><strong>Alius</strong></span> 
     </span>
    </p>
   </div>
   <div class='ocr_carea' id='block_1_98' title="bbox 380 4941 3614 5026">
    <p class='ocr_par' dir='ltr' id='par_1_98' title="bbox 380 4941 3614 5026">
     <span class='ocr_line' id='line_1_98' title="bbox 380 4941 3614 5026; baseline -0.002 -32"><span class='ocrx_word' id='word_1_753' title='bbox 380 4953 560 5004; x_wconf 80' lang='lat' dir='ltr'><strong>autem</strong></span> <span class='ocrx_word' id='word_1_754' title='bbox 592 4941 758 5026; x_wconf 49' lang='lat' dir='ltr'><strong>dicit}</strong></span> <span class='ocrx_word' id='word_1_755' title='bbox 794 4945 998 5003; x_wconf 83' lang='lat' dir='ltr'><strong>SulIicit</strong></span> <span class='ocrx_word' id='word_1_756' title='bbox 1027 4949 1094 5002; x_wconf 89' lang='lat' dir='ltr'><strong>ad</strong></span> <span class='ocrx_word' id='word_1_757' title='bbox 1123 4941 1460 5020; x_wconf 63' lang='lat' dir='ltr'><strong>arguentium</strong></span> <span class='ocrx_word' id='word_1_758' title='bbox 1491 4941 1729 5026; x_wconf 80' lang='lat' dir='ltr'><strong>errorem</strong></span> <span class='ocrx_word' id='word_1_759' title='bbox 1766 4949 2211 5026; x_wconf 61' lang='lat' dir='ltr'><strong>Sarldugeorum,</strong></span> <span class='ocrx_word' id='word_1_760' title='bbox 2235 4949 2385 5018; x_wconf 90' lang='lat' dir='ltr'><strong>quod</strong></span> <span class='ocrx_word' id='word_1_761' title='bbox 2411 4949 2727 5026; x_wconf 68' lang='lat' dir='ltr'><strong>nesciebant</strong></span> <span class='ocrx_word' id='word_1_762' title='bbox 2753 4947 3001 5000; x_wconf 76' lang='lat' dir='ltr'><strong>Mosaicae</strong></span> <span class='ocrx_word' id='word_1_763' title='bbox 3031 4945 3164 5024; x_wconf 84' lang='lat' dir='ltr'><strong>legis</strong></span> <span class='ocrx_word' id='word_1_764' title='bbox 3193 4941 3522 5026; x_wconf 60' lang='lat' dir='ltr'><strong>Scrigitttras,</strong></span> <span class='ocrx_word' id='word_1_765' title='bbox 3545 4951 3614 4989; x_wconf 77' lang='lat' dir='ltr'><strong>ex</strong></span> 
     </span>
    </p>
   </div>
   <div class='ocr_carea' id='block_1_99' title="bbox 378 5007 3612 5101">
    <p class='ocr_par' dir='ltr' id='par_1_99' title="bbox 378 5007 3612 5101">
     <span class='ocr_line' id='line_1_99' title="bbox 378 5007 3612 5101; baseline -0.005 -29"><span class='ocrx_word' id='word_1_766' title='bbox 378 5028 446 5101; x_wconf 59' lang='grc' dir='ltr'><strong>ξφ</strong></span> <span class='ocrx_word' id='word_1_767' title='bbox 473 5013 630 5101; x_wconf 55' lang='lat' dir='ltr'><strong>quod</strong></span> <span class='ocrx_word' id='word_1_768' title='bbox 644 5013 888 5101; x_wconf 50' lang='lat' dir='ltr'><strong>tltvin&#39;um</strong></span> <span class='ocrx_word' id='word_1_769' title='bbox 925 5033 1143 5101; x_wconf 83' lang='lat' dir='ltr'><strong>sensum</strong></span> <span class='ocrx_word' id='word_1_770' title='bbox 1174 5007 1361 5101; x_wconf 35' lang='lat' dir='ltr'><strong>clarum</strong></span> <span class='ocrx_word' id='word_1_771' title='bbox 1394 5019 1929 5101; x_wconf 54' lang='lat' dir='ltr'><strong>nonnscrutabantur.</strong></span> <span class='ocrx_word' id='word_1_772' title='bbox 1959 5017 2105 5072; x_wconf 90' lang='lat' dir='ltr'><strong>Duas</strong></span> <span class='ocrx_word' id='word_1_773' title='bbox 2129 5007 2308 5101; x_wconf 73' lang='lat' dir='ltr'><strong>tamen</strong></span> <span class='ocrx_word' id='word_1_774' title='bbox 2339 5033 2422 5072; x_wconf 89' lang='lat' dir='ltr'><strong>res</strong></span> <span class='ocrx_word' id='word_1_775' title='bbox 2443 5018 2575 5073; x_wconf 85' lang='lat' dir='ltr'><strong>dicit</strong></span> <span class='ocrx_word' id='word_1_776' title='bbox 2601 5017 2927 5098; x_wconf 66' lang='lat' dir='ltr'><strong>Sadducaeos</strong></span> <span class='ocrx_word' id='word_1_777' title='bbox 2955 5007 3185 5101; x_wconf 53' lang='lat' dir='ltr'><strong>nescire,</strong></span> <span class='ocrx_word' id='word_1_778' title='bbox 3211 5007 3372 5092; x_wconf 78' lang='lat' dir='ltr'><strong>unam</strong></span> <span class='ocrx_word' id='word_1_779' title='bbox 3395 5007 3612 5101; x_wconf 60' lang='lat' dir='ltr'><strong>quidem</strong></span> 
     </span>
    </p>
   </div>
   <div class='ocr_carea' id='block_1_100' title="bbox 381 5079 3612 5165">
    <p class='ocr_par' dir='ltr' id='par_1_100' title="bbox 381 5079 3612 5165">
     <span class='ocr_line' id='line_1_100' title="bbox 381 5079 3612 5165; baseline 0 -30"><span class='ocrx_word' id='word_1_780' title='bbox 381 5084 720 5165; x_wconf 52' lang='grc' dir='ltr'>θούριοι-οξ,</span> <span class='ocrx_word' id='word_1_781' title='bbox 750 5085 972 5165; x_wconf 72' lang='lat' dir='ltr'><strong>alteram</strong></span> <span class='ocrx_word' id='word_1_782' title='bbox 1004 5097 1182 5141; x_wconf 91' lang='lat' dir='ltr'><strong>autem</strong></span> <span class='ocrx_word' id='word_1_783' title='bbox 1213 5088 1465 5165; x_wconf 65' lang='lat' dir='ltr'><strong>virtutem</strong></span> <span class='ocrx_word' id='word_1_784' title='bbox 1493 5089 1587 5143; x_wconf 92' lang='lat' dir='ltr'><strong>Dei</strong></span> <span class='ocrx_word' id='word_1_785' title='bbox 1625 5103 1904 5165; x_wconf 68' lang='lat' dir='ltr'><strong>perquam</strong></span> <span class='ocrx_word' id='word_1_786' title='bbox 1940 5089 2264 5165; x_wconf 68' lang='lat' dir='ltr'><strong>resurrectio</strong></span> <span class='ocrx_word' id='word_1_787' title='bbox 2294 5091 2372 5153; x_wconf 85' lang='lat' dir='ltr'><strong>tit,</strong></span> <span class='ocrx_word' id='word_1_788' title='bbox 2399 5098 2452 5142; x_wconf 89' lang='lat' dir='ltr'><strong>et</strong></span> <span class='ocrx_word' id='word_1_789' title='bbox 2485 5103 2622 5141; x_wconf 88' lang='lat' dir='ltr'><strong>nova</strong></span> <span class='ocrx_word' id='word_1_790' title='bbox 2657 5089 2762 5140; x_wconf 89' lang='lat' dir='ltr'><strong>vita</strong></span> <span class='ocrx_word' id='word_1_791' title='bbox 2791 5086 2951 5138; x_wconf 89' lang='lat' dir='ltr'><strong>inea.</strong></span> <span class='ocrx_word' id='word_1_792' title='bbox 2982 5079 3387 5165; x_wconf 69' lang='lat' dir='ltr'><strong>Potestaliqpis</strong></span> <span class='ocrx_word' id='word_1_793' title='bbox 3409 5079 3612 5155; x_wconf 72' lang='lat' dir='ltr'><strong>dicere.</strong></span> 
     </span>
    </p>
   </div>
   <div class='ocr_carea' id='block_1_101' title="bbox 378 5145 3611 5237">
    <p class='ocr_par' dir='ltr' id='par_1_101' title="bbox 378 5145 3611 5237">
     <span class='ocr_line' id='line_1_101' title="bbox 378 5145 3611 5237; baseline -0.003 -32"><span class='ocrx_word' id='word_1_794' title='bbox 378 5154 638 5237; x_wconf 77' lang='lat' dir='ltr'><strong>quoniam</strong></span> <span class='ocrx_word' id='word_1_795' title='bbox 672 5153 934 5237; x_wconf 58' lang='lat' dir='ltr'><strong>nginus</strong></span> <span class='ocrx_word' id='word_1_796' title='bbox 966 5172 1199 5237; x_wconf 75' lang='lat' dir='ltr'><strong>arguens</strong></span> <span class='ocrx_word' id='word_1_797' title='bbox 1231 5158 1559 5237; x_wconf 65' lang='lat' dir='ltr'><strong>sadduczeos</strong></span> <span class='ocrx_word' id='word_1_798' title='bbox 1592 5145 1800 5237; x_wconf 60' lang='lat' dir='ltr'><strong>nescire</strong></span> <span class='ocrx_word' id='word_1_799' title='bbox 1826 5158 2079 5237; x_wconf 71' lang='lat' dir='ltr'><strong>virtutem</strong></span> <span class='ocrx_word' id='word_1_800' title='bbox 2108 5157 2207 5237; x_wconf 74' lang='lat' dir='ltr'><strong>Dei</strong></span> <span class='ocrx_word' id='word_1_801' title='bbox 2227 5198 2244 5223; x_wconf 90' lang='lat'><strong>,</strong></span> <span class='ocrx_word' id='word_1_802' title='bbox 2276 5173 2334 5237; x_wconf 75' lang='lat' dir='ltr'><strong>se</strong></span> <span class='ocrx_word' id='word_1_803' title='bbox 2361 5145 2595 5236; x_wconf 82' lang='lat' dir='ltr'><strong>eos_non</strong></span> <span class='ocrx_word' id='word_1_804' title='bbox 2628 5170 2956 5222; x_wconf 76' lang='lat' dir='ltr'><strong>cognoscere</strong></span> <span class='ocrx_word' id='word_1_805' title='bbox 2989 5153 3268 5223; x_wconf 89' lang='lat' dir='ltr'><strong>arguebat.</strong></span> <span class='ocrx_word' id='word_1_806' title='bbox 3285 5145 3421 5216; x_wconf 57' lang='lat' dir='ltr'><strong>ipse</strong></span> <span class='ocrx_word' id='word_1_807' title='bbox 3467 5145 3611 5199; x_wconf 88' lang='lat' dir='ltr'><strong>enim</strong></span> 
     </span>
    </p>
   </div>
   <div class='ocr_carea' id='block_1_102' title="bbox 378 5220 3614 5306">
    <p class='ocr_par' dir='ltr' id='par_1_102' title="bbox 378 5220 3614 5306">
     <span class='ocr_line' id='line_1_102' title="bbox 378 5220 3614 5306; baseline -0.004 -31"><span class='ocrx_word' id='word_1_808' title='bbox 378 5231 494 5306; x_wconf 68' lang='lat' dir='ltr'><strong>erat</strong></span> <span class='ocrx_word' id='word_1_809' title='bbox 518 5223 689 5306; x_wconf 43' lang='lat' dir='ltr'><strong>virt‘us</strong></span> <span class='ocrx_word' id='word_1_810' title='bbox 717 5222 808 5306; x_wconf 91' lang='lat' dir='ltr'><strong>Dei</strong></span> <span class='ocrx_word' id='word_1_811' title='bbox 840 5236 894 5279; x_wconf 92' lang='lat' dir='ltr'><strong>et</strong></span> <span class='ocrx_word' id='word_1_812' title='bbox 921 5220 1206 5294; x_wconf 57' lang='lat' dir='ltr'><strong>sapientia,</strong></span> <span class='ocrx_word' id='word_1_813' title='bbox 1235 5236 1416 5306; x_wconf 79' lang='lat' dir='ltr'><strong>etnon</strong></span> <span class='ocrx_word' id='word_1_814' title='bbox 1442 5227 1842 5306; x_wconf 74' lang='lat' dir='ltr'><strong>cognoscebant</strong></span> <span class='ocrx_word' id='word_1_815' title='bbox 1866 5242 1988 5278; x_wconf 90' lang='lat' dir='ltr'><strong>eum</strong></span> <span class='ocrx_word' id='word_1_816' title='bbox 2016 5220 2296 5306; x_wconf 65' lang='lat' dir='ltr'><strong>Sadducazi</strong></span> <span class='ocrx_word' id='word_1_817' title='bbox 2329 5226 2484 5306; x_wconf 74' lang='lat' dir='ltr'><strong>quasi</strong></span> <span class='ocrx_word' id='word_1_818' title='bbox 2511 5220 2814 5280; x_wconf 88' lang='lat' dir='ltr'><strong>nescientes</strong></span> <span class='ocrx_word' id='word_1_819' title='bbox 2842 5220 3151 5292; x_wconf 79' lang='lat' dir='ltr'><strong>Scripturas</strong></span> <span class='ocrx_word' id='word_1_820' title='bbox 3174 5220 3614 5306; x_wconf 49' lang='lat' dir='ltr'><strong>quaalloqtmntnr</strong></span> 
     </span>
    </p>
   </div>
   <div class='ocr_carea' id='block_1_103' title="bbox 378 5288 3612 5375">
    <p class='ocr_par' dir='ltr' id='par_1_103' title="bbox 378 5288 3612 5375">
     <span class='ocr_line' id='line_1_103' title="bbox 378 5288 3612 5375; baseline -0.002 -34"><span class='ocrx_word' id='word_1_821' title='bbox 378 5292 444 5343; x_wconf 87' lang='lat' dir='ltr'><strong>de</strong></span> <span class='ocrx_word' id='word_1_822' title='bbox 475 5307 560 5346; x_wconf 82' lang='lat' dir='ltr'><strong>eo.</strong></span> <span class='ocrx_word' id='word_1_823' title='bbox 594 5291 887 5375; x_wconf 53' lang='lat' dir='ltr'><strong>Propterea</strong></span> <span class='ocrx_word' id='word_1_824' title='bbox 925 5288 2015 5375; x_wconf 54' lang='lat' dir='ltr'><strong>necresurrectionem&#39;credebant_quam</strong></span> <span class='ocrx_word' id='word_1_825' title='bbox 2047 5288 2503 5375; x_wconf 64' lang='lat' dir='ltr'><strong>facturusfuerat</strong></span> <span class='ocrx_word' id='word_1_826' title='bbox 2531 5288 3267 5375; x_wconf 44' lang='lat' dir='ltr'><strong>ipse‘sanctorun—r‘sum-uin.</strong></span> <span class='ocrx_word' id='word_1_827' title='bbox 3294 5288 3612 5375; x_wconf 51' lang='lat' dir='ltr'><strong>Quilantem</strong></span> 
     </span>
    </p>
   </div>
   <div class='ocr_carea' id='block_1_104' title="bbox 379 5357 3613 5446">
    <p class='ocr_par' dir='ltr' id='par_1_104' title="bbox 379 5357 3613 5446">
     <span class='ocr_line' id='line_1_104' title="bbox 379 5357 3613 5446; baseline -0.002 -33"><span class='ocrx_word' id='word_1_828' title='bbox 379 5364 632 5446; x_wconf 33' lang='lat' dir='ltr'><strong>nonuvult</strong></span> <span class='ocrx_word' id='word_1_829' title='bbox 664 5357 960 5446; x_wconf 74' lang='lat' dir='ltr'><strong>intelligere</strong></span> <span class='ocrx_word' id='word_1_830' title='bbox 988 5365 1348 5446; x_wconf 46' lang='lat' dir='ltr'><strong>die-tumultos,</strong></span> <span class='ocrx_word' id='word_1_831' title='bbox 1383 5376 1440 5446; x_wconf 86' lang='lat' dir='ltr'><strong>ut</strong></span> <span class='ocrx_word' id='word_1_832' title='bbox 1471 5366 1755 5446; x_wconf 65' lang='lat' dir='ltr'><strong>Sadduezei</strong></span> <span class='ocrx_word' id='word_1_833' title='bbox 1788 5357 2216 5446; x_wconf 59' lang='lat' dir='ltr'><strong>ideovideantur</strong></span> <span class='ocrx_word' id='word_1_834' title='bbox 2236 5366 2468 5446; x_wconf 78' lang='lat' dir='ltr'><strong>culpari,</strong></span> <span class='ocrx_word' id='word_1_835' title='bbox 2489 5357 2617 5435; x_wconf 77' lang='lat' dir='ltr'><strong>quia</strong></span> <span class='ocrx_word' id='word_1_836' title='bbox 2641 5363 2951 5431; x_wconf 85' lang='lat' dir='ltr'><strong>Scripturas</strong></span> <span class='ocrx_word' id='word_1_837' title='bbox 2976 5361 3044 5415; x_wconf 90' lang='lat' dir='ltr'><strong>de</strong></span> <span class='ocrx_word' id='word_1_838' title='bbox 3071 5361 3278 5446; x_wconf 70' lang='lat' dir='ltr'><strong>nuptiis</strong></span> <span class='ocrx_word' id='word_1_839' title='bbox 3303 5357 3613 5425; x_wconf 86' lang='lat' dir='ltr'><strong>quibusque</strong></span> 
     </span>
    </p>
   </div>
   <div class='ocr_carea' id='block_1_105' title="bbox 383 5427 3612 5506">
    <p class='ocr_par' dir='ltr' id='par_1_105' title="bbox 383 5427 3612 5506">
     <span class='ocr_line' id='line_1_105' title="bbox 383 5427 3612 5506; baseline -0.002 -24"><span class='ocrx_word' id='word_1_840' title='bbox 383 5431 588 5506; x_wconf 81' lang='lat' dir='ltr'><strong>positas</strong></span> <span class='ocrx_word' id='word_1_841' title='bbox 616 5427 894 5488; x_wconf 74' lang='lat' dir='ltr'><strong>moraliter</strong></span> <span class='ocrx_word' id='word_1_842' title='bbox 928 5450 1034 5488; x_wconf 89' lang='lat' dir='ltr'><strong>non</strong></span> <span class='ocrx_word' id='word_1_843' title='bbox 1069 5427 1437 5505; x_wconf 88' lang='lat' dir='ltr'><strong>intelligehant</strong></span> <span class='ocrx_word' id='word_1_844' title='bbox 1468 5434 1766 5490; x_wconf 88' lang='lat' dir='ltr'><strong>secundum</strong></span> <span class='ocrx_word' id='word_1_845' title='bbox 1799 5436 2098 5506; x_wconf 80' lang='lat' dir='ltr'><strong>spiritalem</strong></span> <span class='ocrx_word' id='word_1_846' title='bbox 2134 5427 2551 5506; x_wconf 71' lang='lat' dir='ltr'><strong>expositionem,</strong></span> <span class='ocrx_word' id='word_1_847' title='bbox 2587 5436 2679 5490; x_wconf 90' lang='lat' dir='ltr'><strong>sed</strong></span> <span class='ocrx_word' id='word_1_848' title='bbox 2709 5427 3029 5502; x_wconf 75' lang='lat' dir='ltr'><strong>siinplicrter</strong></span> <span class='ocrx_word' id='word_1_849' title='bbox 3075 5427 3375 5499; x_wconf 84' lang='lat' dir='ltr'><strong>secundum</strong></span> <span class='ocrx_word' id='word_1_850' title='bbox 3413 5436 3612 5492; x_wconf 87' lang='lat' dir='ltr'><strong>corpo-</strong></span> 
     </span>
    </p>
   </div>
   <div class='ocr_carea' id='block_1_106' title="bbox 443 5549 1517 5620">
    <p class='ocr_par' dir='ltr' id='par_1_106' title="bbox 443 5549 1517 5620">
     <span class='ocr_line' id='line_1_106' title="bbox 443 5549 1517 5620; baseline 0.006 -18"><span class='ocrx_word' id='word_1_851' title='bbox 443 5550 488 5582; x_wconf 79' lang='grc'><strong>⁵¹</strong></span> <span class='ocrx_word' id='word_1_852' title='bbox 525 5549 710 5605; x_wconf 79' lang='lat' dir='ltr'><strong>Matth.</strong></span> <span class='ocrx_word' id='word_1_853' title='bbox 757 5568 892 5619; x_wconf 69' lang='grc' dir='ltr'><strong>χω,</strong></span> <span class='ocrx_word' id='word_1_854' title='bbox 919 5553 1010 5608; x_wconf 76' lang='lat'><strong>‘29.</strong></span> <span class='ocrx_word' id='word_1_855' title='bbox 1087 5553 1134 5585; x_wconf 81' lang='grc'>⁸¹</span> <span class='ocrx_word' id='word_1_856' title='bbox 1171 5553 1402 5620; x_wconf 78' lang='lat' dir='ltr'><strong>lCor.i,</strong></span> <span class='ocrx_word' id='word_1_857' title='bbox 1426 5555 1517 5610; x_wconf 71' lang='grc'><strong>2-4.</strong></span> 
     </span>
    </p>
   </div>
   <div class='ocr_carea' id='block_1_107' title="bbox 452 5642 1943 5717">
    <p class='ocr_par' dir='ltr' id='par_1_107' title="bbox 452 5642 1943 5717">
     <span class='ocr_line' id='line_1_107' title="bbox 452 5642 1943 5717; baseline 0.007 -23"><span class='ocrx_word' id='word_1_858' title='bbox 452 5642 566 5717; x_wconf 68' lang='grc'><strong>(75)</strong></span> <span class='ocrx_word' id='word_1_859' title='bbox 609 5645 939 5717; x_wconf 72' lang='grc' dir='ltr'><strong>ᾈνᾳερέρειν</strong></span> <span class='ocrx_word' id='word_1_860' title='bbox 971 5649 1062 5717; x_wconf 73' lang='grc' dir='ltr'><strong>ἐφ’</strong></span> <span class='ocrx_word' id='word_1_861' title='bbox 1113 5648 1332 5702; x_wconf 72' lang='grc' dir='ltr'>ἑαυτὸν·</span> <span class='ocrx_word' id='word_1_862' title='bbox 1376 5648 1484 5702; x_wconf 83' lang='grc' dir='ltr'><strong>τὸν</strong></span> <span class='ocrx_word' id='word_1_863' title='bbox 1530 5647 1790 5716; x_wconf 80' lang='grc' dir='ltr'>Σωτῆρα.</span> <span class='ocrx_word' id='word_1_864' title='bbox 1849 5647 1943 5704; x_wconf 74' lang='lat' dir='ltr'><strong>Vel</strong></span> 
     </span>
    </p>
   </div>
   <div class='ocr_carea' id='block_1_108' title="bbox 281 5712 1938 5788">
    <p class='ocr_par' dir='ltr' id='par_1_108' title="bbox 281 5712 1938 5788">
     <span class='ocr_line' id='line_1_108' title="bbox 281 5712 1938 5788; baseline 0.001 -18"><span class='ocrx_word' id='word_1_865' title='bbox 281 5753 296 5757; x_wconf 50' lang='grc' dir='ltr'>ς</span> <span class='ocrx_word' id='word_1_866' title='bbox 381 5712 499 5788; x_wconf 60' lang='lat' dir='ltr'><strong>inge</strong></span> <span class='ocrx_word' id='word_1_867' title='bbox 551 5713 635 5765; x_wconf 76' lang='grc' dir='ltr'><strong>ἐπ’</strong></span> <span class='ocrx_word' id='word_1_868' title='bbox 664 5712 841 5788; x_wconf 68' lang='grc' dir='ltr'>αύτόν,</span> <span class='ocrx_word' id='word_1_869' title='bbox 871 5717 974 5782; x_wconf 91' lang='lat' dir='ltr'><strong>vel,</strong></span> <span class='ocrx_word' id='word_1_870' title='bbox 1004 5712 1151 5787; x_wconf 73' lang='lat' dir='ltr'><strong>quod</strong></span> <span class='ocrx_word' id='word_1_871' title='bbox 1201 5719 1408 5782; x_wconf 84' lang='lat' dir='ltr'><strong>malim,</strong></span> <span class='ocrx_word' id='word_1_872' title='bbox 1466 5712 1719 5788; x_wconf 68' lang='lat' dir='ltr'><strong>quodque</strong></span> <span class='ocrx_word' id='word_1_873' title='bbox 1775 5719 1938 5773; x_wconf 87' lang='lat' dir='ltr'><strong>veteri</strong></span> 
     </span>
    </p>
   </div>
   <div class='ocr_carea' id='block_1_109' title="bbox 385 5783 1940 5866">
    <p class='ocr_par' dir='ltr' id='par_1_109' title="bbox 385 5783 1940 5866">
     <span class='ocr_line' id='line_1_109' title="bbox 385 5783 1940 5866; baseline 0.003 -30"><span class='ocrx_word' id='word_1_874' title='bbox 385 5783 807 5866; x_wconf 84' lang='lat' dir='ltr'><strong>interpretationi</strong></span> <span class='ocrx_word' id='word_1_875' title='bbox 843 5783 1142 5844; x_wconf 81' lang='lat' dir='ltr'><strong>consonat:</strong></span> <span class='ocrx_word' id='word_1_876' title='bbox 1176 5788 1407 5844; x_wconf 80' lang='grc' dir='ltr'>Δύναται</span> <span class='ocrx_word' id='word_1_877' title='bbox 1448 5783 1505 5843; x_wconf 74' lang='grc' dir='ltr'><em>δέ</em></span> <span class='ocrx_word' id='word_1_878' title='bbox 1552 5783 1646 5854; x_wconf 74' lang='grc' dir='ltr'><strong>τις</strong></span> <span class='ocrx_word' id='word_1_879' title='bbox 1673 5787 1850 5856; x_wconf 80' lang='grc' dir='ltr'>λέγειν</span> <span class='ocrx_word' id='word_1_880' title='bbox 1883 5789 1940 5842; x_wconf 81' lang='grc' dir='ltr'>τὸ</span> 
     </span>
    </p>
   </div>
   <div class='ocr_carea' id='block_1_110' title="bbox 2048 5637 3608 5748">
    <p class='ocr_par' dir='ltr' id='par_1_110' title="bbox 2048 5637 3608 5748">
     <span class='ocr_line' id='line_1_110' title="bbox 2054 5637 3608 5719; baseline -0.006 -19"><span class='ocrx_word' id='word_1_881' title='bbox 2054 5647 2184 5719; x_wconf 87' lang='grc' dir='ltr'>μηδὲ</span> <span class='ocrx_word' id='word_1_882' title='bbox 2214 5647 2312 5718; x_wconf 83' lang='grc' dir='ltr'><strong>τὴν</strong></span> <span class='ocrx_word' id='word_1_883' title='bbox 2347 5646 2574 5718; x_wconf 87' lang='grc' dir='ltr'>δύναμιν</span> <span class='ocrx_word' id='word_1_884' title='bbox 2623 5644 2717 5699; x_wconf 87' lang='grc' dir='ltr'><strong>τοῦ</strong></span> <span class='ocrx_word' id='word_1_885' title='bbox 2772 5644 2907 5700; x_wconf 85' lang='grc' dir='ltr'>Θεοῦ</span> <span class='ocrx_word' id='word_1_886' title='bbox 2951 5642 3148 5697; x_wconf 83' lang='grc' dir='ltr'>εἰδέναι</span> <span class='ocrx_word' id='word_1_887' title='bbox 3205 5639 3454 5708; x_wconf 86' lang='grc' dir='ltr'>λέγεσθαι</span> <span class='ocrx_word' id='word_1_888' title='bbox 3486 5637 3608 5702; x_wconf 66' lang='grc' dir='ltr'>τοὺς</span> 
     </span>
     <span class='ocr_line' id='line_1_111' title="bbox 2048 5708 3605 5748; baseline 0 0"><span class='ocrx_word' id='word_1_889' title='bbox 2048 5717 2436 5748; x_wconf 55' lang='grc' dir='ltr'><strong>κ’..ὶλΑυυηξο-ιρ</strong></span> <span class='ocrx_word' id='word_1_890' title='bbox 2499 5717 2787 5748; x_wconf 56' lang='lat' dir='ltr'><strong>lammina.“</strong></span> <span class='ocrx_word' id='word_1_891' title='bbox 2830 5714 2914 5748; x_wconf 61' lang='lat' dir='ltr'><strong>Lm’</strong></span> <span class='ocrx_word' id='word_1_892' title='bbox 2967 5712 3155 5748; x_wconf 66' lang='grc' dir='ltr'><strong>ὃηηρλυ</strong></span> <span class='ocrx_word' id='word_1_893' title='bbox 3209 5709 3301 5748; x_wconf 56' lang='lat' dir='ltr'><strong>ar)“:</strong></span> <span class='ocrx_word' id='word_1_894' title='bbox 3359 5708 3605 5748; x_wconf 42' lang='lat' dir='ltr'><strong>Enniam;</strong></span> 
     </span>
    </p>
   </div>
   <div class='ocr_carea' id='block_1_111' title="bbox 2046 5709 3608 5845">
    <p class='ocr_par' dir='ltr' id='par_1_111' title="bbox 2046 5709 3608 5843">
     <span class='ocr_line' id='line_1_112' title="bbox 2046 5709 3608 5843; baseline -0.005 -72"><span class='ocrx_word' id='word_1_895' title='bbox 2046 5709 2436 5843; x_wconf 46' lang='lat' dir='ltr'><strong>ﬁiiiqﬁai&#39;u;</strong></span> <span class='ocrx_word' id='word_1_896' title='bbox 2483 5709 2787 5788; x_wconf 73' lang='grc' dir='ltr'>’ἀναφέρειν</span> <span class='ocrx_word' id='word_1_897' title='bbox 2829 5714 2914 5786; x_wconf 72' lang='grc' dir='ltr'><strong>ἐφ’</strong></span> <span class='ocrx_word' id='word_1_898' title='bbox 2967 5712 3155 5767; x_wconf 77' lang='grc' dir='ltr'>ἑαυτὸν</span> <span class='ocrx_word' id='word_1_899' title='bbox 3209 5709 3301 5765; x_wconf 82' lang='grc' dir='ltr'><strong>τὸν</strong></span> <span class='ocrx_word' id='word_1_900' title='bbox 3359 5709 3608 5780; x_wconf 56' lang='grc' dir='ltr'>Σωτῆρα.</span> 
     </span>
    </p>
   </div>
  </div>
