4074 6300
513 325 650 382 1593

1979 316 2305 375 ORIGENIS

3612 309 3762 365 12-306

507 434 854 512 Quapropter‘
897 437 1028 494 mihi
1086 453 1192 493 non
1243 439 1401 493 aliter
1454 437 1588 495 solvi
1651 453 1813 508 posse
1862 436 2067 491 videtur

2177 434 2373 504 Διόπερ
2413 431 2536 501 ἐμοὶ
2579 429 2678 484 οὐκ
2715 429 2886 491 ἄλλως
2927 427 3187 497 ,φαίνεται
3234 424 3490 493 δύνασθαι
3539 423 3774 478 λόεσθαι

509 533 640 587 illud
666 533 754 586 ":
805 549 826 582 ι
868 530 1114 596 Erratis,
1165 529 1467 586 nescientes
1514 529 1854 600 Scripturas,
1905 543 2079 596 neque

509 624 762 676 virtutem
799 620 891 675 Dei
921 635 937 685 ;
964 620 1020 674 in
1047 621 1443 675 resurrectione
1471 620 1615 675 enim
1645 633 1822 688 neque
1853 617 2076 680 nubent,

507 728 681 782 neque
711 711 1003 777 nubentur,
1036 729 1056 762 ι
1091 725 1253 781 quam
1282 726 1376 781 per
1399 710 1737 780 allegoriam,
1768 725 1890 778 qua:
1912 707 2077 763 simili

507 803 665 857 modo
701 802 841 871 apud
878 802 1198 872 Apostolum
1249 801 1303 856 in
1355 801 1596 870 Epistola
1646 800 1712 855 ad
1757 799 1976 854 Galatas
2010 797 2079 854 de

503 891 697 947 ancilla
755 901 810 946 et
871 889 1043 946 libera
1065 891 1134 958 “,
1189 897 1244 946 et
1301 905 1464 959 super
1511 888 1734 959 reliquis
1782 887 2078 958 Scripturis

427 1037 433 1046 ,
503 982 559 1037 in
617 983 816 1053 quibus
881 983 948 1037 de
1015 983 1134 1037 viro
1193 989 1249 1037 et
1302 981 1532 1036 muliere
1583 981 1789 1035 dictum
1841 987 1926 1034 est
1974 979 2075 1034 ali-

503 1075 660 1145 quid,
712 1074 848 1129 tradi
908 1082 1104 1143 potest.
1147 1072 1214 1127 Et
1259 1073 1716 1144 quemadmodum
1754 1081 1939 1127 errant
1981 1070 2075 1140 qui

501 1179 626 1220 cum
653 1166 1040 1234 prophetarum
1071 1165 1272 1234 scripta
1302 1165 1636 1234 tropologice
1670 1178 1780 1218 non
1805 1163 2074 1232 interpre-

503 1264 704 1318 tentur,
737 1269 1036 1324 corporeos
1060 1255 1214 1310 cibos
1246 1262 1373 1324 post
1397 1253 1856 1310 resurrectionem
1885 1266 2076 1308 esuros

500 1361 602 1400 nos
628 1362 693 1402 ac
724 1347 992 1403 bibituros
1041 1347 1389 1412 existimant,
1431 1347 1560 1416 quia
1595 1347 1723 1402 talia
1767 1344 2076 1414 Scriptura—

502 1452 626 1491 rum
659 1438 844 1494 verbis
869 1439 1256 1505 continentur;
1303 1439 1378 1493 ita
1409 1447 1465 1493 et
1495 1454 1618 1494 cum
1647 1453 1736 1493 res
1784 1437 1852 1493 de
1881 1439 2074 1492 matri-

501 1527 723 1592 moniis,
749 1537 802 1582 et
824 1529 960 1583 viris
992 1543 1057 1584 ac
1079 1528 1404 1583 mulieribus
1436 1529 1780 1597 conscriptas
1816 1527 1982 1582 verbo
2001 1537 2076 1582 te-

499 1631 607 1672 nus
634 1627 878 1686 tuentur,
909 1617 1265 1690 futurumque
1298 1627 1584 1674 autumant
1610 1628 1670 1674 ιιι
1697 1629 1826 1673 tunc
1854 1633 2075 1688 quoque

499 1709 748 1764 venereis
771 1718 990 1764 utamur
1013 1710 1423 1781 congressibus,
1445 1718 1665 1780 propter
1687 1724 1826 1779 quos
1842 1709 2070 1764 orationi

2182 521 2276 586 τὸ,
2312 540 2330 573 ‹
2385 518 2663 573 Πλανᾶσθε
2708 518 2782 590 μὴ
2821 517 3020 582 εἰδότες
3047 517 3144 581 τὰς
3183 515 3425 589 Γραφὰς,
3483 514 3622 585 μηδὲ
3668 514 3777 585 τὴν

2182 614 2406 685 δύναμιν
2449 613 2543 666 τοῦ
2591 612 2770 666 Θεοῦι
2807 614 2864 667 ὲν
2894 614 3002 684 γάρ
3045 617 3110 684 τῇ
3157 612 3454 666 ἀναστάσει
3498 611 3624 664 οὔτε
3664 626 3773 679 γα-

2186 704 2396 775 μοῦσιν,
2425 703 2548 757 οῦτε
2580 703 2964 774 γαμίσκονται,
3003 724 3020 756 ι
3053 704 3086 775 ἢ
3118 703 3205 756 διὰ
3226 703 3327 774 τῆς
3356 703 3618 770 ἀνάλογον
3652 719 3771 754 κει-

2186 796 2352 867 μένης
2393 797 2721 867 ἀλληγορίας
2759 795 2910 868 παρὰ
2954 794 3032 865 τῷ
3075 793 3386 865 ’Λποστόλῳ
3417 796 3475 848 έν
3515 797 3584 864 τῇ
3625 793 3767 864 πρὸς

2183 885 2424 948 Γαλάτας
2453 884 2738 956 Ἐπιστολῇ
2789 886 2918 956 περὶ
2971 885 3258 956 παιδίσκης
3309 886 3402 939 καὶ
3437 885 3764 956 ἐλευθέρας,

2183 975 2656 1047 ἀποδοθησομένης
2681 977 2774 1032 καὶ
2798 979 2877 1040 εὶς
2897 976 2995 1041 τὰς
3016 977 3206 1040 λοιπάς
3229 977 3450 1048 Γραφὰς
3476 977 3603 1030 ἔνθα
3632 977 3766 1049 περὶ

2181 1065 2374 1137 ἀνδρὸς
2423 1067 2515 1118 καὶ
2559 1067 2816 1135 γυναικὸς
2863 1067 3109 1122 λέλεκταί
3142 1085 3215 1121 τι.
3250 1067 3360 1122 Καὶ
3402 1067 3590 1137 ὥσπερ
3622 1066 3767 1120 πλα-

2181 1155 2376 1210 νῶνται
2402 1159 2450 1210 οἱ
2480 1158 2567 1211 διὰ
2596 1158 2708 1227 (74)
2755 1159 2814 1212 τὸ
2844 1159 2916 1230 μὴ
2953 1159 3298 1230 τροπολογεῖν
3345 1157 3417 1212 τὰ
3448 1158 3762 1229 προφητικὰ

2179 1247 2412 1318 οἰόμενοι
2438 1247 2654 1319 μέλλειν
2675 1251 2822 1320 ἡμᾶς
2853 1249 2990 1320 μετὰ
3013 1248 3109 1320 τὴν
3133 1249 3425 1302 ἀνάστασιν
3447 1247 3644 1302 ἐσθίειν
3666 1249 3761 1301 καὶ

2182 1341 2355 1394 πίνειν
2397 1341 2683 1411 σωματικὰ
2727 1341 3011 1412 βρώματα,
3043 1343 3165 1396 ἐπεὶ
3197 1343 3253 1394 αἱ
3286 1340 3461 1404 λέξεις
3487 1341 3592 1393 τῶν
3621 1341 3756 1411 Γραυ

2183 1431 2298 1500 φῶν
2331 1431 2554 1484 τοιαῦτα
2587 1432 2950 1503 περιέχουσινο
2985 1431 3159 1496 οὕτως
3191 1432 3284 1485 καὶ
3314 1432 3383 1485 τά
3410 1433 3538 1502 περὶ
3567 1432 3756 1502 γάμων

2179 1523 2538 1595 γεγραμμένα
2594 1524 2687 1576 καὶ
2741 1523 2949 1594 ἀνδρῶν
3001 1523 3094 1576 καὶ
3141 1524 3416 1592 γυναικῶν
3469 1523 3757 1593 τηροῦντες

2180 1615 2272 1668 ἐπὶ
2303 1613 2397 1667 τοῦ
2444 1613 2629 1684 ῥητοῦ,
2677 1615 2770 1667 ml.
2822 1613 3053 1683 οἰόμενοι
3107 1613 3412 1676 συνουσίαις
3449 1613 3610 1684 ,ἡμᾶς
3662 1615 3756 1667 καὶ

2178 1703 2299 1756 τότε
2342 1703 2638 1776 χρήσεσθαι
2678 1703 2811 1774 (75),
2855 1703 2922 1758 δι’
2952 1705 3018 1768 ἃς
3047 1704 3167 1756 οὐδὲ
3211 1703 3490 1773 σχολάζειν
3536 1705 3653 1757 ἐστὶ
3689 1706 3754 1774 τῇ

499 1811 696 1853 vacare
724 1799 949 1854 minime
979 1799 1144 1867 licet;
1177 1816 1302 1856 cum
1333 1801 1526 1871 polluti
1561 1800 1964 1871 quodammodo
2015 1809 2067 1856 et

2173 1797 2443 1866 προσευχῇ
2479 1793 2726 1858 δυνατὸν,
2759 1796 2817 1847 ὲν
2854 1794 3116 1866 μολυσμῷ
3147 1812 3264 1858 πως
3294 1796 3463 1849 ὄντων
3491 1795 3585 1849 καὶ
3627 1796 3758 1850 ἀκα-

500 1887 767 1943 immundi
795 1889 906 1945 sint
936 1891 1030 1959 qui
1059 1891 1305 1947 venereis
1327 1892 1490 1948 rebus
1521 1902 1771 1947 utuntur.

570 1979 659 2033 56.
688 1977 882 2043 Quzero
913 1979 1171 2049 deinceps
1192 1994 1262 2033 an
1286 1979 1375 2033 illa
1406 1997 1419 2034 :
1461 1997 1479 2030 ι
1516 1978 1747 2042 Erratis,
1767 1977 2071 2034 nescientes

501 2061 834 2134 Scripturas,
853 2080 1031 2136 neque
1060 2068 1316 2124 virtutem
1361 2067 1490 2132 Dei,
1531 2085 1550 2119 ι
1601 2067 1669 2121 ad
1715 2067 1846 2120 illud
1893 2065 2070 2120 solum

496 2153 804 2209 referatur:
863 2175 882 2208 ‹
918 2155 976 2210 ln
1010 2157 1414 2212 resurrectione
1456 2156 1601 2211 enim
1643 2171 1819 2226 neque
1869 2155 2073 2210 nubent

496 2257 674 2312 neque
701 2245 1006 2313 nubentur;
1048 2266 1066 2299 ι
1103 2262 1172 2301 an
1193 2255 1248 2302 et
1266 2245 1335 2302 ad
1361 2261 1423 2301 ea
1449 2261 1710 2316 quoque;
1753 2264 1770 2295 ι
1807 2243 1912 2300 Sed
1942 2253 2074 2300 sunt

495 2334 639 2390 sicut
665 2336 841 2405 angeli
873 2335 967 2392 Dei
989 2337 1044 2390 in
1071 2338 1243 2404 coelo;
1278 2357 1296 2391 ι
1313 2353 1426 2406 nec
1447 2337 1594 2392 enim
1613 2337 1836 2406 reperio
1853 2337 1906 2391 in
1925 2351 2070 2405 quo-

496 2439 622 2478 nam
679 2423 975 2496 Scripturae
1009 2427 1129 2484 loco
1153 2428 1360 2499 angelis
1391 2429 1446 2483 in
1473 2428 1613 2483 caelo
1644 2428 1852 2483 similes
1898 2426 2069 2482 futuri

495 2516 766 2584 dicantur,
798 2519 891 2588 qui
926 2519 1158 2576 salutem
1190 2521 1590 2591 adipiscentur;
1625 2519 1796 2590 828
1821 2519 1927 2575 nisi
1944 2519 2070 2590 quis

497 2605 730 2664 fortasse
764 2609 893 2664 illud
923 2611 1191 2667 declarari
1226 2612 1541 2682 pronuntiet
1579 2612 1626 2644 ⁸⁵
1666 2629 1680 2666 :
1720 2629 1738 2661 σ
1774 2609 1855 2665 Tu
1888 2622 2068 2665 autem

497 2696 600 2750 ibis
623 2697 690 2751 ad
736 2704 919 2767 patres
944 2708 1066 2756 tuos
1095 2700 1151 2754 in
1205 2715 1357 2771 pace,
1399 2700 1638 2756 nutritus
1689 2700 1744 2753 in
1792 2706 2070 2755 senectute

495 2787 674 2854 bona;
706 2806 727 2839 ι
781 2796 835 2844 et
860 2789 954 2844 illo
981 2791 1069 2843 “z
1110 2810 1130 2843 ι
1178 2791 1474 2862 Appositus
1500 2799 1584 2848 est
1630 2790 1831 2861 populo
1877 2805 2000 2857 suo,
2041 2809 2061 2843 ι

496 2882 582 2936 vel
633 2897 700 2938 eo
721 2883 816 2954 qui
862 2882 919 2937 in
967 2881 1388 2938 Deuteronomio
1421 2882 1654 2938 habetur
1709 2882 1830 2937 loco
1861 2881 1929 2948 ⁸⁷,
1960 2896 2070 2951 quo

495 2975 682 3042 homo,
709 2975 866 3046 quasi
893 2991 923 3030 a
952 2975 1064 3033 Deo
1093 2976 1148 3030 in
1170 2976 1332 3043 caelo,
1366 2983 1421 3030 et
1450 2991 1614 3044 supra
1641 2983 1840 3031 terram
1865 2973 2069 3032 consti-

494 3073 646 3120 tutus
691 3065 1007 3134 exhibetur;
1057 3081 1218 3136 quem
1270 3065 1453 3120 locum
1484 3065 1582 3120 tibi
1612 3065 1728 3135 ipse
1779 3064 2067 3134 quaesitum

493 3156 750 3225 reperies.
784 3155 988 3213 Deinde
1032 3158 1164 3212 illud
1196 3158 1576 3228 exponendum
1620 3157 1770 3212 venit
1799 3157 1889 3213 ης
1928 3174 1948 3208 ι
1991 3154 2065 3211 De

495 3247 894 3302 resurrectione
923 3256 1264 3304 mortuorum
1292 3265 1400 3305 non
1429 3249 1635 3322 legistis
1659 3249 1805 3320 quod
1853 3249 2060 3304 dictum

2173 1887 2374 1958 θαρσίᾳ
2402 1887 2507 1940 τινὶ
2540 1886 2649 1941 τῶν
2684 1887 2982 1959 χρωμένων
3010 1886 3364 1958 ἀφροδισίοις.

2241 1976 2398 2031 Μετὰ
2426 1975 2598 2030 ταῦτα
2628 1976 2775 2047 ζητῶ
2805 1977 3031 2050 πότερον
3059 1978 3120 2031 τὸ
3139 2016 3153 2040 ,
3192 1997 3210 2029 ι
3247 1977 3532 2031 Πλανᾶσθε
3575 1978 3652 2050 μὴ
3687 1981 3756 2033 εί-

2170 2070 2321 2133 δότες
2354 2069 2451 2132 τὰς
2495 2067 2740 2140 Γραφὰς,
2795 2069 2930 2140 μηδὲ
2979 2070 3080 2141 τὴν
3127 2068 3356 2141 δύναμιν
3401 2070 3494 2123 τοῦ
3531 2071 3687 2136 Θεοῦ,
3723 2091 3745 2124 ι

2173 2159 2263 2211 ἐπὶ
2304 2158 2462 2229 μόνον
2507 2157 2835 2229 ἀναφέρεται
2878 2159 2972 2223 τὸ,
3011 2177 3030 2210 ι
3085 2160 3172 2213 Ἐν
3203 2159 3310 2232 γὰρ
3348 2163 3414 2232 τῇ
3463 2162 3750 2215 ἀναστάσει

2170 2248 2292 2302 οὔτε
2332 2248 2627 2320 γαμοῦσιν,
2661 2248 2784 2302 οῦτε
2824 2249 3210 2319 γαμίσκονται,
3266 2269 3284 2302 ι
3323 2250 3356 2321 ἢ
3401 2253 3494 2305 καὶ
3533 2253 3626 2304 ἐπὶ
3655 2252 3748 2306 τόο

2177 2361 2195 2394 ‹
2241 2341 2382 2394 Ἀλλ’
2422 2335 2558 2394 εἰσὶν
2586 2341 2663 2404 ὼς
2693 2344 2740 2395 οἱ
2773 2341 2990 2410 ἄγγελοι
3016 2344 3073 2396 έν
3098 2342 3176 2413 τῷ
3211 2343 3445 2415 οὐρανῷ.
3484 2363 3503 2397 t
3539 2346 3612 2399 Οὐ
3643 2344 3751 2416 γὰρ

2170 2433 2410 2505 εὑρίσκω
2445 2431 2548 2486 ποῦ
2587 2433 2812 2504 Γραφῆς
2856 2433 3102 2502 λέγονται
3139 2437 3188 2488 οἱ
3217 2435 3586 2507 σωθησόμενοι
3614 2433 3746 2491 εἶναι

2168 2524 2243 2588 ὡς
2280 2522 2499 2592 ἄγγελοι
2537 2522 2594 2574 ὲν
2639 2521 2718 2592 τῷ
2755 2522 2992 2594 οὐρανῷ·
3026 2525 3073 2575 εἰ
3108 2522 3180 2593 μὴ
3215 2522 3322 2593 ἄρα
3346 2541 3430 2586 τις
3457 2525 3550 2577 καὶ
3593 2523 3748 2577 τοῦτο

2170 2615 2330 2684 φήσει
2356 2611 2643 2683 δηλοῦσθαι
2673 2611 2730 2664 έν
2753 2610 2832 2681 τῷ
2852 2650 2867 2674 ,
2904 2629 2924 2663 ι
2958 2611 3029 2663 Σὺ
3065 2611 3122 2664 δὲ
3151 2611 3428 2686 ἀπελεύσῃ
3455 2613 3595 2684 πρὸς
3622 2613 3748 2678 τοὺς

2170 2703 2412 2774 πατέρας
2447 2720 2540 2756 σου
2570 2703 2686 2773 μετ’
2717 2703 2960 2773 εἰρήνης,
2996 2701 3224 2772 τραφεὶς
3244 2703 3303 2754 ἐν
3341 2702 3488 2774 γήρᾳ
3518 2702 3689 2772 καλῷ,
3719 2722 3740 2756 ι

2170 2794 2265 2849 καὶ
2297 2793 2406 2865 τῷ,
2446 2813 2464 2846 ι
2514 2793 2823 2866 Προσετέθη
2867 2793 3001 2865 πρὸς
3031 2792 3092 2846 τὸ
3123 2794 3276 2863 γένος
3315 2794 3500 2860 αὑτοῦ,
3551 2813 3570 2847 ›
3611 2794 3744 2865 ἢτῷ

2169 2886 2228 2940 έν
2299 2883 2701 2956 Δευτερονομίῳ
2769 2883 3045 2954 λεγομένῳ
3110 2886 3240 2955 περὶ
3278 2884 3563 2954 ἀνθρώπου
3591 2925 3606 2948 ,
3666 2885 3742 2946 ὡς

2168 2976 2504 3047 τεταγμένου
2534 2974 2637 3029 ὑπὸ
2665 2973 2800 3028 Θεοῦ
2829 2976 2886 3027 ὲν
2911 2975 3124 3047 οὐρανῷ
3151 2975 3244 3029 καὶ
3269 2976 3360 3028 ἐπὶ
3397 2976 3497 3044 γῆς
3515 2992 3526 3004 ⁸
3559 2973 3734 3042 ἐαυτῷ

2169 3067 2227 3123 δὲ
2271 3067 2366 3138 τὴν
2403 3065 2548 3130 λέξιν
2599 3066 2844 3137 τηρήσας
2890 3067 3160 3136 εὑρήσεις.
3209 3064 3356 3134 Ἑξῆς
3383 3063 3553 3133 τούτῳ
3588 3063 3733 3118 ἔστιν

2175 3159 2303 3213 ἰδεῖν
2331 3157 2421 3210 τό’
2473 3175 2492 3208 ι
2547 3158 2682 3227 Περὶ
2724 3157 2824 3228 τῆς
2869 3157 3210 3219 ἀναστάσεως
3248 3153 3352 3208 τῶν
3384 3153 3595 3226 νεκρῶν
3635 3154 3738 3207 οὐκ

2169 3249 2442 3318 ἀνέγνωτε
2481 3247 2543 3300 τὸ
2587 3233 2773 3318 ῥηθὲν
2799 3247 2928 3317 ὑμῖν
2978 3246 3087 3300 ὑπὸ
3135 3244 3225 3299 τοῦ
3275 3243 3408 3297 Θεοῦ
3455 3243 3742 3314 λέγοντος·

493 3347 578 3392 est
605 3355 632 3391 a
665 3338 776 3395 Deo
799 3340 1009 3396 dicente
1028 3341 1184 3396 vobis
1215 3357 1228 3394 :
1263 3340 1377 3413 Ego
1417 3310 1539 3396 sunt
1583 3310 1729 3396 Deus
1763 3341 2059 3404 Abraham,

2181 3310 2324 3409 Ἐγίῖ)
2358 3340 2472 3409 εἰμι
2500 3339 2529 3390 ὁ
2747 3310 3014 3408 Ἀϐραὰμ,
3049 3337 3145 3390 καὶ
3182 3339 3210 3390 ὁ
3241 3335 3372 3401 Θεὸς
3411 3310 3616 3398 Ἰσαάκ,
3651 3335 3745 3389 καὶ

492 3436 548 3482 et
570 3429 712 3486 Deus
756 3429 938 3497 Isaac,
966 3441 1018 3488 et
1043 3431 1188 3488 Deus
1237 3432 1448 3489 Jacob?
1481 3433 1624 3488 Deus
1659 3448 1767 3487 non
1797 3442 1880 3489 est
1920 3431 2063 3487 Deus

2173 3434 2197 3486 ὁ
2223 3431 2354 3494 Θεὸς
2395 3428 2622 3494 Ἰακὼ6;
2651 3429 2765 3482 Οὐκ
2792 3427 2936 3481 ἔστιν
2963 3431 2991 3482 ὁ
3010 3429 3163 3494 Θεὸς,
3199 3419 3330 3492 Θεὸς
3363 3428 3587 3498 νεκρῶν,
3609 3426 3745 3480 ἀλλὰ

493 3528 858 3587 mortuorum,
886 3534 979 3578 seu
1007 3523 1324 3578 Viventium.
1360 3542 1380 3576 ι
1407 3522 1489 3576 Ad
1513 3522 1566 3577 id
1587 3529 1768 3578 autem
1795 3521 2062 3585 dicemus,

2173 3521 2408 3587 ζώντων.
2453 3539 2472 3572 ι
2506 3520 2617 3573 Καὶ
2640 3521 2718 3582 εἰς
2746 3518 2903 3571 τοῦτο
2929 3518 2984 3571 δὲ
3023 3521 3291 3590 φήσομεν,
3335 3519 3416 3573 ὃτι
3451 3517 3618 3590 μυρία
3647 3516 3738 3569 δυ-

1681 3631 1913 3688 VETUS
1947 3629 2526 3686 INTERPRETATIO.

493 3741 660 3797 ralem
695 3741 1003 3813 historiam,
1034 3761 1256 3802 necesse
1286 3746 1506 3802 habebit
1535 3761 1702 3801 unum
1739 3743 1917 3798 facere
1944 3760 2011 3798 ex
2036 3742 2252 3813 duobus
2280 3758 2294 3794 :
2327 3751 2420 3796 aut
2447 3757 2555 3796 non
2598 3742 2821 3797 credere
2862 3745 3225 3813 praisenttbus
3271 3745 3450 3799 verbis
3494 3743 3733 3809 Christi,

489 3813 649 3890 quasi
681 3813 821 3868 male
847 3812 1066 3870 ChriSto
1093 3817 1326 3883 dicente,
1355 3816 1446 3940 qui
1481 3817 1618 3870 dixit
1646 3814 1883 3881 positum
1914 3829 2037 3867 esse
2068 3813 2126 3892 in.
2156 3812 2474 3893 Scripturis,
2503 3813 2648 3881 quod
2681 3812 2916 3880 positum
2952 3829 3059 3868 non
3092 3825 3213 3869 erat
3239 3833 3253 3869 :
3280 3825 3374 3894 aut
3401 3813 3644 3894 refugere
3669 3817 3734 3870 ad

492 3882 662 3937 libros
710 3893 951 3940 secretos
1003 3886 1057 3938 in
1109 3887 1307 3940 auibus
1397 3901 1426 3939 e
1476 3886 1584 3939 vita
1635 3885 1723 3937 illa
1777 3883 1929 3936 beata
1985 3881 2330 3935 manifestius
2353 3881 2565 3936 videtur
2597 3897 2719 3936 esse
2754 3884 3170 3940 conscriptum:
3216 3895 3270 3938 et
3317 3887 3459 3938 dicet
3503 3885 3569 3938 ad
3617 3885 3734 3938 illas

492 3882 662 3954 libros
710 3893 951 3954 secretos
1003 3886 1057 3938 in
1109 3881 1320 3954 quibus
1359 3881 1426 3940 de
1476 3886 1584 3939 vita
1635 3885 1723 3954 illa
1777 3883 1929 3954 beata
1985 3881 2335 3954 manifestius
2353 3881 2565 3954 videtur
2597 3897 2735 3954 esse_
2754 3884 3170 3954 conscriptum:
3216 3895 3285 3954 et;
3317 3885 3459 3938 dicet
3503 3885 3569 3938 ad
3617 3885 3734 3938 illas

492 3952 791 4024 scripturas
826 3949 1168 4024 referendum
1214 3971 1355 4018 esse,
1385 3955 1529 4024 quod
1565 3954 1650 4008 hic
1678 3953 1943 4024 Dominus
1969 3953 2100 4024 dici_t
2130 3951 2196 4024 ad
2231 3949 2560 4006 Sadducaaos
2589 3968 2604 4006 :
2646 3969 2671 4024 ¢_
2696 3949 2903 4024 Erratis
2930 3949 3236 4024 nescientes
3263 3952 3594 4022 Scripturas.
3624 3973 3642 4005 ι
3672 3955 3735 4007 Et

494 4022 620 4094 vide
644 4020 758 4094 nisi
777 4036 843 4075 ex
873 4023 1023 4094 omni
1059 4034 1208 4092 parte
1238 4020 1735 4094 cadat-quicunque
1769 4022 2027 4094 moralem
2058 4020 2464 4094 Scripturarum
2481 4021 2702 4094 respuit
2723 4021 3076 4076 intellectum.
3109 4020 3418 4094 Pr0pterea_
3441 4039 3546 4076 non
3579 4025 3735 4094 aliter

490 4089 624 4162 inihi
671 4088 887 4145 videtur
913 4088 1074 4162 solvi
1119 4109 1281 4162 posse
1327 4088 1471 4160 quod
1520 4088 1766 4147 dicit—ur:
1805 4109 1822 4139 ι
1856 4090 2064 4162 Erratis
2092 4091 2416 4162 __neseientes
2477 4089 2843 4162 Scripturas,
2872 4107 3048 4160 neque
3092 4088 3344 4146 virtutem
3397 4092 3534 4157 Dei;
3569 4111 3588 4142 ι
3631 4093 3733 4146 nisi

489 4159 810 4232 Scripturas
833 4161 926 4229 qui
959 4159 1239 4216 moraliter
1271 4159 1521 4228 audiens,
1546 4163 1707 4216 aliam
1731 4175 1805 4232 ex,
1825 4160 1946 4232 aliis
1975 4159 2320 4223 intellexerit,
2354 4160 2798 4232 demonstrantes
2833 4160 2888 4232 in
2917 4159 3120 4231 quibus
3153 4162 3468 4232 aliquidde
3521 4163 3654 4216 viris
3682 4173 3734 4215 et

489 4229 755 4302 uxoribus
800 4228 1096 4300 loquuntur
1126 4232 1460 4302 Scriptum:
1497 4241 1552 4286 et
1577 4230 2034 4302 quemadmodum
2082 4237 2270 4302 errant
2319 4228 2413 4298 qui
2460 4230 2803 4302 propheticas
2856 4228 3319 4302 Scripturasnbn
3379 4231 3733 4301 intelligentcs

489 4299 790 4372 moraliter,
819 4299 1010 4372 putant
1037 4309 1158 4372 post
1186 4299 1638 4372 resurrectionem
1675 4301 1924 4372 homines
1981 4299 2408 4372 manducaturos
2441 4308 2494 4372 et
2525 4299 2792 4372 bibituros
2820 4299 2993 4372 escas
3023 4300 3268 4355 carnales
3295 4317 3309 4366 ;
3338 4310 3392 4353 et
3439 4299 3572 4368 post
3597 4317 3735 4369 quo-

487 4367 634 4422 niam
669 4377 724 4440 et
758 4367 1052 4438 Scripturai
1080 4371 1410 4440 propheticze
1439 4371 1566 4424 talia
1601 4370 1882 4424 continent
1907 4368 2154 4438 quaedam
2182 4369 2324 4440 sicut
2352 4369 2500 4440 etde
2529 4369 2733 4437 nuptiis
2782 4369 3023 4440 virorum
3073 4377 3128 4423 et
3177 4367 3463 4440 mulierum
3511 4367 3730 4438 scripta,

487 4437 784 4491 secundum
813 4436 1022 4493 teritum
1080 4436 1467 4509 intélligentes,
1502 4449 1697 4509 putant
1721 4454 1820 4493 nos
1850 4436 2014 4493 etiam
2047 4448 2168 4507 post
2195 4439 2401 4492 exitum
2428 4436 2648 4509 futuros
2672 4453 2801 4509 esse
2829 4439 2883 4491 in
2914 4453 3015 4509 usu
3061 4439 3362 4493 carnalium
3395 4436 3731 4509 nuptiarum,

484 4515 703 4578 propter
735 4524 873 4576 quas
901 4524 999 4563 nec
1029 4525 1221 4564 vacare
1250 4507 1372 4578 quis
1398 4507 1742 4578 orationibus
1771 4517 1946 4578 potest
1973 4509 2179 4578 absque
2209 4509 2419 4562 macula
2450 4521 2549 4561 nec
2582 4507 2774 4578 inihoc
2807 4507 3035 4578 mundo.

553 4576 642 4647 56.
677 4575 808 4631 Item
842 4593 1026 4646 quaero
1053 4580 1196 4647 quod
1227 4575 1358 4634 dicit
1385 4598 1398 4634 :
1437 4598 1457 4631 ι
1489 4577 1695 4634 Erratis
1719 4575 2023 4633 nescientes
2056 4575 2387 4646 scripturas,
2414 4593 2592 4646 neque
2616 4577 2869 4630 virtutem
2897 4577 3014 4642 Dei,
3040 4595 3059 4628 ι
3091 4584 3274 4630 utrum
3305 4575 3372 4630 ad
3403 4577 3534 4633 illud
3555 4577 3729 4632 solum

481 4646 887 4717 pertinet_quod
937 4646 1105 4703 dicit:
1142 4667 1160 4699 ‹
1202 4647 1257 4702 In
1310 4651 1707 4704 resurrectione
1734 4663 1909 4717 neque
1939 4648 2171 4708 nubunt,
2204 4661 2611 4717 nequemuxorcs
2638 4647 2952 4715 accipiunt;
2985 4665 3003 4698 ι
3040 4655 3135 4700 aut
3169 4647 3330 4700 etiam
3372 4662 3440 4701 ex
3485 4663 3550 4701 eo
3592 4648 3732 4715 quod

480 4717 599 4787 ait:
639 4733 668 4787 σγ
695 4715 798 4770 Sed
834 4727 997 4772 erunt
1027 4719 1168 4773 sicut
1199 4719 1377 4787 angeli
1412 4720 1467 4772 in
1494 4720 1654 4773 casio.
1687 4737 1708 4770 ›
1741 4715 1850 4773 Nec
1878 4717 2097 4771 invenio
2130 4715 2327 4770 alicubi
2371 4715 2709 4785 Scripturam
2755 4717 3048 4780 dicentem,
3095 4725 3315 4787 sanctos
3361 4727 3486 4787 pos_t
3527 4718 3732 4770 exitum

481 4782 596 4857 fore
627 4786 768 4857 sicut
796 4788 1018 4857 angelos
1051 4787 1144 4842 Dei
1170 4805 1184 4842 :
1216 4782 1319 4844 nisi
1352 4788 1493 4844 forte
1519 4790 1642 4856 quis
1670 4799 1720 4843 et
1757 4789 1860 4843 hoc
1886 4787 2164 4841 moraliter
2192 4787 2461 4857 intelligat
2486 4782 2785 4840 secundum
2819 4787 2948 4839 illud
2980 4786 3121 4857 quod
3147 4782 3525 4857 dicitur‘u'l‘u
3552 4795 3731 4839 autem

482 4852 584 4906 ibis
612 4855 678 4907 ad
711 4852 896 4928 patres
924 4867 1044 4913 tuos
1073 4873 1195 4913 cum
1224 4874 1377 4928 pace,
1410 4852 1650 4928 nutritus
1674 4859 1729 4912 in
1758 4866 1974 4928 senecta
2006 4858 2166 4928 bona.
2199 4877 2217 4910 ι
2256 4852 2396 4910 ιιοιιῐ
2412 4875 2427 4928 _:
2465 4857 2809 4928 (Appositus
2843 4864 2924 4928 est
2956 4852 3022 4928 ad
3047 4856 3310 4928 populum
3348 4871 3533 4928 suum,
3567 4875 3586 4905 ι
3618 4862 3732 4928 aut,

487 4939 506 4970 ι
537 4925 817 4990 appositus
841 4937 924 4981 est
948 4928 1013 4982 ad
1044 4923 1422 4998 genus-suum.
1454 4946 1472 4979 ι
1512 4927 1700 4984 Restat
1729 4938 1788 4982 ut
1816 4927 2064 4982 dicamus
2089 4926 2157 4981 de
2190 4941 2256 4980 eo
2280 4926 2427 4996 quod
2455 4927 2530 4980 ait
2554 4923 2618 4980 ii
2650 4923 2766 4978 Non
2797 4925 3008 4995 legistis
3033 4923 3100 4979 de
3121 4923 3549 4980 resurrectione
3593 4924 3733 4994 quod

575 5035 628 5110 _'_’
650 5035 840 5094 Matth.
872 5057 1008 5098 xxu.
1053 5043 1145 5106 29,
1191 5047 1280 5102 30.
1399 5047 1448 5079 ⁸⁵
1482 5045 1600 5101 Gal.
1629 5063 1702 5110 tv,
1730 5045 1821 5110 22,
1845 5043 1936 5098 23.
2037 5044 2083 5076 ⁵⁸
2105 5044 2242 5098 Gen.
2275 5058 2366 5108 xv,
2399 5041 2487 5096 15.
2589 5042 2636 5072 ⁵⁸
2661 5039 2794 5096 Gen.
2823 5041 3097 5108 xxxv,29.
3208 5041 3254 5072 ⁸⁷
3282 5039 3498 5095 Deuter.
3524 5055 3598 5106 tv,
3642 5039 3730 5094 32.

479 5105 526 5136 "'
566 5106 754 5161 Matth.
789 5125 925 5174 χχιι,
953 5112 1043 5176 5i,
1082 5115 1170 5169 '52.

545 5221 662 5303 ⁸(Ἧι)
689 5223 799 5303 Καὶ
824 5223 1025 5303 ᾢςπερ
1063 5231 1410 5303 πλανῶνται
1462 5237 1516 5286 οἱ
1556 5233 1676 5297 διὰ,
1695 5240 1806 5303 etc.
1859 5231 2049 5286 Cerin-

436 5323 447 5354 ,
480 5294 1053 5374 t‘l'iianosintelligent:
1084 5302 1282 5374 quibus
1316 5302 1585 5357 Eusebius
1691 5302 2045 5374 Epiphanius.

482 5361 576 5414 Vel
604 5365 841 5440 iuteilige
867 5361 1180 5440 Clijliastas,
1214 5373 1328 5427 sive
1374 5361 1902 5440 ΩΙιὶΙίυιιθιὶιιιὲ,ἰ]ιιὶ
1956 5389 2050 5425 or-

481 5440 595 5485 tum
640 5449 670 5486 a
720 5434 881 5504 Papia
936 5437 992 5492 S.
1039 5434 1267 5495 Joannis
1324 5442 1592 5510 discipulo
1641 5434 1940 5495 traxerunt.
1986 5441 2050 5495 lli

478 5511 699 5582 sntit-los
728 5517 847 5572 post
877 5512 1330 5564 resurrectionem
1366 5528 1489 5582 cum
1523 5511 1745 5566 Christo
1778 5512 1924 5582 mille
1955 5528 2052 5565 an-

481 5581 570 5623 nis
597 5585 940 5649 regnaturus,
967 5582 1320 5649 etcorporcis
1365 5581 1739 5649 voluptatibus
1786 5581 2050 5636 l'ruituros

481 5640 796 5720 eredeuanl,
854 5647 955 5720 hoc
994 5640 1236 5720 dealt-nis
1263 5652 1471 5720 decepti
1499 5640 1636 5705 'loco
1671 5653 1763 5720 qui
1824 5652 2052 5705 habetur

486 5705 706 5773 Avocat.
745 5705 834 5776 xx,
884 5715 936 5782 ιι,
989 5718 1040 5779 5.
1082 5719 1132 5773 6.
1177 5718 1304 5775 Vide
1349 5705 1704 5776 riiiiasiriuui
1747 5723 1876 5777 liter.
1940 5737 2046 5776 1.1x.

2589 5042 2636 5072 ⁵⁸
2661 5039 2794 5096 Gen.
2823 5041 3097 5108 xxxv,29.

2157 5232 2415 5301 Origenes
2443 5231 2662 5300 quidem
2687 5231 2801 5300 pari
2833 5230 3046 5286 futuros
3092 5231 3290 5300 impios
3348 5245 3472 5286 cum
3527 5229 3731 5301 sanctis

2157 5299 2473 5356 conditione
2505 5299 2739 5361 censuit,
2765 5315 3052 5371 postquam
3085 5299 3360 5354 diuturnis
3392 5299 3570 5369 pinnis
3615 5299 3732 5371 lue:

2160 5373 2270 5425 rint
2293 5371 2541 5435 exerciti,
2567 5380 2622 5425 et
2649 5367 3210 5440 gentium—plenitudo
3267 5367 3584 5433 advenerit;
3640 5367 3730 5422 sed

2161 5456 2338 5510 neque
2366 5450 2573 5495 eertum
2603 5449 2819 5508 tempus
2852 5441 3082 5509 prtulixit
3107 5441 3295 5504 ullum,
3336 5454 3510 5509 neque
3541 5451 3734 5510 corpo—

2162 5509 2283 5565 reas
2315 5511 2434 5564 illas
2455 5520 2578 5579 post
2612 5511 2754 5563 banc
2778 5511 2942 5563 vitam
2980 5510 3207 5564 delicias
3241 5510 3488 5578 agnoscit
3516 5523 3558 5579 ;A
3581 5509 3730 5560 ideo-

2158 5596 2264 5648 que
2302 5577 2758 5635 interChiliaslas
2787 5579 3060 5634 immerito
3086 5596 3128 5632 ει
3164 5577 3441 5634 nonnullis
3473 5577 3729 5633 refertur.

2159 5649 2423 5705 “UETIUS.

2228 5721 2340 5792 (75)
2371 5719 2551 5775 Codex
2585 5719 2807 5792 Regius,
2840 5717 3091 5791 χρῆσθαι.
