4074 6300
165 421 176 428 .
273 377 411 436 1597

1242 375 1594 431 COMMENT.
1632 375 1697 430 IN
1733 375 2151 438 MATTHIEUM
2186 381 2421 441 TOMUS
2457 383 2618 440 XVII.

3397 386 3421 440 1
3432 386 3536 443 598

271 500 503 569 νάμενος
527 498 636 571 (76)
664 500 792 572 περὶ
823 496 916 553 τοῦ
956 495 1223 568 ὑπάρχειν
1249 497 1346 568 τὴν
1379 496 1678 567 μέλλουσαν
1711 496 1849 568 ζωὴν

1958 514 2082 554 cum
2132 501 2467 572 depromptis
2499 517 2530 556 ε
2577 498 2858 570 prophetis
2896 499 3166 554 sexcentis
3209 484 3536 555 testimoniis

269 594 384 655 τοῖς
416 589 723 664 ἀνθρώποις
755 589 1101 663 παραθέσθαι
1124 587 1234 642 ἀπὸ
1257 587 1553 660 προφητῶν
1581 589 1609 640 6
1639 589 1853 660 Σωτὴρ,

267 683 430 738 τοῦτο
456 685 516 737 οὑ
549 682 868 756 πεποίηκεν,
897 681 986 736 διὰ
1014 681 1076 735 τὸ
1111 683 1239 745 τοὺς
1267 681 1656 744 Σαδδουκαίους
1689 681 1856 753 μόνην

268 773 591 844 προσίεσθαι
629 773 728 845 τὴν
757 773 1042 836 Μωῦσέως
1088 772 1332 844 Γραφὴν,
1363 771 1456 841 ἀφ’
1478 767 1547 844 ἧς
1587 771 1854 844 ἐϐουλήθη

266 866 468 928 αὐτοὺς
501 864 844 936 συλλογισμῷ
873 864 1196 936 δυσωπῆσαι
1241 864 1452 918 τοιοῦτὸ
1484 882 1534 917 τι
1566 863 1815 934 δηλοῦντι
1837 880 1852 896 °

265 959 295 1009 6
321 956 453 1021 Θεὸς
477 951 598 1012 εἷπε
624 958 849 1011 Μωῦσεί
866 997 881 1020 ,
926 973 946 1008 ι
983 955 1126 1024 Ἐγώ
1146 957 1262 1028 είμι
1284 955 1417 1020 Θεὸς
1450 955 1718 1027 Ἀϐραὰμ,
1761 957 1857 1011 καὶ

265 1047 400 1112 Θεὸς
424 1049 630 1113 Ἰσαὰκ,
661 1049 755 1103 καὶ
770 1049 903 1112 Θεὸς
945 1047 1158 1114 Ἰακὼϐ,
1194 1067 1213 1100 ι
1247 1048 1408 1119 ἡνίκα
1429 1047 1526 1101 ἐπὶ
1557 1048 1657 1119 τῆς
1691 1048 1854 1119 βάτου

265 1142 634 1213 ἐχρημάτισεν
655 1139 822 1210 αὐτῷ’
842 1141 963 1212 ἦτοι
987 1135 1082 1193 οὖν
1110 1142 1138 1193 6
1157 1140 1310 1205 Θεὸς,
1334 1138 1466 1204 Θεὸς
1485 1140 1653 1194 ὄντων
1683 1141 1852 1207 ἐστὶν,

265 1232 302 1303 ἢ
337 1232 470 1297 Θεὸς
505 1233 606 1286 οὐκ
640 1230 808 1286 ὄντων
831 1249 846 1263 ·
895 1229 1010 1285 ἀλλ’
1043 1231 1248 1287 ἄτοπον
1277 1232 1479 1302 λέγειν,
1503 1233 1586 1286 ὅτι
1611 1235 1639 1287 6
1669 1233 1801 1296 Θεὸς
1826 1235 1855 1286 6

264 1325 460 1387 είπὼν,
503 1345 521 1377 ι
569 1326 630 1379 '0
664 1325 762 1390 ὢν,
791 1322 952 1377 τοῦτό
983 1324 1072 1395 μοί
1102 1325 1248 1378 ἐστιν
1277 1323 1468 1395 ὄνομα,
1506 1344 1524 1377 ι
1559 1324 1668 1378 τῶν
1700 1325 1856 1378 οὐδα-

269 1418 388 1489 μῶς
427 1418 597 1472 ὅντων
641 1417 774 1482 Θεός
814 1418 963 1470 ἐστιν
983 1433 997 1446 ο
1033 1417 1084 1469 εί
1123 1417 1180 1470 δὲ
1211 1415 1372 1471 τοῦτο
1413 1416 1633 1481 ἄτοπον,
1684 1417 1855 1471 ὄντων

263 1511 404 1576 Θεός
430 1512 566 1574 ἐστι,
594 1511 690 1565 καὶ
712 1508 950 1578 ζώντων,
983 1509 1079 1564 καὶ
1105 1509 1510 1581 ὑφεστηκότων,
1538 1509 1632 1563 καὶ
1666 1510 1854 1565 αἰσθα-

264 1603 508 1672 νομένων
549 1602 653 1673 τῆς
696 1602 937 1674 χάριτος,
971 1595 1040 1674 ἧς
1083 1602 1270 1665 αὐτοῖς
1295 1602 1323 1654 6
1359 1599 1492 1664 Θεὸς
1520 1599 1850 1673 ἐδωρήσατο,

262 1692 401 1746 Θεὸν
439 1691 632 1746 ἐαυτὸν
657 1691 1006 1763 ἀναγορεύων
1030 1690 1232 1754 αὐτῶν,
1263 1690 1356 1744 καὶ
1383 1690 1576 1759 λέγων’
1627 1710 1646 1743 ι
1685 1691 1854 1746 Τοῦτό

269 1781 374 1853 μού
402 1783 518 1836 ἐστι
551 1781 890 1854 μνημόσυνον
919 1780 1158 1837 αἰώνιον.
1195 1799 1216 1833 ι
1255 1779 1430 1834 Ζῶσιν
1461 1780 1570 1852 ἄρα
1593 1782 1849 1835 αἰσθανό-

1959 591 2194 660 probare
2247 604 2431 662 posset
2467 592 2724 648 Servator
2779 589 3016 645 futuram
3069 589 3235 643 vitam
3288 590 3535 645 homines

1960 697 2203 750 manere,
2251 685 2303 740 id
2366 686 2591 740 minime
2641 683 2855 748 fecisse,
2905 681 3054 752 quod
3106 681 3317 736 scilicet
3367 697 3534 736 unam

1957 772 2158 846 Moysis
2204 773 2544 846 Scripturam
2595 774 2944 839 admitterent
2993 770 3276 826 Sadduczei
3305 813 3320 837 ,
3355 787 3387 826 a
3425 787 3535 842 qua

1958 864 2187 921 deducta
2219 867 2637 922 ratiocinatione
2663 865 2988 921 convincere
3021 863 3171 932 ipsos
3213 862 3418 928 voluit;
3454 863 3535 918 sic

1956 967 2138 1013 autem
2165 959 2255 1013 illa
2292 975 2351 1013 se
2382 959 2582 1014 habere
2610 957 2859 1022 videtur;
2908 956 3052 1010 Deus
3082 955 3219 1009 dixit
3239 953 3409 1024 Moysi
3441 954 3487 986 ⁸⁸
3515 972 3530 1009 :

1965 1060 1983 1093 ι
2019 1040 2131 1112 Ego
2157 1057 2278 1098 sum
2309 1041 2451 1097 Deus
2479 1042 2777 1106 Abraham,
2810 1049 2863 1094 et
2889 1039 3032 1094 Deus
3071 1037 3253 1103 Isaac,
3306 1047 3359 1092 et
3389 1036 3533 1093 Deus
3639 1101 3642 1104 ,

1956 1131 2146 1197 Jacoh,
2188 1152 2204 1184 ι
2245 1149 2371 1188 cum
2405 1132 2690 1187 oraculum
2727 1131 2834 1201 ipsi
2869 1131 2924 1185 in
2955 1129 3094 1184 rubo
3128 1128 3400 1183 reddidit:
3439 1137 3534 1182 aut

1955 1222 2124 1294 igitur
2150 1222 2318 1290 Deus,
2341 1237 2533 1278 eorum
2567 1222 2708 1277 Deus
2748 1220 2946 1290 estqui
2988 1228 3150 1283 sunt,
3195 1226 3291 1273 aut
3335 1233 3532 1273 eorum

1955 1315 2050 1386 qui
2082 1329 2194 1370 non
2225 1322 2355 1369 sont
2385 1330 2400 1366 :
2431 1313 2732 1370 absurdum
2761 1323 2847 1368 εει
2879 1320 3061 1366 autem
3097 1311 3266 1366 Deum
3304 1312 3400 1381 qui
3443 1311 3532 1366 di-

1958 1407 2039 1460 xit
2073 1406 2116 1438 ⁸ο
2157 1427 2168 1460 :
2215 1423 2234 1456 ι
2271 1404 2384 1476 Ego
2435 1420 2558 1460 sum
2589 1405 2682 1474 qui
2724 1420 2871 1467 sum,
2897 1404 2950 1458 id
2971 1403 3110 1457 mihi
3136 1417 3336 1457 nomen
3365 1411 3467 1468 est,
3507 1421 3526 1454 ι

1955 1498 2150 1553 horum
2173 1511 2294 1552 esse
2318 1496 2489 1552 Deum
2514 1497 2874 1568 pronuntiare
2895 1496 2985 1565 qui
3006 1494 3324 1563 neutiquam
3360 1503 3489 1549 sunt
3515 1513 3528 1548 :

1954 1589 2101 1660 quod
2129 1589 2174 1644 si
2200 1588 2332 1643 illud
2381 1588 2679 1644 absurdum
2707 1597 2810 1653 εει,
2864 1601 3055 1642 eorum
3105 1585 3347 1654 profecto
3388 1585 3533 1642 Deus

1953 1689 2038 1736 est
2071 1682 2162 1750 qui
2196 1690 2342 1743 sunt,
2373 1691 2428 1735 et
2463 1679 2559 1750 qui
2600 1679 2810 1743 vivunt,
2847 1686 2902 1734 et
2925 1677 3018 1747 qui
3067 1677 3378 1741 exsistunt,
3409 1678 3534 1747 qui-

1956 1794 2062 1848 que
2106 1776 2424 1833 beneﬁcium
2479 1791 2511 1832 a
2563 1775 2673 1830 Deo
2703 1775 2756 1828 in
2791 1789 2850 1829 se
2889 1773 3147 1828 collatum
3207 1780 3534 1842 agnoscunt,

270 1890 422 1945 μενοι
437 1872 532 1927 τοῦ
549 1872 685 1927 Θεοῦ
701 1873 907 1944 καὶτῆς
929 1873 1152 1944 χάριτος
1179 1871 1344 1926 αὐτοῦ
1360 1875 1390 1926 6
1415 1871 1685 1944 Ἀϐραὰμ,
1715 1873 1809 1926 καὶ
1824 1874 1849 1924 6

1961 1885 2084 1923 cum
2116 1871 2358 1939 ipsorum
2402 1868 2568 1921 Deum
2605 1879 2724 1921 sese
2755 1863 3034 1934 professus
3069 1870 3172 1929 est,
3193 1870 3246 1916 et
3273 1860 3411 1915 dixit
3444 1860 3488 1892 ⁸⁸
3515 1875 3532 1913 :

281 1966 488 2031 Ἰσαὰκ,
512 1966 605 2020 καὶ
629 1968 662 2019 ὁ
681 1965 895 2032 Ἰακὼϐ,
911 1967 1031 2020 καθ’
1048 1965 1277 2018 ἕκαστον
1293 1964 1472 2019 αὐτῶν
1493 1964 1635 2030 ἰδίως
1649 1983 1752 2037 χρη
1762 1983 1860 2036 μα-

264 2057 430 2122 τίςων
449 2057 601 2121 Θεόςο
621 2057 684 2111 οὐ
706 2057 816 2128 γὰρ
835 2057 1170 2130 γέγραπται*
1200 2075 1220 2109 ι
1258 2055 1400 2126 Ἐγὼ
1424 2055 1556 2119 Θεὸς
1583 2055 1853 2128 Ἀϐραὰμ,

265 2149 361 2202 καὶ
418 2148 623 2215 Ἰσαὰκ,
656 2151 751 2204 καὶ
803 2148 1031 2204 Ἰακώϐ·
1083 2168 1102 2201 ι
1138 2149 1253 2203 ἀλλ’
1290 2167 1311 2200 ι
1383 2148 1524 2216 Ἐγώ
1567 2150 1684 2220 ειμι
1720 2149 1855 2214 Θεὸς

281 2234 554 2307 Ἀϐραὰμ,
589 2237 682 2288 καὶ
726 2236 861 2300 Θεὸς
907 2237 1115 2302 Ἰσαὰκ,
1145 2238 1241 2292 καὶ
1274 2237 1407 2305 Θεὸς
1450 2237 1665 2301 Ἰακὼϐ,
1706 2257 1724 2291 ι
1762 2242 1854 2293 καὶ

265 2322 441 2388 οὕτως
490 2341 555 2394 γε
600 2325 913 2398 ἀνέγραψαν
963 2326 1274 2391 Ματθαῖος,
1331 2328 1426 2381 καὶ
1467 2329 1726 2400 Μάρκος,
1759 2330 1854 2384 καὶ

265 2413 504 2476 Λουκᾶς,
530 2413 620 2480 ἵν’,
649 2409 823 2483 οἶμαι,
859 2415 1251 2486 παραστήσωσι
1278 2419 1391 2481 τοῖς
1423 2419 1752 2490 προσέχουσι
1783 2422 1848 2492 τῇ

267 2501 593 2570 ἀναγνώσει,
620 2503 856 2556 ὅτι’καθ’
881 2503 1112 2558 ἕκαστον
1138 2505 1320 2559 αὐτῶν
1345 2509 1373 2560 6
1400 2507 1531 2570 Θεὸς
1555 2508 1686 2571 Θεός
1709 2509 1847 2574 ἐστι,

266 2590 410 2644 τοῦτ’
457 2591 734 2667 ἐξαίρετον
785 2594 968 2658 αὐτοῖς
1012 2595 1402 2667 χαριζόμενος·
1452 2600 1512 2651 οὐ
1561 2599 1670 2668 γὰρ
1706 2595 1849 2668 ἦσαν

265 2679 442 2748 ὅμοιοι
465 2684 579 2744 τοῖς
616 2681 887 2755 Ἑϐραίοις
909 2723 923 2748 ,
951 2684 1038 2738 ἴνα
1065 2684 1462 2755 συλληπτικῶς,
1488 2686 1676 2760 ὥσπερ
1707 2688 1848 2743 ἐκεί-

266 2786 396 2844 νων,
425 2769 567 2826 οὕτω
605 2774 700 2827 καὶ
732 2772 937 2826 τούτων
987 2775 1016 2826 6
1043 2774 1175 2838 Θεὸς
1207 2774 1461 2845 λέγηται·
1500 2778 1586 2830 ἐπ’
1620 2779 1844 2834 ἐκείνων

271 2859 369 2928 μὲν
398 2860 507 2932 γὰρ
547 2862 892 2934 γέγραπται·
940 2882 959 2916 ι
1013 2866 1070 2918 Ὁ
1108 2864 1241 2929 Θεὸς
1276 2865 1382 2919 τῶν
1427 2866 1690 2940 Ἐϐραίων
1733 2871 1864 2924 ἁ’π-·

275 2950 484 3004 ἐττειλέ
511 2969 630 3023 με’»
662 2955 758 3008 ἐπὶ
771 2955 827 3008 δέ
855 2955 1058 3010 τούτων
1088 2957 1230 3010 κατὰ
1251 2957 1364 3023 ἕνα,
1399 2959 1484 3012 ἴνα
1512 2964 1836 3038 παραστήσῃ

263 3041 293 3091 6
318 3042 608 3110 Λόγος,ὄτι
627 3041 708 3108 εἷς
741 3045 991 3117 Ἀϐραὰμ
1016 3049 1256 3119 ἰσότιμος
1275 3049 1380 3121 ὅλῳ
1402 3050 1541 3104 ἔθνει
1575 3053 1840 3125 Ἑϐραίων

267 3131 439 3241 ἐστίν·
483 3133 542 3185 οὐ
577 3133 687 3205 γὰρ
731 3137 929 3208 ἐπίσης
957 3139 1170 3203 ἐστὶνό
1201 3141 1353 3203 Θεὸς,
1393 3141 1524 3205 Θεὸς
1567 3143 1835 3215 Ἀϐραὰμ,
1867 3185 1910 3241 C

264 3224 358 3278 καὶ
379 3225 511 3288 Θεὸς
555 3225 857 3298 Ἐϐραίων;
887 3227 948 3280 τὸ
977 3228 1034 3280 δὲ
1069 3230 1254 3300 ὅμοιον
1282 3233 1427 3302 ἐρεῖς
1459 3233 1553 3285 καὶ
1586 3235 1713 3305 περὶ
1745 3236 1840 3290 τοῦ

201 3318 206 3321 ’
264 3316 396 3370 Θεὸν
431 3317 593 3370 αὐτὸν
620 3315 757 3371 εἶναι
790 3317 883 3372 τοῦ
935 3319 1149 3386 Ἰσαὰκ,
1189 3321 1283 3376 καὶ
1327 3322 1459 3376 Θεὸν
1499 3323 1592 3378 τοῦ
1623 3324 1838 3394 Ἰακὼϐ,

257 3408 338 3471 ὼς
367 3408 498 3462 Θεὸν
531 3409 639 3463 τῶν
691 3410 988 3481 Ἐϐραίωνο
1014 3412 1271 3485 τοιαύτης
1301 3413 1359 3467 δὲ
1388 3416 1553 3487 τιμῆς
1575 3416 1840 3487 ἠξιῶσθαι

263 3500 470 3571 νομίζω
515 3502 728 3556 καὶτὸν
767 3504 974 3571 Ἠλίαν,
1014 3505 1093 3559 διὸ
1124 3505 1536 3576 ἀναγέγραπται
1563 3509 1620 3561 ἐν
1647 3512 1713 3580 τῇ
1754 3529 1842 3563 τε-

261 3592 436 3664 τάρτῃ
455 3593 563 3646 τῶν
587 3595 899 3650 Βασιλειῶν·
926 3615 945 3650 ι
965 3595 1024 3650 '0
1044 3597 1176 3660 Θεὸς
1203 3596 1406 3651 Ἠλιοῦ.
1432 3617 1451 3649 ι
1490 3598 1596 3650 Τοῦ
1631 3599 1728 3669 μὲν
1749 3597 1842 3655 οὖν

279 3682 530 3755 Ἀϐραὰμ
575 3684 707 3748 Θεὸς
742 3687 899 3756 μόνον
933 3681 1002 3758 ἦν
1045 3687 1074 3739 6
1099 3686 1251 3751 Θεὸς,
1292 3687 1492 3757 ὁμοίως
1529 3688 1586 3741 δὲ
1621 3690 1714 3742 καὶ
1745 3690 1841 3743 τοῦ

278 3772 479 3837 Ἰσαὰκ,
510 3775 605 3828 καὶ
626 3777 719 3830 τοῦ
749 3777 962 3830 Ἰακὼϐ’
986 3775 1081 3830 τοῦ
1110 3777 1168 3831 δὲ
1191 3779 1498 3849 κρείττονος
1525 3780 1704 3834 αὐτῶν
1729 3781 1840 3835 Σω-

261 3864 427 3935 τῆρος
463 3867 618 3937 ἡμῶν
648 3867 708 3920 οὑ
756 3869 913 3938 μόνον
948 3868 1081 3932 Θεός
1120 3871 1268 3922 ἐστιν
1301 3871 1330 3922 6
1360 3869 1514 3934 Θεὸς,
1561 3870 1697 3925 ἀλλὰ
1743 3872 1838 3925 καὶ

263 3957 474 4032 Πατήρ·
505 3960 585 4013 διὸ
617 3961 796 4025 καλῶς
827 3961 1040 4030 λέγεται
1068 3961 1220 4034 παρὰ
1239 3962 1316 4034 τῷ
1331 3957 1659 4036 ’Δποστόλῳο
1692 3983 1710 4015 ι
1736 3965 1841 4017 Εὐ-

262 4047 490 4120 λογητὸς
521 4049 549 4102 6
581 4050 713 4114 Θεὸς
747 4052 841 4105 καὶ
881 4053 1068 4123 Πατὴρ
1097 4053 1191 4106 τοῦ
1224 4037 1426 4124 Κυρίου
1460 4054 1614 4125 ήμῶν
1661 4057 1836 4128 Ἰησοῦ

261 4137 519 4207 Χριστοῦ.
555 4158 574 4191 ›
596 4135 762 4203 Οὗτος
791 4139 856 4212 δὴ
891 4139 1095 4210 Ἰησοῦς
1124 4141 1377 4212 Χριστὸς,
1399 4133 1460 4194 οὗ
1489 4141 1780 4212 εὐλογητὸς
1808 4145 1837 4198 6

1967 1979 1986 2013 ι
2020 1960 2134 2015 Hoc
2161 1969 2243 2015 est
2273 1957 2587 2014 memoriale
2615 1971 2795 2011 meum
2831 1955 2884 2008 in
2932 1962 3216 2009 aeternum.
3250 1970 3270 2004 ι
3335 1951 3538 2007 Vivunt

1959 2068 2107 2123 ergo,
2178 2050 2393 2118 Deum,
2446 2049 2731 2120 ipsiusque
2807 2047 3129 2104 beneﬁcium
3177 2057 3550 2116 agnoscentes

1957 2141 2255 2205 Abraham,
2303 2149 2357 2194 et
2411 2139 2582 2202 Isaac,
2625 2146 2679 2192 et
2737 2134 2928 2202 Jacob,
2984 2147 3039 2190 et
3103 2135 3534 2204 uniuscujusque

1957 2233 2201 2302 ipsorum
2236 2229 2517 2300 speciatim
2542 2228 2686 2282 Deus
2717 2227 2895 2281 dictus
2924 2234 3037 2292 est;
3071 2240 3170 2280 nec
3209 2224 3354 2279 enim
3396 2225 3534 2279 scri—

1955 2327 2108 2391 ptum
2137 2328 2260 2374 est:
2312 2337 2330 2369 ι
2384 2317 2497 2389 Ego
2520 2316 2664 2372 Deus
2703 2316 3001 2382 Abraham,
3029 2324 3083 2370 et
3126 2317 3300 2382 Isaac,
3353 2323 3407 2370 et
3435 2313 3530 2369 Ja-

1955 2411 2080 2475 cob,
2120 2429 2139 2462 ›
2173 2409 2268 2465 sed
2293 2410 2337 2441 θ’
2367 2428 2380 2463 :
2411 2428 2429 2459 ι
2467 2409 2576 2478 Ego
2598 2423 2718 2464 sum
2752 2407 2898 2463 Deus
2943 2407 3257 2472 Abraham,
3289 2414 3344 2461 et
3387 2405 3530 2461 Deus

1953 2501 2123 2566 lsaac,
2152 2509 2206 2556 et
2238 2499 2382 2555 Deus
2406 2499 2593 2565 Jacob,
2632 2519 2652 2552 ι
2690 2509 2745 2554 ει
2773 2500 2846 2553 ita
2879 2515 2909 2553 a
2938 2498 3211 2564 Matthaeo,
3240 2507 3296 2553 et
3321 2497 3529 2562 Marco,

1951 2601 2006 2648 et
2030 2589 2176 2647 Luca
2205 2593 2467 2662 scriptum
2489 2602 2591 2656 est,
2616 2600 2677 2645 ut
2697 2590 3010 2652 lectoribus,
3040 2591 3235 2660 opinor
3256 2630 3271 2654 ,
3305 2605 3531 2660 persua-

1951 2681 2115 2737 deant
2136 2679 2306 2738 Deum
2361 2681 2708 2752 singulorum
2733 2681 2976 2749 ipsorum
3009 2679 3178 2735 Deum
3213 2697 3357 2744 esse,
3387 2683 3532 2736 hanc

1949 2777 2085 2846 ipsis
2116 2776 2445 2847 peculiarem
2496 2775 2711 2830 veniam
2755 2773 3186 2840 coudonautem;
3238 2789 3340 2830 nec
3381 2775 3528 2830 enim

1949 2867 2188 2923 Hebraeis
2242 2866 2452 2922 similes
2481 2875 2659 2932 erant,
2711 2873 2773 2920 ut
2794 2865 3253 2935 quemadmodum
3280 2865 3524 2931 illorum,

1945 2958 2020 3013 ita
2054 2966 2108 3013 et
2137 2959 2334 3012 horum
2368 2956 2512 3012 Deus
2559 2955 2840 3012 collective
2878 2955 3282 3024 appellaretur;
3329 2957 3394 3011 de
3435 2958 3526 3013 his

1944 3053 2142 3122 quippe
2189 3051 2450 3118 scriptum
2500 3058 2584 3104 est
2612 3048 2700 3099 “z
2740 3065 2759 3098 ι
2788 3044 2932 3100 Deus
2975 3044 3327 3102 Hebraeorum
3377 3047 3529 3103 misit

1946 3153 2064 3204 me;
2101 3159 2120 3190 ι
2167 3139 2233 3192 de
2265 3138 2372 3192 illis
2400 3146 2579 3191 autem
2608 3134 2887 3205 sigillatim
2911 3173 2926 3198 ,
2957 3144 3018 3188 ut
3067 3150 3237 3189 unum
3281 3136 3528 3191 Abraha-
3572 3189 3582 3196 ,

1949 3245 2097 3283 mum
2124 3227 2366 3298 ejusdem
2397 3242 2517 3282 esse
2546 3224 2827 3295 dignitatis
2855 3233 2908 3278 et
2933 3225 3090 3293 pretii
3123 3240 3187 3280 ac
3219 3233 3390 3280 totam
3420 3225 3528 3282 Hc-

1948 3321 2219 3376 braeorum
2244 3330 2456 3391 gentem
2482 3317 2651 3390 829
2671 3318 2951 3388 Scriptura
2977 3317 3308 3384 declararet;
3343 3333 3527 3372 annon

1947 3417 2092 3470 enim
2126 3413 2272 3470 Deus
2306 3428 2460 3483 aeque
2486 3411 2630 3467 Deus
2658 3419 2744 3466 est
2786 3409 3078 3464 Abrahami
3119 3424 3186 3464 ac
3231 3409 3375 3464 Deus
3415 3408 3525 3464 Hc-

1948 3507 2264 3564 braeorum?
2293 3506 2462 3560 Deum
2497 3505 2624 3559 item
2660 3503 2838 3573 ipsum
2869 3506 2990 3558 esse
3021 3501 3204 3565 Isaac,
3257 3511 3309 3556 et
3354 3500 3526 3556 Deum

1937 3600 2138 3665 'Jacob,
2163 3600 2239 3653 ita
2268 3606 2328 3651 ut
2353 3595 2705 3650 Hebraeorum
2730 3593 2874 3647 Deus
2898 3603 3002 3657 est,
3032 3593 3148 3660 pari
3189 3593 3349 3648 modo
3394 3610 3525 3662 pro-

1949 3691 2248 3746 nuntiabis.
2300 3687 2476 3742 Simili
2509 3693 2688 3740 autem
2743 3685 2952 3739 honore
3001 3685 3221 3753 dignum
3275 3685 3522 3739 habitum

1947 3782 2120 3837 fuisse
2145 3779 2317 3834 Eliam
2341 3775 2594 3832 existimo
2618 3792 2632 3839 ;
2659 3773 2861 3829 idcirco
2905 3783 3098 3843 quarto
3135 3772 3340 3844 Regum
3386 3774 3524 3828 scri-

1945 3884 2098 3944 ptum
2125 3879 2209 3926 est
2237 3869 2325 3921 e'*:
2362 3887 2382 3916 ‹
2425 3865 2568 3921 Deus
2599 3864 2759 3920 'Eliae.
2796 3884 2814 3916 ι
2845 3864 2990 3920 Deus
3042 3880 3170 3934 ergo
3217 3863 3519 3920 Abrahami

1946 3965 2120 4020 solum
2145 3962 2287 4016 Deus
2320 3967 2468 4024 erat;
2517 3956 2769 4013 similiter
2789 3967 2842 4010 et
2876 3959 3049 4023 Isaae,
3076 3965 3131 4010 et
3167 3953 3372 4022 Jacob;
3415 3953 3518 4009 Son

1944 4054 2224 4126 Spitatoris
2281 4059 2463 4106 autem
2497 4049 2670 4104 nostri
2709 4049 2802 4118 qui
2854 4048 2989 4117 ipsis
3036 4047 3381 4116 praestantior
3410 4055 3518 4111 est,

1943 4163 2052 4203 non
2075 4144 2219 4200 Deus
2239 4143 2436 4205 solum,
2466 4140 2558 4196 sed
2583 4139 2747 4203 etiam
2763 4137 2923 4193 Pater
2941 4137 3082 4192 Deus
3106 4147 3208 4192 est.
3226 4135 3520 4206 Propterea

261 4226 395 4292 Θεὸς
437 4231 532 4284 καὶ
574 4231 764 4303 Πατὴρ
791 4233 1084 4304 ἐχαρίσατο
1115 4235 1228 4296 τοῖς
1256 4232 1499 4304 γνησίοις
1528 4233 1691 4288 αὑτοῦ
1725 4252 1832 4306 μα-

1952 4246 2087 4293 recte
2107 4235 2185 4289 ait
2211 4219 2507 4303 Apostolus
2537 4230 2581 4262 ⁸⁵
2608 4245 2623 4281 :
2663 4246 2682 4280 ι
2712 4226 3038 4283 Benedictus
3067 4226 3232 4293 Deus,
3263 4233 3319 4282 et
3356 4224 3520 4280 Pater

1463 4350 1693 4407 VETUS
1733 4347 2312 4423 INTERPRETATIO.

261 4454 468 4536 dictum
502 4467 584 4513 est
597 4461 767 4536 vobis
797 4477 827 4516 a
858 4462 1014 4536 Deo}
1038 4463 1151 4535 Ego
1179 4481 1298 4520 sum
1337 4466 1478 4522 Deus
1507 4469 1803 4536 Abraham,
1834 4479 1886 4525 et
1910 4468 2056 4524 Deus
2087 4469 2256 4531 Isaac,
2287 4474 2337 4521 et
2356 4459 2853 4536 DeusJacob.‘Non
2877 4469 2959 4518 est
2980 4460 3124 4536 Deus
3151 4467 3516 4536 mortuorum,

260 4525 527 4616 sed‘Deu‘s
551 4530 876 4616 rviventium:
913 4553 932 4585 ι
973 4533 1040 4587 Ει
1067 4525 1155 4616 hic
1185 4537 1420 4616 dicimus
1449 4539 1708 4616 quoniam
1758 4525 1881 4616 c:um
1912 4549 2103 4616 posset
2134 4525 2281 4616 mille
2308 4535 2551 4616 exempla
2593 4533 2842 4616 proferre
2891 4525 3519 4616 ostendentiauresurreé

273 4597 513 4677 ctionem
548 4597 809 4677 futuram,
836 4604 954 4657 'hoc
982 4619 1086 4677 non
1116 4605 1247 4661 fecit
1280 4623 1344 4659 ex
1381 4597 1680 4677 prophetis,
1711 4611 1804 4664 sed
1833 4597 2044 4664 tan'tum
2071 4624 2136 4662 ex
2168 4608 2283 4677 lege
2304 4647 2318 4671 ,
2361 4597 2621 4677 quo-niam
2644 4602 2953 4677 Sadducaei
2985 4611 3195 4677 tantum
3224 4601 3518 4677 hiosaicam

259 4663 434 4728 legem
470 4664 738 4744 Ιρὲθὺθηῐ,
770 4686 834 4747 ex
865 4675 1186 4747 quavolens
1217 4677 1338 4730 illos
1365 4663 1600 4746 placare,
1633 4663 2008 4747 protulitindc
2040 4663 2545 4747 exempluiniDeus
2572 4674 2717 4728 enim
2745 4674 2838 4747 qui
2863 4679 2968 4736 est,
2999 4673 3168 4727 dicit:
3199 4673 3369 4747 c_lpse
3416 4685 3518 4742 ego

261 4748 384 4818 57"!"
410 4740 503 4802 (ἰυὶ
526 4751 668 4818 sum.
695 4751 749 4792 et
776 4740 1034 4818 hoc’mihi
1061 4742 1278 4818 nomen
1290 4740 1380 4818 esi
1410 4748 1462 4800 in
1497 4740 1906 4818 sempiternum.
1944 4770 1962 4801 ι
2003 4748 2062 4802 Si
2119 4740 2456 4816 impossibile
2503 4751 2586 4800 est
2635 4753 2694 4818 ut
2730 4740 2945 4818 dicatur
2991 4756 3195 4818 eorum.
3221 4741 3365 4818 Deus
3396 4740 3518 4797 esse

259 4811 356 4888 qui
383 4818 492 4860 non
520 4815 759 4888 authunet
791 4813 837 4888 _si_
869 4812 1337 4888 hoeimpossibile
1362 4811 1632 4888 csltergo.
1659 4835 1848 4874 eorum
1875 4829 1960 4874 est
1984 4818 2127 4874 Deus
2157 4811 2250 4887 qui
2284 4824 2432 4888 sunt,
2472 4825 2526 4870 et
2571 4814 2664 4888 qui
2713 4815 2921 4888 vivunt,
2949 4822 3012 4888 et
3061 4811 3302 4888 sentiunt
3349 4811 3519 4866 bene-

262 4871 456 4958 ξξίῖίυηῖ,
482 4875 624 4946 θίυεο
655 4875 873 4958 Εῐηνὶἁε
900 4871 1167 4958 quianon
1196 4885 1335 4958 dixit
1359 4871 1382 4940 :7
1409 4871 1586 4958 «Ἑέτςου
1600 4871 1718 4943 sum
1751 4871 1960 4944 Dei—155A
1974 4871 2221 4958 hraham,
2247 4894 2301 4940 et
2327 4871 2793 4958 Isaac,et',lacob,
2827 4871 2921 4938 sed
2948 4882 3092 4958 D_eus
3126 4882 3422 4958 Abraham,
3461 4889 3518 4938 et

259 4941 407 5029 Deus
442 4941 702 5029 Isaacket.
725 4948 866 5029 Deus
890 4941 1182 5029 Jacob._;1n_
1202 4941 1774 5029 aliodaulern’loeowsﬁic
1800 4941 1939 5014 dirit
1967 4977 1980 5013 :
2012 4941 2034 5009 Vc
2074 4941 2236 5022 vade,
2263 4966 2316 5010 et
2341 4941 2430 5010 die
2461 4941 2524 5029 ad
2555 4941 2893 5029 Pharaonem
2923 4970 2936 5005 :
2969 4952 3112 5007 Deus
3165 4941 3517 5029 Hebraeorum

261 5017 412 5100 {"IlSi.‘
437 5031 576 5100 ῐηεῖιξ
598 5017 864 5100 Quicnim
885 5022 1276 5100 perfectissime
1303 5037 1432 5082 sunt
1455 5029 1597 5083 circa
1627 5028 1820 5096 Deum,
1849 5039 2112 5100 quantum
2136 5029 2201 5100 ad
2224 5017 2686 5100 comparationem
2707 5025 2830 5100 dico
2857 5023 3516 5100 czetcrorumhominum,

280 5083 474 5168 deuius
502 5095 676 5168 totum
718 5083 921 5168 habent
956 5091 1138 5168 Deum
1187 5095 1240 5148 iu
1274 5111 1333 5150 se
1364 5113 1378 5149 :
1413 5107 1698 5168 propterea
1729 5083 1836 5153 non
1867 5083 2291 5168 communiter,
2324 5083 2418 5150 sed
2474 5095 2819 5168 singulariter
2859 5110 3049 5168 eorum
3090 5094 3292 5148 dicitur
3332 5083 3511 5168 Deus.

313 5162 485 5240 lP‘Ula.
508 5159 555 5212 Si
587 5159 845 5240 dicatur;
871 5162 1014 5240 Ager
1046 5164 1138 5240 ille
1159 5180 1350 5220 eorum
1374 5159 1476 5234 est,
1505 5159 1848 5240 ostendimus
1879 5169 2025 5240 quod
2059 5159 2654 5240 unusquisquee‘orum
2679 5165 2772 5235 qui
2797 5164 3078 5240 possident
3103 5178 3300 5240 agrum
3331 5163 3508 5226 illum,

262 5233 468 5304 partem
509 5228 776 5283 modicam
809 5228 1007 5304 habent
1031 5235 1096 5288 de
1122 5249 1208 5298 eo,
1240 5245 1294 5290 et
1322 5253 1431 5290 non
1456 5228 1655 5292 habent
1685 5256 1810 5293 eum
1837 5228 2061 5294 in'toto.
2098 5238 2154 5291 Si
2183 5228 2366 5292 autem
2398 5235 2633 5290 dicimus
2653 5228 2914 5304 quoniam
2941 5251 3068 5303 ager
3102 5228 3191 5288 ille
3226 5234 3371 5286 illius
3402 5243 3508 5297 est,

259 5290 702 5377 demonstremus
732 5301 858 5369 quia
901 5311 1097 5377 totum
1121 5290 1313 5373 agrum
1361 5290 2061 5377 illunipossidet—ille.—Sic
2090 5290 2143 5362 ει
2172 5290 2259 5361 ubi
2289 5290 2501 5362 dicitur
2521 5290 3052 5377 Deusllebneort‘t’m
3082 5343 3097 5367 ,
3144 5290 3507 5377 imperl‘ectio

259 5360 665 5448 demonstratur
692 5360 906 5448 eorum,
933 5360 1190 5448 quoniam
1218 5360 1606 5448 unusquisqure—
1622 5360 2066 5447 eorum—aliquid
2089 5360 2386 5433 'Vmodicum
2406 5377 2490 5448 de
2518 5375 2629 5448 Deo
2660 5376 2948 5448 habebant.
2993 5360 3270 5448 Abraham
3302 5384 3508 5448 autem

259 5437 432 5485 totum
469 5435 922 5511 habebat‘Deum',
951 5435 1006 5498 et
1037 5446 1190 5499 lsaac
1221 5435 1396 5502 totuni
1423 5435 1656 5504 habebat
1686 5449 1879 5516 Deum,
1914 5435 1970 5505 εί
1997 5448 2166 5504 Jacob
2197 5457 2370 5503 totum
2404 5446 2637 5501 habebat.
2657 5444 2848 5512 Deum,
2890 5446 3010 5498 ideo
3060 5461 3167 5498 nou
3209 5443 3411 5497 dicitur
3447 5445 3504 5496 in

257 5629 297 5680 l,
327 5545 570 5669 EXOd.
600 5568 684 5618 ιιι,
707 5554 760 5608 6.
837 5557 883 5587 ⁶⁰
909 5557 1064 5622 ibid.,
1097 5558 1185 5614 M.
1260 5561 1300 5592 ⁶¹
1321 5560 1478 5628 ibid.,
1508 5560 1595 5616 15.
1668 5563 1712 5594 ⁸³
1737 5562 1846 5618 ibid

1954 5561 2005 5615 6.
2079 5563 2126 5595 “
2157 5561 2330 5616 Exod.
2363 5576 2460 5624 vn,
2490 5561 2576 5615 16.
2656 5561 2703 5592 (³⁸
2729 5561 2795 5616 lV
2821 5561 2952 5631 Reg.
2984 5575 3044 5628 ιι,
3078 5562 3164 5616 14.
3239 5560 3284 5592 ⁸⁵
3315 5557 3357 5613 ιι
3378 5558 3507 5614 Cor.

328 5707 440 5778 (76)
469 5710 575 5764 Καὶ
611 5715 697 5778 εὶς
722 5711 894 5770 τοῦτο
930 5716 996 5770 δὲ
1015 5719 1308 5788 φήσομεν,
1334 5719 1421 5773 ὅτι
1443 5721 1628 5791 μυρία
1651 5720 1846 5793 δυνάμ

1956 5746 2006 5792 ς,
2063 5735 2164 5781 etc.
2209 5723 2445 5782 Hilarius
2480 5742 2600 5782 can.
2632 5727 2703 5784 22
2757 5728 2810 5782 in
2863 5724 3078 5792 Matth.,

3124 5725 3506 5798 Hieronymus.

261 5777 520 5838 "uarius.
675 5777 684 5778 ί
1015 5777 1031 5787 ’
1084 5777 1095 5786 ’
1175 5777 1191 5788 ’
1297 5777 1306 5784 ’
1443 5777 1459 5791 ⁷
1522 5777 1540 5790 ’
1597 5777 1607 5778 ί
1702 5777 1736 5778 ⁷⁷
1801 5777 1839 5793 ’⁷
1884 5777 1887 5778 ⁷
1962 5777 2006 5792 ”
2636 5777 2703 5784 “”
3125 5777 3301 5822 ”“””ῖ
