4074 6300
559 352 700 409 1599
1784 352 2103 412 ORIGENIS
2139 352 2206 408 IN
2237 351 2660 408 IIATTII/EUM,
3679 350 3832 400 non

559 467 777 522 Domini
801 468 971 524 nostri
997 468 1125 524 Jesu
1159 468 1382 523 Christi.
1417 489 1434 521 ι
1471 469 1522 526 Is
1551 478 1729 525 autem
1761 471 2008 526 Christus
2037 473 2127 524 Je-

2235 471 2419 539 θηταίς
2443 467 2504 521 τὸ
2533 467 2624 521 τὸν
2649 466 2811 519 αὑτὸν
2843 460 2980 518 εἶναι
3003 462 3183 518 αὐτῶν
3213 461 3279 517 οὐ
3307 460 3467 533 μόνον
3495 457 3652 523 Θεὸν,
3682 459 3831 512 ἀλλὰ

558 575 674 624 sus,
711 560 868 629 cujus
904 560 1218 614 benedictus
1244 560 1386 616 Deus
1414 572 1468 617 ct
1504 561 1668 617 Pater
1696 571 1819 626 est,
1865 562 1917 615 id
1961 563 2126 616 ctiam

2235 561 2326 615 καὶ
2354 559 2572 631 Πατέρα
2590 577 2605 590 ο
2637 559 2772 630 φησὶ
2803 557 2914 629 γὰρ
2943 556 3182 621 ἀναστὰς
3205 558 3271 609 ὲκ
3304 551 3516 624 νεκρῶν
3549 551 3691 622 πρὸς
3721 551 3833 621 τὴν

557 652 702 705 veris
727 651 840 705 suis
870 651 1144 704 concessit
1161 651 1465 720 discipulis,
1489 661 1556 724 ut
1569 652 1810 724 ipsorum
1834 667 1943 706 non
1968 652 2128 706 modo

2235 652 2483 722 Μαριάμο
2508 670 2526 700 ι
2553 651 2645 721 Μή
2671 666 2772 721 μου
2802 649 2994 702 ἅπτου·
3025 646 3179 700 abora)
3199 645 3308 718 γάρ
3337 643 3655 715 ἀναϐέϐηκα
3681 641 3832 712 πρὸς

521 809 526 813 _
562 741 724 804 Deus,
759 741 852 794 sed
883 741 1049 796 etiam
1082 740 1243 798 Pater
1268 743 1382 809 sit;
1436 752 1725 813 postquam
1760 741 1904 796 enim
1947 757 2128 798 surre-

2235 743 2324 795 τὸν
2367 741 2585 812 Πατέρα
2633 756 2766 812 μουο
2823 738 3056 812 πορεύου
3105 738 3163 792 δὲ
3208 737 3345 808 πρὸς
3373 736 3502 800 τοὺς
3549 734 3831 802 ἀδελφούς

559 833 638 886 xit
669 847 698 886 a
730 834 983 900 mortuis,
1009 833 1192 891 Maria:
1213 837 1349 891 dixit
1375 836 1420 868 ⁸³
1449 855 1460 889 :
1495 854 1514 888 ι
1548 834 1667 889 Noli
1724 849 1812 889 me
1869 841 2127 897 tangere:

2239 849 2361 903 μου,
2389 830 2480 885 καὶ
2518 831 2640 884 εἰπὲ
2673 831 2855 894 αὐτοῖς
2873 847 2887 860 ·
2933 828 3236 883 Ἀναϐαίνω
3279 827 3418 900 πρὸς
3465 826 3557 879 τὸν
3593 824 3834 894 Πατέρα

561 924 801 978 nondum
824 925 968 979 enim
992 928 1212 982 ascendi
1243 928 1310 982 ad
1340 925 1557 980 Patrem
1582 942 1762 981 meum
1799 945 1812 980 :
1854 925 1992 981 vade
2035 941 2128 979 au-

2238 939 2363 994 μου,
2403 921 2499 976 καὶ
2539 921 2760 991 Πατέρα
2797 920 2997 992 ὕμῶν,“
3021 919 3116 973 καὶ
3163 919 3295 973 Θεόν
3344 936 3471 990 μου,
3530 917 3628 970 καὶ
3682 916 3831 968 Θεὸν

557 1023 664 1069 tem
700 1017 766 1070 ad
799 1011 994 1071 fratres
1027 1033 1179 1073 meos
1203 1058 1218 1081 ,
1243 1027 1298 1072 et
1322 1018 1410 1072 dic
1449 1017 1568 1072 eis:
1619 1019 1869 1073 Ascendo
1913 1017 1980 1072 ad
2025 1015 2128 1071 Pa-

2235 1014 2443 1085 ὑμῶν.»
2491 1013 2631 1083 Ἐγὼ
2649 1014 2693 1068 δ’
2723 1009 2896 1084 οἶμαι,
2925 1015 3008 1066 ὅτι
3037 1013 3160 1066 τότε
3189 1010 3386 1082 καὶτῷ
3411 1008 3684 1081 Ἀϐραὰμ,
3723 1008 3829 1061 καὶ

557 1113 695 1160 trem
739 1122 939 1175 meum,
969 1119 1022 1163 et
1049 1108 1262 1163 Patrem
1292 1120 1565 1177 vestrum;
1612 1109 1781 1164 Deum
1815 1124 2016 1174 meum,
2077 1116 2128 1163 et

2235 1105 2314 1176 τῷ
2367 1105 2572 1170 Ἰσαὰκ,
2617 1107 2712 1160 καὶ
2759 1105 2836 1177 τῷ
2895 1102 3086 1158 Ἰακὼϐ
3130 1102 3442 1175 ἐχαρίσατο,
3477 1102 3568 1155 ἵνα
3617 1098 3828 1171 μηκέτι

558 1196 726 1254 Deum
747 1210 1007 1254 vestrum.
1038 1221 1056 1252 ι
1083 1201 1237 1256 Tunc
1268 1219 1396 1257 vero
1418 1211 1472 1258 et
1491 1204 1826 1268 Ahrahamo,
1851 1201 2128 1268 etIsaaco,

2237 1200 2396 1272 μόνον
2429 1200 2560 1264 Θεὸς
2651 1199 2830 1254 αὐτῶν
2858 1201 2886 1253 ὁ
2918 1199 3071 1264 Θεὸς,
3102 1198 3216 1252 ἀλλ’
3242 1197 3342 1269 ἥδη
3373 1196 3470 1250 καὶ
3496 1195 3712 1265 Πατήρ.
3763 1191 3831 1244 Ὀ

555 1298 611 1345 et
643 1289 845 1347 Iacobo
869 1293 922 1347 id
954 1293 1316 1362 gratiﬁcatum
1349 1294 1528 1364 ipsum
1567 1295 1738 1350 fuisse
1763 1294 2037 1361 existimo,
2070 1302 2128 1349 ut

2235 1296 2290 1349 δὲ
2315 1297 2527 1359 Λουκᾶς
2556 1293 2865 1367 προσέθηκε
2891 1291 2997 1364 τῷ*
3029 1310 3048 1343 ‹
3073 1292 3186 1345 Οὐκ
3199 1289 3347 1343 ἐστιν
3373 1287 3549 1350 ὁΘεὸς
3576 1284 3713 1348 Θεὸς
3728 1300 3827 1337 νε-

557 1397 667 1437 non
689 1383 922 1451 amplius
955 1398 1144 1438 eorum
1181 1384 1322 1439 Deus
1345 1385 1612 1440 duntaxat
1635 1395 1780 1441 esset
1807 1386 1950 1443 Deus
1974 1426 1989 1450 ,
2038 1387 2128 1443 sed

2240 1386 2410 1460 κρῶν,
2452 1386 2588 1441 ἀλλὰ
2637 1385 2876 1452 ζώντων,
2921 1402 2939 1436 ι
2977 1383 3220 1456 κειμένῳ
3243 1381 3339 1436 καὶ
3369 1379 3523 1452 παρὰ
3548 1376 3829 1447 Ματθαίῳ

553 1471 664 1541 jam
689 1477 850 1529 etiam
881 1475 1056 1530 Pater.
1083 1475 1161 1528 Ad
1184 1462 1391 1531 id'vero
1413 1477 1457 1508 ⁸⁷
1484 1491 1500 1530 :
1525 1497 1544 1528 ‹
1574 1477 1716 1532 Deus
1741 1495 1847 1534 non
1871 1487 1954 1534 est
1983 1494 2128 1532 mor-

2238 1479 2334 1533 καὶ
2373 1479 2606 1550 Μάρκῳ,
2625 1478 2708 1545 τὸ,
2733 1498 2752 1529 σ
2787 1479 2997 1542 Πάντες
3028 1475 3136 1546 γὰρ
3157 1473 3303 1544 αὑτῷ
3324 1471 3512 1538 ζῶσιν,
3535 1489 3553 1521 ι
3581 1469 3722 1540 ὅπερ
3750 1466 3826 1538 ἦν

557 1575 797 1631 tuorum,
833 1566 926 1620 sed
956 1566 1202 1620 vivorum
1223 1607 1237 1631 ,
1268 1585 1286 1618 ι
1341 1566 1488 1636 quod
1530 1569 1672 1639 apud
1704 1568 2015 1624 Matthaeum
2074 1577 2128 1624 et

2239 1571 2336 1640 οὐχ
2363 1572 2392 1624 ὁ
2421 1569 2599 1640 τυχὼν
2632 1569 2852 1634 ἔπαινος
2874 1569 2984 1624 τῶν
3009 1562 3508 1639 πατριαρχῶνο’ἂτε
3533 1560 3632 1613 τοῦ
3665 1559 3825 1630 τηλι-

556 1655 798 1712 Marcum
828 1657 1010 1710 itidem
1045 1665 1245 1724 exstat,
1280 1657 1410 1711 illud
1432 1657 1596 1712 etiam
1625 1659 1831 1713 addidit
1851 1658 2026 1714 Lucas
2050 1659 2129 1713 “:

562 1767 582 1800 ι
617 1747 821 1802 Omnes
848 1748 994 1803 enim
1026 1748 1216 1803 vivunt
1244 1750 1316 1814 ei,
1355 1767 1374 1800 ι
1406 1764 1528 1818 qua‘
1553 1749 1770 1819 quidem
1798 1750 2134 1820 patriarcha-

557 1854 680 1892 rum
732 1839 851 1893 laus
882 1847 998 1894 erat
1026 1854 1132 1894 non
1179 1839 1414 1910 exigua;
1454 1849 1603 1896 tanto
1648 1841 1897 1896 videlicet
1943 1850 2132 1896 nostro

560 1927 867 1996 Servatore,
898 1947 1004 1985 non
1031 1931 1178 2001 ipsos
1209 1931 1385 1987 solmn
1415 1932 1617 1998 vivere,
1648 1934 1740 1989 sed
1767 1932 2133 2002 quodcunque

556 2021 720 2076 etiam
748 2021 870 2075 vitae
899 2021 1141 2091 ipsorum
1166 2033 1268 2088 est,
1303 2026 1433 2090 Deo,
1465 2040 1566 2079 nec
1591 2025 1682 2078 alii
1730 2025 1984 2094 cuiquam
2029 2023 2132 2077 du-

556 2128 680 2168 cere
703 2113 1044 2170 testiﬁcante.
1073 2115 1207 2171 Illud
1238 2131 1364 2172 vero
1411 2132 1424 2169 :
1463 2135 1481 2168 ι
1519 2115 1724 2172 Omnes
1753 2117 1898 2171 enim
1938 2116 2131 2170 vivunt

553 2206 627 2269 ei,
663 2224 682 2257 ι
714 2205 862 2260 omni
899 2207 1064 2261 modo
1084 2222 1193 2261 non
1224 2209 1478 2264 exercere
1515 2223 1579 2262 ac
1609 2215 1998 2278 repracsentare
2030 2207 2129 2262 de-

553 2306 660 2364 cet,
704 2307 766 2353 ut
816 2314 922 2354 non
953 2299 1044 2353 alii
1076 2301 1352 2370 cuiquam,
1405 2317 1569 2372 quam
1627 2300 1771 2367 Deo,
1811 2299 1865 2353 in
1906 2297 2128 2354 Christo

2238 1660 2433 1714 κούτου
2467 1660 2721 1732 Σωτῆρος
2752 1661 2910 1732 ἡμῶν
2946 1657 3350 1731 μαρτυροῦντος
3389 1656 3595 1718 αὐτοῖς,
3629 1652 3692 1705 οὺ
3722 1651 3822 1722 μϐ-

2237 1769 2327 1805 νον
2348 1753 2428 1805 ὃτι
2449 1751 2616 1817 ζῶσιν
2631 1769 2645 1781 ·
2671 1750 2809 1805 ἀλλὰ
2828 1751 2921 1805 καὶ
2947 1751 3030 1804 ὅτι
3045 1749 3074 1802 ὃ
3094 1747 3251 1815 ζῶσι,
3268 1745 3387 1817 Θεῷ
3408 1745 3566 1810 ζῶσι,
3599 1743 3700 1796 καὶ
3720 1741 3824 1794 οὐκ.

2239 1842 2384 1914 ἄλλῳ
2411 1843 2540 1897 τινί.
2575 1843 2746 1896 Τοῦτο
2767 1842 2827 1896 δὲ
2854 1842 2916 1895 τὸ
2937 1885 2952 1910 ,
2990 1860 3010 1894 ι
3043 1839 3254 1903 Πάντες
3285 1837 3395 1910 γὰρ
3423 1834 3572 1906 αὑτῷ
3603 1833 3768 1898 ζῶσι,
3799 1851 3821 1883 ι

2237 1935 2403 1990 καλὸν
2447 1937 2610 1990 παντὶ
2658 1935 2846 2008 τρόπῳ
2891 1936 3082 1988 ἀσκεῖν
3103 1974 3117 1998 ,
3161 1932 3258 1988 xui
3301 1931 3449 2003 ἡμᾶς
3493 1925 3822 1987 ἀναλαϐεῖν,

2237 2029 2327 2082 ἵνα
2370 2029 2572 2092 πάντες
2625 2028 2814 2100 μηδενὶ
2846 2027 3011 2097 ἄλλῳ,
3055 2027 3089 2098 ἢ
3137 2025 3216 2114 τῷ
3270 2023 3390 2094 Θεῷ
3451 2020 3710 2114 ζήσωμεν
3755 2019 3827 2114 ἐν

2236 2119 2474 2191 Χριστῷ-
2522 2119 2633 2190 Τὴν
2675 2118 2734 2173 δὲ
2773 2121 2831 2172 ὲν
2879 2107 3214 2189 βραχυλογίᾳ
3258 2111 3566 2177 ἀπόδειξιν,
3601 2112 3668 2162 ὲκ
3711 2107 3824 2160 τῶν

2236 2213 2513 2275 Μωῢσέως
2540 2210 2906 2284 γραμμάτων,
2939 2213 3052 2273 τοῖς
3093 2209 3228 2280 μόνα
3277 2208 3462 2261 ἐκεῖνα
3511 2201 3824 2274 παραδεχο-

2241 2300 2421 2370 μένοις
2443 2300 2520 2365 ὡς
2549 2301 2668 2354 θεῖα
2688 2300 2816 2372 περὶ
2840 2299 2934 2353 τοῦ
2962 2298 3063 2370 ζῇν
3077 2299 3205 2362 τοὺς
3219 2296 3585 2366 πατριάρχας,
3610 2311 3629 2342 ι
3655 2288 3821 2343 ἀκού-

553 2401 746 2442 onmes
779 2389 1044 2444 vivamus.
1102 2387 1255 2444 Hanc
1287 2398 1469 2445 autem
1521 2405 1642 2461 quae
1691 2388 2126 2459 patriarcharum

2237 2409 2429 2458 σαντες
2458 2396 2508 2447 οἱ
2538 2394 2683 2465 ὄχλοι
2717 2393 3130 2465 ἐξεπλήσσοντο,
3156 2411 3173 2444 ι
3196 2391 3295 2461 τὴν
3314 2389 3533 2459 διδαχὴν
3556 2383 3818 2454 ἀποδεχό-

552 2475 718 2530 vitam
753 2477 1031 2532 astruebat
1068 2477 1587 2536 demonstrationem
1609 2519 1624 2545 ,
1659 2479 1850 2550 paucis
1879 2492 2128 2547 compre-

2239 2499 2390 2552 μενοι
2428 2481 2523 2535 τοῦ
2554 2483 2807 2553 Σωτῆρος
2835 2480 3175 2551 σοφωτάτην,
3219 2479 3314 2532 καὶ
3357 2475 3663 2547 δυναμένην
3690 2474 3817 2535 τοὺς

554 2568 780 2622 hensam
807 2569 1009 2635 verbis,
1043 2578 1098 2625 et
1130 2586 1193 2625 ex
1225 2570 1427 2643 Moysis
1464 2573 1682 2642 scriptis
1716 2588 1907 2627 eorum
1955 2571 2128 2642 gratia

2235 2573 2538 2636 δυσπίστως
2574 2572 2794 2645 ἔχοντας
2829 2571 3159 2644 ἐπιπρέψαι
3192 2569 3331 2642 πρὸς
3358 2569 3538 2622 αὐτόν.

553 2660 930 2732 depromptam
973 2667 1069 2734 qui
1109 2667 1225 2721 sola
1261 2667 1350 2722 illa
1391 2677 1653 2739 tanquam
1707 2670 1892 2725 divina
1947 2669 2328 2736 admittebant,
2376 2688 2396 2722 ι
2453 2670 2740 2726 audientes
2796 2669 2969 2724 turbat
3004 2667 3347 2722 mirabantur
3375 2666 3420 2697 "
3445 2705 3459 2729 ,
3503 2683 3522 2717 ›
3560 2664 3808 2735 Sospita-

553 2758 689 2813 toris
713 2759 973 2815 doctrinae
995 2763 1374 2831 assentientcs,
1406 2772 1571 2834 atque
1609 2764 1738 2821 huic
1763 2764 1984 2835 quidem
2032 2764 2471 2836 sapientissimae,
2524 2779 2758 2837 quaeque
2799 2779 2994 2836 parum
3043 2763 3147 2835 ipsi
3195 2763 3450 2820 credulos
3490 2764 3807 2830 conciliare,

554 2852 622 2904 ad
647 2866 880 2923 eumque
910 2863 1452 2926 converteretposset.

1782 3012 2015 3071 VETUS
2054 3011 2636 3070 INTERPRETATIO.

555 3163 962 3236 communione,
1015 3163 1162 3236 Deus
1183 3179 1374 3236 eorum
1405 3183 1419 3220 :
1453 3167 1548 3221 sed
1577 3165 1721 3222 Deus
1750 3167 2049 3231 Abraham,
2084 3174 2140 3221 et
2175 3165 2316 3221 Deus
2340 3164 2513 3236 Isaac,
2576 3173 2631 3218 et
2677 3163 2820 3236 Deus
2851 3178 3020 3236 gaeon
3056 3178 3071 3217 :
3119 3161 3271 3236 quasi
3331 3162 3532 3236 Singuli
3566 3177 3789 3236 eorum

555 3238 726 3282 totum
759 3233 992 3285 habeant
1031 3233 1223 3288 Deum.
1264 3233 1355 3289 Sic
1376 3244 1428 3288 et
1457 3237 1584 3289 alibi
1611 3237 1811 3290 dicitur
1845 3255 1864 3288 ‹
1902 3237 2044 3291 Deus
2078 3236 2228 3290 Elite.
2263 3255 2282 3287 ›
2315 3235 2515 3290 Christi
2549 3233 2730 3288 autem
2762 3244 2814 3288 et
2851 3233 2997 3290 Deus
3037 3242 3094 3289 et
3118 3232 3269 3288 Pater
3294 3245 3398 3287 est.
3424 3232 3588 3291 Quod
3621 3234 3797 3287 bene-

553 3299 740 3375 ﬁcium
762 3301 1033 3375 singulare
1060 3303 1283 3357 donavit
1306 3305 1472 3358 etiam
1504 3305 1789 3375 discipulis
1814 3307 1951 3369 suis,
1976 3315 2036 3359 ut
2063 3323 2170 3361 non
2205 3306 2382 3361 solum
2419 3305 2559 3359 Deus
2582 3305 2654 3360 sit
2683 3319 2895 3375 eorum,
2919 3304 3014 3375 sed
3042 3306 3206 3358 etiam
3254 3302 3432 3375 Pater,
3465 3303 3610 3357 sicut
3655 3302 3792 3356 dicit

553 3369 621 3422 ad
643 3367 876 3452 ,φοι-ἱειιῆ
905 3381 1026 3440 post
1069 3375 1526 3452 resurrectionem
1576 3367 1732 3429 suam
1767 3391 1780 3427 :
1817 3396 1840 3452 «_
1871 3367 2018 3452 Yade
2053 3375 2122 3431 ad
2149 3376 2347 3430 fratres
2379 3389 2554 3452 meos,
2589 3382 2644 3428 et
2675 3374 2763 3429 dic
2789 3367 2914 3452 eis»:
2940 3374 3193 3452 Ascendo
3237 3374 3304 3427 ad
3343 3371 3556 3452 Patrem
3575 3388 3790 3452 meum.

557 3437 1142 3522 et_Patremnvlestt-um,
1163 3445 1230 3497 ad
1267 3443 1434 3497 Deum
1471 3461 1674 3522 meum,
1701 3454 1755 3498 et
1777 3447 1844 3500 ad
1874 3447 2042 3522 Deum
2068 3455 2347 3522 vestrum._
2371 3465 2388 3497 ι
2416 3437 2602 3522 _Lucas
2633 3453 2812 3522 autem
2850 3444 2952 3498 hoc
2985 3443 3214 3522 _addid_it
3275 3443 3510 3522 amplius
3557 3442 3790 3522 dicens;

563 3525 583 3558 ι
613 3505 830 3583 Noncst
853 3508 995 3564 Deus
1021 3521 1381 3583 mortuorum,
1411 3516 1505 3569 sed
1534 3505 1804 3569 vivorum.
1844 3535 1862 3568 ι
1900 3515 2105 3570 Omnes
2128 3517 2276 3570 enim
2302 3517 2348 3570 ei
2378 3514 2588 3581 vivunt,
2621 3515 2767 3583 quod
2795 3529 2902 3568 non
2935 3513 3003 3568 ad
3027 3514 3298 3568 modicam
3329 3505 3544 3566 laudem
3575 3512 3798 3583 respicit

558 3579 996 3656 patriarcharum
1021 3582 1110 3649 qui
1141 3599 1244 3656 non
1270 3583 1445 3656 solum
1479 3585 1749 3652 vivebant,
1781 3586 1877 3642 sed
1905 3585 2016 3641 Deo
2050 3587 2307 3641 vivebant
2332 3589 2478 3656 quod
2521 3579 2792 3649 vivebant,
2819 3593 2872 3638 et
2898 3584 3105 3640 nemini
3129 3583 3309 3649 alteri,
3342 3592 3403 3637 ut
3443 3598 3543 3638 nos
3578 3579 3804 3637 festiue-

558 3663 681 3702 mus
708 3648 912 3702 nemini
947 3648 1148 3718 vivere,
1179 3653 1284 3708 nisi
1321 3653 1450 3708 Deo.

660 3802 705 3832 “
724 3800 884 3858 Joan.
924 3819 1015 3870 xx,
1047 3803 1132 3860 I7.

1244 3807 1288 3838 ⁸⁷
1322 3805 1514 3863 Matth.
1555 3825 1694 3878 χιιι,
1719 3809 1810 3878 '52;
1844 3809 2010 3867 Marc.
2044 3825 2120 3866 xu

2235 3809 2271 3866 7.
2369 3809 2414 3842 ⁸⁸
2453 3808 2589 3867 Luc.
2617 3825 2709 3878 xx,
2734 3808 2823 3865 38.
2900 3811 2944 3842 ⁶⁹
2970 3807 3158 3864 Mattn.
3190 3824 3329 3874 χχιι,
3359 3808 3451 3864 55.

1849 4149 2016 4222 ⁸³⁸³
2038 4171 2528 4286 SERIES

552 4389 898 4454 VETERIS
935 4391 1722 4455 INTEBPRETATIONIS
1761 4393 2535 4457 COMMENTARIORUM
2577 4393 2958 4456 OBIGENIS
3005 4393 3091 4455 IN
3143 4392 3624 4456 MATTHIEUM
3656 4389 3799 4472 (77).

621 4703 754 4758 1.1η
780 4705 872 4760 illo
911 4706 1156 4775 tempore,
1187 4705 1458 4760 audientes
1489 4718 1665 4762 autem
1689 4708 1953 4765 Pharisaei
1981 4712 2119 4782 quod
2154 4719 2197 4774 D
2227 4719 2454 4768 strasset
2468 4711 2603 4783 legis
2616 4708 2884 4780 exemplo,
2900 4706 3514 4773 sicutdixitMatthmus,
3529 4704 3798 4760 silentium

551 4798 817 4851 silentium
844 4798 1178 4866 imposuisset
1209 4796 1365 4852 Iesus
1401 4798 1744 4868 Sadducwis,
1779 4811 2126 4857 convenerunt
2236 4803 2548 4860 Sadducaeis
2576 4802 2837 4872 imposuit
2873 4799 3033 4857 Jesus
3063 4819 3076 4855 :
3108 4801 3296 4857 volens
3322 4798 3643 4861 ostendere,
3673 4811 3799 4866 quo-

554 4891 610 4942 in
646 4906 803 4942 unum
825 4930 840 4954 ,
871 4900 921 4944 et
962 4890 1302 4960 interrogavit
1336 4909 1469 4944 unus
1498 4909 1563 4946 ea:
1599 4895 1674 4948 eis
1710 4904 1918 4948 tentans
1962 4908 2122 4948 eum:
2232 4897 2378 4952 niam
2412 4911 2654 4950 amaram
2681 4903 2735 4950 et
2763 4898 3014 4954 nocivam
3045 4893 3313 4951 mendacii
3338 4905 3528 4947 vocem
3558 4889 3799 4943 obmute-

559 4979 810 5048 Magister
832 5021 847 5046 ,
878 4981 1018 5050 quod
1054 4991 1131 5035 est
1164 4982 1340 5052 majus
1371 4984 1684 5039 mandatum
1729 4987 1786 5040 in
1823 4985 1933 5056 lege
1957 4989 1982 5042 7
2008 4985 2130 5056 Ipse
2232 5002 2383 5044 scere
2399 4985 2527 5042 fecit
2543 4985 2767 5042 claritas
2785 4987 3047 5042 veritatis.
3065 4985 3217 5040 Sicut
3233 4998 3362 5052 ergo
3375 4979 3624 5036 Salvator
3638 4975 3801 5032 verbo

552 5081 725 5125 autem
744 5072 879 5124 dixit
895 5073 1002 5125 eis:
1027 5073 1231 5144 Diliges
1259 5073 1544 5128 Dominum
1571 5076 1737 5130 Deum
1764 5087 1912 5131 tuum
1927 5095 1992 5131 ea:
2019 5088 2128 5133 toto

552 5165 707 5216 corde
732 5169 842 5225 tuo,
869 5172 917 5214 et
951 5178 1015 5215 ea:
1042 5173 1156 5217 tota
1191 5165 1372 5219 anima
1397 5176 1507 5233 tua,
1533 5175 1581 5220 et
1603 5183 1667 5221 ex
1689 5177 1796 5222 tota
1819 5179 1987 5223 mente
2012 5179 2122 5224 tua.

557 5253 668 5306 lloc
701 5263 778 5308 est
804 5255 1127 5324 maximum,
1154 5266 1203 5311 et
1225 5260 1453 5327 primum
1482 5257 1792 5312 mandatum
1821 5261 1887 5323 7°,
1913 5270 1967 5316 et
1994 5261 2126 5317 reli-

553 5361 677 5414 qua.
720 5344 856 5400 Cum
888 5345 1153 5403 Dominus
1180 5350 1247 5404 ad
1276 5349 1758 5422 interrogationem
1790 5350 2121 5410 Sadducazo-

551 5454 671 5492 rum
704 5454 827 5495 esse
852 5441 1306 5498 resurrectionem
1337 5444 1527 5499 audire
1552 5445 1864 5504 nolentibus
1889 5447 2122 5504 demon-

499 5630 512 5640 -
621 5597 670 5628 ’⁸
713 5597 904 5653 Matth.
950 5615 1089 5667 ult,
1129 5601 1221 5666 54,
1266 5600 1360 5670 '55,
1405 5600 1496 5670 56,
1529 5600 1622 5670 '57,
1671 5600 1761 5660 38.

622 5747 734 5812 (77)
764 5752 848 5809 AI.
890 5759 1048 5809 tract.
1091 5751 1278 5810 XXIII.

2230 5078 2492 5134 doctrinae
2504 5093 2615 5133 suae
2629 5079 2899 5134 silentium
2915 5077 3173 5148 imposuit
3186 5072 3523 5137 Sadducaais,
3539 5079 3593 5126 et
3608 5069 3799 5124 falsum

2233 5169 2430 5241 dogma
2454 5211 2468 5234 ,
2499 5171 2644 5240 quod
2672 5173 2812 5241 apud
2843 5172 2962 5226 illos
2994 5172 3192 5224 veritas
3215 5165 3508 5237 putabatur
3531 5203 3546 5228 ,
3571 5161 3804 5218 convicit

2232 5262 2558 5318 tiducialiter
2581 5281 2595 5318 :
2618 5263 2700 5318 sic
2726 5262 2925 5318 facient
2940 5270 2995 5318 et
3009 5259 3210 5316 Christi
3227 5257 3532 5312 imitatores
3544 5251 3803 5322 exemplis

2231 5356 2659 5425 Scripturarum,
2691 5355 2890 5428 quibus
2916 5359 3134 5424 oportet
3154 5351 3455 5407 secundum
3491 5362 3678 5403 sanam
3713 5345 3800 5398 do-

2229 5450 2462 5506 ctrinam
2494 5463 2721 5524 omnem
2754 5463 2943 5504 vocem
2981 5447 3355 5504 obmutescere
3378 5438 3722 5508 Pharaonis,
3750 5437 3800 5490 in
