4074 6300
280 395 417 451 ιδυι

1426 389 2084 450 COMMENTARIORUM
2128 388 2391 444 SERIES.

3405 391 3548 443 ibi}!

273 529 390 583 qua
422 511 662 584 glorians
695 509 825 566 dicit
852 509 894 541 "
926 527 940 564 :
978 508 1097 564 Mea
1125 520 1246 565 sunt
1289 510 1546 580 ﬂumina,
1578 521 1626 564 et
1650 526 1743 580 ego
1766 511 1866 579 feci
1898 520 1942 572 Α
1974 515 2078 570 cst,
2103 498 3150 573 t-tdiscipulusmagistrisuidiscipulus
3167 510 3270 557 est.
3291 499 3550 571 Propter-

273 621 344 658 ea
365 643 382 668 ,
408 604 553 660 sicut
580 604 842 670 scriptum
867 609 951 654 est
974 599 1117 669 apud
1159 599 1520 656 Ezechielem.
1575 599 1864 655 Sadducaei

275 710 417 766 ergo
447 694 540 766 qui
569 694 758 748 dicunt
783 692 1235 747 resurrectionem
1259 707 1370 747 non
1391 707 1532 759 esse,
1563 693 1866 764 interroga-

274 797 485 842 verunt
510 786 846 858 Salvatorem
870 802 930 842 ea
955 801 1078 856 quae
1098 785 1300 855 scripta
1322 793 1471 849 sunt,
1493 783 1866 840 existimantes

280 878 566 934 silentium
603 878 888 954 imponere
917 878 988 933 ei.
1036 877 1144 932 Sed
1185 893 1286 934 nec
1320 877 1502 947 Jesus,
1535 893 1638 935 nec
1683 878 1866 935 dilecti

283 969 546 1040 discipuli
601 967 722 1040 ejus
768 969 1063 1039 aliquando
1119 971 1482 1026 obstruuntur
1535 971 1604 1027 ab
1661 971 1864 1042 impiis.

281 1062 582 1134 Proprium
645 1072 730 1118 est
767 1063 912 1117 enim
952 1070 1014 1115 ut
1060 1059 1375 1118 Sadducaeis
1438 1063 1713 1120 silentium
1761 1065 1868 1119 im-

283 1163 531 1222 pnnalttt‘
591 1168 622 1207 a
687 1151 926 1206 Christo.
986 1151 1176 1208 Justus
1239 1155 1385 1210 enim
1450 1165 1592 1211 tacet
1647 1157 1868 1227 quidem

283 1245 474 1300 sciens
515 1254 716 1312 tempus
757 1243 1000 1310 tacendi,
1039 1254 1090 1299 et
1133 1237 1333 1316 temﬁus
1367 1247 1612 1318 loquendi
1641 1239 1712 1314 7',
1759 1265 1868 1303 non

283 1345 474 1390 autem
529 1333 876 1388 obmutescit.
933 1333 1001 1388 Et
1057 1335 1199 1390 sicut
1265 1339 1542 1408 proprium
1606 1351 1689 1395 est
1734 1342 1870 1411 justi

287 1433 510 1489 tacere,
539 1438 647 1477 non
687 1432 868 1478 autem
896 1423 1276 1481 obmutescere
1311 1445 1325 1482 :
1358 1429 1438 1483 sic
1478 1430 1758 1500 proprium
1789 1441 1872 1486 est

291 1515 722 1572 Sudducteorum
741 1558 756 1583 ,
782 1517 865 1572 vel
893 1519 1138 1573 omnium
1166 1520 1259 1590 qui
1289 1522 1556 1576 mendacii
1589 1532 1718 1578 sunt
1744 1524 1874 1579 doc-

292 1620 464 1674 tores,
492 1610 868 1665 obmutescere
899 1609 1140 1680 quidem,
1168 1627 1274 1667 non
1303 1626 1482 1668 autem
1513 1624 1710 1670 tacere.
1736 1615 1869 1670 Nam

291 1702 398 1756 etsi
417 1700 804 1758 obmutescunt
823 1710 1085 1771 quantum
1110 1702 1176 1758 ad
1193 1719 1329 1767 rem,
1344 1719 1453 1758 non
1470 1713 1650 1760 tamen
1668 1715 1868 1762 tacent.

297 1791 423 1844 Ideo
445 1799 498 1844 et
526 1789 792 1846 Dominus
821 1806 932 1846 non
956 1791 1163 1847 homini
1185 1793 1346 1859 dixit,
1378 1795 1473 1849 scd
1507 1796 1681 1851 mari:
1713 1796 1870 1862 Tace,

291 1891 345 1935 et
376 1882 672 1936 obmutesce
691 1882 760 1948 ⁷⁸,
787 1883 1074 1953 increpans
1100 1884 1230 1939 illud
1262 1900 1386 1940 cum
1415 1887 1746 1943 turbaretur.
1777 1888 1878 1943 Ta-
1911 1901 1948 1955 Β

297 1991 422 2028 men
455 1974 712 2030 Pharisaei
755 1977 849 2046 qui
875 1973 1330 2033 resurrectionem
1359 1982 1746 2048 consentiunt,
1776 1997 1875 2036 au-

245 2095 262 2104 —
295 2068 508 2124 dientes
532 2069 678 2139 quod
718 2071 994 2126 silentium
1027 2071 1290 2143 imposuit
1315 2071 1646 2140 Sadducaais,
1677 2090 1870 2131 conve-

298 2172 497 2216 uerunt
537 2162 588 2216 in
634 2177 804 2217 unum
831 2203 848 2230 ,
877 2163 1128 2220 videlicet
1168 2167 1586 2221 resurrectionis
1624 2166 1876 2236 dogmate

296 2257 656 2326 praevalente,
687 2268 740 2313 et
780 2260 1088 2328 congregati
1129 2269 1256 2314 sunt
1294 2259 1389 2328 qui
1433 2274 1539 2314 non
1579 2275 1876 2331 congrega-

299 2349 500 2406 bantur
536 2353 777 2420 quandiu
807 2352 1122 2409 Sa'dducads
1166 2352 1442 2408 silentium
1480 2369 1589 2408 non
1629 2355 1877 2424 impone-

296 2451 467 2497 retur.
497 2440 866 2499 Nihilominus
900 2453 1079 2498 tamen
1123 2455 1179 2499 et
1218 2445 1265 2499 si
1305 2447 1619 2516 congregati
1648 2445 1872 2512 fuerint,

300 2542 584 2604 propterea
608 2534 753 2604 quod
774 2536 948 2589 tenuit
966 2537 1384 2592 resurrectionis
1404 2537 1675 2607 probatio,
1694 2547 1873 2592 tamen

303 2642 446 2682 unus
474 2644 540 2682 ex
561 2628 638 2683 eis
663 2629 1039 2700 interrogavit,
1065 2646 1174 2685 non
1203 2631 1360 2702 quasi
1394 2632 1582 2687 volens
1614 2632 1682 2688 ab
1705 2647 1772 2688 eo
1799 2631 1878 2686 di-

300 2733 452 2772 scere
473 2721 992 2790 quaainterrogabat,
1019 2722 1113 2778 sed
1139 2731 1353 2779 tentans
1370 2722 1659 2778 Dominum
1683 2725 1873 2794 Deum.

302 2808 534 2884 Omnem
566 2827 697 2883 ergo
726 2812 1002 2868 hominem
1027 2813 1120 2883 qui
1153 2829 1263 2868 non
1290 2814 1532 2870 discendi
1555 2815 1749 2884 gratia,
1779 2814 1875 2870 sed

301 2902 546 2982 tentandi
584 2918 774 2969 causa,
805 2918 982 2973 neque
999 2920 1062 2958 ex
1087 2904 1283 2959 affectu
1315 2905 1550 2975 simplici
1573 2906 1872 2975 interrogat

298 2996 534 3066 aliquem
567 2995 850 3050 doctorum
878 2996 944 3050 de
969 2996 1337 3067 qualicunque
1363 2997 1602 3068 capitulo
1626 3039 1642 3066 ,
1678 2999 1874 3053 existi-

299 3104 452 3144 mare
484 3088 747 3143 debemus
779 3086 999 3142 fratrem
1028 3087 1286 3144 Pharisaei
1312 3088 1458 3145 illius
1495 3090 1587 3160 qui
1626 3088 1876 3145 Salvato-

299 3191 415 3230 rem
445 3174 868 3244 interrogatione
904 3189 1004 3229 sua
1027 3176 1290 3230 tentabat.
1335 3175 1531 3232 Omnia
1567 3179 1712 3233 enim
1753 3193 1876 3249 qua:

299 3267 438 3321 ﬁunt
459 3267 514 3320 in
547 3276 769 3322 sanctos
785 3265 988 3322 Christi
1015 3267 1130 3344 sise
1156 3267 1226 3322 ab
1245 3268 1680 3335 insidiatoribus,
1700 3271 1812 3325 sive
1844 3287 1874 3326 a
1903 3259 1949 3319 C

302 3359 674 3429 diligentibus,
701 3359 753 3414 in
798 3374 858 3414 se
904 3360 1136 3428 suscipit
1159 3360 1445 3417 universa:
1480 3362 1780 3418 secundum
1809 3378 1873 3418 ea

299 3455 444 3507 enim
483 3467 602 3524 quae
635 3451 838 3522 scripta
865 3462 1015 3517 sunt,
1048 3462 1284 3509 tractare
1304 3453 1567 3508 debemus
1596 3461 1652 3508 et
1671 3467 1734 3508 ea
1754 3469 1876 3524 quae

302 3547 503 3614 scripta
543 3559 653 3598 non
698 3553 846 3600 sunt.
880 3545 1155 3614 Scriptum
1195 3556 1278 3600 est
1314 3543 1462 3599 enim
1501 3556 1724 3615 propter
1751 3563 1877 3601 esu-

297 3635 500 3689 rientes
527 3646 581 3691 et
610 3637 856 3693 sitientes
885 3653 1010 3692 eum
1033 3638 1232 3695 dixisse
1267 3658 1281 3694 :
1308 3629 1509 3705 Esurii,
1538 3648 1594 3695 et
1620 3656 1633 3692 :
1660 3639 1768 3693 sitii
1792 3639 1841 3672 ”
1863 3653 1885 3698 ι

299 3727 350 3780 et
391 3737 612 3796 propter
644 3730 851 3795 nudos,
884 3738 939 3784 et
967 3731 1308 3802 peregrinos,
1339 3741 1395 3787 et
1429 3740 1757 3802 aegrotantes
1778 3773 1794 3798 ,
1828 3740 1888 3790 et

302 3817 355 3872 in
392 3834 610 3874 carcere
640 3821 843 3889 positos
876 3838 890 3874 :
932 3820 1118 3876 Nudus
1147 3823 1258 3892 fui;
1286 3831 1343 3877 et
1381 3840 1394 3876 :
1428 3823 1609 3894 hospes
1635 3824 1753 3895 fui;
1783 3831 1839 3879 et
1867 3839 1885 3878 :

302 3910 540 3977 inﬁrmus
582 3913 696 3982 fui;
725 3922 782 3968 et
810 3931 822 3966 :
853 3915 906 3966 in
950 3931 1158 3969 carcere
1196 3915 1274 3986 fui
1306 3915 1373 3971 ⁷⁸.
1412 3915 1723 3992 Secundum
1751 3929 1890 3970 con-

300 4000 641 4070 sequentiam
679 4000 1056 4056 similitudinis
1088 4000 1356 4056 addamus
1384 4009 1439 4055 et
1464 4015 1565 4055 nos
1599 4019 1612 4054 :
1643 4001 1876 4070 injurias

301 4104 498 4160 passus
519 4104 666 4154 sum,
689 4103 862 4145 caesus
892 4105 1045 4155 sum,
1073 4099 1126 4145 et
1152 4098 1390 4156 tentatus
1418 4104 1562 4156 sum,
1591 4098 1647 4145 ct
1667 4089 1874 4146 omnia.

303 4181 367 4238 Et
397 4185 540 4239 sicut
565 4184 617 4239 in
652 4183 758 4240 illis
789 4199 912 4256 qua:
952 4185 1155 4254 scripta
1197 4193 1355 4250 sunt,
1388 4200 1550 4240 verus
1574 4194 1658 4240 est
1694 4201 1876 4242 sermo

303 4273 514 4329 Domini
547 4275 781 4332 dicentis
811 4293 824 4329 :
871 4273 1126 4340 Quandiu
1164 4275 1256 4328 uni
1283 4291 1348 4329 ea:
1387 4276 1620 4330 minimis
1650 4277 1768 4332 istis
1797 4279 1877 4348 fe-

298 4368 470 4434 cistis,
496 4368 625 4420 mihi
645 4367 845 4437 fecistis
864 4367 912 4398 "
933 4384 947 4433 ;
966 4366 1046 4422 sic
1067 4382 1190 4422 cum
1213 4366 1468 4437 injuriam
1493 4382 1688 4437 passus
1717 4369 1878 4427 fuerit

298 4460 478 4530 justus
507 4500 522 4525 ,
556 4460 639 4514 vel
668 4459 1076 4530 blasphematus
1099 4500 1114 4525 ,
1143 4459 1229 4514 vel
1258 4459 1463 4530 aliquid
1497 4461 1604 4516 tale
1640 4477 1871 4533 passus,

299 4563 440 4619 pone
481 4549 761 4605 Christum
800 4550 852 4603 in
888 4563 983 4605 eos
1024 4550 1117 4620 qui
1146 4548 1392 4606 fecerunt
1437 4551 1706 4609 dicentem
1748 4554 1871 4610 eis:

299 4643 530 4709 Quando
558 4643 651 4697 uni
689 4659 753 4697 ex
786 4642 1031 4699 minimis
1075 4643 1196 4700 istis
1226 4642 1432 4700 fecistis
1459 4643 1718 4716 injuriam
1739 4689 1755 4715 ,
1789 4662 1878 4704 mc

300 4735 572 4799 tentastis,
601 4748 690 4788 me
722 4733 1160 4804 blasphemastis.

368 4845 422 4900 2.
455 4844 752 4902 Videamus
780 4862 927 4902 nunc
951 4847 1380 4918 propositionem
1412 4856 1672 4905 tentantis
1707 4867 1723 4907 :
1759 4849 1880 4906 Ma-

297 4941 480 5011 gister,
517 4939 714 5009 inquit,
741 4939 878 5011 quod
918 4949 993 4994 est
1028 4940 1345 4995 mandatum
1374 4941 1550 5012 majus
1587 4943 1644 4997 in
1668 4943 1778 5016 lege
1793 4945 1881 5002 7"?

289 5031 539 5088 Tentans
573 5032 826 5088 dicebat:
862 5031 1140 5103 Magister,
1186 5033 1446 5104 quoniam
1475 5050 1582 5090 non
1609 5036 1765 5106 quasi
1792 5037 1876 5093 di-

297 5125 546 5199 scipulus
579 5128 783 5186 Christi
814 5129 1125 5200 proferebat
1155 5130 1296 5187 hanc
1321 5145 1531 5188 vocem.
1558 5132 1672 5189 Hoc
1695 5143 1876 5190 autem

283 5223 640 5280 manifestius
659 5225 764 5280 erit
787 5224 858 5280 ab
876 5225 1128 5295 exemplo
1149 5227 1294 5296 quod
1318 5227 1583 5283 dicemus.
1603 5226 1762 5295 Puta,
1789 5243 1878 5299 pa-

298 5325 380 5370 ter
405 5315 499 5371 ﬁlii
527 5317 612 5372 sui
656 5329 808 5387 pater
830 5327 946 5381 est,
990 5327 1045 5371 et
1079 5330 1240 5370 nemo
1279 5333 1406 5373 eum
1445 5319 1665 5388 proprie
1696 5329 1878 5390 potest

295 5408 478 5464 dicere
519 5419 729 5479 patrem
753 5451 768 5475 ,
815 5411 921 5467 nisi
956 5411 1102 5468 ﬁlius
1126 5412 1282 5483 ejus;
1307 5420 1361 5466 et
1403 5421 1579 5467 mater
1609 5412 1734 5468 ﬁliae
1759 5428 1875 5470 sua:

297 5508 473 5556 mater
502 5511 607 5569 est,
656 5514 711 5558 et
742 5503 889 5558 nulla
921 5519 1040 5559 eam
1069 5515 1245 5574 petest
1268 5505 1450 5560 dicere
1479 5515 1738 5574 matrem,
1768 5507 1875 5564 nisi

296 5593 411 5649 sola
437 5593 547 5648 ﬁlia
577 5595 718 5665 ejus.
748 5594 838 5652 Sic
865 5605 920 5652 et
940 5597 1198 5662 magister
1223 5597 1475 5669 discipuli
1503 5601 1588 5656 sui
1615 5602 1876 5674 magister

368 5733 414 5765 "
455 5731 656 5786 Ezech.
695 5749 848 5801 xxtx,
871 5734 924 5792 9.
1019 5736 1066 5769 ⁷⁸
1087 5733 1263 5792 Eccle.
1291 5752 1374 5801 Ill,
1400 5736 1451 5792 7.

1547 5738 1593 5770 ⁷³
1615 5738 1782 5796 Marc.
1812 5755 1886 5806 Iv,
1909 5740 1999 5798 39.

1973 613 2037 653 ea
2079 611 2240 651 nemo
2275 604 2449 666 potest
2488 593 2669 649 dicere
2716 595 2884 658 bene,
2919 594 3209 663 magister,
3243 595 3346 650 nisi
3382 595 3552 649 disci-

1973 688 2157 756 pulus.
2190 685 2257 740 Et
2281 686 2403 740 vide
2433 684 2540 739 nisi
2564 695 2783 754 propter
2810 686 2914 740 hoc
2938 686 3065 754 quia
3093 699 3202 738 non
3231 700 3422 740 omnes
3454 687 3550 756 qui

1973 779 2165 832 dicunt
2186 793 2309 832 eum
2343 777 2684 846 magistrum,
2714 779 2850 832 bene
2873 777 3100 842 dicunt,
3126 777 3218 831 sed
3246 775 3300 830 hi
3326 777 3426 830 soli
3456 781 3552 846 qui

1974 867 2178 922 habent
2201 867 2446 924 discendi
2475 867 2807 922 voluntatem
2834 867 2903 922 ab
2929 881 3018 931 eo,
3041 866 3256 922 dicebat
3292 866 3358 920 ad
3386 866 3554 921 disci-

1976 955 2132 1024 pulos
2163 969 2293 1010 suos
2320 955 2365 987 ⁷⁸
2391 972 2404 1008 :
2451 953 2554 1009 Vos
2580 957 2776 1009 vocatis
2806 973 2885 1010 me
2915 955 3255 1026 Magistrum,
3286 966 3335 1010 et
3363 955 3554 1009 Denti-

1976 1059 2123 1108 num,
2154 1052 2205 1096 et
2240 1043 2364 1096 bene
2401 1043 2580 1098 dicitis
2606 1059 2625 1097 :
2659 1061 2776 1098 sum
2808 1045 3019 1099 etenim.
3056 1043 3198 1099 Bene
3228 1060 3357 1114 ergo
3385 1045 3553 1099 disci-

1976 1134 2088 1204 puli
2122 1134 2324 1188 Christi
2368 1143 2567 1188 vocant
2605 1151 2730 1189 eum
2772 1136 3134 1206 magistrum,
3175 1149 3229 1191 et
3256 1138 3554 1192 servientes

1976 1225 2329 1294 verboipsius
2347 1226 2482 1280 bene
2497 1227 2656 1297 831
2681 1229 2830 1282 illum
2852 1227 3140 1283 Dominum
3163 1239 3380 1283 vocant.
3403 1228 3556 1283 Unde

1979 1316 2114 1370 bene
2143 1317 2358 1371 dicebat
2386 1315 2682 1385 Apostotus
2704 1319 2770 1372 7’:
2808 1316 2976 1371 Nobis
3007 1327 3182 1372 autem
3206 1335 3340 1372 unus
3371 1318 3558 1372 Domi-

1978 1423 2075 1460 nus
2094 1405 2251 1461 Jesus
2269 1407 2534 1475 Christus,
2557 1425 2650 1478 per
2671 1426 2822 1479 quem
2839 1411 3038 1474 omnia,
3057 1420 3104 1464 et
3132 1426 3224 1463 nos
3245 1427 3336 1480 per
3358 1411 3552 1478 ipsum.

1977 1497 2045 1553 Et
2077 1499 2205 1553 illud
2226 1499 2510 1554 considera
2540 1500 2682 1569 quod
2702 1501 2834 1554 ait“
2866 1519 2878 1554 :
2913 1499 3059 1554 Satis
3087 1510 3163 1554 est
3191 1501 3472 1570 discipulo,
3497 1512 3554 1555 ut

1977 1587 2074 1656 ﬁat
2099 1601 2204 1640 non
2225 1586 2549 1657 simpliciter
2565 1587 2708 1642 sicut
2732 1592 3012 1658 magister,
3035 1588 3128 1642 sed
3151 1591 3284 1642 sicut
3309 1589 3559 1659 magister

1979 1677 2112 1748 ejus.
2151 1676 2208 1732 Si
2248 1677 2371 1748 quis
2414 1692 2545 1748 ergo
2585 1678 2788 1748 aliquis
2815 1694 2925 1733 non
2966 1679 3128 1734 discit
3155 1695 3185 1732 a
3223 1678 3428 1746 Verbo,
3457 1695 3557 1734 nec

1983 1765 2146 1821 tradit
2177 1782 2235 1822 se
2259 1781 2328 1820 ex
2359 1775 2474 1821 toto
2496 1767 2681 1822 animo
2709 1783 2830 1834 suo,
2859 1775 2919 1822 ut
2943 1769 3036 1822 iiat
3064 1768 3260 1824 dilecta
3294 1769 3557 1838 plantatio

1979 1857 2131 1928 ejus,
2162 1856 2294 1912 dicit
2319 1866 2501 1913 autem
2542 1859 2590 1914 ei
2619 1877 2633 1913 :
2669 1858 2945 1930 Magister,
2985 1858 3152 1915 frater
3179 1869 3261 1915 est
3300 1859 3557 1916 Pharisa-i
3594 1910 3598 1915 ,

1979 1951 2242 2005 tentantis
2270 1949 2576 2019 Christum,
2614 1960 2670 2006 et
2695 1953 2924 2008 dicentis
2951 1952 2998 2007 ei
3026 1971 3038 2006 :
3080 1952 3351 2023 Magister.
3383 1951 3473 2008 Sic
3504 1962 3559 2008 et

1978 2045 2159 2099 omnis
2183 2042 2277 2114 qui
2309 2043 2440 2098 dicit
2466 2060 2480 2099 :
2511 2042 2675 2097 Pater
2701 2053 2878 2098 noster
2901 2044 2993 2114 qui
3014 2061 3066 2097 es
3094 2044 3146 2096 in
3177 2045 3320 2097 ctelis
3349 2044 3418 2108 δι,
3445 2061 3556 2100 non

1976 2133 2137 2188 debet
2165 2135 2365 2190 habere
2391 2134 2640 2203 spiritum
2665 2135 2932 2189 servitutis
2966 2135 3021 2188 in
3054 2135 3260 2202 timore,
3286 2135 3376 2188 sed
3398 2136 3560 2205 spiri-

1979 2233 2090 2277 tum
2124 2226 2426 2295 adoptionis
2454 2224 2688 2294 ﬁliorum
2712 2224 2781 2279 9'.
2810 2223 2911 2292 Qui
2946 2233 3127 2280 autem
3163 2240 3272 2280 non
3306 2225 3556 2294 spiritum

1978 2314 2287 2384 adoptionis
2317 2315 2554 2369 ﬁliorum
2595 2314 2780 2382 habet,
2805 2324 2859 2369 et
2882 2315 3012 2370 dicit
3037 2333 3050 2369 :
3087 2313 3250 2369 Pater
3271 2324 3445 2369 noster
3465 2316 3557 2386 qui

1905 2447 1912 2450 .
1975 2421 2028 2459 es
2058 2406 2110 2458 in
2136 2406 2302 2469 caelis,
2333 2405 2614 2469 mentitur,
2649 2419 2772 2459 cum
2807 2421 2918 2459 non
2949 2406 3021 2460 sit
3048 2405 3192 2460 ﬁlius
3225 2404 3351 2474 Dei,
3386 2405 3555 2461 Deum

1975 2494 2190 2550 Patrem
2227 2511 2386 2562 suum
2409 2495 2711 2566 appellans.
2742 2487 3099 2566 interrogatio
3120 2505 3299 2550 autem
3331 2496 3447 2565 ipsa
3474 2504 3558 2550 est

1977 2587 2101 2642 talis
2135 2604 2148 2642 :
2181 2585 2334 2652 Quod
2371 2597 2449 2640 est
2482 2602 2733 2656 magnum
2774 2587 3087 2640 mandatum
3121 2587 3179 2640 in
3223 2586 3332 2657 lege
3359 2586 3450 2640 l"?
3497 2585 3554 2640 in

1978 2692 2090 2748 quo
2112 2675 2338 2745 dignum
2357 2684 2444 2730 est
2461 2684 2520 2729 ut
2548 2674 2616 2730 de
2637 2676 3017 2731 mandatorum
3036 2675 3336 2729 differentia
3352 2673 3570 2756 aliquid]

1976 2785 2339 2841 exponamus.
2377 2769 2637 2837 Quaedam
2674 2771 2822 2825 enim
2861 2770 3115 2826 mandata
3155 2779 3283 2826 sunt
3325 2785 3556 2839 magna,

1976 2863 2224 2934 quaedam
2269 2873 2451 2918 autem
2489 2863 2920 2933 subsequentia;
2963 2875 3019 2920 et
3051 2865 3130 2920 sic
3168 2880 3267 2935 per
3307 2855 3554 2920 ordinem

1977 2968 2153 3024 usque
2175 2953 2240 3007 ad
2263 2951 2488 3006 minima
2514 2953 2765 3006 mandata
2790 2962 2874 3008 est
2896 2952 3305 3022 requirendum.
3326 2949 3384 3006 Si
3410 2951 3556 3006 enim

1977 3046 2210 3100 tentanti
2234 3043 2534 3107 Pharisaeo,
2565 3051 2619 3098 et
2646 3043 2847 3099 dicenti
2880 3063 2892 3096 :
2921 3043 3074 3107 Quod
3105 3053 3184 3098 est
3205 3043 3377 3112 majus
3406 3059 3560 3096 man-

1977 3135 2162 3187 datum
2193 3135 2250 3187 iu
2278 3136 2416 3204 lege,
2443 3149 2553 3188 non
2581 3133 2991 3203 respondisset,
3021 3141 3417 3201 consequenter
3444 3131 3561 3185 exi-

1979 3222 2328 3277 stimaremus
2357 3237 2479 3277 non
2493 3237 2616 3279 esse
2647 3222 2968 3276 mandatum
2997 3221 3175 3291 majus
3204 3221 3375 3275 altero
3401 3235 3560 3274 man—

1978 3313 2127 3368 dato.
2167 3311 2323 3370 Nunc
2361 3323 2541 3370 autem
2584 3329 2708 3370 cum
2750 3314 3086 3384 respondens
3130 3313 3318 3368 dicat:
3360 3311 3558 3382 Diliges

1983 3403 2270 3460 Dominum
2305 3404 2476 3460 Deum
2505 3418 2652 3459 tuum
2687 3420 2752 3461 ea:
2788 3415 2899 3460 toto
2935 3405 3090 3460 corde
3123 3417 3244 3470 tuo,
3274 3414 3322 3459 et
3350 3420 3414 3458 ea:
3449 3413 3560 3458 tota

1977 3498 2162 3551 anima
2206 3505 2332 3561 tua,
2376 3509 2426 3551 et
2469 3512 2535 3550 ea:
2577 3505 2687 3550 tota
2721 3507 2893 3550 mente
2931 3505 3045 3562 tua,
3075 3497 3170 3550 llOC
3205 3505 3560 3567 estmagnum

1976 3588 2294 3642 mandatum
2321 3597 2371 3641 et
2396 3588 2626 3655 primum
2653 3587 2723 3652 ³⁵,
2752 3588 3115 3642 necessariam
3140 3587 3405 3642 discimus
3429 3603 3560 3643 sen-

1977 3679 2202 3735 tentiam
2226 3679 2295 3732 de
2318 3678 2612 3741 mandatis,
2637 3678 2896 3746 quoniam
2919 3685 2973 3732 et
2993 3686 3120 3732 sunt
3141 3692 3336 3748 magna
3358 3687 3412 3732 et
3432 3687 3561 3732 sunt

1979 3768 2241 3825 inferiora
2279 3784 2456 3839 usque
2498 3770 2567 3824 ad
2601 3770 2848 3824 minima.
2890 3769 3085 3824 Adhuc
3118 3779 3299 3824 autem
3337 3781 3390 3824 et
3426 3770 3558 3825 illud

1978 3861 2195 3916 attende
2217 3862 2363 3932 quod
2396 3859 2710 3916 Pbariszeus
2734 3861 3088 3930 interrogavit
3119 3879 3133 3916 :
3166 3861 3319 3926 Quod
3340 3870 3416 3916 est
3449 3879 3561 3917 ma-

1979 3969 2138 4024 gnum
2155 3953 2467 4007 mandatum
2487 3954 2544 4008 in
2564 3953 2674 4023 lege
2691 3955 2716 4007 1’
2734 3936 2998 4008 Dominus
3020 3963 3199 4008 autem
3220 3955 3557 4024 respondens

1978 4044 2030 4098 ei
2047 4043 2208 4098 docet
2227 4057 2327 4098 nos
2343 4043 2472 4114 quia
2499 4058 2610 4098 non
2639 4043 2816 4099 solum
2850 4058 3107 4114 magnum
3133 4054 3216 4099 est
3238 4045 3556 4100 mandatum

1977 4136 2202 4207 diligere
2215 4134 2530 4199 Dominum,
2546 4136 2641 4190 sed
2656 4136 2823 4192 etiam
2843 4136 3100 4206 primum.
3116 4135 3356 4191 Primum
3373 4147 3553 4192 autem

1979 4245 2086 4284 non
2121 4228 2309 4284 ordine
2335 4227 2652 4298 Scriptum,
2679 4229 2772 4283 sed
2800 4228 3064 4298 dignitate
3087 4229 3326 4286 virtutis.
3359 4228 3424 4284 Et
3453 4229 3558 4284 hoc

1978 4321 2137 4392 quasi
2169 4321 2500 4376 conveniens
2544 4321 2673 4375 huic
2701 4321 2820 4376 loco
2847 4329 2930 4376 est
2957 4321 3344 4376 attendendum
3369 4362 3386 4388 ,
3426 4322 3566 4392 quia,

1977 4415 2137 4485 quasi
2167 4414 2352 4469 multis
2377 4413 2653 4469 mandatis
2674 4414 3009 4482 conStitutis,
3032 4413 3105 4468 ita
3128 4429 3275 4468 nunc
3297 4430 3554 4482 magnum

1978 4506 2085 4562 hoc
2117 4517 2171 4562 et
2200 4507 2436 4576 primum
2465 4505 2603 4561 dixit
2635 4505 2953 4560 mandatum
2986 4522 3000 4559 :
3029 4504 3232 4574 Diliges
3271 4503 3556 4558 Dominum

1901 4592 1954 4654 Ι)
1981 4600 2151 4664 Deum
2181 4609 2331 4654 tuum
2357 4614 2422 4654 ea:
2448 4608 2557 4653 toto
2586 4602 2742 4654 corde
2772 4608 2882 4666 tuo,
2913 4608 2961 4652 et
2990 4614 3053 4652 ea:
3079 4607 3189 4652 tota
3218 4598 3399 4652 anima
3427 4608 3516 4651 tua
3535 4637 3554 4665 ,

1975 4702 2026 4748 et
2050 4709 2115 4746 ea:
2140 4701 2251 4746 tota
2277 4699 2445 4745 mente
2470 4699 2584 4744 tua.
2619 4689 2931 4745 Secundum
2959 4697 3014 4744 et
3038 4688 3215 4744 simile
3235 4699 3318 4744 est
3349 4688 3516 4759 priori
3535 4728 3552 4756 ,

1975 4792 2032 4839 et
2045 4792 2263 4854 propter
2279 4780 2695 4838 similitudinem
2721 4795 3009 4851 magnum:
3031 4779 3228 4850 Diliges
3250 4781 3553 4849 proximum

1975 4875 2116 4928 sicut
2149 4886 2199 4929 te
2233 4874 2406 4942 ipsum
2427 4874 2498 4942 ⁸⁸,
2533 4882 2593 4929 ut
2631 4871 2934 4928 secundum
2966 4870 3072 4926 hoc
3100 4870 3466 4942 intelligamus
3495 4879 3555 4927 et

1979 4966 2126 5021 aliud
2163 4981 2286 5022 esse
2313 4966 2457 5036 quod
2496 4966 2568 5022 sit
2600 4962 2976 5036 magnitudine
3009 4972 3062 5018 et
3087 4962 3276 5018 ordine
3299 4963 3551 5030 tertium,

1978 5056 2126 5111 aliud
2152 5070 2283 5112 vero
2317 5065 2571 5126 quartum
2597 5073 2613 5122 ;
2637 5065 2692 5111 et
2713 5055 2794 5111 sic
2815 5069 2913 5126 per
2933 5053 3179 5111 ordinem
3203 5054 3556 5112 dinumerans

1977 5147 2109 5220 legis
2135 5147 2394 5203 mandata
2421 5190 2437 5215 ,
2465 5147 2741 5218 accipiens
2760 5162 2790 5202 a
2825 5145 2936 5202 Deo
2968 5147 3312 5217 sapientiam,
3344 5148 3556 5202 ordinet

1977 5253 2042 5294 ea
2073 5240 2197 5309 quis
2225 5254 2402 5310 usque
2427 5239 2494 5294 ad
2531 5238 2842 5293 minimum.
2872 5237 3029 5304 Quod
3069 5253 3208 5308 opus
3242 5239 3447 5293 nullius
3479 5238 3557 5293 al-

1978 5333 2150 5390 terius
2175 5341 2279 5398 est,
2305 5333 2412 5388 nisi
2431 5331 2633 5388 Christi
2658 5332 2831 5387 solius
2849 5331 2942 5402 qui
2965 5343 3048 5388 eSt
3071 5331 3164 5387 Dei
3189 5331 3362 5387 virtus
3382 5341 3436 5386 et
3461 5330 3554 5387 Dei

1979 5423 2243 5493 sapientia
2263 5421 2328 5476 ⁸⁸.
2352 5421 2397 5475 Α
2419 5421 2755 5493 temporibus
2779 5421 2941 5492 igitur
2964 5420 3138 5492 Moysi
3161 5437 3333 5491 usque
3352 5421 3419 5476 ad
3444 5420 3558 5476 Sal-

1983 5517 2192 5571 vatoris
2219 5514 2512 5571 adventum
2541 5529 2666 5570 cum
2695 5513 2965 5586 legeretur
2988 5513 3075 5569 lex
3093 5553 3108 5580 ,
3142 5513 3372 5570 forsitan
3407 5529 3557 5585 qua:-

1982 5607 2203 5662 rebatur
2215 5606 2362 5677 quod
2388 5615 2531 5662 esset
2559 5621 2818 5675 magnum
2839 5605 3155 5661 mandatum
3183 5605 3238 5660 in
3260 5620 3346 5662 ea.
3372 5604 3556 5678 Neque
3625 5662 3630 5666 .

2106 5742 2153 5774 ⁷⁸
2173 5741 2364 5798 Matth.
2393 5759 2520 5812 xxv,
2551 5743 2641 5798 55.
2744 5742 2791 5775 ⁷³
2827 5740 3085 5812 ἰϋίἀεὸϐ.
3148 5741 3238 5812 Ῠ⁷⁶
3289 5742 3420 5802 ibid.
3465 5746 3556 5805 40.

361 5803 552 5884 blatth.
582 5799 842 5884 xxtt,_5ﬁ6.
895 5807 954 5884 1“
983 5799 1408 5884 _J_oa_n._x_ttl,_i_3.
1445 5807 1725 5884 -.τέ-[φορὴ.
1750 5799 1877 5874 vm,

2023 5812 2069 5844 εο
2098 5812 2288 5884 Matth.
2321 5815 2467 5882 x,es
2509 5799 2519 5812 '
2562 5814 2606 5850 οι
2633 5812 2824 5870 Matth.
2847 5827 2921 5883 γι,
2950 5811 3003 5868 9.
3079 5799 3444 5884 “Rom.vni,
3474 5799 3556 5874 is;

298 5872 345 5905 ⁸³
365 5875 696 5941 Mattiuxxu,
728 5875 816 5932 36.
893 5877 940 5910 “
983 5878 1112 5933 ibid.
1145 5877 1240 5945 57,
1276 5878 1362 5933 53.
1441 5879 1486 5912 ⁸⁵
1516 5880 1645 5937 ibid.
1677 5883 1767 5940 59.
1831 5872 1877 5936 ’δέ

1989 5884 2115 5941 Cor.
2147 5899 2185 5950 ι,
2209 5883 2304 5941 24.
