4074 6300
577 391 710 450 1605

1728 387 2050 443 ORlGENlS
2086 385 2153 441 IN
2191 385 2603 444 ΜΑΤΤΗίΕυΜ

3690 395 3834 455 ΝΖΟ-ι

569 508 714 564 enim
757 507 1141 574 interrogasset
1174 503 1274 557 hoc
1305 502 1643 568 Phariszeus,
1689 503 1792 558 nisi
1833 504 1960 574 quia
1995 502 2137 572 apud
2168 512 2212 569 Α
2243 501 2420 571 majus
2469 517 2592 557 esse
2638 502 2937 557 secundum
2985 505 3184 574 priore.
3235 504 3648 578 Recapitulatur
3689 527 3834 584 ergo

567 601 689 655 Illos
709 600 774 653 de
799 601 900 652 hoc
915 598 1198 666 qumsitum
1225 595 1437 661 fuisset,
1453 605 1504 650 et
1520 611 1626 650 non
1649 597 1942 661 inventura,
1963 596 2136 652 donec

567 690 845 744 tnvcniens
880 688 1039 743 Jesus
1079 688 1264 742 docuit
1302 703 1410 743 non
1450 689 1625 744 solum
1673 688 1816 759 quod
1846 698 1989 743 esset
2019 703 2135 742 ma-

563 792 725 848 gnum
747 816 762 840 ,
796 777 891 830 sed
921 777 1085 832 etiam
1113 777 1352 846 primum
1373 819 1388 844 ,
1414 785 1470 833 et
1493 778 1637 847 quod
1663 787 1808 833 esset
1833 780 2131 833 secundum

561 869 738 924 simile
775 868 968 937 priori.
1006 868 1183 938 Ipsius
1212 884 1343 939 ergo
1376 878 1460 924 est
1490 883 1628 939 Opus
1659 869 1903 925 invenire
1928 878 1982 925 et
2021 879 2132 925 ter-

557 959 692 1014 tium
713 999 728 1023 ,
757 968 811 1015 et
855 971 1134 1030 quartum,
1158 971 1208 1015 et
1239 961 1471 1031 reliqua.
1511 960 1735 1026 Quaeres
1766 970 1944 1016 autem
1977 962 2024 1017 si
2049 972 2135 1019 est

558 1050 776 1121 aliquod
804 1051 1122 1107 mandatum
1154 1069 1260 1107 non
1290 1052 1494 1108 habens
1524 1061 1835 1121 utrumque,
1862 1053 1912 1107 id
1941 1062 2042 1116 cst,
2073 1063 2134 1108 ut

558 1151 608 1196 et
629 1141 864 1212 primum
892 1143 962 1197 sit
985 1151 1039 1196 et
1063 1157 1346 1213 magnum,
1380 1142 1471 1197 sed
1501 1157 1670 1196 unum
1696 1157 1758 1196 ex
1786 1142 1885 1196 eis.
1916 1141 1982 1196 Et
2001 1153 2132 1214 puto

557 1233 662 1288 tale
688 1233 894 1304 aliquid
921 1235 1057 1288 dicit
1086 1234 1383 1303 Apostolus
1416 1232 1482 1287 ad
1505 1232 1768 1303 Ephesios
1790 1234 1836 1266 ⁸⁷
1864 1250 1876 1286 :
1911 1234 2131 1288 Honora

556 1333 754 1394 patrem
781 1334 927 1379 tuum
951 1335 998 1380 et
1023 1335 1270 1392 matrem,
1295 1325 1433 1394 quod
1458 1334 1535 1380 est
1564 1325 1874 1379 mandatum
1902 1326 2139 1395 primum.

487 1462 490 1464 .
555 1417 610 1472 in
634 1419 1000 1486 promissione,
1023 1427 1081 1471 ut
1105 1418 1228 1471 bene
1247 1418 1318 1472 sit
1342 1418 1458 1482 tibi,
1482 1426 1533 1470 et
1557 1417 1661 1470 eris
1687 1417 1950 1488 longtevus
1976 1435 2132 1488 super

555 1520 771 1564 terram.
788 1509 930 1580 Ergo
943 1510 1180 1579 primum
1201 1508 1440 1578 quidem,
1457 1525 1565 1563 non
1579 1517 1758 1564 autem
1775 1521 1826 1565 et
1842 1526 2125 1582 magnum:

554 1600 778 1654 Honora
818 1611 1023 1669 patrem
1059 1611 1206 1653 tuum
1241 1607 1294 1652 et
1334 1609 1601 1665 matrem;
1636 1600 1759 1655 etsi
1794 1610 1878 1656 est
1910 1603 2128 1672 aliquod

553 1685 812 1761 magnum
839 1692 1081 1760 quidem,
1105 1706 1213 1745 non
1237 1699 1417 1747 autem
1443 1700 1495 1746 et
1517 1693 1776 1761 primum,
1794 1707 2004 1762 quaeres
2027 1694 2129 1748 dif-

559 1781 842 1836 ferentiam
903 1781 1292 1851 magnitudinis
1338 1779 1743 1837 mandatorum.
1787 1781 1855 1837 Et
1888 1784 2016 1853 quia
2059 1783 2126 1838 ad

2242 607 2404 647 omne
2437 594 2774 657 mandatum,
2802 595 2968 665 832
2995 598 3085 651 sed
3113 607 3166 651 et.
3192 599 3427 668 primum
3453 601 3585 655 illud
3613 611 3668 657 et
3703 619 3830 658 ma-
3865 645 3875 662 .

2241 700 2406 755 gnum
2438 685 2494 738 in
2515 685 2618 739 hoc
2649 687 2923 741 secundo:
2951 687 3149 757 Diliges
3182 691 3482 758 proximum
3507 701 3659 746 tuum
3681 695 3829 749 sicut

2241 777 2509 845 teipsum;
2549 777 2809 845 quoniam
2853 777 3138 847 diligentes
3177 781 3545 849 nosmetipsos
3588 782 3636 837 si
3690 785 3828 855 quid

2241 867 2533 922 fecerimus
2557 908 2573 935 ,
2605 877 2659 922 et
2688 867 2866 937 ipsum
2893 869 3169 940 diligimus
3201 868 3373 926 Deum
3404 872 3496 942 qui
3525 872 3709 929 factus
3741 887 3827 932 est

2232 970 2432 1018 auctor
2470 963 2777 1018 dilectionis
2800 970 3020 1026 nostrae,
3052 969 3112 1014 ut
3133 961 3455 1016 alterutrum
3487 963 3823 1032 diligamus,

2237 1064 2291 1108 et
2323 1054 2611 1124 diligamur
2631 1053 2698 1108 ab
2719 1053 2971 1107 invicem.
3004 1051 3218 1108 Gratias
3243 1053 3388 1107 enim
3413 1062 3638 1124 agentes
3668 1057 3727 1110 in
3755 1072 3822 1112 eo

2237 1146 2381 1215 quod
2414 1145 2766 1200 rationabiles
2810 1158 3034 1208 sumus,
3082 1153 3135 1198 et
3164 1144 3341 1199 vocati
3383 1159 3574 1199 sumus
3618 1147 3687 1200 ad
3721 1145 3821 1201 Dei

2239 1236 2570 1306 agnitionem
2594 1276 2609 1300 ,
2646 1244 2699 1290 et
2729 1235 3120 1303 consequimur
3149 1232 3417 1288 beneﬁcia
3445 1234 3565 1304 ejus
3599 1244 3654 1290 et
3693 1253 3822 1306 gra-

2239 1328 2388 1391 tiam,
2421 1327 2966 1398 recapitulamusﬁei
3000 1326 3344 1381 dilectionem
3377 1326 3430 1380 in
3456 1328 3724 1394 secundo,
3760 1338 3818 1384 et

2237 1416 2401 1472 simili
2443 1417 2630 1485 priori.
2674 1415 2928 1485 Magnum
2971 1430 3103 1485 ergo
3133 1423 3188 1470 et
3217 1415 3456 1485 primum
3491 1418 3814 1472 mandatum

2236 1507 2289 1559 in
2333 1505 2448 1575 lege
2489 1513 2574 1560 est
2605 1505 2755 1560 hoc:
2799 1505 3000 1575 Diliges
3038 1503 3324 1558 Dominum
3363 1503 3533 1559 Deum
3567 1515 3716 1560 tuum
3751 1523 3814 1560 at

2237 1604 2344 1648 toto
2361 1595 2516 1648 corde
2542 1607 2649 1659 tuo,
2667 1603 2716 1649 et
2728 1611 2792 1649 ea:
2815 1604 2924 1649 tota
2945 1595 3127 1648 anima
3150 1605 3262 1660 tua,
3276 1603 3324 1648 et
3345 1611 3408 1649 ea:
3429 1603 3543 1648 tota
3559 1606 3731 1660 mente
3745 1599 3810 1653 θ’.

2237 1686 2521 1740 Subtrahit
2545 1696 2725 1741 autem
2749 1687 2815 1740 de
2837 1686 3210 1756 magnitudine
3233 1685 3372 1756 ejus,
3397 1696 3452 1741 et
3477 1687 3547 1741 de
3573 1659 3809 1756 primatu

2234 1777 2435 1848 ipsius,
2475 1779 2569 1848 qui
2598 1777 2870 1833 subtrahit
2904 1777 3108 1846 aliquid
3143 1777 3211 1832 dc
3238 1786 3351 1832 toto
3387 1778 3481 1832 illo
3508 1781 3806 1847 mandato,
3891 1828 3898 1849 λ

557 1872 1020 1942 comparationem
1050 1874 1269 1942 quidem
1304 1873 1684 1928 mandatorum
1727 1882 1857 1929 sunt
1885 1875 1992 1929 alia
2027 1875 2117 1928 mi-

2235 1867 2288 1922 id
2310 1877 2413 1934 est,
2445 1877 2540 1922 aut
2565 1869 2633 1922 de
2651 1883 2717 1922 eo
2742 1867 2886 1936 quod
2911 1868 3007 1932 ait,
3029 1882 3095 1921 ea:
3117 1877 3228 1922 toto
3259 1866 3434 1936 corde,
3463 1879 3579 1935 aut,
3612 1887 3679 1923 ea:
3701 1879 3810 1925 tota

555 1963 738 2026 nima,
773 1963 900 2015 utile
945 1971 1028 2016 est
1071 1963 1137 2016 ad
1182 1963 1489 2032 exemplum
1533 1962 1778 2032 proferre
1821 1965 1964 2034 quod
2009 1964 2125 2034 ipse

554 2052 819 2108 Dominus
843 2055 918 2107 ait
944 2053 991 2086 ⁸⁸
1018 2071 1031 2107 :
1066 2053 1127 2108 Si
1164 2049 1286 2125 quis
1318 2054 1529 2108 solverit
1564 2071 1726 2108 unum
1759 2055 1821 2108 de
1859 2057 2123 2110 mandatis

551 2144 633 2199 his
663 2144 896 2213 pusillis,
919 2154 970 2198 et
999 2145 1238 2198 docuerit
1270 2145 1345 2198 sic
1368 2146 1623 2211 homines,
1651 2147 1898 2200 minimus
1923 2151 2124 2202 vocabi-

552 2247 640 2292 tur
680 2238 736 2290 in
777 2226 934 2307 regno
965 2235 1081 2289 Dei.
1111 2234 1178 2290 Et
1206 2235 1456 2290 Salvator
1483 2236 1696 2305 quidem
1735 2237 1952 2292 tradens
1980 2238 2119 2307 quod

547 2335 692 2384 esset
726 2341 982 2397 magnum
1013 2327 1328 2380 mandatum
1357 2334 1411 2380 et
1440 2327 1700 2397 primum,
1729 2327 1794 2382 ad
1819 2327 2121 2400 interroga-

548 2419 751 2474 tionem
789 2416 1051 2472 Pharisaei
1092 2417 1351 2472 tentantis
1383 2435 1397 2483 ;
1442 2417 1704 2487 adjiciens
1743 2427 1922 2473 autem
1955 2431 2008 2474 et
2033 2436 2120 2475 se-

547 2509 786 2566 cundum
812 2508 991 2563 simile
1019 2508 1210 2578 priori,
1239 2508 1383 2578 quod
1406 2517 1522 2563 erat
1546 2526 1559 2562 :
1588 2507 1790 2579 Diliges
1818 2513 2121 2578 proximum

548 2615 696 2658 tuum
729 2604 866 2657 sicut
907 2603 1127 2671 teipsum
1158 2602 1224 2666 ⁸³,
1255 2601 1404 2656 addit
1453 2602 1676 2657 dicens:
1720 2601 1783 2656 In
1811 2605 1891 2657 his
1916 2603 2119 2658 duobus

547 2695 814 2749 mandatis
841 2695 1009 2748 omnis
1032 2693 1116 2748 lex
1139 2701 1188 2748 et
1207 2695 1471 2764 propheta:
1496 2694 1715 2762 pendent
1739 2695 1805 2750 °°.
1829 2696 2119 2765 Apostolus

475 2849 489 2857 κ,
546 2793 730 2842 autem
766 2785 832 2839 ad
858 2783 1134 2841 Romanos
1165 2784 1299 2840 dicit
1324 2787 1366 2818 ⁹¹
1404 2804 1416 2839 :
1450 2784 1574 2839 Non
1604 2787 1975 2852 maeehaberis,
2016 2803 2116 2841 non

547 2876 776 2943 occides,
811 2893 914 2930 non
941 2877 1144 2946 furtum
1173 2877 1359 2947 facies,
1384 2885 1432 2931 et
1458 2879 1504 2932 si
1535 2878 1674 2949 quod
1697 2889 1770 2934 est
1797 2879 1944 2933 aliud
1967 2897 2120 2933 man—

547 2971 754 3034 datum,
778 2971 832 3024 in
854 2971 949 3023 hoc
965 2971 1116 3024 verbo
1151 2971 1571 3040 recapitulatur:
1598 2971 1796 3044 Diliges
1818 2974 2119 3044 proximum

548 3069 695 3112 tuum
724 3061 857 3113 sicut
893 3061 1138 3128 teipsum.
1189 3058 1477 3115 Videamus
1499 3075 1630 3132 ergo
1657 3071 1836 3116 utrum
1864 3063 2008 3117 aliud
2036 3072 2121 3118 est

545 3149 778 3215 pendere
817 3162 1032 3202 omnem
1076 3148 1253 3218 legem
1281 3157 1336 3202 et
1380 3150 1672 3219 prophetas
1699 3151 1751 3204 in
1786 3151 1871 3207 his
1903 3153 2118 3207 duobus

2231 1961 2442 2024 anima,
2478 1970 2573 2014 aut
2596 1999 2612 2022 ,
2640 1974 2704 2013 ea:
2737 1969 2848 2012 tota
2883 1967 3070 2014 mente.
3112 1958 3179 2013 Et
3222 1958 3449 2014 forsitan
3490 1976 3686 2017 omnes
3715 1964 3808 2033 qui

2231 2051 2463 2123 diligunt
2497 2051 2666 2106 Deum
2689 2093 2703 2117 ,
2739 2061 2794 2105 et
2827 2050 3118 2106 Dominum
3145 2067 3304 2106 suum
3327 2093 3343 2117 ,
3383 2053 3486 2133 nisi
3515 2065 3808 2123 sequentes

2230 2152 2413 2212 partes
2445 2143 2813 2212 impleverint,
2855 2152 2908 2196 et
2936 2159 3000 2196 ex
3031 2151 3146 2197 toto
3178 2145 3342 2198 corde
3382 2144 3679 2200 dilexerint
3701 2185 3715 2209 ,
3756 2155 3809 2201 et

2230 2249 2295 2289 ex
2328 2243 2441 2289 tota
2467 2235 2649 2289 anima
2669 2274 2684 2300 ,
2716 2243 2772 2288 et
2798 2249 2865 2289 ex
2903 2242 3016 2288 tota
3044 2244 3222 2289 mente
3242 2275 3258 2300 ,
3294 2249 3360 2289 ex
3405 2246 3558 2306 parte
3589 2249 3810 2294 servant

2229 2326 2549 2381 mandatum
2583 2343 2598 2392 ;
2631 2326 2688 2380 hi
2719 2336 2896 2380 autem
2922 2326 3024 2381 soli
3054 2325 3482 2396 magnitudinem
3508 2328 3630 2396 eius
3663 2331 3717 2384 in
3748 2346 3807 2387 se

2230 2419 2538 2488 suscipiunt
2558 2426 2612 2473 et
2639 2418 2954 2488 primatum,
2981 2418 3075 2486 qui
3099 2433 3207 2471 non
3236 2417 3413 2472 solum
3443 2419 3680 2491 diligunt
3701 2421 3806 2475 Do-

2228 2509 2438 2565 minum
2472 2509 2646 2566 Deum
2671 2527 2854 2578 suum,
2890 2511 2984 2565 sed
3009 2510 3171 2565 etiam
3201 2509 3306 2565 tria
3329 2510 3418 2564 illa
3443 2512 3799 2582 susceperint,

2227 2601 2282 2655 id
2310 2609 2414 2667 est,
2442 2609 2504 2656 ut
2523 2616 2589 2656 ex
2624 2609 2740 2657 toto
2766 2601 2930 2656 corde
2956 2613 3059 2654 suo
3091 2599 3235 2670 apud
3258 2613 3318 2655 se
3343 2600 3488 2654 illam
3519 2610 3688 2656 totam
3715 2617 3802 2657 re-

2227 2695 2486 2760 condant,
2510 2703 2563 2748 et
2589 2693 2934 2764 operationes
2953 2693 3072 2762 ejus
3097 2700 3152 2746 et
3185 2692 3542 2762 cogitationes
3570 2694 3722 2764 ejus:
3749 2704 3804 2750 et

2225 2797 2294 2838 ex
2325 2791 2436 2838 tota
2459 2783 2642 2837 anima
2671 2798 2795 2849 sua,
2824 2782 2876 2837 id
2904 2791 3006 2849 est,
3036 2795 3096 2836 ut
3116 2783 3290 2852 parati
3316 2783 3426 2838 sint
3445 2799 3649 2853 ponere
3677 2799 3801 2839 eam

2225 2890 2326 2945 pro
2353 2877 2555 2945 pietate
2579 2874 2674 2930 Dei
2697 2875 2790 2946 qui
2816 2875 3072 2928 universa
3093 2876 3317 2941 creavit,
3342 2875 3560 2946 quando
3588 2877 3799 2933 utilitas

2225 2965 2464 3036 exegerit
2513 2964 2702 3032 Verbi,
2749 2980 2816 3019 cx
2852 2979 2919 3020 eo
2955 2965 3100 3034 quod
3144 2979 3210 3020 ex
3253 2974 3361 3022 tota
3399 2967 3576 3022 anima
3615 2968 3790 3036 diligit

2228 3054 2421 3123 Deum,
2447 3055 2522 3110 ita
2549 3067 2606 3110 ut
2633 3056 2780 3110 nulla
2803 3070 2930 3126 pars
2952 3055 3149 3109 animae
3174 3055 3422 3110 evellatnr
3443 3055 3509 3109 ad
3541 3055 3778 3124 aliquam

2223 3162 2338 3202 rem
2370 3162 2492 3217 qua:
2518 3163 2548 3201 a
2579 3147 2686 3200 ﬁde
2715 3156 2797 3202 est
2830 3147 3007 3201 aliena
3040 3163 3054 3200 :
3086 3156 3139 3201 et
3170 3147 3222 3200 in
3255 3155 3360 3199 tota
3382 3156 3562 3200 mente
3589 3154 3786 3201 nostra

545 3238 816 3292 mandatis
839 3238 904 3292 de
929 3234 1220 3293 dilectione
1248 3237 1344 3293 Dei
1375 3248 1430 3293 et
1460 3240 1717 3308 proximi,
1743 3241 1885 3296 aliud
1913 3250 2115 3310 autem,
2145 3227 2188 3284 C
2224 3238 2361 3292 nihil
2395 3238 2544 3294 aliud
2587 3237 2884 3307 cogitantes
2917 3238 3000 3292 vel
3043 3236 3371 3310 proferentes
3413 3236 3522 3291 nisi
3566 3251 3632 3292 ea
3666 3252 3793 3309 qua:

545 3328 890 3396 recapitulari
921 3342 1084 3383 omne
1109 3329 1426 3384 mandatum
1461 3329 1515 3383 in
1549 3331 1653 3385 hoc
1687 3333 1944 3388 mandato
1971 3353 1984 3388 :
2015 3335 2115 3388 Di-

543 3418 675 3488 liges
731 3420 1031 3487 proximum
1088 3430 1237 3473 tuum
1285 3423 1420 3476 sicut
1469 3424 1730 3492 teipsum;
1798 3435 1891 3480 aut
1933 3426 2115 3481 omnia

543 3509 801 3564 mandata
847 3518 900 3564 et
946 3510 1183 3578 pendent
1216 3519 1269 3566 et
1315 3512 1744 3580 recapitulantur
1784 3513 1838 3567 in
1883 3523 2115 3584 utroque

546 3600 822 3655 mandato.
875 3599 1014 3654 Dicit
1061 3616 1189 3671 ergo
1237 3601 1434 3672 aliquis
1481 3604 1718 3673 pendere
1765 3619 1796 3658 a
1843 3605 2113 3660 mandatis

544 3692 798 3747 mandata
823 3735 838 3758 ,
869 3702 923 3748 et
950 3708 980 3747 a
1009 3693 1186 3762 primo
1216 3694 1432 3764 quidem
1463 3702 1517 3749 et
1538 3710 1735 3766 magno
1765 3696 2000 3766 pendere
2029 3713 2114 3752 se-

540 3781 782 3837 cundum
821 3789 876 3836 et
903 3782 1080 3837 simile
1105 3781 1283 3852 primo
1307 3800 1322 3850 ;
1352 3796 1382 3836 a
1407 3785 1644 3838 secundo
1667 3793 1844 3840 autem
1870 3787 2110 3854 tertium,

538 3883 593 3928 et
623 3875 702 3928 sic
741 3873 998 3943 deinceps
1043 3873 1225 3928 omnia
1270 3890 1392 3944 quas
1431 3885 1560 3932 sunt
1597 3885 1724 3946 post
1770 3878 2068 3933 secundum
2092 3919 2110 3943 ,

542 3963 775 4032 pendere
805 3978 834 4017 a
859 3963 1287 4034 praecedentibus
1317 3983 1331 4019 :
1361 3975 1414 4021 et
1439 3966 1758 4036 Apostolum
1786 3970 2004 4039 quidem
2033 3988 2114 4028 se-

539 4055 779 4110 cundum
824 4055 1316 4111 considerationem
1349 4058 1425 4112 rei
1457 4059 1662 4115 dixisse
1690 4061 1924 4129 pendere
1949 4078 2112 4119 omne

539 4150 854 4204 mandatum
885 4164 915 4204 a
941 4151 1194 4206 mandato
1218 4171 1231 4206 :
1264 4151 1458 4222 Diliges
1479 4154 1778 4222 proximum
1804 4165 1951 4209 tuum
1973 4158 2111 4211 sicut

539 4240 764 4308 teipsum
793 4255 814 4305 ;
851 4237 1187 4295 Salvatorem
1216 4250 1392 4296 autem
1425 4243 1696 4310 docuisse,
1723 4247 1980 4314 quoniam
2011 4248 2110 4303 do-

538 4331 892 4384 minationem
930 4331 1133 4386 habent
1160 4332 1402 4386 omnium
1436 4335 1815 4390 mandatorum
1848 4337 1962 4392 haec
1999 4337 2108 4393 duo

537 4422 814 4476 mandata.
850 4422 999 4476 Alter
1027 4431 1210 4478 autem
1241 4423 1545 4480 discutiens
1581 4437 1806 4496 quaeret,
1835 4430 2108 4498 quomodo

533 4515 740 4568 dictum
766 4522 849 4569 est
873 4513 1004 4567 illud
1034 4532 1047 4567 :
1076 4512 1199 4568 Non
1233 4516 1594 4584 maechaberis,
1624 4535 1726 4572 non
1756 4521 1976 4586 occides,
2003 4538 2108 4576 non

537 4607 740 4676 furtum
767 4606 950 4676 facies,
977 4615 1026 4658 et
1057 4606 1103 4658 si
1129 4606 1267 4674 quod
1287 4606 1436 4660 aliud
1461 4619 1537 4662 est
1562 4611 1872 4664 mandatum
1894 4613 1951 4666 in
1973 4612 2102 4683 lege,

534 4700 591 4754 in
621 4699 717 4753 hoc
745 4697 896 4752 verbo
929 4697 1348 4767 recapitulatur:
1387 4699 1588 4770 Diliges
1623 4705 1922 4772 proximum
1957 4715 2104 4758 tuum

536 4795 677 4846 sicut
714 4792 955 4860 teipsum.
997 4789 1150 4844 Dicet
1176 4804 1306 4862 ergo
1335 4808 1348 4844 :
1378 4798 1433 4845 et
1457 4791 1584 4846 illud
1612 4795 1924 4850 mandatum
1955 4815 1968 4850 :
2004 4796 2104 4850 Di-

534 4879 662 4948 liges
683 4879 966 4932 Dominum
979 4877 1146 4931 Deum
1168 4889 1314 4932 tuum
1328 4895 1392 4933 ex
1413 4889 1521 4934 toto
1543 4882 1698 4936 corde
1720 4892 1827 4947 tuo,
1844 4894 1892 4938 et
1908 4903 1972 4941 ea:
1993 4895 2105 4943 tota

535 4970 715 5022 anima
748 4979 839 5021 tua
868 4978 934 5033 ,et
967 4986 1030 5023 ea:
1055 4979 1164 5023 tota
1188 4978 1358 5026 mente
1395 4985 1518 5039 tua,
1545 4975 1937 5045 recapitulatur
1959 4979 2014 5034 in
2036 4995 2103 5035 eo

534 5063 820 5117 mandato:
841 5061 1034 5133 Diliges
1055 5065 1352 5134 proximum
1370 5074 1517 5120 tuum
1539 5068 1676 5122 sicut
1694 5071 1935 5140 teipsum.
1962 5072 2103 5139 Quo-

533 5155 696 5210 modo
719 5164 897 5208 autem
928 5170 1113 5209 verum
1138 5156 1209 5210 sit
1229 5158 1373 5227 quod
1398 5159 1474 5212 ait
1499 5177 1512 5213 :
1534 5157 1602 5212 Et
1624 5161 1670 5215 si
1694 5164 1830 5232 quod
1854 5164 2001 5218 aliud
2023 5174 2101 5221 est

532 5244 867 5310 mandatum,
899 5245 952 5298 in
976 5245 1071 5298 hoc
1101 5244 1251 5300 verbo
1287 5248 1688 5318 recapitulatur,
1725 5252 1830 5307 nisi
1860 5263 1913 5308 et
1940 5271 2097 5310 man-

528 5339 714 5392 datum
743 5336 887 5406 quod
914 5336 1149 5407 positum
1185 5341 1360 5394 estde
1394 5339 1683 5397 dilectione
1719 5342 1810 5398 Dei
1837 5347 2099 5415 recapitu-

532 5427 670 5482 let‘ur
717 5429 770 5482 in
820 5429 1058 5484 secundo
1083 5469 1097 5494 ,
1127 5438 1181 5482 et
1221 5429 1385 5484 simili
1421 5432 1636 5498 priori?
1666 5432 1732 5487 Et
1773 5435 1818 5488 si
1861 5436 2098 5505 primum

531 5521 845 5575 mandatum
890 5521 1274 5591 recapituletur
1317 5522 1370 5575 in
1420 5524 1695 5589 secundo,
1745 5541 1966 5583 necesse
2014 5538 2097 5584 est

2223 3331 2318 3387 Dei
2349 3340 2498 3386 sunt.
2527 3329 2594 3385 Et
2619 3331 2741 3386 vide
2776 3331 2821 3385 si
2867 3326 3018 3400 potes
3051 3345 3147 3386 cor
3170 3329 3385 3401 quidem
3415 3331 3662 3400 accipere
3691 3345 3791 3400 pro

2223 3423 2502 3480 intellectu
2523 3464 2539 3490 ,
2582 3424 2677 3494 qui
2706 3432 2789 3479 est
2827 3425 2880 3477 in
2928 3423 3355 3494 intelligibilibus
3387 3422 3704 3492 speculans,
3737 3430 3792 3478 et

2221 3517 2516 3570 ostendens
2556 3513 2768 3570 fontem
2812 3522 2865 3568 et
2909 3514 3235 3584 principium
3281 3527 3472 3568 eorum
3515 3513 3658 3583 quod
3706 3523 3790 3568 est

2223 3607 2367 3664 Deus
2398 3615 2682 3676 ;,mentem
2730 3615 2913 3662 autem
2958 3606 3024 3660 ad
3067 3604 3427 3675 proferendas
3468 3619 3577 3659 res.
3614 3603 3788 3658 Mente

2221 3703 2366 3758 enim
2399 3700 2729 3772 proferimus
2752 3699 2996 3771 singulas
3027 3715 3136 3762 res,
3164 3708 3219 3754 et
3244 3713 3341 3769 per
3367 3697 3788 3768 unumquodque

2221 3794 2584 3864 signiﬁcatum
2603 3791 2762 3861 quasi
2781 3799 2962 3846 mente
2981 3800 3168 3845 nostra
3187 3788 3609 3854 inambulamus,
3627 3798 3788 3858 atque

2221 3885 2571 3958 proferimus.
2589 3883 2719 3940 Etsi
2741 3884 2864 3954 quis
2887 3882 3164 3953 ingeniose
3185 3882 3450 3950 intelligat
3472 3881 3783 3934 mandatum

2219 3979 2362 4050 quod
2389 3979 2452 4032 de
2467 3976 2756 4032 dilectione
2774 3975 3010 4046 positum
3036 3984 3120 4029 est
3142 3974 3196 4028 in
3215 3973 3468 4030 omnibus
3488 3972 3592 4026 illis
3614 3972 3785 4026 tribus

2218 4085 2340 4140 qua:
2374 4076 2501 4124 sunt
2539 4067 2855 4133 nominata,
2898 4075 2953 4120 et
2983 4064 3417 4121 consideraverit
3460 4064 3514 4117 iu
3557 4062 3782 4132 singulis

2217 4164 2524 4233 quibusque
2544 4159 2790 4216 lidelibus
2810 4157 2903 4214 Dei
2920 4156 3284 4224 dilectionem,
3304 4155 3542 4210 inveniet
3557 4155 3782 4218 forsitan

2216 4264 2388 4309 totum
2407 4253 2720 4308 mandatum
2740 4260 2833 4305 aut
2863 4249 3005 4318 apud
3023 4263 3193 4303 unum
3217 4245 3468 4314 forsitan,
3487 4247 3568 4302 vel
3592 4261 3783 4302 secun-

2215 4347 2367 4414 dum,
2391 4347 2476 4402 vel
2498 4345 2740 4411 tertium,
2765 4351 2819 4399 et
2840 4343 2944 4397 hoc
2966 4341 3010 4396 si
3032 4339 3196 4396 fuerit
3216 4339 3401 4395 datum
3427 4339 3481 4393 in
3504 4339 3778 4402 omnibus,

2215 4449 2309 4496 aut
2334 4439 2429 4492 Dei
2455 4435 2801 4492 dilectionem
2826 4433 3006 4487 minus
3029 4430 3341 4490 habentem,
3371 4429 3459 4484 vel
3483 4427 3777 4495 modicum,

2215 4531 2298 4586 vel
2321 4527 2576 4599 amplius,
2611 4533 2706 4580 aut
2729 4539 2794 4580 ex
2824 4538 2891 4579 eo
2915 4521 3062 4593 quod
3085 4520 3217 4577 dicit
3238 4535 3303 4575 ex
3333 4529 3440 4575 toto
3478 4518 3652 4595 corde,
3689 4527 3780 4574 aut

2211 4637 2279 4678 ex
2310 4635 2376 4675 eo
2397 4617 2541 4688 quod
2569 4617 2665 4684 ait,
2690 4632 2755 4670 ea:
2779 4624 2888 4669 tota
2920 4613 3120 4681 anima,
3148 4623 3242 4667 aut
3267 4626 3333 4666 ea:
3359 4620 3470 4665 tota
3498 4617 3686 4664 mente.

2280 4712 2332 4766 '5.
2359 4709 2549 4765 Simile
2568 4717 2652 4764 est
2666 4707 2963 4764 secundum
2980 4704 3295 4760 mandatum
3312 4702 3503 4774 priori,
3521 4699 3775 4773 quoniam

2209 4812 2293 4861 est
2318 4803 2535 4859 dilectio
2563 4801 2802 4856 hominis
2829 4799 2924 4870 qui
2949 4797 3124 4853 factus
3149 4805 3234 4852 est
3255 4795 3552 4866 secundum
3586 4793 3775 4863 imagi-

2210 4913 2332 4952 nem
2364 4894 2497 4960 Dei,
2533 4892 2764 4948 forsitan
2808 4899 2862 4946 et
2899 4889 3202 4946 secundum
3246 4885 3676 4944 similitudinem.
3715 4882 3773 4938 ln

2209 4985 2547 5055 expositione
2575 4991 2754 5036 autem
2806 4979 3048 5034 mandati
3076 4977 3223 5048 quod
3259 4987 3342 5034 est
3381 4977 3449 5032 de
3491 4975 3778 5031 dilectione

2209 5074 2440 5148 proximi
2462 5073 2720 5143 positum,
2743 5071 2908 5127 etiam
2930 5071 3048 5126 haec
3062 5076 3190 5124 sunt
3210 5067 3485 5123 discenda.
3505 5065 3775 5132 Quoniam

2208 5161 2513 5218 secundum
2545 5159 2691 5228 quod
2737 5159 2940 5214 dictum
2973 5165 3057 5213 est
3102 5157 3159 5210 in
3197 5156 3410 5211 decimo
3446 5153 3660 5224 psalmo
3680 5153 3772 5210 "z

2208 5255 2312 5320 Qui
2344 5253 2519 5323 diligit
2550 5253 2919 5322 iniquitatem,
2950 5251 3062 5304 odit
3095 5251 3328 5304 animam
3361 5263 3514 5301 suam
3543 5263 3565 5313 ;
3596 5254 3650 5302 et
3687 5259 3775 5301 se-

2205 5347 2442 5401 cundum
2479 5344 2622 5414 quod
2655 5346 2710 5398 in
2752 5342 3062 5398 Proverbiis
3088 5341 3286 5396 dicitur
3311 5339 3392 5394 ’δε
3432 5339 3538 5404 Qui
3571 5336 3772 5408 repellit

2205 5439 2565 5507 disciplinam,
2590 5435 2701 5490 odit
2729 5436 2958 5504 seipsum
2981 5450 3000 5498 ;
3028 5431 3377 5488 manifestum
3406 5440 3490 5488 est
3509 5429 3769 5500 quoniam

2204 5546 2362 5585 nemo
2401 5529 2632 5600 diligens
2673 5525 3016 5605 iniquitatem
3045 5525 3222 5597 diligit
3257 5521 3570 5596 proximum
3610 5535 3769 5578 suum

597 5723 645 5778 ξιτ
701 5724 905 5802 Epiros.
940 5743 1032 5787 νε,
1069 5727 1135 5802 ξε,
1168 5729 1260 5802 5,
1294 5729 1343 5802 ξε
1391 5729 1579 5787 Matth.
1614 5748 1681 5798 ν,
1717 5734 1803 5790 l9.
1874 5735 1918 5768 ιε
1947 5734 2113 5792 Matth

2224 5751 2311 5802 tu,
2341 5733 2433 5791 59.
2507 5734 2553 5766 ⁹⁰
2580 5735 2713 5791 ibid.
2749 5733 2839 5790 40.
2915 5733 2959 5766 οι
2990 5730 3151 5787 Rom.
3181 5745 3302 5796 xm,
3337 5729 3392 5789 9.
3469 5729 3517 5763 ⁸³
3568 5724 3766 5782 Matth.

534 5807 672 5861 nu,
706 5795 795 5849 37.
862 5796 906 5827 ⁸³
929 5811 1067 5852 vers.
1097 5798 1150 5852 6.
1226 5798 1447 5854 “Prov.
1483 5818 1571 5868 xv,
1599 5795 1688 5856 52.
