4074 6300
367 381 500 438 1605

1495 366 2144 428 ΟΟΜΜΕΝΤΑΒΙΟΒΠΜ
2189 365 2452 422 SERIES.

363 504 508 557 sicut
547 501 784 568 seipsum
807 537 820 562 ,
855 509 977 551 cum
1017 508 1116 548 nec
1141 491 1379 563 scipsum
1411 492 1598 562 diligat
1627 534 1640 557 ,
1676 501 1730 546 et
1769 505 1928 546 nemo
1962 496 2002 550 Α
2031 486 2300 541 sustineat
2325 483 2566 551 dilectio,
2609 484 2700 538 sed
2737 483 2918 536 omnia
2962 482 3208 538 sustinet.
3244 481 3308 537 Et
3341 483 3597 552 quoniam

366 593 631 664 repellens
669 587 1010 657 disciplinam
1039 585 1215 655 diligit
1253 585 1561 655 proximum
1600 599 1757 639 suum
1789 584 1932 638 sicut

368 691 628 757 seipsum,
653 683 848 754 quippe
866 681 957 750 qui
980 696 1079 735 nec
1101 681 1277 750 ipsum
1301 695 1360 735 se
1381 679 1588 750 diligit;
1609 690 1662 735 et
1687 681 1761 734 ita
1793 679 1851 733 llt.
1870 687 1932 734 ut

367 782 458 849 qui
477 776 1021 848 diligitiniquitatem,
1041 783 1093 829 et
1109 774 1220 828 odit
1237 773 1473 827 animam
1495 787 1673 836 suam,
1693 785 1792 825 nec
1806 785 1932 839 pos-

369 870 440 924 sit
458 881 676 921 servare
701 863 999 918 secundum
1020 861 1358 916 mandatum.
1380 860 1640 915 Similiter
1658 868 1713 914 et
1732 859 1824 928 qui
1847 873 1931 914 re-

365 952 891 1025 pellitdisciplinam,
916 957 1198 1018 peccatum
1223 947 1430 1018 diligit:
1450 948 1569 1002 ideo
1595 948 1750 1017 ctqui
1768 948 1934 1017 repel-

365 1044 428 1099 lit
443 1040 663 1111 aliquod
681 1039 902 1094 verbum
919 1037 1218 1106 disciplinae
1238 1036 1352 1102 Dei,
1368 1037 1481 1091 odit
1503 1038 1737 1091 animam
1754 1051 1930 1091 suam.

435 1135 490 1189 4.
513 1131 766 1188 Posthaec
780 1145 990 1200 quaeres
1003 1129 1278 1199 quomodo
1291 1128 1468 1184 omnis
1489 1128 1574 1182 lex
1590 1136 1644 1182 et
1663 1129 1934 1198 prophetae

364 1220 604 1291 pendent
650 1219 703 1272 in
750 1217 962 1273 duobus
1009 1217 1131 1273 istis
1181 1217 1468 1272 mandatis.
1514 1215 1737 1272 Videtur
1788 1218 1932 1273 enim

369 1319 548 1367 textus
581 1309 866 1365 ostendere
893 1308 1046 1378 quod.
1068 1308 1248 1362 omnia
1275 1322 1610 1376 quaecunque
1639 1316 1766 1362 sunt
1799 1308 1936 1362 scri-

367 1409 480 1473 pta,
515 1402 598 1456 vel
629 1402 682 1456 in
717 1397 923 1465 Exodo,
958 1399 1042 1453 vel
1069 1399 1121 1452 in
1148 1398 1410 1466 Levitico,
1439 1400 1522 1454 vel
1555 1400 1608 1452 in
1651 1397 1933 1463 Numeris,

368 1494 451 1548 vel
485 1495 540 1546 in
579 1489 1018 1555 Deuteronomio,
1043 1489 1312 1558 pendeant
1346 1489 1399 1543 in
1427 1490 1513 1545 his
1535 1489 1749 1544 duobus
1781 1504 1938 1544 man-

369 1585 532 1640 datis.
553 1583 839 1650 Quomodo
855 1589 1032 1636 autem
1055 1581 1142 1635 lex
1160 1597 1281 1650 quae
1301 1581 1475 1650 posita
1499 1591 1581 1636 est
1602 1581 1668 1634 de
1686 1579 1933 1650 leprosis,

371 1677 456 1731 vel
495 1676 562 1730 de
594 1674 798 1730 ﬂuxum
839 1671 1123 1742 sanguinis
1160 1671 1490 1736 patientibus
1513 1713 1528 1736 ,
1563 1671 1647 1726 vel
1675 1671 1742 1726 de
1783 1685 1937 1725 men-

371 1767 594 1825 struatis
639 1765 992 1829 mulieribus,
1040 1763 1309 1834 pendeant
1357 1763 1411 1817 in
1452 1762 1570 1818 istis
1619 1761 1939 1836 mandatis?

267 1923 270 1927 ,
369 1860 561 1913 Adhuc
593 1866 772 1912 autem
803 1827 1077 1924 quomodo
1099 1863 1147 1908 et
1173 1853 1452 1923 prophetia
1483 1869 1605 1924 quae
1625 1855 1690 1907 de
1715 1831 1935 1907 Jerusa-
1972 1827 2011 1884 Β

371 1951 471 2003 lem
495 1946 757 2017 captanda
777 1945 949 2014 posita
967 1952 1069 2008 est,
1088 1943 1168 1997 vel
1185 1942 1323 1996 visio
1342 1940 1558 2012 Egypti
1578 1942 1718 2011 apud
1737 1941 1932 1996 Isaiam

359 2028 698 2111 'ctetcrosque
725 2036 1051 2107 prophetas,
1090 2033 1364 2104 quomodo
1395 2041 1449 2089 et
1477 2033 1617 2087 visio
1650 2031 1776 2102 Tyri
1801 2075 1816 2100 ,
1849 2032 1934 2086 vel

368 2144 706 2200 quaecunque
735 2128 1126 2198 prophetantur
1153 2126 1219 2181 de
1254 2125 1397 2197 Tyro
1418 2165 1432 2189 ,
1466 2126 1550 2180 vel
1583 2125 1650 2179 de
1692 2124 1935 2194 principe

364 2221 517 2292 Tyri,
549 2219 824 2290 quomodo
845 2218 1007 2271 etiam
1038 2217 1176 2272 visio
1198 2215 1610 2285 quadrupedum
1640 2212 1697 2268 In
1721 2214 1934 2269 deserto

366 2311 510 2381 apud
554 2308 746 2363 Isaiam
790 2307 1061 2375 pendeant
1101 2305 1154 2358 in
1200 2305 1413 2358 duobus
1457 2305 1577 2358 istis
1615 2303 1936 2358 mandatis?

368 2400 524 2468 Quod
548 2408 727 2455 autem
751 2399 961 2452 videtur
982 2396 1114 2450 mihi
1131 2388 1190 2450 in
1217 2397 1318 2449 hoc
1339 2396 1478 2458 loco,
1501 2394 1807 2463 hujusmodi
1829 2404 1931 2448 est.

368 2493 473 2569 Qui
517 2491 700 2546 omnia
751 2489 993 2558 implevit
1023 2501 1144 2557 quae
1175 2487 1374 2556 scripta
1406 2495 1533 2540 sunt
1561 2485 1628 2538 de
1671 2484 1766 2539 Dei
1802 2485 1936 2539 dile-

367 2586 550 2640 ‘ctione
576 2592 629 2638 et
652 2581 906 2654 proximi,
938 2579 1134 2648 dignus
1155 2586 1240 2632 est
1257 2577 1523 2631 maximas
1545 2575 1745 2646 gratias
1772 2589 1803 2628 a
1826 2574 1936 2629 Deo

365 2675 685 2742 'pcrciperc,
723 2670 924 2741 quibus
960 2669 1283 2740 prazpositus
1315 2675 1399 2722 est
1440 2665 1720 2735 sapientia:
1754 2677 1935 2719 sermo

367 2770 466 2833 per
490 2761 749 2830 Spiritum
781 2769 1050 2822 sanctum,
1089 2775 1183 2827 per
1208 2773 1366 2828 quem
1389 2769 1569 2811 sermo
1589 2753 1828 2810 scientia:
1843 2753 1934 2822 qui

371 2853 669 2910 secundum
693 2851 940 2922 spiritum
964 2860 1064 2906 est.
1085 2849 1288 2919 Dignus
1309 2858 1484 2903 autem
1507 2847 1830 2902 constitutus
1853 2842 1936 2898 his

371 2945 627 3001 omnibus
653 2945 813 2999 donis
835 2943 1069 2998 exsultat
1093 2942 1146 2995 in
1172 2941 1434 3010 sapientia
1458 2939 1572 3004 Dei,
1596 2937 1813 3005 plenum
1839 2934 1939 2988 ha-

369 3035 503 3089 bens
533 3050 628 3089 cor
657 3033 721 3088 de
749 3031 840 3088 Dei
868 3032 1176 3093 dilectione,
1201 3040 1254 3084 et
1279 3039 1444 3083 totam
1475 3029 1709 3082 animam
1734 3023 1938 3098 lumine

368 3125 609 3183 scientiae
648 3124 974 3179 illustratam
998 3161 1028 3188 ,.
1059 3131 1114 3176 et
1145 3130 1311 3176 totam
1353 3129 1588 3174 mentem
1628 3116 1790 3171 verbo
1819 3113 1934 3168 Dei.

363 3218 706 3294 Consecutus
733 3223 912 3267 autem
944 3210 1257 3281 hujusmodi
1289 3209 1430 3264 dona
1455 3222 1519 3262 ex
1544 3206 1672 3269 Deo,
1695 3203 1938 3275 profecto

370 3307 617 3376 intelligit
635 3320 850 3359 omnem
877 3303 1048 3375 legem
1074 3311 1128 3356 et
1149 3301 1442 3372 prophetas
1464 3307 1670 3368 partem
1697 3297 1937 3367 aliquam

361 3412 488 3468 esse
513 3412 577 3450 ex
608 3394 756 3448 omni
797 3393 1060 3463 sapientia
1094 3400 1147 3446 et
1179 3391 1404 3448 scientia
1435 3389 1555 3455 Dei,
1589 3400 1643 3444 et
1690 3388 1941 3459 intelligit

368 3507 583 3546 omnem
614 3491 784 3560 legem
813 3497 866 3542 et
891 3489 1186 3557 prephetas
1215 3487 1471 3556 pendere,
1506 3493 1560 3538 et
1597 3484 1872 3539 adhaerere
1905 3499 1936 3538 a

368 3582 634 3653 principio
661 3578 967 3634 dilectionis
990 3575 1206 3631 Domini
1238 3576 1334 3630 Dei
1359 3585 1412 3629 et
1436 3573 1689 3644 proximi,
1715 3581 1770 3626 et
1796 3587 1941 3642 quo-

371 3672 517 3726 niam
551 3669 810 3738 perfectio
846 3667 1063 3737 pictatis
1088 3666 1143 3720 in
1165 3665 1453 3719 dilectione
1486 3662 1754 3717 consistit.
1783 3659 1940 3717 Sum-

371 3760 571 3817 cientia
612 3760 831 3829 quidem
880 3765 1008 3812 sunt
1035 3764 1090 3810 et
1134 3755 1240 3810 ista
1286 3769 1407 3824 quae
1441 3752 1680 3808 diximus
1710 3770 1724 3818 ;
1757 3761 1938 3807 tamen

370 3854 436 3908 ad
469 3850 985 3908 demonstrationem
1019 3845 1408 3918 magnitudinis
1434 3845 1554 3916 ejus
1584 3844 1940 3898 nihilominus

369 3944 622 3998 convenit
661 3951 715 3997 et
748 3942 849 3994 ista
885 3940 1211 4008 subjungere
1249 3954 1262 3990 :
1295 3935 1543 3990 Charitas
1583 3935 1788 4004 patiens
1827 3944 1937 3997 est,

371 4034 593 4103 benigna
613 4042 711 4086 est.
731 4030 978 4085 Charitas
1004 4045 1106 4082 non
1125 4027 1366 4095 inﬂatur,
1390 4042 1491 4079 non
1517 4025 1624 4095 agit
1647 4039 1938 4094 perperam,

373 4141 475 4178 non
513 4132 589 4178 est
619 4122 920 4186 ambitiosa,
941 4137 1043 4175 non
1071 4120 1339 4181 irritatur,
1367 4132 1469 4170 non
1492 4117 1683 4185 cogitat
1719 4112 1939 4176 malum,

369 4219 475 4272 non
504 4215 693 4286 gaudet
726 4229 880 4282 super
912 4212 1266 4281 iniquitatem,
1295 4205 1584 4278 congaudet
1611 4213 1786 4258 autem
1809 4205 1942 4256 veri-

374 4308 508 4370 tati,
547 4306 725 4360 omnia
769 4305 1024 4367 sustinet,
1063 4301 1237 4354 omnia
1279 4298 1478 4360 credit,
1522 4297 1699 4349 omnia
1732 4303 1939 4354 sperat,

371 4401 607 4455 charitas
629 4415 898 4470 nunquam
921 4396 1119 4451 excidit
1135 4395 1202 4448 9'.
1229 4391 1397 4447 Nemo
1417 4392 1562 4446 enim
1583 4387 1944 4461 pusillanimis

2031 580 2272 636 charitas
2298 591 2576 647 nunquam
2603 575 2822 639 excidit,
2863 574 3140 628 conlidens
3168 573 3464 641 Apostolus
3509 581 3597 627 to-

2030 677 2139 724 tam
2171 683 2289 722 eam
2345 681 2404 721 sc
2433 658 2738 733 suscepisse
2766 663 2978 718 dicebat
3005 661 3080 714 “z
3109 662 3238 726 Quis
3268 677 3358 714 nos
3385 677 3594 730 separa-

2032 761 2108 814 bit
2148 777 2180 813 a
2202 758 2461 812 charitate
2488 757 2623 810 Dei?
2653 754 2973 819 Tribulatio,
3003 769 3072 806 an
3107 751 3378 820 angustia,
3412 768 3479 804 an
3516 751 3598 820 [a-

2032 867 2160 915 ntes,
2212 866 2280 903 an
2315 848 2553 910 nuditas,
2611 864 2677 900 an
2709 844 3024 912 periculum,
3062 861 3129 897 an
3159 844 3415 913 gladius?
3451 841 3599 896 Sicut

2033 945 2288 1014 scriptum
2316 952 2434 997 est:
2469 940 2731 1006 Quoniam
2762 946 2972 1008 propter
3005 947 3053 990 te
3081 935 3468 1003 mortiﬁcamur
3492 942 3600 986 tota

2033 1035 2137 1100 die,
2190 1034 2484 1089 existimati
2537 1047 2718 1085 sumus
2771 1039 2834 1082 ut
2871 1045 2985 1082 oves
3031 1028 3329 1086 occisionis.
3375 1025 3599 1094 Propter

2033 1129 2378 1185 dilectionem
2430 1127 2574 1181 enim
2628 1124 2910 1179 dicebat"
2940 1139 2953 1174 :
2987 1122 3089 1177 Sed
3126 1122 3180 1175 in
3227 1121 3308 1175 his
3361 1119 3600 1174 omnibus

2035 1233 2340 1288 superamus
2369 1225 2582 1286 propter
2611 1229 2731 1268 eum
2759 1213 2850 1284 qui
2871 1213 3058 1266 dilexit
3089 1228 3203 1265 nos.
3229 1210 3310 1264 Ex
3338 1209 3601 1265 charitate

2035 1309 2182 1364 enim
2226 1321 2506 1376 nunquam
2547 1303 2828 1359 excidente
2866 1311 3022 1358 erant
3070 1302 3175 1356 illm
3222 1315 3384 1356 voces
3418 1301 3601 1355 dicen-

2039 1400 2107 1455 tis
2129 1400 2201 1449 9":
2244 1397 2466 1467 Conﬁdo
2514 1396 2653 1449 enim
2688 1395 2816 1465 quia
2857 1409 3017 1463 neque
3065 1408 3228 1455 mors,
3265 1406 3424 1460 neque
3469 1391 3601 1451 vita,

2036 1506 2198 1561 neque
2249 1488 2451 1559 angeli,
2501 1502 2665 1556 neque
2706 1483 3056 1554 principatus,
3097 1498 3257 1552 neque
3301 1480 3602 1549 praesentia,

2037 1599 2198 1653 neque
2234 1583 2437 1651 futura,
2483 1594 2643 1648 neque
2669 1579 2908 1640 virtutes,
2956 1591 3116 1640 neque
3151 1574 3404 1637 altitudo,
3445 1587 3602 1644 nequc

2038 1664 2383 1743 profundum,
2416 1685 2576 1739 neque
2611 1667 2794 1737 aliqua
2837 1673 3079 1718 creatura
3107 1664 3293 1732 poterit
3330 1677 3422 1714 nos
3449 1677 3602 1730 sepa-

2041 1779 2159 1816 rare
2185 1779 2218 1815 a
2248 1761 2508 1815 charitate
2534 1759 2649 1824 Dei,
2679 1773 2798 1827 quae
2820 1764 2897 1809 est
2928 1755 2981 1807 in
3011 1753 3219 1807 Christo
3238 1751 3364 1805 Iesu
3383 1750 3602 1802 Dontino

2042 1863 2239 1906 nostro.
2297 1851 2361 1905 Et
2393 1849 2651 1921 quoniam
2704 1847 2939 1902 habebat
2991 1845 3100 1899 duo
3128 1843 3422 1913 Apostolus
3467 1841 3603 1894 dile»

2040 1943 2235 1998 ctionis
2275 1941 2550 2005 mandata,
2591 1937 2685 1990 Dei
2726 1946 2781 1990 et
2819 1934 3072 2005 proximi,
3113 1935 3233 1988 ideo
3269 1931 3502 1987 habebat
3550 1931 3604 1984 in

2041 2050 2100 2090 sc
2131 2033 2296 2088 totius
2329 2031 2487 2101 chis
2519 2039 2570 2085 et
2598 2028 2992 2098 Prophetarum
3027 2023 3371 2080 manifestata
3400 2029 3603 2092 myste-

2041 2127 2144 2188 ria,
2188 2133 2246 2178 ut
2277 2121 2582 2190 intelligens
2629 2134 2693 2174 ea
2723 2120 2949 2184 diceret,
3001 2115 3259 2186 quoniam
3311 2114 3491 2167 omnis
3521 2112 3602 2168 lex

2040 2226 2092 2270 et
2127 2213 2403 2283 prophetat
2429 2211 2482 2265 in
2511 2211 2594 2264 his
2621 2209 2834 2263 duobus
2863 2206 3133 2263 mandatis
3159 2205 3411 2274 pendent.

2111 2305 2162 2359 5.
2205 2303 2551 2373 Congregatis
2597 2310 2769 2354 autem
2803 2298 3118 2359 Pharisaeis,
3150 2291 3492 2364 interrogavit
3517 2308 3606 2346 eos

2040 2396 2196 2450 Jesns
2235 2395 2410 2449 dicens
2439 2410 2458 2448 :
2487 2392 2626 2458 Quid
2665 2392 2807 2446 vobis
2853 2390 3058 2443 videtur
3082 2389 3162 2442 'de
3187 2384 3420 2448 Christo,
3455 2385 3615 2453 cujus

2039 2497 2116 2542 est
2147 2485 2334 2556 ﬁlius?
2364 2483 2560 2537 Dicunt
2595 2483 2666 2544 ei,
2704 2479 2894 2534 David.
2948 2479 3087 2531 Dicit
3129 2479 3203 2532 eis
3237 2475 3392 2531 Iesus
3415 2491 3434 2530 :
3459 2475 3606 2539 Quo-

2042 2579 2195 2632 modo
2233 2591 2354 2646 ergo
2397 2573 2568 2627 David
2615 2573 2670 2625 in
2716 2572 2908 2642 spiritu
2949 2569 3229 2623 Dominum
3275 2583 3394 2621 eum
3435 2575 3606 2628 vocat,

2040 2668 2217 2720 dicens
2240 2682 2260 2720 :
2284 2664 2437 2717 Dixit
2464 2662 2718 2716 Dominus
2747 2660 2970 2714 Domino
3001 2674 3145 2713 meo:
3175 2657 3308 2714 Sede
3345 2674 3377 2710 a
3405 2657 3607 2710 dextris

2043 2760 2196 2820 meis,-
2229 2757 2394 2810 donec
2433 2770 2625 2823 ponam
2671 2753 2911 2806 inimicos
2953 2759 3068 2805 tuos
3109 2750 3390 2804 scabellum
3419 2749 3608 2817 pedum

2044 2849 2295 2903 tuorum?
2327 2845 2388 2901 Si
2431 2861 2554 2916 ergo
2585 2843 2754 2898 David
2789 2843 3069 2896 Dominum
3115 2857 3232 2895 eum
3276 2850 3446 2902 vocat,
3474 2855 3606 2909 quo-

2041 2940 2197 2993 modo
2241 2937 2384 3007 ﬁlius
2418 2936 2530 3006 ejus
2568 2934 2692 2989 est?
2735 2932 2803 2987 Et
2852 2948 3000 2986 nemo
3049 2939 3255 3001 poterat
3303 2930 3609 3000 respondere

2041 3032 2090 3084 ei
2118 3031 2352 3090 verbum,
2385 3043 2478 3080 nec
2512 3041 2675 3080 ausus
2717 3034 2794 3078 est
2831 3026 3108 3094 quisquam
3147 3039 3211 3077 ea:
3239 3023 3334 3076 illa
3372 3023 3502 3075 hora
3526 3021 3608 3074 in-

2045 3130 2310 3190 terrogare
2353 3118 2640 3188 quidquam
2665 3117 2733 3171 ".
2787 3114 2963 3186 Yerba
3003 3113 3222 3183 quidem
3270 3113 3385 3179 ipsa
3437 3111 3609 3180 posita

2041 3218 2170 3265 sunt
2215 3208 2270 3261 in
2306 3207 2516 3278 psalmo
2561 3203 2862 3260 centesimo
2903 3216 3051 3255 nono
3076 3201 3093 3232 ¹
3123 3219 3136 3254 :
3166 3200 3314 3254 Dixit
3357 3199 3611 3252 Dominus

2039 3301 2266 3355 Domino
2296 3315 2408 3352 meo
2433 3317 2452 3355 :
2484 3296 2615 3352 Sede
2644 3314 2675 3348 a
2703 3295 2904 3349 dextris
2924 3295 3070 3359 meis,
3100 3293 3262 3345 donec
3290 3306 3480 3360 ponam
3508 3290 3606 3342 ini-

2039 3396 2202 3449 micas
2255 3402 2371 3446 tuos
2399 3388 2687 3446 scabellum
2736 3386 2932 3458 pedum
2964 3394 3195 3438 tuorum.
3242 3381 3412 3448 Quasi
3444 3379 3610 3436 conli-

2043 3484 2280 3538 tentibus
2327 3489 2507 3534 autem
2541 3475 2830 3530 Pharisaais
2881 3473 3141 3542 quoniam
3167 3471 3262 3541 qui
3303 3471 3442 3525 dixit
3485 3472 3612 3540 qui-

2039 3575 2187 3638 dem,
2236 3579 2321 3625 est
2367 3568 2629 3622 Dominus
2663 3563 2838 3629 Deus,
2893 3563 2959 3615 ad
3005 3575 3167 3630 quem
3222 3568 3405 3614 autem
3453 3559 3612 3623 dixit,

2041 3657 2313 3716 secundus
2340 3654 2602 3710 Dominus
2621 3649 2892 3712 Christus,
2923 3647 3220 3714 interrogat
3245 3659 3340 3700 eos
3366 3643 3618 3698 Salvator

2041 3753 2227 3808 dicens
2255 3763 2269 3800 :
2308 3746 2450 3814 Quid
2490 3745 2634 3798 vobis
2676 3741 2885 3796 videtur
2909 3740 2973 3794 de
2997 3738 3230 3805 Christo,
3263 3736 3414 3804 cujus
3445 3746 3524 3789 est
3547 3737 3616 3805 ﬁ-

2042 3843 2146 3896 lius
2173 3843 2198 3895 ?
2245 3839 2311 3893 Et
2357 3838 2422 3892 ad
2474 3833 2885 3904 responsionem
2939 3844 3128 3884 eorum
3174 3826 3266 3897 qui
3321 3825 3612 3881 dixerunt:

2042 3932 2236 3994 David,
2272 3931 2418 3985 addit
2443 3928 2629 3982 dicens
2659 3943 2671 3977 :
2700 3923 2760 3977 Si
2787 3921 2956 3975 David
2983 3920 3263 3973 Dominum
3289 3933 3407 3972 eum
3433 3926 3615 3977 vocat,

2041 4020 2300 4093 quomodo
2354 4017 2500 4087 ﬁlius
2555 4014 2666 4082 ejus
2711 4012 2836 4065 est?
2902 4011 3072 4080 Digna
3134 4016 3218 4063 est
3257 4022 3357 4076 ego
3407 4021 3497 4060 res
3546 4013 3611 4059 ut

2043 4113 2322 4167 videamus
2364 4107 2494 4178 quid
2534 4105 2722 4158 volens
2754 4110 3022 4173 preponat
3052 4097 3300 4152 Salvator
3317 4095 3614 4151 Pharisaeis

2043 4202 2396 4275 quaestionem
2439 4197 2506 4252 de
2543 4195 2784 4261 Christo,
2832 4201 2892 4246 ut
2936 4190 3322 4261 responderent
3368 4187 3497 4257 quid
3527 4186 3616 4241 eis

2045 4293 2337 4351 videretur,
2365 4297 2419 4341 et
2443 4299 2564 4355 quae
2597 4283 2696 4337 fuit
2727 4297 2894 4338 causa
2921 4287 2980 4335 ut
3016 4293 3125 4334 non
3153 4284 3378 4348 possent
3402 4276 3451 4330 ei
3479 4276 3612 4330 dare

2045 4392 2389 4449 responsum.
2436 4374 2500 4426 Et
2533 4371 2828 4442 simplicior
2860 4369 3060 4439 aliquis
3100 4383 3168 4422 ex
3195 4365 3613 4422 discutientihus

373 4493 704 4547 constitutus
727 4493 1048 4545 charitatem
1066 4485 1244 4549 habet,
1264 4499 1362 4542 nec
1377 4485 1714 4540 contrarium
1736 4484 1937 4556 aliquid

2045 4473 2205 4536 dicet,
2251 4469 2381 4540 quia
2413 4465 2667 4522 voluntas
2696 4461 2994 4517 Salvatoris
3044 4457 3147 4514 fuit
3179 4457 3314 4524 hate,
3363 4465 3422 4510 ut
3454 4470 3610 4510 com-

374 4582 580 4636 l‘aciens
617 4581 956 4649 benignitati,
1003 4592 1178 4648 neque
1213 4577 1394 4632 zelans
1421 4576 1598 4631 zelum
1640 4591 1802 4646 quem
1845 4575 1944 4630 ha-

373 4674 610 4726 buerunt
637 4671 956 4740 patriarchae
995 4669 1254 4724 adversus
1287 4667 1487 4736 Joseph
1513 4705 1526 4729 ,
1558 4668 1642 4722 vel
1673 4667 1854 4721 Aaron
1890 4674 1945 4722 et

375 4761 544 4815 Maria
580 4769 769 4816 contra
810 4760 1047 4831 Moysen.
1095 4758 1162 4814 Et
1202 4773 1360 4813 nemo
1401 4757 1618 4812 inﬂatus
1654 4757 1817 4812 habet
1857 4757 1943 4810 di-

375 4853 685 4916 lectionem,
724 4867 895 4922 neque
921 4867 1199 4921 perperam
1231 4849 1434 4919 aliquid
1463 4864 1660 4921 agens,
1706 4863 1810 4904 nec
1849 4848 1943 4918 qui

377 4947 431 4999 in
475 4943 809 4999 iracundiam
841 4944 1126 4999 excitatur.
1169 4942 1299 4997 Item
1344 4957 1506 4997 nemo
1535 4941 1778 5011 cogitans
1820 4955 1940 4993 ma-

375 5036 488 5088 lum
523 5033 841 5089 charitatem
883 5033 1044 5088 habet
1095 5031 1149 5086 in
1174 5033 1337 5088 corde
1381 5032 1786 5102 coinquinatus.
1836 5026 1942 5093 Qui

372 5127 536 5200 833
566 5127 886 5181 charitatem
919 5125 1098 5188 habet,
1133 5139 1412 5194 nunquam
1442 5123 1510 5178 de
1549 5123 1732 5192 aliqua
1764 5135 1822 5175 rc
1850 5122 1937 5175 in-

370 5220 520 5287 justa
561 5218 776 5288 gaudet,
829 5216 922 5272 sed
962 5229 1176 5285 semper
1217 5214 1428 5270 veritati
1467 5213 1788 5284 congaudet.
1837 5210 1942 5278 Qui

375 5311 692 5366 charitatem
725 5308 908 5371 habet,
958 5309 1141 5362 omnia
1175 5306 1474 5362 accidentia
1518 5304 1750 5361 sustinet
1778 5304 1942 5367 mala,

375 5411 430 5457 et
456 5415 562 5456 non
597 5415 695 5471 pro
741 5408 892 5470 parte
939 5398 1131 5466 credit,
1168 5399 1260 5453 sed
1297 5395 1476 5451 omnia
1519 5395 1711 5462 credit,
1744 5402 1797 5449 et
1835 5408 1942 5447 non

375 5509 442 5549 ex
466 5502 616 5565 parte
644 5501 844 5563 sperat,
865 5491 960 5548 sed
1000 5493 1182 5547 omnia
1216 5496 1530 5561 sperat,nec
1550 5487 1799 5560 estquod
1836 5500 1944 5540 non

2049 4570 2292 4636 pesceret
2312 4559 2712 4615 Pharisaeorum
2743 4555 3026 4610 audaciam
3055 4550 3256 4605 multas
3288 4546 3614 4618 propositio-

2049 4671 2146 4712 nes
2199 4650 2618 4725 proponentium
2665 4648 2737 4713 ei,
2789 4645 3042 4702 similiter
3096 4650 3150 4697 et
3175 4640 3619 4696 ‘Sadducaeorum

2048 4749 2142 4820 qui
2197 4750 2595 4817 proposuerant
2639 4741 2689 4796 ei
2731 4739 2798 4794 de
2849 4745 3055 4807 septem
3098 4732 3356 4788 fratribus
3405 4738 3463 4784 et
3503 4743 3618 4782 una

2048 4853 2220 4894 uxore
2269 4851 2480 4891 eorum.
2527 4831 2794 4899 Quoniam
2844 4842 2970 4899 ergo
3027 4825 3196 4879 multa
3247 4828 3657 4892 proponentes'

2046 4929 2307 4986 Pharisaei
2341 4935 2396 4982 et
2426 4923 2706 4980 Sadducaai
2738 4920 2943 4990 aliquid
2970 4918 3152 4972 dicere
3179 4913 3523 4977 videbantur,
3557 4918 3614 4965 et

2049 5023 2153 5077 hoc
2181 5019 2440 5075 facientes
2471 5014 2577 5068 non
2608 5011 2764 5082 quasi
2787 4988 3036 5077 discipuli
3059 5005 3271 5060 discere
3300 4988 3648 5070 cupiebant,‘

2046 5112 2141 5168 sed
2170 5111 2449 5165 tentabant
2475 5104 2774 5167 Christum,
2803 5109 2858 5154 et
2882 5099 2961 5155 sic
2989 5096 3310 5152 videbantur
3335 5091 3470 5162 legis
3492 5103 3616 5144 esse

2043 5208 2316 5268 doctores,
2359 5217 2484 5258 cum
2527 5213 2637 5253 non
2681 5201 2886 5260 essent,
2923 5192 3046 5247 ideo
3094 5188 3200 5244 fuit
3239 5195 3293 5243 et
3320 5183 3615 5238 Dominum

2045 5295 2522 5368 interrogationem
2560 5301 2861 5360 proponere
2902 5284 2984 5339 eis
3024 5279 3417 5341 necessarium,
3442 5271 3609 5344 proli-

2048 5361 2282 5445 tentihus
2307 5385 2441 5456 legis
2467 5382 2664 5437 habere
2693 5394 2752 5434 se
2781 5375 3086 5438 scientiam,
3111 5381 3170 5426 ut
3198 5382 3381 5426 coram
3411 5361 3613 5436 pepqu

2049 5485 2299 5550 argueret
2342 5488 2462 5540 eos,
2511 5486 2634 5527 cum
2673 5479 2996 5540 responsum
3034 5463 3102 5518 ad
3129 5462 3455 5528 interrogata
3492 5469 3602 5510 non

446 5712 492 5745 ”
525 5711 542 5765 1
571 5713 697 5768 Cor.
729 5731 846 5782 xm,
873 5715 988 5770 4-8.
1062 5713 1108 5746 ⁹⁶
1134 5709 1290 5765 Rom.
1317 5722 1435 5773 vm,
1460 5707 1549 5773 55,
1577 5706 1667 5762 56.
1740 5707 1782 5739 ’7
1802 5665 2044 5764 ibid..5'l.
2140 5700 2185 5733 99
2212 5663 2343 5753 ibid.
2373 5695 2464 5761 38,
2489 5694 2588 5750 59...
2654 5695 2699 5727 ⁸³
2725 5690 2916 5745 Matth.
2963 5703 3112 5753 XXIV,
3156 5685 3243 5752 ll,
3269 5681 3338 5739 42
3378 5690 3430 5736 et
3455 5696 3612 5753 seqq.

383 5783 399 5814 ¹
427 5798 566 5840 vers.
601 5785 647 5839 ι.

3449 367 3586 425 1606
3677 406 3686 412 ρ
