4074 6300
517 355 656 412 16οἸ

1675 353 2001 417 ORIGENIS
2035 357 2100 412 IN
2141 359 2557 418 MATTHAEUM

3618 365 3767 420 1608

515 470 784 534 dederint,
817 474 933 543 ipse
964 473 1030 527 ad
1049 470 1231 526 omnia
1275 467 1642 539 respondens:
1679 473 1937 540 quoniam
1967 473 2082 543 ipse
2113 482 2156 538 Α
2183 475 2423 542 Christo,
2471 477 2566 546 qui
2603 490 2711 531 non
2761 475 2941 532 solum
2989 473 3261 530 excedens
3295 485 3415 533 erat
3460 475 3766 533 humanam

515 563 732 632 quidem
759 563 982 618 idoneus
1006 572 1122 616 erat
1145 560 1442 616 secundum
1478 559 1870 630 professionem
1897 563 2087 618 docto-

2189 579 2480 634 naturam,
2525 567 2617 622 sed
2669 566 2830 621 etiam
2883 575 3106 619 etcteras
3157 565 3406 636 genitas,
3456 567 3762 622 secundum

517 653 670 706 ribus
709 651 1118 712 condccentem,
1157 648 1510 703 manifestare
1555 659 1608 703 et
1635 650 1845 704 tradere
1880 651 2086 706 doctri-
2187 658 2331 728 quod
2381 659 2500 711 ait'
2546 673 2559 708 :
2603 655 2671 710 In
2718 655 3086 724 splendoribus
3152 666 3458 710 sanctorum
3494 673 3562 711 ea:
3610 667 3763 712 utero

516 759 640 796 nam
666 744 902 797 divinam
935 761 948 798 :
981 744 1057 797 illi
1092 755 1409 808 auteni,nec
1435 742 1611 810 ipsum
1639 741 1963 812 Pr0phetam
1991 745 2083 814 qui

513 845 628 888 erat
656 834 928 904 fastigium
960 834 1370 903 prophetarum,
1392 832 1655 886 sciebant.
1686 831 1877 888 Adhuc
1902 843 2081 889 autem

510 926 599 979 cui
629 925 739 979 haec
768 926 1037 994 expositio
1071 927 1262 988 placet,
1294 926 1557 1005 adjicicns
1599 926 1766 982 dicit:
1793 926 2080 998 Propterea

511 1025 566 1070 et
595 1016 677 1071 sic
705 1015 892 1086 adjicit
925 1015 1205 1086 Scriptura
1251 1016 1548 1087 Evangelii,
1584 1018 1800 1072 dicens:
1828 1018 1892 1070 Et
1935 1035 2083 1072 nemo

509 1117 712 1176 poterat
748 1109 1057 1176 respondere
1090 1109 1137 1162 ei
1161 1108 1391 1174 verbum,
1417 1125 1506 1162 nec
1535 1125 1692 1161 ausus
1717 1111 1990 1178 quisquam
2019 1126 2082 1163 ea:

413 1241 422 1246 .
510 1198 612 1251 illa
641 1199 772 1252 hora
813 1200 1136 1269 interrogare
1171 1216 1290 1253 eum
1321 1199 1551 1253 verbum.
1589 1199 1765 1254 Causa
1817 1209 1994 1255 autem
2021 1210 2081 1256 ut

511 1305 621 1344 non
652 1301 834 1345 essent
866 1292 984 1344 ausi
1031 1292 1365 1360 interrogare
1411 1306 1535 1344 eum
1584 1291 1926 1359 postmodum
1957 1308 2079 1347 vcr-

510 1381 660 1446 bum,
693 1382 805 1435 haec
836 1381 957 1446 fuit,
1003 1382 1128 1450 quia
1173 1381 1490 1450 interrogati
1537 1381 1858 1450 respondere
1893 1381 1940 1434 ci
1969 1397 2075 1436 non

509 1481 820 1541 pontes-unt.
875 1471 930 1526 Si
981 1473 1125 1526 enim
1171 1472 1522 1540 interrogatio
1569 1487 1758 1527 eorum
1793 1472 2076 1528 fuisselex

509 1563 781 1617 voluntate
807 1563 1074 1629 discendi,
1104 1578 1378 1630 nunquam
1409 1563 1534 1616 talia
1562 1564 1640 1619 eis
1683 1565 2073 1634 pr0posuissct,

508 1665 569 1710 ut
616 1656 964 1726 postmodum
1015 1670 1123 1709 non
1153 1665 1338 1710 essent
1387 1657 1506 1712 ausi
1559 1657 1911 1727 interrogare.
1967 1657 2073 1711 Sed

508 1757 776 1802 tentantes
826 1746 1252 1815 interrogabant,
1295 1745 1418 1800 ideo
1457 1746 1739 1801 obstruere
1779 1761 1873 1802 eos
1904 1747 2074 1801 voluit

2186 759 2308 804 ante
2327 747 2631 816 Luciferum
2655 747 2810 817 genui
2839 755 2906 801 te.
2958 743 3078 799 Non
3105 746 3249 800 enim
3280 747 3588 816 specialiter
3615 749 3763 804 dest-

2185 843 2372 912 gnavit
2418 841 2471 894 in
2502 842 2884 912 splendoribus
2933 841 3241 910 aliquorum
3293 849 3630 907 sanctorum,
3663 841 3760 896 sed

2182 928 2504 998 generaliter
2548 928 2613 983 de
2644 929 2900 982 omnibus
2948 928 3172 991 sanctis,
3220 928 3272 982 id
3310 938 3394 983 est
3431 945 3538 983 non
3577 914 3756 985 solum

2185 1020 2487 1086 hominum,
2523 1019 2616 1076 sed
2646 1021 2808 1074 etiam
2842 1019 3182 1088 angelorum,
3208 1019 3397 1074 dicens
3435 1037 3449 1073 :
3483 1018 3550 1073 In
3577 1021 3756 1092 splen-

2181 1112 2396 1166 doribus
2424 1121 2728 1165 sanctorum
2755 1126 2819 1165 es:
2847 1121 2994 1165 utero
3026 1120 3148 1164 ante
3169 1109 3475 1180 Luciferum
3507 1113 3662 1181 genui
3681 1121 3750 1170 te.

2181 1204 2248 1258 Et
2291 1205 2336 1260 si
2376 1205 2596 1274 quidem
2644 1203 2921 1272 sapienter
2952 1203 3394 1257 considerassent
3426 1210 3480 1256 et
3517 1202 3650 1257 illud
3677 1203 3750 1258 “z

2179 1294 2390 1349 Iuravit
2416 1295 2693 1359 Dominus,
2723 1309 2814 1348 nec
2855 1309 2972 1346 eum
2998 1292 3286 1362 pwuitebit,
3331 1301 3387 1346 tu
3422 1308 3475 1346 es
3500 1293 3749 1347 sacerdos

2180 1389 2232 1440 in
2262 1396 2516 1441 internum
2551 1387 2839 1439 secundum
2874 1385 3111 1438 ordinem
3135 1381 3534 1448 Melchisedech,
3566 1383 3748 1452 subje-

2177 1477 2379 1531 cisscnt
2413 1477 2598 1546 utique
2631 1491 2690 1531 se
2732 1476 2872 1529 sicut
2913 1473 3164 1544 discipuli
3209 1471 3304 1527 tali
3343 1471 3612 1527 Salvatori
3653 1488 3750 1526 no-

2177 1579 2312 1632 stro,
2353 1569 2444 1638 qui
2495 1583 2524 1621 a
2561 1566 2667 1621 Deo
2706 1575 2824 1622 erat
2876 1559 3230 1646 transmissus
3283 1565 3543 1631 magister
3589 1572 3751 1633 atque

2176 1658 2448 1712 sacerdos.
2500 1656 2605 1712 Sed
2658 1672 2824 1712 causa
2865 1657 2988 1720 fuit,
3037 1663 3257 1725 propter
3294 1670 3456 1724 quam
3489 1652 3751 1709 Pharisaei

2176 1763 2284 1803 non
2318 1755 2609 1818 potuerunt
2639 1747 2966 1818 respondere
2985 1745 3328 1801 sermonibus
3352 1744 3580 1809 Christi,
3615 1745 3749 1801 ista:

509 1839 932 1908 interrogatione
957 1853 1076 1902 sua,
1105 1845 1163 1891 ut
1189 1836 1574 1891 erubescentes
1617 1837 1962 1906 quiescerent
2008 1837 2076 1890 ab
2111 1843 2150 1897 Β
2175 1840 2430 1909 quoniam
2465 1839 2601 1893 nihil
2631 1853 2888 1908 magnum
2925 1838 2992 1891 de
3023 1837 3243 1891 Christo
3273 1836 3327 1889 in
3363 1837 3567 1890 sanctis
3603 1833 3750 1891 Scri-

507 1926 733 1980 audacia
757 1940 875 1989 sua,
898 1932 952 1978 et
974 1925 1318 1994 postmodum
1345 1925 1476 1978 nihil
1507 1925 1901 1996 interrogarent
1925 1941 2072 1981 eum.

509 2017 636 2072 llmc
659 2015 958 2071 secundum
984 2015 1313 2071 intellectum
1349 2016 1610 2086 simplicis
1644 2017 2074 2086 interpretatoris

507 2124 700 2165 sumus
733 2110 918 2164 locuti.

579 2201 632 2255 6.
694 2199 804 2255 Nos
862 2207 1044 2254 autem
1110 2197 1346 2253 dicimus
1393 2199 1654 2268 quoniam
1709 2200 2074 2269 cegnoscebat

505 2291 742 2360 seipsum
771 2289 1018 2344 Salvator
1043 2295 1093 2342 et
1118 2286 1382 2343 Dominus
1408 2297 1590 2344 noster
1620 2287 1822 2343 factum
1853 2289 2071 2358 quidem

503 2397 569 2436 ex
599 2382 804 2437 semine
828 2379 993 2434 David
1029 2379 1324 2434 secundum
1357 2394 1596 2444 carnem,
1630 2381 2071 2450 praedestinatum

504 2479 685 2524 autem
732 2469 929 2522 Filium
977 2468 1072 2522 Dei
1125 2467 1178 2522 in
1225 2469 1500 2536 virtute';
1543 2477 1598 2523 et
1644 2469 1902 2538 quoniam
1957 2469 2073 2524 haec

505 2564 684 2616 omnia
723 2570 872 2616 erant
918 2576 1039 2630 qua:
1067 2561 1184 2630 ipse
1214 2561 1281 2614 de
1311 2575 1370 2614 se
1403 2559 1605 2614 docens
1633 2559 1848 2615 dicebat
1869 2561 1889 2592 ³
1914 2575 1928 2612 :
1960 2558 2072 2630 Ego

505 2669 623 2706 sum
657 2653 757 2713 via.
803 2651 993 2705 veritas
1039 2659 1090 2703 et
1135 2650 1281 2712 vita;
1313 2664 1405 2718 ego
1439 2664 1556 2702 sum
1590 2648 1794 2717 janua;
1832 2665 1925 2720 ego
1955 2665 2072 2703 sum

506 2745 851 2808 resurrectio;
904 2759 998 2814 ego
1039 2758 1157 2812 sum
1201 2742 1355 2809 panis
1397 2741 1542 2795 vivus
1580 2741 1672 2811 qui
1709 2741 1774 2795 de
1815 2742 1942 2796 caelo
1979 2742 2072 2796 de-

504 2836 717 2898 scendi;
769 2842 823 2888 et
869 2834 1047 2888 sciens
1089 2846 1210 2887 esse
1255 2846 1316 2886 se
1357 2840 1484 2887 ante
1529 2831 1867 2887 nativitatem
1904 2833 2070 2888 etiam

512 2926 684 2995 ipsius
733 2925 986 2985 Abrahae,
1039 2931 1258 2992 propter
1310 2921 1455 2990 quod
1501 2930 1556 2977 et
1599 2923 1816 2978 dicebat
1860 2939 1874 2975 :
1936 2925 2072 2979 Ante

507 3016 775 3070 Abraham
824 3030 916 3084 ego
957 3012 1152 3079 sum‘;
1197 3019 1252 3066 et
1294 3011 1472 3068 sciens
1507 3012 1761 3082 quoniam
1805 3015 2071 3084 sapientia

503 3117 643 3172 erat,
679 3116 732 3160 et
764 3103 1001 3159 Verbum
1050 3101 1272 3170 vivum;
1316 3103 1580 3172 sapientia
1633 3105 1850 3174 quidem
1902 3120 2068 3176 quam

2176 1929 2350 1999 pluris
2385 1932 2621 1999 positum
2649 1929 2973 1992 sentiebant,
3011 1927 3105 1982 sed
3135 1925 3512 1981 tantummodo
3537 1926 3604 1980 de
3637 1927 3751 1982 dis-

2173 2019 2490 2090 pensatione
2541 2019 2659 2087 ejus
2728 2019 3000 2082 humana,
3052 2016 3148 2073 sed
3204 2032 3304 2072 nec
3363 2018 3537 2087 ipsam
3589 2018 3751 2088 digne

2173 2111 2355 2165 divina
2407 2110 2828 2180 dispensatione.
2880 2108 3021 2164 Puto
3069 2108 3214 2164 enim
3266 2110 3412 2178 quod
3461 2123 3563 2164 nec
3616 2109 3749 2165 illud

2174 2201 2419 2257 sciebant
2455 2201 2602 2272 quod
2628 2201 2803 2257 dixit:
2830 2199 2966 2255 Ecce
3001 2201 3145 2270 virgo
3192 2201 3246 2252 in
3277 2210 3428 2254 utero
3468 2201 3743 2270 concipiet,

2172 2302 2222 2347 et
2256 2291 2529 2347 vocabitur
2575 2308 2759 2346 nomen
2809 2292 2923 2361 ejus
2951 2290 3372 2357 Emmanuel“;
3431 2306 3532 2346 nec
3578 2292 3741 2347 illud:

2165 2383 2300 2438 Ecce
2329 2385 2533 2438 orietur
2569 2382 2724 2439 stella
2763 2399 2829 2437 ex
2860 2381 3027 2436 Jacob
3073 2381 3140 2446 ¹¹,
3181 2381 3248 2437 de
3281 2380 3567 2440 nativitate
3597 2382 3739 2442 vide-

2166 2480 2292 2536 licet
2312 2479 2531 2550 Christi.

2243 2565 2298 2619 7.
2343 2567 2458 2615 Hoc
2499 2569 2679 2616 autem
2731 2564 2907 2632 ipsum
2952 2561 3096 2630 quod
3145 2560 3278 2615 dicit
3320 2575 3376 2614 in
3417 2563 3627 2630 psalmo
3662 2560 3739 2613 ηε

2173 2653 2323 2709 Dixit
2369 2653 2626 2707 Dominus
2653 2652 2878 2706 Domino
2922 2667 3034 2706 meo
3068 2667 3088 2705 :
3127 2649 3260 2706 Sede
3292 2669 3324 2704 a
3355 2651 3555 2706 dextris
3590 2653 3740 2716 meis,

2171 2747 2335 2800 donec
2353 2761 2542 2814 ponam
2565 2743 2804 2798 inimicos
2834 2751 2950 2797 tuos
2973 2741 3259 2796 scabellum
3293 2743 3482 2812 pedum
3510 2755 3740 2807 tuorum,

2171 2833 2530 2907 opportunius
2596 2832 2812 2902 quidem
2859 2840 3091 2900 exponet
3151 2832 3315 2900 quis,
3373 2847 3498 2886 cum
3563 2833 3742 2901 ipsum

2171 2927 2274 2982 sibi
2308 2941 2578 2996 exponere
2607 2923 2950 2995 proposuerit
2973 2922 3265 2992 psalmum.
3299 2921 3365 2976 Et
3391 2938 3531 2976 nunc
3558 2931 3736 2976 tamen

2172 3033 2393 3074 sensum
2420 3017 2538 3088 ejus
2566 3014 2753 3072 leviter
2778 3017 3151 3087 degustemuse
3191 3011 3296 3067 Nec
3329 3013 3420 3066 tibi
3457 3012 3728 3066 describas

2172 3107 2459 3163 sensibiles
2490 3105 2786 3169 sessiones,
2816 3113 2870 3159 et
2905 3104 3042 3158 duas
3067 3101 3364 3164 cathedras,
3393 3108 3443 3154 ct
3478 3099 3729 3154 sedentes

506 3196 652 3251 Deus
687 3193 891 3249 creavit
918 3192 1247 3263 principium
1273 3191 1482 3248 viarum
1515 3208 1739 3249 suarum
1767 3195 1789 3226 ⁸
1817 3195 1872 3248 in
1905 3209 2067 3264 opera
2093 3201 2138 3261 (ς
2171 3213 2334 3268 super
2358 3212 2450 3252 eas
2483 3197 2724 3251 humano
2749 3196 3027 3250 schemate
3047 3191 3258 3247 Patrem
3289 3203 3342 3245 et
3374 3189 3569 3243 Filium
3594 3207 3611 3244 :
3635 3189 3738 3245 sed

501 3301 639 3350 sua;
686 3282 923 3337 Verbum
960 3290 1141 3336 autem
1186 3279 1332 3351 quod
1364 3290 1483 3336 erat
1530 3282 1584 3336 in
1621 3283 1888 3354 principio
1925 3285 2069 3355 apud

507 3378 697 3440 Deum,
734 3374 876 3430 Deus
899 3373 1136 3429 Verbum
1162 3373 1222 3440 °;
1269 3373 1385 3428 haec
1416 3374 1599 3428 omnia
1630 3374 1696 3429 de
1740 3389 1798 3429 se
1837 3375 1952 3444 ipso
1977 3390 2071 3430 co-

507 3483 795 3540 gnoscens,
827 3475 882 3522 et
909 3466 1098 3521 videns
1125 3465 1452 3530 Pharisazos,
1499 3464 1625 3534 quia
1673 3463 1804 3520 illud
1849 3465 2070 3534 quidem

506 3561 651 3630 quod
689 3559 989 3615 secundum
1021 3557 1483 3627 dispensationem
1517 3557 1810 3612 humanam
1858 3565 1913 3612 et
1945 3573 2071 3627 pro—

506 3663 624 3722 pter
660 3649 909 3705 homines
950 3657 1067 3703 erat
1112 3655 1174 3702 ut
1221 3661 1415 3716 capere
1461 3647 1692 3717 possint,
1728 3647 1973 3702 sciebant
2003 3663 2070 3702 ex

504 3743 703 3797 divinis
736 3740 1065 3810 Scripturis,
1099 3740 1358 3809 quoniam
1390 3737 1457 3793 de
1503 3739 1710 3792 semine
1755 3746 1872 3792 erat
1899 3737 2068 3793 David

505 3833 802 3889 secundum
859 3846 1121 3896 carnem,
1186 3828 1415 3884 forsitan
1468 3838 1648 3884 autem
1709 3830 1968 3898 quoniam
2015 3837 2072 3884 et

504 3925 728 3978 omnino
770 3938 895 3978 eum
948 3920 1353 3976 arbitrabantur
1391 3921 1558 3975 filium
1607 3933 1732 3975 esse
1754 3919 1920 3975 David
1950 3936 1963 3972 :
1989 3921 2071 3975 vi-

505 4017 642 4070 dens
671 4024 850 4070 autem
896 4015 1054 4086 longe
1087 4031 1182 4072 eos
1210 4029 1330 4070 esse
1359 4014 1428 4068 ab
1467 4012 1737 4068 intellectu
1761 4011 2069 4067 divinitatis

503 4122 617 4162 suae
671 4109 969 4163 secundum
1012 4107 1157 4177 quod
1203 4103 1530 4176 principium
1598 4112 1716 4158 erat
1775 4103 2065 4166 universae,

505 4199 707 4252 nullius
749 4197 891 4254 illius
928 4198 1255 4253 constitutus
1295 4194 1404 4251 uisi
1430 4194 1523 4250 Dei
1559 4194 1653 4263 qui
1695 4209 1857 4262 super
1883 4193 2067 4248 omnia

501 4301 606 4358 est,
634 4308 862 4362 arguere
885 4290 997 4364 (78)
1015 4292 1337 4348 titubantem
1389 4290 1845 4347 existimationem
1873 4305 2064 4345 eorum

504 4384 571 4439 de
601 4398 680 4448 se,
706 4391 761 4437 et
790 4398 1086 4453 provocare
1115 4397 1211 4437 eos
1247 4381 1595 4438 sermonibus
1639 4379 1776 4445 suis,
1810 4389 1870 4435 ut
1903 4381 2068 4436 velint

505 4474 795 4529 ascendere
823 4471 1022 4537 Verbo,
1066 4481 1121 4528 et
1165 4472 1346 4528 videre
1395 4471 1691 4526 secundum
1739 4471 1883 4540 quod
1921 4471 2064 4528 Deus

2170 3286 2402 3357 intellige
2427 3286 2543 3341 haec
2570 3285 2845 3340 moraliter
2863 3284 2966 3339 dici
2989 3286 3054 3338 de
3077 3297 3241 3352 regno
3264 3279 3445 3343 Dei,et
3470 3279 3537 3334 de
3566 3294 3740 3350 regno

2171 3377 2317 3443 Filii,
2365 3376 2512 3447 quod
2545 3374 2758 3430 aPatre
2803 3384 2889 3429 est
2935 3373 3256 3437 stabilitum,
3306 3381 3360 3426 et
3397 3379 3480 3426 est
3526 3384 3743 3438 semper

2169 3469 2239 3524 ad
2267 3469 2540 3524 dexteram
2566 3465 2765 3521 Patris.
2820 3463 2877 3520 Si
2923 3464 3046 3534 quis
3093 3472 3274 3517 autem
3323 3463 3436 3516 haec
3465 3460 3742 3515 moraliter

2171 3557 2395 3626 intelligi
2450 3573 2560 3612 non
2602 3557 2758 3623 vult,
2803 3565 3038 3626 exponat
3090 3554 3368 3624 quomodo
3415 3562 3469 3608 et
3518 3553 3621 3608 hoc
3666 3552 3742 3606 sit

2172 3666 2360 3706 verum
2397 3649 2544 3720 quod
2571 3649 2648 3704 ait
2674 3665 2688 3700 :
2719 3647 2870 3702 Dixit
2900 3646 3157 3700 Dominus
3191 3645 3418 3699 Domino
3461 3661 3595 3710 meo,
3623 3643 3741 3696 sede

2171 3761 2203 3798 a
2232 3743 2433 3798 dextris
2483 3757 2647 3807 mets;
2691 3749 2745 3797 et
2778 3741 2909 3796 illud
2936 3739 3079 3811 quod
3112 3739 3240 3794 alibi
3274 3739 3406 3794 dicit
3429 3739 3514 3791 “2
3551 3737 3740 3792 Sedere

2169 3844 2343 3890 autem
2375 3835 2444 3890 ad
2475 3835 2744 3888 dexteram
2786 3849 2978 3900 meam,
3016 3843 3066 3886 et
3098 3833 3166 3885 ad
3197 3833 3494 3897 sinistram,
3522 3845 3624 3884 non
3659 3837 3738 3883 est

2169 3944 2341 3982 meum
2383 3928 2510 3980 dare
2549 3925 2716 3994 vobis,
2757 3926 2847 3980 sed
2883 3924 3071 3995 quibus
3111 3932 3359 3993 paratum
3395 3931 3470 3978 est
3510 3939 3544 3975 a
3574 3919 3739 3974 Patre

2171 4035 2304 4074 meo.
2340 4017 2628 4088 Cogendus
2669 4025 2754 4072 est
2790 4031 2918 4087 ergo
2961 4015 3141 4071 dicere
3179 4015 3274 4085 qui
3317 4029 3426 4069 non
3463 4014 3578 4068 vult
3622 4013 3736 4066 haec

2170 4109 2470 4179 intelligere
2493 4109 2687 4179 digne,
2733 4107 3032 4162 secundum
3066 4104 3489 4175 magnitudinem
3542 4118 3738 4158 sensus

2168 4198 2392 4263 Christi,
2423 4197 2683 4268 quoniam
2732 4196 3024 4266 aliquando
3072 4195 3290 4266 quidem
3344 4193 3416 4248 ad
3453 4192 3731 4248 dexteram

2171 4289 2323 4344 sedet
2347 4287 2561 4351 Patris,
2615 4287 2906 4357 aliquando
2962 4294 3140 4340 autem
3183 4284 3497 4355 dignitatem
3546 4282 3736 4352 hujus-

2170 4380 2318 4434 modi
2367 4379 2747 4449 derelinquens
2805 4379 3024 4433 sedendi
3090 4376 3158 4431 ad
3214 4377 3490 4431 dexteram
3535 4373 3733 4435 Patris.

2170 4470 2422 4540 privatim
2477 4469 2628 4524 sedet
2675 4481 2801 4522 cum
2846 4467 2924 4522 eis
2975 4466 3176 4537 quibus
3230 4465 3441 4535 paravit
3472 4463 3630 4518 Pater
3678 4471 3735 4517 ut

505 4564 741 4619 Verbum
773 4573 909 4628 erat,
943 4563 1036 4633 qui
1070 4572 1186 4617 erat
1219 4563 1273 4616 in
1303 4562 1570 4632 principio
1599 4563 1741 4632 apud
1776 4562 1963 4629 Deum,
2004 4566 2058 4620 in
2092 4570 2137 4624 D
2165 4562 2391 4617 sedeant
2419 4561 2484 4616 ad
2511 4561 2785 4616 dexteram
2816 4561 2902 4616 vel
2932 4559 3001 4614 ad
3031 4559 3334 4614 sinistram.
3382 4554 3514 4611 Item
3557 4555 3734 4610 adhuc

502 4655 696 4726 primis
724 4656 940 4724 quidem
987 4653 1124 4709 dixit
1146 4654 1165 4685 ⁷
1192 4672 1205 4708 :
1235 4651 1378 4718 Quid
1411 4653 1557 4708 vobis
1588 4654 1791 4708 videtur
1820 4655 1885 4710 de
1911 4655 2067 4710 Chri—
2165 4653 2440 4722 cogendus
2469 4662 2553 4708 est
2583 4653 2762 4708 dicere
2807 4651 3066 4721 quoniam
3101 4649 3167 4705 ad
3197 4649 3474 4704 dexteram
3507 4647 3729 4717 quidem

502 4753 604 4810 sto,
641 4743 792 4813 cujus
823 4751 901 4798 est
928 4743 1075 4811 ﬁlius
1095 4746 1120 4797 ?
1148 4742 1224 4798 Ita
1253 4743 1732 4813 respondentibus,
1756 4754 1811 4800 et
1840 4745 2066 4801 dicenti-
2167 4744 2362 4799 sedens
2394 4741 2590 4808 Patris,
2626 4743 2802 4816 adhuc
2836 4743 3088 4798 inimicos
3112 4741 3292 4796 habet.
3342 4738 3552 4793 Tandiu
3585 4736 3732 4792 enim

502 4835 604 4890 bus
631 4854 645 4890 :
677 4836 868 4903 David,
899 4837 1096 4891 iterum
1125 4835 1205 4892 eis
1233 4837 1516 4907 respondit
1550 4836 1908 4894 manifestans
1967 4855 2063 4894 su-

501 4924 820 4979 blimitatem
867 4926 1164 4982 divinitatis
1219 4942 1332 4982 suae
1359 4966 1375 4992 ,
1427 4943 1545 4997 quae
1587 4928 2065 4984 demonstrabalur

502 5017 557 5070 in
586 5017 703 5085 ipso
730 5016 896 5088 834
925 5019 1190 5089 principio
1219 5018 1412 5088 psalmi
1435 5019 1479 5082 ⁸,
1500 5019 1688 5074 dicens
1715 5038 1728 5073 :
1761 5021 1908 5075 Dixit
1948 5020 2060 5075 Do-

500 5109 674 5161 minus
705 5105 923 5160 Domino
947 5124 1056 5162 meo
1081 5123 1100 5161 .'
1124 5108 1256 5163 Sede
1290 5126 1322 5163 a
1348 5109 1548 5164 dextris
1588 5109 1736 5173 meis,
1768 5110 1930 5163 donec
1969 5125 2062 5178 po-

500 5214 623 5251 nam
672 5199 911 5253 inimicos
962 5207 1076 5252 tuos
1113 5199 1398 5253 scabellum
1449 5200 1638 5269 pedum
1682 5210 1926 5264 tuorum,
1977 5209 2057 5266 ut,

499 5291 597 5344 etsi
635 5298 765 5346 tunc
796 5291 846 5344 ei
887 5289 1214 5359 respondere
1255 5305 1366 5344 non
1406 5297 1647 5360 possent,
1680 5297 1859 5343 tamen
1897 5305 2062 5345 occa-

501 5383 708 5438 sionem
737 5383 1044 5453 acciperent
1075 5398 1141 5437 ex
1167 5383 1346 5438 verbis
1388 5382 1580 5451 ipsius,
1609 5389 1688 5446 ut,
1719 5391 1889 5436 totum
1919 5382 2062 5451 psal-

501 5487 648 5524 mum
691 5473 1120 5538 considerantes,
1169 5470 1373 5542 aliquid
1423 5469 1656 5538 amplius
1709 5469 1973 5524 sentirent
1994 5469 2063 5524 de

569 5567 590 5596 ²
619 5564 775 5618 Rom.
814 5563 988 5627 1,3,4.
1089 5563 1293 5618 'Joan.
1322 5561 1539 5625 xiv,'6;
1583 5559 1724 5627 x,9;
1763 5559 1964 5628 xl,25;

502 5633 554 5696 i,
581 5633 638 5687 Ω.
747 5634 767 5664 ⁷
794 5631 986 5687 Matth.
1015 5649 1151 5698 xxu,
1178 5633 1266 5690 42.
1377 5634 1399 5665 ⁸
1422 5631 1568 5686 Psal.
1599 5646 1706 5699 Ωιι,
1734 5631 1786 5686 1.

497 5716 538 5745 ³³
568 5713 704 5765 Psal.
737 5729 842 5774 cux,
881 5713 926 5766 l.
1007 5711 1048 5742 ”
1079 5710 1268 5764 Matth.
1295 5726 1386 5776 xx,
1415 5710 1508 5766 25.

565 5803 677 5870 (78)
719 5801 918 5868 Supple
959 5800 1150 5857 volens.

2006 5578 2084 5625 γι,
2111 5562 2328 5630 “,5l-

1896 5631 2070 5686 ’ibid.
2096 5632 2151 5688 5.
2224 5635 2268 5668 ⁸⁵
2310 5635 2439 5693 ibid.
2475 5637 2530 5693 ιι

2164 4833 2487 4904 sedetjuxta
2519 4849 2666 4896 eum,
2699 4834 2872 4889 donec
2891 4842 3161 4904 ponantur
3194 4847 3226 4885 a
3246 4830 3404 4885 Patre
3435 4829 3732 4884 scabellum

2162 4909 2359 4994 pedum
2379 4923 2594 4981 Christi.
2621 4926 2754 4982 Cum
2770 4940 2896 4981 vero
2916 4924 3137 4981 desierit
3158 4923 3346 4978 sedere
3366 4921 3433 4976 ad
3455 4921 3731 4977 dexteram

2169 5014 2369 5080 Patris,
2403 5025 2533 5072 tunc
2553 5015 2668 5086 jam
2702 5031 2811 5072 non
2844 5017 3064 5072 habebit
3097 5015 3368 5080 inimicos,
3389 5027 3512 5068 cum
3543 5011 3735 5068 sedere

2167 5109 2232 5163 ad
2265 5109 2546 5165 dexteram
2579 5110 2697 5180 ejus
2719 5109 2806 5165 vel
2835 5109 3111 5166 sinistram
3146 5106 3409 5177 coeperint
3431 5104 3731 5159 secundum

2169 5200 2565 5256 ordinationem
2594 5199 2794 5266 Patris,
2842 5199 2937 5270 qui
2982 5199 3132 5268 prius
3174 5196 3390 5251 fuerant
3435 5193 3731 5249 scabellum

2169 5291 2363 5361 pedum
2395 5292 2587 5361 ipsius.
2622 5290 2688 5347 Et
2722 5291 2795 5345 ita
2816 5291 2874 5345 ﬁt
2903 5299 2963 5344 ut
2993 5287 3295 5344 sedentium
3326 5285 3490 5355 aliqui
3523 5285 3577 5338 in
3608 5283 3732 5337 loco

2168 5383 2337 5452 priori
2371 5383 2594 5439 sedeant
2622 5381 2821 5438 Patris.
2857 5381 2954 5436 His
2987 5389 3166 5436 autem
3201 5376 3332 5448 quid
3379 5374 3552 5444 magis
3595 5372 3730 5426 ridi-

2171 5474 2355 5529 culum
2395 5483 2574 5545 potest
2608 5475 2762 5530 esse?
2805 5473 3008 5530 Deinde
3055 5469 3389 5541 corporalem
3423 5466 3611 5520 volens
3651 5464 3736 5517 in-

2403 5567 2425 5600 δ
2447 5565 2609 5622 Joan.
2635 5581 2755 5629 vni,
2781 5565 2872 5621 58.
2912 5564 3100 5620 'Prov.
3125 5579 3244 5627 Vill,
3269 5561 3363 5616 32.
3443 5559 3461 5590 ⁸
3483 5557 3644 5614 Joan.
3677 5573 3727 5629 ι,

2641 5627 2817 5694 “lSa.
2880 5650 2976 5700 vn,
3027 5634 3112 5691 14.
3228 5630 3634 5697 “Num.xxtv,
3673 5627 3730 5684 7.
