4074 6300
336 416 472 476 Πῖῡὲ)

1485 417 2130 481 COMMENTARIORUM
2171 417 2429 475 SERIES.

3436 420 3572 477 “illi

335 535 571 603 telligcrc
622 535 953 602 sessionem,
1002 535 1242 591 invenies
1270 539 1312 573 ¹δ
1350 536 1402 591 in
1449 537 1636 592 eodem
1691 536 1900 606 psalmo
1929 539 1974 595 Α
2003 535 2201 588 deatris
2233 536 2382 601 meis,
2409 533 2570 587 donec
2603 548 2789 601 ponam
2834 533 3074 588 inimicos
3120 543 3235 589 tuos
3285 534 3570 591 scabellum

334 626 590 693 quoniam
619 635 671 680 et
697 625 865 681 Filius
888 628 954 682 ad
982 629 1259 683 dexteram
1293 628 1442 683 sedet
1464 626 1664 692 Patris,
1701 642 1899 682 secun-

333 715 463 767 dum
496 716 641 783 quod
663 717 740 769 ait
761 717 804 748 ¹⁶
832 736 843 771 :
870 717 1020 771 Dia-it
1051 718 1309 772 Dominus
1335 717 1556 771 Domino
1578 732 1689 770 meo
1714 732 1732 771 :
1767 714 1900 770 Sede

335 822 367 858 α
400 806 603 860 dextris
654 809 813 873 meis;
870 818 924 863 et
953 808 1114 864 Pater
1170 809 1320 865 sedet
1365 809 1719 865 addexteram
1751 807 1896 874 Filii,

334 896 632 952 secundum
660 900 804 967 quod
851 900 903 952 in
935 900 1288 970 sequentibus
1317 899 1645 967 declaratur,
1676 900 1896 955 dicens:

342 984 589 1040 Dominus
623 1004 654 1040 a
678 988 886 1043 dextris
920 989 1047 1056 tuis,
1093 990 1384 1060 confringet
1429 990 1485 1043 in
1530 989 1616 1043 die
1659 990 1755 1044 ira:
1791 1008 1902 1046 sua:

338 1095 499 1149 reges.
531 1078 640 1135 Nos
672 1090 851 1135 autem
888 1080 1121 1136 dicimus
1154 1096 1262 1135 non
1293 1095 1415 1136 esse
1443 1095 1665 1136 necesse
1703 1096 1900 1150 corpo-

338 1175 502 1227 ralem
527 1175 1022 1230 considerationem
1054 1175 1397 1230 introducere
1432 1175 1486 1227 in
1520 1175 1605 1230 his
1638 1191 1760 1245 quas
1789 1175 1901 1244 spi-

335 1266 566 1319 rttaliter
592 1274 721 1319 sunt
756 1267 1121 1338 intelligenda.
1154 1265 1288 1322 Nam
1318 1267 1596 1321 moraliter
1645 1276 1699 1322 et
1728 1267 1902 1323 Filius

336 1355 403 1409 ad
438 1357 712 1411 dexteram
741 1357 917 1413 Patris
950 1367 1051 1424 est,
1101 1365 1154 1413 et
1183 1358 1340 1413 Pater
1380 1359 1447 1413 ad
1475 1359 1750 1413 dexteram
1780 1359 1899 1414 Filii

338 1462 571 1516 semper.

408 1539 461 1594 8.
507 1541 791 1607 Quomodo
840 1550 895 1597 et
950 1540 1152 1595 inimici
1209 1539 1506 1595 Salvatoris
1549 1549 1826 1612 ponuntur
1869 1556 1901 1595 a

337 1633 498 1685 Patre
532 1631 825 1686 scabellum
858 1630 1055 1700 pedum
1090 1631 1230 1700 ejus,
1263 1645 1562 1701 congruum
1605 1639 1686 1686 est
1721 1631 1902 1685 videre

336 1723 517 1793 digne,
552 1720 854 1776 secundum
896 1720 1279 1791 benignitatem
1314 1720 1406 1775 Dei
1439 1720 1689 1789 ponentis
1720 1720 1902 1774 inimi-

336 1826 433 1866 cos
477 1811 596 1879 ejus
643 1811 935 1865 seabellum
986 1810 1181 1879 pedum
1230 1809 1421 1878 ipsius.
1471 1807 1581 1864 Nec
1625 1809 1769 1863 enim
1817 1816 1903 1863 est

338 1902 761 1956 existimandum
845 1899 1095 1955 similiter
1154 1915 1352 1969 ponere
1413 1897 1580 1953 Deum
1649 1899 1900 1953 inimicos
1933 1881 1973 1934 Β

333 1994 535 2048 Christi
573 1993 866 2047 scabellum
901 1992 1095 2061 pedum
1143 1991 1282 2059 ejus,
1313 1989 1773 2060 quemadmodum
1801 2005 1903 2059 po-

336 2096 540 2137 nuntur
595 2082 798 2136 inimici
850 2082 954 2137 sub
1011 2081 1239 2150 pedibus
1308 2094 1493 2149 regum
1564 2088 1901 2134 terrenorum

333 2169 814 2224 exterminantium
845 2169 1096 2239 proprios
1128 2170 1399 2223 inimicus.
1429 2167 1621 2224 Nonne
1660 2169 1735 2223 illi
1786 2169 1904 2224 sine

334 2258 707 2312 misericordia
740 2257 1061 2313 coneulcant
1088 2257 1428 2311 adversarios
1457 2257 1740 2327 proprios?
1762 2257 1904 2313 Deus

333 2358 512 2403 autem
550 2364 656 2403 non
692 2349 757 2403 ad
790 2349 1144 2418 perditionem
1198 2349 1350 2417 ponit
1395 2346 1649 2402 inimicos
1696 2346 1901 2402 Christi

332 2441 630 2495 scabellum
680 2441 875 2509 pedum
921 2440 1062 2509 ejus,
1104 2438 1197 2493 sed
1253 2438 1318 2491 ad
1349 2437 1578 2493 salutem
1631 2438 1898 2508 ipsorum,

331 2532 473 2587 sicut
502 2530 841 2601 proferemus
880 2531 1283 2601 Scripturarum
1313 2540 1624 2586 sanctarum
1654 2530 1901 2600 exempla

332 2625 385 2678 id
431 2624 606 2693 ipsum
662 2623 1044 2695 significantia.
1095 2624 1369 2693 Scriptum
1402 2634 1486 2677 est
1530 2622 1674 2678 enim
1716 2621 1769 2675 in
1797 2619 1901 2675 La-

333 2717 755 2771 mentationibus
777 2714 1025 2770 Jeremiae
1055 2715 1108 2769 in
1138 2716 1378 2771 secundo
1400 2715 1599 2786 Aleph:
1627 2713 1900 2780 Quomodo

333 2808 772 2860 contenebricavit
820 2807 1072 2861 Dominus
1134 2808 1187 2861 in
1240 2808 1323 2862 ira
1379 2824 1477 2862 sua
1524 2806 1694 2877 filiam
1745 2806 1897 2873 Sion,

329 2894 520 2963 deiecit
550 2898 613 2949 de
637 2896 762 2949 caelo
788 2897 842 2949 in
874 2904 1065 2949 terram
1098 2896 1325 2966 gloriam
1356 2895 1552 2963 Israel,
1589 2904 1638 2951 et
1668 2913 1770 2952 non
1793 2897 1897 2969 fuit

332 3000 531 3038 memor
554 2986 769 3041 scabetli
797 2988 986 3057 pedum
1009 3004 1226 3041 suorum
1251 2989 1335 3042 H’?
1370 2988 1435 3042 Et
1462 2990 1581 3044 vide
1614 2990 1895 3059 quoniam,

329 3075 762 3145 quandoquidem
794 3087 910 3131 erat
934 3076 1096 3132 lsrael
1127 3079 1420 3132 scabellum
1451 3081 1645 3148 pedum
1694 3079 1809 3144 Dei,
1842 3081 1897 3133 in

327 3167 468 3222 ctelo
502 3177 617 3221 erat
652 3167 955 3237 gloriosus;
996 3176 1283 3238 postquam
1318 3178 1498 3223 autem
1543 3179 1625 3224 est
1655 3170 1896 3239 dejeetus
1923 3206 1965 3263 Ο

328 3265 532 3311 utnon
577 3258 647 3312 sit
691 3259 983 3313 scabellum
1024 3261 1219 3329 pedum
1269 3260 1424 3328 ejus,
1469 3260 1632 3315 desiit
1673 3276 1792 3315 esse
1837 3260 1889 3314 in

325 3349 488 3403 coelo.
520 3349 749 3403 Attende
792 3351 935 3405 enim
967 3351 1255 3421 diligenter
1281 3350 1425 3421 quod
1455 3351 1529 3404 ait
1559 3367 1572 3403 :
1602 3350 1799 3421 Dejecit
1828 3350 1893 3404 de

325 3438 453 3495 caelo
491 3438 545 3491 in
592 3446 785 3492 terram
821 3439 1046 3508 gloriam
1084 3438 1276 3502 Israel,
1307 3449 1356 3492 et
1398 3455 1503 3492 non
1551 3440 1654 3508 fuit
1698 3456 1894 3494 memor

325 3528 543 3582 scabelli
574 3529 764 3597 pedum
797 3546 1035 3584 suorum.
1088 3529 1218 3584 ltcm
1249 3541 1303 3584 et
1332 3531 1461 3585 illud
1496 3547 1509 3582 :
1535 3530 1732 3586 Caelum
1760 3533 1892 3586 mihi

329 3617 493 3679 sedes,
517 3626 657 3670 terra
682 3627 858 3671 autem
888 3618 1169 3671 scabellum
1191 3620 1380 3688 pedum
1407 3636 1637 3673 meorum
1662 3621 1750 3686 ‘7‘,
1781 3636 1888 3674 non

328 3707 703 3779 ignominiam,
723 3709 815 3763 sed
833 3709 1056 3779 gloriam
1077 3710 1345 3777 signiﬁcat
1360 3719 1536 3775 terrae,
1561 3726 1681 3779 quae
1697 3711 1763 3765 de
1782 3711 1889 3765 Deo

327 3799 598 3854 modicam
629 3799 865 3869 aliquam
895 3808 946 3853 et
980 3799 1329 3853 novissimam
1378 3799 1629 3870 intelligit
1656 3810 1887 3870 partem,

323 3906 447 3961 quae
478 3891 757 3945 moraliter
784 3890 1087 3959 appellatur
1118 3889 1281 3959 pedes
1308 3889 1446 3959 ejus.
1500 3888 1591 3944 Sic
1619 3899 1674 3945 et
1708 3890 1890 3946 Eccle-

323 3983 404 4038 sia
449 3996 616 4051 super
656 3990 857 4035 terram
903 3981 958 4034 in
1001 3980 1171 4036 initiis
1200 3980 1420 4050 quidem
1455 3980 1682 4036 cultura:
1716 3980 1807 4035 Dei
1839 3989 1893 4035 et

324 4073 530 4127 notitiae
557 4073 670 4136 Dei,
715 4073 1006 4127 scabellum
1064 4072 1259 4141 pedum
1301 4072 1453 4142 ejus;
1504 4073 1647 4129 sicut
1688 4081 1742 4127 et
1771 4088 1889 4141 pte-

324 4163 607 4218 nitentiam
638 4177 803 4233 agens
838 4163 1032 4217 mulier
1063 4163 1151 4217 illa
1185 4163 1454 4234 peccatrix
1482 4165 1548 4218 ad
1581 4164 1742 4233 pedes
1775 4173 1892 4219 erat

320 4252 449 4309 Jesu
506 4252 560 4306 in
607 4253 887 4323 principiis
964 4253 1297 4322 poenitentiae
1366 4268 1526 4318 suae;
1596 4268 1697 4307 nec
1742 4252 1886 4307 enim

323 4352 536 4415 poterat
584 4354 918 4415 unguentum
977 4343 1161 4399 odoris
1205 4352 1424 4399 actuum
1465 4359 1688 4399 suorum
1718 4344 1889 4399 bono-

326 4450 444 4488 rum
487 4433 763 4490 eﬂ'undere
806 4451 970 4506 super
1016 4447 1175 4505 caput
1201 4433 1426 4489 Christi.
1461 4433 1707 4503 Optabilc
1738 4434 1883 4488 enim

2002 625 2190 693 pedum
2247 634 2477 678 tuorum.
2526 622 2591 677 Et
2620 622 2910 693 Apostolus
2944 625 2996 677 in
3048 625 3221 693 prima
3265 627 3334 681 ad
3378 624 3542 684 Corin

2004 714 2145 768 thios
2188 714 2346 768 talem
2408 713 2707 768 introducit
2760 729 2981 768 sensum
3030 713 3356 785 Scriptum,
3397 726 3458 771 ut
3502 719 3567 772 ad

2003 805 2391 875 subjectiouem
2454 805 2819 874 intelligamus
2876 818 3066 860 eorum
3137 806 3231 876 qui
3276 807 3569 877 aliquando

2003 896 2219 951 fuerant
2241 896 2468 962 inimici,
2504 896 2619 951 ﬁeri
2651 909 2746 950 eos
2785 894 3079 949 scabellum
3111 900 3308 965 pedum
3340 895 3568 958 Christi,

2003 989 2108 1043 hoc
2140 988 2303 1042 modo
2342 988 2530 1043 dicens
2553 987 2639 1038 ":
2678 984 2833 1041 Nunc
2881 1001 3057 1042 autem
3099 986 3342 1041 Christus
3392 1004 3570 1041 resur-

2003 1078 2135 1132 rexit
2168 1094 2199 1130 a
2228 1078 2481 1142 mortuis,
2530 1079 2782 1147 primitiae
2821 1078 3195 1131 dormientium
3235 1076 3407 1146 factus
3450 1086 3567 1129 est:

2002 1170 2251 1240 quoniam
2280 1170 2488 1239 quidem
2514 1186 2605 1238 per
2629 1170 2889 1223 hominem
2919 1185 3078 1235 mors,
3105 1176 3154 1222 et
3186 1183 3278 1237 per
3308 1168 3570 1221 hominem

2002 1260 2315 1315 resurrectio
2346 1271 2695 1314 mortuorum.
2738 1258 2887 1314 Sicut
2932 1259 3068 1313 enim
3101 1259 3155 1312 in
3190 1258 3363 1311 Adam
3391 1274 3569 1311 omnes

2001 1353 2323 1414 moriuntur,
2369 1351 2447 1405 sic
2478 1361 2528 1406 et
2569 1353 2624 1406 in
2671 1352 2880 1406 Christo
2928 1366 3102 1403 omnes
3145 1349 3565 1419 viviﬁcabuntur.

2004 1444 2368 1514 Unusquisque
2415 1452 2589 1498 autent
2632 1445 2686 1497 in
2712 1460 2807 1497 suo
2839 1443 3019 1497 ordine
3044 1458 3063 1496 :
3113 1443 3268 1496 initio
3301 1442 3566 1503 Christus,

2000 1537 2187 1592 deinde
2217 1537 2270 1589 hi
2311 1538 2400 1605 qui
2430 1544 2551 1589 sunt
2581 1535 2800 1599 Christi,
2829 1535 2920 1604 qui
2959 1535 3016 1587 in
3049 1533 3274 1587 adventu
3311 1534 3425 1602 ejus
3453 1550 3568 1588 cre—

2001 1627 2293 1690 diderunt;
2336 1626 2524 1679 deinde
2560 1625 2707 1694 finis,
2736 1640 2854 1677 cum
2899 1623 3178 1677 tradiderit
3210 1640 3424 1694 regnum
3459 1624 3568 1678 Dea

2000 1732 2047 1776 et
2092 1719 2277 1785 Patri,
2319 1734 2436 1772 cum
2480 1716 2806 1771 evacuaverit
2854 1732 3057 1769 omnem
3100 1717 3489 1786 principatum,
3515 1728 3566 1774 et

2002 1822 2308 1883 potestatem
2336 1820 2387 1866 et
2415 1811 2680 1866 virtutem.
2715 1808 2934 1878 Oportet
2967 1810 3104 1862 enim
3145 1809 3297 1862 illum
3328 1825 3569 1877 regnare,

2002 1905 2163 1958 donec
2202 1913 2361 1974 ponat
2388 1903 2626 1957 inimicos
2655 1900 2771 1971 ejus
2812 1901 2906 1955 sub
2951 1900 3166 1970 pedibus
3190 1900 3348 1970 ejus:
3389 1916 3571 1953 noris-

2003 1994 2139 2046 sima
2177 2002 2354 2047 autem
2384 1992 2605 2046 inimica
2645 1993 2945 2044 destruetur
2987 2006 3148 2043 mors.
3198 1988 3391 2044 Omnia
3430 1989 3568 2042 enim

2004 2080 2223 2151 subjecit
2270 2080 2365 2135 sub
2396 2077 2614 2147 pedibus
2660 2081 2796 2150 ejus.
2841 2078 2974 2134 Cum
3022 2088 3198 2133 autem
3244 2081 3408 2145 dicat,
3443 2082 3568 2151 quia

2005 2172 2180 2226 omnia
2213 2172 2445 2238 subiecta
2497 2178 2621 2224 sunt
2653 2170 2724 2232 ei,
2772 2170 3048 2239 manifeste
3089 2180 3281 2237 prteter
3327 2186 3445 2224 eum
3476 2173 3566 2241 qui

2003 2263 2222 2333 subjecit
2261 2272 2309 2310 αντ
2336 2277 2533 2318 amma.
2563 2260 2694 2316 Cum
2741 2269 2917 2316 autem
2963 2261 3197 2324 subiecta
3245 2261 3328 2316 illi
3369 2263 3567 2332 fuerint

2003 2348 2204 2412 omnia,
2232 2356 2355 2400 tunc
2379 2357 2428 2402 et
2469 2348 2582 2417 ipse
2614 2347 2660 2400 F
2662 2348 2788 2402 ilius
2819 2348 3082 2418 subjectus
3111 2350 3210 2403 erit
3239 2350 3288 2404 ei
3318 2350 3409 2421 qui
3445 2350 3568 2404 sub-

2002 2438 2139 2492 didit
2166 2440 2363 2505 omnia,
2385 2450 2439 2492 ut
2477 2439 2545 2493 sit
2581 2438 2717 2493 Deus
2749 2440 2929 2493 omnia
2966 2441 3019 2493 in
3067 2440 3329 2496 omnibus.
3362 2440 3565 2495 [lorum

2002 2530 2219 2599 quidem
2255 2531 2496 2585 omnium
2537 2528 3031 2585 manifestationem
3077 2530 3307 2588 fecimus
3341 2534 3393 2587 in
3442 2550 3567 2603 pro-

2003 2620 2123 2689 prio
2151 2619 2292 2674 loco.
2332 2617 2468 2675 Vide
2506 2627 2686 2673 tamen
2735 2619 3013 2689 quomodo
3052 2624 3107 2674 in
3148 2624 3403 2679 omnibus
3449 2625 3568 2679 istis

2003 2724 2201 2765 nomen
2235 2711 2588 2781 subjectionis
2639 2710 2706 2766 ad
2758 2712 2983 2767 salutem
3030 2714 3252 2783 ponitur
3294 2716 3568 2786 subjecto-

2002 2818 2144 2857 rum.

2071 2892 2124 2947 9.
2156 2891 2220 2947 In
2239 2889 2338 2947 illo
2362 2900 2607 2962 tempore,
2630 2891 2836 2946 locutus
2858 2901 2935 2947 est
2954 2892 3108 2948 Iesus
3139 2895 3207 2948 ad
3235 2895 3415 2949 turbas
3427 2905 3479 2949 et
3498 2896 3568 2949 ad

2000 2983 2288 3053 discipulos
2311 3000 2457 3050 suos,
2485 2984 2661 3039 dicens
2685 3003 2703 3040 :
2731 2985 2898 3055 Super
2935 2987 3239 3040 cathedram
3269 2986 3443 3058 Moysi
3485 3006 3566 3043 sc-

1999 3075 2187 3128 derunt
2232 3072 2430 3128 Scriba:
2473 3082 2522 3127 et
2556 3074 2861 3140 Pharisaei;
2900 3078 3074 3129 omnia
3113 3094 3432 3147 quwcunque
3481 3081 3564 3131 di-

1998 3167 2175 3218 xerint
2205 3165 2347 3218 vobis
2375 3165 2556 3233 facite,
2593 3170 2878 3221 secundum
2905 3176 3079 3222 autem
3107 3186 3264 3237 opera
3296 3186 3477 3223 eorum
3505 3188 3567 3225 ne

2000 3256 2213 3325 faciatis
2236 3258 2302 3310 ²⁰.
2358 3256 2690 3327 Frequenter
2748 3258 3003 3329 quidem,
3075 3262 3312 3315 maxime
3380 3269 3564 3316 autem

1998 3347 2140 3417 apud
2171 3347 2513 3415 Mattlueum,
2549 3349 2808 3404 scribitur
2840 3350 3098 3419 quoniam
3133 3351 3388 3407 meliores
3438 3363 3567 3406 sunt

1997 3439 2248 3508 discipuli
2288 3440 2484 3495 Christi
2518 3441 2731 3496 caeteris
2769 3442 2962 3498 turbis.
2988 3441 3053 3496 Et
3093 3443 3305 3498 invenis
3345 3445 3562 3513 quidem

1999 3531 2053 3583 in
2097 3527 2353 3584 Ecclesiis
2399 3532 2664 3598 quosdam
2697 3532 2915 3600 quidem
2954 3548 3077 3588 cum
3129 3535 3417 3591 d‘lectioue
3462 3553 3564 3591 au-

1998 3621 2208 3676 dientes
2240 3621 2451 3675 divinas
2493 3621 2807 3688 doctrinas,
2848 3631 2905 3677 et
2945 3623 3364 3681 eﬂ'ectuosius“
3409 3644 3565 3684 acce-

1996 3710 2186 3765 dentes
2213 3711 2279 3765 ad
2313 3712 2559 3766 verbum.
2596 3712 2751 3767 iuste
2789 3729 2920 3784 ergo
2967 3714 3279 3785 lmjusmodi
3312 3718 3563 3775 homines

1995 3802 2251 3856 dicuntur
2305 3818 2428 3859 esse
2481 3804 2731 3873 discipuli
2785 3803 3033 3871 Christi;
3089 3816 3312 3863 caeteros
3379 3820 3559 3865 autem

1996 3893 2198 3947 multos
2226 3894 2319 3963 qui
2348 3909 2456 3948 non
2487 3903 2615 3950 sunt
2641 3895 2797 3962 tales,
2838 3896 3097 3966 populum
3139 3913 3259 3954 esse
3294 3899 3460 3958 illius.
3495 3903 3561 3956 Et

1995 3983 2242 4052 quaedam
2292 3984 2563 4040 interdum
2633 3987 2851 4055 quidem
2910 3988 3195 4058 discipulis
3253 3992 3368 4047 suis
3429 3995 3558 4048 solis

1994 4074 2144 4137 dicit,
2178 4090 2284 4128 non
2323 4075 2484 4129 etiam
2513 4077 2719 4143 turbis,
2768 4077 2910 4132 sicut
2957 4079 3319 4137 beatitudines
3355 4084 3473 4139 illas
3504 4086 3556 4139 in

1992 4164 2284 4235 Evangelio
2326 4166 2579 4236 scriptas,
2612 4168 2679 4223 de
2709 4169 2910 4238 quibus
2950 4169 3233 4228 Matthaaus
3254 4174 3300 4204 "
3337 4175 3555 4244 quidem

1991 4256 2123 4311 dicit
2152 4256 2225 4310 ita
2247 4296 2262 4321 ,
2299 4257 2558 4326 quoniam
2600 4258 2777 4312 ridens
2810 4261 2993 4314 turbas
3027 4264 3262 4318 ascendit
3310 4266 3365 4319 in
3410 4282 3559 4320 mou-

1991 4357 2117 4414 tem,
2161 4357 2212 4402 et
2261 4347 2471 4402 sedente
2524 4365 2623 4413 eo,
2670 4360 2998 4405 accesserunt
3042 4353 3112 4407 ad
3141 4371 3257 4408 eum
3310 4357 3558 4427 discipuli

1990 4439 2124 4509 ejus,
2155 4448 2205 4492 et
2229 4439 2465 4508 aperiens
2491 4455 2548 4492 os
2579 4455 2732 4493 suum
2761 4441 2978 4497 docebat
3007 4459 3116 4511 eos,
3151 4444 3369 4500 dicens:
3403 4447 3555 4501 Beati

321 4533 438 4578 erat
478 4527 525 4579 ei
561 4526 645 4581 vel
694 4542 853 4581 secus
896 4527 1060 4595 pedes
1106 4524 1321 4579 Domini
1367 4532 1510 4579 stare
1559 4532 1613 4578 et
1661 4537 1879 4593 ungere.
1915 4530 1962 4589 ι)
1988 4546 2240 4599 pauperes
2268 4530 2557 4599 spiritu,et
2578 4540 2794 4587 caetera.
2819 4532 2992 4591 Lucas
3019 4544 3200 4591 autem
3216 4538 3292 4592 ":
3323 4537 3553 4604 Totiens,

324 4616 391 4669 Et
421 4616 800 4685 unusquisque
842 4625 1088 4671 nostrum
1143 4632 1201 4671 se
1235 4615 1542 4685 intelligens
1587 4630 1707 4669 esse
1741 4615 1886 4684 quod

319 4704 453 4758 dicit
494 4704 897 4774 Apostolus“:
932 4707 1157 4761 Eramus
1209 4717 1257 4760 et
1302 4722 1397 4759 nos
1443 4705 1733 4775 aliquando
1776 4707 1888 4759 sine

321 4794 625 4859 intellectu,
675 4798 966 4864 increduli,
1035 4809 1271 4854 errantes
1316 4808 1365 4851 et
1413 4800 1690 4852 servientes
1748 4799 1889 4853 desi-

316 4885 480 4938 deriis
537 4896 586 4939 et
633 4887 990 4957 voluptatibus
1056 4890 1257 4955 rariis,
1320 4888 1522 4943 videbit
1590 4891 1885 4958 quomodo,

318 4976 756 5046 quandoquidem
834 4981 955 5035 talis
1019 4990 1137 5037 erat
1206 4982 1522 5052 priusquam
1612 4984 1882 5039 lavaretur

312 5067 481 5139 835
512 5069 580 5123 ab
606 5069 736 5135 illis,
758 5071 1013 5127 inimicus
1043 5072 1219 5127 fuerat
1259 5073 1480 5141 Christi,
1511 5077 1765 5133 inimicus
1786 5077 1881 5148 ju-

315 5160 499 5226 stitiae,
533 5160 799 5224 veritatis,
831 5162 1124 5232 sapientiai,
1162 5165 1332 5233 pacis.
1375 5165 1665 5237 Postquam
1700 5180 1879 5224 autem

317 5248 622 5323 benignitas
654 5254 905 5324 apparuit
952 5253 1249 5310 Salvatoris
1284 5257 1455 5312 nostri
1492 5257 1609 5323 Dei,
1645 5260 1879 5329 primum

318 5337 490 5396 factus
522 5350 605 5397 est
646 5344 940 5399 scabellum
974 5346 1171 5415 pedum
1218 5347 1441 5402 Christi.
1470 5348 1535 5403 Et
1567 5366 1669 5422 ego
1711 5351 1885 5407 eonﬁ-

316 5437 432 5485 tens
462 5434 716 5500 quoniam
751 5435 850 5489 iste
877 5444 958 5513 est
980 5452 1172 5492 sensus
1200 5437 1517 5508 Scriptum,
1555 5456 1662 5494 non
1688 5442 1879 5497 dubito

317 5523 578 5580 aliirmarc
617 5529 873 5597 quoniam
922 5530 1002 5585 sie
1052 5531 1183 5585 dicit
1217 5531 1355 5587 Filio
1403 5533 1603 5589 Pater:
1661 5534 1793 5590 Sede
1840 5554 1874 5590 a

454 5730 534 5807 al._
552 5733 876 5807 inveniens._
907 5737 949 5767 ¹⁶
970 5738 1114 5795 Psal.
1143 5755 1250 5805 cu,
1272 5740 1324 5807 1,
1342 5740 1394 5794 5.
1477 5743 1517 5773 ⁸⁷
1538 5741 1739 5797 Thren.
1758 5758 1817 5807 ll,
1840 5744 1889 5797 l.

1988 4621 2182 4690 inquit,
2211 4619 2391 4674 oculos
2435 4635 2589 4689 super
2616 4622 2902 4692 discipulos
2934 4641 3078 4691 suos,
3118 4626 3323 4680 dicebat
3350 4644 3368 4682 :
3402 4628 3554 4683 Beati

1986 4727 2267 4781 pauperes,
2316 4712 2441 4781 quia
2483 4720 2708 4766 vestrum
2755 4723 2831 4767 est
2879 4731 3092 4784 regnum
3134 4716 3401 4772 caelorum.
3435 4720 3553 4772 Alia

1987 4814 2167 4859 autem
2204 4805 2496 4859 annuntiat
2532 4805 2726 4869 turbis,
2763 4807 2906 4863 sicut
2933 4794 3192 4877 parabola
3236 4811 3556 4866 seminantis

1987 4896 2246 4949 declarat.
2290 4894 2574 4949 Matthmus
2614 4904 2795 4950 autem
2821 4897 2868 4929 ²⁶
2911 4898 2982 4953 ita
3015 4900 3245 4954 scribit:
3296 4900 3554 4972 Loquente

1990 4999 2166 5043 autem
2188 5004 2246 5042 eo
2271 4986 2339 5041 ad
2363 4987 2566 5051 turbas,
2584 5004 2696 5042 ecce
2721 4999 2888 5043 mater
2907 5002 2954 5043 et
2984 4991 3177 5059 fratres
3201 4992 3314 5063 ejus
3341 4995 3553 5049 stabant

1990 5080 2151 5149 foris,
2188 5088 2473 5149 qurerentes
2520 5078 2662 5149 loqui
2693 5096 2810 5133 cum
2847 5097 2927 5135 eo.
2968 5081 3166 5139 Turhis
3204 5098 3334 5156 ergo
3365 5086 3553 5156 loque-

1991 5171 2149 5225 batur
2174 5186 2295 5240 quae
2324 5170 2524 5239 scripta
2568 5179 2696 5225 sunt
2737 5179 2863 5224 ante
2905 5171 3038 5227 haec.
3075 5173 3211 5228 Cum
3252 5187 3430 5233 autem
3471 5177 3552 5230 (1ι-

1989 5262 2159 5317 xisset
2189 5261 2424 5330 aliquis:
2468 5261 2600 5316 Ecce
2652 5272 2819 5315 mater
2864 5270 2955 5316 tua
2983 5273 3031 5317 et
3055 5264 3250 5334 fratres
3303 5266 3378 5319 tui
3408 5275 3550 5321 stant

1990 5352 2213 5406 volentes
2269 5360 2320 5405 te
2368 5353 2540 5407 videre
2582 5354 2664 5419 ’³,
2714 5353 3049 5422 respondens
3113 5355 3387 5408 nuntianti
3445 5358 3549 5411 sibi

1985 5443 2158 5497 dixit:
2194 5444 2326 5508 Qua:
2374 5454 2449 5499 est
2490 5454 2656 5498 mater
2697 5461 2845 5509 mea,
2882 5453 2931 5497 et
2971 5445 3164 5515 fratres
3204 5446 3304 5498 mei
3325 5445 3407 5498 “1?
3433 5444 3548 5499 Non

1981 5537 2094 5606 jam
2144 5537 2443 5591 extendens
2488 5553 2708 5592 manum
2754 5554 2908 5594 suam
2965 5553 3129 5609 super
3181 5538 3402 5603 turbas,
3451 5541 3546 5594 sed

1971 5743 2404 5817 "‘lsa.t.xvt_,_l.
2439 5813 2451 5817 _
2487 5743 2823 5817 "Tit._n_t,5.
2894 5745 3212 5817 iilCoerv,
3237 5744 3307 5817 20
3327 5755 3542 5817 ctseqq.

313 5801 360 5833 ¹⁰
388 5798 574 5856 Matth.
602 5804 900 5867 “111,115.
974 5808 1017 5838 ⁸³
1051 5810 1122 5863 al.
1153 5798 1330 5878 affect.
1407 5813 1453 5843 ”
1484 5828 1533 5880 ν,
1559 5813 1671 5867 1-5.
1749 5798 1896 5868 ²³ἸΛ1

1996 5829 2047 5885 't,
2075 5814 2165 5869 20.
2241 5798 2496 5871 "Matth.
2525 5830 2622 5885 xu,
2652 5798 2755 5869 46.,
2780 5798 2787 5799 ί
2811 5798 2865 5848 ⁷²⁸
2897 5798 3150 5870 and.“
3200 5798 3545 5875 "(il-ridi“,

634 5899 906 5961 PATROL.
941 5902 1036 5964 Gn
1116 5906 1291 5970 Xlll.

3073 5909 3147 5969 51
