4074 6300
510 343 640 397 Nili

1700 330 2027 386 ORICENIS
2064 331 2130 387 IN
2169 330 2588 389 MATTHEUM

3643 344 3795 400 1ιῖίὲ

512 477 678 532 super
728 457 1025 528 discipulos
1076 468 1208 508 suos
1251 450 1427 507 dixit:
1490 448 1623 504 Ecce
1670 462 1839 504 mater
1872 468 1989 504 mea
2041 464 2088 506 et
2124 464 2164 519 Α
2195 453 2300 504 hoc
2346 451 2491 514 dico,
2527 450 2665 520 quia”
2696 450 2799 504 soli
2854 449 3060 506 Scribat
3104 460 3156 505 et
3204 450 3467 509 Pharisaei
3515 456 3793 513 sederunt

515 554 710 622 fratres
739 550 858 603 mei.
889 546 993 612 Qui
1033 547 1172 600 enim
1204 545 1385 616 fecerit
1421 543 1749 598 voluntatem
1780 540 1963 596 Patris
1990 544 2090 597 mei

508 645 601 713 qui
628 644 685 697 iu
714 641 855 695 caelis
881 648 981 705 est,
1008 640 1122 709 ipse
1151 648 1229 693 est
1263 638 1392 692 mihi
1422 646 1471 691 et
1509 645 1709 700 mater,
1747 644 1796 688 et
1835 635 2003 704 frater
2020 635 2087 689 ’⁷.

512 735 579 789 Ει
634 733 1005 804 praecedentes
1058 729 1346 799 parabolas
1401 742 1681 798 exponens
1737 725 2090 780 Matthaeus‘8

511 824 743 879 scribit:
795 819 1054 890 Egressus
1103 818 1260 872 Iesus
1313 818 1377 870 de
1439 817 1630 881 doma,
1684 812 1894 867 sedebat
1942 828 2090 865 secus

510 930 676 968 mare.
714 912 785 966 Et
816 921 1144 982 congregata:
1175 922 1298 964 sunt
1342 908 1411 962 ad
1446 924 1564 962 eum
1602 911 1771 960 turba:
1794 904 1997 970 multm,
2031 915 2088 956 ut

511 1006 804 1076 ingrediens
840 1006 894 1060 in
925 1020 1107 1057 navem
1137 1003 1368 1067 sederet,
1396 1011 1444 1055 et
1477 1010 1620 1053 totus
1661 997 1885 1067 populus
1913 996 2090 1050 stabat

513 1100 568 1150 in
599 1098 812 1163 littore,
857 1106 905 1150 et
938 1095 1146 1149 locutus
1177 1102 1253 1148 est
1290 1094 1365 1147 eis
1411 1090 1581 1144 multa
1620 1091 1675 1144 in
1707 1087 1975 1158 parabolis
2001 1086 2090 1140 di-

513 1203 632 1242 cens
652 1202 671 1239 :
701 1186 835 1239 Ecce
863 1186 1021 1240 exiuit
1050 1185 1140 1255 qui
1171 1183 1393 1238 seminat
1425 1181 1683 1234 seminare
1715 1194 1887 1233 semen
1913 1192 2086 1231 suum.

514 1280 582 1335 Et
628 1294 697 1334 ne
738 1290 897 1349 putes
948 1287 1146 1333 eventu
1187 1277 1267 1331 sic
1297 1276 1532 1343 positam
1576 1274 1850 1345 parabolae
1895 1287 2089 1327 narra—

515 1373 717 1427 tionem
767 1369 1091 1425 seminantis
1113 1408 1126 1429 ,
1160 1368 1288 1437 quia
1335 1365 1512 1420 turbis
1547 1380 1668 1419 eam
1700 1362 1860 1419 Jesus
1901 1363 2091 1432 loque-

511 1464 694 1528 batur,
721 1459 1007 1516 cousidera
1053 1457 1218 1510 Marci
1244 1467 1300 1511 et
1345 1454 1508 1509 Lucae
1537 1454 1963 1524 expositionem,
1997 1451 2091 1522 qui

514 1551 766 1605 similiter
821 1549 1292 1616 conscripserunt.
1351 1545 1567 1601 Marcus
1611 1548 1657 1578 ²⁹
1700 1545 1922 1612 quidem
1973 1545 2089 1598 ita:

516 1641 685 1709 prit
710 1641 903 1693 iterum
933 1637 1118 1690 docere
1153 1636 1220 1689 ad
1264 1652 1444 1701 mare;
1474 1643 1525 1688 et
1549 1643 1893 1705 congregatus
1919 1642 1994 1687 est
2022 1636 2091 1687 ad

514 1749 633 1787 eum
656 1730 883 1802 populus
913 1729 1132 1794 multus,
1158 1739 1213 1781 ut
1248 1729 1473 1781 intraret
1496 1728 1551 1780 in
1576 1742 1783 1789 navem,
1815 1738 1867 1779 et
1892 1725 2092 1779 sederet

514 1827 569 1878 in
598 1825 759 1889 mari,
789 1833 838 1877 et
866 1832 1009 1876 totus
1043 1821 1268 1891 populus
1303 1836 1450 1873 secus
1489 1834 1635 1887 utare
1657 1819 1712 1872 in
1747 1818 1900 1871 terris
1938 1824 2092 1883 erat;

513 1925 563 1968 et
589 1913 806 1968 docebat
852 1929 939 1967 eos
984 1913 1040 1964 in
1087 1909 1354 1980 parabolis
1401 1908 1590 1973 multa,
1620 1916 1670 1962 et
1723 1906 1927 1961 dicebat
1973 1907 2093 1960 eis:

518 2010 669 2064 Exiit
709 2008 799 2080 qui
850 2007 1075 2061 seminat
1114 2006 1394 2059 seminare.
1457 2000 1635 2057 Lucas
1688 2011 1867 2057 autem
1892 2001 1936 2033 ³⁰
1992 2000 2096 2056 hoc

518 2104 683 2157 modo
708 2120 721 2156 :
760 2101 1108 2157 Convenicnte
1149 2108 1326 2150 autem
1353 2096 1544 2165 popula
1568 2095 1757 2158 multo,
1783 2103 1832 2148 et
1865 2109 1956 2163 per
1985 2093 2098 2146 sin-

519 2194 671 2265 gulas
711 2193 950 2248 ciuitates
1004 2200 1227 2245 exeunte
1277 2190 1345 2243 ad
1390 2205 1543 2254 eum,
1600 2188 1742 2241 dixit
1785 2185 2097 2257 parabolam

518 2284 679 2337 talem
698 2299 717 2338 :
742 2282 891 2336 Exiit
922 2283 1011 2351 qui
1037 2280 1262 2333 seminat
1287 2277 1546 2331 seminare
1568 2293 1744 2331 semen
1778 2292 1952 2329 suum.
1983 2272 2099 2328 Ma-

522 2375 719 2430 nileste
770 2382 953 2429 autem
992 2372 1351 2426 diderentiam
1391 2368 1576 2438 populi
1615 2378 1671 2422 et
1700 2366 2095 2435 discipulorum

520 2469 757 2524 scientes
800 2463 1151 2533 evangelistm
1215 2471 1341 2532 post
1399 2458 1715 2529 parabolam
1774 2455 2100 2509 addiderunt

518 2559 668 2630 quod
717 2559 828 2628 jam
886 2571 994 2610 non
1049 2555 1260 2618 turbis,
1316 2553 1411 2608 sed
1449 2549 1732 2619 discipulis
1793 2545 2100 2615 exponebat

517 2664 742 2707 causam
785 2657 1007 2719 propter
1055 2661 1218 2717 quam
1249 2643 1426 2699 turbis
1478 2642 1533 2695 in
1580 2638 1857 2711 parabolis
1903 2638 2098 2707 loque-

521 2755 692 2797 retur.
740 2740 1026 2796 Mattbazus
1076 2738 1294 2808 quidem
1340 2736 1383 2767 “
1435 2734 1567 2788 dicit
1611 2732 1723 2786 ita:
1781 2729 2097 2783 Accedentes

519 2831 772 2903 discipuli
815 2831 1062 2885 dixerunt
1100 2829 1191 2881 ei:
1244 2825 1423 2892 Quare
1454 2824 1510 2877 in
1554 2820 1827 2893 parabolis
1872 2821 2098 2890 loqueris

517 2928 591 2979 eis
614 2927 639 2979 ?
684 2924 862 2979 Lucas
909 2930 1092 2976 autem
1118 2920 1163 2950 “
1194 2919 1310 2972 ita:
1352 2914 1758 2986 Interrogabant
1800 2922 1979 2965 autem
2014 2909 2101 2962 tli-

519 3018 711 3087 sripuli
734 3016 848 3084 ejus
878 3031 995 3085 qua?
1023 3022 1153 3065 esset
1183 3012 1293 3065 ha’c
1333 3009 1612 3078 parabola.
1643 3006 1861 3061 Marcus
1896 3018 2029 3058 vero
2048 3002 2100 3034 ³³

521 3113 637 3163 sic:
694 3107 764 3160 Et
812 3123 930 3159 cum
960 3106 1091 3174 facti
1145 3104 1367 3171 fuissent
1420 3101 1647 3163 secreti,
1700 3095 2098 3165 interrogabant

520 3215 637 3253 eum
675 3195 925 3265 discipuli
958 3166 1074 3265 qua:
1119 3166 1252 3246 esset
1300 3190 1557 3261 parabolu
1602 3189 1730 3244 hazc.
1776 3187 1841 3241 Et
1887 3185 2010 3240 vide
2048 3184 2096 3239 si
2126 3166 2168 3224 (ἶ

531 3297 684 3361 potes
719 3304 785 3343 ex
816 3285 1106 3354 Evangelia
1134 3282 1361 3337 Joannis
1387 3281 1580 3334 audire
1602 3289 1659 3334 et
1692 3279 1922 3341 discere,
1955 3290 2097 3345 quo-

523 3385 668 3435 niam
697 3380 742 3434 si
770 3378 817 3410 “
843 3375 1220 3432 tantununodo
1259 3373 1510 3436 credunt,
1537 3380 1593 3428 et
1621 3371 1676 3424 in
1711 3369 1876 3424 verbo
1899 3383 2094 3423 ascen-

522 3477 650 3527 dere
686 3486 793 3526 nou
839 3470 1256 3538 concupiscunt,
1288 3465 1491 3520 Christi
1535 3464 1769 3535 populus
1801 3470 1950 3517 sunt.
1992 3461 2097 3528 Qui

525 3574 705 3620 autem
739 3563 1058 3618 somniantes
1099 3568 1225 3614 sunt
1259 3560 1402 3611 dona
1450 3556 1698 3621 meliora,
1732 3564 1790 3610 et
1827 3556 1972 3624 quod
2014 3563 2100 3609 est

525 3659 760 3726 primum
821 3653 1070 3708 omnium
1133 3650 1467 3722 gratiarum,
1535 3647 1818 3717 sapientiae
1873 3647 2097 3702 verbum

522 3748 744 3805 student
791 3744 1186 3814 suscipientes,
1230 3740 1487 3809 discipuli
1537 3749 1665 3794 sunt
1707 3739 1899 3808 ipsius.
1960 3738 2102 3795 Dicit

525 3848 708 3895 autem
750 3835 990 3892 Joannes
1027 3837 1097 3888 ita
1118 3876 1133 3899 ,
1163 3833 1423 3902 quoniam
1456 3830 1670 3884 dicebat
1702 3827 1863 3885 Jesus
1892 3832 1958 3883 ad
2003 3845 2100 3886 eos

526 3935 621 4006 qui
663 3932 1013 3988 crediderunt
1053 3929 1101 3983 ei
1152 3925 1407 3980 Judteos:
1464 3922 1566 3978 Sed
1608 3924 1659 3976 si
1694 3924 1998 3976 manseritis
2043 3924 2101 3977 in

526 4025 679 4080 uerbo
710 4039 845 4087 meo,
873 4019 1194 4090 cognoscetis
1227 4017 1520 4078 veritatem,
1548 4023 1601 4067 et
1633 4014 1820 4066 veritas
1858 4011 2100 4067 liberabit

527 4134 616 4171 vos
641 4116 708 4169 ³⁵.
751 4114 890 4184 Ergo
924 4113 1171 4181 (praedam
1213 4107 1431 4176 quidem
1467 4104 1749 4175 discipulis
1790 4104 1909 4159 suis
1948 4103 2098 4170 dicit,

525 4210 772 4278 quaedam
803 4216 982 4260 autem
1015 4202 1211 4260 turbis,
1239 4199 1339 4252 alia
1378 4211 1506 4250 vero
1537 4197 1712 4251 turbis
1744 4196 1908 4251 simul
1938 4205 2101 4264 atque

526 4301 852 4369 discipulis:
905 4297 1047 4351 sicut
1095 4303 1148 4347 et
1194 4299 1325 4344 sunt
1368 4290 1483 4343 haec
1542 4288 1659 4357 ipsa
1706 4288 1994 4357 pe-msentia
2035 4288 2101 4343 de

528 4395 730 4464 quibus
782 4390 1061 4461 loquimur
1110 4386 1290 4439 modo.
1327 4383 1467 4449 Quid
1500 4394 1629 4450 ergo
1665 4380 1796 4435 dicit
1843 4381 2017 4435 turbis
2049 4390 2102 4435 et

528 4487 812 4557 discipulis
841 4483 1145 4539 videamus.
1186 4475 1356 4545 Super
1398 4473 1702 4527 cathedram
1744 4471 1916 4541 Moysi
1958 4472 2102 4525 sedc-

532 4589 654 4633 rnnt
686 4576 886 4633 Scriba:
900 4584 949 4629 et
983 4570 1244 4629 Pharisaei
1262 4569 1323 4617 ³⁸.
1355 4564 2101 4632 Quodarbitrorhujusmodi

531 4688 690 4727 esse:
726 4668 831 4736 Qui
869 4667 1038 4737 legem
1074 4659 1243 4731 Moysi
1290 4656 1612 4727 proﬁtentur
1641 4669 1700 4709 se
1728 4654 2099 4723 interpretari.

533 4765 666 4818 etin
704 4764 808 4817 hoc
839 4757 1142 4831 gloriantur
1165 4793 1180 4817 ,
1208 4759 1308 4804 aut
1342 4748 1443 4819 qui
1492 4746 1952 4817 superascendere
1990 4746 2106 4799 huic

536 4872 594 4909 sc
625 4854 964 4924 prolitentur,
993 4849 1048 4902 hi
1097 4847 1286 4903 sedent
1337 4856 1501 4912 super
1546 4839 1859 4893 cathedram
1906 4835 2101 4908 Moysi.

535 4946 639 5011 Qui
671 4957 801 5014 ergo
826 4958 937 4995 non
988 4937 1249 4994 recedunt
1275 4951 1305 4989 a
1334 4935 1513 4988 littera
1556 4930 1736 5000 Legis,
1766 4929 1977 4984 Scriba:
2017 4928 2102 4983 di-

535 5042 753 5090 cuntur.
786 5031 890 5098 Qui
932 5038 1113 5084 autem
1148 5027 1325 5096 majus
1354 5022 1560 5093 aliquid
1610 5021 1925 5091 proﬁtentes
1964 5017 2106 5073 divi-

535 5130 671 5184 dunt
700 5126 869 5197 836
894 5124 1105 5194 seipsos
1130 5119 1288 5191 quasi
1324 5117 1576 5172 meliores
1610 5130 1637 5169 ει
1670 5112 1876 5180 multis,
1910 5125 2108 5166 secun-

536 5222 666 5276 dum
716 5220 825 5272 hoc
868 5212 1131 5269 Pharisaei
1183 5211 1480 5273 dicuntur,
1532 5206 1625 5276 qui
1681 5207 2112 5273 interpretantur

537 5312 693 5367 divisi
733 5320 787 5366 et
825 5305 1104 5378 segregati.
1135 5302 1341 5356 Phares
1375 5300 1518 5354 enim
1564 5297 1754 5351 divisio
1782 5293 2107 5364 appellatur.

543 5408 635 5460 list
661 5418 791 5473 ergo
823 5401 1006 5456 videre
1040 5409 1214 5465 usque
1246 5407 1389 5446 nunc
1421 5389 1563 5460 apud
1596 5387 1834 5452 Judzeos,
1862 5385 2112 5439 sedentes

540 5511 704 5567 super
732 5493 1047 5550 cathedram
1076 5487 1268 5559 Moysi,
1297 5484 1519 5539 Set-ibas
1548 5489 1604 5536 et
1641 5477 1965 5532 Pliarismos.
1990 5473 2111 5529 Non

2194 557 2356 609 super
2381 541 2693 595 cathedram
2724 539 2917 613 Moysi,
2947 542 3040 611 qui
3075 542 3353 606 dicebant,
3381 552 3436 597 et
3461 561 3573 598 non
3610 546 3790 602 Ῐθοξι·

2193 633 2356 696 bant,
2412 643 2468 687 et
2519 633 2815 703 alligahant
2856 648 3025 688 onera
3073 635 3257 705 gravia
3296 642 3352 689 et
3402 637 3790 707 importabilia

2193 738 2358 791 super
2389 723 2647 778 humeros
2702 725 3027 789 hominum,
3086 726 3188 794 ipsi
3236 735 3417 781 autem
3463 744 3568 783 nec
3605 730 3793 801 digito

2194 814 2447 868 volebant
2499 829 2562 868 ea
2598 830 2837 870 movere.
2889 815 3141 870 Arbitror
3184 819 3330 873 enim
3379 822 3643 890 quoniam
3683 826 3787 894 qui

2194 904 2414 977 Moysen
2470 907 2772 961 secundum
2815 908 3119 978 spiritalem
3158 910 3416 967 virtutem
3472 913 3791 984 intelligunt

2192 1005 2247 1050 et
2299 1005 2613 1065 exponunt,
2671 998 2862 1054 sedent
2924 1000 3150 1067 quidem
3231 1016 3398 1071 super
3453 1004 3783 1060 cathedram

2193 1084 2386 1157 Moysi,
2421 1087 2513 1140 sed
2547 1101 2656 1140 non
2711 1096 2838 1142 sum
2889 1087 3096 1145 Scriba
3121 1100 3174 1145 et
3228 1090 3514 1157 Pharisaei,
3551 1096 3649 1150 sed
3694 1098 3790 1152 his

2191 1177 2466 1232 meliores.
2506 1175 2666 1232 Tales
2697 1189 2828 1232 sunt
2862 1180 3051 1236 dilecti
3092 1183 3296 1238 Christi
3347 1184 3633 1250 discipuli,
3683 1192 3785 1257 qui

2191 1277 2248 1322 et
2280 1269 2504 1322 verbum
2543 1268 2663 1338 ejus
2692 1259 3048 1340 per'gratiam
3098 1272 3192 1327 Dei
3238 1275 3695 1346 interpretantur,
3726 1290 3786 1333 et

2194 1360 2477 1414 inveniunt
2531 1375 2595 1413 ea
2630 1376 2753 1429 quae
2795 1370 2925 1415 sunt
2966 1363 3112 1418 aliud
3151 1379 3215 1418 ex
3245 1366 3354 1420 alio
3392 1368 3777 1438 signiﬁcantia.

2194 1449 2337 1518 Ergo
2371 1461 2499 1503 ante
2543 1450 2744 1505 Christi
2790 1453 3009 1520 quidem
3048 1454 3342 1510 adventum
3388 1473 3557 1527 super
3594 1462 3813 1515 cathe—'

2195 1541 2348 1595 dram
2387 1539 2555 1612 Moysi
2581 1541 2845 1596 sedebant
2878 1544 3034 1610 bene,
3067 1546 3161 1614 qui
3208 1546 3347 1601 bene
3389 1557 3440 1601 et
3472 1551 3779 1605 secundum

2195 1631 2467 1686 rationem
2498 1632 2644 1685 dicta
2672 1631 2839 1704 Moysi
2871 1634 3391 1705 interpretabantur.
3419 1637 3553 1693 Post
3577 1640 3783 1695 adven-

2192 1733 2310 1778 tum
2360 1732 2543 1778 autem
2576 1723 2780 1778 Christi
2818 1727 3007 1779 sedent
3037 1742 3204 1796 super
3246 1729 3562 1784 cathedram
3594 1731 3781 1787 Eccleo

2129 1800 2313 1883 “sise,
2351 1831 2473 1885 quae
2516 1825 2604 1870 est
2650 1816 2904 1871 cathedra
2955 1817 3162 1873 Christi
3212 1827 3268 1874 et
3317 1820 3573 1877 thronus.
3627 1821 3782 1880 Sicut

2194 1917 2377 1961 autem
2425 1922 2588 1976 super
2616 1907 2930 1961 cathedram
2966 1907 3137 1980 Moysi
3189 1910 3329 1966 male
3359 1912 3582 1983 quidem
3625 1915 3780 1972 sede~

2198 1997 2329 2052 bant
2354 1995 2560 2051 Scriba}
2595 2006 2652 2052 et
2689 1996 2974 2065 Pharisaai,
3006 1998 3144 2054 bene
3177 2008 3361 2055 autem
3394 2002 3489 2071 qui
3520 2012 3666 2058 recte
3695 2003 3781 2057 in-

2199 2089 2513 2156 telligehant
2562 2088 2770 2159 legem,
2819 2099 2981 2159 atque
3031 2091 3355 2157 tradebant,
3409 2093 3490 2149 sic
3518 2103 3573 2149 et
3612 2111 3781 2165 super

2195 2181 2512 2235 cathedram
2546 2181 2975 2237 ecclesiasticam
3015 2184 3209 2238 sedent
3251 2184 3477 2254 quidam
3534 2186 3779 2243 dicentes

2197 2286 2319 2340 qua:
2354 2272 2535 2326 facere
2583 2280 2833 2341 oporteat
2886 2287 3373 2342 unumquemque,
3426 2290 3537 2329 non
3594 2286 3774 2331 autem

2190 2362 2490 2428 facientes,
2538 2373 2593 2418 et
2651 2364 2937 2434 alligantes
2984 2380 3151 2421 onera
3199 2367 3429 2437 gravia,
3491 2369 3778 2438 imponunt

2197 2468 2365 2524 super
2396 2454 2656 2510 humeros
2691 2456 2997 2522 hominum,
3032 2457 3136 2526 ipsi
3184 2473 3285 2513 nec
3328 2458 3501 2527 digito
3533 2460 3777 2515 volentes

2198 2559 2263 2600 ea
2291 2560 2547 2613 movere;
2580 2545 2647 2601 de
2671 2547 2872 2617 quibus
2898 2548 3113 2603 dicebat
3144 2547 3395 2605 Salvator
3418 2551 3463 2582 ³⁷
3490 2568 3505 2606 :
3537 2549 3774 2617 Quicun-

2197 2652 2298 2694 aue
2324 2636 2536 2694 solverit
2579 2654 2743 2693 unum
2775 2642 2838 2694 de
2869 2641 3137 2694 mandatis
3167 2642 3286 2696 istis
3316 2643 3572 2705 minimis.
3602 2653 3650 2697 et
3680 2643 3779 2696 do-

2199 2733 2365 2784 cuerit
2419 2729 2654 2785 homines
2710 2732 2821 2795 sic,
2875 2732 3123 2786 minimus
3178 2733 3456 2788 vocabitur
3511 2735 3568 2788 in
3616 2751 3774 2805 regno

2199 2824 2469 2875 castorum.
2497 2821 2603 2875 Alii
2645 2831 2823 2877 autem
2858 2822 3164 2878 sedentium
3224 2824 3431 2880 faciunt
3484 2835 3775 2894 antequam

2200 2914 2406 2980 dicant,
2440 2923 2495 2968 et
2536 2913 2726 2968 dicunt
2758 2913 3033 2983 sapienter
3059 2915 3406 2972 moderantes
3438 2917 3768 2971 dill'erentiat:

2203 3006 2579 3070 humerorum,
2612 3015 2667 3060 et
2699 3020 2866 3061 onera
2901 3005 2984 3061 eis
3019 3021 3182 3076 parce
3219 3009 3527 3077 imponunt,
3573 3007 3673 3076 ipsi
3698 3023 3765 3061 ea

2202 3097 2357 3166 prius
2394 3104 2676 3151 moventes
2701 3095 2770 3151 ad
2815 3097 3243 3153 exhortationem
3288 3096 3625 3153 audientium
3658 3114 3763 3152 cae-

2206 3196 2470 3251 terorum,
2510 3184 2576 3239 de
2634 3187 2834 3256 quibus
2891 3188 3151 3245 Dominus
3200 3188 3377 3243 ait":
3428 3187 3537 3253 Qui
3593 3196 3775 3241 autem

2206 3276 2387 3346 fecerit
2414 3283 2464 3329 et
2491 3275 2731 3331 docuerit
2761 3277 2861 3347 sic,
2885 3277 2969 3332 hic
2994 3294 3218 3349 magnus
3240 3278 3510 3333 vocabitur
3539 3280 3593 3334 in
3619 3295 3778 3350 regno

2208 3371 2329 3425 Dei.
3602 3438 3605 3439 ,

2282 3462 2367 3516 l0.
2418 3459 2616 3516 Adhuc
2663 3470 2843 3517 autem
2903 3463 3204 3520 secundum
3259 3465 3561 3537 simplicem
3605 3463 3779 3520 tradi-

2206 3555 2410 3610 tionem
2444 3554 2576 3610 dicti
2605 3556 2772 3625 hujus
2809 3571 2920 3627 quo
2952 3558 3067 3612 sit:
3103 3555 3405 3612 Secundum
3427 3557 3604 3612 omnia
3630 3572 3781 3627 quc-

2206 3662 2407 3717 cunque
2438 3646 2673 3700 dixerint
2703 3647 2847 3701 vobis
2873 3647 3068 3716 facere,
3100 3648 3285 3718 facite,
3311 3654 3596 3703 secundum
3621 3663 3779 3716 opera

2204 3755 2386 3793 eorum
2408 3755 2478 3793 ne
2504 3739 2740 3809 faciatis,
2765 3741 3000 3797 dicimus
3021 3744 3282 3811 quoniam
3317 3759 3416 3814 per
3440 3744 3563 3798 haec
3596 3752 3783 3796 osten-

2198 3829 2335 3884 dere
2366 3830 2537 3885 voluit
2564 3831 2833 3900 quosdam
2871 3832 2927 3886 in
2972 3831 3215 3888 Ecclesia
3261 3850 3418 3898 esse,
3464 3833 3558 3904 qui
3603 3848 3782 3901 quan-

2208 3931 2323 3977 tum
2364 3920 2432 3975 ad
2472 3921 2700 3976 verbum
2734 3923 2952 3992 quidem
2992 3933 3244 3992 potentes
3285 3933 3414 3980 sunt
3449 3924 3644 3979 docere
3669 3924 3779 3977 mi-

2206 4013 2420 4078 rabilia,
2451 4021 2506 4067 et
2535 4023 2815 4083 exponunt
2859 4028 2921 4069 ea
2974 4016 3275 4070 secundum
3327 4017 3630 4080 rationem,
3661 4028 3779 4067 non

2206 4112 2387 4158 autem
2424 4104 2611 4159 volunt
2636 4104 2942 4161 secundum
2980 4107 3127 4175 quod
3166 4106 3358 4160 dicunt
3399 4120 3597 4175 agere:
3637 4120 3780 4174 quo-

2208 4211 2328 4250 rum
2376 4188 2595 4266 quidem
2658 4197 2907 4252 doctrina
2946 4206 3033 4253 est
3087 4198 3389 4262 audienda,
3429 4212 3537 4251 non
3595 4209 3781 4251 saltem

2205 4293 2290 4340 est
2321 4287 2666 4340 conversatio
2706 4286 2989 4340 imitanda.
3022 4285 3388 4356 Beprehendit
3419 4303 3553 4357 ergo
3584 4287 3785 4357 hujus-

2209 4375 2355 4430 modi
2391 4385 2750 4444 praeceptores
2783 4377 2875 4446 qui
2921 4392 3029 4431 non
3076 4377 3252 4432 solum
3282 4393 3404 4448 qua
3428 4379 3632 4434 docent
3669 4394 3782 4432 non

2212 4463 2437 4529 faciunt,
2462 4466 2557 4521 sed
2580 4468 2741 4521 etiam
2773 4467 3063 4523 crudeliter
3095 4477 3148 4523 et
3170 4468 3289 4523 sine
3314 4469 3692 4525 misericordia
3704 4469 3780 4535 ”,

2210 4570 2317 4608 non
2381 4555 2680 4609 secundum
2745 4556 3207 4612 existimationem
3269 4559 3471 4613 virium
3512 4561 3785 4614 uniuscu-

2205 4645 2406 4715 jusque
2438 4647 2741 4710 audientis,
2782 4649 2878 4702 sed
2923 4649 3134 4718 majora
3159 4651 3360 4706 virtute
3409 4652 3652 4721 ipsorum
3694 4651 3785 4704 iu-

2211 4744 2480 4814 juugunt:
2520 4752 2733 4814 utputa,
2778 4745 2869 4814 qui
2910 4746 3200 4814 prohibent
3244 4747 3480 4813 nubere,
3510 4754 3566 4801 et
3603 4746 3673 4801 ab
3710 4760 3785 4801 eo

2206 4836 2356 4906 quod
2403 4836 2652 4905 expedit,
2696 4836 2764 4890 ad
2809 4836 3223 4892 immoderatam
3267 4838 3592 4893 mmiditiam
3620 4852 3786 4893 com-

2207 4926 2433 4994 pellunt.
2468 4924 2573 4991 Qui
2602 4926 2799 4980 docent
2828 4927 2993 4980 etiam
3036 4927 3311 4982 abstinere
3342 4944 3372 4982 a
3400 4928 3562 4994 cibis,
3586 4936 3642 4982 et
3673 4928 3788 4982 alia

2210 5017 2560 5086 hujusmodi,
2611 5017 2683 5071 ad
2731 5033 2854 5086 qum
2909 5032 3016 5071 non
3050 5019 3277 5073 omnino
3324 5028 3538 5089 oportet
3584 5033 3792 5088 cogere

2210 5109 2461 5163 homines
2492 5108 2678 5164 ﬁdeles
2700 5150 2715 5175 ,
2766 5110 2992 5180 alligant
3027 5126 3125 5180 per
3158 5112 3384 5165 verlmm
3418 5111 3790 5181 «pastionis

2210 5220 2325 5260 suae
2355 5216 2519 5257 onera
2552 5204 2771 5273 gravia,
2814 5205 2950 5292 cjtra
2986 5205 3315 5258 voluntatem
3352 5203 3557 5259 Christi
3596 5204 3793 5259 dicen-

2216 5294 2388 5350 tis“:
2424 5292 2624 5364 Iugum
2664 5311 2834 5348 meum
2864 5312 3019 5349 suave
3056 5305 3156 5358 est,
3180 5304 3233 5349 et
3280 5312 3411 5349 onus
3458 5310 3629 5348 meum
3674 5294 3795 5351 leve

2219 5393 2334 5448 est,
2361 5391 2412 5438 et
2457 5384 2745 5453 imponunt
2770 5400 2867 5449 ea,
2916 5393 3178 5455 quantum
3223 5386 3290 5440 ad
3320 5386 3546 5440 verbum
3598 5400 3791 5448 suum,

2218 5490 2382 5544 super
2410 5475 2666 5530 humeros
2701 5475 3004 5543 hominum,
3029 5485 3320 5531 curvantes
3351 5491 3467 5545 eos,
3498 5485 3556 5532 et
3590 5475 3795 5530 cadere

613 5630 656 5659 ’⁷
690 5626 877 5681 Matth.
902 5641 1000 5690 χιι,
1029 5623 1120 5685 49,
1145 5618 1233 5675 50.
1312 5618 1364 5690 ’δέ
1390 5615 1582 5690 sub],
1612 5612 1902 5690 2__et__seqq.
1976 5610 2021 5641 ²⁹
2049 5625 2098 5664 ιν

2200 5608 2693 5690 δεηῖογιιινιίνὲ-
2769 5611 2962 5690 item;
3000 5609 3097 5690 “L-
3160 5609 3207 5690 τ’
3238 5623 3356 5690 vt".
3390 5610 3445 5666 9-
3523 5608 3794 5690 3113.19-

545 5678 1167 5767 διιεεὶὲἱίιιὲᾮιίιυείιι.
1211 5685 1554 5752 vm,51,52.
1634 5680 2164 5746 “Mattlt.xx1n,2.
2241 5681 2283 5713 ετ
2314 5678 2505 5735 Matth.
2530 5695 2581 5745 ν,
2616 5681 2701 5734 ι9.
2774 5681 2977 5737 “tua.
3052 5681 3447 5737 καιριωα.
3526 5678 3800 5736 “Matth.

547 5782 621 5832 χι,
653 5766 739 5820 50.
