4074 6300
419 420 552 474 ΙΜΞ

1571 413 2165 472 COMMENTARIORU
2179 413 2225 468 Μ
2266 413 2524 470 SERIES.

3514 424 3647 476 ltils

412 536 675 592 facientes
721 535 824 591 sub
871 535 1108 605 pondere
1143 536 1386 606 gravium
1445 537 1824 592 mandatorum
1879 554 1975 594 eos
2005 542 2046 599 Α
2079 535 2424 598 suﬁ‘oeatnm,
2461 546 2514 589 et
2553 534 3008 592 fornicationem?
3044 537 3147 593 Sed
3195 539 3271 594 illi
3319 539 3516 597 docent
3561 559 3648 597 se-

411 628 506 698 qui
557 627 802 697 bajulare
856 642 976 681 eam
1034 642 1141 682 non
1199 625 1483 682 suﬂerunt.
1552 626 1616 682 Et
1669 628 1978 697 frequenter

413 719 598 772 videre
642 728 725 772 est
775 732 871 772 eos
905 719 996 788 qui
1048 718 1174 772 talia
1220 719 1448 782 docent,
1497 720 1770 773 contraria
1821 735 1978 789 agere

411 809 754 865 sermonibus
784 810 920 874 suis,
946 818 1000 864 et
1030 825 1127 864 nec
1156 809 1366 865 modica
1400 811 1595 866 virtute
1621 811 1834 876 animus,
1858 827 1979 880 qua:

409 901 690 954 moraliter
734 902 938 971 digitus
980 903 1322 970 appellatur,
1383 904 1571 957 volunt
1623 919 1684 956 ea
1736 918 1973 958 movere.

404 989 723 1044 Castitatem
774 991 920 1044 enim
973 991 1129 1044 multi
1181 993 1470 1060 docentes,
1517 994 1818 1048 castitatem
1869 1008 1973 1047 non

405 1091 780 1135 servaverunt.
812 1080 1101 1136 Abstinere
1128 1098 1157 1136 a
1183 1083 1321 1137 cibis
1349 1086 1628 1139 hortantes
1656 1085 1815 1149 alios,
1849 1084 1973 1153 ipsi,

404 1170 520 1224 sive
551 1180 773 1240 propter
805 1170 1233 1237 simulationem,
1276 1174 1392 1227 sive
1433 1183 1653 1242 propter
1693 1174 1795 1228 hoc
1830 1174 1972 1242 quod

405 1261 531 1315 victi
564 1270 692 1316 sunt
727 1276 755 1314 a
790 1261 1251 1330 concupiscentiis
1289 1263 1426 1327 suis,
1473 1263 1626 1318 cibos
1660 1263 1974 1332 huiusmodi

403 1359 762 1419 susceperunt
808 1366 948 1421 quos
1009 1353 1526 1409 abrenuntiaverant
1581 1355 1802 1417 verbis,
1869 1356 1972 1410 alia

404 1443 665 1498 docentes
694 1443 746 1496 in
782 1444 1021 1512 publico,
1049 1452 1102 1497 et
1128 1443 1232 1497 alia
1259 1454 1467 1499 secrete
1497 1455 1550 1499 et
1572 1445 1782 1500 occulte
1810 1461 1976 1512 agen-

410 1546 515 1600 tes,
549 1535 730 1589 omnia
761 1535 1018 1590 facientes
1058 1544 1278 1605 propter
1311 1551 1570 1605 personas
1605 1537 1885 1590 hominum
1919 1545 1974 1592 et

403 1624 605 1695 glorias
633 1639 822 1686 vanas,
855 1624 996 1678 sicut
1037 1623 1380 1691 subsequens
1405 1637 1584 1677 sermo
1609 1623 1969 1687 demonstrat,

401 1717 627 1770 dicens:
663 1715 856 1769 Omnia
887 1731 1042 1784 opera
1075 1731 1170 1768 sua
1211 1714 1451 1783 faciunt,
1494 1723 1552 1766 ut
1595 1715 1874 1767 videantur
1906 1713 1970 1766 ab

402 1807 698 1860 hominibus
723 1807 788 1860 “.
842 1805 904 1859 Et
933 1806 1252 1875 plerumque
1303 1821 1492 1860 omnes
1541 1805 1614 1858 i‘lli
1657 1813 1785 1859 sunt
1833 1805 1968 1860 tales

401 1897 492 1966 qui
524 1897 753 1967 diligunt
797 1898 1007 1966 primos
1040 1897 1346 1952 discubitus
1376 1896 1428 1950 in
1475 1897 1760 1960 conviviis,
1791 1905 1844 1951 et
1873 1911 1962 1951 sa~

400 1991 694 2045 lutationes
725 1991 778 2044 in
821 1990 971 2057 foro,
1005 1999 1058 2046 et
1089 1993 1270 2046 vocari
1312 1990 1382 2044 ab
1421 1989 1732 2044 hominibus
1767 1988 1964 2055 Rabbi,

404 2088 500 2134 aut
531 2079 735 2149 aliquid
775 2080 917 2147 quod
965 2079 1142 2134 simile
1181 2090 1262 2134 est
1306 2077 1474 2132 Rabbi
1503 2079 1670 2133 huic:
1736 2087 1923 2147 ulputa
1949 2117 1964 2139 ,

400 2168 493 2236 qui
524 2169 714 2221 volunt
737 2168 919 2221 vocari
945 2168 1205 2237 episcopi,
1235 2177 1330 2222 aut
1363 2169 1684 2238 presbyteri,
1722 2177 1816 2222 aut
1844 2167 1966 2222 dia-

398 2259 553 2322 coni,
591 2274 716 2312 eum
770 2259 990 2313 deberet
1045 2258 1424 2327 unusquisque
1470 2273 1701 2321 eorum,
1751 2257 1962 2312 etiamsi

396 2358 684 2404 vocaretur
719 2350 787 2404 ab
811 2351 1016 2420 aliquo,
1046 2352 1128 2406 vel
1157 2349 1552 2405 conscientiam
1588 2365 1743 2404 suam
1782 2359 1965 2403 osten-

397 2440 526 2494 dere
553 2438 681 2506 Deo,
707 2439 966 2509 quoniam
1000 2455 1106 2493 non
1141 2439 1256 2493 vult
1286 2439 1390 2492 hoc
1425 2437 1642 2491 nomine
1673 2435 1962 2500 nominari,

395 2532 554 2602 cujus
589 2547 689 2587 nec
718 2531 999 2586 scientiam
1038 2531 1198 2586 habet
1236 2546 1337 2585 nec
1375 2539 1577 2585 aetum.
1609 2528 1674 2582 Et
1701 2528 1746 2582 si
1782 2528 1962 2593 habet,

395 2635 573 2679 tamen
627 2639 732 2677 non
774 2625 930 2678 debet
981 2623 1119 2678 velle
1159 2623 1343 2678 vocari
1407 2639 1472 2677 eo
1511 2623 1763 2687 nomine,
1817 2621 1964 2690 quod

393 2715 610 2783 proprie
632 2715 854 2768 alterius
883 2723 985 2770 cst.
1023 2714 1248 2783 Proprie
1273 2715 1418 2769 enim
1459 2715 1750 2784 episcopus
1781 2713 1964 2768 Domi-

396 2819 497 2858 nus
527 2801 686 2857 Jcsus
725 2813 842 2870 est,
883 2815 936 2859 et
983 2805 1320 2876 presbyteri,
1370 2805 1642 2858 Abraham
1666 2843 1681 2868 ,
1716 2801 1867 2858 Isaac
1910 2811 1965 2857 et

392 2894 596 2958 Jacob,
652 2895 796 2949 sicut
851 2897 1201 2950 manifestum
1254 2907 1340 2950 est
1373 2896 1458 2950 his
1507 2895 1602 2966 qui
1654 2897 1705 2949 in
1763 2894 1962 2950 Genesi

390 2985 738 3038 considerant
791 3001 912 3053 qua:
961 2985 1028 3039 de
1071 2986 1280 3040 semine
1308 3001 1502 3040 eorum
1550 2994 1678 3040 sunt
1725 2985 1958 3056 scripta;

390 3076 470 3126 vel
501 3073 681 3126 (veteri
715 3073 806 3142 qui
847 3073 947 3127 hoc
982 3076 1200 3128 nomine
1226 3075 1373 3144 digni
1404 3075 1570 3129 habiti
1602 3083 1748 3137 sunt,
1771 3073 1962 3142 quales

2077 628 2316 682 eundum
2348 627 2584 680 litteram
2638 627 2855 698 Legem,
2889 626 3046 698 Legis
3085 644 3306 684 sensum
3341 632 3652 701 spiritaliter

2080 730 2192 768 non
2229 715 2607 784 intelligentes,
2656 716 2797 770 sicut
2825 716 2894 770 de
2932 716 3038 771 illis
3088 718 3164 771 ait
3215 718 3511 788 Apostolus
3542 720 3586 752 "'
3634 741 3645 773 :

2081 803 2235 856 Finis
2265 815 2542 858 autemest
2572 805 2700 875 legis
2745 807 2980 861 clmritas
3013 806 3078 861 de
3100 809 3256 861 corde
3291 825 3424 878 puro
3460 818 3512 864 et
3547 812 3650 880 [ide

2075 911 2179 948 non
2208 896 2368 964 ﬁcta;
2399 913 2433 950 α
2460 897 2650 968 quibus
2680 899 2898 967 quidam
2929 899 3232 954 aberrantes
3263 903 3496 954 conversi
3528 913 3648 954 sunt

2077 985 2134 1038 in
2161 987 2541 1058 vaniloquium,
2585 989 2811 1044 volentes
2841 1006 2950 1044 esse
2974 991 3099 1060 legis
3135 993 3395 1059 doctores,
3428 1012 3528 1048 non
3567 997 3646 1048 in-

2077 1078 2366 1148 telligentes
2398 1095 2558 1150 neque
2585 1097 2704 1150 qum
2733 1081 3036 1151 loquuntur,
3067 1101 3228 1154 neque
3260 1085 3325 1139 de
3347 1087 3533 1155 quibus
3557 1088 3642 1156 af-

2078 1171 2316 1239 firmant.
2364 1169 2466 1236 Qui
2514 1171 2660 1226 enim
2710 1172 2878 1241 legem
2923 1172 3090 1244 Moysi
3137 1185 3418 1244 mponunt
3447 1193 3630 1234 secun-

2076 1262 2203 1316 dum
2259 1261 2517 1327 litteram,
2567 1262 2822 1317 cadentes
2857 1273 2888 1317 a
2943 1265 3229 1320 dilectione
3281 1283 3402 1338 quae
3448 1280 3531 1325 est
3579 1286 3642 1325 es

2074 1351 2236 1406 corde
2280 1366 2438 1420 puro,
2469 1360 2522 1405 et
2570 1367 2599 1405 a
2633 1351 2739 1407 ﬁde
2776 1369 2881 1407 non
2927 1354 3074 1421 ﬁcta,
3117 1357 3170 1409 in
3222 1358 3425 1426 quibus
3463 1361 3639 1430 posita

2073 1452 2157 1498 est
2193 1443 2277 1498 lex
2325 1444 2622 1513 spiritalis,
2659 1459 2852 1498 omnes
2887 1447 3160 1517 vaniloqui
3217 1460 3366 1504 sunt.
3418 1450 3642 1507 Vanilo-

2073 1536 2263 1604 quium
2293 1536 2436 1590 enim
2471 1546 2553 1590 est
2582 1535 2952 1602 circumcisio,
2987 1553 3199 1608 azyma,
3227 1542 3449 1610 pascha,
3482 1553 3537 1599 et
3577 1545 3644 1597 de

2076 1624 2296 1679 mundis
2326 1633 2382 1679 et
2415 1625 2714 1680 immundis
2745 1626 3042 1681 secundum
3074 1627 3306 1682 litteram
3349 1630 3532 1700 chis.
3576 1633 3640 1686 lli

2071 1728 2201 1784 ergo
2228 1715 2324 1783 qui
2360 1715 2607 1768 conversi
2645 1722 2772 1768 sunt
2820 1716 2874 1768 in
2913 1716 3308 1787 vaniloquium,
3353 1730 3408 1776 et
3455 1723 3644 1777 volunt

2073 1818 2195 1858 esse
2221 1805 2355 1873 legis
2388 1805 2660 1871 doctores,
2692 1820 2792 1860 nec
2823 1814 3002 1860 tamen
3039 1818 3166 1861 sunt
3209 1812 3512 1866 secundum
3547 1827 3640 1867 ve-

1999 1868 2042 1926 Β
2073 1868 2300 1949 ιὶιιιιριιι*
2331 1894 2484 1963 legis,
2527 1868 2716 1949 dicunt
2745 1895 2964 1965 quidem
3007 1895 3166 1968 Legis
3209 1902 3486 1965 mandata,
3533 1919 3639 1957 non

2069 1995 2252 2040 autem
2283 1985 2593 2054 intelligunt
2619 1999 2680 2038 ea
2719 2000 2842 2054 qua:
2885 1986 3104 2053 dicunt,
3136 2003 3237 2042 nec
3271 1989 3400 2058 quid
3432 1991 3640 2060 signiﬁo

2069 2085 2196 2133 cent
2226 2077 2362 2148 legis
2401 2077 2546 2132 dicta
2592 2075 2660 2130 de
2691 2077 2892 2145 quibus
2931 2077 3219 2134 allirmant.
3252 2079 3377 2134 ldeo
3406 2082 3536 2135 dicit
3575 2083 3642 2136 de

2071 2170 2178 2224 illis
2208 2167 2459 2224 Salvator
2487 2169 2532 2200 ⁸⁵
2577 2187 2594 2223 :
2631 2168 2822 2222 Dicunt
2864 2170 3024 2234 enim,
3064 2180 3114 2224 et
3151 2187 3254 2224 non
3298 2173 3523 2241 faciunt,
3554 2184 3642 2227 ut-

2068 2266 2222 2329 puta,
2261 2257 2453 2312 dicunt
2496 2257 2564 2312 de
2595 2257 3032 2323 circumcisione,
3064 2261 3130 2315 de
3161 2263 3383 2329 pascha,
3416 2263 3483 2316 de
3515 2279 3641 2334 azy-

2067 2348 2193 2408 mis,
2213 2347 2279 2401 de
2299 2346 2462 2409 escis,
2485 2346 2552 2402 de
2567 2345 2972 2412 festivitatibus,
2987 2348 3055 2402 de
3067 2347 3397 2413 Neomeuiis,
3420 2353 3487 2406 de
3508 2350 3640 2406 Sab-

2067 2439 2230 2502 batis,
2257 2439 2574 2503 ett-terisque
2596 2439 2729 2508 legis
2754 2441 3046 2505 mandatis,
3080 2457 3186 2496 non
3216 2452 3396 2497 autem
3427 2443 3631 2498 faciunt

2066 2531 2368 2585 secundum
2413 2531 2746 2585 voluntatem
2798 2531 2961 2600 legis,
3006 2548 3106 2586 nec
3150 2534 3295 2586 enim
3347 2535 3638 2590 circumci-

2067 2623 2292 2686 duntur,
2323 2621 2465 2675 sicut
2504 2629 2592 2676 cst
2622 2620 2759 2690 legis
2789 2620 3057 2675 voluntas.
3095 2619 3248 2676 Unde
3290 2622 3370 2676 ait
3404 2621 3636 2690 Aposto-

2065 2713 2151 2768 lus
2184 2713 2228 2744 ⁸⁷
2264 2731 2278 2766 :
2317 2711 2430 2767 Nos
2470 2713 2609 2768 enim
2660 2730 2842 2767 sumus
2887 2715 3251 2776 circumcisio,
3286 2715 3377 2784 qui
3427 2714 3636 2783 Spiritu

2065 2806 2174 2860 Deo
2206 2807 2482 2871 servimus,
2515 2815 2566 2858 et
2597 2822 2701 2860 non
2743 2807 2797 2859 in
2835 2821 2992 2858 carne
3027 2806 3365 2874 conﬁdimus.
3398 2806 3505 2861 Nec
3533 2806 3635 2859 im-

2064 2898 2274 2952 molant
2325 2896 2550 2966 pascha,
2601 2896 2913 2965 ignorantes
2945 2898 3086 2967 quod
3131 2897 3341 2952 Pascha
3385 2908 3632 2954 nostrum

2062 3005 2163 3061 pro
2189 2989 2347 3044 nobis
2381 2988 2696 3043 immolatus
2727 2997 2810 3044 est
2838 2990 3114 3045 Christus.
3152 2989 3262 3045 Nec
3305 2992 3636 3046 manducant

2063 3093 2253 3149 azyma
2300 3077 2598 3132 secundum
2651 3077 2785 3148 legis
2835 3080 3209 3147 propositum,
3265 3081 3412 3149 quod
3461 3080 3624 3135 inter-

389 3161 607 3218 fuerunt
643 3165 871 3233 apostoli
903 3163 1128 3218 Christi.
1162 3163 1386 3218 Diaconi
1432 3179 1580 3227 vero,
1630 3174 1834 3234 septem
1867 3180 1955 3220 ar-
1985 3209 2027 3266 Ο
2062 3179 2305 3239 pretatur
2348 3170 2665 3240 Apostolus,
2695 3171 2883 3226 dicens
2925 3171 2971 3202 ⁸⁸
3011 3187 3024 3221 :
3067 3170 3376 3238 Epulemur,
3421 3187 3525 3226 non
3579 3173 3635 3226 in

387 3255 634 3324 changeli
674 3263 801 3308 sunt
833 3253 959 3319 Dei,
1008 3253 1076 3308 ad
1118 3269 1353 3322 quorum
1403 3255 1705 3310 ministeria
1751 3263 1955 3325 septem

388 3344 609 3399 diaconi
662 3345 714 3398 in
767 3345 995 3400 Actibus
1050 3354 1178 3399 sunt
1227 3345 1485 3398 ordinati.
1532 3344 1784 3400 Praecidit
1825 3361 1959 3417 ergo

392 3437 652 3491 Dominus
687 3435 999 3506 hujusmodi
1031 3436 1508 3504 concupiscentias
1539 3437 1606 3490 ab
1633 3437 1818 3490 anima
1855 3452 1956 3490 no-

390 3535 502 3579 stra
535 3542 628 3595 per
661 3527 773 3582 haec
806 3528 965 3581 verba
1015 3543 1138 3596 qum
1177 3528 1354 3596 posita
1404 3537 1568 3593 sunt,
1612 3535 1665 3582 et
1707 3528 1958 3582 hortatur

391 3623 565 3688 inagis
605 3620 779 3673 zelare
822 3620 1179 3673 humilitatem
1203 3659 1217 3684 ,
1255 3635 1377 3690 quae
1413 3628 1498 3674 est
1531 3620 1704 3688 prima
1750 3621 1957 3675 exalta—

386 3705 553 3762 tionis
580 3709 799 3762 occasio
831 3710 975 3778 apud
1007 3709 1175 3764 Deum
1204 3728 1217 3762 :
1263 3711 1406 3765 sicut
1429 3709 1741 3764 econtrario
1778 3711 1956 3764 humi-

386 3800 624 3855 liationis
657 3801 874 3855 occasio
913 3808 998 3854 est
1039 3801 1184 3870 apud
1233 3800 1426 3868 Deum,
1476 3801 1698 3870 diligere
1751 3802 1955 3870 primas

384 3891 672 3947 cathedras
717 3893 771 3945 in
827 3893 1148 3964 synagogis,
1201 3901 1252 3947 et
1310 3892 1515 3961 primos
1545 3892 1848 3946 discubitus
1900 3893 1952 3946 in

386 3983 668 4045 conviviis,
703 3991 759 4037 et
792 3985 995 4053 primas
1022 3984 1377 4038 salutationes
1413 3983 1465 4036 in
1511 3983 1654 4048 foro,
1687 3993 1740 4038 et
1770 3983 1950 4037 vocari

387 4075 582 4129 Rabbi.
611 4074 675 4130 Et
699 4077 820 4130 vide
845 4076 1104 4146 quoniam
1137 4090 1299 4144 super
1331 4076 1442 4127 haec
1470 4072 1619 4126 addit
1645 4083 1697 4127 et
1717 4074 1848 4127 dicit
1867 4076 1910 4105 δ’
1935 4092 1950 4128 :

391 4166 495 4230 Qui
529 4167 704 4236 major
729 4179 804 4222 est
835 4169 972 4222 inter
995 4183 1082 4220 vos
1147 4167 1239 4234 ﬁat
1272 4165 1544 4229 minister;
1573 4173 1626 4219 et
1645 4165 1725 4221 "z
1770 4164 1873 4230 Qui
1898 4181 1953 4220 se

389 4260 695 4314 exaltat'erit
713 4261 1101 4319 liumiliabitur,
1121 4269 1167 4310 et
1185 4259 1272 4327 qui
1296 4273 1348 4310 se
1367 4257 1722 4312 humiliaverit
1741 4256 1950 4310 exalta-

387 4350 550 4404 bitur.
588 4352 663 4406 lta
706 4368 772 4406 ex
799 4349 1148 4421 phylacteriis
1173 4355 1226 4400 et
1261 4346 1490 4400 ﬁmbriis
1522 4347 1589 4400 ad
1633 4346 1953 4402 ostentatio-

382 4458 505 4496 nem
539 4459 730 4498 eorum
755 4444 846 4512 qui
887 4458 1052 4497 vanas
1096 4441 1294 4511 glorias
1335 4439 1758 4509 concupiscunt,
1801 4451 1853 4494 et
1881 4455 1950 4494 ex

2064 3260 2318 3328 fermento
2364 3261 2542 3324 veteri,
2585 3276 2750 3330 neque
2786 3260 2842 3312 in
2881 3259 3138 3328 fermento
3178 3260 3402 3315 malitia:
3444 3273 3494 3315 et
3541 3278 3628 3316 ne-

2061 3353 2266 3423 quitia,
2305 3352 2396 3406 scd
2434 3353 2489 3406 in
2534 3354 2736 3415 azymis
2779 3353 3102 3406 sinceritatis
3144 3361 3193 3406 et
3220 3352 3481 3408 veriiatis.
3526 3353 3631 3409 Sed

2061 3457 2162 3497 nec
2203 3442 2559 3510 corporaliter
2602 3442 2802 3510 pascha
2845 3442 3150 3509 celebrant,
3185 3459 3309 3498 eum
3352 3445 3633 3515 praecipiat

2061 3535 2144 3588 lex
2187 3533 2232 3565 ⁸ο
2267 3532 2320 3585 in
2370 3530 2668 3586 Jerusalem
2713 3531 2987 3584 civitatem
3031 3548 3196 3601 quam
3246 3533 3408 3603 elegit
3444 3533 3628 3588 Domi-

2059 3638 2165 3677 nus
2219 3621 2394 3684 Deus,
2430 3628 2681 3689 oportere
2738 3619 3023 3676 immolare
3083 3637 3313 3691 agnum,
3346 3632 3400 3677 et
3441 3632 3526 3678 ter
3575 3625 3628 3678 in

2060 3729 2204 3769 anno
2270 3728 2532 3783 apparere
2582 3727 2799 3767 omnem
2857 3713 3164 3767 masculum
3221 3713 3274 3766 in
3330 3725 3622 3784 conspectu

2057 3805 2272 3860 Domini
2315 3805 2429 3858 Dei.
2468 3803 2578 3858 Nos
2607 3812 2787 3858 autem
2821 3803 2912 3872 qui
2956 3803 3211 3873 discipuli
3249 3819 3446 3858 sumus
3475 3803 3625 3870 Jesu,

2057 3899 2420 3969 intelligentes
2491 3911 2586 3951 eos
2661 3895 2754 3964 qui
2829 3895 3020 3949 sedent
3082 3910 3245 3964 super
3311 3896 3625 3950 cathedram

2056 3991 2250 4061 Moysi,
2302 3989 2522 4044 Seribas
2567 3997 2620 4043 et
2659 3985 2966 4040 Phariszros
3012 3995 3292 4041 servantes
3339 3987 3629 4041 circumci-

2057 4083 2241 4138 siones
2281 4090 2332 4136 et
2378 4087 2572 4134 caetera
2619 4075 2926 4146 corporalia
2979 4074 3112 4145 legis
3149 4075 3439 4143 mandata,
3471 4075 3628 4146 longe

2055 4184 2235 4229 autem
2288 4171 2616 4228 constitutos
2670 4184 2700 4222 a
2765 4166 3100 4236 spiritalibus
3150 4167 3282 4235 legis
3329 4167 3624 4236 mandatis,

2053 4279 2390 4336 quascunque
2422 4263 2610 4316 dicunt
2635 4259 2791 4314 nobis
2823 4273 2887 4312 ex
2921 4257 3056 4326 lege,
3089 4257 3452 4327 intelligentcs
3494 4273 3620 4312 sen-

2053 4372 2174 4412 sum
2206 4355 2338 4425 legis
2371 4353 2604 4408 facimus
2630 4361 2683 4405 et
2713 4363 3016 4412 servamus,
3049 4363 3391 4418 nequaquam
3421 4347 3625 4404 facien-

2052 4458 2133 4502 tes
2171 4445 2469 4502 secundum
2512 4457 2674 4512 Opera
2709 4456 2924 4496 eorum.
2959 4438 3091 4492 Nam
3138 4453 3259 4507 qua:
3300 4439 3620 4508 loquuntur,

379 4533 772 4602 jactationibus
807 4543 1026 4603 propter
1056 4547 1346 4602 pompam,
1384 4539 1440 4585 et
1475 4546 1544 4584 ex
1579 4531 1948 4598 vestimentis,
1981 4539 2026 4593 ῐ)
2055 4555 2118 4594 οι
2163 4539 2281 4608 lege
2320 4537 2539 4606 quidem
2586 4535 2839 4588 videntur
2879 4532 3078 4595 dicere,
3123 4540 3302 4585 tamen
3349 4531 3492 4586 sicut
3535 4531 3620 4586 lex

381 4632 436 4676 ct
495 4637 564 4677 ex
613 4623 831 4678 annulis
881 4632 938 4677 ct
997 4623 1409 4685 calceamentiS.
1460 4621 1808 4677 manifestum
1871 4631 1955 4679 est
2050 4632 2209 4687 docet
2244 4643 2350 4682 non
2385 4627 2612 4682 faciunt.
2647 4624 2756 4679 Nec
2789 4625 2932 4678 enim
2969 4621 3620 4689 suscipiuntcharitatem

382 4714 474 4784 qui
510 4723 638 4769 sunt
684 4714 777 4785 qui
812 4715 1040 4785 diligunt
1072 4716 1139 4768 ab
1172 4715 1486 4770 hominibus
1528 4715 1710 4769 vocari
1755 4715 1950 4770 Rabbi.
2050 4719 2104 4771 in
2146 4714 2312 4771 corde
2358 4728 2515 4783 puro,
2563 4728 2664 4768 nec
2707 4711 2866 4766 ﬁdem
2913 4726 3021 4763 non
3068 4710 3270 4773 ﬁctam,
3319 4709 3373 4762 in
3424 4711 3623 4779 quibus

383 4803 442 4859 Si
489 4820 618 4875 ergo
653 4806 949 4860 secundum
989 4805 1134 4876 quod
1169 4805 1443 4869 diximus,
1489 4804 1692 4860 Scriba?
1730 4814 1785 4860 et
1813 4803 1957 4860 Pha-
2049 4820 2247 4862 sensus
2294 4803 2428 4873 legis
2468 4800 2677 4871 positus
2719 4807 2834 4865 est;
2877 4813 2975 4852 nec
3018 4795 3327 4864 intelligunt
3373 4797 3620 4850 velamen

381 4897 525 4953 risaei
577 4897 827 4951 sedentes
867 4913 1027 4968 super
1073 4897 1384 4952 cathedram
1440 4895 1633 4967 Moysi,
1685 4906 1811 4953 sunt
1859 4895 1955 4952 Ju-
2050 4913 2173 4954 esse
2203 4911 2366 4965 super
2399 4895 2632 4948 litteram
2664 4891 2819 4961 legis,
2873 4904 2971 4943 nec
3017 4887 3248 4942 audiunt
3293 4887 3619 4957 PrOphetam

380 4987 620 5040 dzeorum
663 4986 954 5054 doctores,
1022 4987 1325 5041 secundum
1387 4985 1622 5040 litteram
1695 4986 1951 5042 docentes

381 5077 537 5147 Legis
591 5079 894 5141 mandata,
953 5078 1233 5148 quomodo
1301 5076 1458 5144 jubet
1527 5093 1628 5132 nos
1689 5076 1948 5134 Dominus

378 5169 540 5238 837
585 5171 942 5239 prmsentibus
990 5168 1192 5235 verbis,
1241 5168 1539 5222 secundum
1587 5183 1652 5222 ea
1695 5183 1816 5237 quae
1866 5169 1950 5223 di-

379 5269 509 5313 eunt
540 5261 639 5326 illi,
674 5259 874 5328 facere,
913 5276 1035 5316 eum
1069 5275 1260 5314 omnes
1289 5259 1523 5328 apostoli
1557 5267 1736 5314 vetent
1766 5260 1947 5317 ﬁdeles

381 5351 558 5405 vivere
593 5355 890 5408 secundum
923 5354 1156 5408 litteram
1187 5353 1339 5422 legis,
1378 5351 1518 5406 sicut
1565 5359 1793 5406 testatur
1819 5353 1948 5421 Epi-

379 5441 517 5496 stola
545 5445 910 5512 apostolorum
945 5445 999 5498 in
1033 5443 1260 5498 Actibus
1283 5442 1352 5508 “,
1383 5458 1547 5512 quam
1584 5443 1852 5498 miserunt
1879 5443 1945 5498 ad

378 5541 587 5602 gentes,
619 5544 682 5589 ut
709 5536 844 5590 nihil
876 5545 1091 5590 servent
1119 5551 1187 5590 ex
1216 5535 1334 5605 lege
1364 5533 1468 5588 nisi
1498 5533 1859 5603 immolatum,
1893 5543 1948 5588 et

2057 4988 2172 5042 haec
2198 4985 2580 5054 intelligentem
2624 4981 2827 5050 pariter
2848 4987 2902 5032 et
2932 4985 3198 5046 petentem
3237 4995 3250 5030 :
3284 4975 3471 5030 Revela
3496 4993 3616 5030 ocu-

2056 5080 2134 5134 los
2167 5094 2328 5142 meos,
2356 5085 2403 5128 et
2430 5071 2774 5128 considerabo
2802 5070 3070 5124 mirabilia
3098 5069 3162 5123 de
3197 5070 3304 5140 lege
3333 5079 3426 5123 tua
3456 5070 3522 5122 ⁵⁸.
3557 5067 3622 5124 Et

2057 5170 2137 5224 sic
2169 5168 2392 5236 alligant
2429 5179 2594 5219 onera
2631 5161 2836 5231 gravia,
2871 5169 2947 5228 et,
2983 5160 3122 5215 sicut
3167 5158 3344 5213 Lucas
3383 5159 3478 5224 ait,
3519 5157 3619 5210 im-

2055 5258 2362 5329 portabilia,
2407 5265 2460 5310 et
2502 5255 2791 5323 imponunt
2825 5265 2988 5320 super
3021 5250 3281 5304 humeros
3321 5246 3619 5315 discipulo-

2054 5365 2174 5404 rum
2207 5347 2543 5402 audientium
2585 5359 2662 5398 se.
2703 5339 2838 5394 Nam
2864 5339 3168 5410 corporalia
3202 5337 3337 5407 legis
3364 5336 3618 5391 mandata

2055 5439 2352 5497 secundum
2383 5438 2616 5490 litteram
2636 5449 2804 5489 onera
2833 5440 2963 5488 sunt
2991 5430 3174 5500 gravia
3196 5436 3254 5484 et
3277 5427 3618 5498 alligationes

2053 5548 2160 5587 non
2187 5533 2350 5595 leves,
2375 5528 2520 5583 sicut
2539 5525 2732 5582 Petrus
2757 5532 2983 5580 testatur
3011 5522 3065 5577 in
3095 5520 3318 5577 Actibus
3340 5519 3612 5590 apostolo-

446 5729 489 5761 ⁸¹
522 5734 705 5790 Matth.
734 5751 905 5800 mn,
929 5739 985 5794 5.
1058 5738 1104 5770 δ’
1134 5736 1322 5791 Matth.
1353 5752 1418 5789 xx
1439 5777 1456 5802 ,
1484 5733 1574 5788 26.
1650 5730 1696 5763 "
1725 5730 1911 5802 Matth.
1953 5744 2084 5782 xxm
2106 5726 2208 5802 ,jl
2234 5723 2387 5802 ΑΒ...
2418 5721 2470 5802 “_
2495 5738 2584 5788 xv,
2605 5720 2696 5775 20.
2764 5720 2822 5802 fi
2851 5722 2872 5775 Ι
2903 5720 3043 5778 Tim.
3081 5738 3120 5792 I,
3155 5723 3276 5780 5-7.
3352 5723 3398 5757 “
3422 5722 3613 5782 Matth.

381 5821 538 5871 unt,
566 5805 618 5860 3.
693 5808 736 5838 ⁵⁷
769 5806 965 5874 Philip.
991 5824 1076 5876 ιιι,
1103 5808 1156 5862 3.
1232 5807 1318 5861 ⁴¹⁶Ι
1347 5805 1476 5860 Cor.
1500 5821 1553 5863 v.
1583 5803 1638 5858 8.

1713 5802 1758 5833 ’δ’
1785 5801 1939 5855 Deut.
1969 5814 2076 5864 va,
2104 5797 2189 5852 16.
2267 5795 2312 5827 ⁸⁰
2350 5793 2496 5849 Psal.
2528 5807 2714 5858 cxvtu,
2758 5791 2846 5846 l8.
