4074 6300
523 411 659 465 llilii

1700 419 2024 477 OlilGl'lNlS
2064 422 2128 476 IN
2172 421 2583 480 MATTleEUM

3635 435 3785 492 1616

526 546 645 583 rum
669 531 711 561 "
743 530 930 585 dicens
959 549 974 585 :
1008 532 1147 597 Quid
1185 536 1399 589 tentatis
1428 537 1615 606 Deum,
1644 551 1692 595 et
1740 544 1898 598 vultis
1924 546 2091 614 impo-
2123 552 2162 605 Α
2195 545 2614 608 servationibus,
2660 545 2792 600 dicit
2850 564 2861 600 :
2909 547 3103 603 Omnia
3131 551 3337 619 faciunt
3380 564 3437 607 ut
3484 554 3552 608 ab
3598 556 3780 612 homi-

523 637 641 674 uere
674 621 864 691 jngum
894 638 1049 691 super
1084 626 1334 680 cervicem
1363 628 1771 700 discipulorum,
1807 636 1948 705 quod
1993 653 2083 689 ne-

519 726 617 778 que
658 727 752 764 nos
786 728 949 782 neque
982 725 1163 781 patres
1201 720 1370 771 nostri
1409 723 1678 789 potuimus
1716 728 1969 794 portare?
1995 728 2087 781 sed

515 818 607 870 per
632 802 863 871 gratiam
905 804 1003 859 Dei
1031 808 1294 862 credimus
1337 811 1472 864 salvi
1505 813 1641 880 ﬁeri.
1691 813 1944 884 Spiritale
1984 833 2084 873 au-

516 903 620 947 tem
661 893 780 963 ejus
812 911 951 949 onus
980 908 1062 952 est
1099 899 1212 955 leve
1245 920 1260 954 :
1304 902 1424 957 ideo
1465 913 1519 958 et
1550 904 1811 962 Dominus
1852 887 1983 962 dicit
2015 910 2083 964 ad

512 1000 606 1040 eos
637 988 728 1054 qui
767 988 899 1058 legis
940 991 1207 1047 mandatis
1251 995 1636 1062 corporalibus
1675 1008 1833 1054 erant
1869 1003 2082 1069 gravati

510 1087 561 1131 et
591 1078 836 1148 alligati‘:
877 1080 1052 1136 Venite
1074 1084 1143 1135 ad
1168 1100 1246 1138 me
1275 1086 1365 1155 qui
1395 1086 1652 1142 laboratis
1682 1100 1731 1144 et
1756 1094 1963 1146 onerati
1999 1109 2082 1147 es-

509 1171 602 1235 tis,
626 1180 675 1226 et
700 1188 792 1243 ego
821 1190 909 1227 vos
937 1176 1191 1244 reﬁciant.
1227 1176 1490 1249 Suscipite
1506 1180 1697 1251 jugum
1733 1199 1903 1237 nteant
1925 1201 2083 1255 super

510 1278 621 1327 vos,
655 1273 705 1318 et
744 1265 910 1319 ridete
938 1268 1061 1336 quia
1094 1267 1284 1338 jugum
1316 1286 1487 1325 meum
1522 1288 1680 1327 suave
1708 1284 1817 1341 est,
1857 1284 1907 1329 et
1947 1293 2078 1330 onus

511 1371 678 1409 meum
732 1356 840 1413 leve
867 1369 943 1411 est
983 1358 1050 1411 ⁸³.
1106 1358 1258 1415 Onus
1307 1372 1486 1417 autem
1541 1363 1677 1430 leve,
1725 1364 2078 1437 Evangelium

505 1454 611 1509 est,
639 1449 781 1515 quod
823 1458 905 1502 est
941 1450 1022 1503 lex
1060 1450 1343 1518 spiritalis.
1389 1453 1582 1508 Adhuc
1610 1464 1793 1511 autem
1826 1458 2078 1513 sedentes

506 1554 670 1606 super
697 1539 1008 1593 cathedram
1041 1540 1209 1610 Moysi
1236 1542 1440 1598 Scriba:
1478 1554 1533 1599 et
1569 1544 1853 1614 Pharisaei,
1891 1549 2077 1604 omnia

506 1645 672 1698 opera
700 1646 796 1684 sua
830 1630 1037 1687 faciunt
1064 1643 1123 1687 ut
1152 1633 1220 1687 ab
1252 1634 1562 1692 hominibus
1595 1636 1903 1703 videantur,
1944 1639 2078 1694 visi-

507 1722 668 1775 bilem
726 1724 1085 1794 suscipientes
1132 1726 1641 1795 circumcisionem,
1688 1740 1743 1785 et
1784 1731 2074 1786 visibiliter

503 1816 812 1882 corporalia
842 1814 1095 1871 fernienti
1122 1818 1427 1875 auferentes
1462 1821 1532 1875 de
1566 1821 1823 1876 domibus
1853 1823 1992 1885 suis,
2021 1830 2075 1876 et

2190 635 2341 687 uibus
2382 637 2675 691 videantur.
2730 638 2969 693 Dilataut
3006 643 3147 695 enim
3181 644 3524 712 .pliylacteria
3555 664 3677 709 sua,
3720 658 3774 702 et

2190 725 2529 793 magnifieaut
2561 726 2802 796 ﬁmbrias
2853 731 3281 786 vestimentorum
3313 750 3549 788 suorum.
3590 737 3775 791 Disci-

2188 815 2296 882 puli
2331 824 2509 869 autcm
2540 815 2668 872 Jesu
2701 819 2884 873 omnia
2910 835 3076 890 opera
3108 836 3205 877 sua
3241 822 3471 892 faciunt,
3502 836 3560 879 ut
3589 842 3621 879 a
3656 827 3776 882 Deo

2187 903 2472 959 videantur
2505 907 2653 971 solo;
2693 908 2917 979 alligant
2942 910 3086 963 enim
3120 910 3291 982 legem
3327 912 3421 968 Dei
3450 930 3618 983 super
3647 932 3772 969 nia-

2186 1012 2315 1051 num
2340 1013 2520 1063 suam,
2547 1000 2865 1070 spiritaliter
2894 1017 3059 1071 super
3090 1017 3229 1074 opus
3259 1021 3421 1061 suum
3451 1008 3677 1075 bonum,
3709 1020 3770 1064 et

2183 1102 2280 1156 per
2311 1089 2715 1144 meditationem
2751 1091 3059 1146 divinarum
3095 1094 3507 1164 disciplinarum
3542 1114 3770 1168 semper

2182 1192 2246 1231 ea
2285 1190 2584 1247 moventes,
2632 1181 2851 1235 mobilia
2889 1180 3097 1237 faciunt
3138 1185 3321 1239 divina
3362 1198 3628 1258 praecepta
3660 1207 3762 1245 co-

2183 1283 2296 1322 ram
2319 1269 2494 1324 oeulis
2519 1270 2826 1326 animarum
2860 1288 3107 1340 suarum,
3138 1284 3193 1330 et
3231 1278 3501 1332 fimbriam
3542 1281 3763 1338 virtutis

2178 1355 2305 1411 Jesu
2340 1358 2577 1428 plenam,
2613 1359 2666 1413 in
2698 1375 2765 1415 eo
2806 1362 2953 1431 quod
2987 1363 3272 1419 imitantur
3304 1365 3646 1437 Magistrum.

2250 1447 2335 1501 12.
2377 1448 2517 1514 Quid
2554 1460 2733 1505 autem
2765 1462 2979 1521 oportet
3014 1454 3196 1510 dicere
3225 1456 3293 1510 de
3330 1458 3415 1513 his
3443 1459 3538 1528 qui
3564 1471 3757 1516 amant

2178 1539 2385 1608 primos
2409 1541 2714 1596 discubitus
2742 1543 2795 1596 in
2826 1546 3115 1612 conviviis,
3146 1557 3200 1602 et
3227 1549 3432 1617 primas
3458 1551 3754 1607 cathedras

2178 1627 2231 1680 in
2263 1629 2573 1698 synagogis,
2606 1639 2658 1684 et
2688 1630 2892 1699 primas
2927 1632 3281 1688 salutationes
3311 1636 3363 1688 in
3392 1632 3533 1699 foro,
3567 1646 3624 1690 et
3649 1652 3752 1690 vo-

2175 1720 2289 1772 cari
2341 1720 2411 1773 ab
2467 1720 2783 1776 hominibus
2840 1721 3055 1778 Rabbi?
3099 1723 3383 1779 Manileste
3432 1725 3752 1795 hujusmodi

2174 1809 2365 1863 delicta
2400 1826 2506 1864 non
2537 1820 2746 1866 tantum
2778 1814 2922 1883 apud
2955 1825 3086 1870 tunc
3113 1814 3334 1871 Scribas
3362 1825 3415 1870 et
3440 1815 3753 1873 Pharisaeos

507 1923 605 1976 pro
642 1908 724 1962 eis
771 1908 1021 1962 similiter
1066 1911 1369 1979 corporalia
1421 1927 1610 1983 azyma
1651 1914 1989 1980 inducentes,
2017 1925 2071 1969 ει
2106 1905 2145 1959 Β
2177 1902 2324 1956 solos
2360 1901 2796 1968 inveniebantur,
2845 1905 2926 1959 vel
2970 1906 3324 1961 imcniuntur
3354 1909 3498 1977 apud
3544 1910 3694 1979 ipsos
3730 1928 3747 1963 :

504 1997 801 2053 Jerusalem
848 2000 1113 2054 visibilem
1155 2001 1468 2058 hominibus
1497 2005 1856 2073 requirentes,
1901 2015 1956 2060 et
1994 2009 2070 2062 si-

507 2089 652 2142 milia
690 2088 776 2142 bis
805 2098 1025 2159 agentes
1054 2090 1327 2145 universa.
1359 2090 1645 2161 Aspieiunt
1673 2094 1818 2149 enim
1856 2110 1920 2149 ea
1948 2112 2070 2166 qua:

502 2179 754 2234 videntur
772 2188 825 2234 et
857 2180 1175 2249 temporalia
1201 2190 1349 2247 sunt,
1378 2192 1431 2236 et
1464 2184 1839 2255 eleemosynas
1863 2184 2067 2241 facien—

501 2279 582 2325 tes
610 2279 667 2323 ut
695 2270 766 2324 ab
800 2271 1113 2326 hominibus
1143 2271 1533 2341 glorilicentur,
1560 2283 1613 2328 et
1641 2283 1848 2330 stantes
1873 2276 1925 2331 in
1954 2278 2069 2346 pla-

500 2363 601 2417 tris
631 2371 791 2417 orant
828 2372 887 2418 ut
931 2364 1215 2419 videantur
1258 2380 1378 2419 esse
1423 2366 1684 2435 religiosi.
1726 2368 1926 2422 Christi
1970 2386 2068 2425 au-

500 2465 607 2509 tem
647 2454 758 2508 veri
785 2455 1059 2525 discipuli,
1089 2455 1181 2523 qui
1212 2456 1484 2525 aspiciunt
1508 2474 1630 2527 qua:
1659 2474 1765 2513 non
1815 2461 2067 2514 videntur

494 2557 550 2601 et
574 2555 701 2601 sunt
723 2556 946 2614 aeterna,
974 2557 1131 2602 orant
1173 2549 1226 2603 in
1263 2550 1479 2604 occulto
1520 2553 1897 2621 promptuario
1940 2568 2061 2619 suo,

496 2650 550 2692 et
577 2640 953 2711 clecmosynas
989 2641 1041 2694 in
1078 2641 1294 2696 occulto
1331 2641 1560 2707 faciunt,
1587 2656 1641 2697 et
1680 2645 1848 2713 legem
1884 2644 1935 2697 in
1972 2660 2063 2699 oc-

497 2730 659 2784 cultis
690 2730 931 2800 implent,
976 2733 1131 2801 quasi
1166 2732 1222 2786 in
1264 2734 1481 2787 occulto
1528 2736 1810 2790 constituti
1859 2734 2060 2801 Judaei,

496 2820 795 2875 secundum
844 2823 990 2891 quod
1034 2823 1111 2875 ait
1147 2821 1350 2878 Paulus
1389 2824 1435 2856 ⁵³
1475 2843 1487 2878 ;
1540 2824 1663 2879 Non
1708 2828 1847 2880 enim
1882 2828 1973 2897 qui
2007 2829 2062 2881 in

495 2913 775 2982 manifesto
831 2912 1089 2976 Judteus,
1162 2931 1321 2985 neque
1378 2932 1494 2985 qua:
1557 2917 1741 2984 palam
1794 2918 1851 2971 in
1904 2936 2061 2973 carne

491 3002 848 3069 circumcisio,
898 3004 988 3056 sed
1029 3005 1121 3074 qui
1151 3004 1205 3057 in
1244 3005 1450 3059 occulto
1479 3005 1699 3062 Jurtazus
1736 3020 1835 3071 est,
1878 3019 1925 3061 et
1952 3010 2059 3063 eir-

492 3094 743 3146 i'umcisio
786 3094 961 3147 cordis
1001 3097 1059 3159 in
1104 3096 1318 3164 spiritu,
1364 3112 1466 3149 non
1506 3098 1560 3150 iu
1608 3097 1808 3153 littera.
1861 3097 1919 3153 lu
1963 3115 2057 3154 oc-

490 3184 652 3237 cultis
699 3184 842 3237 enim
897 3196 951 3237 et
989 3184 1041 3238 in
1096 3187 1303 3258 azymis
1348 3186 1714 3245 invisibilibus
1768 3191 2058 3259 epulantur

491 3275 819 3329 sinceritatis
867 3286 921 3330 et
965 3278 1131 3332 verita
1159 3279 1204 3334 is
1242 3279 1288 3311 “
1327 3298 1339 3333 :

491 3366 621 3419 scha
640 3366 985 3421 immolatum
1010 3368 1290 3424 Christum
1334 3385 1433 3440 pro
1473 3372 1650 3439 nobis,
1680 3372 1773 3442 qui
1810 3373 2009 3428 dixit"
2039 3394 2052 3428 :

494 3456 617 3510 Nisi
665 3459 1106 3514 manducaveritis
1153 3477 1361 3515 carnem
1413 3479 1604 3530 meam,
1644 3479 1746 3517 non
1798 3465 2055 3518 habebitis

488 3548 648 3600 vitam
679 3558 969 3603 manentem
998 3550 1051 3602 in
1100 3550 1261 3605 vobis.
1290 3550 1356 3604 Et
1394 3566 1488 3621 per
1527 3553 1629 3608 hoc
1676 3555 1821 3623 quod
1866 3554 2054 3608 bibunt

484 3639 803 3707 sanguinem
832 3639 972 3709 ejus,
1013 3657 1197 3695 verum
1231 3650 1443 3709 potum,
1484 3654 1696 3713 ungunt
1726 3645 2040 3714 superlimi-

486 3729 639 3782 naria
669 3730 953 3785 domorum
1000 3732 1195 3785 animai
1221 3747 1356 3797 sum,
1393 3745 1718 3803 quaerentes,
1768 3751 1876 3789 non
1910 3735 2055 3790 sicut

484 3819 593 3882 illi,
641 3820 710 3873 ab
756 3821 1067 3877 hominibus
1132 3823 1396 3895 gloriam,
1451 3825 1542 3880 sed
1600 3841 1628 3878 a
1678 3824 1788 3881 Deo
1837 3826 2050 3879 occulta

485 3911 707 3965 videnti.

557 4000 642 4052 ll.
688 3999 814 4056 Post
858 4001 973 4057 haec
1010 4002 1294 4058 videamus
1322 4004 1452 4073 quid
1492 4012 1576 4059 est
1613 4004 1755 4073 quod
1785 4005 1861 4059 ait
1902 4023 1915 4059 ;
1954 4004 2051 4057 Di-

475 4093 653 4145 latant
674 4092 999 4162 pbylaeteria
1028 4111 1144 4156 sua,
1183 4105 1231 4148 et
1259 4094 1597 4164 magni/ierint
1627 4093 1865 4164 ﬁmbrias
1894 4096 2050 4149 vesti-

464 4192 775 4249 _mentorum
817 4201 1032 4237 suorum
1078 4186 1141 4233 ".
1196 4185 1486 4239 Sciendum
1531 4186 1698 4240 estin
1734 4185 1875 4251 istis,
1920 4186 2048 4256 quia

478 4274 624 4341 quod
669 4276 931 4342 scriptum
982 4280 1162 4333 estin
1209 4277 1325 4346 lege
1375 4278 1441 4330 dc
1487 4278 1666 4332 verbis
1717 4277 1919 4333 divinis
1965 4279 2049 4332 di-

478 4374 636 4419 conte
668 4366 710 4397 ⁸⁷
748 4384 762 4422 :
805 4366 1034 4436 Alligate
1068 4384 1185 4420 eam
1233 4384 1391 4436 super
1438 4383 1655 4421 manum
1704 4379 1950 4434 vestram,
1998 4381 2048 4424 et

479 4467 629 4510 erunt
658 4456 878 4510 mobilia
914 4473 1090 4510 coram
1132 4459 1297 4511 oculis
1333 4461 1535 4512 vestris.
1571 4458 1672 4524 Qui
1705 4476 1834 4529 ergo
1863 4462 2045 4515 omnia

475 4549 688 4605 faciunt
719 4550 869 4604 utab
909 4549 1222 4603 hominibus
1255 4552 1559 4615 videantur,
1587 4550 1793 4605 Scribee
1828 4560 1880 4605 et
1904 4550 2048 4606 Pha-
2077 4583 2121 4639 υ

475 4646 647 4708 risaai,
693 4645 996 4701 scribentes
1028 4644 1162 4713 legis
1200 4643 1345 4698 dicta
1384 4644 1436 4696 in
1481 4645 1693 4699 duabus
1732 4645 2045 4713 praecisuris

482 4735 832 4801 membranis,
877 4735 1122 4805 alligant,
1162 4742 1217 4787 et
1254 4734 1478 4788 alteram
1516 4735 1736 4804 quidem
1782 4735 1834 4789 in
1866 4736 2043 4789 domi-

474 4828 584 4881 bus
614 4836 859 4895 portant,
903 4827 1058 4897 quasi
1099 4841 1356 4881 coronam
1398 4836 1660 4896 ponentes
1687 4827 1739 4880 in
1772 4828 2046 4897 capitibus

483 4917 598 4969 suis
626 4918 768 4986 quod
796 4920 1057 4988 scriptum
1088 4930 1171 4973 est
1193 4920 1491 4972 secundum
1526 4919 1751 4973 frontem
1775 4936 1790 4981 ς
1816 4919 2042 4973 alteram

480 5014 660 5058 autem
696 5021 859 5075 super
894 5002 1174 5060 brachium
1220 5022 1414 5060 manus
1460 5021 1595 5067 suae,
1624 5014 1680 5060 et
1716 5015 1911 5060 vocant
1948 5021 2044 5062 eas

473 5097 829 5169 phylacteria.
872 5096 1135 5151 Similiter
1171 5107 1226 5152 et
1269 5097 1336 5150 de
1362 5096 1586 5150 .ﬁmbria
1632 5095 1835 5166 aliquid
1892 5097 2042 5150 inve-

484 5192 695 5245 nientes
747 5191 802 5245 in
855 5189 1276 5244 Deuteronomio
1325 5189 1391 5253 ³⁸,
1440 5187 1607 5258 838
1657 5187 2041 5243 existimantur

478 5297 700 5335 servare
743 5283 938 5351 legem,
972 5280 1239 5335 ﬁmbriam
1281 5280 1521 5349 aliquam
1554 5278 1813 5333 facientes
1855 5278 1910 5331 in
1939 5278 2039 5332 ali-

472 5390 583 5443 qua
636 5384 787 5444 parte
844 5374 1293 5428 vestimentorum
1350 5387 1574 5426 suorum
1625 5385 1746 5439 quae
1801 5379 2039 5440 portant.

474 5464 649 5519 litiam
683 5466 797 5521 haec
826 5480 955 5535 ergo
998 5462 1259 5518 Dominus
1301 5461 1703 5531 reprehendens
1734 5460 1956 5517 Scribas
1988 5471 2041 5515 et

476 5556 785 5611 l’haristeos
816 5557 869 5610 in
898 5555 1274 5625 corporalibus
1307 5565 1361 5608 et
1395 5553 1694 5609 visibilide
1721 5568 1910 5608 eorum
1937 5554 2037 5609 ob-

535 5757 587 5788 “
622 5773 712 5820 xv,
746 5756 828 5820 l0,
855 5759 941 5812 ll.

473 5827 529 5881 5.
603 5826 645 5857 ⁸⁷
670 5826 825 5882 Deut.
852 5844 923 5891 γι.
955 5829 1010 5883 8.

1018 5760 1062 5791 δ’
1095 5756 1280 5811 Matth.
1310 5773 1386 5818 XI,
1406 5758 1570 5810 28-30

1083 5828 1129 5859 ⁸⁸
1159 5843 1292 5895 xm,
1325 5829 1405 5880 l2.

1669 5759 1714 5789 ⁸³
1739 5757 1894 5811 fletu.
1923 5775 1981 5819 ll,
2005 5758 2095 5813 28.
2118 5758 2206 5813 29.

1482 5830 1527 5859 ”
1560 5828 1576 5880 Ι
1612 5827 1750 5881 Tun.
1798 5846 1877 5894 ιιι,
1914 5832 1967 5896 8,
1992 5832 2050 5884 9.
2086 5843 2138 5883 ct
2172 5846 2284 5899 seq.

2168 1994 2265 2047 sed
2294 1994 2457 2048 etiam
2493 1994 2545 2047 in
2594 1994 2835 2051 Ecclesia
2881 1996 3085 2053 Christi
3121 1998 3473 2054 inveniuntur
3505 2017 3615 2055 non
3650 2018 3746 2057 so-

2171 2085 2281 2138 lum
2307 2085 2574 2151 convivia,
2596 2096 2651 2141 et
2676 2084 2991 2141 facientium
3017 2104 3080 2143 ea
3106 2104 3324 2144 mensas
3352 2092 3741 2162 suscipientes,

2170 2175 2262 2231 sed
2313 2177 2473 2230 etiam
2534 2178 2818 2233 cathedras
2868 2179 3072 2248 primas
3113 2178 3166 2232 in
3220 2180 3302 2236 eis
3358 2191 3629 2249 amantes,
3684 2193 3747 2239 et

2171 2266 2338 2320 multa
2377 2265 2638 2325 facientes
2683 2286 2700 2323 ;
2731 2270 2969 2339 primum
3003 2271 3225 2339 quidem
3259 2282 3319 2327 ut
3352 2274 3570 2329 diaconi
3602 2276 3742 2331 ﬁant

2168 2373 2275 2413 non
2307 2358 2444 2413 tales
2468 2359 2656 2428 quales
2686 2359 2816 2413 dicit
2860 2358 3143 2430 Scriptura
3173 2364 3243 2428 ",
3270 2365 3362 2420 sed
3393 2366 3581 2436 quales
3608 2378 3742 2423 sunt

2166 2450 2260 2517 qui
2305 2457 2595 2505 comedunt
2647 2451 2934 2505 viduarum
2975 2452 3205 2520 domos,
3247 2458 3541 2512 occasione
3572 2458 3738 2529 longa

2165 2550 2385 2593 orantes
2418 2558 2431 2592 :
2457 2548 2510 2593 et
2538 2548 2826 2609 propterea
2850 2541 3118 2609 accipient
3143 2545 3418 2613 judicium
3443 2549 3638 2617 majus.
3668 2547 3738 2603 Et

2165 2630 2258 2698 qui
2303 2632 2437 2685 tales
2474 2630 2690 2685 diaconi
2753 2631 2867 2685 lieri
2921 2632 3128 2701 volunt,
3164 2648 3565 2707 consequenter
3599 2639 3737 2694 visi-

2166 2721 2298 2777 biles
2337 2722 2538 2791 primas
2560 2723 2845 2777 cathedras
2883 2738 3071 2778 eorum
3102 2728 3195 2795 qui
3224 2727 3482 2783 dicuntur
3509 2730 3737 2801 presby-

2162 2813 2263 2867 teri
2305 2814 2595 2884 praaripere
2637 2815 2905 2870 ambiunt.
2952 2816 3183 2883 Quidam
3220 2832 3425 2887 autem,
3464 2839 3561 2879 nec
3610 2825 3736 2879 istis

2161 2905 2420 2970 contenti,
2455 2907 2686 2974 plurima
2722 2908 3127 2973 machinantur,
3165 2920 3225 2965 ut
3260 2913 3495 2983 episcopi
3526 2929 3730 2968 vocen-

2164 3004 2252 3049 tur
2280 2997 2347 3051 ab
2384 2999 2717 3064 hominibus,
2759 3000 2905 3069 quod
2933 3010 3013 3056 est
3054 3000 3230 3057 Rabbi
3266 3022 3281 3058 :
3316 3020 3434 3058 cum
3463 3004 3719 3057 deberent

2161 3087 2457 3158 intelligere
2499 3090 2816 3160 episcopum
2849 3092 2964 3145 fieri
2994 3106 3240 3162 Oportere
3274 3094 3717 3163 irreprehensibi—

2161 3179 2264 3233 lem
2292 3178 2359 3244 °°,
2390 3190 2443 3234 et
2468 3190 2658 3236 caetera
2690 3199 2812 3252 quae
2845 3195 3167 3254 sequuntur,
3196 3194 3252 3239 ιιι
3284 3186 3331 3240 si
3363 3200 3471 3239 non
3504 3187 3725 3240 dicatur

1388 3280 1719 3336 manduca";
1758 3254 1920 3336 etiam
1965 3254 2127 3353 pa-c
2160 3273 2229 3324 ab
2282 3271 2594 3327 hominibus
2647 3288 2769 3328 esse
2825 3275 3150 3345 episcopus,
3212 3287 3390 3330 tamen
3449 3277 3521 3331 sit
3576 3279 3722 3347 apud

2160 3360 2349 3416 Deum.
2386 3363 2489 3429 Qui
2521 3364 2664 3418 enim
2699 3365 2858 3420 habet
2895 3366 2947 3419 in
2979 3381 3038 3421 se
3070 3382 3192 3436 qua:
3216 3366 3418 3422 Paulus
3442 3380 3730 3424 enumerat

2156 3452 2224 3506 de
2263 3452 2517 3522 episcopo
2549 3454 2615 3519 ⁶¹,
2647 3454 2751 3508 etsi
2789 3469 2896 3509 non
2927 3466 3009 3509 est
3039 3470 3225 3510 coram
3262 3458 3575 3512 hominibus
3622 3461 3731 3530 epi-

2156 3559 2378 3614 scopus,
2411 3547 2701 3615 episcopus
2732 3556 2816 3602 est
2844 3548 2987 3618 apud
3015 3546 3206 3615 Deum,
3236 3551 3339 3603 etsi
3370 3567 3475 3605 non
3509 3567 3600 3620 per
3631 3568 3726 3605 or-

2154 3639 2486 3695 dinationem
2513 3642 2791 3694 hominum
2815 3642 2880 3695 ad
2907 3656 3030 3695 eum
3057 3643 3283 3711 gradum
3312 3646 3578 3715 pervenit.
3621 3645 3739 3701 Sic-

2156 3739 2215 3783 ut
2259 3740 2313 3783 et
2359 3732 2602 3785 medicus
2643 3740 2729 3787 est
2778 3732 2869 3800 qui
2908 3732 3284 3792 medicinalem
3329 3736 3519 3791 didicit
3562 3737 3725 3791 disei~

2154 3821 2378 3891 plinam,
2405 3830 2459 3877 et
2497 3830 2672 3891 potest
2715 3821 2987 3877 medicare
3019 3826 3178 3893 quasi
3213 3826 3493 3891 medicus;
3531 3828 3633 3880 etsi
3669 3825 3720 3879 ei

2152 3924 2478 3983 tegrotantes
2510 3932 2616 3970 non
2650 3916 2877 3971 credant
2903 3932 3134 3986 corpora
3174 3933 3295 3979 sua,
3327 3917 3570 3972 medicus
3593 3926 3672 3971 est
3701 3935 3717 3970 :

2152 4006 2247 4060 sed
2271 4015 2325 4060 et
2353 4008 2682 4075 gubernator
2709 4020 2793 4061 est
2818 4008 2909 4076 qui
2938 4009 3128 4064 didicit
3164 4008 3602 4080 gubernatoriam
3628 4022 3720 4061 ar-

2153 4105 2281 4159 tem,
2317 4107 2370 4150 et
2397 4107 2572 4166 potest
2605 4115 2694 4163 ea,
2722 4100 2865 4154 sicut
2889 4100 3164 4162 convenit,
3193 4100 3301 4167 uti;
3330 4100 3431 4153 etsi
3467 4116 3571 4153 non
3602 4114 3723 4152 cre-

2150 4186 2346 4241 diderit
2371 4187 2419 4240 ei
2453 4188 2649 4256 aliquis
2679 4189 3049 4258 gubernacula
3082 4189 3257 4254 navis,
3292 4198 3473 4243 tamen
3505 4197 3589 4243 est
3618 4203 3719 4257 gu-

2151 4277 2427 4331 bernator.
2476 4276 2725 4334 luvenies
2764 4289 2945 4335 autem
2992 4294 3144 4335 novae
3191 4281 3378 4351 glorizc
3422 4287 3716 4339 amatores,

2153 4367 2390 4424 zelantes
2421 4369 2489 4423 ab
2522 4370 2835 4425 hominibus
2861 4370 3113 4440 gloriam,
3156 4381 3209 4425 et
3239 4387 3270 4425 a
3299 4370 3410 4426 Deo
3438 4386 3546 4424 non
3574 4369 3720 4424 desi-

2147 4464 2423 4528 derantes,
2451 4466 2607 4533 quasi
2645 4472 2770 4518 ante
2796 4463 3010 4533 judices
3040 4472 3094 4518 et
3137 4463 3419 4534 praesides,
3450 4461 3531 4517 sic
3553 4476 3721 4531 quos—

2149 4554 2272 4608 dam
2303 4553 2495 4608 adduci
2535 4564 2661 4609 ante
2685 4570 2780 4609 eos
2809 4573 2822 4609 :
2858 4564 2911 4609 et
2940 4556 2986 4610 si
3016 4555 3196 4610 dicere
3221 4562 3456 4625 oportet,
3485 4568 3581 4622 per
3615 4553 3718 4606 hoc

2155 4644 2331 4711 ipsum
2392 4644 2725 4698 levissimum
2779 4646 2983 4699 Christi
3037 4661 3200 4711 onus,
3256 4644 3592 4699 intolerabile
3641 4641 3720 4695 fa-

2153 4735 2301 4789 ciunt
2330 4751 2490 4790 onus.
2532 4736 2731 4790 Christi
2784 4748 2967 4793 autem
3014 4736 3315 4806 discipulus
3357 4735 3618 4796 sustinet,
3662 4741 3718 4786 et

2151 4826 2329 4880 adhuc
2366 4826 2651 4882 intercedit
2686 4844 2700 4882 :
2734 4829 2916 4881 omnia
2966 4826 3094 4882 facit
3128 4837 3187 4881 ut
3234 4829 3480 4881 videatur
3515 4841 3546 4879 a
3582 4823 3715 4887 Deo,

2151 4918 2378 4987 gloriam
2411 4926 2768 4973 contemnens
2791 4920 3104 4973 humanam.
3137 4916 3240 4974 Iste
3268 4918 3457 4972 videns
3480 4914 3717 4986 parabo-

2148 5007 2324 5061 larum
2364 5007 2801 5077 evangelicarum
2842 5024 3076 5074 emnam,
3108 5017 3164 5062 et
3198 5008 3446 5063 caalestes
3477 5004 3716 5076 primiti-

2149 5112 2339 5151 verum
2364 5096 2653 5162 Ecclesias,
2679 5106 2734 5153 et
2760 5098 3231 5169 congregationes,
3260 5108 3314 5152 et
3338 5096 3632 5161 nundinas,
3656 5091 3715 5148 in

2148 5190 2348 5259 quibus
2395 5197 2534 5256 erat,
2587 5189 2886 5243 secundum
2937 5189 3223 5244 Canticum
3271 5187 3608 5244 canticorum
3645 5182 3713 5246 ",

2149 5296 2370 5350 sponsa,
2402 5280 2578 5350 diligit
2608 5279 2827 5349 quidem
2868 5279 2921 5333 in
2956 5278 3294 5350 spiritalibus
3322 5278 3495 5333 caenis
3530 5276 3715 5330 discu-

2149 5371 2295 5424 bitus
2338 5370 2568 5439 primos,
2618 5379 2677 5421 ut
2724 5369 2952 5423 meliora
3001 5369 3330 5439 spiritalium
3369 5367 3616 5422 ciborum
3658 5373 3719 5418 et

2147 5459 2414 5529 primitias
2452 5459 2684 5514 convivii
2721 5459 2980 5529 spiritalis
3019 5459 3329 5522 manducet,
3360 5465 3413 5511 et
3448 5470 3554 5509 non
3588 5454 3716 5508 reli-

2147 5552 2305 5621 quias
2329 5561 2673 5607 cretei-orum.
2705 5550 2885 5622 Diligit
2906 5553 3069 5608 etiam
3091 5569 3213 5608 cum
3240 5549 3501 5622 apostolis
3527 5549 3720 5605 seden-

2283 5760 2329 5791 “
2353 5759 2365 5811 l
2388 5759 2507 5813 Cor.
2540 5776 2593 5822 v,
2613 5759 2664 5814 8.
2742 5759 2787 5790 ⁸⁵
2808 5756 2965 5813 Joan.
3002 5775 3074 5823 νι,
3108 5758 3196 5813 54.
3271 5756 3318 5788 ⁵⁸
3345 5755 3529 5809 Matth.
3556 5767 3716 5814 xxiii,

2365 5833 2410 5861 ⁸ο
2447 5830 2575 5883 ibid.
2654 5829 2697 5859 “
2737 5827 2873 5882 ibid.
2984 5829 3028 5860 “
3058 5826 3215 5883 Cant.
3260 5843 3342 5896 ιιι,
3384 5827 3436 5880 ἒ..
