4074 6300
442 395 578 455 1617

1595 387 2253 449 COMMENTARIORUM
2291 387 2553 444 SERIES.

3572 379 3708 434 1618

439 520 587 575 tibus
625 532 790 588 super
835 517 1059 572 thronos
1104 514 1417 580 duodecim,
1448 513 1655 583 primas
1691 511 2017 575 cathedras,
2055 517 2098 572 Α
2126 507 2218 563 Dei
2256 509 2401 563 illius
2427 508 2520 577 qui
2555 508 2726 578 legem
2756 504 2922 570 dedit,
2952 502 3255 560 secundum
3291 498 3707 556 similitudinem

442 611 661 667 actibus
696 609 851 665 bonis
894 608 1118 678 dignum
1149 623 1208 661 se
1246 607 1487 676 praebere
1519 604 1786 659 festinans
1826 604 2018 658 cathe-

441 702 558 756 dris
608 699 943 771 ltujusntodi.
1001 698 1092 753 Sic
1151 706 1333 752 autem
1379 705 1434 750 et
1490 696 1848 751 salutationes
1899 708 2022 763 (ιυιε

445 793 583 848 iiunt
620 792 674 846 in
727 791 1004 854 nundinis,
1055 805 1194 859 quas
1239 788 1600 858 exposuimus
1643 802 1828 857 supra.
1865 786 2021 841 Unus

438 897 526 940 est
563 883 821 952 magister
860 882 1107 936 omnium
1138 882 1206 935 ⁸³.
1243 879 1442 935 Vocari
1476 888 1657 934 autem
1693 877 1890 941 Rabbi,
1926 893 2032 931 ne-

436 993 546 1048 que
586 976 656 1031 ab
686 975 1024 1035 hominibus,
1058 989 1235 1043 neque
1261 972 1330 1027 ab
1361 972 1469 1027 alio
1494 972 1683 1041 aliquo
1724 970 1900 1040 diligit
1930 970 2021 1039 ju-

437 1076 578 1130 stus,
611 1079 794 1121 certus
822 1065 949 1135 quia
973 1080 1116 1119 unus
1140 1074 1224 1119 est
1247 1062 1508 1133 magister
1528 1062 1798 1116 omnium.
1817 1057 2021 1114 Omnes

435 1168 619 1212 autem
655 1155 748 1227 qui
792 1155 897 1210 sub
942 1169 1011 1209 eo
1055 1161 1205 1219 sunt,
1249 1151 1575 1206 alterutrum
1624 1158 1753 1204 sunt
1799 1145 2016 1201 fratres.

438 1248 546 1305 Sed
587 1258 642 1303 et
670 1247 763 1318 qui
803 1262 1039 1316 superna
1077 1245 1361 1299 nativitate
1391 1257 1501 1297 non
1542 1241 1721 1297 solum
1756 1255 1823 1294 ex
1854 1254 2017 1309 aqua,

436 1343 532 1398 sed
570 1341 737 1397 etiam
779 1340 847 1394 de
885 1338 1092 1410 Spiritu
1122 1348 1286 1393 natus
1320 1345 1425 1401 est,
1460 1334 1726 1405 Spiritum
1765 1332 2022 1403 adoptio~

438 1437 525 1492 nis
554 1433 785 1505 accepit,
818 1443 879 1489 ut
911 1433 1096 1489 dicant
1123 1431 1192 1487 de
1221 1447 1306 1498 eo,
1335 1430 1465 1501 quia
1492 1444 1601 1484 non
1630 1437 1710 1484 est
1740 1442 1806 1483 ex
1835 1441 2018 1491 carne,

438 1539 615 1595 neque
648 1539 715 1579 ex
746 1523 1027 1578 voluntate
1075 1520 1201 1589 viri,
1238 1520 1332 1576 sed
1369 1534 1436 1575 ex
1457 1517 1569 1572 Deo
1608 1527 1773 1573 natus
1797 1525 1886 1572 est
1916 1516 1961 1548 “
2003 1534 2017 1571 :

437 1616 640 1671 nullius
673 1628 866 1670 eorum
916 1613 1013 1683 qui
1048 1611 1102 1667 in
1152 1611 1316 1668 terris
1364 1609 1637 1665 habentur
1669 1617 1724 1665 et
1760 1607 2020 1664 deorsum

436 1709 582 1766 ﬁlius
618 1707 799 1763 adhuc
825 1706 1116 1773 exsistens,
1160 1720 1271 1759 non
1309 1710 1471 1759 vocat
1508 1711 1719 1773 patrem
1754 1702 1808 1758 in
1835 1703 2017 1768 terris,

434 1798 595 1869 quasi
623 1797 718 1868 qui
752 1812 849 1868 per
878 1811 1097 1852 omnem
1142 1804 1324 1849 actum
1359 1794 1664 1849 secundum
1701 1792 1873 1849 Deum
1910 1794 2019 1847 int-

2129 600 2350 669 quident
2412 598 2854 654 benedictionum
2904 612 3027 666 qua:
3075 594 3266 665 posita:
3316 599 3449 647 sunt
3486 591 3544 646 in
3572 591 3710 659 lege,

2129 692 2262 748 dicit
2289 700 2343 745 et
2381 690 2497 761 ipse
2529 690 2897 745 beatitudines
2919 702 3111 742 eorum
3140 686 3233 755 qui
3268 685 3571 741 salvantur.
3610 680 3713 738 50-

2129 782 2373 839 cundum
2409 781 2826 838 similitudinem
2859 788 3040 834 autem
3084 776 3532 832 maledictionum
3562 775 3710 845 posi-

2131 884 2309 931 tarum
2365 875 2418 928 in
2474 875 2609 943 lege,
2658 873 2813 943 ponit
2850 872 3116 926 adversus
3152 877 3465 939 peccatores
3494 882 3594 933 va',
3629 866 3714 920 dis

2128 964 2425 1022 cens:Vae
2472 965 2629 1019 vobis
2681 975 2734 1018 et
2786 964 2960 1019 vobis.
3006 960 3073 1014 Et
3131 961 3248 1016 luce
3302 959 3584 1015 audientes
3618 956 3711 1027 qui

2130 1057 2298 1113 Deum
2344 1057 2481 1129 legis
2529 1064 2849 1119 causentur,
2898 1069 3009 1107 non
3055 1052 3419 1124 intelligentes
3473 1050 3620 1119 quod
3659 1056 3718 1106 et.

2130 1150 2220 1204 illa
2247 1164 2277 1203 a
2316 1148 2423 1203 Deo
2474 1148 2709 1216 benigno
2740 1155 2869 1201 sunt
2889 1146 3054 1211 dicta,
3083 1144 3266 1199 dicant
3290 1143 3419 1212 quid
3450 1142 3713 1198 debemus

2131 1239 2429 1310 intelligere
2488 1237 2556 1291 de
2599 1237 2732 1293 Jesu
2780 1236 3034 1291 dicente:
3081 1234 3168 1289 Va:
3209 1234 3376 1299 vobis,
3423 1232 3629 1288 Scribe
3661 1239 3712 1284 et

2133 1330 2418 1385 Pharistei.
2448 1328 2552 1396 Qui
2592 1326 2832 1382 fatentur
2853 1326 3113 1381 bonitatis
3141 1341 3263 1379 esse
3298 1324 3563 1379 adversus
3587 1337 3712 1392 pec~

2130 1430 2344 1477 catores
2387 1421 2489 1475 ista
2541 1418 2898 1490 pronuntiare
2924 1458 2940 1484 ,
2982 1418 3284 1487 intelligant
3324 1415 3473 1485 quod
3534 1414 3713 1468 simile

2130 1522 2215 1570 est
2238 1513 2578 1585 propositum
2617 1510 2712 1566 Dei
2762 1511 2815 1564 in
2860 1509 3339 1563 maledictionibus
3373 1506 3506 1576 legis
3534 1504 3710 1575 profe-

2130 1607 2384 1663 rendisin
2412 1608 2548 1677 lege.
2576 1604 2704 1660 Sive
2732 1614 2915 1659 autem
2947 1605 3035 1657 illa
3074 1602 3406 1668 maledictio,
3439 1602 3553 1656 sive
3579 1600 3710 1655 illud

2131 1714 2212 1754 va:
2243 1698 2684 1769 pronuntiatum,
2750 1711 2857 1749 non
2886 1710 2952 1749 ex
2991 1694 3439 1765 pronuntiatione
3466 1707 3709 1762 pronun-

2137 1791 2326 1846 tiantis
2352 1789 2647 1859 unicuique
2694 1787 2926 1856 contigit
2969 1785 3237 1856 peccauti,
3273 1785 3365 1839 sed
3390 1800 3453 1838 ex
3478 1784 3713 1853 peccatis

436 1892 641 1962 pletum
674 1890 805 1946 dicit
848 1907 864 1943 :
897 1888 1063 1943 Pater
1088 1898 1286 1955 noster,
1322 1888 1414 1957 qui
1442 1902 1496 1941 es
1529 1888 1583 1941 in
1613 1886 1757 1941 caelis
1788 1888 1855 1942 ⁸⁸.
1884 1884 2021 1943 Etsi
2058 1881 2100 1936 Β
2128 1882 2303 1953 ipsius
2359 1880 2658 1952 peccantis,
2684 1878 2783 1949 qui
2831 1879 3058 1949 dignum
3096 1891 3156 1934 se
3192 1876 3398 1948 praebet
3419 1877 3486 1929 ad
3518 1891 3710 1931 susce-

439 1983 714 2037 ministrat
741 1981 867 2055 quis
906 1980 1074 2035 verba
1108 1980 1317 2047 divina,
1352 1993 1701 2049 nequaquam
1730 1993 1789 2034 se
1819 1978 2024 2048 praebet

435 2081 498 2127 ut
522 2072 781 2143 magister
808 2080 1055 2137 vocetur,
1089 2069 1272 2125 sciens
1306 2068 1434 2138 quia
1457 2067 1712 2122 Christus
1739 2067 1792 2121 in
1822 2081 1888 2122 eo
1916 2075 2019 2133 est,

433 2162 654 2232 quando
703 2161 842 2215 bene
881 2159 1194 2230 profecerit,
1230 2175 1391 2229 quem
1426 2166 1642 2229 oportet
1689 2159 1870 2213 vocari
1906 2175 2023 2211 ma-

435 2255 665 2323 gistrum
710 2268 739 2306 a
777 2253 988 2307 cunctis
1032 2252 1404 2322 prodiiicatis:
1442 2267 1501 2305 se
1527 2260 1707 2305 autem
1740 2253 2020 2320 profitetur

436 2346 749 2400 ministrum
772 2344 1073 2399 secundum
1107 2344 1425 2398 mandatum
1448 2342 1651 2397 Christi
1675 2344 1908 2397 dicentis
1935 2344 1979 2375 °'
2003 2364 2015 2399 :

436 2439 542 2506 Qui
573 2436 745 2503 major
770 2444 847 2490 est
884 2437 1023 2489 inter
1062 2452 1170 2499 vos,
1203 2438 1275 2489 sit
1310 2434 1547 2487 onmium
1581 2435 1843 2490 minister.
1871 2433 2019 2500 Quo.

436 2529 583 2584 niam
612 2536 667 2585 et
689 2528 805 2597 ipse
827 2526 1083 2581 Christus
1106 2541 1232 2581 cum
1268 2532 1415 2580 esset
1439 2540 1567 2580 vere
1607 2526 1888 2596 magister,
1917 2526 2021 2580 tui-

436 2620 672 2677 nistrum
705 2634 764 2675 se
804 2634 928 2675 esse
967 2618 1249 2690 professus
1274 2627 1389 2683 est,
1428 2617 1615 2673 dicens
1642 2616 1689 2649 ⁸⁷
1723 2636 1736 2673 :
1772 2617 1884 2689 Ego
1922 2635 2020 2672 an-

438 2721 539 2766 tem
568 2727 683 2766 sum
724 2711 779 2765 in
812 2710 981 2765 medio
1018 2720 1271 2773 oestrum,
1298 2726 1402 2765 non
1441 2710 1599 2780 quasi
1621 2711 1711 2780 qui
1739 2709 2016 2773 recumbit,

435 2802 529 2856 sed
559 2802 715 2872 quasi
749 2804 841 2873 qui
885 2803 1179 2858 ministrat.
1240 2801 1386 2859 Bene
1434 2812 1616 2857 autem
1665 2812 1791 2872 post
1834 2802 2016 2857 omnia

434 2893 632 2962 quibus
677 2908 828 2948 vanae
852 2894 1041 2961 gloria:
1077 2894 1245 2949 vetuit
1266 2892 1765 2963 concupiscentias,
1808 2892 2018 2947 addidit

435 2986 625 3040 dicens
673 2984 719 3017 ⁸⁸
760 3000 774 3035 :
814 2984 920 3049 Qui
964 3000 1017 3038 se
1053 2985 1393 3050 emanauerit,
1432 2983 1825 3038 Itumiliabitur.
1859 2983 2015 3051 Quod

436 3077 646 3131 utinam
699 3090 894 3130 clunes
950 3075 1170 3145 quidem
1229 3077 1503 3144 audirent,
1548 3077 1785 3132 maxime
1834 3086 2014 3131 autent

434 3166 676 3234 diaconi,
709 3176 763 3221 et
796 3168 1122 3239 presbyteri,
1152 3178 1205 3224 et
1232 3171 1498 3240 episcopi,
1533 3170 1773 3225 maxime
1805 3170 1897 3239 qui
1928 3185 2017 3224 ar-

437 3262 709 3316 bitrantur
735 3262 854 3317 inec
892 3278 1001 3316 non
1033 3277 1153 3317 esse
1182 3262 1386 3333 scripta
1417 3281 1430 3317 :
1465 3264 1569 3328 Qui
1594 3279 1648 3317 se
1676 3262 2013 3327 exaltaverit,

436 3348 842 3415 Immiliabitur;
895 3357 1180 3419 propterea
1231 3351 1376 3421 quod
1434 3352 1594 3421 quasi
1654 3366 1832 3421 neque
1884 3352 2015 3406 illud

435 3440 693 3504 scientes,
725 3442 815 3509 qui
857 3458 911 3495 se
936 3441 1216 3507 Itumiliat,
1250 3442 1603 3511 excitabitur,
1650 3459 1755 3497 non
1788 3443 2018 3498 audiunt

433 3546 557 3584 eum
587 3532 678 3601 qui
704 3532 840 3585 dixit
869 3534 913 3564 “9
943 3551 955 3584 :
993 3533 1194 3587 Discite
1225 3551 1290 3588 ea:
1317 3550 1396 3586 me
1435 3535 1686 3602 quoniam
1730 3536 1875 3589 mitis
1898 3552 2017 3589 sum

433 3628 485 3671 et
525 3620 741 3673 Immitis
785 3621 960 3675 corde.
1004 3620 1173 3675 lnﬂati
1228 3631 1356 3676 sunt
1393 3632 1600 3688 autem,
1634 3631 1689 3677 et
1732 3638 1828 3692 per
1858 3623 2017 3678 iulla-

436 3709 641 3763 tionem
682 3710 939 3765 decidunt
975 3711 1029 3765 in
1062 3711 1331 3782 judicium
1366 3711 1566 3766 diaboli
1598 3713 1667 3776 το,
1709 3728 1811 3766 nec
1856 3729 2010 3783 qua:-

437 3807 566 3855 runt
600 3816 695 3870 per
722 3800 1083 3857 humilitatem
1137 3803 1434 3858 ascendere
1478 3819 1509 3858 a
1539 3803 1750 3874 judicio
1775 3803 2016 3860 inflatio-

436 3892 544 3957 nis,
577 3907 701 3948 cum
746 3893 1003 3949 deberent
1043 3896 1319 3951 recordari
1356 3895 1650 3967 Sapientia:
1678 3896 1905 3951 verbum
1932 3896 2018 3951 di-

436 3984 613 4039 centis
639 3984 684 4015 '”
719 4003 732 4039 :
764 3985 1039 4052 Quantum
1072 4003 1297 4059 magnus
1329 4004 1404 4054 es,
1446 3997 1649 4041 tantum
1685 3987 1912 4041 humilia
1948 3999 2015 4055 te,

434 4087 488 4128 et
508 4090 689 4128 coram
714 4075 822 4130 Deo
853 4079 1080 4133 invenies
1104 4081 1374 4150 gratiam;
1395 4080 1539 4148 quod
1568 4079 1805 4149 primum
1833 4078 2017 4135 Domi-

438 4181 543 4219 nus
568 4172 989 4224 consummavit.
1035 4171 1313 4237 Quantum
1360 4172 1505 4225 enim
1544 4174 1722 4225 fuerat
1762 4187 2014 4241 magnus,

438 4269 646 4314 tantum
693 4276 750 4317 se
782 4262 1106 4317 ltttmiliavit.
1137 4263 1271 4319 Cum
1294 4264 1439 4318 enim
1464 4274 1594 4317 esset
1619 4265 1671 4316 in
1696 4263 1869 4332 forma
1899 4264 2014 4328 Dei,

436 4364 538 4402 non
566 4353 809 4421 rapinam
844 4355 1137 4408 arbitratus
1163 4365 1240 4410 est
1272 4371 1384 4409 esse
1430 4371 1485 4408 se
1530 4369 1711 4423 parent
1741 4352 1877 4419 Deo,
1927 4353 2018 4409 sed

432 4444 767 4511 semetipsum
796 4447 1110 4511 exinanivit,
1147 4447 1375 4516 formam
1408 4446 1542 4499 servi
1570 4446 1830 4515 accipiens
1862 4446 1916 4499 in
1944 4448 2017 4499 si-

436 4534 736 4589 militudine
770 4536 1042 4590 hominum
1076 4538 1272 4607 factus,
1303 4546 1352 4592 et
1381 4538 1431 4591 in
1466 4538 1635 4607 specie
1676 4538 1916 4591 inventus
1954 4546 2014 4591 ut

433 4625 617 4689 homo,
650 4626 950 4681 humiliarit
983 4646 1037 4683 se
1084 4647 1244 4701 usque
1283 4631 1352 4685 ad
1382 4642 1623 4696 mortem,
1668 4639 1887 4684 mortent
1916 4646 2012 4683 au-

437 4723 541 4766 tem
577 4717 748 4770 crucis
780 4733 799 4771 :
834 4728 1050 4788 propter
1074 4721 1215 4790 quod
1247 4730 1297 4775 et
1338 4720 1479 4775 Deus
1520 4721 1673 4775 illum
1710 4717 2018 4789 superemi-

435 4807 566 4861 tavit
606 4817 655 4862 et
685 4809 903 4865 donavit
948 4812 996 4865 ei
1028 4828 1211 4865 nomen
1238 4812 1377 4883 quod
1410 4821 1488 4866 est
1523 4828 1681 4881 super
1729 4827 1881 4865 omne
1918 4825 2013 4862 no-

433 4916 551 4954 men
571 4901 637 4954 ".
679 4901 848 4974 839
877 4901 982 4970 Qui
1015 4914 1098 4960 est
1131 4903 1450 4960 benedictus
1473 4905 1525 4959 in
1555 4902 1757 4959 smcula
1781 4902 2015 4958 saeculo-

432 5009 578 5049 rum.
614 4993 810 5049 Amen.

503 5086 591 5140 15.
658 5084 748 5141 Va:
773 5086 938 5150 vobis,
972 5084 1174 5142 Scriba:
1195 5096 1242 5141 et
1265 5085 1530 5141 Phariscei
1552 5087 1860 5157 Itypocritce,
1890 5089 2018 5158 quia

432 5176 949 5250 clauditis’regnum
1004 5179 1252 5233 caelorum
1300 5189 1421 5233 ante
1464 5180 1697 5234 homines
1721 5180 1789 5245 ⁷³,
1820 5180 2019 5235 ctreli-

431 5282 561 5334 qua.
620 5266 723 5333 Qui
772 5271 976 5323 audent
1007 5268 1175 5323 Deum
1215 5269 1398 5324 dicere
1422 5285 1528 5323 non
1560 5270 1764 5323 bonum
1800 5280 2019 5341 propter

434 5357 843 5415 maledictiones
870 5376 1009 5430 quas
1042 5360 1309 5415 adversus
1343 5362 1743 5430 peccatores'in
1777 5362 1894 5433 lege
1913 5379 2009 5417 sua

430 5449 614 5516 posuit
670 5450 834 5517 Deus,
888 5452 1116 5507 audiant
1169 5450 1446 5523 quomodo
1482 5453 1637 5521 quasi
1686 5469 1810 5509 vere
1843 5451 2013 5511 Filius

504 5673 550 5706 ⁸³
595 5678 783 5751 Matth.
830 5701 987 5751 χχιιι,
1024 5685 1077 5739 8.

436 5740 524 5823 te.
556 5819 568 5823 _
601 5751 645 5781 ιο
681 5750 869 5823 ΜέιιιΙΙ.
904 5740 1093 5823 “[29.

435 5812 482 5845 "’
536 5819 738 5891 Supple
778 5839 918 5882 eum.

1157 5687 1202 5719 ⁵⁸
1231 5684 1388 5740 Joan.
1429 5702 1466 5749 ι,
1515 5686 1600 5739 15.

1187 5758 1231 5791 ⁷⁰
1273 5755 1467 5813 ιΤιω.
1499 5772 1580 5824 ιιι,
1615 5759 1667 5813 ti.

1680 5687 1723 5717 “
1756 5685 1945 5740 Matth.
1981 5703 2052 5754 vt,
2078 5688 2133 5741 ξ).

1779 5757 1819 5788 ⁷³
1857 5756 2020 5813 Eccli.
2060 5773 2144 5826 ιιι,
2201 5758 2290 5813 20.

2125 1974 2366 2045 ptionem
2425 1972 2508 2028 vel
2568 1971 2782 2026 illarum
2834 1969 3314 2026 maledictionum.
3357 1969 3442 2023 vel
3480 1969 3712 2023 istorum

2122 2084 2224 2134 vce,
2258 2083 2382 2138 quae
2410 2066 2555 2122 Deus
2582 2066 2887 2135 disciplina:
2913 2080 3080 2120 causa
3110 2061 3483 2132 pronuntiavit
3518 2061 3712 2115 adver-

2126 2178 2222 2216 sus
2254 2162 2401 2228 illos,
2428 2169 2489 2215 ut
2516 2168 2798 2215 convertat
2821 2158 2943 2214 illos
2971 2158 3039 2213 ad
3068 2158 3292 2212 bonum.
3321 2154 3457 2209 Nam
3482 2164 3536 2209 et
3561 2162 3711 2225 pater

2124 2252 2416 2322 increpans
2449 2251 2644 2314 filium,
2684 2250 2892 2321 profert
2927 2249 3238 2320 frequenter
3282 2248 3348 2302 ad
3369 2246 3711 2301 emendatio-

2123 2360 2246 2399 nem
2267 2344 2388 2414 ejus
2405 2358 2548 2415 quos
2569 2344 2674 2397 iam
2708 2358 2992 2399 sermones
3021 2343 3113 2412 qtti
3160 2341 3415 2396 videntur
3443 2355 3564 2395 esse
3604 2354 3712 2393 tua-

2122 2436 2460 2503 ledictiones,
2493 2445 2548 2490 et
2575 2446 2755 2490 tamen
2793 2450 2901 2489 non
2931 2435 3046 2487 vult
3068 2435 3353 2505 dignum“
3394 2434 3505 2488 fieri
3543 2434 3711 2486 male-

2121 2528 2452 2584 dictionibus
2479 2527 2605 2592 illis,
2640 2527 2733 2582 sed
2785 2536 3029 2581 avertere
3076 2542 3202 2581 eum
3245 2526 3419 2597 magis
3464 2526 3611 2595 cupit
3640 2526 3710 2579 ab

2122 2621 2224 2675 eis.
2277 2618 2405 2675 llarc
2462 2620 2741 2683 diximus,
2805 2627 2866 2672 nt
2920 2619 3367 2673 demonstremus
3418 2616 3707 2687 Evangelia

2122 2710 2504 2764 convenientia
2560 2724 2682 2764 esse
2735 2708 2861 2779 legi.
2900 2708 3165 2762 Similiter
3216 2718 3269 2761 ct
3299 2722 3443 2761 nunc
3470 2707 3659 2761 dicens
3693 2726 3705 2760 :

2134 2800 2222 2855 Vw
2248 2802 2413 2863 vobis.
2448 2801 2650 2856 Scribe
2698 2813 2745 2854 et
2775 2800 3061 2863 Pharisaei,
3086 2800 3178 2870 qui
3222 2799 3474 2852 clauditis
3494 2815 3710 2867 regnum

2120 2894 2391 2962 caelorum,
2439 2896 2637 2949 terruit
2667 2892 2889 2947 Scr-ibas
2933 2901 2985 2946 et
3019 2890 3327 2947 Phariszeos
3362 2900 3419 2945 ut
3459 2905 3526 2945 ne
3557 2889 3709 2944 clau-

2120 2984 2252 3039 dant
2308 3000 2534 3054 regnum
2589 2984 2855 3039 ccelorum
2902 2992 3027 3036 ante
3071 2982 3341 3037 homines.
3377 2980 3709 3036 Claudentcs

2120 3088 2302 3130 autem
2339 3092 2565 3146 regnum
2598 3075 2861 3130 caelorum
2908 3073 3112 3129 Scriba:
3158 3084 3212 3128 et
3251 3073 3512 3128 I’barismi
3542 3114 3557 3137 ,
3594 3075 3706 3128 duo

2120 3166 2188 3220 ad
2248 3167 2415 3221 semel
2484 3166 2829 3235 delinquunt.
2891 3162 3070 3218 Unum
3126 3163 3344 3234 quidem
3416 3163 3561 3233 quod
3603 3164 3705 3232 ipsi

2122 3271 2234 3311 non
2268 3256 2647 3327 ingrediuntur
2700 3255 2752 3309 in
2800 3271 3025 3326 regnum
3053 3255 3359 3321 cmlorum;
3401 3255 3705 3309 secundum

2121 3346 2267 3416 quod
2294 3347 2561 3400 intrantes
2587 3346 2814 3400 introire
2838 3361 2945 3399 non
2960 3345 3167 3400 sinunt.
3202 3343 3326 3400 llaec
3358 3345 3467 3400 duo
3485 3355 3706 3415 peccata

2123 3438 2442 3493 naturalittr
2464 3438 2849 3508 inscparabilia
2876 3438 3092 3493 suntab
3128 3437 3382 3494 invicem.
3420 3436 3521 3505 Qui
3557 3438 3705 3493 enim

2120 3530 2352 3585 alterum
2402 3545 2469 3585 ex
2533 3529 2655 3583 istis
2699 3542 2910 3598 peccat,
2961 3528 3030 3583 ab
3071 3528 3244 3582 altero
3296 3544 3355 3583 se
3391 3545 3496 3584 non
3526 3538 3704 3599 potest

2120 3622 2414 3675 abstinere.
2435 3621 2570 3674 Item
2592 3621 2925 3686 eeontrario,
2952 3620 3046 3689 qui
3073 3619 3139 3675 ab
3164 3619 3334 3674 altero
3358 3636 3419 3676 se
3450 3621 3704 3686 abstinet,

2123 3712 2465 3780 impossibile
2483 3720 2569 3765 est
2592 3721 2649 3765 ut
2680 3727 2786 3765 non
2822 3711 2892 3765 ab
2914 3711 3084 3765 altero
3101 3727 3159 3765 se
3173 3711 3465 3779 abstineat,
3490 3723 3702 3782 utputa,

2121 3820 2230 3858 non
2287 3806 2563 3859 invenitur
2617 3804 2838 3874 aliquis,
2878 3815 2936 3859 ut
2984 3806 3098 3873 ipse
3128 3806 3348 3875 quidem
3397 3807 3705 3875 ingrediens

2120 3895 2178 3951 in
2208 3911 2433 3967 regnum
2473 3896 2762 3963 cmlorum,
2798 3897 2936 3951 alios
2993 3897 3203 3967 ingredi
3250 3914 3357 3951 non
3403 3898 3700 3967 permittat.

2120 3988 2383 4057 quoniam
2415 3989 2511 4056 qtti
2544 3997 2690 4042 vetat
2723 3988 2859 4043 alios
2893 3989 3096 4042 intrare
3127 3988 3178 4041 in
3221 4004 3469 4056 regnum,
3500 3989 3703 4054 sufﬁcit

2119 4081 2167 4136 ei
2190 4080 2257 4135 ad
2292 4080 2671 4149 expulsionem
2698 4080 2992 4150 quominus
3029 4080 3193 4135 intret
3242 4081 3295 4135 in
3335 4096 3557 4150 regnum
3592 4097 3702 4138 ete-

2118 4170 2320 4235 lorum,
2352 4169 2454 4223 llOC
2485 4169 2661 4238 ipsqu
2693 4169 2837 4237 quod
2874 4169 3011 4223 alios
3037 4184 3142 4223 non
3167 4169 3430 4239 permittit
3462 4169 3701 4237 intrare;

2119 4260 2377 4331 quoniam
2431 4259 2523 4329 qui
2571 4259 3025 4315 scandalizaverit
3066 4260 3132 4314 de
3165 4260 3380 4330 pusillis
3427 4260 3703 4328 Ecclesiae,

2120 4351 2414 4422 prohibens
2443 4352 2679 4421 aliquem
2709 4351 2912 4405 intrare
2939 4351 2992 4404 in
3027 4367 3253 4421 regnum
3279 4353 3569 4419 ewlorum,
3603 4369 3702 4423 pa-

2121 4446 2287 4501 tietur
2330 4445 2476 4514 quod
2529 4444 2792 4514 scriptum
2825 4454 2908 4500 est
2957 4445 3012 4499 in
3049 4444 3373 4516 Evangelio,
3415 4462 3512 4501 vat.
3545 4445 3702 4517 Item,

2121 4535 2463 4599 eeontrario,
2522 4533 2618 4604 qui
2674 4544 2845 4604 potest
2899 4535 3136 4606 aliquem
3179 4534 3357 4591 facere
3398 4538 3602 4592 intrare
3644 4537 3701 4592 in

2123 4641 2349 4696 regnum
2377 4626 2666 4693 ctelorum,
2706 4627 2750 4682 si
2779 4636 2961 4683 tamen
2997 4628 3048 4682 in
3084 4628 3203 4699 ejus
3235 4637 3503 4698 potestate
3534 4629 3703 4683 fuerit

2118 4725 2173 4773 et
2205 4718 2516 4788 permittere
2547 4729 2601 4772 et
2645 4727 2844 4786 vetare,
2876 4719 3047 4774 multo
3104 4721 3277 4790 magis
3310 4721 3428 4791 ipse
3456 4720 3704 4778 introibit

2120 4806 2176 4861 in
2213 4821 2441 4877 regnum
2464 4806 2750 4861 caelorum.

2192 4898 2280 4952 H.
2334 4897 2472 4953 Cum
2534 4898 2845 4969 frequenter
2890 4900 3039 4955 dicat
3087 4901 3353 4958 Dominus
3388 4901 3598 4958 Scribis
3644 4912 3700 4958 et

2115 4988 2442 5054 Pharisaeis,
2486 5006 2601 5057 vae,
2643 4992 3078 5063 uniuscujusque
3119 5009 3196 5049 vze
3233 5010 3457 5050 causam
3499 4995 3553 5049 in
3580 4995 3701 5050 loco

2116 5083 2337 5153 proprio
2394 5098 2751 5152 exponemus.
2804 5081 2963 5139 Nunc
3005 5096 3188 5140 autem
3218 5087 3382 5157 hujus
3414 5087 3700 5157 pratseutis

2118 5192 2199 5231 vae
2230 5193 2569 5246 exponemus
2618 5193 2864 5233 causam.
2909 5176 3203 5235 Praesentis
3242 5197 3375 5250 ergo
3418 5197 3496 5236 ναξ
3533 5194 3698 5234 causa

2116 5278 2220 5332 est,
2243 5271 2371 5339 quia
2392 5268 2718 5325 claudebant
2739 5287 2963 5341 regnum
2989 5273 3253 5327 cmlorum
3277 5282 3403 5328 ante
3426 5271 3697 5327 homines.

2120 5361 2447 5417 Claudentes
2472 5372 2651 5417 autem
2676 5372 2803 5417 ante
2821 5364 2981 5431 alios,
3019 5381 3118 5421 nec
3142 5366 3245 5434 ipsi
3284 5365 3699 5431 intrabantpro-

2124 5459 2241 5524 pter
2285 5452 2388 5507 hoc
2419 5452 2596 5523 ipsum
2630 5454 2778 5524 quod
2817 5455 3044 5512 introire
3091 5457 3344 5512 vetabant
3389 5472 3487 5513 eos
3507 5456 3704 5525 quiin-

2211 5686 2690 5762 Ltte:_x3tt_,_f26.
2804 5690 2847 5719 ⁸⁷
2874 5689 3005 5746 ibid.
3029 5689 3120 5762 27.
3160 5760 3195 5762 Α
3230 5691 3274 5721 ³⁸
3300 5689 3486 5744 Matth.
3534 5706 3696 5762 xvttt,

2397 5756 2670 5830 “Philip.
2728 5775 2789 5829 tl,
2843 5762 2959 5817 6-9.
3074 5761 3117 5793 ⁷³
3150 5760 3341 5816 Matth.
3381 5778 3536 5828 nm,
3590 5764 3674 5816 15.
