4052 6304
455 327 593 385 ista
1622 319 1945 379 outcems
1983 319 2051 373 ιιι
2083 313 2495 373 ΜΑττιιλΕωι
3553 278 3742 365 tego

446 450 714 504 trolsseut
753 448 957 518 utique,
987 446 1031 502 si
1066 447 1134 501 ab
1160 445 1281 502 istis
1314 460 1422 500 non
1454 444 1935 501 iuisscntcxclusi.
1967 443 2033 496 Et
2059 449 2109 502 Α
2132 440 2273 494 sicut
2326 437 2505 492 ueteri
2555 434 2788 505 apostoli
2816 439 3169 504 aperuerunt.
3225 430 3290 486 Et
3314 430 3357 487 si
3387 430 3515 501 quis
3535 430 3742 485 fuerit

453 537 693 607 primum
716 538 933 606 quidem
968 536 1287 605 simpliciter
1306 536 1551 606 qnaside
1583 534 1791 591 Scribis
1811 544 1863 590 et
1894 535 2030 588 Pha-
2130 529 2374 583 imitator
2422 541 2634 591 eorum,
2693 523 2868 593 aperit
2901 537 3126 593 regnum
3162 521 3426 577 caelorum
3452 529 3574 575 ante
3612 522 3747 575 lto-

450 629 627 684 risaeis
653 628 745 697 qui
807 626 949 696 apud
982 625 1202 682 Judzeos
1248 628 1540 694 habentur,
1573 642 1759 683 sermo
1787 642 2025 697 praesens

2121 619 2304 675 mines
2353 633 2455 671 sua
2517 615 2750 684 iustitia,
2773 624 2828 669 et
2852 615 3100 678 veritate,
3128 621 3182 668 et
3224 613 3495 679 castitate,
3516 621 3571 667 et
3606 627 3733 668 sa-

451 726 532 771 ρει
563 716 936 785 exponendas.
986 714 1050 768 lli
1100 716 1267 783 enim,
1321 731 1430 770 non
1471 715 1714 770 contenti
1753 713 1897 781 quod
1922 713 2027 783 ipsi
2127 711 2351 781 pientia.
2378 707 2444 762 Et
2473 716 2678 777 quanto
2700 706 2877 775 magis
2907 704 3032 775 quis
3063 702 3274 773 proiicit
3299 704 3523 774 pietate,
3551 712 3747 758 tanto

455 804 684 858 Domino
715 818 823 857 non
847 804 1158 869 credebant,
1182 806 1363 859 adhuc
1395 804 1732 876 derogabant
1762 804 2031 859 doctrina:
2127 801 2304 871 magis
2331 799 2503 868 aperit
2526 808 2651 851 ante
2675 795 2925 850 homines
2957 811 3181 865 regnum
3224 795 3509 849 caelorum.
3543 793 3747 847 Arbi-

450 895 590 963 ojus,
622 903 678 948 et
707 895 1097 950 subvertebant
1129 911 1346 950 omnem
1382 896 1719 965 prophetiam
1766 894 2029 964 scriptam
2127 903 2242 948 tror
2262 904 2395 960 ergo
2419 904 2614 944 omnes
2644 887 2737 957 qui
2763 887 3082 956 profitentur
3102 902 3161 941 se
3192 886 3248 940 in
3278 884 3583 942 Ecclesiam
3632 885 3747 939 irt-

450 983 517 1036 de
543 996 632 1047 eo,
686 989 741 1036 et
789 982 1240 1052 blasphemabant
1287 999 1450 1039 omne
1495 999 1633 1053 opus
1668 984 1840 1052 ipsius
1867 983 2030 1053 quasi

453 1073 646 1128 falsum
673 1081 727 1128 et
749 1089 779 1128 a
813 1072 1030 1129 diabolo
1066 1075 1274 1141 fictum,
1298 1076 1580 1131 dicentes:
1612 1074 1713 1129 llic
1742 1091 1844 1128 non
1882 1075 2030 1144 ejicit

448 1163 713 1218 dwmonia
746 1165 850 1219 nisi
879 1163 937 1217 in
956 1163 1273 1219 Beelzebutlt
1303 1166 1374 1233 ",
1405 1173 1460 1220 et
1506 1164 1926 1220 homicidialiter
1967 1178 2033 1219 se

451 1256 762 1324 premebant
813 1256 893 1311 eis
947 1256 1043 1325 qui
1098 1256 1445 1312 crediderant
1488 1257 1730 1315 Christo.
1777 1268 1833 1310 et
1876 1256 2030 1312 omni

451 1346 617 1401 modo
641 1347 1005 1416 prohibebant
1045 1347 1282 1417 aliquem
1322 1348 1391 1402 ad
1424 1346 1891 1403 Christianitatem
1934 1362 2032 1401 ve-

451 1438 568 1491 nire
600 1452 697 1507 per
728 1452 892 1507 quam
925 1437 1185 1493 introitur
1216 1438 1272 1492 in
1296 1452 1523 1507 regnum
1552 1437 2029 1493 caalorum.Clau-

446 1528 650 1583 debant
679 1526 811 1582 illud
840 1527 1057 1596 quodin
1088 1536 1380 1596 conspectu
1403 1528 1647 1583 omnium
1678 1528 1858 1597 palam
1883 1535 2032 1584 esset

449 1619 833 1673 annuntiatum
863 1626 918 1673 et
966 1619 1340 1697 praedicatum,
1367 1628 1422 1674 et
1453 1619 1596 1689 apud
1631 1635 1821 1676 omnes
1841 1619 2031 1675 homi-

450 1724 546 1763 nes
572 1708 991 1763 conclamatum.
1026 1707 1090 1761 Et
1137 1708 1450 1763 claudentes
1491 1724 1718 1779 regnum
1761 1709 2026 1764 caelorum

2127 996 2294 1051 trare,
2316 983 2540 1038 omnino
2572 991 2666 1036 aut
2721 981 2982 1036 claudunt
3015 991 3240 1047 regnum
3282 975 3551 1032 calorum
3579 986 3742 1030 ante

2127 1077 2379 1133 homines
2433 1074 2590 1129 malis
2630 1068 3141 1127 conrersationibus
3193 1067 3343 1133 suis,
3395 1066 3734 1122 secundum

2126 1169 2273 1241 quod
2311 1173 2541 1237 peccant
2569 1163 2697 1234 ipsi,
2720 1170 2816 1216 aut
2845 1161 3097 1231 aperiunt
3134 1158 3347 1214 actibus
3369 1157 3528 1213 bonis
3562 1157 3735 1224 suis,

2126 1259 2424 1317 secundum
2473 1255 2620 1328 quod
2653 1255 2805 1325 iuste
2848 1252 3053 1307 fuerint
3090 1249 3417 1306 conversati.
3466 1247 3736 1302 Maxime

2126 1352 2231 1406 hoc
2250 1349 2456 1406 faciunt
2489 1346 2582 1418 qui
2610 1345 2862 1400 videntur
2889 1343 2947 1397 in
2988 1339 3234 1396 Ecclesia
3256 1340 3546 1406 clariores,
3568 1353 3734 1408 qua-

2125 1442 2206 1497 les
2250 1449 2380 1496 snnt
2413 1437 2679 1509 episcopi,
2710 1432 3032 1507 presbyteri,
3081 1431 3317 1487 diaconi.
3362 1429 3508 1485 Bene
3553 1430 3727 1484 enim

2126 1532 2368 1587 viventes
2391 1538 2446 1584 et
2479 1529 2617 1583 bene
2642 1529 2900 1583 docentes
2921 1524 3144 1579 verbum
3160 1520 3423 1586 veritatis,
3447 1521 3731 1589 aperiunt

2125 1634 2254 1681 ante
2307 1622 2559 1677 homines
2585 1635 2816 1691 regnum
2850 1618 3151 1681 calorum;
3193 1624 3249 1671 et
3299 1615 3429 1671 dum
3471 1615 3581 1685 ipsi
3625 1615 3727 1670 in-

2126 1724 2302 1781 trant,
2330 1715 2466 1770 alios
2495 1709 3054 1784 provocantintroire.
3087 1707 3213 1762 Mali
3234 1715 3440 1776 autem,
3466 1707 3560 1778 qui
3592 1723 3723 1763 non

451 1814 549 1852 nec
583 1799 687 1868 ipsi
718 1799 992 1854 intrabant
1023 1816 1038 1852 :
1075 1815 1176 1856 nec
1198 1800 1364 1865 enim
1402 1800 1657 1855 volebant
1683 1816 1807 1857 eum
1835 1800 2025 1856 audire
2054 1806 2102 1862 Β
2126 1814 2254 1865 sum
2300 1815 2568 1877 pastores,
2620 1804 2718 1860 sed
2770 1800 3113 1866 mercenarii,
3164 1799 3425 1854 claudunt
3469 1814 3723 1870 regnum

450 1889 703 1958 quidixit
723 1891 769 1922 7“
804 1909 817 1944 :
847 1889 905 1946 Si
927 1894 1043 1962 quis
1067 1907 1159 1960 per
1181 1907 1259 1946 me
1280 1892 1573 1958 introierit,
1617 1891 1936 1960 saluabitur,
1969 1900 2020 1947 et

450 1979 712 2044 introibit,
739 1991 787 2035 et
811 1982 967 2044 αἰεί,
991 1989 1040 2035 et
1062 1998 1264 2051 pascua
1298 1982 1542 2039 inueniet.
1590 1983 1702 2039 Nec
1733 1984 2023 2050 intrantes,

452 2070 503 2125 id
540 2080 624 2126 est
671 2086 767 2127 eos
819 2072 914 2142 qui
945 2073 1168 2128 credere
1191 2082 1443 2143 poterant
1465 2083 1689 2145 propter
1709 2075 1867 2131 ﬁdem
1900 2091 2023 2146 quae

451 2177 480 2214 a
511 2160 629 2230 lege
655 2172 706 2217 et
736 2176 767 2215 a
789 2162 1067 2232 prophetis
1086 2172 1214 2219 ante
1236 2161 1414 2218 fuerat
1440 2164 1714 2221 declarata
1752 2166 1819 2221 de
1863 2166 2024 2221 Chri-

450 2260 572 2319 sto,
603 2251 828 2307 introire
872 2253 1145 2318 sinebant,
1185 2256 1410 2311 omnino
1443 2256 1773 2328 dissipantes
1813 2257 2021 2328 princi-

452 2342 598 2412 pium
641 2358 944 2399 consensus
997 2359 1190 2400 eorum
1223 2365 1239 2401 :
1272 2355 1329 2401 et
1361 2363 1486 2402 cum
1524 2350 1673 2404 omni
1703 2358 1936 2405 tremore
1967 2356 2023 2404 et

452 2433 605 2489 turali
634 2435 882 2503 audacia,
905 2445 1173 2506 quantum
1197 2437 1265 2492 ad
1302 2453 1382 2505 se,
1414 2453 1607 2494 omnes
1655 2440 1901 2496 volentes
1932 2441 2023 2496 in-

452 2524 618 2579 troire
648 2525 1009 2594 perjanuam,
1029 2527 1389 2596 prohibebant
1405 2529 1507 2600 ipsi
1533 2544 1654 2585 eam
1683 2531 2019 2590 claudentes.

455 2615 593 2671 tluie
624 2616 857 2686 simplici
917 2617 1243 2688 expositioni
1272 2619 1568 2690 iungemus
1598 2622 1761 2679 etiam
1803 2625 1927 2690 hoc,
1954 2626 2023 2681 de

450 2704 541 2762 his
558 2706 653 2777 qui
686 2716 909 2776 peccant
930 2709 1070 2777 apud
1095 2724 1216 2773 nos,
1250 2711 1506 2779 quoniam
1530 2726 1728 2767 omnes
1752 2714 1847 2783 qui
1879 2716 2023 2770 mala

450 2798 864 2853 conversatione
917 2800 1147 2855 suadent
1185 2802 1494 2872 exemplum
1520 2805 1778 2873 peccandi
1819 2806 1876 2861 in
1924 2822 2025 2878 po-

453 2891 599 2958 pulo,
626 2899 680 2945 et
720 2890 812 2960 qui
871 2889 1076 2946 faciunt
1119 2891 1375 2961 iniuriam
1439 2895 1521 2951 eis
1552 2895 1648 2965 qui
1681 2896 1861 2953 adhuc
1893 2907 2023 2953 sunt

453 2983 633 3049 pusilli
674 2982 729 3036 in
753 2982 970 3038 Christo
1005 2991 1060 3037 et
1092 2983 1416 3052 imperfecti,
1450 2997 1507 3041 et
1557 2988 1934 3045 exanimantes
1968 2998 2025 3045 et

451 3072 919 3139 scandalizantes,
967 3073 1221 3129 claudere
1281 3075 1534 3130 videntur
1595 3086 1720 3133 ante
1772 3078 2021 3135 homines

450 3178 677 3233 regnum
706 3163 992 3231 caelorum,
1024 3180 1120 3220 nec
1145 3164 1247 3235 ipsi
1270 3166 1493 3232 intrant,
1518 3183 1618 3222 nec
1637 3169 1774 3225 alios
1797 3170 2021 3227 introire
2047 3140 2090 3198 θ

457 3254 800 3323 permittunt.
870 3254 936 3310 Et
983 3255 1089 3311 hoc
1134 3266 1419 3325 peceatum
1461 3259 1737 3314 invenitur
1801 3261 2021 3331 quidem

447 3345 610 3400 etiam
637 3345 690 3399 in
716 3345 1095 3416 popularibus,
1127 3348 1362 3403 maxime
1382 3358 1564 3404 autem
1596 3350 1650 3404 in
1681 3351 2019 3420 doctoribus,

448 3437 543 3507 qui
574 3437 774 3493 docent
818 3437 1038 3507 quidem
1090 3439 1389 3494 secundum
1426 3440 1701 3511 justitiam
1742 3442 2023 3515 Evangelii

451 3528 718 3592 homines,
751 3543 857 3583 non
893 3535 1076 3583 autem
1116 3526 1345 3595 faciunt,
1379 3530 1505 3600 quia
1550 3540 1683 3586 sunt
1721 3532 1853 3586 mali
1918 3548 2021 3604 pa-

448 3627 624 3674 stores
660 3636 674 3673 :
704 3626 757 3674 et
795 3618 918 3673 ideo
948 3635 1055 3673 non
1101 3629 1332 3690 parcunt
1373 3624 1586 3688 ovibus,
1619 3640 1795 3693 neque
1826 3634 2023 3681 curant

447 3710 515 3763 de
543 3710 719 3766 salute
737 3724 952 3772 eorum.
984 3711 1075 3766 scd
1101 3727 1315 3782 semper
1345 3714 1620 3784 aspiciunt
1660 3716 1726 3769 ad
1771 3717 1919 3771 lucra
1954 3734 2021 3772 ex

449 3801 765 3856 hominibus
822 3802 1092 3857 venientia
1146 3803 1249 3857 sibi
1301 3818 1399 3873 pro
1459 3820 1525 3859 eo
1578 3807 1720 3875 quod
1772 3806 2022 3863 videntur

449 3906 671 3959 pascere
693 3892 978 3962 populum,
1009 3909 1134 3947 cum
1186 3910 1291 3948 non
1348 3904 1597 3964 pascant,
1633 3906 1687 3951 et
1718 3897 2022 3967 deprehen-

447 3982 655 4038 duntur
687 3984 741 4036 in
775 3983 1009 4040 sordidis
1045 3985 1211 4040 lucris
1258 3994 1313 4039 et
1344 3987 1804 4056 concupiscentiis
1835 3990 2023 4059 gloriae

447 4085 620 4124 tante.
676 4069 799 4125 Istae
830 4070 976 4126 enim
1042 4082 1171 4127 sunt
1221 4076 1686 4130 mercenariorum
1719 4080 2018 4145 mercedes,

448 4161 538 4230 qui
565 4159 826 4216 claudunt
868 4170 995 4216 ante
1042 4163 1291 4219 homines
1335 4180 1562 4236 regnum
1602 4167 1888 4235 oculorum,
1918 4186 2021 4225 nec

449 4252 653 4305 intrant
703 4251 758 4304 in
810 4250 965 4317 illud,
1023 4268 1124 4308 nec
1179 4255 1366 4309 volunt
1419 4256 1722 4326 intelligere
1767 4261 1911 4329 quod
1936 4268 2023 4316 est

445 4340 648 4395 dictum
671 4341 715 4371 ⁷⁷
742 4357 757 4394 :
783 4340 1096 4396 Contendite
1122 4344 1327 4399 intrare
1345 4363 1438 4415 per
1474 4358 1759 4417 angustum
1800 4353 2017 4417 ostium;

445 4441 499 4487 et
522 4430 690 4504 840
719 4432 978 4502 quoniam
1007 4449 1170 4502 super
1219 4439 1403 4490 omnia
1451 4439 1749 4493 certamina
1782 4440 1889 4495 hoc
1933 4452 2018 4498 est
2047 4473 2093 4528 Β

445 4529 721 4575 certamen
769 4528 829 4574 ut
878 4519 950 4574 sit
998 4521 1197 4589 aliquis
1232 4522 1339 4575 vim
1368 4521 1577 4580 faciens
1607 4534 1661 4579 et
1686 4526 1905 4595 rapiens
1932 4542 2015 4582 reo

446 4626 611 4679 gnum
673 4611 916 4676 caeleste,
954 4610 1022 4665 ad
1065 4626 1160 4666 eos
1205 4628 1335 4683 ergo
1369 4614 1502 4670 tales
1526 4616 1782 4673 doctores
1814 4633 2016 4675 conve-

449 4702 660 4755 nienter
691 4701 794 4756 ista
821 4702 1077 4757 dicuntur
1106 4720 1120 4756 :
1153 4700 1266 4757 Nec
1299 4719 1386 4758 vos
1417 4705 1655 4772 intratis,
1683 4724 1775 4761 nec
1810 4709 2019 4763 intran-

447 4801 520 4845 tes
539 4792 728 4847 sinitis
758 4793 1022 4847 intrare"
1045 4810 1062 4856 ς
1088 4795 1326 4850 maxime
1370 4796 1415 4851 si
1467 4797 1748 4853 videamus
1781 4815 1877 4855 eos
1908 4799 2017 4855 vita

446 4896 545 4934 sua
582 4882 746 4947 mala,
771 4893 825 4937 et
849 4886 1122 4953 superbia,
1144 4895 1198 4940 ct
1229 4888 1513 4955 conviciis,
1551 4902 1600 4945 et
1624 4893 1873 4961 avaritia,
1908 4910 2016 4950 non

446 4972 623 5025 dicam
650 4988 817 5025 unum
851 4975 917 5027 de
944 4976 1175 5043 pusillis,
1200 4979 1294 5032 sed
1318 4979 1504 5043 etiam,
1537 4992 1802 5051 quantum
1838 4986 1905 5039 ad
1936 5002 2016 5049 se,

445 5077 638 5117 omnes
670 5061 721 5115 in
759 5064 1077 5120 scandalum
1110 5067 1448 5127 inducentes.
1482 5073 1574 5128 Va:
1613 5089 1742 5145 ergo
1787 5075 1894 5130 illis
1921 5078 2015 5146 qui

445 5153 704 5208 claudunt
785 5169 1012 5225 regnum
1084 5160 1347 5215 caelorum
1411 5171 1537 5218 ante
1608 5165 1877 5232 homines,
1935 5168 2019 5222 vel

448 5246 556 5297 Ι.οα
588 5244 772 5307 modo,
802 5244 887 5299 vcl
908 5246 1049 5314 alio;
1075 5246 1216 5303 beati
1250 5257 1430 5305 autem
1464 5252 1556 5322 qui
1585 5254 1835 5323 aperiunt
1867 5254 2021 5318 illud,

448 5334 534 5386 vel
561 5335 744 5397 verbo,
771 5334 855 5389 vel
887 5350 1048 5405 opere
1063 5352 1163 5393 suo
1184 5339 1349 5407 bono,
1376 5341 1519 5398 sicut
1544 5344 1631 5399 ille
1660 5345 1750 5414 qui
1784 5345 1920 5401 dixit
1940 5347 2018 5400 7’:

452 5423 657 5478 Ostium
706 5426 835 5479 mihi
883 5438 1123 5496 apertum
1154 5440 1232 5484 est
1280 5449 1525 5503 magnum
1565 5445 1614 5488 et
1649 5437 1893 5502 evidens;
1938 5438 2019 5492 vel

515 5632 561 5662 τθ
592 5631 780 5687 Matth.
799 5650 896 5698 xu,
925 5634 1015 5688 ἐ’-ί.

1096 5639 1137 5667 ⁷⁸
1157 5635 1313 5691 Joan.
1352 5652 1404 5703 κ,
1425 5637 1478 5691 9.
1557 5639 1598 5670 ⁷⁷
1625 5638 1753 5695 Luc.
1782 5656 1899 5707 xm,
1922 5641 2011 5697 24.

447 5700 487 5731 “
524 5699 561 5752 ιι
593 5701 717 5755 Cor.
762 5718 879 5764 χιιι,
914 5704 966 5755 5.

2126 1902 2392 1957 calorum
2421 1906 2549 1953 ante
2597 1895 2866 1959 homines,
2890 1908 2991 1949 nec
3027 1891 3257 1947 audiunt
3280 1891 3425 1961 quod
3445 1890 3523 1945 ait
3544 1890 3722 1960 Apoc

2121 1991 2297 2048 stolus
2311 1990 2395 2043 ⁸ος
2428 1987 2533 2043 Sed
2557 1986 2735 2040 omnia
2759 1984 3098 2048 sustinemus,
3122 1990 3178 2035 ut
3202 1997 3304 2035 non
3321 1980 3717 2049 oﬁ'endiculum

2120 2083 2306 2136 demus
2348 2077 2635 2149 Evangelia
2694 2075 2916 2132 Christi.
2967 2072 3061 2129 Est
3107 2087 3235 2128 vere
3277 2072 3461 2127 videre
3494 2073 3719 2129 multos

2121 2173 2374 2228 doctores
2403 2185 2510 2223 non
2546 2167 2919 2237 permittentes
2948 2166 3154 2219 intrare
3200 2163 3255 2217 in
3297 2177 3527 2233 regnum
3577 2178 3712 2219 cm-

2120 2262 2300 2319 lorum
2339 2261 2543 2316 intrare
2569 2256 3038 2328 concupiscentes,
3067 2255 3303 2310 maxime
3326 2255 3544 2325 quando
3577 2255 3712 2311 sine

2116 2351 2324 2423 judicio
2380 2357 2432 2404 et
2485 2348 2605 2403 sine
2640 2346 2855 2402 ratione
2908 2360 3018 2400 non
3051 2353 3272 2416 propter
3304 2352 3533 2417 peccata
3572 2358 3708 2413 qua:

2121 2441 2354 2505 faciunt,
2377 2436 2860 2495 excommunicant
2902 2434 3192 2505 quosdam,
3224 2435 3318 2490 sed
3349 2442 3564 2504 propter
3584 2434 3700 2487 ali-

2121 2545 2287 2603 quem
2314 2529 2490 2584 zelum
2522 2536 2576 2582 ct
2604 2524 3006 2582 contentionem
3040 2522 3327 2593 prohibent
3359 2523 3557 2577 intrare
3577 2520 3699 2577 fre-

2121 2631 2351 2696 quenter
2380 2630 2435 2677 et
2466 2621 2721 2675 meliores
2750 2632 2914 2688 quam
2941 2631 3069 2672 sunt
3101 2615 3226 2685 ipsi.
3257 2614 3321 2670 Et
3343 2615 3439 2685 ipsi
3462 2614 3691 2685 quidem

2121 2729 2232 2769 non
2282 2713 2674 2785 permittuntur
2726 2709 2976 2775 introire,
3038 2706 3116 2761 illi
3160 2717 3338 2762 autem
3383 2706 3478 2776 qui
3515 2705 3699 2761 sobrii

2122 2813 2250 2862 sunt
2277 2812 2478 2870 mente,
2502 2813 2557 2858 et
2593 2803 2776 2857 animo
2803 2800 3109 2872 vigilantes,
3159 2798 3436 2853 vincentes
3468 2813 3569 2853 sua
3592 2813 3697 2867 pa-

2122 2896 2312 2951 tientia
2337 2904 2393 2950 et
2415 2895 2828 2967 longanimitate
2855 2890 3170 2964 tyrannich
3198 2905 3412 2954 eorum,
3441 2891 3696 2960 quamvis

2120 2986 2291 3053 vetiti,
2343 2992 2528 3041 tamen
2566 2986 2775 3041 intrant
2805 2992 2860 3039 et
2904 2981 3228 3039 haereditant
3274 2997 3504 3052 regnum
3530 2982 3695 3037 cmlo—

2123 3092 2267 3132 rum.

2194 3162 2282 3218 15.
2309 3161 2512 3218 Deinde
2550 3162 2833 3219 videamus
2868 3171 3025 3219 extra
3044 3178 3138 3219 eos
3169 3176 3309 3233 quos
3353 3161 3618 3225 diximus,
3645 3165 3696 3217 si

2122 3255 2384 3326 possibile
2429 3265 2513 3310 est
2562 3255 2725 3310 etiam
2780 3253 2917 3309 alios
2960 3253 3143 3309 videre
3203 3252 3297 3323 qui
3327 3253 3593 3308 claudunt
3640 3262 3697 3307 et

2122 3348 2376 3418 aperiunt
2425 3362 2651 3418 regnum
2693 3347 2983 3402 canorum.
3007 3345 3111 3411 Qui
3158 3347 3303 3400 enim
3334 3345 3483 3416 digni
3523 3344 3698 3399 habiti

2122 3450 2249 3497 sunt
2269 3449 2321 3494 et
2336 3439 2516 3494 idonei
2546 3439 2613 3493 ad
2649 3437 3003 3508 Evangelium
3046 3437 3462 3507 exponendum,
3506 3447 3561 3491 et
3598 3438 3699 3507 qui

2122 3532 2261 3586 tales
2295 3545 2353 3585 se
2382 3531 2625 3600 praebent
2653 3539 2710 3584 ut
2736 3531 2919 3584 dicere
2970 3528 3183 3599 possint
3208 3546 3223 3582 :
3253 3528 3337 3582 An
3365 3529 3699 3597 experimen-

2122 3629 2232 3675 tum
2259 3621 2498 3691 quaeritis
2542 3619 2657 3689 ejus
2688 3619 2779 3688 qui
2821 3619 2876 3672 in
2925 3635 3006 3672 me
3051 3618 3289 3689 loquitur
3345 3618 3584 3671 Christus
3603 3617 3701 3670 “2'

2120 3710 2373 3780 aperiunt
2421 3719 2549 3762 ante
2604 3709 2856 3764 homines
2887 3723 3114 3778 regnum
3158 3708 3440 3772 caelorum,
3470 3708 3699 3777 quando

2119 3802 2460 3857 altitudinem
2522 3801 2832 3854 divinorum
2888 3800 3233 3869 eloquiorum
3289 3814 3408 3869 quae
3459 3813 3568 3852 non
3617 3799 3694 3853 de

2122 3892 2286 3947 terris
2317 3892 2462 3946 dicta
2500 3902 2649 3958 sunt,
2684 3892 2776 3945 scd
2800 3890 2868 3946 de
2895 3891 3059 3957 cmlo,
3098 3900 3153 3944 et
3183 3892 3251 3946 de
3274 3906 3438 3946 sensu
3469 3889 3690 3945 Domini

2122 3985 2215 4055 qui
2247 3984 2393 4038 venit
2421 3983 2489 4037 ad
2517 3983 2786 4047 homines,
2816 3998 2938 4038 cum
2972 3982 3121 4037 omni
3154 3981 3593 4038 manifestatione
3639 3994 3696 4039 et

2118 4076 2441 4147 probatione
2491 4075 2890 4139 demonstrant,
2952 4075 3026 4129 ita
3079 4083 3160 4142 ut,
3213 4084 3477 4144 quantum
3522 4075 3589 4130 ad
3636 4090 3695 4130 se

2118 4176 2223 4233 est,
2261 4166 2488 4239 gentiles
2538 4176 2592 4221 et
2638 4167 2924 4230 barbaros,
2983 4166 3254 4235 sapientes
3273 4177 3329 4221 et
3368 4166 3694 4235 insipientes

2118 4260 2374 4315 inducere
2406 4257 2571 4312 velint
2595 4257 2661 4311 ad
2694 4257 2944 4325 pietatem
2987 4256 3211 4311 Christi.
3239 4255 3344 4322 Qui
3378 4265 3559 4311 autem
3590 4271 3693 4326 per

2117 4362 2272 4403 suam
2308 4345 2697 4400 indocilitatem
2728 4352 2783 4398 et
2803 4343 3127 4414 injustitiam
3160 4360 3285 4398 cum
3318 4344 3488 4399 multa
3522 4353 3695 4399 teme-

2118 4438 2278 4492 ritate
2325 4436 2534 4506 seipsos
2574 4434 2839 4490 dederunt
2878 4434 2945 4488 ad
2990 4432 3386 4503 professionem
3458 4435 3690 4489 docendi

2122 4529 2441 4600 priusquam
2494 4526 2772 4581 discerent
2824 4534 2878 4580 et
2941 4535 3333 4594 cognoscerent
3388 4525 3697 4592 veritatem,

2121 4628 2405 4689 propterea
2427 4617 2641 4673 fabulas
2663 4633 2830 4672 vanas
2858 4615 3113 4672 Judaicas
3150 4617 3445 4682 imitantes,
3470 4616 3698 4671 tradunt

2122 4709 2437 4778 corporales
2476 4708 2735 4763 historias
2785 4704 3214 4777 Scripturarum,
3240 4717 3293 4762 ct
3319 4724 3422 4763 non
3467 4724 3693 4762 sensum

2122 4799 2423 4869 spiritalem
2452 4807 2549 4852 aut
2578 4799 2915 4852 voluntatem
2946 4814 3167 4865 earum;
3210 4806 3266 4852 et
3309 4798 3485 4853 adhuc
3506 4798 3693 4851 detra-

2124 4887 2365 4943 hunteis
2387 4889 2483 4957 qui
2513 4887 2732 4942 Christo
2772 4899 3258 4953 consurrexerunt,
3303 4901 3356 4943 et
3404 4904 3525 4958 qua:
3566 4886 3713 4942 sur-'

2123 4995 2244 5034 sum
2277 4988 2406 5033 sunt
2433 4979 2486 5033 in
2516 4977 2813 5049 Scripturis
2850 4979 3140 5049 requirunt
3166 4989 3221 5034 et
3252 4996 3360 5035 non
3388 4994 3549 5049 super
3575 4987 3689 5032 ter-

2123 5085 2262 5136 ram,
2296 5086 2395 5125 nec
2425 5070 2480 5124 in
2514 5071 2743 5126 terrenis
2790 5069 3196 5140 Scripturarum
3232 5071 3462 5140 positam
3502 5070 3691 5125 existi-

2124 5172 2279 5219 mant
2313 5162 2942 5229 veritatemzclaudunt,
3003 5171 3268 5233 quantum
3321 5164 3387 5218 ad
3432 5178 3513 5227 se,
3563 5172 3689 5217 ante

2123 5254 2372 5311 homines
2403 5270 2631 5324 regnum
2679 5255 2967 5321 caelorum,
3011 5255 3328 5311 claudentes
3363 5254 3495 5309 illud
3542 5253 3688 5323 inju-

2121 5346 2270 5401 stitia
2300 5362 2418 5412 sua,
2442 5355 2499 5400 et
2529 5347 2804 5401 trahentes
2829 5346 2896 5401 ad
2941 5361 2999 5401 se
3018 5361 3114 5402 cos
3160 5348 3255 5417 qui
3303 5354 3569 5416 poterant,
3595 5360 3688 5398 au-

2118 5439 2330 5495 dientes
2359 5439 2685 5493 diviniorem
2713 5449 2766 5493 et
2798 5439 3059 5508 majorem
3097 5438 3401 5495 doctrinam
3431 5447 3486 5493 et
3506 5437 3688 5492 altitu-

2089 5644 2131 5675 ⁷⁸
2150 5644 2338 5702 Matth.
2378 5664 2533 5715 unt,
2562 5649 2643 5707 l5.
2711 5651 2763 5701 ,τ’
2786 5649 2805 5704 l
2827 5650 2953 5706 Cor.
2978 5666 3089 5716 va,
3112 5652 3165 5707 9.
3242 5651 3287 5683 ³⁰
3313 5649 3331 5705 l
3353 5650 3478 5705 Cor.
3508 5647 3684 5713 11,12.
