4052 6304
353 396 485 456 εδει

1503 384 2155 446 ΟΟΜΜΕΝΤΑΠΙΟΚΗΜ
2196 381 2459 439 SERIES.

3473 369 3622 424 1622

352 512 539 566 dinem
586 508 853 574 veritatis,
903 508 1109 564 intrare
1158 521 1253 576 per
1276 506 1527 562 caelestes
1555 504 1834 559 doctrinas
1879 512 1934 558 et
1965 502 2003 558 A
2033 500 2127 555 sed
2151 499 2329 552 adhuc
2348 494 2498 551 addit
2524 492 2600 549 illi
2632 488 3000 546 damnationis
3022 500 3332 546 numerum.
3357 492 3416 538 ut
3438 484 3603 538 etiam

352 618 450 673 per
506 601 895 657 convenientes
937 600 1018 655 eis
1058 608 1213 659 actus
1260 598 1314 653 in
1360 613 1586 667 regnum
1640 596 1928 652 cmlorum.

353 692 495 748 lluic
541 690 875 762 expositioni
917 690 1248 747 conveniens
1275 699 1361 746 est
1413 689 1557 757 quod
1596 688 1786 743 scribit
1824 686 1933 741 Lu-

355 799 450 839 cas
480 784 529 815 ⁸¹
557 798 572 836 :
613 781 703 836 Vw
728 781 873 837 vobis
924 781 1243 851 legisperitis
1273 822 1289 846 ,
1331 781 1583 849 quoniam
1633 778 1933 833 abstulistis

354 876 553 927 c!avem
574 872 831 936 scicntiw,
856 881 905 926 et
927 871 1029 942 ipsi
1052 888 1157 925 non
1182 871 1467 935 introistis,
1496 880 1541 924 et
1567 869 1702 924 alios
1722 870 1935 923 intran-

361 977 435 1018 les
452 963 824 1033 prohibuistis.
850 963 953 1030 Qui
977 964 1123 1019 enim
1139 963 1505 1019 criminantur
1533 961 1935 1032 expositionem

356 1056 725 1125 allegoricam,
742 1066 797 1110 et
817 1054 1019 1112 docere
1041 1054 1230 1111 volunt
1255 1055 1385 1123 quia
1420 1052 1713 1108 manifesta
1747 1060 1831 1108 est
1852 1053 1936 1107 di-

358 1146 484 1200 vina
510 1144 793 1216 Scriptura
821 1153 871 1201 et
895 1144 1033 1201 nihil
1055 1143 1265 1200 habens
1293 1144 1529 1213 amplius
1557 1159 1722 1212 quam
1753 1152 1937 1199 textus

358 1237 618 1303 ostendit,
647 1252 826 1307 neque
846 1235 1169 1293 diviniorem
1213 1236 1450 1305 aliquem
1494 1250 1740 1300 sensum,
1783 1245 1839 1289 et
1870 1235 1940 1292 de

361 1327 806 1393 circumcisione,
832 1327 916 1382 vel
967 1326 1192 1396 pascha,
1243 1325 1328 1381 vel
1370 1325 1442 1380 de
1492 1325 1726 1395 azymis,
1757 1324 1842 1380 vel
1871 1324 1939 1380 de

359 1422 504 1477 escis
540 1428 596 1474 et
622 1419 862 1489 potibus,
896 1418 982 1473 vel
1013 1418 1082 1473 de
1116 1416 1531 1481 festivitatibus,
1579 1416 1666 1472 vel
1691 1416 1759 1471 de
1789 1414 1937 1472 Neo-

370 1511 694 1575 meniis,vel
726 1511 793 1566 de
817 1509 1093 1576 Sabbatis,
1118 1518 1173 1565 et
1205 1524 1316 1565 non
1353 1508 1650 1578 respiciunt
1678 1507 1941 1577 quoniam

364 1604 419 1658 in
451 1602 766 1659 ostensione
807 1608 865 1655 et
895 1599 1086 1655 umbra
1123 1598 1430 1655 futurorum
1459 1606 1591 1653 tunc
1631 1597 1943 1653 serviebant

361 1695 534 1750 Judari
562 1693 631 1761 ⁸³,
668 1690 965 1763 legisperiti
1008 1690 1226 1760 quidem
1275 1695 1434 1753 sunt,
1478 1697 1661 1744 tamen
1701 1688 1943 1743 tulerunt

364 1786 575 1841 clavem
607 1783 849 1840 scientiae
876 1789 1142 1851 quantum
1184 1780 1250 1837 ad
1275 1779 1498 1834 verbum
1553 1795 1736 1846 suum,
1770 1778 1821 1832 id
1860 1786 1943 1832 est

363 1891 585 1933 onmem
621 1875 757 1946 legis
813 1873 955 1929 viam
984 1873 1051 1927 ad
1095 1871 1441 1943 intelligenda
1499 1869 1736 1941 legitima
1779 1868 1940 1924 aufe-

365 1976 549 2023 rentes
579 1981 594 2018 :
624 1973 910 2037 propterea
961 1979 1063 2019 nec
1109 1964 1211 2034 ipsi
1252 1963 1608 2024 intraverunt,
1650 1977 1752 2018 nec
1775 1962 1938 2029 alios,

366 2067 636 2129 quantum
659 2058 725 2112 ad
765 2072 845 2120 se,
883 2057 1088 2123 intrare
1119 2056 1508 2126 permiserunt.

438 2149 527 2204 16.
565 2149 654 2203 Vae
712 2149 875 2212 nobis,
912 2147 1111 2203 Scriba:
1140 2157 1190 2202 et
1222 2147 1486 2202 Pharisaei
1512 2147 1824 2217 hypocrittz,
1850 2145 1943 2215 qui

366 2239 603 2294 circuitis
629 2253 773 2291 mare
795 2247 844 2290 ct
875 2236 1109 2301 aridum,
1136 2244 1191 2289 ut
1232 2235 1446 2304 faciatis
1491 2249 1654 2287 unum
1702 2230 1941 2300 prosely-

370 2345 518 2396 tum;
541 2341 588 2385 et
622 2346 741 2385 cum
794 2329 953 2398 [iterit
1006 2327 1178 2397 factus
1200 2368 1219 2395 ,
1278 2327 1458 2396 facitis
1488 2341 1619 2380 cum
1648 2323 1822 2394 filium
1856 2339 1945 2393 ge-

369 2430 553 2482 henna:
604 2425 762 2495 dupto
781 2441 940 2495 quam
979 2439 1069 2478 vos
1116 2424 1242 2478 estis
1292 2422 1362 2478 “.
1407 2422 1536 2477 Haec
1558 2421 1946 2477 convenienter

371 2519 627 2573 dicuntur
650 2524 770 2585 post
803 2515 1093 2571 adventum
1125 2512 1328 2569 Christi
1361 2512 1429 2567 ad
1472 2511 1696 2567 Scribas
1721 2518 1783 2566 et
1804 2510 1947 2564 Plia-

372 2608 565 2663 risazos
605 2605 956 2659 .ludaicorum
1011 2604 1329 2668 verborum,
1396 2603 1492 2671 qui
1532 2601 1817 2672 diligenter
1838 2599 1951 2655 cir‘

371 2709 631 2752 eumeum
656 2695 889 2765 plurima
918 2694 1038 2749 loca
1070 2692 1282 2758 mundi,
1309 2700 1370 2747 ut
1400 2693 1640 2747 advenas
1661 2690 1949 2761 jndaizaro

373 2788 658 2842 suadeant.
682 2785 1006 2855 Quicunque
1027 2783 1179 2838 enim
1206 2791 1329 2853 post
1374 2781 1715 2838 Salvatorem
1760 2780 1949 2852 judai-

377 2886 522 2944 zant,
565 2877 830 2932 docentur
880 2875 1080 2931 imitari
1140 2874 1392 2929 affectum
1443 2889 1634 2928 eorum
1658 2873 1753 2944 qui
1796 2871 1952 2926 dixe-

377 2978 506 3024 runt
543 2970 595 3022 in
641 2969 735 3023 illo
786 2978 1027 3038 tempore
1059 2984 1074 3022 :
1110 2967 1396 3037 Cruci/igc,
1444 2966 1694 3035 cruci/iga
1727 2978 1846 3019 eum
1879 2962 1946 3018 ⁸⁵.

374 3059 437 3114 Et
470 3060 706 3113 iterum:
742 3058 906 3120 Tolle,
958 3059 1080 3114 tolle
1136 3076 1168 3113 a
1218 3068 1359 3113 terra
1404 3055 1707 3127 hujusmodi
1738 3055 1805 3109 ⁸⁵.
1846 3053 1953 3107 Do-

2033 592 2330 647 seeundum
2379 587 2720 643 Judaismum
2776 584 2867 639 ﬁat
2913 581 3058 636 illius
3100 580 3381 647 gehennae.
3423 575 3492 633 Et
3524 578 3607 633 sic

2034 682 2167 737 facit
2195 681 2385 736 Scriba
2417 679 2494 733 vel
2531 677 2842 731 Pharisreus
2873 674 3041 729 lilium
3074 670 3335 740 gehenme
3369 669 3600 723 alterum

2034 776 2161 845 plus
2185 788 2350 843 quam
2392 787 2473 837 se,
2520 785 2628 825 non
2663 770 2791 838 quia
2832 767 2948 836 ipse
2988 761 3278 832 dupliciter
3320 758 3468 825 facit,
3510 759 3607 813 sed

2034 867 2164 937 quia
2189 882 2314 922 cum
2368 863 2546 919 factus
2579 862 2743 917 fuerit
2784 861 2970 921 homo,
3000 854 3292 924 dupliciter
3329 851 3474 905 ﬁlius
3515 866 3606 920 ge-

2035 960 2229 1015 hennae
2258 973 2354 1028 per
2392 956 2698 1012 doctrinam
2750 951 2993 1007 doctoris
3034 947 3273 1011 efficitur
3303 962 3316 999 :
3344 953 3400 999 et
3437 942 3517 1001 sic
3553 943 3614 997 lit

2036 1050 2130 1106 ille
2162 1051 2258 1120 qui
2290 1048 2498 1114 docuit,
2531 1061 2698 1101 causa
2729 1042 2957 1100 secundi
2985 1038 3192 1097 erroris
3222 1037 3393 1100 illius,
3427 1042 3489 1088 ut
3515 1033 3613 1088 ﬁat

2036 1144 2325 1214 dupliciter
2359 1143 2504 1197 ﬁlius
2532 1140 2796 1211 gehennae
2820 1151 2986 1206 supra
3034 1134 3188 1188 illum
3217 1131 3313 1201 qui
3346 1128 3486 1183 male
3514 1128 3613 1182 do-

2037 1235 2153 1291 cuit
2195 1250 2342 1290 eum.
2391 1233 2547 1287 Alius
2578 1240 2763 1286 autem
2802 1227 2935 1283 dicit
2981 1226 3089 1280 alio
3122 1222 3305 1287 modo,
3351 1218 3612 1290 quoniam

2037 1329 2130 1400 qui
2161 1329 2230 1383 ab
2263 1326 2419 1381 initio
2452 1323 2644 1379 nutriti
2677 1330 2805 1378 sunt
2851 1321 2907 1374 in
2941 1318 3057 1388 lege
3096 1314 3289 1386 Moysi,
3331 1313 3444 1382 jam
3486 1316 3616 1365 sunt

2040 1421 2135 1476 ﬁlii
2168 1419 2448 1490 gehennae,
2498 1423 2786 1485 propterea
2826 1410 2974 1481 quod
3025 1423 3133 1462 non
3178 1403 3530 1460 crediderunt
3559 1401 3614 1455 in

2039 1511 2336 1568 Christum.
2378 1507 2484 1574 Qui
2530 1513 2711 1560 autem
2754 1501 3013 1572 gentilem
3048 1498 3391 1567 reliquerunt
3422 1494 3614 1555 vitam,

2042 1602 2209 1660 semel
2263 1600 2573 1671 iudicantes
2624 1594 2935 1663 relinquere
2980 1589 3345 1644 idololatriam
3396 1585 3449 1639 in
3506 1599 3614 1653 qua

2043 1694 2259 1750 fuerant
2281 1689 2525 1751 enutriti,
2551 1696 2604 1743 et
2621 1683 3095 1756 apprehenderunt
3115 1678 3398 1733 Judaicam
3426 1675 3615 1737 vitam.

2045 1784 2247 1855 duplici
2287 1796 2448 1853 pmna
2479 1787 2609 1836 sunt
2635 1775 2807 1847 digni,
2842 1775 2935 1844 qui
2972 1788 3080 1827 non
3112 1786 3238 1826 cum
3264 1766 3619 1838 requisitions

2043 1878 2403 1946 reliquerunt,
2448 1886 2625 1940 neque
2664 1868 2939 1923 discutere
2990 1864 3281 1917 voluerunt
3327 1857 3615 1913 Iudaicum

2040 1969 2287 2032 verbum,
2319 1974 2373 2021 et
2401 1966 2576 2035 ipsum
2613 1960 2757 2030 quod
2792 1958 3004 2012 videtur
3036 1953 3269 2008 Jndaico
3307 1950 3472 2004 verbo
3496 1962 3620 2002 esse

2041 2067 2356 2133 cognatum,
2407 2056 2460 2110 id
2504 2062 2587 2110 est
2648 2049 3045 2122 professionem
3104 2043 3541 2102 Christianorum
3596 2056 3609 2090 :

2042 2130 2143 2209 nec
2176 2149 2401 2207 scrutati
2424 2156 2551 2203 sunt
2573 2146 2642 2200 ab
2666 2143 2746 2199 eis
2776 2142 2869 2212 qui
2898 2148 3186 2206 utramque
3208 2145 3411 2189 sectam
3441 2130 3618 2186 idonei

2043 2252 2172 2300 sunt
2197 2242 2412 2303 docere,
2458 2246 2515 2293 ut
2558 2235 2920 2304 intelligerent
2966 2229 3112 2301 quod
3168 2225 3392 2281 verbum
3438 2222 3622 2276 verius

2043 2344 2189 2391 esset
2220 2343 2272 2388 et
2323 2331 2507 2403 potius
2533 2327 2863 2398 eligendum.
2899 2322 3075 2378 Simul
3110 2318 3373 2374 discimus
3406 2330 3470 2369 ex
3517 2313 3623 2367 hoc

2045 2426 2165 2480 loco
2191 2422 2450 2493 quoniam
2484 2429 2539 2475 et
2568 2432 2757 2473 eorum
2788 2414 2879 2485 qui
2915 2413 2968 2467 in
3004 2410 3251 2482 gebenna
3275 2404 3443 2460 futuri
3471 2411 3624 2465 sunt,

2045 2521 2150 2574 erit
2176 2513 2484 2572 differentia
2508 2520 2931 2570 tormentorum,
2963 2502 3225 2573 quoniam
3249 2499 3384 2552 alter
3401 2493 3621 2564 quidem

2047 2615 2130 2663 est
2145 2605 2466 2677 simpliciter
2483 2602 2626 2657 illius
2644 2601 2922 2672 gehennae,
2947 2593 3085 2647 alter
3114 2600 3295 2645 autem
3315 2584 3623 2677 dupliciter.

2051 2697 2157 2754 Sed
2202 2674 2271 2752 et:
2290 2696 2398 2750 hoc
2437 2693 2623 2747 videre
2663 2696 2899 2759 Oportet,
2952 2685 2999 2740 si
3039 2683 3221 2738 adhuc
3261 2674 3630 2732 abundantius

2052 2790 2152 2844 flat
2187 2786 2386 2856 aliquis
2425 2783 2570 2838 ﬁlius
2612 2781 2895 2852 gehennae,
2944 2783 3159 2845 utputa,
3212 2768 3497 2839 tripliciter
3542 2762 3627 2819 vel

2051 2876 2430 2947 multipliciter
2464 2870 2764 2929 secundum
2806 2864 3207 2922 multitudinem
3242 2865 3627 2929 peccatorum;

2051 2981 2106 3026 et
2134 2970 2180 3024 si
2210 2965 2537 3039 generaliter
2567 2972 2652 3018 est
2683 2961 2798 3016 ﬁeri
2848 2959 3085 3027 aliquem
3135 2954 3303 3008 ﬁlium
3345 2950 3630 3021 gehennaa,

2054 3069 2243 3132 utputa
2295 3057 2565 3122 Judaeum,
2633 3053 2719 3108 vel
2780 3048 3062 3120 gentilem,
3109 3054 3204 3099 aut
3250 3041 3627 3110 cujuscunque

372 3160 565 3204 ίέηίιιν
593 3160 777 3203 amem
824 3157 881 3203 οι
910 3164 1170 3203 πευεειτο
1185 3164 1333 3209 eum.
1376 3149 1518 3201 Sicut
1548 3157 1678 3201 ωηο
1724 3159 1943 3199 800033-
1978 3169 2020 3229 ο
2056 3129 2177 3208 falsi
2209 3147 2480 3221 dogmatis
2509 3143 2874 3216 professorem
2910 3157 2925 3193 :
2967 3144 3063 3191 aut
3109 3143 3165 3189 et
3200 3129 3530 3201 specialiter,
3573 3133 3633 3178 ut

376 3240 506 3294 bant
537 3239 848 3294 sacerdotes
888 3237 1079 3304 plebis.
1107 3236 1202 3291 Est
1230 3243 1413 3289 autem
1436 3235 1619 3288 videre
1656 3248 1754 3287 cos
1777 3247 1953 3300 usque

377 3346 547 3396 nunc,
603 3345 727 3386 cum
747 3328 1027 3399 judicatur
1062 3328 1223 3394 latro,
1259 3335 1313 3382 et
1341 3325 1712 3381 testimonium
1742 3325 1834 3379 dat
1858 3340 1954 3377 ve-

377 3422 523 3476 ritati
553 3420 920 3485 Christianus,
964 3420 1211 3475 volentes
1252 3419 1425 3490 magis
1462 3417 1672 3473 absolvi
1712 3417 1953 3471 imitato-

377 3529 490 3567 rem
521 3511 781 3567 Barahbae
801 3527 965 3582 quam
996 3509 1199 3566 Christi
1227 3509 1579 3579 discipulum.
1613 3506 1745 3573 Quae
1767 3507 1951 3560 omnia

378 3624 486 3661 non
520 3606 842 3676 simpliciter
863 3604 1070 3661 faciunt
1092 3603 1429 3674 proselytum
1470 3603 1640 3656 ﬁlium
1671 3602 1953 3670 gehennae,

377 3701 494 3765 sed,
531 3701 675 3755 sicut
699 3700 963 3769 scriptum
988 3706 1094 3763 est,
1126 3697 1414 3767 dupliciter
1452 3710 1615 3764 super
1651 3692 1871 3747 Scribas
1902 3701 1956 3746 et

380 3791 684 3846 Pharisaeos
712 3790 805 3862 qui
837 3790 1170 3860 proselytum
1210 3803 1335 3842 eum
1369 3786 1633 3841 fecerunt.
1668 3782 1773 3838 Sed
1813 3782 1957 3836 dicet

380 3885 577 3952 aliquis
608 3884 660 3937 in
719 3884 822 3938 hoc
853 3883 972 3937 loco
1002 3900 1013 3935 :
1041 3880 1330 3947 Quomodo
1382 3877 1684 3946 discipulus
1722 3873 1958 3944 prosely—

384 3984 470 4028 tus
490 3975 568 4029 eis
588 3973 681 4042 qui
707 3988 852 4028 nunc
869 3980 998 4028 sunt
1021 3971 1227 4026 Scribaa
1252 3980 1305 4024 et
1329 3968 1589 4023 Phariszei
1616 3965 1959 4020 miserabiles

384 4063 690 4128 constituti,
747 4079 854 4117 non
903 4062 1188 4133 aequaliter
1236 4060 1468 4114 efficitur
1516 4058 1658 4112 ﬁlius
1698 4058 1958 4128 gehennae

384 4152 545 4223 841
566 4152 881 4207 doctoribus
903 4153 1041 4215 suis,
1061 4153 1155 4206 sed
1167 4149 1489 4218 dupliciter?
1511 4147 1805 4202 Dicitenim
1820 4163 1959 4216 quo-

386 4245 530 4298 niam
559 4244 790 4299 debebat
823 4244 1003 4299 minus
1019 4242 1131 4297 ﬁeri
1150 4240 1569 4311 gebenmelilius
1593 4239 1778 4293 :autsi
1797 4237 1954 4303 forte,

387 4352 482 4404 pro
505 4337 731 4392 dimidia
762 4346 915 4407 parte
948 4339 996 4390 el
1027 4336 1121 4406 qui
1150 4333 1279 4389 fecit
1306 4332 1642 4403 proselytum
1673 4346 1820 4386 eum.
1851 4331 1961 4384 Aut

385 4430 429 4484 si
453 4438 507 4485 et
525 4428 725 4499 aliquis
746 4426 1009 4482 concedat
1037 4433 1094 4477 ut
1114 4424 1186 4479 sit
1211 4420 1513 4490 discipulus
1537 4420 1679 4475 sicut
1698 4417 1961 4489 magister

2056 3252 2154 3309 per
2206 3213 2452 3303 singulas
2502 3213 2711 3300 species
2768 3235 3118 3298 peccatorum
3173 3220 3267 3273 ﬁat
3308 3217 3434 3309 quis
3485 3213 3630 3267 tilius

2057 3306 2352 3398 gehennae:
2378 3328 2567 3391 utputa
2591 3321 2687 3390 qui
2713 3315 3037 3379 fornicatur,
3068 3312 3139 3367 sit
3168 3310 3309 3363 ﬁlius
3337 3306 3630 3377 gehennae;

2057 3394 2115 3473 et
2164 3415 2257 3485 qui
2304 3412 2663 3472 adulteratur,
2715 3407 3005 3478 dupliciter
3035 3404 3139 3470 sit;
3191 3413 3244 3455 et
3289 3398 3383 3469 qui
3425 3394 3628 3451 furtum

2062 3509 2209 3570 facit,
2242 3508 2422 3562 adhuc
2466 3502 2775 3573 tripliciter,
2822 3498 3125 3554 secundum
3165 3492 3312 3563 quod
3367 3488 3630 3558 scriptum

2058 3608 2144 3658 est
2164 3598 2209 3631 ⁸⁷
2240 3615 2254 3650 :
2288 3596 2407 3660 Qua
2436 3608 2683 3647 mensura
2720 3590 2887 3644 mensi
2910 3586 3143 3657 fueritis,
3168 3582 3352 3637 eadem
3385 3596 3636 3635 mensura

2062 3687 2307 3742 metiatur
2334 3683 2515 3746 vobis;
2567 3688 2629 3735 ut
2647 3679 2830 3749 justus
2857 3674 3075 3745 quidem
3110 3669 3410 3726 secundum
3441 3681 3635 3721 nume-

2063 3794 2184 3834 rum
2211 3774 2549 3847 justitiarum
2584 3784 2810 3826 suarum
2842 3772 3108 3836 augeatur
3138 3760 3193 3815 in
3227 3757 3419 3831 gloria,
3446 3771 3638 3826 pecca-

2063 3880 2150 3926 IOI‘
2173 3877 2353 3921 autem
2379 3863 2678 3920 secundum
2711 3872 3001 3914 numerum
3035 3860 3383 3924 peccatorum
3411 3863 3635 3902 SilOl‘Ulll

2064 3961 2456 4031 multiplicetur
2492 3956 2546 4009 in
2588 3953 2858 4025 gehenna.
2904 3947 3036 4014 Quae
3074 3943 3145 3999 sit
3174 3951 3355 3996 autem
3398 3940 3515 3993 hinc
3547 3952 3639 4007 ge-

2063 4054 2266 4116 henna,
2297 4059 2353 4105 et
2394 4049 2448 4102 in
2479 4062 2588 4117 quo
2627 4045 2750 4098 loco
2779 4040 3188 4109 Scripturarum
3235 4033 3388 4103 prius
3423 4041 3507 4085 est
3543 4044 3640 4081 no—

2065 4145 2292 4208 minata,
2338 4139 2432 4210 qui
2483 4144 2662 4207 potest
2694 4130 2955 4200 requirat,
2987 4125 3227 4181 maxime
3268 4123 3323 4176 in
3371 4119 3642 4174 divisione

2065 4208 2401 4292 bzereditatis
2438 4227 2568 4283 tesu
2613 4224 2707 4279 mn
2749 4221 2914 4286 Nave,
2976 4217 3067 4272 ubi
3102 4213 3373 4269 interdum
3417 4208 3638 4279 quidem

2067 4325 2372 4397 appellatur
2397 4320 2553 4374 vallis
2600 4316 2722 4371 ﬁliae
2751 4312 2910 4375 Nom,
2954 4309 3226 4363 interdum
3272 4315 3453 4359 autem
3482 4301 3641 4355 vallis

2066 4392 2220 4470 Fidon
2249 4427 2373 4483 quae
2395 4419 2478 4465 est
2507 4407 2558 4460 in
2586 4407 2853 4475 gehenna.
2881 4400 3141 4457 Gehenna
3173 4398 3319 4450 enim
3347 4402 3432 4449 est
3460 4392 3640 4447 vallis.

385 4520 523 4587 ejus,
575 4482 808 4573 debebat
853 4514 1155 4584 discipulus
1204 4482 1487 4581 aequa-liter
1539 4482 1819 4580 magistro.
1858 4523 1960 4563 suo
1991 4514 2038 4571 ι)
2067 4506 2131 4562 Et
2166 4482 2416 4560 observet
2446 4497 2727 4570 quoniam,
2764 4494 2907 4549 sicut
2939 4489 3243 4546 Jerusalem
3276 4500 3396 4542 sors
3421 4490 3504 4538 est
3530 4482 3634 4587 tri:

389 4610 502 4663 ﬁeri
533 4609 673 4663 tilius
702 4607 979 4677 gehennae.
1009 4604 1260 4658 Arbitror
1279 4618 1409 4671 ergo
1439 4616 1656 4656 omnem
1684 4600 1960 4655 hominem

386 4700 481 4770 qui
511 4714 573 4752 ex
622 4697 1035 4752 conversatione
1081 4694 1268 4765 gentili
1310 4691 1624 4749 Iudaeorum
1659 4691 1838 4746 factus
1877 4698 1965 4747 εει

388 4789 717 4860 proselytus,
747 4786 915 4841 ﬁlium
942 4787 1203 4857 gehennae
1219 4785 1387 4840 fuisse
1410 4795 1463 4838 et
1489 4784 1809 4854 priusquam
1840 4796 1965 4853 pro.

388 4882 597 4953 selytus
642 4878 925 4934 efﬁciatur.
988 4877 1278 4933 Sufﬁciens
1331 4885 1414 4931 est
1457 4875 1604 4928 enim
1653 4873 1817 4928 etiam
1854 4872 1963 4926 vita

390 4971 713 5027 idololatriis
734 4969 949 5025 subdita
975 4968 1153 5024 facere
1179 4968 1453 5022 hominem
1481 4966 1650 5020 ﬁlium
1680 4965 1963 5037 gehennae.

392 5062 578 5119 Talem
610 5076 742 5132 ergo
775 5059 947 5115 ﬁlium
969 5061 1228 5132 gehennae
1258 5061 1432 5116 salvat
1451 5059 1670 5130 quidem
1695 5067 1749 5113 et
1770 5056 1968 5111 liberat

391 5172 487 5225 per
513 5155 788 5210 lavacrum
818 5152 1164 5223 baptismatis
1188 5168 1366 5208 sermo
1392 5150 1605 5205 Domini
1638 5149 1808 5205 nostri
1837 5146 1966 5203 Jesu

390 5247 617 5313 Christi,
646 5247 784 5302 dans
812 5246 861 5302 ei
896 5254 1220 5316 potestatem
1251 5244 1365 5298 ﬁeri
1402 5244 1570 5297 tilium
1607 5242 1720 5309 Dei,
1743 5250 1798 5295 et
1822 5240 1963 5294 viam

391 5338 441 5392 ei
483 5339 778 5395 ostendens
813 5346 876 5393 ut
917 5337 1190 5392 efficiatur
1226 5336 1371 5389 ﬁlius
1408 5334 1498 5388 Dei
1538 5334 1717 5388 Patris
1760 5331 1851 5402 qui
1884 5338 1970 5384 est

396 5432 449 5484 in
496 5430 668 5485 ctelis.
706 5428 901 5485 Sermo
935 5438 1114 5483 autem
1145 5425 1455 5481 Judazornm
1487 5442 1593 5479 non
1630 5422 1964 5478 credentium

397 5521 637 5589 Christo,
666 5539 776 5579 non
810 5525 987 5580 solum
1022 5522 1276 5593 gentilem
1313 5535 1419 5575 non
1450 5519 1611 5574 solvit
1637 5533 1665 5571 a
1697 5516 1966 5588 gehenna,

2062 4601 2166 4655 bus
2189 4594 2495 4664 Beniamin,
2524 4598 2578 4646 et
2613 4589 2732 4643 alite
2767 4585 3017 4657 qumdam
3050 4582 3301 4636 civitates
3329 4577 3514 4632 electae
3558 4573 3640 4628 vel

2062 4689 2188 4753 vici,
2223 4689 2304 4744 sic
2341 4693 2395 4739 et
2430 4682 2702 4752 gehenna.
2734 4677 3094 4744 Consequens
3131 4680 3312 4725 autem
3342 4676 3428 4723 est
3454 4666 3504 4721 ei
3548 4667 3641 4736 qui

2064 4775 2344 4851 cognoscit
2390 4787 2513 4844 qua:
2545 4771 2616 4827 sit
2641 4767 2943 4823 Jerusalem
2976 4764 3029 4816 in
3065 4760 3334 4816 divisione
3361 4771 3505 4812 veras
3528 4755 3642 4809 haa~

2064 4844 2310 4926 reditatis
2349 4864 2583 4917 filiorum
2618 4857 2804 4923 Israel,
2845 4864 2903 4910 ut
2939 4851 3205 4921 intelligat
3234 4860 3544 4905 sermonem
3575 4844 3642 4900 de

2065 4962 2331 5033 gehenna.
2365 4954 2472 5022 Qui
2524 4960 2705 5007 autem
2746 4949 2877 5018 legit
2916 4945 3206 5014 diligenter
3252 4939 3438 4996 Iesum
3472 4936 3642 4999 Nave,

2064 5031 2244 5109 videat
2274 5058 2330 5105 et
2373 5046 2469 5118 qui
2498 5045 2603 5100 vici
2647 5041 2965 5098 referuntur
3009 5038 3121 5093 illic
3164 5036 3405 5091 vicinare
3435 5032 3562 5087 valli
3589 5031 3642 5084 ei

2068 5159 2191 5215 qna:
2218 5140 2420 5196 dicitur
2447 5137 2715 5209 gehenna.
2750 5131 2877 5186 Haec
2907 5128 3172 5201 prolixius
3197 5134 3253 5181 et
3295 5120 3647 5179 manifestius

2073 5214 2287 5292 tradere
2318 5245 2412 5301 per
2445 5233 2834 5287 atramentum,
2878 5230 2933 5276 et
2983 5221 3278 5282 calamum,
3312 5225 3367 5269 et
3398 5214 3644 5267 chartam

2071 5330 2247 5383 visum
2291 5322 2425 5379 mihi
2456 5328 2540 5377 est
2584 5332 2691 5372 non
2728 5330 2849 5372 esse
2885 5323 3144 5379 cautum;
3193 5308 3402 5364 utinam
3435 5312 3490 5359 et
3531 5302 3648 5356 haec

2070 5422 2189 5491 ipsa
2219 5431 2340 5487 qua:
2367 5413 2602 5468 dicimus
2629 5424 2739 5463 non
2770 5406 3058 5461 videamur
3089 5410 3295 5456 temere
3326 5405 3381 5451 et
3426 5392 3647 5464 μοι-ἰων-

2070 5511 2189 5567 lose
2214 5505 2452 5564 dixisse!

465 5722 510 5751 "
538 5737 613 5793 XI,
643 5722 733 5779 5‘2.
806 5724 852 5757 ⁸³
878 5723 1042 5785 llcbr.
1071 5743 1128 5794 χ,
1164 5726 1213 5780 1.
1290 5725 1336 5759 ⁸⁸
1363 5723 1552 5781 Matth.
1584 5736 1741 5791 unt,
1783 5720 1864 5777 l5.
1932 5719 1950 5752 ⁸

2052 5731 2147 5777 .uc.
2179 5706 2450 5779 “111,18.
2527 5702 2573 5736 ⁸⁸
2604 5698 2736 5761 ibid.
2765 5697 2858 5754 21.
2930 5696 2974 5728 ⁸⁷
3010 5693 3143 5750 Luc.
3175 5706 3249 5761 vt,
3277 5690 3369 5747 38.
