4052 6304
503 360 645 420 1625

497 583 701 639 cunque
731 565 993 636 juraverit
1018 578 1110 631 per
1140 564 1410 633 templum,
1453 566 1588 620 nihil
1621 578 1722 623 est.
1743 569 1849 635 Qui
1892 580 2065 625 autem

495 655 751 727 iuraverit
771 669 862 722 per
881 668 1068 706 aurum
1098 652 1297 721 templi,
1318 654 1488 708 debet.
1513 654 1676 709 Stulti
1699 666 1749 710 et
1766 659 1890 711 caeci
1909 658 1929 710 .'
1943 659 2071 728 quid

497 748 634 800 enim
662 745 834 811 majus
864 754 965 810 est,
993 758 1208 807 aurum,
1236 760 1307 796 an
1332 745 1580 813 templum
1606 746 1745 816 quod
1772 750 2069 818 sanctiﬁcat

497 853 689 892 aurum
713 836 738 889 ?
760 834 831 889 Et
859 835 1153 905 quicunque
1169 834 1432 904 juraverit
1458 853 1549 907 per
1574 838 1767 912 altare,
1791 841 1923 894 nihil
1947 852 2020 895 est
2050 857 2068 894 :

496 928 589 984 sed
615 926 910 997 quicunque
938 925 1193 997 iuraverit
1222 943 1315 996 per
1360 927 1559 982 donum
1586 929 1724 1000 quod
1754 947 1909 1000 super
1935 930 2069 984 illud

496 1027 595 1082 cst,
651 1014 819 1069 debet.
866 1012 1032 1069 Stulti
1087 1022 1138 1067 et
1178 1015 1338 1068 caeci!
1377 1017 1504 1085 quid
1578 1017 1717 1071 enim
1772 1018 1947 1087 majus
1993 1028 2068 1073 est

500 1106 698 1158 donum
733 1120 805 1157 an
851 1103 1022 1158 altare
1050 1105 1190 1174 quod
1209 1106 1510 1174 sanctiﬁcat
1533 1106 1790 1164 domum?
1821 1108 1925 1174 Qui
1949 1126 2069 1180 ergo

496 1197 646 1266 jurat
675 1210 768 1265 per
806 1194 976 1250 altare
1027 1195 1177 1266 iurat
1199 1213 1291 1266 per
1320 1196 1479 1260 illud,
1519 1210 1567 1253 et
1601 1200 1655 1253 in
1688 1201 1927 1255 omnibus
1954 1218 2070 1272 quae

500 1296 621 1343 sunt
648 1303 805 1358 super
825 1286 981 1341 illud.
1006 1286 1077 1340 Et
1098 1288 1187 1354 qui
1200 1287 1356 1357 jurat
1394 1305 1486 1359 per
1511 1289 1758 1359 templum
1803 1291 1955 1361 jurat
1982 1309 2071 1350 per

498 1381 660 1450 illud,
698 1390 747 1436 et
785 1396 876 1449 per
907 1395 1027 1434 eum
1064 1380 1153 1450 qui
1197 1379 1403 1436 habitat
1429 1381 1485 1434 in
1522 1382 1657 1448 ipso.
1691 1381 1761 1435 Et
1801 1385 1891 1453 qui
1914 1384 2069 1453 jurat

498 1488 592 1543 per
612 1470 818 1534 calum,
848 1468 1000 1538 jurat
1029 1484 1121 1537 per
1158 1468 1404 1522 thronum
1443 1470 1563 1536 Dei,
1598 1480 1647 1524 et
1680 1486 1772 1538 per
1810 1471 2069 1524 sedentem

500 1579 658 1632 super
680 1577 800 1616 eum
822 1559 888 1611 ⁸⁸.
908 1557 1012 1611 Per
1026 1558 1133 1611 hoc
1148 1572 1366 1629 quoque
1379 1558 1604 1614 verbum
1621 1559 1943 1614 criminatur
1959 1568 2070 1614 tra-

499 1654 739 1709 ditiones
774 1648 1198 1714 Pharisaeorum,
1234 1648 1391 1716 quasi
1421 1663 1531 1702 non
1564 1656 1762 1703 rectas.
1797 1646 1912 1703 Hoc
1940 1648 2072 1702 facit

500 1753 555 1797 et
587 1741 643 1795 in
671 1755 736 1795 eo
761 1740 881 1794 loco
902 1738 997 1792 ubi
1024 1739 1294 1808 vituperat
1317 1738 1637 1794 traditiones
1666 1737 2069 1794 Pharisaeorum

505 1832 678 1887 factas
710 1830 972 1884 adversus
1019 1827 1111 1882 Dei
1155 1826 1470 1881 mandatum
1504 1826 1647 1896 quod
1679 1826 1915 1897 positum
1955 1834 2072 1881 erat
2105 1810 2146 1866 Β

502 1926 571 1981 de
601 1924 808 1979 honore
844 1921 1013 1991 patris
1046 1919 1130 1975 vel
1161 1919 1373 1975 matris.
1403 1918 1718 1974 Dicentibus
1739 1919 1882 1974 enim
1924 1916 2071 1973 Pha-

505 2015 676 2072 rismis
702 2015 784 2069 3’;
812 2014 1114 2081 Quicunque
1135 2011 1331 2065 dixerit
1357 2011 1500 2082 patri
1525 2010 1603 2065 vel
1625 2009 1820 2064 matri:
1863 2008 2068 2064 Donum

504 2107 639 2179 quod
658 2122 722 2161 ex
738 2122 838 2170 me,
863 2104 958 2158 tibi
975 2103 1228 2173 proderit,
1253 2119 1354 2157 non
1374 2102 1646 2157 honorabit
1670 2110 1872 2172 patrem
1889 2118 2065 2157 suum.

505 2198 631 2256 Post
657 2212 779 2269 quae
807 2196 956 2252 addit
986 2204 1042 2251 et
1067 2195 1199 2251 dicit
1227 2194 1276 2226 "
1302 2213 1317 2250 :
1353 2193 1580 2249 Irritum
1613 2195 1812 2268 fecistis
1844 2196 2069 2250 manda-

503 2301 614 2346 tum
645 2290 764 2354 Dei,
808 2299 866 2343 ut
900 2287 1151 2343 statuatis
1183 2297 1405 2343 vestram
1440 2289 1801 2343 traditionem.
1838 2287 1905 2342 Et
1939 2301 2067 2358 pro-

503 2387 605 2440 fert
635 2382 788 2439 Isaiae
825 2383 1132 2454 exemplum
1175 2382 1472 2438 dicens“:
1520 2378 1757 2450 Populus
1794 2379 1879 2433 hic
1915 2378 2068 2434 labiis

501 2490 582 2529 me
616 2473 858 2539 honorat,
891 2489 983 2528 cor
1012 2479 1189 2526 autem
1219 2485 1402 2525 eorum
1431 2468 1583 2539 longe
1620 2479 1697 2524 est
1740 2485 1773 2522 a
1815 2483 1915 2522 me.
1942 2464 2069 2522 Sine

500 2579 663 2619 causa
690 2572 864 2617 autem
900 2561 1081 2616 colunt
1110 2576 1212 2625 me,
1247 2559 1488 2612 docentes
1527 2557 1796 2610 doctrinas
1834 2563 1884 2609 et
1916 2571 2070 2610 man-

500 2655 629 2707 data
665 2652 958 2706 hominum.
1000 2647 1120 2704 Una
1152 2656 1333 2703 autem
1367 2662 1435 2702 ex
1464 2644 1793 2702 Pharisaicis
1824 2645 2070 2701 traditio-

501 2745 665 2799 nibus
691 2751 808 2799 erat
836 2743 958 2797 talis
983 2740 1393 2811 deiurantibus,
1434 2738 1695 2809 quoniam
1723 2737 1941 2808 quidem
1968 2752 2066 2808 per

500 2834 759 2903 templum
788 2832 1065 2903 iurabant,
1098 2830 1190 2886 alii
1227 2839 1409 2884 autem
1455 2844 1551 2898 per
1602 2843 1797 2882 aurum
1844 2828 2065 2897 templi;

504 2928 630 2980 item
661 2924 751 2980 alii
787 2939 881 2994 per
910 2923 1099 2986 altare,
1134 2920 1226 2976 alii
1262 2935 1358 2991 per
1387 2920 1591 2974 donum
1640 2918 1863 2985 altaris;
1894 2925 1948 2972 et
1986 2918 2069 2972 di-

501 3020 698 3073 cebant
738 3016 1036 3079 debitorem
1065 3029 1188 3071 esse
1219 3027 1346 3068 eum
1375 3013 1470 3081 qui
1517 3027 1613 3082 per
1641 3027 1837 3067 aurum
1882 3012 2068 3082 templi

500 3108 788 3176 iuraverit,
832 3114 928 3161 aut
972 3122 1068 3175 per
1108 3105 1310 3159 donum
1360 3103 1583 3166 altaris,
1633 3118 1756 3157 eum
1803 3111 1980 3156 autem
2011 3102 2064 3156 in

506 3197 657 3252 nulla
691 3211 748 3250 re
785 3196 1080 3250 obnoxium
1112 3209 1232 3247 esse
1265 3193 1357 3261 qui
1386 3193 1651 3260 iuraverit
1678 3209 1773 3261 per
1806 3194 2068 3261 templum

506 3289 586 3343 vel
613 3301 709 3356 per
741 3286 931 3340 altare.
972 3284 1098 3338 ldeo
1138 3284 1398 3339 adversus
1432 3282 1701 3350 eiusmodi
1749 3282 2069 3340 traditiones

507 3381 733 3447 loquens
755 3374 954 3430 ludatis
989 3373 1257 3440 Salvator,
1291 3381 1340 3427 et
1367 3373 1553 3426 volens
1575 3386 1669 3426 eos
1698 3373 1970 3443 corrigere
2002 3373 2071 3429 ab

506 3466 761 3525 humanis
812 3464 1195 3522 traditionibus
1241 3464 1307 3518 ad
1356 3464 1541 3517 divina
1608 3461 1885 3527 mandata,
1938 3462 2069 3518 dicit

506 3558 763 3630 quoniam
786 3556 913 3613 caeci
948 3566 1003 3612 et
1043 3556 1176 3611 fatui
1218 3564 1347 3611 sunt
1376 3556 1468 3626 qui
1506 3554 1634 3609 talia
1683 3555 1922 3620 tradunt,
1958 3570 2070 3609 non

504 3650 748 3705 videntes
767 3649 1027 3719 quoniam
1057 3663 1220 3704 omne
1246 3649 1392 3719 quod
1422 3650 1656 3717 positam
1682 3647 1842 3704 estin
1872 3647 2072 3717 templo

506 3762 613 3800 non
648 3760 744 3815 per
774 3744 953 3815 ipsum
982 3742 1380 3798 sanctificatum
1403 3751 1507 3809 est,
1541 3742 1635 3797 sed
1667 3757 1762 3812 per
1785 3742 2067 3811 templum.

506 3834 601 3892 Sic
643 3845 696 3890 et
722 3834 870 3906 quod
904 3834 1140 3905 positum
1177 3841 1265 3888 est
1295 3847 1457 3902 super
1488 3833 1681 3897 altare,
1723 3832 1926 3887 donum
1954 3832 2069 3903 iam

508 3924 600 3978 Dei
638 3937 757 3978 esse
793 3922 1070 3993 iudicatur
1115 3920 1278 3991 842
1321 3936 1384 3974 ex
1419 3935 1484 3975 eo
1517 3920 1663 3989 quod
1711 3934 1874 3989 super
1903 3920 2072 3976 altare

503 4021 812 4082 susceptum
859 4020 960 4068 est.
1017 4011 1074 4066 Si
1122 4028 1253 4081 ergo
1307 4026 1471 4067 causa
1525 4012 1902 4068 sanctiﬁcandi
1949 4015 2068 4068 auri

503 4104 763 4174 templum
798 4114 903 4167 est,
931 4112 986 4158 et
1016 4104 1392 4160 sanctiticandi
1415 4103 1543 4158 doni
1567 4103 1760 4168 altare,
1795 4105 2068 4174 quomodo

503 4211 612 4250 non
646 4196 894 4251 videatur
940 4195 1175 4260 fatuum,
1230 4195 1376 4249 hunc
1412 4194 1506 4264 qui
1547 4193 1695 4264 iurat
1739 4211 1834 4264 per
1867 4197 2072 4251 sancti-

501 4291 779 4353 licantem,
805 4303 923 4341 non.
937 4302 1059 4342 esse
1081 4302 1266 4352 reum;
1299 4285 1392 4356 qui
1420 4295 1602 4340 autem
1630 4300 1724 4354 per
1758 4286 2069 4342 sanctifica-

503 4388 617 4432 tum
646 4375 929 4445 juraverit,
959 4389 1111 4428 reum
1158 4374 1352 4440 videri,
1389 4373 1548 4443 quasi
1588 4374 1780 4429 melius
1818 4374 1888 4429 sit
1925 4376 2068 4446 quod

1687 358 1845 416 ORIG
1858 360 2010 417 ENIS
2048 363 2114 418 IN
2156 364 2571 423 MATTllAiUM

570 476 661 532 Π.
710 474 803 531 Va:
837 474 998 541 vobis,
1047 474 1201 528 duces
1243 489 1522 539 actorum,
1552 477 1642 546 qui
1683 476 1860 533 dicitis
1892 496 1910 532 :
1941 480 2073 544 Qui—
2103 489 2149 542 Α

3604 377 3743 434 itii!

2251 482 2338 536 18.
2377 484 2432 537 Si
2454 492 2636 538 autem
2660 491 2874 553 oportet
2895 483 3051 553 quasi
3079 485 3280 543 talibus
3294 487 3572 561 Evangelii
3596 499 3742 565 agris

2172 573 2570 641 absconditum,
2603 582 2657 628 et
2714 588 2822 627 non
2858 588 2889 626 a
2934 574 3347 648 quibuscunque
3380 585 3738 650 comprehen-

2171 665 2386 720 sibilem
2418 680 2638 720 sensum
2674 664 2989 735 Scripturte,
3027 667 3110 723 vel
3141 683 3208 723 ex
3236 677 3389 737 parte
3431 670 3599 728 altius
3642 690 3737 744 pu-

2170 756 2394 825 blicare,
2416 757 2702 812 dicendum
2727 767 2843 813 est:
2872 758 3045 814 Omne
3068 760 3437 828 juramentum
3466 764 3739 835 colligatio

2169 857 2253 904 est
2283 857 2339 904 et
2372 848 2719 903 confirmatio
2749 851 2900 905 verbi
2944 851 3011 905 de
3035 864 3146 920 quo
3183 849 3416 920 iuratur.
3447 851 3735 911 Juramen-

2172 949 2285 994 tum
2314 954 2442 1010 ergo
2471 954 2591 994 esse
2629 940 3032 1010 intelligendum
3065 948 3150 995 est
3177 954 3339 996 omne
3362 942 3735 998 testimonium

2173 1027 2579 1097 Scripturarum
2610 1030 2755 1099 quod
2787 1029 3060 1098 profertur
3087 1030 3152 1084 ad
3183 1029 3654 1087 confirmationem
3685 1046 3735 1089 et

2170 1120 2568 1191 colligationem
2616 1123 2785 1177 nostri
2829 1121 2975 1177 verbi
3023 1121 3170 1191 quod
3210 1121 3509 1190 loquimur,
3563 1135 3622 1177 ut
3668 1125 3739 1180 sit

2170 1212 2390 1282 quidem
2422 1213 2680 1282 templum
2724 1213 2910 1283 gloria;
2948 1212 3047 1268 Dei
3076 1214 3259 1268 omnis
3290 1213 3576 1284 Scriptura
3601 1217 3736 1271 divi-

2171 1303 2318 1358 nitus
2345 1302 2628 1372 inspirata,
2666 1316 2860 1357 aurum
2893 1310 3073 1356 autem
3107 1303 3319 1371 positus
3348 1319 3546 1360 sensus
3575 1307 3627 1360 in
3650 1321 3734 1363 ea.

2171 1393 2441 1449 Debemus
2466 1408 2596 1464 ergo
2632 1393 2699 1448 ad
2732 1394 3104 1449 testimonium
3152 1394 3402 1449 omnium
3445 1397 3733 1452 verborum

2170 1498 2292 1553 quae
2318 1482 2648 1553 proferimus
2680 1483 2735 1538 in
2758 1484 3027 1550 doctrina,
3059 1482 3302 1554 proferre
3343 1500 3570 1540 sensum
3594 1486 3738 1541 Scri-

2170 1582 2362 1641 pturm,
2378 1573 2535 1643 quasi
2548 1573 2958 1629 conﬁrmantem
2978 1590 3139 1644 quem
3155 1575 3480 1645 exponimus
3495 1591 3736 1633 sensum.

2173 1660 2324 1717 Sicut
2356 1662 2503 1717 enim
2529 1678 2689 1719 omne
2710 1679 2904 1718 aurum
2932 1664 3078 1735 quod
3109 1663 3271 1719 fuerit
3299 1672 3456 1719 extra
3478 1664 3737 1734 templum

2171 1765 2280 1806 non
2310 1760 2395 1807 est
2422 1752 2844 1819 sanctiﬁcatum,
2885 1755 2966 1811 sic
2991 1755 3172 1809 omnis
3218 1769 3416 1811 sensus
3456 1756 3551 1825 qui
3578 1755 3741 1811 fuerit

2172 1851 2328 1897 extra
2387 1843 2625 1899 divinam
2678 1843 3053 1916 Scriptorum,
3104 1845 3353 1916 quamvis
3402 1847 3743 1903 admirabilis

2173 1932 2422 1989 videatur
2476 1933 2828 2003 quibusdam,
2876 1948 2986 1989 non
3033 1944 3119 1989 est
3165 1944 3408 2000 sanctus,
3456 1936 3586 2004 quia
3631 1952 3741 1992 non

2174 2025 2482 2079 continetur
2514 2040 2544 2079 a
2576 2040 2737 2081 sensu
2767 2024 3080 2096 Scriptura},
3104 2042 3225 2096 quae
3247 2027 3384 2082 solet
3408 2041 3532 2082 eum
3563 2029 3741 2084 solum

2175 2128 2396 2170 sensum
2447 2116 2792 2172 sanctificat-e
2821 2131 2981 2187 quem
3031 2116 3194 2171 habet
3224 2118 3277 2171 in
3316 2132 3397 2183 se,
3429 2118 3573 2173 sicut
3604 2127 3739 2173 tem-

2173 2205 2346 2274 plum,
2370 2205 2650 2276 proprium
2679 2221 2891 2261 aurum.
2926 2205 3048 2260 Non
3072 2221 3203 2276 ergo
3232 2206 3493 2261 debemus
3520 2207 3587 2260 ad
3616 2222 3745 2260 con-

2174 2296 2495 2351 ﬁrmandam
2519 2297 2820 2353 doctrinam
2851 2309 3097 2353 nostram
3123 2306 3341 2353 nostros
3368 2299 3618 2367 proprios
3654 2298 3743 2350 in-

2177 2387 2418 2443 tellectus
2446 2387 2654 2458 iurare,
2679 2395 2733 2442 et
2755 2387 2915 2457 quasi
2938 2386 3250 2441 testimonia
3273 2400 3574 2451 assumere,
3598 2400 3739 2455 quos

2174 2478 2553 2548 unusquisque
2585 2487 2834 2534 nostrum
2868 2479 3141 2548 intelligit,
3170 2488 3224 2533 et
3263 2478 3562 2534 secundum
3595 2478 3739 2532 veri-

2174 2579 2339 2625 tatem
2367 2570 2644 2626 existimat
2663 2584 2806 2637 esse,
2829 2570 2887 2623 ni
2911 2569 3211 2625 ostenderit
3231 2584 3327 2624 eos
3351 2578 3568 2625 sanctos
3593 2583 3731 2638 esse,

2173 2678 2241 2719 ex
2269 2676 2334 2717 eo
2363 2662 2509 2732 quod
2541 2662 2594 2716 in
2631 2660 2929 2732 Scripturis
2955 2660 3304 2716 continentur
3330 2660 3551 2726 divinis,
3580 2659 3741 2730 quasi-

2175 2752 2229 2806 in
2257 2751 2471 2822 templis
2492 2751 2817 2822 quibusdam
2840 2750 2956 2805 Dei.
2983 2750 3145 2805 Stulti
3171 2765 3301 2821 ergo
3324 2762 3377 2806 et
3398 2751 3527 2806 caeci
3547 2765 3742 2805 omnes

2174 2839 2266 2909 qui
2290 2855 2394 2895 non
2417 2849 2756 2910 cognoscunt
2785 2841 3044 2910 quoniam
3074 2842 3359 2911 templum,
3389 2840 3442 2896 id
3466 2850 3550 2897 est
3576 2841 3742 2897 lectio

2177 2929 2608 3000 Scripturarum,
2650 2945 2903 3001 magnum
2943 2941 3001 2986 et
3040 2931 3402 2986 venerabilem
3448 2931 3579 2987 facit
3615 2947 3736 2987 sen-

2175 3030 2318 3083 sum,
2352 3017 2493 3070 sicut
2523 3030 2716 3069 aurum
2747 3023 3041 3070 sacratum.
3076 3015 3267 3070 Adhue
3290 3025 3472 3071 autem
3501 3017 3642 3080 vide,
3669 3031 3739 3071 ne

2175 3102 2314 3158 forte
2348 3104 2647 3160 secundum
2674 3104 3086 3159 similitudinem
3126 3105 3312 3174 templi
3335 3114 3389 3160 et
3417 3105 3536 3160 auri
3572 3105 3741 3174 positi

2173 3192 2227 3246 in
2263 3193 2482 3262 templo,
2534 3193 2835 3263 intelligere
2881 3194 3180 3250 debeamus
3226 3195 3400 3250 altare
3436 3206 3490 3251 et
3533 3196 3736 3250 donum

2172 3282 2317 3353 quod
2346 3283 2583 3353 positum
2625 3293 2710 3338 est
2749 3298 2910 3353 super
2940 3285 3133 3338 altare.
3181 3284 3363 3340 Altare
3401 3300 3551 3356 ergo,
3591 3286 3741 3354 quod

2171 3379 2356 3426 votum
2399 3371 2688 3439 signiﬁcat,
2727 3380 2811 3426 est
2836 3372 3077 3427 hominis
3119 3388 3233 3439 cor,
3269 3374 3415 3443 quod
3443 3375 3740 3444 principale

2171 3460 2403 3515 habetur
2444 3461 2499 3515 in
2531 3462 2781 3528 homine;
2817 3471 2937 3516 vota
2980 3472 3162 3518 autem
3209 3473 3264 3518 et
3299 3465 3444 3519 dona
3485 3480 3606 3534 quae
3643 3480 3741 3534 po-

2171 3560 2377 3607 nuntur
2397 3568 2559 3622 super
2582 3552 2773 3620 altare,
2795 3568 2957 3609 omne
2977 3555 3122 3624 quod
3153 3556 3540 3624 superponitur
3563 3557 3736 3611 cordi.

2173 3641 2396 3714 Utpota,
2445 3645 2704 3715 praponis
2746 3660 2930 3712 orare,
2970 3655 3156 3701 votum
3196 3647 3462 3701 orationis
3508 3648 3742 3717 posuisti

2172 3752 2336 3806 super
2364 3753 2459 3792 cor
2509 3746 2683 3802 tuum,
2719 3737 2879 3806 quasi
2933 3751 3097 3805 super
3132 3737 3407 3807 quoddam
3446 3738 3637 3803 altare,
3677 3747 3740 3791 ut

2171 3828 2475 3882 orationem
2499 3828 2695 3882 offeras
2740 3827 2871 3881 Deo.
2905 3824 3243 3896 Proposuisti
3273 3826 3524 3896 psallere,
3550 3838 3741 3881 votum

2172 3919 2507 3989 psalmorum
2554 3919 2789 3989 posuisti
2840 3934 3004 3988 super
3047 3933 3142 3973 cor
3177 3930 3353 3983 tuum,
3385 3919 3546 3987 quasi
3576 3934 3744 3987 super

2171 4010 2440 4079 quoddam
2470 4009 2659 4074 altare,
2690 4018 2749 4063 ut
2775 4008 2969 4064 offeras
3002 4007 3113 4062 Deo
3142 4018 3327 4063 votum
3368 4010 3731 4080 psalmorum.

2170 4098 2506 4168 Proposuisti
2545 4100 2923 4172 eleemosynas
2970 4098 3169 4163 facere,
3220 4109 3404 4154 votum
3439 4100 3709 4170 eleemosy

2171 4206 2363 4244 narum
2395 4190 2625 4260 posuisti
2661 4205 2826 4258 super
2857 4204 2951 4244 eor
2985 4198 3159 4255 tuum,
3188 4191 3347 4259 quasi
3371 4205 3536 4260 super
3567 4193 3715 4259 quod

2171 4281 2295 4336 dam
2337 4281 2528 4348 altare,
2565 4290 2625 4334 ut
2653 4288 2837 4335 votum
2868 4283 3337 4351 eleemosynarum
3375 4281 3572 4336 offeras
3603 4279 3735 4334 Deo.

2170 4372 2508 4444 Proposuisti
2552 4373 2822 4441 ieiunare,
2850 4381 3035 4427 votum
3076 4372 3268 4444 ieiunii
3303 4373 3535 4441 posuisti
3573 4388 3739 4441 super

500 4466 873 4523 sanctificatur
906 4480 1069 4535 quam
1119 4463 1265 4534 quod
1304 4462 1644 4519 sanctificat?
1690 4464 1766 4518 lta
1806 4466 2063 4534 quoniam
2098 4487 2141 4540 ι)
2172 4482 2265 4522 cor
2292 4474 2467 4531 tuum,
2500 4465 2658 4534 quasi
2691 4479 2854 4533 super
2877 4463 3147 4533 quoddam
3195 4464 3389 4519 altare.
3418 4464 3739 4519 Venerabile

498 4558 671 4614 Judaei
699 4554 1150 4612 consuetudinem
1184 4552 1385 4607 habent
1411 4560 1464 4607 et
1502 4567 1597 4622 per
1634 4553 1830 4607 coelum
1854 4554 2064 4622 iurare,

501 4646 927 4719 praecedentibus
948 4643 1155 4699 addidit
1173 4645 1338 4698 etiam
1365 4643 1468 4698 hoc
1497 4642 1565 4697 ad
1590 4645 2063 4713 reprehensionem

499 4754 689 4795 eorum
739 4738 835 4808 qui
873 4736 1087 4793 facilius
1114 4733 1373 4805 iurabant
1406 4749 1500 4802 per
1533 4737 1731 4790 coelum
1768 4751 1931 4803 quam
1971 4752 2066 4807 per

499 4830 667 4885 Deum
746 4828 1006 4899 quoniam
1039 4825 1289 4881 similiter
1320 4825 1768 4880 irrationabiliter
1815 4826 1926 4896 agit
1970 4826 2064 4895 qui

495 4924 644 4993 iurat
670 4938 765 4992 per
788 4922 1008 4983 coelum,
1041 4918 1291 4988 sicutqui
1313 4918 1462 4986 iurat
1482 4933 1577 4987 per
1601 4916 1856 4987 templum
1884 4918 1968 4971 vel
1998 4919 2068 4971 al—

498 5022 649 5080 tare;
674 5012 933 5081 quoniam
955 5011 1047 5080 qui
1063 5011 1217 5080 iurat
1227 5024 1321 5079 per
1341 5009 1563 5075 caelum,
1587 5016 1641 5061 et
1667 5023 1761 5076 per
1788 5009 2061 5062 sedentem

499 5115 664 5171 super
689 5113 818 5153 eum
843 5097 1027 5168 iurare
1056 5100 1265 5154 videtur
1291 5116 1305 5153 :
1335 5108 1388 5153 et
1417 5113 1548 5161 non,
1577 5097 1715 5153 sicut
1746 5097 2059 5163 arbitratur,

497 5190 677 5246 evadit
701 5188 1002 5259 periculum
1028 5203 1093 5242 ex
1132 5203 1197 5242 eo
1225 5189 1368 5257 quod
1402 5203 1510 5242 non
1555 5203 1649 5257 per
1682 5188 1860 5256 ipsum
1892 5187 2061 5243 Deum

495 5282 674 5350 iurat,
693 5279 787 5335 sed
815 5293 911 5349 per
936 5278 1191 5333 thronum
1222 5279 1338 5334 Dei.
1369 5279 1436 5334 Et
1462 5279 1575 5334 hth
1605 5278 1844 5349 loquitur
1869 5279 1937 5333 ad
1967 5277 2060 5333 Ju-

502 5375 670 5437 daaos,
700 5370 998 5441 prohibens
1042 5370 1291 5425 homines
1340 5369 1740 5425 Pharisaeorum
1790 5370 2065 5426 attendere

501 5463 900 5519 traditionibus.
952 5460 1204 5532 Alioquin
1267 5463 1550 5520 manifeste
1607 5465 1854 5533 superius
1899 5465 2065 5520 vetuit

501 5554 723 5609 omnino
752 5554 937 5624 iurare
964 5554 1030 5608 θ’.

2167 4572 2295 4625 ergo
2324 4564 2379 4610 et
2403 4564 2654 4609 sanctum
2679 4554 2808 4608 facit
2824 4569 2987 4609 omne
3011 4565 3195 4609 votum
3221 4554 3460 4609 hominis
3479 4570 3574 4609 cor
3595 4555 3734 4624 eius,

2166 4663 2231 4701 ex
2258 4661 2368 4715 quo
2402 4655 2590 4700 votum
2620 4645 2732 4700 Deo
2768 4645 3016 4701 offertur.
3057 4647 3184 4702 Ideo
3227 4662 3333 4700 non
3363 4654 3538 4716 potest
3565 4647 3737 4700 hono-

2168 4738 2393 4791 rabilius
2443 4752 2564 4791 esse
2613 4748 2792 4790 votum
2843 4753 3005 4806 quam
3054 4753 3150 4793 cor
3206 4738 3444 4792 hominis
3501 4753 3567 4791 ex
3620 4754 3731 4807 quo

2170 4828 2558 4883 transmittitur
2591 4837 2800 4882 votum.
2829 4828 3017 4883 Caecus
3066 4838 3149 4882 est
3196 4842 3327 4898 ergo
3357 4829 3537 4884 omnis
3572 4830 3736 4884 homo

2168 4917 2262 4987 qui
2308 4917 2451 4971 videt
2501 4924 2595 4971 aut
2637 4916 3011 4987 eleetnosynas
3061 4917 3296 4988 alicuius
3347 4933 3593 4988 magnas,
3642 4927 3738 4972 aut

2174 5009 2433 5078 psalmos,
2467 5018 2560 5062 aut
2602 5022 2788 5076 preces
2829 5023 3072 5078 magnas,
3106 5018 3203 5063 aut
3239 5009 3469 5079 ieiunia,
3516 5018 3571 5064 et
3616 5009 3738 5064 sine

2167 5100 2375 5170 judicio
2421 5099 2692 5154 beatiticat
2741 5099 2851 5166 illa,
2897 5109 2951 5153 et
2983 5116 3090 5155 nou
3123 5102 3433 5156 considerat
3476 5117 3544 5155 ex
3589 5102 3735 5172 quali

2172 5192 2334 5247 corde
2402 5190 2758 5260 eleemosynae
2827 5190 3151 5258 offeruntur,
3235 5192 3317 5246 vel
3374 5192 3589 5261 psalmi,
3651 5193 3738 5247 vel

2172 5297 2381 5352 preces,
2433 5281 2516 5335 vel
2545 5281 2750 5350 ieiunia
2781 5281 3103 5336 offeruntur.
3144 5282 3327 5338 Altare
3369 5292 3453 5337 est
3472 5284 3617 5337 enim
3641 5298 3736 5337 cor

2171 5371 2317 5441 quod
2364 5370 2668 5425 sanctiﬁcat
2706 5380 2889 5424 votum
2935 5371 3054 5440 eius
3103 5371 3199 5440 qui
3245 5372 3431 5426 mundi
3478 5380 3563 5428 est
3610 5387 3735 5428 cor-

2171 5461 2275 5515 dis.
2341 5458 2399 5513 Si
2458 5460 2603 5515 euim
2668 5474 2762 5515 cor
2823 5470 2877 5514 et
2935 5462 3268 5517 conscientia
3325 5463 3563 5517 hominis
3623 5480 3734 5518 non

2173 5550 2508 5620 compungit,
2563 5550 2810 5604 fiduciam
2852 5551 3012 5605 habet
3052 5553 3116 5605 ad
3163 5551 3349 5618 Deum,
3381 5568 3489 5607 non
3516 5565 3737 5624 propter

580 5726 622 5758 "
670 5726 1034 5797 Maltinxattt,
1065 5730 1122 5783 lli
1165 5738 1219 5786 et
1270 5746 1419 5800 seqq.
1498 5731 1543 5762 ⁸⁹
1578 5731 1767 5786 Matth.
1801 5749 1885 5797 xv,
2047 5733 2090 5764 °°
2124 5734 2256 5788 ibid.
2291 5735 2343 5788 6.
2421 5735 2460 5766 9‘
2488 5733 2616 5788 ibid.
2655 5733 2705 5797 8,
2738 5733 2788 5788 9.
2867 5735 2909 5764 ’³³
2948 5731 3145 5787 Matth.
3174 5750 3223 5801 γ,
3256 5733 3343 5788 5L
