4052 6304
421 380 561 439 1625

1548 368 2201 428 (ΣΟΜΜΕΝΤΛΒΙυΙὶυΜ
2241 367 2500 423 SERIES.

3538 369 3561 422 1
3573 368 3672 422 6‘26

416 497 562 554 dona
595 508 715 557 sua,
746 506 924 562 neque
950 489 1112 544 verba
1144 484 1412 542 orationis
1437 486 1520 540 vel
1549 484 1767 554 psalmi,
1798 498 1989 552 quam-
2020 488 2066 540 Α
2096 488 2340 535 tortuosa
2371 488 2425 536 et
2450 478 2693 549 grandia.
2725 476 3035 533 Secundum
3060 480 3160 534 hos
3183 479 3366 551 itaque
3394 495 3674 538 sermones

419 588 502 642 vis
521 584 809 640 videantur
832 583 966 635 bene
980 579 1304 649 composita,
1322 577 1457 632 etde
1478 574 1778 646 Scripturis
1799 575 1992 640 electa,

420 676 514 731 sed
552 674 701 745 quia,
733 682 792 726 ut
820 673 891 725 ita
921 671 1124 735 dicam,
1157 669 1328 724 altare
1359 668 1540 723 cordis
1573 667 1658 721 sui
1691 666 1828 720 bene
1861 679 1996 719 con-

418 765 638 822 struxit.
674 764 775 828 Qui
805 775 935 831 ergo
965 768 1155 816 testem
1175 760 1365 823 altare,
1394 760 1446 814 id
1479 768 1564 815 est
1581 774 1673 814 cor
1696 756 1994 828 principale

418 868 471 913 et
515 855 929 919 conscientiam,
976 852 1229 917 assumit,
1259 851 1410 921 jurat
1461 867 1556 922 per
1601 852 1794 912 altare,
1843 866 1993 905 com-
2042 918 2045 922 .

417 951 655 1018 plectens
684 945 868 1001 omnia
895 959 1017 1015 qua-
1039 942 1390 998 continentur
1420 943 1475 996 in
1499 956 1586 997 eo.
1621 940 1688 996 Et
1722 940 1817 1011 qui
1839 940 1992 1011 jurat

416 1039 716 1096 secundum
744 1036 888 1106 quod
919 1033 1244 1089 tradidimus
1275 1048 1371 1103 per
1402 1033 1687 1103 templum,
1720 1032 1862 1086 idem
1894 1045 1992 1100 per

415 1128 756 1197 Scripturam
781 1126 970 1195 jurare
995 1122 1231 1190 videtur,
1266 1132 1321 1177 et
1349 1139 1443 1192 per
1472 1123 1698 1177 verbum
1735 1135 1989 1177 sensum-

344 1206 347 1207 ⁷
412 1234 519 1288 que
549 1218 643 1272 Dei
684 1217 778 1286 qui
817 1216 1132 1271 continetur
1182 1216 1236 1269 in
1270 1231 1354 1269 ca.
1402 1213 1646 1269 Tertium
1683 1222 1865 1267 autem
1904 1219 1989 1267 est

414 1320 473 1365 ut
504 1310 774 1374 dicamus,
803 1307 1062 1377 quoniam
1097 1322 1263 1376 super
1297 1307 1582 1376 templum,
1624 1304 1679 1359 id
1708 1315 1791 1360 est
1822 1319 1987 1372 super

411 1415 630 1456 onmem
677 1397 1038 1468 Scripturam,
1073 1408 1127 1454 et
1157 1413 1321 1468 super
1364 1398 1558 1463 altare,
1599 1396 1653 1449 id
1698 1405 1783 1450 est
1823 1409 1986 1464 super

409 1504 574 1545 omne
599 1504 717 1555 cor,
751 1496 836 1544 est
862 1488 1166 1543 intellectus
1194 1487 1417 1558 quidam
1457 1501 1621 1555 super
1650 1485 1983 1539 intellectum

409 1579 654 1635 omnium
680 1577 1108 1649 Scripturarum,
1149 1587 1205 1633 et
1231 1593 1395 1647 super
1426 1591 1589 1634 omne
1620 1590 1736 1639 cor,
1768 1575 1859 1644 qui
1886 1590 1982 1630 su-

410 1684 506 1739 per
549 1685 645 1725 cor
695 1669 932 1724 hominis
972 1669 1215 1724 nondum
1258 1668 1523 1732 ascendit,
1564 1666 1659 1737 qui
1706 1666 1983 1720 moraliter

408 1759 709 1830 appellatur
736 1759 956 1827 ctelum,
996 1767 1051 1814 et
1083 1761 1311 1814 thronus
1331 1759 1443 1826 jam
1473 1772 1582 1811 non
1623 1755 1811 1826 gloria:
1854 1753 1976 1817 Dei,

407 1850 866 1920 quemadmodum
900 1851 1184 1921 templum,
1217 1849 1310 1904 sed
1340 1847 1436 1903 Dei
1461 1847 1654 1917 ipsius.
1690 1845 1974 1915 Templum

404 1941 550 1996 enim
582 1941 767 2011 gloriae
800 1940 923 2006 Dei,
944 1942 1204 2012 templum
1228 1952 1312 1996 est
1344 1939 1400 1993 in
1429 1953 1540 2009 quo
1570 1952 1664 2007 per
1694 1936 1974 2007 speculum

405 2034 651 2087 videmus
691 2032 744 2086 in
778 2033 1067 2103 aenigmate
1110 2032 1177 2088 “.
1210 2031 1422 2089 Caelum
1463 2040 1670 2095 autem,
1701 2031 1846 2099 quod
1894 2036 1978 2083 est

401 2139 568 2195 super
598 2124 854 2194 templum
882 2123 1055 2193 ipsius
1083 2124 1199 2187 Dei,
1237 2124 1291 2177 in
1319 2138 1430 2192 quo
1462 2123 1692 2176 thronus
1721 2128 1805 2174 est
1846 2117 1962 2182 Dei,

400 2214 458 2270 in
497 2230 608 2285 quo
635 2221 722 2270 est
763 2214 1113 2271 considerare
1142 2214 1279 2269 facie
1319 2213 1557 2269 revelata
1596 2226 1722 2269 cum
1767 2211 1975 2266 venerit

401 2306 547 2374 quod
592 2305 891 2376 perfectum
922 2314 1029 2370 est,
1063 2305 1258 2362 faciem
1302 2304 1688 2376 mysteriorum
1731 2302 1975 2358 veritatis

399 2394 703 2449 sedentium
731 2394 786 2448 in
821 2394 1132 2464 hujusmodi
1160 2394 1320 2448 coelo.

467 2482 556 2538 19.
597 2482 686 2538 Va:
712 2482 878 2550 vobis,
905 2481 1106 2538 Scriba:
1142 2492 1191 2536 et
1235 2481 1497 2536 Phariswi
1537 2482 1844 2552 hypocrita,
1880 2483 1971 2554 qui

397 2575 672 2630 decimatis
721 2576 1008 2641 mentham,
1061 2585 1113 2628 et
1159 2576 1427 2643 anet/mm,
1479 2586 1531 2632 et
1582 2579 1881 2648 cyminum;
1919 2592 1969 2635 et

399 2666 693 2736 relinquitis
732 2682 850 2737 quae
909 2668 1157 2737 graviora
1204 2677 1327 2722 sunt
1376 2667 1528 2738 legis,
1581 2670 1871 2740 judicium,
1917 2682 1967 2726 et

398 2757 837 2821 misericordiam,
856 2768 904 2812 et
932 2759 1110 2828 ﬁdem.
1147 2757 1277 2813 Ha'c
1305 2768 1481 2813 autem
1513 2763 1742 2830 oportuit
1771 2763 1965 2831 facere,

393 2857 446 2902 et
476 2847 572 2901 illa
598 2864 700 2902 non
737 2850 994 2904 omittere.
1032 2850 1200 2905 Duces
1241 2852 1389 2917 ca’ci,
1425 2851 1687 2920 liquentes
1725 2855 1963 2920 culicem,

394 2938 653 2991 camelum
685 2950 863 2993 autem
896 2940 1176 3010 glutientes
1203 2942 1270 2995 “.
1310 2941 1410 2998 llic
1438 2959 1619 2998 sermo
1659 2955 1966 3015 opportuno

394 3037 637 3098 tempore
664 3040 747 3086 est
779 3032 1040 3087 dicendus
1071 3035 1149 3088 eis
1178 3034 1270 3104 qui
1300 3034 1447 3089 circa
1475 3051 1563 3091 res
1594 3037 1852 3093 minimas
1882 3055 1965 3093 re-

390 3119 646 3191 ligionem
673 3123 973 3176 ostendunt
1001 3123 1068 3176 ad
1102 3123 1290 3189 Deum,
1330 3126 1477 3179 circa
1509 3142 1595 3181 res
1627 3136 1809 3182 autem
1842 3145 1960 3183 ma-
1987 3148 2032 3208 ο

391 3226 527 3280 gnas
551 3219 605 3266 et
626 3212 965 3267 necessarias
986 3223 1342 3269 contemnunt
1368 3216 1687 3271 mandatum
1711 3228 1764 3272 et
1791 3218 1958 3275 Deum

391 3302 569 3370 ipsum
592 3302 683 3371 qui
701 3317 764 3357 ea
785 3303 1081 3358 mandavit.
1105 3302 1255 3358 Talia
1276 3306 1484 3374 etapud
1503 3304 1720 3363 Iudaeos
1738 3309 1958 3374 liebant,

387 3395 482 3464 qui
505 3393 910 3450 arbitrabantur
932 3410 991 3450 se
1010 3395 1182 3465 legem
1205 3393 1374 3465 Moysi
1399 3410 1637 3463 servare,
1662 3400 1755 3468 qui
1780 3401 1962 3468 pra:ei-

384 3480 463 3554 pit
478 3498 542 3538 ex
562 3484 815 3538 omnibus
833 3483 1099 3539 fructibus
1116 3483 1354 3539 decimas
1366 3484 1496 3539 dare
1513 3486 1710 3541 Levitis
1723 3499 1775 3542 et
1785 3505 1961 3544 sacer-

389 3571 625 3625 dotibus.
656 3570 841 3641 Itaque
861 3574 1117 3643 quoniam
1142 3572 1301 3628 facile
1326 3584 1445 3629 erat
1467 3575 1691 3644 implere
1710 3578 1878 3646 legem
1903 3580 1956 3633 in

387 3660 550 3730 843
583 3662 843 3728 minimis,
876 3665 1151 3717 mentham
1184 3664 1438 3733 quidem,
1470 3675 1524 3719 et
1566 3667 1825 3721 anethum
1852 3708 1867 3733 ,
1901 3678 1957 3724 et

387 3753 661 3822 cyminum
690 3754 1053 3816 decimabant,
1086 3762 1142 3809 et
1170 3754 1376 3823 omnia,
1407 3764 1466 3810 ut
1494 3757 1567 3810 ita
1609 3757 1809 3824 dicam,
1850 3760 1956 3814 mi-

387 3841 555 3908 nima,
581 3851 636 3895 et
662 3858 782 3912 quae
808 3843 946 3897 levia
977 3852 1134 3898 erant
1163 3844 1297 3913 legis
1320 3884 1337 3906 .
1386 3846 1571 3915 gravia
1608 3853 1788 3901 autem
1839 3848 1957 3918 ejus

384 3946 495 3986 non
520 3934 903 3999 observabant,
927 3935 979 3989 id
1002 3944 1086 3989 est
1110 3935 1398 4005 judicium,
1426 3944 1481 3990 et
1499 3936 1953 4005 misericordiam,

382 4035 437 4077 et.
465 4022 646 4079 tidem.
675 4024 947 4081 Iudicium
980 4028 1224 4096 quidem,
1278 4035 1337 4081 ut
1383 4029 1763 4099 unusquisque
1803 4031 1954 4101 justo

378 4113 586 4182 judicio
616 4116 683 4171 de
713 4118 968 4173 omnibus
996 4118 1296 4187 judicaret,
1344 4134 1453 4173 non
1496 4124 1562 4174 de
1600 4121 1950 4189 quibusdam,

380 4215 435 4259 et
477 4208 846 4277 acquiesceret
870 4209 918 4264 ei
948 4210 1043 4279 qui
1070 4209 1205 4264 dixit
1226 4210 1271 4241 ³⁸
1307 4229 1320 4264 :
1364 4209 1785 4267 Misericordiam
1814 4215 1949 4281 volo,

379 4310 536 4364 quam
560 4298 908 4367 sacriﬁcium;
938 4307 997 4353 ut
1016 4298 1285 4353 sacriﬁcia
1318 4300 1814 4358 misericordiarum
1843 4303 1953 4361 Deo

378 4383 617 4451 eﬁerret,
647 4395 706 4440 ut
731 4387 1032 4442 discutiens
1065 4402 1127 4440 ea
1151 4403 1273 4456 qua:
1306 4388 1429 4443 [idei
1461 4400 1608 4455 sunt,
1636 4402 1780 4448 esset
1816 4392 1949 4450 iide-

2097 573 2278 628 emnis
2306 572 2470 627 homo
2498 572 2591 641 qui
2624 569 2825 624 omittit
2849 570 3099 640 graviora
3131 570 3286 641 legis,
3321 571 3559 628 illaxime
3582 572 3674 642 ju-

2095 664 2321 732 dicium,
2348 674 2403 720 et
2434 661 2887 726 misericordiam,
2931 670 2982 716 et
3014 662 3206 728 ﬁdem,
3251 665 3519 718 camelum
3555 663 3672 735 glu-

2095 757 2178 812 tit.
2212 755 2329 811 Non
2358 756 2535 811 solum
2566 765 2747 809 autem
2781 754 2924 824 apud
2952 753 3192 816 Judaeos,
3224 755 3319 809 sed
3342 754 3504 809 etiam
3527 757 3669 825 apud

2093 863 2216 913 nos,
2241 848 2441 903 multos
2462 856 2545 902 est
2569 846 2813 902 invenire
2845 855 3063 915 peccata
3097 845 3410 915 hujusmodi
3438 862 3669 914 peccan-

2095 946 2195 1004 tes,
2214 938 2563 1008 etglutientes
2594 942 2853 1001 camelos,
2872 937 2924 991 in
2947 952 3013 991 eo
3033 938 3176 1006 quod
3207 938 3445 992 maxima
3472 938 3665 993 delicta

2090 1030 2468 1096 committunt;
2491 1039 2545 1084 et
2565 1036 2777 1098 oportet
2801 1028 3116 1097 hujusmodi
3142 1029 3388 1084 homines
3410 1028 3664 1097 frequen—

2092 1128 2173 1175 ter
2205 1121 2550 1176 considerare
2582 1120 2857 1190 quomodo
2896 1119 2949 1173 in
2986 1119 3148 1174 rebus
3170 1119 3417 1185 minimis
3449 1119 3666 1187 religio-

2089 1227 2211 1266 nem
2244 1227 2398 1266 suam
2435 1212 2740 1266 ostendant.
2768 1209 2836 1263 Et
2867 1208 3002 1263 bene
3026 1224 3120 1264 eos
3145 1208 3454 1279 hypocritas
3483 1209 3664 1278 appel-

2087 1303 2183 1358 lat.
2220 1302 2474 1357 Volentes
2512 1303 2655 1356 enim
2711 1302 3113 1372 religiositatem
3162 1300 3447 1370 acquirere
3478 1317 3660 1356 coram

2086 1395 2439 1458 hominibus,
2486 1394 2676 1449 nolunt
2739 1394 3015 1463 suscipere
3065 1392 3469 1463 rcligiositatem
3512 1392 3660 1447 illam

2084 1500 2248 1554 quam
2298 1482 2440 1538 Deus
2461 1482 2798 1552 justiﬁeavit.
2837 1480 3125 1552 Fugiendae
3168 1489 3297 1535 sunt
3334 1496 3464 1551 ergo
3504 1481 3663 1537 nobis

2086 1574 2397 1631 Scribarum
2415 1583 2469 1628 et
2491 1573 2888 1628 Pharisaeorum
2919 1571 3296 1627 simulationes
3322 1572 3661 1641 hujusmodi,

2082 1683 2150 1721 ne
2176 1681 2254 1720 vae
2283 1665 2412 1719 illud
2443 1663 2611 1719 etiam
2635 1663 2792 1718 nobis
2819 1661 3100 1732 contingat
3126 1662 3584 1731 quemadmodum
3606 1669 3661 1716 et

2082 1757 2210 1813 illis.

2151 1846 2242 1901 20.
2277 1846 2542 1901 Existimo
2568 1853 2750 1899 autem
2776 1858 2968 1898 omnes
2992 1843 3274 1899 moraliter
3305 1843 3525 1899 Scribas
3569 1845 3654 1900 di-

2080 1938 2151 2001 ci,
2173 1938 2265 2008 qui
2297 1938 2531 2007 amplius
2562 1935 2697 1990 nihil
2722 1935 3039 1990 existimant
3066 1935 3300 2004 positum
3329 1936 3383 1989 in
3412 1934 3651 2006 Scriptu«

2080 2029 2156 2084 ris
2188 2044 2350 2098 quam
2384 2029 2612 2097 simplex
2638 2042 2819 2083 sermo
2847 2025 3143 2095 Seripturae
3167 2027 3527 2093 demonstrat,
3560 2030 3653 2082 sed

2077 2120 2255 2175 adhuc
2294 2129 2651 2175 contemnunt
2683 2136 2777 2174 eos
2824 2118 2916 2188 qui
2965 2127 3278 2173 scrutantur
3311 2118 3653 2174 altitudinem

2076 2210 2192 2266 Dei.
2233 2210 2493 2266 Similiter
2534 2210 2796 2266 Pharisaai
2839 2218 2968 2264 sunt
2999 2224 3189 2265 omnes
3219 2211 3312 2279 qui
3350 2211 3655 2280 justiﬁeant

2074 2303 2394 2372 semetipsos
2416 2311 2470 2357 et
2492 2303 2743 2357 dividunt
2773 2319 2831 2358 se
2857 2320 2887 2357 a
2915 2302 3146 2367 caeteris,
3187 2302 3425 2357 dicentes
3466 2322 3479 2357 :
3528 2302 3648 2357 Noli

2073 2393 2207 2447 mihi
2235 2394 2579 2463 appropiare,
2605 2395 2862 2463 quoniam
2894 2396 3130 2450 mundus
3182 2410 3326 2449 sum.
3375 2393 3649 2464 Interpre-

2073 2494 2258 2539 tantur
2298 2494 2480 2539 autem
2519 2483 2783 2539 Pharisaai
2830 2486 3139 2541 secundum
3174 2500 3371 2540 nomen
3421 2483 3647 2549 Phares,

2069 2575 2246 2641 divisi,
2291 2577 2385 2643 qui
2434 2590 2494 2629 se
2548 2576 2699 2645 ipsos
2737 2592 2767 2630 a
2823 2577 3032 2632 czetcris
3073 2577 3395 2632 diviserunt.
3442 2576 3647 2633 Phares

2069 2672 2248 2719 autem
2299 2666 2497 2721 dicitur
2544 2665 2806 2722 Hebraiea
2855 2668 3038 2739 lingua
3103 2670 3313 2724 divisio.
3364 2669 3420 2723 Si
3465 2679 3644 2723 autem

2068 2762 2279 2822 oportet
2309 2754 2361 2807 in
2392 2755 2658 2823 ejusmodi
2685 2754 2961 2828 Evangelii
2985 2759 3168 2814 verbis
3189 2760 3353 2814 etiam
3379 2761 3645 2814 moralem

2067 2858 2348 2899 assumere
2376 2846 2731 2913 intellectum,
2770 2848 3051 2903 sciendum
3079 2860 3161 2904 est
3192 2853 3452 2920 quoniam
3498 2852 3645 2907 sicut

2067 2936 2306 3002 mentha,
2355 2945 2410 2991 et
2457 2939 2739 3004 anethum,
2782 2948 2835 2992 et
2888 2940 3161 3010 cyminum
3215 2941 3459 2996 ciborum
3519 2952 3647 2996 sunt

2067 3026 2378 3091 conditura,
2409 3044 2517 3082 non
2548 3028 2649 3098 ipsi
2686 3029 3012 3099 principales
3035 3031 3163 3097 cibi,
3195 3032 3277 3087 sic
3308 3033 3365 3087 in
3411 3049 3642 3088 conver—

2067 3117 2370 3173 sationibus
2399 3121 2605 3175 nostris
2627 3121 2875 3189 quaedam
2910 3121 3131 3190 quidem
3167 3133 3296 3177 sunt
3321 3124 3643 3194 principalia

2064 3218 2117 3260 et
2142 3210 2451 3263 necessaria
2482 3211 2550 3265 ad
2591 3212 3030 3276 iustiﬁcationem
3069 3214 3376 3271 animarum
3424 3230 3641 3274 nostra-

2061 3313 2205 3361 rum,
2238 3300 2422 3368 qualia
2451 3313 2578 3356 sunt
2605 3302 2718 3357 haec
2749 3320 2796 3371 gl
2813 3303 2931 3357 avia
2958 3305 3112 3374 legis,
3134 3306 3424 3376 judicium,
3455 3319 3509 3364 et
3540 3311 3641 3363 mi-

2061 3389 2377 3457 sericordia,
2431 3400 2484 3445 et
2530 3392 2684 3447 tides.
2743 3393 2862 3448 Alia
2902 3406 3081 3449 autem
3124 3399 3281 3467 quasi
3335 3402 3639 3457 condientia

2059 3490 2215 3534 actus
2245 3489 2483 3547 nostros,
2520 3491 2574 3537 et
2611 3485 3048 3540 eommendantia
3094 3502 3224 3555 eos,
3270 3498 3326 3544 et
3358 3493 3641 3549 suaviores

2058 3585 2153 3626 eos
2190 3570 2466 3638 facientia,
2500 3582 2688 3642 utputa
2724 3574 3049 3632 abstinentia
3116 3580 3262 3636 risus
3287 3620 3304 3647 ,
3343 3583 3637 3653 jejunium,

2059 3662 2221 3717 ﬂexio
2250 3679 2487 3733 genuum
2516 3703 2531 3728 ,
2577 3668 2888 3733 permansio
2916 3669 2968 3721 in
3019 3669 3261 3726 collectis
3286 3712 3300 3737 ,
3343 3676 3639 3732 assiduitas

2057 3753 2590 3819 communicationis,
2627 3766 2681 3810 et
2704 3757 2808 3810 alia
2841 3757 2925 3811 his
2954 3758 3175 3825 similia,
3206 3778 3327 3831 qua:
3363 3780 3469 3818 non
3502 3766 3635 3835 ipsa:

2053 3841 2277 3911 justitia:
2303 3851 2451 3906 sunt,
2489 3845 2582 3899 sed
2619 3848 2919 3903 conditura:
2950 3848 3291 3918 justitiarum
3339 3853 3629 3913 habentur.

2058 3936 2168 3990 Res
2191 3944 2369 3990 autem
2393 3936 2664 4004 spTritales
2692 3954 2811 4008 qua:
2834 3955 2865 3993 a
2896 3942 3204 4011 semetipsis
3228 3944 3459 4014 justitize
3481 3960 3630 4015 sunt,

2056 4027 2624 4098 dicuntur-judicium,
2658 4039 2712 4083 et
2740 4030 3137 4100 misericordia,
3168 4044 3222 4090 et
3253 4036 3410 4093 ﬁdes.
3453 4038 3634 4111 Turpe

2054 4127 2139 4174 est
2165 4134 2296 4190 ergo
2326 4120 2379 4173 in
2415 4121 2483 4177 iis
2530 4121 2772 4178 minimis
2818 4124 3143 4192 observare,
3184 4130 3331 4197 quod
3370 4141 3453 4187 est
3486 4133 3633 4188 deci—

2056 4223 2206 4262 mare
2247 4225 2263 4274 ;
2309 4224 2491 4263 rerum
2522 4216 2705 4265 autern
2751 4213 3185 4270 necessariarum
3225 4220 3632 4278 observationes

2055 4314 2159 4352 non
2189 4298 2383 4354 olIerre
2410 4299 2540 4366 Deo,
2572 4301 2622 4355 id
2672 4311 2757 4356 est
2817 4318 2924 4356 non
2968 4305 3257 4363 decimare.
3304 4308 3406 4376 Qui
3449 4323 3626 4367 autem

2055 4389 2170 4443 haec
2197 4398 2363 4458 agunt
2392 4400 2449 4445 et
2475 4391 2694 4457 docent,
2728 4395 2871 4448 sicut
2913 4402 2967 4449 et
3010 4396 3239 4463 priores,
3279 4399 3445 4456 duces
3497 4413 3628 4458 sunt

376 4472 461 4526 lis.
493 4472 596 4527 Sed
626 4474 884 4544 quoniam
915 4475 1244 4529 conveniens
1276 4483 1392 4530 erat
1420 4484 1481 4531 ut
1502 4477 1787 4536 audientes
1824 4484 1942 4552 qui-
1974 4472 2021 4531 Ι)
2049 4481 2196 4536 caeci.
2220 4480 2505 4547 Quomodo
2530 4494 2711 4539 autem
2749 4503 2855 4542 non
2888 4485 3267 4545 existimentur
3296 4494 3445 4557 caeci,
3485 4511 3626 4564 quos

375 4561 500 4614 dam
521 4562 590 4616 de
613 4564 950 4618 deeimandis
973 4566 1135 4619 rebus
1157 4566 1396 4622 minimis
1421 4566 1709 4622 Dominum
1734 4570 1837 4625 ista
1863 4572 1942 4626 lo-

372 4660 653 4721 quentem,
688 4663 1099 4710 contemnerent
1126 4657 1472 4711 minimarum
1503 4674 1681 4712 rerum
1705 4661 1942 4716 decima-

373 4741 596 4819 tio'nem,
633 4743 906 4813 sapienter
932 4745 1138 4801 addidit
1170 4746 1430 4800 Dominus
1454 4747 1642 4802 dicens
1671 4768 1682 4801 :
1724 4748 1790 4802 Iit
1830 4751 1940 4805 Itazc

371 4832 601 4898 oportuit
629 4833 820 4902 facere,
854 4834 959 4890 hoc
987 4845 1071 4891 est
1090 4835 1377 4905 judicium,
1411 4846 1465 4891 et
1489 4838 1939 4908 misericordiam,

368 4935 421 4981 et
441 4925 627 4993 ﬁdem;
651 4935 701 4980 et
737 4926 834 4980 illa
860 4943 960 4981 non
989 4929 1225 4981 omittere
1245 4966 1260 4989 ,
1307 4928 1356 4981 id
1398 4936 1479 4982 est
1524 4928 1936 4985 deeimationem

368 5019 620 5086 menthae,
654 5029 709 5074 et
739 5020 946 5085 anethi,
973 5029 1025 5074 et
1056 5020 1278 5090 cymini.
1307 5019 1368 5073 Et
1397 5020 1530 5075 dicit
1557 5036 1653 5076 eos
1687 5022 1780 5092 qui
1810 5025 1936 5080 talia

365 5117 534 5179 agunt
564 5108 787 5165 Seribas
815 5118 870 5166 et
902 5110 1226 5174 Pharisaaos,
1254 5110 1348 5180 qui
1379 5111 1638 5167 omittunt
1683 5116 1936 5185 graviora

367 5202 519 5271 regis,
553 5210 606 5256 et
634 5201 910 5257 decimant
939 5203 1363 5272 contemptibilia
1412 5205 1683 5260 fructuum
1707 5244 1722 5269 ,
1769 5207 1937 5262 duces

366 5304 482 5345 esse
507 5306 702 5349 catcos.
735 5290 803 5346 Et
826 5294 1102 5362 sapienter
1130 5295 1259 5348 dicit
1289 5311 1383 5351 eos
1415 5297 1549 5352 tales
1589 5298 1798 5367 liquare
1821 5338 1836 5361 ,
1879 5299 1929 5353 id

368 5391 442 5434 est
488 5382 759 5451 expellere
791 5398 822 5438 a
852 5398 912 5438 se
947 5384 1172 5439 minima
1199 5385 1417 5452 delicta,
1453 5403 1575 5456 quae
1601 5388 1801 5444 culices
1829 5405 1927 5444 no-

362 5472 584 5528 minavit
610 5492 625 5542 ;
654 5475 851 5546 glutire
876 5485 1079 5539 autem,
1114 5478 1164 5531 id
1193 5486 1273 5531 est
1330 5480 1664 5536 committere
1695 5483 1929 5537 maxima

359 5560 576 5628 delicta,
608 5580 729 5632 qua:
760 5566 1061 5621 nominavit
1089 5568 1348 5633 camelos,
1381 5571 1638 5627 animalia
1688 5573 1932 5628 videlicet

2046 4572 2175 4626 latet
2204 4573 2521 4643 magnitudo
2557 4584 2611 4628 et
2657 4581 2978 4636 tortuositas
3022 4583 3386 4645 camelorum,
3427 4585 3477 4638 id
3528 4597 3620 4640 est.

2042 4675 2261 4718 actuum
2291 4681 2691 4735 perversormn,
2717 4688 2816 4726 nec
2845 4673 3029 4727 vident
3055 4676 3310 4743 quoniam
3338 4676 3471 4730 nihil
3498 4693 3625 4746 pro-

2041 4756 2160 4811 dest
2194 4757 2404 4827 liquare
2438 4768 2493 4814 et
2533 4772 2752 4817 cautum
2790 4780 2912 4819 esse
2962 4766 3328 4822 discnssorem
3364 4768 3416 4821 in
3460 4770 3622 4824 rebus

2052 4849 2319 4913 minimis,
2370 4866 2492 4906 cum
2528 4855 2844 4922 principalia
2872 4868 2924 4911 et
2970 4874 3094 4912 vere
3138 4860 3204 4913 ad
3257 4860 3481 4928 gloriam
3525 4859 3625 4914 Dei

2048 4938 2370 5006 pertinentia
2399 4942 2777 5011 negligantur?
2815 4945 3085 5012 Quoniam
3120 4964 3247 5019 ergo
3292 4950 3445 5003 multi
3493 4962 3624 5005 sunt

2046 5037 2093 5081 et
2134 5027 2186 5080 in
2220 5029 2375 5084 nobis
2413 5032 2505 5099 qui
2539 5033 2682 5087 circa
2717 5050 2804 5090 res
2837 5037 2979 5093 leves
3022 5050 3179 5093 caute
3213 5041 3391 5095 vivere
3431 5041 3620 5096 existi-

2045 5129 2302 5183 mantur,
2343 5121 2488 5176 circa
2537 5139 2625 5176 res
2660 5136 2839 5179 autem
2884 5131 3221 5186 necessarias
3262 5141 3620 5186 contemnunt
3664 5190 3677 5200 ,ν

2042 5209 2250 5278 seipsos
2274 5252 2289 5277 ,
2335 5211 2651 5283 hujusmodi
2689 5217 2941 5274 homines
2980 5237 3160 5276 sermo
3204 5238 3441 5292 praesens
3481 5238 3614 5277 con-
3667 5192 3702 5265 ἐξ

2040 5300 2236 5367 fundit,
2273 5317 2379 5357 non
2411 5305 2631 5374 quidem
2667 5308 2802 5362 levia
2832 5310 2920 5364 illa
2952 5314 3250 5381 prohibens
3293 5314 3607 5376 observare,

2037 5393 2132 5446 sed
2161 5395 2480 5465 principalia
2509 5406 2563 5452 et
2612 5400 2784 5468 magis
2823 5403 3078 5457 salutaria
3112 5405 3431 5474 prmeipieus
3480 5421 3611 5460 ωηο

2038 5483 2145 5538 tius
2170 5485 2459 5541 custodire.
2496 5487 2689 5544 Omnia
2731 5508 2860 5560 ergo
2892 5494 3078 5564 liquat,
3115 5497 3208 5564 qui
3257 5498 3310 5550 in
3353 5500 3615 5555 omnibus

2034 5589 2370 5645 quaecunque
2397 5577 2527 5647 agit,
2554 5579 2634 5633 vel
2667 5580 2923 5650 loquitur,
2969 5585 3047 5639 vel
3093 5586 3317 5654 cogitat,
3365 5604 3617 5665 segregat

427 5735 472 5767 "
502 5735 667 5793 lCar.
693 5754 811 5806 xm,
839 5743 923 5798 l2.
968 5743 1012 5776 9"
1033 5743 1219 5800 Matth.
1246 5760 1402 5813 xxtn,
1429 5745 1498 5800 23
1520 5756 1569 5801 et
1596 5764 1746 5818 seqq.
1826 5750 1867 5781 ’5
1904 5748 2039 5805 Osee
2093 5766 2171 5818 γι,
2196 5753 2252 5805 li.
