4052 6304
411 315 544 370 1627

1601 310 1926 369 ORIGENIS
1965 312 2033 367 IN
2073 310 2487 370 MATTHEUM

3521 315 3683 372 £638

408 431 667 503 quodest
686 430 968 489 sordidum
995 438 1050 485 et
1078 438 1372 495 terrenum,
1407 438 1461 484 et
1500 443 1615 483 non
1654 428 1854 484 divinis
1898 444 1985 481 ra-
2012 436 2058 488 Α
2154 428 2251 481 2%.
2283 427 2340 481 Si
2375 435 2591 498 oportet
2615 436 2801 482 autem
2825 425 3007 481 omnia
3034 425 3091 479 in
3119 426 3471 501 sermonibus
3493 444 3680 483 8V3!!-

413 526 657 579 tionibus
687 524 1030 586 adornatum,
1063 521 1132 576 ab
1163 522 1247 576 bis
1267 537 1393 591 qua:
1423 529 1615 575 natura
1649 521 1826 574 Iucida
1851 529 1981 574 sunt

412 624 469 670 ct
493 616 726 676 sincera,
759 620 815 665 et
843 611 1013 679 justa,
1047 609 1350 664 secundum
1391 625 1515 664 eum
1558 610 1653 678 qui
1697 610 1855 663 docet
1881 609 1930 640 "
1965 626 1979 662 :

416 703 723 773 Epulemur,
749 717 853 754 non
873 703 929 754 in
962 704 1214 770 fermento
1240 699 1465 756 malitia:
1489 710 1545 755 et'
1580 702 1849 771 nequitiae,
1892 700 1982 754 sed

413 797 470 849 in
488 793 693 863 azymis
725 792 1057 846 sinceritatis
1099 800 1153 845 et
1196 794 1453 846 veritatis.
1510 790 1757 846 Invenies
1799 799 1983 845 autem

412 884 613 940 multos
638 883 732 953 qui
760 884 982 939 credere
1009 883 1414 949 existimantur,
1454 897 1562 937 non
1609 883 1845 952 liquatos
1869 897 1984 937 ser-

410 991 628 1043 mones,
653 982 707 1029 et
733 983 908 1039 actus,
938 983 994 1030 et
1024 975 1380 1044 cogitationes
1415 975 1698 1031 habentes.
1724 974 1985 1043 Propter-

413 1082 475 1121 ca
506 1065 649 1122 sicut
706 1065 889 1120 fenum
923 1066 1159 1119 carnalia
1183 1081 1372 1119 eorum
1400 1074 1521 1119 acta
1555 1065 1694 1135 ignis
1715 1064 1985 1130 comedet,

412 1158 667 1213 crucians
698 1158 863 1212 etiam
890 1156 1131 1209 animm
1157 1156 1318 1211 simul
1350 1171 1474 1209 eum
1509 1170 1740 1225 corpore
1766 1163 1987 1224 propter

414 1260 666 1305 concreta
698 1249 744 1302 ei
774 1249 968 1302 delicta
996 1248 1323 1317 corporalia.
1368 1246 1523 1301 Sicut
1569 1248 1714 1300 enim
1753 1264 1858 1300 non
1904 1254 1989 1301 est

415 1341 677 1411 possibile
705 1340 1108 1410 superfluitates
1137 1340 1462 1410 corporibus
1483 1341 1701 1395 innatas
1731 1340 1848 1394 sine
1872 1355 1988 1393 ma-

416 1448 521 1503 gno
551 1433 738 1487 dolore
761 1441 815 1488 et
847 1433 1183 1487 cruciatibus
1203 1443 1486 1500 amputare
1517 1433 1586 1487 ab
1633 1433 1712 1487 eis
1751 1434 1849 1502 qui
1893 1448 1988 1502 pa-

414 1528 646 1589 tiuntur,
682 1524 761 1581 sic
788 1540 888 1579 nec
914 1524 1206 1579 commissa
1233 1524 1473 1577 ramalia
1498 1524 1569 1578 ab
1612 1525 1714 1585 eis.
1746 1523 1840 1593 qui
1864 1563 1879 1585 ,
1930 1532 1990 1579 ut

416 1617 493 1671 ita
525 1617 726 1677 dicam,
756 1615 967 1669 animas
999 1630 1133 1670 suas
1162 1630 1355 1669 carnes
1378 1614 1651 1681 fuemunt;
1703 1624 1986 1685 propterea

415 1704 622 1759 dictum
650 1706 735 1757 eat
772 1704 839 1758 de
869 1702 1065 1758 talibus
1108 1703 1393 1758 animabus
1436 1721 1448 1756 :
1494 1703 1615 1757 Non
1667 1704 1990 1773 permanebit

2085 516 2273 587 gelicis
2303 516 2581 571 moraliter
2606 515 2975 580 considerare,
3022 517 3314 570 videndum
3359 527 3447 572 est
3489 535 3675 588 quare

2084 609 2225 678 apud
2254 607 2571 662 Mattlrzeum
2599 607 2818 676 quidem
2841 620 2874 658 a
2904 604 3039 661 foris
3058 606 3245 662 calicis
3273 616 3329 662 et
3353 610 3677 678 paropsidis

2090 698 2295 752 Scriba
2320 706 2375 752 et
2405 697 2670 752 Pharisaei
2700 700 2963 754 mundare
2985 699 3259 763 dicuntur,
3284 700 3426 769 apud
3454 699 3671 755 Lucam

2084 796 2265 843 autem
2296 787 2483 842 calicis
2505 796 2560 842 et
2593 788 2763 842 catini
2784 790 2993 845 mentio
3016 789 3093 844 ﬁt.
3116 788 3361 860 Uterque
3379 805 3508 858 ergo
3528 806 3673 847 vasa

2085 886 2299 947 ponunt
2316 876 2423 930 cibi
2450 886 2505 930 et
2538 886 2723 946 potas,
2743 887 2801 932 et
2833 878 3065 933 calicem
3092 879 3314 949 quidem
3358 881 3520 935 ambo
3554 896 3665 935 no-

2085 968 2318 1033 minant,
2346 969 2438 1038 qui
2470 980 2553 1023 est
2579 969 2646 1022 ad
2682 979 2871 1038 potum
2903 989 2925 1023 τ
2953 972 3293 1040 paropsidem
3318 982 3500 1027 autem
3545 987 3672 1027 non

2086 1060 2271 1126 ambo,
2306 1058 2404 1113 sed
2426 1059 2514 1113 ille
2537 1059 2763 1129 quidem
2779 1059 3045 1123 catinum,
3074 1060 3162 1115 hic
3192 1071 3374 1115 autem
3413 1063 3671 1131 paropsi-

2086 1151 2213 1204 dem
2250 1168 2267 1204 :
2297 1159 2587 1220 utrumque
2624 1159 2805 1204 tamen
2838 1166 2935 1206 vas
2965 1151 3069 1206 cibi
3100 1151 3353 1207 habetur.
3390 1151 3527 1222 Ergo
3569 1167 3668 1206 se—

2086 1239 2326 1293 cundum
2356 1246 2653 1308 utrumque
2675 1241 3062 1309 evangelistam
3095 1249 3183 1296 est
3212 1241 3417 1310 aliquis
3450 1242 3671 1311 spirita-

2089 1329 2159 1382 lis
2190 1338 2353 1397 potus
2397 1336 2451 1382 et
2488 1329 2749 1397 spiritalis
2807 1330 3002 1396 cibus,
3052 1346 3214 1400 quem
3261 1333 3567 1401 appetimns
3607 1333 3676 1384 iur

2088 1420 2431 1474 sermonibus
2460 1418 2869 1489 Scripturarum
2886 1422 3510 1491 legisetpz'ophetancm.
3534 1422 3670 1477 0m-

2089 1510 2181 1565 nis
2208 1511 2393 1579 itaque
2418 1526 2603 1566 sermo
2630 1527 2726 1581 per
2750 1528 2917 1581 quem
2937 1523 3193 1583 potamus
3214 1516 3559 1584 spiritaliter,
3582 1517 3667 1569 vel

2091 1601 2271 1656 orntus
2311 1601 2555 1655 narratio
2582 1616 2682 1670 per
2708 1618 2871 1670 quam
2899 1604 3226 1667 enutrintur,
3255 1621 3382 1660 vasa
3418 1616 3545 1660 sunt
3566 1621 3659 1672 po-

2095 1699 2185 1745 tus
2213 1699 2268 1745 et
2295 1691 2425 1745 cibi.
2451 1691 2824 1745 Athnouenmr
2856 1708 2987 1763 ergo
3012 1704 3073 1748 ut
3103 1711 3210 1749 non
3243 1711 3433 1750 curam
3466 1696 3673 1750 habea-

417 1795 639 1862 spiritus
674 1810 819 1847 meus
854 1794 913 1847 in
947 1793 1249 1849 hominibus
1302 1795 1422 1848 istis
1444 1835 1459 1860 ,
1502 1797 1753 1865 quoniam
1803 1813 1988 1851 carnes

2099 1796 2219 1834 mus
2245 1796 2561 1836 sermonum
2592 1781 2677 1836 vel
2700 1784 3075 1838 narrationum
3098 1800 3220 1853 qua:
3241 1784 3381 1842 foris
3398 1795 3549 1849 sunt,
3569 1787 3667 1842 sed

426 1894 543 1939 sunt
573 1885 640 1936 ⁸⁷.

491 1976 581 2029 2i.
625 1974 717 2030 γω
746 1974 909 2038 vobis,
941 1973 1144 2030 Scriba:
1168 1985 1219 2029 et
1245 1973 1510 2031 Pharsscei
1539 1977 1853 2046 hypocriten,
1899 1977 1993 2047 qui

427 2066 719 2122 rmundatis
750 2066 889 2137 quod
911 2066 1041 2137 foris
1066 2076 1143 2121 est
1176 2066 1359 2120 salicis
1381 2077 1431 2121 et
1458 2068 1760 2137 paropsidis
1786 2108 1801 2129 ,
1848 2068 1991 2122 intus

425 2161 598 2206 autem
632 2152 772 2223 pleni
805 2154 935 2207 estis
957 2155 1164 2222 rapina,
1196 2164 1246 2209 et
1276 2156 1717 2225 intemperantia,
1753 2167 1807 2211 et
1845 2155 1988 2210 dolo.

419 2246 706 2306 l’lmrislre.
727 2251 954 2303 emunda
971 2254 1120 2313 prius
1140 2254 1279 2317 quod
1300 2254 1442 2306 intus
1467 2264 1544 2307 est
1563 2254 1744 2306 culinis
1766 2264 1817 2309 et
1838 2274 1989 2322 paro-

418 2326 663 2401 psidis,nt
683 2330 779 2397 ﬁat
802 2328 856 2381 id
877 2332 1020 2400 quod
1038 2331 1170 2401 forts
1187 2344 1283 2401 est,
1308 2335 1561 2390 mundum
1577 2338 1661 2392 ⁹⁷⁶.
1688 2337 1792 2395 llic
1810 2355 1993 2394 sermo

429 2435 526 2475 nos
558 2420 800 2486 instruit,
833 2432 891 2476 ut
920 2423 1242 2481 festinemus
1276 2441 1399 2482 esse
1419 2426 1578 2497 justi,
1612 2444 1725 2483 non
1760 2444 1994 2500 appare-

426 2526 504 2564 re.
535 2508 638 2576 Qui
663 2511 811 2564 enim
840 2511 1022 2567 studet
1047 2522 1106 2567 ut
1137 2523 1396 2584 appareat
1417 2515 1624 2586 justus,
1654 2534 1776 2588 qua:
1797 2535 1831 2574 a
1860 2518 1994 2575 foris

424 2610 552 2654 sunt
578 2602 836 2666 mundat,
884 2613 946 2657 et
985 2620 1109 2672 qua:
1141 2606 1399 2661 videntur
1435 2618 1590 2664 curat
1615 2648 1630 2671 ,
1672 2625 1768 2664 cor
1811 2620 1997 2665 autem

425 2708 585 2747 suum
629 2702 684 2748 et
730 2694 1117 2749 conscientiam
1168 2698 1423 2770 negligit,
1470 2715 1580 2753 non
1638 2701 1997 2757 considerans

427 2784 687 2852 quoniam
708 2785 799 2854 qui
827 2785 1003 2840 studet
1039 2801 1101 2840 ea
1138 2802 1260 2856 quae
1283 2795 1432 2845 intus
1465 2803 1592 2845 sunt
1630 2801 1684 2845 et
1709 2792 1996 2863 cogitatio-

427 2891 525 2931 nes
555 2891 689 2932 suas
713 2877 892 2931 studet
918 2877 1199 2944 mundare,
1231 2895 1573 2950 consequens
1597 2891 1682 2937 est
1726 2891 1786 2937 ut
1829 2884 1999 2937 etiam

426 2982 488 3021 ea
519 2983 640 3037 qua:
668 2985 699 3024 a
729 2969 868 3026 foris
892 2979 1020 3026 sunt
1045 2973 1259 3027 studeat
1292 2970 1470 3027 facere
1498 2974 1720 3028 munda.
1767 2973 1829 3027 Si
1870 2973 1999 3044 quis

430 3067 613 3113 autem
645 3075 709 3115 ca
735 3077 858 3130 qum
890 3062 1141 3116 videatur
1172 3062 1378 3125 studet,
1429 3064 1650 3133 negligit
1682 3072 1860 3119 autem
1912 3065 1997 3118 in-

429 3150 629 3204 teriora
659 3152 852 3206 animae
876 3168 1007 3217 suae,
1037 3167 1259 3207 necesse
1278 3161 1363 3208 est
1392 3162 1453 3208 ut
1481 3154 1792 3222 huiusmodi
1832 3155 1999 3211 homo

430 3239 717 3309 impleatur
759 3242 828 3295 ab
859 3242 1007 3296 intus
1043 3241 1304 3307 avaritia,
1352 3243 1611 3317 lascivia,
1660 3246 2001 3317 malignitate

430 3330 749 3400 sanctisque
779 3332 1029 3399 plurimis
1054 3334 1234 3389 malis.
1265 3333 1536 3401 Quoniam
1566 3338 1745 3394 omnis
1784 3340 1880 3408 qui
1932 3341 2003 3396 de

430 3420 605 3474 salute
631 3434 730 3475 sua
753 3422 1026 3478 sollicitus
1046 3432 1148 3489 est,
1183 3425 1327 3493 quod
1358 3433 1442 3479 est
1484 3425 1552 3479 ab
1600 3425 1785 3492 intus,
1827 3436 1882 3481 et
1933 3428 2003 3483 de

429 3511 687 3580 opinione
708 3511 876 3585 8“
905 3515 1170 3571 sollicitus
1193 3524 1297 3580 est,
1330 3515 1473 3585 quod
1498 3526 1581 3571 est
1608 3531 1638 3570 a
1670 3517 1803 3575 foris
1837 3538 1851 3573 :
1890 3534 2002 3574 non

429 3611 619 3658 autem
645 3606 826 3659 omnis
856 3605 951 3673 qui
981 3606 1048 3659 de
1076 3606 1333 3675 Opinione
1368 3608 1636 3663 sollicitus
1666 3617 1751 3663 est
1772 3625 1802 3663 a
1842 3607 1998 3674 foris,

429 3693 594 3747 ctiam
625 3693 695 3748 de
717 3695 890 3750 salute
918 3712 1017 3752 sua
1042 3697 1306 3753 sollicitus
1337 3706 1419 3754 est
1445 3699 1515 3753 ab
1560 3700 1727 3753 intus.
1802 3698 2004 3766 Utputa

432 3786 697 3854 scriptum
725 3796 809 3843 est
837 3787 885 3819 ⁸⁸
921 3805 937 3842 :
968 3789 1075 3853 Qui
1126 3792 1297 3845 videre
1365 3793 1639 3849 ntulierem
1690 3793 1760 3846 ad
1814 3807 2007 3844 conru-

430 3877 733 3946 piscendam
754 3895 889 3943 eam,
922 3881 1210 3935 mar/tatus
1231 3894 1306 3936 est
1333 3883 1386 3935 in
1414 3885 1570 3936 corde
1595 3898 1710 3936 suo.
1737 3881 1842 3937 Iste
1872 3900 2003 3955 ergo

431 3968 524 4038 qui
560 3969 801 4025 abstinet
840 3986 898 4026 se
928 3972 997 4026 ab
1037 3986 1200 4041 opere
1246 3970 1654 4037 fornicationis,
1706 3972 2005 4029 fornicatur

432 4068 614 4113 autem
648 4060 701 4113 in
730 4061 1169 4131 concupiscentia
1202 4063 1389 4118 cordis
1408 4063 1515 4128 sui,
1543 4065 1824 4119 mundavit
1855 4065 2003 4135 quod

432 4163 466 4203 a
501 4149 637 4205 furis
665 4160 750 4206 est
783 4152 966 4207 calicis
997 4162 1051 4207 et
1074 4154 1382 4223 paropsidis
1406 4164 1500 4208 aut
1529 4156 1719 4222 catini,
1756 4157 1825 4211 ab
1852 4156 2004 4212 intus

436 4250 616 4294 autem
654 4243 1068 4312 intemperantia
1116 4244 1315 4314 plenus
1351 4253 1454 4300 est.
1495 4245 1601 4301 Sed
1651 4255 1706 4302 et
1741 4249 1835 4318 qui
1875 4247 2007 4304 facit

433 4330 806 4403 eleemosynas
839 4341 899 4387 ut
925 4332 1151 4403 gloriam
1175 4334 1244 4387 ab
1263 4334 1575 4389 hominibus
1605 4344 1999 4405 consequatur,

2092 1890 2213 1944 qua:
2237 1875 2306 1929 ab
2333 1875 2484 1930 intus
2509 1886 2657 1942 sunt,
2687 1888 2746 1933 ut
2773 1893 2875 1933 cor
2896 1887 3146 1933 nostrum
3173 1879 3430 1933 sensibus
3446 1880 3674 1934 mundis

2092 1966 2379 2036 [amatoriis
2407 1974 2463 2021 et
2492 1969 2837 2025 enutritoriis
2868 1969 3179 2038 impleatur,
3213 1978 3269 2024 et
3318 1985 3432 2024 non
3460 1970 3672 2033 verbis,

2093 2072 2271 2127 neque
2304 2059 2791 2128 composition-ibus
2816 2076 3007 2115 eorum
3040 2061 3275 2127 ornatis,
3302 2064 3433 2129 quia
3464 2077 3573 2116 non
3608 2064 3669 2116 in

2093 2164 2346 2205 sermone
2377 2160 2461 2205 est
2488 2166 2713 2221 regnum
2738 2151 2851 2216 Dei,
2874 2154 2971 2208 sed
2994 2154 3049 2207 in
3076 2153 3295 2208 virtute.
3330 2152 3550 2223 Utputa,
3570 2155 3666 2225 qui

2093 2241 2275 2297 studet
2305 2243 2670 2312 compositum
2698 2243 2944 2313 proferre
2969 2260 3275 2301 sermonem
3303 2245 3477 2316 magis
3505 2262 3667 2319 quam

2093 2332 2319 2388 salutari
2359 2348 2522 2389 sensu
2549 2335 2833 2404 repletum,
2863 2336 3004 2390 calix
3028 2336 3360 2393 narrationis
3389 2338 3563 2408 ejusa
3583 2336 3669 2391 fo-

2093 2425 2171 2479 ris
2204 2425 2498 2481 mundatus
2524 2434 2627 2492 est,
2658 2427 2729 2481 ab
2761 2429 2906 2482 intus
2935 2438 3118 2482 autem
3142 2429 3403 2483 sordibus
3423 2430 3671 2483 vanitati-

2094 2514 2307 2583 busque
2340 2514 2601 2583 repletus.
2644 2513 2800 2570 Unde
2841 2516 3071 2580 Paulus,
3095 2517 3189 2587 qui
3245 2532 3359 2571 non
3398 2518 3602 2571 solebat
3635 2534 3669 2570 τι

2098 2604 2232 2661 loris
2253 2606 2443 2662 calicis
2472 2615 2525 2661 et
2566 2607 2875 2676 parOpsidis
2916 2608 3200 2671 mundare,
3242 2608 3338 2663 sed
3383 2609 3459 2662 ab
3497 2609 3671 2669 “nitus,

2096 2696 2406 2766 imperitum
2442 2711 2501 2751 se
2529 2698 2819 2752 confitetur
2852 2711 3131 2761 sermone,
3152 2696 3247 2750 sed
3282 2712 3390 2750 non
3421 2695 3668 2760 scientia;

2095 2798 2151 2844 et
2180 2797 2306 2845 erat
2330 2803 2513 2844 sermo
2543 2788 2717 2858 ipsius
2741 2788 2983 2844 rusticus
3012 2787 3256 2857 quidem,
3281 2796 3466 2841 tamen
3503 2801 3669 2840 mun—

2095 2880 2197 2935 dus
2221 2891 2439 2950 propter
2470 2879 2712 2934 scientiae
2750 2878 3097 2934 munditiam.
3133 2878 3218 2934 Illi
3259 2888 3446 2934 autem
3489 2878 3591 2948 qui
3614 2879 3673 2931 in

2098 2971 2367 3039 sapientia
2398 2970 2547 3026 verbi
2576 2971 2960 3040 loquebantur,
2993 2980 3045 3027 et
3070 2984 3165 3039 per
3195 2971 3301 3026 hoc
3320 2969 3522 3024 Christi
3547 2984 3669 3023 cru-

2099 3075 2221 3115 cem
2252 3060 2617 3125 evacuabant,
2640 3075 2673 3115 ιι
2692 3059 2827 3116 foris
2859 3060 3076 3131 quidem
3102 3059 3339 3114 mundos
3365 3056 3673 3126 praebebant

2100 3164 2389 3207 sermones
2415 3166 2565 3217 suos,
2595 3151 2840 3208 abintus
2889 3159 3073 3207 autem
3112 3151 3397 3204 immunda
3444 3148 3670 3203 scicntia

2099 3243 2319 3309 plenos,
2341 3248 2401 3295 et
2417 3239 2646 3309 rapinis,
2671 3248 2725 3294 et
2748 3241 3167 3311 intemperantia
3192 3240 3337 3293 vitae.
3401 3236 3533 3293 Item
3579 3239 3671 3306 qui

2102 3332 2335 3386 audiens
2377 3332 2603 3385 verbum
2631 3373 2651 3398 ,
2700 3341 2795 3386 aut
2831 3331 3070 3401 aliquam
3113 3330 3250 3400 legis
3288 3328 3671 3398 Scripturatn,

2101 3421 2591 3492 compositionibus
2613 3420 2734 3491 ejus
2766 3420 3128 3475 exterioribus
3153 3419 3327 3488 magis
3354 3432 3517 3488 quam
3541 3416 3676 3470 inte-

2102 3511 2341 3567 rioribus
2366 3520 2427 3567 et
2452 3513 2786 3567 salutaribus
2808 3511 3067 3567 sensibus
3099 3512 3418 3575 delectatur,
3449 3512 3671 3566 calicem

2103 3606 2188 3660 vel
2215 3605 2559 3675 paropsidem
2593 3606 2769 3676 diligit
2795 3620 2826 3659 a
2861 3604 3337 3660 forismnndatum
3360 3644 3377 3671 ,
3417 3604 3488 3659 ab
3530 3605 3675 3658 intus

2104 3708 2289 3753 autem
2321 3696 2621 3752 sordidum.

2174 3789 2266 3843 25.
2303 3786 2360 3841 Si
2389 3795 2602 3856 oportet
2621 3795 2802 3841 autem
2831 3796 2891 3842 et
2921 3787 3135 3842 tertiam
3164 3795 3450 3857 cognatam
3477 3785 3673 3855 priori-

2104 3881 2258 3936 ribus
2278 3879 2701 3949 superindncere
2724 3879 3140 3948 expositionem,
3165 3879 3399 3933 dicimus
3418 3878 3674 3947 quoniam

2105 3972 2296 4026 littera:
2327 3970 2463 4039 legis
2487 3978 2545 4024 et
2563 3969 2948 4039 prophetarum
2980 3969 3182 4024 calices
3220 3969 3547 4038 spiritalium
3578 3983 3676 4037 po-

2104 4073 2262 4118 tuum
2296 4062 2515 4128 animae,
2537 4071 2593 4117 et
2619 4063 2944 4133 paropsides
2964 4061 3400 4117 necessariarum
3426 4076 3674 4117 escarum

2096 4162 2241 4212 Sunt.
2272 4152 2513 4206 ﬁdelium
2547 4141 2852 4218 hominum,
2888 4153 2969 4206 vel
2994 4153 3160 4207 catini
3191 4152 3435 4207 ciborum
3463 4151 3677 4221 sapien-

2108 4252 2190 4298 ter
2221 4242 2571 4298 conditorum
2602 4259 2617 4295 :
2646 4251 2879 4311 quomm
2916 4242 3173 4307 calicum,
3219 4251 3274 4296 et
3301 4242 3671 4312 paropsidum,

2106 4342 2164 4387 et
2205 4333 2512 4388 catinorum
2558 4331 2810 4402 legalium
2859 4333 2945 4386 vel
2986 4333 3425 4403 propheticorum
3476 4332 3675 4387 Scriba:

436 4419 701 4474 mundare
735 4423 954 4490 quidem
990 4421 1201 4476 videtur
1228 4422 1372 4490 quod
1398 4439 1429 4476 a
1462 4422 1599 4477 foris
1626 4434 1709 4478 est
1735 4425 1923 4479 calicis
1951 4434 2005 4479 et
2037 4437 2080 4491 ι)
2108 4423 2327 4494 quidem
2358 4433 2412 4478 et
2447 4422 2706 4477 Pharisaei
2738 4423 2958 4478 student
2983 4438 3205 4478 sensum
3239 4424 3563 4478 exteriorem
3596 4433 3675 4476 at-

439 4513 764 4582 paropsidis,
794 4512 1005 4568 faciens
1029 4514 1406 4584 eleemosynas
1447 4530 1631 4568 coram
1669 4516 2003 4582 hominibus,

438 4602 508 4655 ab
556 4603 702 4657 intus
750 4613 931 4658 autem
981 4602 1175 4673 plenus
1226 4612 1312 4658 est
1354 4604 1646 4673 cupiditate
1683 4606 1888 4676 gloriae.
1945 4607 2011 4662 Et

438 4694 702 4763 quidquid
750 4696 881 4750 boni
941 4696 1130 4752 fecerit
1180 4697 1344 4752 homo
1399 4714 1505 4754 non
1553 4714 1621 4754 ex
1676 4698 2006 4754 conscientia

441 4784 640 4838 munda
669 4796 887 4855 propter
914 4787 1107 4853 Deum,
1137 4788 1820 4860 aforisquidcmpmundus
1851 4791 2007 4847 vide-

440 4882 550 4936 tur,
576 4874 644 4927 ab
675 4875 821 4932 intus
848 4888 1026 4932 autent
1061 4881 1251 4949 plenus
1279 4888 1364 4935 est
1389 4881 1568 4935 malis.
1601 4879 1706 4936 Sed
1735 4890 1788 4936 et
1817 4896 2010 4939 omnes

441 4964 562 5018 falsi
586 4965 856 5035 dogmatis
883 4969 1221 5037 professores
1249 4972 1446 5028 calices
1481 4983 1608 5028 sunt
1633 4989 1663 5029 a
1690 4973 1823 5030 foris
1852 4976 2009 5045 quasi

441 5056 686 5111 mundati
712 5067 927 5129 propter
953 5062 1184 5129 speciem
1215 5064 1491 5135 religionis
1516 5080 1681 5135 quam
1726 5066 2007 5131 simulant,

440 5147 509 5201 ab
538 5147 686 5203 intus
715 5157 894 5205 autem
921 5150 1063 5215 pleni
1097 5152 1304 5221 rapina,
1338 5155 1672 5222 seductione,
1692 5156 1895 5226 quibus
1922 5173 2015 5211 ra-

441 5240 596 5308 piunt
642 5240 892 5297 homines
928 5242 996 5296 ad
1037 5258 1302 5310 errorem,
1344 5253 1399 5301 et
1451 5247 1561 5316 lupi
1614 5263 1838 5317 rapaces
1881 5257 2012 5303 sunt

441 5332 713 5397 omnium,
747 5333 1044 5401 latitantes,
1071 5345 1126 5390 et
1165 5337 1487 5394 devorantes
1537 5340 1754 5393 animas
1803 5338 2014 5409 simpli-

444 5434 556 5482 ces.
587 5423 681 5491 qui
711 5424 895 5479 videre
926 5442 1021 5481 eos
1048 5443 1157 5480 non
1188 5438 1417 5497 possunt
1445 5429 1603 5499 lupos
1630 5445 1755 5486 esse
1788 5444 2013 5500 rapaces

447 5522 664 5579 propter
682 5514 904 5570 ovilium
930 5518 1149 5586 pellium
1179 5526 1564 5585 tegumentum.

2112 4529 2218 4585 que
2243 4514 2542 4584 vulgarem,
2567 4523 2621 4568 et
2641 4514 2785 4569 hunc
2812 4514 3072 4569 mundum
3099 4522 3154 4568 et
3178 4524 3428 4569 sanctum
3457 4515 3676 4569 demon-

2109 4617 2284 4664 strare
2307 4607 2588 4674 festinant;
2619 4606 2873 4677 discipuli
2903 4615 3085 4661 autem
3118 4605 3323 4661 Christi
3352 4621 3573 4662 sensum
3600 4606 3672 4661 in-

2112 4701 2365 4756 teriorem
2397 4710 2451 4756 et
2487 4700 2784 4770 spiritalem
2821 4698 3087 4753 mundare
3114 4697 3371 4753 festinant
3395 4708 3449 4752 et
3477 4698 3674 4754 sancti-

2112 4794 2275 4847 Iicare
2303 4792 2530 4847 scientia
2561 4801 2616 4846 et
2653 4789 3119 4846 demonstratione
3160 4789 3461 4859 probabili,
3513 4798 3572 4843 ut
3611 4788 3678 4842 ab

2116 4884 2263 4939 intus
2291 4884 2606 4938 mundatam
2637 4882 2809 4952 legem
2837 4889 2892 4937 et
2933 4882 3227 4950 prophetas
3255 4881 3582 4934 manducent
3622 4889 3677 4933 et

2113 4973 2318 5040 bibant,
2354 4973 2666 5028 interiorem
2693 4979 2746 5028 et
2778 4970 3147 5042 tnysterialem
3175 4984 3401 5024 sensum
3420 4968 3607 5024 audire
3627 4975 3681 5021 et

2116 5064 2396 5133 suscipere
2426 5062 2899 5132 coucupiscentes,
2931 5069 2986 5115 et
3020 5061 3465 5115 transcendentes
3491 5074 3681 5115 sensus

2115 5155 2419 5209 exteriores
2454 5153 2770 5208 verborum.
2807 5150 3019 5205 Bonum
3048 5159 3133 5206 est
3161 5165 3293 5220 ergo
3326 5160 3484 5204 caute
3520 5164 3678 5204 mun-

2116 5246 2245 5301 dare
2271 5245 2417 5316 quod
2449 5245 2519 5299 ab
2540 5245 2688 5299 intus
2716 5252 2800 5299 est
2828 5243 3047 5310 calicis,
3098 5243 3185 5297 vel
3222 5241 3529 5311 paropsidis
3549 5280 3566 5305 ,
3600 5240 3680 5296 vel

2116 5335 2303 5401 catini,
2334 5335 2460 5405 quia
2489 5334 2537 5388 ei
2565 5335 2660 5403 qui
2688 5332 3030 5387 mundavcrit
3064 5332 3296 5401 primum
3327 5330 3474 5399 quod
3504 5330 3572 5384 ab
3598 5330 3677 5383 in-

2118 5435 2208 5482 tus
2237 5435 2323 5480 est
2357 5424 2562 5490 calicis,
2598 5425 2734 5478 fiunt
2765 5424 2924 5477 etiam
2962 5438 3028 5477 ea
3061 5437 3184 5492 qua:
3230 5419 3364 5474 furis
3398 5427 3529 5474 sunt
3562 5435 3679 5473 vero

2118 5517 2373 5572 mundata
2429 5534 2442 5569 :
2486 5524 2541 5568 et
2589 5524 2716 5569 tunc
2768 5513 3116 5569 inveniuntur
3177 5527 3304 5567 vasa
3373 5525 3672 5567 sermonum

513 5679 557 5709 "‘
587 5679 606 5734 I
639 5681 763 5736 Cor.
802 5703 849 5751 ν,
884 5687 934 5742 8.
1014 5690 1055 5724 ³⁷
1086 5688 1224 5743 Gen.
1257 5703 1327 5753 γι,
1354 5691 1407 5742 5.
1485 5691 1548 5721 Μ’
1581 5688 1769 5743 Matth.
1805 5700 1959 5750 unt,
1994 5694 1997 5710 ‘

2162 5683 2206 5716 "
2235 5680 2423 5736 Matth.
2464 5696 2510 5743 γ,
2546 5682 2632 5737 28.
