4052 6304
330 401 468 459 1329

1461 383 1749 443 COMMEN
1766 380 2121 440 fAJthRUM
2155 379 2421 439 εεῐιιεεε

3453 378 3590 433 N350

327 519 552 586 munda,
576 518 797 589 quando
830 513 1157 572 manifestati
1190 511 1392 568 fuerint
1413 511 1527 567 veri
1556 521 1610 566 et
1630 509 1903 580 spiritales
1934 513 1977 569 A
2006 505 2287 576 ardiﬁcatis
2309 503 2548 574 sepulcra
2564 501 3025 573 prophetarum,et
3043 497 3590 550 ornatismenumenta

325 628 520 670 sensus
547 625 735 667 eorum
744 648 765 662 .

396 706 493 762 24.
524 704 617 759 Va:
644 702 807 767 nobis,
836 699 1041 753 Scriba:
1062 706 1112 753 et
1136 695 1399 750 Pharisa'i
1438 695 1747 764 hypocritw,
1782 693 1908 763 quia

333 797 524 854 titailes
547 797 673 850 estis
694 791 950 863 sepulcris
972 788 1263 853 dealbatis,
1297 802 1415 859 qua:
1443 802 1478 840 a
1518 787 1651 855 foris
1696 785 1907 856 quidem

330 897 513 942 narem
534 886 791 956 speciosa,
821 883 965 936 intus
988 897 1107 935 vero
1129 879 1287 948 plena
1310 887 1430 931 sunt
1452 878 1659 931 assibus
1684 886 1910 928 mortua-

329 995 448 1032 rum
469 988 516 1032 et
550 977 697 1030 ornari
718 974 1013 1044 spurcitia;
1053 972 1130 1025 sic
1162 980 1213 1024 et
1236 986 1323 1023 vos
1349 986 1385 1023 a
1410 968 1543 1038 foris
1568 967 1781 1039 quidem
1813 982 1911 1035 pa-

329 1070 455 1124 retis
476 1066 780 1123 hominibus
792 1064 951 1135 justi,
979 1063 1044 1117 ab
1071 1063 1215 1116 intus
1236 1070 1416 1115 autem
1437 1060 1578 1129 pleni
1596 1059 1722 1113 estis
1746 1063 1910 1128 hypo-

327 1161 456 1215 crisi
481 1169 530 1215 et
554 1158 837 1228 iniquitate
864 1157 933 1208 ”.
980 1152 1134 1208 Sicut
1180 1152 1329 1206 enim
1368 1151 1620 1219 superius
1662 1151 1731 1203 ab
1763 1150 1910 1204 intus

328 1252 472 1323 pleni
501 1260 629 1307 sunt
657 1247 847 1318 rapina
880 1256 936 1302 et
962 1244 1405 1314 intemperantia,
1436 1242 1688 1298 similiter
1720 1250 1775 1296 et
1820 1241 1909 1296 hie

329 1343 472 1415 pleni
495 1349 629 1397 sunt
652 1339 925 1410 hypocrisi
952 1345 1008 1393 et
1031 1336 1339 1406 iniquitate,
1371 1349 1495 1405 quae
1522 1341 1913 1403 comparantur

328 1434 547 1489 ossibus
577 1440 941 1496 mortuorum,
986 1427 1347 1483 immunditise
1396 1426 1683 1480 universae.
1728 1422 1912 1494 Hypo-

328 1521 491 1578 crisis
510 1520 678 1586 enirn,
702 1533 826 1575 cuin
853 1518 925 1574 sit
945 1517 1127 1587 aliqua
1152 1515 1435 1571 simulatio
1457 1513 1603 1579 boni,
1634 1512 1772 1566 nihil
1790 1511 1912 1581 qui-

329 1616 454 1670 dem
476 1612 641 1669 habet
663 1609 828 1666 vitale
851 1625 917 1664 ex
941 1625 1007 1665 eo
1036 1610 1181 1664 bono
1212 1606 1360 1677 quod
1410 1607 1654 1662 simulat.
1685 1603 1908 1660 Ossiqu

330 1714 532 1763 autem.
570 1713 631 1759 ut
653 1704 734 1758 sic
758 1702 933 1757 dicam
957 1741 973 1767 ,
1024 1700 1244 1756 virtutis
1285 1698 1430 1753 illius
1466 1712 1631 1767 quam
1689 1696 1912 1751 simulat

330 1805 542 1849 mortua
570 1793 782 1863 iustitia
806 1799 910 1855 est,
934 1799 1029 1845 aut
1060 1788 1305 1845 castitas.
1352 1785 1410 1840 Si
1445 1788 1591 1841 enim
1634 1785 1912 1855 sapienter

332 1886 619 1941 audiamus
646 1885 795 1955 quod
821 1884 937 1938 vult
963 1881 1251 1938 ostendere
1279 1895 1463 1936 sermo
1504 1895 1768 1950 praesens,
1819 1880 1909 1933 iu-

333 1978 630 2046 telligimus
659 1976 807 2046 quod
835 1975 1021 2030 omnis
1042 1972 1254 2045 justitia
1279 1972 1537 2028 simulata
1567 1980 1781 2027 mortua
1819 1972 1912 2042 ju-

331 2069 474 2123 stitia
491 2075 593 2122 est.
622 2063 774 2121 Sicut
793 2067 959 2121 homo
977 2074 1228 2119 mortuus
1248 2063 1464 2119 videtur
1481 2064 1700 2134 quidem
1722 2063 1913 2131 homo,

330 2158 427 2213 sed
462 2173 568 2212 non
602 2167 685 2212 est
719 2157 924 2232 horrion
947 2156 1027 2211 sic
1054 2163 1109 2210 et
1141 2165 1357 2211 mortua
1379 2156 1603 2212 castitas
1627 2172 1726 2212 nec
1749 2155 1914 2212 casti-

329 2257 413 2304 tas
437 2257 540 2304 est.
569 2247 781 2302 Mortua
814 2257 995 2303 autem
1031 2245 1161 2319 [est]
1185 2262 1308 2318 quae
1329 2262 1435 2302 non
1470 2256 1690 2318 pmpter
1717 2247 1911 2313 Deum,

329 2341 422 2396 sed
452 2342 508 2395 in
545 2340 896 2396 simulatione
926 2349 1147 2410 propter
1177 2341 1423 2395 homines
1453 2339 1532 2394 fit.
1563 2340 1625 2395 Et
1646 2340 1912 2410 quemad~

333 2432 552 2486 modum
583 2440 667 2486 est
695 2432 751 2485 in
786 2432 970 2485 mimis
1009 2431 1103 2500 qui
1144 2445 1408 2500 personas
1458 2432 1767 2501 suscipiunt
1813 2431 1915 2486 ali-

329 2537 586 2591 qrorum,
620 2530 674 2575 et
699 2536 808 2575 non
841 2530 970 2576 sunt
989 2519 1091 2590 ipsi
1124 2533 1263 2589 quos
1291 2520 1573 2586 simulant,
1609 2521 1701 2575 sed
1724 2521 1915 2575 viden-

331 2627 439 2679 tur,
471 2614 552 2669 sic
580 2613 674 2683 qui
699 2613 972 2682 justitiam
1004 2612 1245 2674 simulat,
1270 2612 1527 2666 simulata
1553 2612 1766 2682 justitia
1793 2613 1915 2682 ejus

332 2720 440 2760 non
467 2715 551 2762 est
572 2706 807 2776 justitia,
840 2706 936 2760 sed
963 2705 1195 2759 videtur.
1225 2703 1320 2759 Est
1349 2705 1497 2759 enim
1536 2721 1644 2759 non
1676 2705 1911 2775 justitia,

332 2796 430 2852 sed
464 2797 783 2868 figmentum
812 2795 1059 2866 justitise.
1091 2793 1184 2850 Sic
1214 2803 1268 2850 et
1298 2796 1350 2849 in
1385 2796 1704 2851 seductioue
1748 2797 1915 2851 casti—

333 2899 417 2945 tas
450 2891 571 2943 ficta
601 2905 712 2943 non
733 2897 818 2943 est
842 2889 1087 2956 castitas,
1120 2888 1215 2944 sed
1249 2888 1481 2943 videtur.
1512 2887 1740 2958 Propter
1769 2888 1913 2958 quod

327 2981 464 3034 bene
481 2979 855 3035 assimilantur
872 2979 1185 3048 hujusmodi
1211 2980 1465 3034 homines
1482 2980 1751 3049 sepulcris
1768 2980 1915 3033 deal-

330 3070 488 3126 batis.
525 3071 570 3123 A
592 3069 727 3124 foris
759 3070 1014 3124 videntur
1034 3069 1171 3140 justi
1191 3071 1244 3125 in
1268 3081 1562 3139 conspectu
1599 3069 1915 3139 eorunrqni

328 3145 861 3217 nesciuntinteriora
875 3161 1246 3222 considerare,
1280 3162 1350 3215 ab
1386 3163 1533 3215 intus
1555 3171 1738 3215 autem
1772 3161 1917 3229 pleni

327 3248 685 3306 suutossibus
699 3256 1061 3302 mortuorum.
1083 3245 1257 3301 Tanta
1270 3256 1397 3302 sunt
1413 3261 1541 3301 ossa
1556 3247 1609 3299 in
1634 3247 1713 3300 eis
1730 3256 1784 3300 et
1803 3246 1908 3299 im-

330 3341 836 3409 munditiaquanta
851 3338 1015 3409 845
1031 3353 1194 3409 opera
1215 3338 1549 3393 simulantur
1563 3337 1701 3391 bona
1720 3351 1785 3391 ex
1814 3352 1924 3391 ma-

327 3432 589 3488 loaﬂ'ectu
614 3447 627 3483 :
652 3439 705 3487 et
724 3431 975 3486 videntur
995 3447 1028 3485 a
1052 3431 1185 3485 foris
1207 3430 1340 3501 justi
1357 3446 1545 3485 coram
1585 3430 1919 3498 hominibus,

329 3540 437 3578 non
457 3523 536 3578 eis
563 3537 702 3591 quos
717 3521 997 3591 Scriptura
1015 3523 1034 3553 ί
1055 3520 1188 3575 deos
1206 3521 1460 3590 appellat,
1484 3521 1553 3575 ad
1565 3538 1707 3590 quos
1721 3522 1919 3577 factum

325 3623 409 3667 est
426 3611 648 3666 verbum
669 3609 784 3673 Dei,
813 3610 909 3666 sed
939 3623 1130 3664 coram
1149 3607 1228 3662 eis
1256 3607 1346 3675 qui
1370 3608 1512 3661 sicut
1536 3607 1782 3661 homines
1804 3623 1922 3663 mo-

330 3703 567 3755 riuntur.
603 3700 668 3755 Et
702 3700 908 3755 malum
932 3698 1154 3769 quidem
1185 3706 1353 3759 esset,
1381 3697 1467 3751 vel
1508 3711 1680 3751 unum
1708 3698 1918 3751 ossium

330 3792 529 3848 mortui
559 3791 760 3847 habere
783 3791 930 3846 intus
955 3793 1013 3844 in
1043 3804 1101 3845 se
1133 3788 1217 3842 vel
1245 3787 1648 3842 immunditiam
1677 3788 1915 3856 ali-quam

330 3899 514 3940 unam.
549 3881 704 3937 Nunc
736 3892 921 3936 autem
952 3880 1075 3935 vide
1103 3878 1574 3949 exaggerationem
1612 3876 1920 3946 Scriptum

329 3976 396 4029 de
431 3974 635 4028 malitia
665 3973 1092 4045 hypocritarum.
1132 3971 1293 4024 Sicut
1314 3970 1458 4024 enim
1487 3970 1732 4038 sepulcra
1761 3969 1917 4037 plena

331 4075 459 4121 sunt
490 4065 711 4120 ossibus
739 4073 792 4119 et
837 4062 1184 4119 immunditia
1220 4061 1389 4123 omni,
1433 4060 1512 4114 sic
1555 4069 1610 4114 et
1643 4060 1720 4113 illi
1769 4060 1916 4130 pleni

332 4164 459 4210 sunt
492 4154 769 4225 hypocrisi
810 4165 865 4211 et
893 4153 1201 4223 iniquitate,
1245 4166 1353 4206 non
1392 4151 1445 4204 in
1494 4166 1599 4205 una
1629 4151 1814 4221 aliqua
1859 4165 1918 4205 re

332 4249 673 4311 simulantes,
711 4261 888 4316 neque
919 4247 974 4300 in
1009 4257 1301 4315 conspectu
1335 4243 1499 4297 unius
1538 4242 1596 4296 in
1623 4245 1772 4296 omni
1803 4243 1915 4297 vita

331 4356 450 4406 sua,
498 4339 580 4394 vel
612 4339 826 4394 duobus
871 4338 955 4393 vel
1001 4338 1195 4401 tribus,
1226 4334 1478 4405 quamvis
1521 4342 1575 4388 et
1626 4335 1729 4388 hoc
1771 4342 1917 4388 essrt

331 4432 627 4500 pessimum
660 4431 885 4493 malum,
916 4429 1011 4484 sed
1037 4426 1297 4483 omnibus
1327 4425 1521 4480 diebus
1553 4425 1677 4480 vin
1706 4441 1819 4480 sua:
1856 4426 1910 4480 in

2000 599 2291 668 justorum,
2306 606 2355 651 et
2372 596 2582 649 dicitis:
2602 593 2744 659 Quia
2759 592 2804 647 si
2820 591 3101 661 fuissemus
3115 588 3171 640 in
3184 587 3368 641 diebus
3380 594 3592 651 patrum

2009 697 2455 752 nostrorum,uon
2483 701 2714 741 essemus
2741 683 2873 737 socii
2891 696 3076 736 eorum
3102 680 3159 732 in
3190 677 3446 746 sanguine
3471 691 3590 745 pro-

2009 783 2305 852 phetarum.
2332 776 2524 848 Itaque
2555 776 2913 831 testimonium
2926 771 3146 827 redditis
3165 768 3464 838 vobis,quia
3492 766 3595 835 lilii

2009 872 2136 926 estis
2169 884 2350 923 eorum
2378 868 2471 938 qui
2498 866 2809 921 occiderunt
2833 861 3135 933 prop/tetas.
3172 858 3239 913 Et
3268 875 3357 911 vos
3387 856 3598 925 implete

2012 976 2316 1016 mensuram
2340 970 2555 1029 patrum
2572 965 2879 1011 vestrorum.
2902 953 3199 1020 Serpentes,
3227 948 3494 1018 generatio
3520 948 3599 999 vi-

2010 1069 2278 1124 perarum,
2293 1048 2552 1123 quomodo
2567 1048 2783 1118 fugietis
2801 1045 3043 1117 ojudicio
3060 1041 3332 1112 geheunw?
3347 1038 3599 1092 Ideoecce

2010 1162 2105 1215 ego
2134 1144 2287 1197 mitto
2318 1142 2387 1195 ad
2421 1158 2511 1195 vos
2538 1138 2840 1208 prop/tetas,
2874 1145 2922 1190 et
2954 1135 3233 1204 sapientes.
3269 1140 3317 1184 et
3358 1126 3595 1186 Scribas,

2012 1247 2061 1292 et
2080 1253 2145 1290 ex
2161 1236 2270 1290 illis
2288 1233 2538 1288 occidetis
2564 1242 2616 1285 et
2630 1231 2774 1284 cruci
2777 1228 2970 1299 figetis,
2988 1236 3036 1280 et
3053 1241 3116 1280 ea:
3133 1223 3241 1279 illis
3258 1220 3599 1292 ﬂagellabitis

2012 1331 2069 1383 in
2110 1328 2393 1398 synagogis
2438 1325 2644 1389 vestris,
2686 1332 2738 1377 et
2777 1319 3155 1391 persequamini
3195 1318 3260 1370 de
3304 1313 3600 1368 civitatein

2013 1421 2302 1484 ciuitatem,
2330 1426 2389 1472 ut
2426 1417 2596 1470 veniat
2633 1430 2786 1483 super
2832 1429 2917 1466 vos
2956 1409 3125 1464 omnis
3168 1406 3383 1476 sanguis
3422 1403 3598 1472 justus

2019 1513 2111 1585 qui
2148 1512 2442 1580 e/funditur
2470 1524 2629 1578 super
2657 1517 2857 1560 terram
2887 1505 2930 1559 ¹.
2962 1502 3237 1568 Quantum
3268 1498 3333 1553 ad
3366 1497 3597 1568 primatu

2013 1609 2209 1667 faciem
2241 1609 2474 1680 pertinet
2505 1615 2706 1670 textus,
2734 1618 2840 1657 non
2865 1603 3000 1657 satis
3032 1599 3426 1655 rationabiliter
3450 1611 3601 1651 com-

2007 1701 2217 1758 minari
2240 1700 2454 1755 videtur
2494 1698 2765 1753 adversus
2803 1709 2901 1749 cos
2927 1693 3021 1763 qui
3049 1692 3315 1746 :edilicaut
3352 1688 3599 1756 sepulcm

2012 1794 2402 1865 prophetarum
2425 1801 2480 1845 et
2502 1795 2700 1844 ornant
2724 1792 3078 1841 monumenta
3098 1782 3393 1853 jnstorum.
3419 1777 3604 1843 Quan-

2014 1906 2131 1953 tum
2157 1896 2223 1951 ad
2254 1895 2357 1950 hoc
2378 1893 2523 1948 enim
2558 1890 2759 1955 solum,
2782 1885 3058 1942 laudabile
3076 1882 3281 1952 aliquid
3308 1878 3604 1942 faciebant,

2013 1991 2143 2063 quia
2169 1989 2415 2058 sepulcra
2442 1983 2829 2055 prophetarum
2862 1977 3226 2040 :editicabant,
3255 1983 3310 2029 et
3335 1971 3605 2028 ornabant

2013 2096 2373 2147 monumenta
2420 2087 2720 2156 justorum,
2790 2079 3050 2150 operibus
3100 2083 3315 2148 patrum
3375 2085 3601 2127 suorum

2014 2184 2215 2254 quibus
2249 2180 2369 2236 ausi
2412 2185 2544 2234 sunt
2570 2183 2763 2230 contra
2794 2171 3093 2242 prophetas
3135 2175 3188 2222 ct
3217 2173 3461 2227 sanctos,
3493 2175 3603 2214 nou

2015 2251 2441 2332 consentientes,
2478 2265 2717 2321 maxime
2746 2263 2801 2317 in
2835 2277 2901 2317 eo
2934 2260 3082 2332 quod
3115 2258 3344 2313 dicunt:
3379 2252 3439 2309 Si
3468 2251 3607 2321 [nis—

2015 2381 2187 2421 semus
2232 2364 2290 2417 in
2336 2360 2522 2415 diebus
2569 2368 2782 2429 patrum
2841 2363 3166 2415 nostrorum,
3221 2363 3325 2401 non
3373 2358 3604 2399 essemus

2014 2458 2148 2512 socii
2178 2470 2361 2510 eorum
2381 2453 2438 2506 in
2464 2450 2717 2520 sanguine
2739 2447 3136 2519 prophetarum.
3166 2437 3453 2507 Quomodo
3475 2450 3607 2502 ergo

2014 2557 2161 2629 digni
2206 2561 2363 2611 erant
2401 2554 2682 2623 suscipere
2719 2550 2844 2605 V113?
2877 2548 2936 2603 Si
2984 2554 3166 2601 autem
3198 2542 3331 2599 dicit
3362 2540 3603 2610 aliquis:

2015 2654 2290 2722 Quantum
2347 2652 2415 2708 ad
2458 2666 2598 2722 opus
2642 2648 2866 2719 quidem
2922 2642 3052 2699 illud
3101 2649 3156 2696 ct
3206 2638 3605 2710 professionem

2017 2747 2310 2802 verborum
2343 2757 2593 2805 suorum,
2617 2755 2725 2795 non
2758 2745 2914 2793 erant
2950 2735 3058 2800 rei;
3095 2741 3318 2802 propter
3348 2729 3476 2783 illud
3508 2742 3608 2782 au-

2018 2848 2123 2893 tem
2152 2837 2297 2908 quod
2321 2833 2694 2891 testimonium
2726 2829 2832 2884 sibi
2863 2826 3159 2882 reddebant
3184 2838 3306 2879 esse
3332 2836 3389 2876 se
3416 2833 3606 2874 eorum

2017 2932 2160 2985 filios
2205 2928 2302 2999 qui
2344 2927 2664 2982 occiderunt
2712 2921 3025 2992 prophetas,
3077 2914 3375 2985 culpabiles
3416 2920 3605 2977 erant;

2018 3022 2166 3090 quod
2201 3035 2301 3076 nec
2330 3019 2508 3089 ipsum
2535 3030 2725 3071 verum
2754 3021 2859 3069 est.
2894 3009 2950 3064 lu
2980 3025 3039 3063 re
3072 3008 3218 3062 enim
3267 3021 3389 3076 quae
3416 3020 3481 3060 ex
3519 3019 3611 3058 ar-

2021 3112 2186 3166 bitrio
2214 3111 2452 3166 hominis
2478 3124 2585 3163 non
2614 3104 2901 3173 contingit,
2931 3098 3211 3172 quomodo
3239 3105 3417 3168 potest
3443 3096 3609 3150 homo

1951 3192 1992 3246 (ἶ
2029 3205 2148 3259 fieri
2182 3203 2347 3258 reus?
2371 3200 2491 3256 Non
2514 3200 2662 3255 enim
2691 3214 2759 3253 ex
2789 3195 3019 3250 arbitrio
3050 3188 3482 3258 uniuscujusque
3511 3186 3613 3241 ho-

2027 3296 2193 3352 minis
2224 3304 2328 3361 est,
2365 3293 2524 3362 cujus
2556 3291 2629 3347 sit
2656 3290 2826 3355 ﬁlius,
2860 3286 2988 3342 boui
3021 3284 3144 3347 viri,
3191 3293 3286 3336 aut
3317 3279 3443 3333 mali
3485 3277 3609 3331 viri.

2026 3392 2167 3465 Ergo
2197 3407 2374 3462 neque
2406 3399 2630 3461 propter
2663 3387 2799 3442 illud
2831 3386 2959 3455 quia
2991 3383 3334 3438 aedificabant
3365 3375 3610 3447 sepulcra

2025 3484 2445 3554 prophetarum,
2471 3491 2525 3536 et
2566 3480 2861 3535 dicebant:
2896 3475 2956 3531 Si
3003 3474 3286 3544 fuissemus
3334 3471 3389 3524 in
3429 3468 3611 3522 diebus

2022 3585 2236 3644 patrum
2279 3582 2605 3636 nostrorum,
2630 3584 2734 3623 non
2777 3582 3006 3620 essemus
3049 3564 3147 3630 rei,
3188 3561 3272 3616 vel
3311 3560 3391 3614 rei
3432 3568 3610 3624 erant,

2024 3665 2110 3719 vel
2143 3665 2497 3729 innocentes;
2525 3661 2618 3715 sed
2647 3659 2775 3728 quia
2804 3657 2969 3711 rebus
3002 3655 3136 3724 ipsis
3167 3664 3221 3707 et
3252 3650 3614 3707 similitudine

2024 3755 2338 3810 facinorum
2372 3753 2746 3809 testimonium
2777 3749 2881 3805 sibi
2910 3746 3213 3802 reddebant
3242 3760 3364 3800 esse
3390 3762 3451 3802 se
3476 3744 3614 3798 tilios

2023 3862 2218 3903 eorum
2247 3847 2343 3917 qui
2374 3847 2693 3901 occiderunt
2722 3842 3036 3913 prophetas,
3075 3839 3362 3908 implentes
3394 3852 3614 3892 mensu-

2021 3956 2140 3994 ram
2169 3948 2381 4010 patrum
2404 3951 2653 4002 suorum,
2677 3944 2732 3991 et
2760 3935 2941 3989 adhuc
2964 3931 3287 4001 adjicientes
3311 3931 3458 4000 quod
3492 3929 3613 3984 l‘ue—

2023 4039 2107 4084 rat
2125 4031 2329 4091 minus,
2349 4028 2661 4097 suppleutes
2685 4023 3123 4080 interfectionem
3138 4021 3520 4091 prophetarum
3541 4031 3617 4073 at—

2020 4137 2127 4192 que
2151 4121 2427 4192 iustorum
2456 4116 2839 4175 interfectiouc
2856 4113 3061 4169 Christi
3089 4112 3215 4167 Filii
3241 4113 3357 4167 Dei.
3384 4110 3617 4180 Propter

2020 4221 2167 4290 quod
2202 4219 2459 4290 possibile
2486 4233 2594 4272 non
2625 4225 2743 4270 erat
2761 4216 2852 4285 qui
2890 4213 3209 4284 hujusmodi
3236 4223 3361 4268 actu
3408 4212 3625 4266 detine-

2020 4313 2218 4367 bantur
2249 4310 2496 4376 obnoxii,
2536 4308 2724 4379 l‘ugere
2753 4322 2784 4362 a
2820 4306 3030 4377 judicio
3074 4304 3360 4374 gehennae.
3401 4301 3625 4369 Quibus

2023 4417 2122 4457 nec
2155 4401 2366 4457 suﬂ'ecit
2400 4399 2628 4468 sanguis
2652 4397 2879 4462 Christi,
2909 4396 3005 4450 sed
3028 4395 3209 4449 adhuc
3235 4393 3359 4449 illos
3381 4391 3625 4463 prophe~

330 4523 775 4577 simulationihus
806 4521 1016 4584 vivunt,
1057 4527 1111 4573 et
1143 4516 1292 4571 aliud
1322 4516 1546 4586 quidem
1573 4526 1722 4584 sunt,
1765 4516 1915 4572 aliud

2024 4504 2107 4549 tas
2131 4505 2183 4548 et
2215 4493 2438 4548 Set-ibas
2468 4493 2563 4560 qui
2596 4490 2821 4545 fuerunt
2862 4488 3015 4543 missi
3058 4504 3091 4541 a
3122 4486 3367 4552 Christo,
3393 4483 3628 4539 interfe-

332 4619 516 4667 autem
548 4627 668 4666 esse
697 4619 976 4681 putantur.
1008 4608 1151 4663 Sunt
1181 4606 1369 4663 lascivi
1394 4607 1615 4677 quidem
1642 4608 1713 4663 ab
1743 4608 1920 4674 intus,

335 4719 363 4758 a
392 4702 527 4757 foris
558 4711 738 4756 autem
764 4711 947 4756 castos
978 4715 1042 4756 se
1067 4714 1193 4756 esse
1215 4699 1531 4765 ostendunt,
1564 4699 1921 4758 simulatores

333 4794 601 4849 castitatis
625 4800 680 4848 et
708 4793 1036 4864 virginitatis
1073 4791 1310 4846 lictores.
1350 4790 1414 4844 Et
1444 4791 1537 4845 alii
1563 4792 1920 4847 simulatores

333 4885 573 4955 iustitiae,
601 4900 727 4940 cum
773 4884 884 4940 sint
915 4885 985 4940 ab
1028 4885 1177 4939 intus
1219 4884 1416 4954 iniqui,
1461 4893 1515 4938 et
1558 4884 1651 4938 alii
1685 4885 1921 4942 aliarum

332 4976 601 5030 virtutum
629 4975 979 5033 simulatores
1025 4977 1323 5042 exsistunt,
1354 4991 1479 5032 eum
1515 4976 1628 5033 siut
1660 4978 1733 5033 ab
1776 4979 1924 5035 intus

332 5069 628 5125 etmtrariis
666 5069 812 5124 vitiis
841 5068 1013 5139 pleni.
1055 5068 1195 5123 Sunt
1224 5070 1448 5139 quidam
1475 5077 1529 5123 et
1570 5070 1813 5141 martyrii
1855 5070 1930 5126 si-

333 5161 675 5229 mulatorcs;
708 5161 928 5231 quidam
959 5171 1139 5217 autem
1172 5161 1542 5231 episcopatus,
1575 5162 1657 5215 vel
1694 5162 1919 5233 presby-

333 5262 562 5319 teratus,
607 5253 692 5309 vel
736 5252 1081 5318 diaconatus,
1115 5253 1202 5307 vel
1243 5253 1633 5307 ecclesiasticae
1678 5253 1922 5308 scientius

335 5344 421 5396 vel
444 5344 726 5409 doctrinae,
756 5354 967 5399 tantum
1001 5358 1260 5413 personas
1285 5351 1341 5397 et
1362 5344 1785 5398 ostentationem
1810 5346 1923 5397 vir-

338 5442 516 5488 tutum
542 5435 823 5498 habentes,
852 5450 981 5488 verc
1003 5443 1187 5488 autem
1209 5442 1338 5488 sunt
1367 5433 1572 5488 inimici
1602 5436 1921 5488 earumdem

347 5524 610 5579 virtutum
645 5541 786 5595 quas
825 5524 1109 5579 simulant.

409 5615 502 5671 25.
556 5616 644 5671 Va:
672 5618 836 5685 vobis,
871 5615 1073 5671 Scriba:
1101 5624 1148 5669 et
1191 5614 1461 5670 Pharis-ai
1492 5616 1802 5685 hypocritw,
1832 5616 1923 5686 qui

2022 4594 2219 4640 serunt
2245 4594 2300 4638 et
2344 4582 2756 4643 crucifixeruut,
2802 4579 2858 4633 in
2904 4576 3205 4649 synagogis
3226 4576 3343 4630 suis
3379 4574 3625 4645 ﬂagellato

2033 4683 2232 4729 verunt
2274 4680 2328 4727 et
2364 4669 2636 4742 persecuti
2684 4676 2813 4724 sunt
2844 4666 2911 4722 de
2953 4663 3174 4719 civitate
3218 4662 3273 4715 in
3316 4661 3616 4716 civitatem.

2037 4770 2144 4826 Pro
2184 4770 2390 4840 quibus
2415 4768 2674 4824 omnibus
2717 4763 3160 4821 bomicidialibus
3194 4759 3507 4816 commissis
3527 4758 3618 4829 ju-

2037 4872 2185 4920 stum
2212 4860 2392 4917 fuerat
2415 4875 2511 4916 eos
2539 4859 2650 4930 pati
2675 4856 2948 4912 excidium
2979 4853 3304 4918 Jerusalem,
3335 4851 3619 4921 captivita-

2029 4964 2136 5010 tem
2167 4953 2376 5024 populi,
2401 4950 2666 5023 patientia
2691 4947 2788 5003 Dei
2819 4943 3252 5017 magnitudinem
3280 4950 3335 4997 et
3369 4941 3620 4995 multitu-

2027 5046 2214 5101 dinem
2256 5042 2565 5099 facinorum
2602 5054 2796 5096 eorum
2846 5035 3087 5093 ulterius
3134 5049 3240 5089 non
3287 5032 3616 5089 sustinente.

2027 5143 2191 5202 Venit
2222 5154 2405 5200 autem
2451 5142 2505 5196 in
2539 5140 2942 5212 generationem
2992 5149 3187 5192 eorum
3223 5133 3318 5203 qui
3362 5131 3623 5201 impleve-

2021 5246 2145 5293 rant
2177 5251 2495 5291 mensuram
2525 5241 2743 5305 patrum
2785 5244 3038 5294 suorum,
3066 5234 3121 5281 et
3155 5231 3624 5296 superposuerunt

2023 5328 2156 5385 Jesu
2193 5328 2399 5382 Christi
2447 5326 2765 5397 prophetas,
2813 5332 2870 5377 et
2921 5318 3224 5388 sapientes,
3274 5323 3331 5368 et
3379 5311 3622 5376 Scribat,

2029 5424 2201 5477 omnis
2240 5420 2459 5490 sanguis
2500 5418 2681 5487 justus
2724 5415 2815 5485 qui
2854 5409 3148 5480 eﬂ'undttur
3176 5419 3333 5474 super
3366 5412 3562 5456 terram
3591 5419 3626 5456 a

2027 5515 2282 5586 sanguine
2323 5514 2453 5569 Abel
2484 5514 2649 5583 justi,
2686 5525 2847 5581 usque
2891 5507 2960 5560 ad
2991 5503 3302 5573 sanguinem
3347 5497 3633 5553 lac/tario:

2028 5608 2130 5678 ﬁlii
2157 5607 2439 5661 Barackia:
2470 5604 2517 5670 ⁸,
2548 5607 2709 5676 cujus
2741 5594 3179 5657 interiectionem
3210 5595 3442 5663 imputat
3477 5590 3637 5648 Sari--

414 5803 459 5835 '9
496 5803 681 5860 Matth,
714 5818 871 5864 nam,
902 5803 966 5856 27
999 5813 1050 5859 et
1085 5817 1238 5871 seqq.
1317 5800 1347 5867 ⁸η
1372 5798 1515 5855 Psal.
1551 5811 1738 5862 Lxxm,
1766 5797 1818 5851 li.
1896 5796 1913 5827 ²

2017 5794 2145 5848 tlth.
2191 5807 2345 5854 χχιιι,
2376 5788 2443 5846 9.9
2480 5799 2529 5845 et
2565 5802 2715 5857 seqq.
2794 5788 2812 5817 ³
2842 5783 3028 5840 Matth.
3069 5796 3224 5849 χλιιι,
3252 5780 3342 5837 55.
