4052 6304
396 442 533 498 1655

1562 431 2214 488 (ΣΟΜΜΕᾹΤᾹΙῊΟΠΟΜ
2252 432 2516 489 SElilES.

3521 434 3652 488 1ιῖδὶ

394 559 589 632 puniti.
636 554 750 608 Non
781 569 909 622 ergo
941 557 1222 621 peccatum
1249 549 1389 616 quod
1431 553 1670 619 peccavit
1702 553 1835 607 Cain
1882 553 1963 605 in-
1992 558 2035 612 Λ
2066 553 2221 620 quasi
2269 552 2402 607 nihil
2453 552 2693 621 spiritale
2739 552 3019 608 habentes.
3058 552 3123 607 Et
3173 569 3299 609 vere
3353 554 3659 626 hyporritw

393 648 666 705 tet-ficiens
706 645 921 698 fratrem
962 656 1145 703 suum,
1195 648 1289 693 aut
1320 637 1603 707 peccatum
1633 657 1823 697 eorum
1870 642 1964 711 qui

394 739 780 797 interfecerunt
808 734 1121 804 prephctas,
1148 734 1387 801 suscepit
1423 733 1539 788 lucc
1564 734 1843 802 generatio
1870 733 1967 787 Ju-

391 833 631 887 decorum
668 844 789 898 quae
823 826 924 882 fuit
964 826 1014 879 in
1060 836 1303 895 tempore
1341 826 1579 891 Christi;
1623 827 1716 882 sed
1743 834 1964 895 oporte—

390 924 483 979 bat
523 919 835 991 patientiam
886 916 976 971 Dei
1018 932 1141 985 qua:
1184 915 1287 971 fuit
1329 917 1383 970 in
1425 925 1584 987 gente
1630 914 1963 979 Judtcorum,

390 1014 529 1068 tiniri
568 1011 861 1076 mensuris,
893 1019 950 1063 ut
985 1016 1107 1077 post
1135 1008 1333 1063 multas
1364 1008 1659 1063 effusiones
1683 1007 1965 1078 sanguinis

389 1104 773 1175 prephctarum
806 1110 861 1156 et
888 1100 1187 1169 jnstorum,
1216 1115 1323 1153 non
1350 1099 1591 1153 desolata
1623 1100 1773 1168 prius
1806 1098 1965 1154 Jeru-

386 1199 554 1252 salem
584 1205 638 1251 et
667 1194 874 1258 Judaea,
922 1194 1025 1248 hoc
1069 1200 1345 1262 pateretur
1377 1202 1564 1262 postea
1610 1192 1661 1245 in
1701 1192 1963 1262 sanguine

385 1290 611 1352 Christi,
639 1296 693 1341 et
732 1294 951 1355 propter
975 1285 1078 1339 hoc
1105 1283 1489 1354 longanimiter
1516 1283 1627 1338 Deo
1657 1292 1869 1353 agente,
1903 1291 1963 1338 ut

387 1381 653 1451 accipiant
688 1377 891 1432 Scriba:
920 1385 975 1429 et
1024 1374 1310 1437 Pharisaai,
1342 1376 1539 1445 populo
1567 1376 1959 1444 complacente,

384 1465 703 1534 sanguinem
732 1463 1115 1533 prophetarum
1142 1461 1365 1525 Christi,
1392 1472 1445 1516 et
1466 1463 1763 1518 secumlum
1790 1461 1964 1517 Evan-

384 1558 583 1626 geliqu
618 1555 941 1625 sapientium
974 1563 1026 1607 et
1072 1553 1387 1607 Scribarum
1427 1571 1565 1625 quos
1617 1555 1957 1621 occiderunt,

383 1658 438 1703 et
468 1645 874 1708 eruciﬁxcrunt,
906 1656 957 1699 et
983 1645 1385 1713 castigaverunt
1415 1646 1469 1699 in
1502 1646 1790 1717 synagogis
1821 1649 1956 1714 suis,

384 1750 438 1795 et
470 1738 735 1810 persecuti
763 1748 891 1792 sunt
918 1736 985 1791 de
1010 1739 1230 1794 civitate
1263 1738 1315 1792 in
1349 1738 1621 1794 civitatem
1652 1758 1664 1794 :
1691 1747 1750 1793 ut
1770 1739 1959 1808 ejectis

383 1833 640 1890 omnibus
671 1831 738 1885 de
786 1828 992 1892 Judzea,
1026 1829 1301 1884 desoletur
1343 1831 1497 1886 locus
1546 1839 1845 1885 evacuatus
1887 1831 1957 1885 ab

2069 654 2219 707 sunt,
2251 645 2366 698 sola
2397 644 2644 713 sepulcra
2675 645 3062 715 prophetarum
3110 646 3444 715 corporalem
3480 642 3654 697 histo~

2068 736 2204 789 riam
2234 736 2565 791 continentia
2589 737 2918 791 mditlcantes
2938 744 2993 790 et
3014 745 3292 802 ornantes,
3315 735 3366 790 id
3392 746 3476 792 est
3511 732 3655 787 Scri-

2064 838 2255 897 pturas
2289 827 2435 896 ipsas
2466 837 2519 883 et
2567 829 2737 886 libros
2792 829 3176 899 prophetarum
3203 830 3479 885 studentes
3508 846 3524 884 :
3560 826 3653 896 qui

2065 934 2174 973 non
2226 919 2585 989 intelligentes
2630 920 2889 990 quoniam
2943 934 3173 989 corpora
3205 930 3417 975 mortua
3457 922 3645 977 colen-

2068 1022 2168 1076 tes,
2208 1012 2259 1065 id
2284 1020 2369 1067 est
2396 1012 2708 1067 historialcs
2754 1014 3118 1078 narrationes,
3150 1012 3403 1067 videntur
3425 1014 3644 1083 quidem

2063 1100 2153 1170 pie
2176 1115 2336 1170 agere
2380 1100 2528 1156 circa
2573 1101 2892 1156 memoriam
2920 1103 3329 1170 prophetarum,
3363 1103 3515 1172 impii
3547 1120 3648 1158 au-

2065 1200 2172 1246 tem
2208 1200 2336 1246 sunt
2369 1210 2383 1245 :
2411 1201 2465 1246 et
2498 1207 2608 1247 non
2635 1208 2756 1248 esse
2785 1208 2843 1247 se
2874 1193 3054 1249 socios
3087 1209 3275 1247 eorum
3301 1195 3394 1262 qui
3427 1194 3649 1250 interfe-

2060 1288 2254 1336 cerunt
2284 1282 2599 1351 prophetas,
2637 1296 2733 1350 per
2758 1282 2861 1337 hoc
2889 1282 3065 1351 ipsum
3122 1281 3410 1338 defendere
3439 1285 3646 1351 volunt,

2062 1381 2367 1442 arguuntur
2417 1384 2594 1429 autem
2644 1375 2963 1443 adjicientcs
2987 1390 3152 1444 super
3187 1374 3429 1430 facinora
3454 1392 3644 1431 eorum

2061 1465 2153 1533 qui
2184 1465 2572 1521 interfecerunt
2597 1467 2908 1535 prophetas,
2929 1476 2977 1520 et
3008 1467 3295 1536 implentes
3325 1483 3644 1523 mensuram

2063 1553 2367 1622 iniquitatis
2419 1555 2661 1623 ipsorqu
2717 1570 2812 1624 per
2864 1555 2967 1608 hoc
2999 1555 3175 1622 ipsum
3207 1557 3353 1625 quod
3388 1573 3494 1611 non
3524 1573 3645 1612 cre-

2060 1645 2198 1699 dunt
2220 1647 2272 1698 in
2301 1646 2602 1708 Christum,
2622 1661 2782 1715 quem
2812 1660 2918 1700 non
2946 1645 3221 1715 simplices
3250 1646 3491 1702 historia-
3515 1664 3643 1717 pro-

2062 1736 2372 1805 phetarum,
2425 1736 2517 1789 sed
2570 1735 2832 1802 spiritalis
2878 1752 3067 1790 earum
3116 1735 3373 1805 praedicat
3426 1752 3642 1791 sensus.

2061 1825 2187 1880 Scio
2229 1835 2408 1879 autem
2454 1825 2822 1879 indubitanter
2859 1827 3002 1896 quod
3037 1826 3239 1896 ubique
3266 1841 3431 1881 causa
3465 1826 3644 1881 incre—

383 1922 638 1977 omnibus
706 1923 932 1985 sanctis,
991 1927 1047 1973 et
1112 1921 1350 1990 patiatur
1418 1936 1759 1991 qurecunque
1825 1930 1955 1976 sunt
1991 1918 2032 1976 Β
2062 1918 2303 1974 dulitatis
2328 1917 2639 1972 Judzeorum
2667 1920 2878 1973 exstitit
2908 1920 3119 1988 ista,ut
3147 1936 3254 1975 non
3282 1918 3646 1989 intelligerent

384 2016 527 2085 passi
552 2030 583 2069 a
620 2012 957 2084 Vespasiano
991 2021 1045 2067 et
1074 2012 1218 2067 Tito.
1256 2010 1383 2067 Haec
1411 2013 1765 2081 corporaliter
1789 2027 1957 2083 expo-

381 2107 615 2161 suimus.

449 2196 539 2251 S7.
573 2194 629 2249 Si
662 2204 840 2250 autem
868 2204 921 2251 ct
946 2194 1227 2250 moraliter
1262 2193 1376 2249 haec
1415 2192 1530 2263 ipsa
1556 2203 1770 2263 oportet
1796 2211 1958 2265 expo-

383 2302 530 2353 nere,
558 2286 682 2341 talia
713 2286 956 2341 dicemus
986 2287 1039 2340 in
1096 2287 1237 2340 loco.
1287 2285 1556 2350 Arbitror,
1603 2287 1745 2342 sicut
1792 2288 1954 2343 Chri-

381 2387 500 2433 stus
542 2378 748 2433 celatus
778 2378 923 2432 venit
955 2379 1007 2431 in
1040 2393 1292 2447 corpore,
1326 2387 1385 2432 ut
1423 2393 1453 2432 a
1487 2380 1800 2436 carnalibus
1830 2382 1954 2451 qui-

381 2466 502 2520 dem
537 2465 769 2535 speciem
818 2466 1067 2534 corporis
1114 2465 1234 2534 ejus
1280 2465 1699 2534 aspicientibus,
1745 2479 1799 2523 et
1846 2485 1953 2524 non

382 2558 608 2612 virtutes
646 2557 1142 2624 considerantibus,
1180 2558 1347 2611 homo
1387 2558 1684 2627 videretur,
1726 2575 1757 2615 a
1789 2561 1953 2630 spiri-

382 2649 581 2705 talibus
608 2657 787 2704 autem
821 2662 930 2703 non
965 2649 1201 2717 speciem
1231 2648 1481 2718 corporis
1527 2653 1953 2718 attendentibus,

382 2742 476 2797 sed
512 2756 673 2809 opera
707 2740 964 2794 virtutum
1006 2740 1126 2808 ejus
1166 2740 1663 2808 considerantibus,
1699 2743 1842 2800 Deus
1870 2745 1957 2800 in-

383 2830 740 2899 telligeretur;
773 2831 853 2885 sic
894 2839 979 2889 est
1007 2830 1188 2885 omnis
1230 2829 1514 2901 Scriptura
1546 2834 1732 2889 divina
1772 2835 1957 2891 incoro

382 2931 591 2989 porata,
624 2923 861 2977 maxime
905 2932 1085 2977 autem
1130 2921 1345 2979 Veteris
1381 2923 1738 2983 Testamenti.
1784 2928 1956 2999 Spiri—

378 3013 670 3067 talisenim
711 3024 764 3067 et
792 3014 1142 3082 propheticus
1179 3029 1377 3071 sensus
1425 3016 1720 3088 Scriptura:
1749 3021 1955 3077 celatus

376 3103 537 3159 estin
573 3103 800 3157 historia
839 3103 913 3156 rei
949 3105 1261 3173 propositae,
1308 3118 1368 3163 ut
1396 3111 1575 3164 omnis
1608 3109 1890 3180 Scriptura
1920 3126 1954 3166 a

379 3193 744 3249 mediocribus
773 3193 991 3262 quidem
1036 3197 1335 3251 secundum
1368 3199 1648 3254 historiam
1684 3201 1953 3270 intelliga-

2055 2010 2240 2066 Jesum
2290 2008 2446 2079 quasi
2490 2010 2770 2064 Christum
2807 2009 2924 2078 Dei,
2974 2013 3233 2081 quoniam
3276 2026 3490 2081 semper
3526 2011 3645 2065 ani-

2058 2117 2208 2157 mum
2238 2116 2400 2157 suum
2436 2100 2704 2154 dederunt
2732 2101 2876 2156 circa
2916 2102 3171 2158 historias
3198 2102 3531 2171 corporales,
3558 2101 3643 2156 ni-

2059 2191 2135 2246 hil
2162 2190 2406 2260 spiritale
2438 2189 2491 2243 in
2517 2190 2596 2245 eis
2621 2191 2841 2246 credere
2862 2191 3122 2248 volentes.
3152 2192 3373 2263 Utputa,
3402 2193 3633 2263 exempli

2057 2280 2462 2343 introducimus
2489 2295 2655 2335 causa
2694 2283 2838 2351 quod
2876 2284 2927 2337 in
2959 2282 3222 2339 Zacharia
3264 2284 3641 2354 prophetatur,

2057 2383 2112 2429 et
2142 2375 2378 2429 dicitur'
2405 2373 2562 2444 quasi
2601 2388 2764 2442 super
2792 2376 3002 2431 asinam
3043 2385 3097 2431 et
3123 2376 3329 2446 pullum
3358 2376 3641 2445 ingressu-

2059 2482 2154 2521 rus
2219 2467 2274 2520 in
2326 2465 2671 2533 Jerusalem,
2715 2476 2770 2523 et
2814 2468 3278 2524 ex'terminatnrns
3327 2484 3523 2523 currus
3574 2483 3643 2522 cz

2057 2556 2315 2627 Ephrem,
2344 2568 2398 2613 et
2428 2575 2629 2629 equum
2675 2577 2740 2616 ex
2768 2559 3092 2617 Jerusalem.
3123 2558 3236 2615 Hoc
3284 2560 3329 2614 si
3381 2560 3506 2629 quis
3550 2575 3639 2614 se-

2057 2647 2297 2703 cundum
2348 2648 2542 2703 litterae
2587 2649 2870 2704 historiam
2900 2648 3199 2719 intelligere
3225 2647 3357 2703 velit
3384 2646 3452 2701 de
3478 2646 3640 2703 Chri-

2057 2748 2164 2801 sto,
2199 2754 2306 2792 non
2337 2740 2608 2795 convenit.
2638 2738 2749 2795 Nec
2776 2739 2919 2795 enim
2946 2739 3235 2809 exponitur
3258 2738 3511 2794 Christus
3542 2754 3638 2792 ex-

2058 2830 2382 2885 terminasse
2407 2846 2474 2885 ex
2506 2830 2742 2901 Ephrem
2769 2830 3082 2901 corporales
3109 2845 3174 2885 ac
3196 2828 3484 2885 sensibiles
3515 2844 3641 2885 cur-

2063 2938 2181 2987 rus,
2219 2938 2319 2977 nec
2365 2938 2566 2992 equum
2619 2923 2958 2993 corporalem
2992 2922 3063 2977 ab
3107 2920 3407 2976 Jerusalem
3448 2937 3643 2992 corpo-

2058 3015 2180 3068 rali.
2217 3012 2322 3068 Sed
2352 3015 2397 3069 si
2423 3015 2623 3070 videris
2650 3016 2792 3083 apud
2833 3015 3118 3070 hzereticos
3142 3022 3443 3069 conventus
3468 3013 3639 3083 ipsius

2061 3105 2328 3160 tuendacii
2358 3106 2515 3175 quasi
2555 3105 2792 3175 quodam
2818 3106 2951 3176 jngo
2978 3106 3282 3176 copulatos,
3317 3114 3372 3160 et
3401 3106 3541 3161 inter
3578 3122 3639 3162 sc

2058 3198 2199 3251 male
2224 3199 2545 3262 concordes,
2570 3214 2709 3269 quos
2740 3212 2923 3252 sermo
2950 3197 3503 3264 veritatis,deslruere
3542 3214 3636 3253 so-

378 3296 487 3354 tur,
517 3303 547 3342 a
578 3285 911 3356 spiritalibus
940 3295 1120 3342 autem
1148 3296 1202 3343 et
1224 3288 1480 3359 perfectis
1510 3292 1812 3346 secundum
1847 3262 1955 3363 my-
1980 3262 2023 3321 δ
2055 3287 2148 3355 let,
2180 3288 2387 3343 videbis
2411 3262 2689 3358 quomodo
2712 3288 2966 3343 Christus
2998 3288 3092 3344 Dei
3123 3262 3357 3344 Verbum
3381 3290 3641 3344 extermi-

376 3378 601 3433 sterium
626 3376 886 3446 spiritale.
907 3374 1018 3432 Hac
1034 3379 1314 3446 praemissa
1335 3379 1651 3450 praefatione
1667 3382 1955 3438 redeamus

376 3471 444 3525 ad
475 3473 723 3526 verbum.
753 3468 1022 3535 Quoniam
1063 3471 1206 3527 sicut
1234 3472 1287 3525 in
1326 3473 1458 3541 ipsis
1491 3474 1771 3543 prophetis
1800 3490 1955 3530 rece-

379 3563 632 3617 dentibus
673 3562 742 3616 ab
766 3562 868 3617 hac
901 3560 1035 3627 vita,
1068 3575 1301 3632 corpora
1329 3563 1549 3632 quidem
1581 3579 1770 3619 eorum
1799 3573 1957 3619 erant

378 3656 431 3709 in
455 3655 739 3724 sepulcris,
757 3655 951 3708 anima:
977 3664 1156 3709 autem
1177 3662 1231 3707 et
1249 3653 1472 3723 spiritus
1496 3654 1549 3708 in
1578 3655 1796 3724 regione
1814 3655 1957 3711 vivo-

377 3764 521 3811 rum,
543 3748 622 3803 sic
639 3758 691 3800 et
714 3747 766 3799 in
785 3744 1117 3816 prepheticis
1141 3743 1473 3799 dictionibus
1494 3756 1575 3799 est
1604 3745 1953 3799 animadver-

376 3841 618 3904 tendum,
642 3846 700 3893 ut
723 3836 962 3892 narratio
979 3835 1196 3906 quidem
1221 3848 1434 3901 eorum,
1454 3834 1751 3889 secundum
1781 3834 1955 3890 histo-

375 3934 510 3984 riam
539 3929 703 4000 847
734 3928 1059 3997 simplicem,
1091 3926 1162 3982 sit
1186 3941 1388 3996 corpus
1421 3944 1434 3979 :
1462 3924 1725 3994 spiritalis
1769 3934 1949 3980 autem

377 4035 594 4083 sensus,
640 4029 693 4075 et
748 4020 864 4089 ipsa
921 4017 1326 4088 Scripturarum
1376 4017 1565 4073 intima
1613 4016 1834 4081 veritas,
1883 4016 1955 4073 sit

376 4111 558 4165 anima
581 4120 634 4167 et
658 4112 880 4181 Spiritus
906 4111 997 4180 qui
1024 4108 1291 4164 inhabitat
1310 4110 1365 4164 in
1394 4107 1803 4169 narrationibus
1823 4107 1955 4162 sim-

378 4202 695 4271 plicioribus
753 4204 1049 4258 secundum
1097 4202 1405 4257 historiam.
1456 4199 1714 4269 Sepulcra
1767 4208 1950 4254 autem

375 4296 760 4365 prophetarum
810 4311 919 4350 non
970 4294 1411 4349 inconvenienter
1436 4307 1730 4363 possumus
1762 4291 1953 4347 existi.

375 4403 525 4444 mare
572 4389 776 4444 litteras
808 4389 954 4458 ipsas
983 4387 1412 4456 Scripturarum,
1441 4394 1496 4442 et
1520 4384 1710 4450 libros,
1744 4384 1797 4437 in
1829 4383 1952 4453 qui-

373 4480 477 4534 bus
506 4480 770 4535 collocata
818 4481 1059 4534 narratio
1093 4487 1393 4550 permanet,
1435 4476 1591 4548 quasi
1617 4490 1817 4545 corpus
1844 4474 1947 4528 ali-

373 4572 518 4640 quod
552 4573 793 4640 positunt
820 4572 875 4625 in
906 4572 1190 4640 sepulcris.
1218 4569 1322 4637 Qui
1351 4584 1481 4638 ergo
1505 4567 1768 4637 spiritalia
1799 4565 1947 4620 Scri‘
1978 4598 2023 4655 υ

373 4673 677 4731 pturarum,
718 4672 773 4717 et
803 4663 1082 4717 veritatem
1110 4678 1297 4718 earum
1330 4662 1562 4716 interius
1592 4660 1817 4714 celatam
1858 4659 1945 4712 in-

373 4755 620 4825 lclliguttt
652 4765 706 4809 et
737 4754 1061 4825 suscipiunt,
1090 4756 1290 4811 habent
1316 4755 1368 4808 in
1401 4768 1460 4808 se
1486 4751 1699 4806 animas
1743 4758 1797 4806 et
1835 4749 1945 4821 spi-

371 4849 511 4902 ritus
559 4848 962 4917 prophctarum,
994 4848 1095 4916 ipsi
1133 4847 1291 4918 quasi
1318 4847 1467 4915 regio
1495 4843 1792 4898 viventium
1823 4857 1947 4911 pro-

371 4941 655 5010 phetarum
689 4940 885 4995 effecti.
923 4940 1025 5008 Qui
1056 4950 1237 4996 autem
1268 4939 1358 4992 illa
1386 4953 1491 4991 non
1528 4937 1750 5005 capiunt
1774 4948 1948 5003 neque

368 5034 681 5103 requirunt,
713 5034 805 5087 sed
843 5032 1145 5102 simplicem
1170 5029 1537 5086 narrationem
1571 5036 1626 5082 et
1664 5026 1946 5081 historiam

366 5127 447 5182 rei
478 5126 652 5183 solam
704 5126 1013 5192 attendunt,
1062 5139 1290 5194 corpora
1330 5122 1726 5194 prophetarum
1764 5120 1952 5175 colunt

374 5218 428 5273 in
462 5218 659 5274 litteris
708 5218 906 5289 posita,
943 5225 997 5271 et
1044 5216 1098 5270 in
1146 5215 1298 5269 libris
1351 5213 1507 5283 quasi
1540 5214 1595 5266 in
1624 5211 1949 5281 quibusdam

368 5313 652 5384 sepulcris,
677 5313 865 5383 quales
888 5310 1108 5365 fuerunt
1139 5317 1194 5363 et
1217 5307 1502 5371 Pharisaei,
1531 5306 1624 5376 qui
1653 5314 1798 5360 recte
1817 5304 1952 5360 Pha-

371 5405 515 5459 risaei
567 5412 697 5459 sunt
744 5402 1016 5473 appellati,
1051 5401 1103 5455 id
1158 5408 1243 5454 est
1291 5398 1521 5465 prwcisi,
1545 5397 1638 5466 qui
1682 5397 1948 5466 spiritalia

376 5497 760 5566 prophetarum
783 5511 810 5550 a
833 5492 1102 5565 corporali
1127 5490 1353 5546 historia
1379 5488 1758 5559 praeciderunt,
1788 5487 1945 5557 quasi

370 5588 608 5640 animam
636 5586 1023 5656 prophetarum
1054 5581 1384 5646 expellentes
1413 5595 1445 5632 a
1480 5592 1731 5647 corpore,
1767 5586 1821 5632 et
1849 5591 1945 5632 oc-

370 5676 612 5733 cidentes
675 5676 822 5745 ipsas
880 5674 1210 5746 prophetias,
1251 5681 1307 5728 et
1356 5669 1636 5725 exanimes
1682 5666 1940 5723 facientes

2055 3390 2150 3435 nat
2192 3396 2391 3437 currus
2441 3382 2714 3451 spiritales
2756 3396 2820 3436 ex
2854 3380 3091 3452 Ephrem
3120 3383 3370 3452 spiritali.
3399 3380 3636 3451 Ephrem

2053 3475 2199 3529 enim
2230 3490 2443 3543 semper
2473 3477 2524 3528 in
2558 3477 2729 3542 tigura
2763 3476 3030 3529 haeresum
3065 3475 3306 3543 ponitur,
3333 3476 3425 3544 qui
3458 3490 3519 3529 se
3551 3489 3641 3529 se-

2054 3574 2386 3632 paraverunt
2413 3579 2442 3616 a
2471 3563 2674 3618 Christi
2704 3562 2967 3630 Ecclesia,
3000 3565 3145 3619 sicut
3168 3564 3402 3635 Ephrem
3434 3580 3464 3620 a
3494 3566 3636 3619 tribu

2051 3652 2214 3710 Juda.
2247 3653 2337 3709 Sic
2381 3655 2526 3707 enim
2578 3655 2900 3723 spiritaliter
2946 3672 3149 3725 equum
3190 3666 3246 3710 et
3287 3672 3639 3711 ascensorem

2053 3745 2434 3816 Egyptiorum
2469 3747 2696 3816 projecit
2727 3748 2779 3801 in
2808 3763 2958 3802 mare
2985 3763 3167 3803 sermo
3199 3749 3439 3811 divinus,
3475 3749 3526 3804 id
3552 3759 3638 3804 cst

2056 3837 2282 3907 impium
2312 3836 2490 3890 virum
2521 3854 2645 3892 cum
2671 3837 2891 3892 diabolo
2919 3853 3210 3893 ascensore
3231 3847 3284 3893 et
3314 3838 3636 3909 iustigatore

2052 3926 2246 3998 ipsius.
2265 3927 2357 3982 Sic
2378 3936 2431 3981 et
2452 3942 2653 3995 equum
2676 3928 3059 3982 exterminavit
3081 3928 3150 3982 ab
3172 3925 3494 3994 Jerusalem,
3511 3929 3636 3998 qui-

2051 4035 2271 4089 cunque
2314 4019 2535 4073 diabolo
2574 4018 2854 4074 asccnsori
2901 4019 3181 4088 subjectus
3225 4018 3407 4085 fuerit,
3430 4028 3487 4074 et
3523 4035 3634 4074 non

2049 4110 2296 4175 Christo,
2320 4109 2463 4164 sicut
2488 4108 2561 4162 illi
2605 4108 2731 4178 equi
2774 4109 3137 4177 arceptabilcs
3162 4109 3388 4175 Christi,
3414 4110 3480 4164 de.
3506 4108 3629 4179 qui-

2051 4203 2154 4257 bus
2179 4201 2310 4255 dicit
2336 4197 2589 4255 Habacuc
2608 4199 2630 4231 ⁸
2657 4216 2672 4254 :
2700 4198 2830 4264 Quis
2850 4200 3095 4254 ascendet
3118 4216 3274 4270 super
3302 4215 3459 4270 equos
3485 4202 3635 4256 tuas?

2049 4302 2098 4348 et
2124 4293 2394 4362 equitatus
2427 4300 2547 4344 tuus
2576 4291 2803 4356 sanitas,
2836 4291 2889 4346 id
2931 4300 3014 4347 est
3037 4306 3201 4360 super
3225 4290 3503 4361 apostolos
3522 4306 3632 4346 cae-

2052 4394 2308 4455 terosque
2352 4392 2572 4440 sanctos
2622 4383 2677 4437 in
2720 4384 2921 4453 quibus
2965 4382 3176 4438 habitat
3194 4381 3469 4440 Christus.
3495 4381 3631 4436 Pro-

2049 4485 2231 4548 pterea
2245 4475 2479 4531 dicimus
2501 4492 2514 4528 :
2538 4472 2609 4526 Hi
2626 4476 2679 4526 in
2694 4473 2936 4527 curribus
2953 4472 3325 4543 (ostendentes
3345 4471 3628 4542 Ephrem),

2048 4580 2096 4625 et
2130 4571 2186 4625 hi
2215 4571 2271 4624 in
2300 4570 2444 4640 equis
2487 4568 2506 4639 (
2529 4568 2877 4623 ostendentes
2906 4567 3253 4623 adversarios
3279 4564 3629 4635 Jerusalem),

2052 4679 2146 4716 nos
2198 4670 2373 4716 autem
2419 4662 2475 4715 in
2528 4663 2733 4716 nomine
2778 4659 2874 4714 Dei
2920 4659 3086 4714 nostri
3129 4658 3630 4729 magniﬁcabimur:

2052 4755 2152 4822 ipsi
2181 4752 2399 4823 obligati
2422 4764 2565 4815 sunt,
2596 4764 2646 4807 et
2673 4752 2992 4815 ceciderunt,
3017 4765 3117 4807 nos,
3136 4765 3253 4804 vero
3275 4748 3632 4812 surreximus,

2053 4857 2102 4903 et
2153 4847 2309 4901 erecti
2358 4862 2540 4900 sumus
2559 4847 2600 4899 '.
2648 4844 2750 4911 Qui
2810 4842 3180 4899 testimonium
3228 4840 3331 4897 sibi
3376 4840 3629 4904 reddunt,

2053 4939 2178 5009 quia
2228 4947 2356 4992 sunt
2402 4937 2491 4991 ﬁlii
2533 4952 2725 4992 eorum
2772 4935 2863 5003 qui
2905 4931 3630 5002 interfeceruntprophetas,

2051 5046 2146 5100 per
2172 5030 2274 5084 hoc
2302 5029 2481 5097 ipsum
2508 5028 2649 5097 quod
2674 5026 2898 5096 implent
2921 5038 3232 5079 mensuram
3261 5032 3474 5093 patrum
3501 5036 3631 5076 suo-

2052 5136 2195 5184 rtnn,
2228 5134 2390 5188 super
2440 5119 2659 5172 illorum
2715 5115 3147 5171 incredulitatem
3199 5112 3519 5184 adjicientes
3549 5112 3632 5166 in-

2052 5211 2424 5265 credulitatem
2449 5212 2502 5264 in
2540 5207 2750 5272 Jesum,
2778 5222 2900 5276 qua:
2939 5222 3047 5260 non
3073 5204 3293 5259 aliunde
3321 5201 3628 5268 descendit,

2054 5302 2158 5357 nisi
2189 5319 2256 5358 ex
2285 5316 2353 5357 eo
2381 5299 2526 5371 quod
2556 5315 2662 5354 non
2695 5298 2822 5352 alibi
2854 5305 3065 5361 vacant,
3090 5295 3194 5351 nisi
3228 5295 3372 5349 circa
3403 5290 3628 5347 aedificia

2056 5395 2429 5464 sepulcrorum
2461 5393 2916 5463 propheticorum,
2956 5389 3009 5444 id
3033 5397 3116 5445 est:
3152 5387 3297 5442 circa
3319 5384 3630 5454 diligentias

2053 5486 2493 5557 propheticarum
2528 5485 2829 5538 litterarum
2872 5479 3248 5537 tantummodo
3272 5486 3436 5548 atque
3460 5476 3629 5530 libro-

2050 5589 2193 5628 rum.
2224 5572 2327 5627 Alii
2360 5581 2537 5627 autem
2568 5581 2695 5627 sunt
2725 5570 2930 5627 Scriba:
2960 5569 3203 5625 infelices
3229 5567 3383 5639 legis,
3413 5566 3502 5621 alii
3530 5580 3628 5619 au-

2050 5676 2157 5722 tem
2193 5674 2323 5722 sunt
2351 5663 2555 5722 Scribae
2578 5664 2672 5735 qui
2706 5666 2994 5720 mittuntur
3020 5677 3051 5717 a
3084 5660 3305 5718 Christo
3330 5658 3629 5717 secundum

459 5847 479 5878 "
509 5845 675 5902 Zach.
715 5860 790 5911 Ix,
820 5846 874 5917 9,
908 5843 992 5900 10.
1069 5843 1089 5871 ⁸
1116 5842 1320 5900 llahac.
1366 5861 1448 5910 ιιι,
1489 5843 1541 5897 8.
1617 5843 1636 5876 θ
1677 5840 1820 5897 Psal.
1849 5856 1960 5909 xix,
1992 5839 2046 5895 8.
