4052 6304
485 377 506 428 l
519 372 626 429 ϐἶὸ

1642 358 1964 420 ORlGE‘NlS
2002 360 2070 418 lN
2110 363 2158 418 Μ
2168 359 2527 420 ΑΤΤΗΛΕΗΜ

3614 367 3799 426 1638

484 489 856 562 Evangelium,
905 487 1061 557 cujus
1108 495 1166 541 et
1203 482 1433 555 spiritus
1476 482 1739 546 viviticat,
1778 491 1833 536 et
1877 482 2054 535 littera
2088 484 2129 540 Α
2158 478 2261 548 piis
2310 480 2571 535 memoria
2619 479 2944 537 interlicitur
2982 481 3095 550 Dei,
3138 484 3360 555 quando
3388 494 3444 541 et
3484 489 3802 558 templum

485 602 595 639 non
642 582 838 638 occidit
886 582 1028 636 sicut
1073 578 1251 634 littera
1301 577 1475 647 legis;
1509 576 1768 644 quoniam
1818 576 2054 629 litteram

484 675 621 745 legis
646 681 959 742 sequentes,
1002 672 1059 725 in
1084 670 1459 725 inﬁdelitatem
1492 676 1546 722 et
1577 668 1630 721 in
1658 683 1830 722 vanas
1863 682 2056 737 supcr-

485 764 734 820 stitiones
786 763 1092 817 incurrunt.
1125 760 1387 816 Litteram
1439 768 1620 813 autem
1655 758 1933 828 Evangelii
1960 758 2057 827 qui

484 863 807 923 sequuntur,
853 853 904 908 id
968 862 1052 908 est
1090 853 1394 922 simplicem
1450 849 1817 904 narrationem
1866 847 2057 917 ipsius,

484 946 787 1011 salvantur,
825 945 1086 1014 quoniam
1119 954 1175 999 et
1216 944 1331 1014 ipsa
1367 943 1481 998 sola
1510 940 1787 1011 Evangelii
1814 939 2060 993 narratio

484 1037 716 1106 simplex
747 1034 943 1090 suliicit
971 1034 1400 1104 simplicioribus
1433 1033 1499 1086 ad
1526 1031 1782 1086 salutem.
1808 1026 1874 1082 Et
1903 1043 1948 1081 si
1975 1027 2057 1081 vlo

482 1127 631 1182 deris
664 1125 882 1182 Scribas
910 1127 1043 1198 legis
1067 1135 1123 1181 ct
1145 1125 1451 1180 Pliarisaeos
1483 1133 1702 1193 agentes
1741 1134 1848 1174 non
1878 1119 2058 1174 solum

481 1217 744 1273 adversus
776 1218 1049 1289 sapientes
1097 1215 1372 1287 Evangelii
1421 1222 1476 1270 et
1527 1228 1648 1284 quae
1693 1212 1898 1267 Christi
1934 1220 2063 1267 sunt

484 1311 888 1380 prophetantes,
917 1312 1011 1366 sed
1038 1311 1202 1365 etiam
1237 1310 1500 1363 adversus
1534 1305 1754 1360 Sci-ibas
1781 1302 1917 1358 Navi
1958 1302 2063 1358 Te-

481 1404 760 1469 stamenti,
797 1403 1001 1458 videbis
1046 1400 1344 1470 quomodo,
1377 1406 1639 1466 quantum
1685 1397 1752 1450 ad
1811 1410 1890 1458 se,
1916 1394 2065 1451 occi-

482 1497 617 1550 dunt
661 1496 865 1550 Christi
910 1495 1221 1565 prophetas,
1257 1500 1311 1545 et
1355 1489 1577 1545 Serihas
1619 1488 1943 1558 crueiligunt
1968 1501 2063 1556 per

482 1587 874 1643 detractionem
908 1586 1197 1641 verborum
1233 1598 1478 1648 suorum,
1528 1581 1799 1650 ﬂagellant
1827 1580 1878 1633 in
1929 1594 2061 1649 syn-

482 1676 671 1746 agogis
704 1675 837 1730 suis.
870 1673 1203 1743 Frequenter
1234 1686 1364 1743 ergo
1392 1671 1582 1724 audire
1608 1678 1690 1725 est
1719 1668 1859 1737 apud
1888 1668 2064 1722 luere-

483 1784 594 1833 ses,
627 1768 718 1837 qui
754 1776 877 1820 sunt
918 1765 1189 1836 spiritales
1231 1762 1514 1826 Pharisaei,
1556 1762 1827 1832 quomodo
1855 1760 2059 1828 linguis

2159 570 2252 625 Dei
2280 588 2311 626 a
2341 572 2562 627 lascivis
2588 574 2987 643 corrumpitur,
3019 584 3073 630 et
3117 576 3288 631 altare
3324 577 3497 647 ipsius
3533 595 3645 648 per
3673 597 3802 636 ne-

2154 661 2472 733 gligentiam
2536 665 2850 719 orationum
2920 666 3263 721 sordidatum
3335 668 3797 740 coinquinatur,

2152 755 2375 824 quando
2418 762 2475 809 et
2516 756 2692 810 oratio
2739 755 2973 825 alicujus
3018 757 3079 811 llt
3129 757 3183 811 in
3226 770 3507 828 peceatum
3542 762 3790 830 ipsius;

2152 845 2302 899 sicut
2342 855 2397 899 et
2430 846 2498 899 de
2540 846 2784 901 Oratione
2811 845 2965 901 Juda:
3006 848 3215 903 dictum
3246 859 3331 905 est
3349 851 3432 906 ηε
3468 848 3536 905 Et
3570 854 3793 906 oratio

2153 950 2272 1005 ejus
2301 937 2398 1005 ﬁat
2428 938 2481 990 in
2517 947 2789 1007 peccatum
2822 940 2959 1008 ejus.

2225 1024 2320 1080 28.
2359 1024 2676 1090 Jerusalem,
2704 1026 3024 1095 Jerusalem,
3058 1044 3180 1100 qua!
3205 1032 3408 1086 occidis
3437 1033 3784 1103 prophetas.

2154 1127 2208 1172 et
2234 1118 2443 1187 lepidas
2465 1134 2552 1172 eos
2583 1120 2673 1189 qui
2699 1120 2769 1174 ad
2794 1129 2842 1174 te
2875 1122 3183 1189 mittuntur,
3211 1122 3413 1194 quoties
3444 1126 3584 1179 volui
3618 1143 3787 1180 conu-

2156 1227 2377 1284 gregare
2395 1213 2537 1283 ﬁlios
2567 1222 2706 1277 tuos,
2734 1214 2872 1267 sicut
2889 1212 3095 1284 gallina
3117 1228 3395 1287 congregat
3429 1219 3602 1288 pullos
3624 1239 3777 1280 suos

2154 1303 2254 1356 sub
2283 1319 2499 1374 pennas,
2522 1314 2570 1358 et
2598 1305 2818 1360 noluisti
2841 1307 2865 1359 ?
2888 1304 3021 1359 Ecce
3046 1307 3370 1378 relinquetur
3392 1310 3536 1364 vobis
3556 1312 3775 1369 domus

2156 1405 2331 1449 uestra
2369 1397 2593 1451 deserta.
2634 1396 2761 1450 Dico
2787 1399 2925 1451 enim
2954 1396 3120 1461 vobis,
3145 1401 3399 1469 quoniam
3425 1403 3619 1457 amatio
3652 1421 3773 1460 non

2158 1502 2243 1541 me
2278 1486 2522 1542 videbitis
2568 1488 2732 1542 donec
2774 1488 2968 1542 dicatis
2996 1504 3016 1543 :
3044 1489 3359 1546 Benedictus
3396 1494 3487 1563 qui
3524 1498 3671 1549 venit
3705 1498 3771 1551 in

2160 1579 2369 1633 nomine
2416 1579 2633 1634 Domini
2656 1581 2721 1636 “.
2775 1579 3009 1651 Dignum
3062 1592 3145 1636 est
3190 1598 3437 1653 quaerere
3473 1588 3772 1656 quomodo

2158 1684 2347 1725 coram
2403 1671 2749 1726 auditoribus
2806 1673 3039 1742 loquens
3090 1672 3365 1741 Salvator,
3413 1676 3556 1731 inter
3606 1694 3770 1748 quos

2160 1770 2316 1815 erant
2346 1760 2555 1816 Scrilne
2583 1771 2637 1817 et
2662 1761 2944 1827 Pharistei,
2993 1764 3084 1833 qui
3118 1764 3491 1835 gloriabantur
3521 1784 3656 1839 quae
3681 1771 3770 1826 le-

483 1859 600 1914 suis
640 1827 799 1927 quasi
854 1856 1176 1927 quibusdam
1228 1855 1547 1910 verberibus
1606 1853 1909 1923 maliloquii
1970 1853 2056 1907 sui
2093 1827 2134 1884 Β
2161 1849 2246 1918 gis
2273 1858 2405 1904 sunt
2428 1858 2485 1904 et
2517 1851 2907 1920 prophetarum
2946 1861 3105 1907 caute
3133 1869 3481 1924 cognoscere,
3509 1827 3621 1928 qlua
3658 1875 3763 1915 ra-

483 1949 824 2005 Christianos
853 1949 1143 2021 ﬂagellant,
1170 1957 1222 2004 et
1248 1954 1649 2019 persequuntur
1675 1947 1740 2001 de
1764 1946 1981 2002 civitate
2004 1946 2059 2000 in

483 2041 777 2105 civitatem,
826 2040 1096 2095 interdum
1144 2040 1365 2110 quidem
1422 2048 1476 2095 et
1526 2039 1913 2108 corporaliter,
1959 2038 2060 2091 ali-

483 2131 704 2200 quando
750 2142 928 2185 autem
982 2130 1318 2202 spiritaliter,
1354 2132 1597 2187 volentes
1641 2144 1737 2185 eos
1790 2129 2060 2199 expellere

482 2223 642 2290 quasi
690 2223 757 2278 de
801 2225 1019 2293 propria
1049 2225 1269 2280 civitate
1303 2224 1436 2293 legis
1468 2235 1521 2279 et
1556 2224 1975 2293 prophetarum,
2006 2232 2061 2278 ct

485 2313 784 2384 Evangelii,
814 2324 867 2369 et
893 2317 1286 2384 apostolorum,
1317 2326 1367 2371 et
1400 2316 1453 2370 in
1480 2315 1641 2369 aliam
1667 2325 1720 2370 et
1746 2323 2059 2370 extraneum

483 2409 774 2477 quamdam
832 2406 1106 2462 civitatem
1162 2405 1437 2476 Evangelii
1496 2408 1728 2476 alicujus
1790 2406 2059 2471 alterius,

483 2500 836 2555 mendacibus
886 2498 1333 2569 persuasioaihus
1371 2499 1490 2554 suis
1542 2498 1697 2569 quasi
1732 2499 2064 2569 persecutio-

486 2588 646 2643 nibus
690 2590 914 2659 pellunt.
949 2587 1259 2645 Secundum
1303 2590 1445 2659 quod
1486 2599 1541 2644 et
1583 2590 1875 2659 Apostolus
1911 2588 2061 2642 diee-

484 2681 638 2735 bat“
683 2691 901 2751 propter
944 2681 1114 2737 falsos
1150 2682 1465 2752 apostolos:
1493 2680 1662 2734 Miror
1682 2681 1821 2751 quod
1854 2682 1932 2734 sic
1959 2680 2062 2733 cito

487 2773 883 2842 transferamini
924 2790 955 2827 a
984 2774 1162 2842 gratia
1196 2771 1290 2827 Dei
1334 2774 1425 2843 qui
1456 2789 1544 2827 vos
1580 2773 1786 2828 vocavit
1816 2773 1884 2826 ad
1912 2772 2063 2826 aliud

489 2860 850 2931 Evangelium,
880 2862 1018 2933 quod
1061 2878 1166 2916 non
1210 2874 1286 2918 est
1332 2860 1504 2928 aliud,
1548 2863 1652 2916 nisi
1692 2873 1812 2916 sunt
1844 2860 2063 2933 quidam

485 2954 574 3023 qui
623 2959 935 3008 conturbant
980 2970 1089 3009 vos.
1123 2953 1348 3023 Propter
1389 2954 1533 3024 quod
1574 2954 1749 3008 veniet
1778 2969 1941 3023 super
1966 2968 2064 3008 eos

486 3047 667 3102 omnis
688 3047 908 3116 sanguis
925 3046 1127 3115 justus,
1145 3061 1305 3115 quem
1330 3042 1616 3098 elIundunt
1638 3059 1731 3113 per
1754 3045 1857 3099 hoc
1884 3045 2062 3113 ipsum

486 3139 630 3208 quod
666 3149 907 3193 evertere
942 3140 1124 3193 volunt
1160 3136 1440 3191 veritatem
1481 3134 1914 3205 Scripturarum,
1944 3151 2066 3205 quae

489 3238 634 3282 ret-te
677 3228 902 3296 sanguis
933 3237 987 3280 et
1033 3227 1140 3280 vita
1187 3227 1386 3281 dicitur
1436 3224 1868 3295 Scripturarum,
1935 3226 2067 3296 quia

489 3316 671 3372 omnis
704 3314 1004 3386 Scriptura,
1029 3317 1196 3391 85.8
1221 3319 1324 3373 nisi
1357 3318 1653 3372 secundum
1676 3317 1956 3372 veritatem
1978 3318 2067 3371 in.

490 3406 783 3476 telligatur,
832 3416 1045 3461 mortua
1092 3417 1198 3461 est.
1252 3406 1548 3461 Eﬂ‘undunt
1597 3422 1729 3478 ergo
1783 3408 2066 3463 veritatem

491 3498 895 3568 Seripturarum
922 3500 1087 3568 quasi
1113 3501 1429 3571 sanguinem
1452 3515 1664 3568 earum,
1691 3500 1835 3557 sicut
1861 3500 2068 3557 ell‘usus

487 3598 571 3644 est
609 3589 829 3659 sanguis
869 3590 1020 3644 Abel.
1055 3589 1123 3645 Et
1155 3608 1264 3645 non
1292 3592 1467 3647 solum
1496 3600 1625 3647 tunc
1655 3607 1759 3647 vox
1789 3592 2068 3664 sanguinis

488 3679 623 3734 Abel
661 3680 933 3733 clamabat
981 3679 1047 3733 ad
1093 3679 1288 3742 Deum,
1322 3682 1416 3737 sed
1448 3695 1660 3751 seraper
1690 3681 1891 3737 veritas
1919 3682 2069 3736 Scri-

488 3779 772 3839 pturarum
828 3771 897 3823 ab
939 3770 1124 3839 impiis
1166 3771 1366 3835 effusa,
1403 3772 1702 3826 secundum
1750 3772 1896 3841 quod
1930 3772 2070 3826 disi-

490 3874 633 3924 mus,
658 3875 688 3913 a
716 3861 982 3931 sanguine
1008 3861 1240 3924 tiluisti,
1285 3862 1337 3915 id
1380 3870 1464 3917 est
1506 3878 1536 3916 a
1571 3862 1798 3917 veritate
1826 3860 2069 3932 Evange-

492 3951 546 4004 lii
579 3960 773 4021 cuapta,
798 3967 890 4021 per
911 3967 1102 4006 euntes
1130 3950 1440 4022 Scripturas
1469 3954 1773 4022 interpellat
1801 3954 1870 4008 ad
1900 3954 2068 4009 Deum

489 4042 753 4098 adversus
778 4057 874 4098 eos
910 4044 1003 4113 qni
1033 4051 1275 4098 avertere
1311 4058 1435 4099 earn
1466 4044 1692 4109 volunt;
1747 4055 1803 4098 et
1845 4046 2069 4115 sanguis

491 4137 820 4199 testamenti,
875 4136 927 4189 id
965 4148 1055 4190 est
1104 4137 1307 4191 veritas
1359 4136 1764 4206 Scripturarnm
1794 4137 2071 4207 propheti-

487 4240 699 4291 carum,
736 4224 996 4279 adversm
1029 4240 1123 4279 eos
1148 4224 1243 4295 qui
1274 4225 1608 4279 immundam
1636 4239 1760 4278 eam
1790 4226 2071 4281 existima-

490 4324 705 4382 ltierunt,
736 4324 791 4369 et
818 4315 1109 4370 noluerunt
1133 4316 1462 4370 sanetilicari
1491 4316 1542 4369 in
1571 4332 1633 4371 ea
1658 4319 1814 4387 quasi
1857 4319 1910 4372 in
1940 4333 2066 4373 san-

488 4408 655 4479 guine
687 4407 809 4461 vivo
831 4416 887 4461 et
914 4406 1297 4460 sanetiﬁcanti.
1329 4406 1420 4463 Sic
1447 4407 1731 4463 cﬂ‘undunt
1747 4411 1913 4464 etiam
1942 4425 2071 4465 san-

2164 1941 2310 1995 tione
2339 1940 2479 1995 dixit
2507 1941 2807 1997 Jerusalem
2837 1943 3111 2000 oeci-disse
3150 1948 3462 2015 prophetas,
3508 1958 3565 2003 et
3605 1951 3761 2020 lapi-

2164 2032 2324 2086 dasse
2368 2033 2435 2087 ad
2480 2048 2540 2087 se
2594 2033 2970 2099 transmissos,
2999 2050 3124 2089 cum
3169 2051 3278 2089 non
3310 2038 3441 2091 satis
3468 2038 3591 2092 talis
3618 2054 3763 2108 pre-

2164 2127 2417 2195 phctetur
2448 2124 2679 2179 historia
2710 2125 2763 2178 in
2792 2124 3096 2193 Seripturis
3141 2126 3414 2184 veteribus
3448 2145 3570 2199 quae
3595 2129 3756 2201 lege-

2166 2217 2365 2271 bantur
2407 2216 2461 2270 in
2485 2216 2789 2287 synagogis
2812 2231 3029 2271 eorum.
3066 2216 3123 2271 In
3158 2218 3337 2274 lacum
3376 2221 3593 2289 quidem
3646 2225 3750 2278 luti

2168 2309 2394 2363 missum
2427 2305 2715 2363 Jeremiam
2750 2309 3003 2377 legimus,
3030 2324 3139 2363 non
3172 2319 3352 2364 tamen
3404 2311 3748 2368 interfectum

2167 2401 2220 2454 in
2251 2398 2575 2455 Jerusalem.
2604 2399 2715 2455 Sed
2765 2416 2866 2457 nec
2906 2400 3127 2467 lsaiam,
3156 2403 3244 2457 vel
3273 2402 3634 2473 Ezechielem,
3660 2407 3750 2462 vel

2163 2492 2401 2561 aliquem
2443 2492 2831 2564 prephetarum
2865 2492 2972 2547 tale
2998 2493 3206 2563 aliquid
3243 2494 3475 2565 legimus
3499 2511 3748 2566 passum,

2168 2582 2222 2636 in
2252 2591 2518 2652 quantum
2562 2583 2808 2653 suggerit
2857 2584 3120 2638 memoria
3169 2582 3445 2641 mea.Sed
3496 2595 3751 2643 serutans

2170 2673 2223 2728 in
2258 2675 2496 2729 secundo
2516 2674 2658 2728 libro
2687 2674 3173 2745 Paralipomenon,
3199 2675 3294 2732 ubi
3324 2678 3497 2733 multa
3521 2677 3589 2733 de
3620 2693 3750 2750 pm-

2169 2764 2345 2834 phetis
2389 2765 2554 2821 elatis
2606 2766 2808 2836 scripta
2861 2774 3011 2830 sunt,
3062 2769 3280 2823 invenio
3315 2768 3579 2840 quoniam
3640 2770 3748 2825 Asa

2171 2855 2342 2910 iratus
2403 2856 2671 2910 Ananiam
2728 2857 3055 2936 prophetam.
3092 2872 3152 2913 se
3203 2869 3518 2929 arguuntcm
3572 2865 3750 2932 posuit

2167 2944 2387 3015 quidem
2432 2947 2489 3000 in
2522 2961 2821 3014 carcerem,
2856 2948 2992 3001 nihil
3025 2956 3208 3003 tamen
3253 2951 3487 3019 amplius
3537 2952 3667 3008 fecit
3696 2955 3748 3009 in

2166 3053 2316 3094 eum.
2346 3039 2452 3094 Sed
2476 3049 2532 3094 et
2557 3037 2836 3096 Miehmam
2882 3040 3071 3096 Achab
3116 3043 3522 3112 prephctantem
3557 3046 3750 3101 adver-

2172 3145 2266 3186 sus
2307 3144 2384 3196 se,
2417 3132 2583 3201 jussit
2626 3132 2845 3201 quidem
2894 3134 2948 3186 in
2994 3133 3223 3187 domum
3271 3137 3511 3190 carceris
3555 3137 3655 3202 ire,
3699 3149 3751 3193 et

2170 3224 2499 3279 manducare
2528 3240 2724 3294 panem
2754 3224 3144 3289 tribulationis,
3177 3241 3285 3279 non
3317 3234 3501 3281 tamen
3529 3239 3582 3281 et
3606 3227 3756 3284 oeci-

2170 3316 2268 3370 dit.
2299 3314 2479 3370 Unum
2508 3322 2690 3371 autem
2738 3316 2970 3387 legimus
3012 3318 3307 3387 lapidatum
3345 3316 3661 3374 Zachariam
3692 3323 3748 3374 h-

2168 3409 2302 3462 lium
2351 3404 2557 3463 Joiada:
2595 3408 2926 3473 sacerdotis,
2965 3409 3223 3478 populum
3266 3419 3604 3479 arguentem.
3631 3408 3749 3467 Non

2169 3514 2300 3572 ergo
2326 3501 2637 3555 invenimus
2665 3501 2719 3555 in
2740 3499 3044 3556 Jerusalem
3066 3501 3364 3570 prophetas
3389 3502 3603 3558 occisos
3635 3518 3747 3557 am-

2166 3591 2333 3662 plius,
2354 3590 2440 3646 vel
2465 3590 2753 3660 lapidatos,
2778 3601 3140 3661 praeterquam
3162 3590 3277 3646 dixi
3304 3592 3655 3647 transmissos
3681 3593 3748 3647 ad

2171 3683 2498 3739 Jerusalem.
2524 3681 2818 3751 Propterea
2843 3681 3134 3736 videndum
3158 3696 3227 3737 ne
3252 3680 3392 3738 torte
3412 3693 3657 3753 oporteat
3676 3699 3743 3738 ex

2171 3774 2325 3829 libris
2348 3773 2733 3830 secretioribus
2756 3772 2849 3843 qui
2868 3772 3015 3841 apud
3037 3760 3256 3827 Ju'dazos
3280 3770 3747 3838 feruntur,osteu-

2170 3866 2297 3920 dere
2316 3866 2543 3920 verbum
2560 3864 2789 3929 Christi,
2820 3871 2875 3919 et
2896 3880 3002 3918 non
3030 3865 3206 3920 solum
3225 3862 3455 3931 Christi,
3479 3865 3572 3919 sed
3586 3866 3742 3920 etiam

2170 3957 2565 4027 discipulorum
2607 3955 2753 4026 ejus,
2805 3957 3064 4026 Stephani
3110 3970 3331 4027 quoque
3367 3956 3657 4029 martyris,
3691 3968 3743 4013 et

2172 4046 2323 4103 Pauli
2347 4048 2602 4117 apostoli.
2630 4046 2941 4119 Stephanus
2971 4048 3121 4103 enim
3162 4050 3244 4105 sic
3270 4048 3406 4103 dicit
3422 4048 3465 4079 "
3493 4065 3508 4102 :
3540 4047 3582 4103 Ο
3612 4048 3738 4101 dura

2168 4140 2385 4205 cervice,
2412 4147 2461 4192 et
2497 4156 2601 4192 non
2627 4140 2930 4193 circumcisi
2962 4140 3120 4194 corde
3145 4148 3196 4194 et
3224 4140 3471 4204 auribus,
3498 4157 3585 4194 vos
3614 4156 3740 4193 sent-

2170 4253 2263 4307 per
2305 4236 2533 4307 Spiritui
2579 4244 2765 4292 sancto
2804 4236 3117 4303 restitistis,
3167 4237 3306 4290 sicut
3349 4245 3525 4307 patres
3570 4235 3733 4290 uestri.

2173 4327 2337 4391 Quem
2365 4326 2504 4380 enim
2535 4326 2910 4396 prophetarum
2935 4340 3039 4378 non
3071 4337 3190 4378 sunt
3222 4326 3523 4395 persecuti!
3563 4324 3624 4378 Et
3651 4338 3734 4377 oc-

2173 4419 2410 4472 ciderunt
2434 4434 2520 4472 eos
2558 4418 2650 4489 qui
2664 4417 3079 4485 ,annuntiabant
3098 4417 3380 4471 adventum
3406 4417 3446 4471 J
3453 4417 3577 4480 usti,
3597 4414 3733 4485 cujus

488 4500 708 4566 guinem
738 4496 1040 4560 Zachariae,
1071 4497 1165 4566 qui
1212 4497 1599 4568 interpretatur
1642 4502 1897 4554 memoria
1948 4502 2066 4556 Dei.
2100 4523 2147 4581 ο
2174 4525 2310 4562 nunc
2330 4524 2420 4562 uos
2445 4509 2739 4578 proditores
2770 4519 2819 4563 et
2856 4505 3217 4577 interfectores
3240 4511 3394 4564 estis.
3427 4507 3493 4562 Et
3517 4517 3628 4580 post
3653 4509 3737 4561 lwc

488 4588 682 4650 Omnis
705 4594 855 4644 etum
885 4588 981 4658 qui
1018 4588 1339 4642 memoriam
1374 4588 1468 4643 Dei
1507 4591 1731 4657 perdere
1757 4591 1979 4646 festinat
2011 4595 2065 4646 in

489 4682 572 4736 eis
623 4696 763 4751 quos
794 4680 1148 4744 scandalizat,
1184 4679 1462 4736 Zachariae
1495 4683 1818 4753 sanguinem
1856 4685 2070 4739 videtur

491 4771 768 4827 elfundere
814 4772 907 4826 ﬁlii
940 4772 1240 4838 Barachim,
1268 4774 1367 4843 qui
1408 4782 1467 4828 et
1516 4774 1633 4844 ipse
1676 4774 2069 4844 interpretatur

491 4863 780 4916 benedictio
829 4864 947 4919 Dei.
1002 4864 1104 4919 Per
1155 4865 1587 4921 benedictionem
1652 4863 1744 4921 Dei
1798 4882 2068 4923 memores

492 4970 682 5010 sumus
716 4953 833 5011 Dei.
863 4955 923 5010 Si
952 4966 1130 5012 autem
1162 4973 1265 5013 nec
1300 4959 1431 5014 Abel
1459 4974 1653 5015 nomen
1699 4960 2065 5016 indiscussqu

489 5044 754 5101 debemus
785 5046 1111 5116 relinquere,
1148 5050 1382 5107 dicimus
1425 5052 1683 5121 quoniam
1723 5052 1857 5107 Abel
1894 5052 2068 5106 luctus

489 5137 902 5209 interpretatur.
917 5137 1025 5204 Qui
1047 5154 1178 5210 ergo
1202 5142 1429 5212 suscipit
1454 5143 1597 5212 quod
1615 5143 1875 5212 scripturn
1897 5153 1985 5198 est
2001 5146 2066 5199 “:

492 5227 648 5282 Beati
676 5228 766 5299 qui
796 5227 997 5298 lugent,
1030 5230 1201 5284 salvat
1226 5232 1395 5300 Abel;
1430 5233 1522 5302 qui
1561 5242 1740 5287 autem
1779 5249 1889 5288 non
1929 5236 2070 5290 reci-

494 5318 591 5388 pit,
629 5320 947 5390 sanguinem
976 5318 1205 5376 edundit
1230 5320 1383 5387 Abel,
1421 5323 1524 5377 hoc
1555 5335 1640 5378 est
1666 5325 1950 5381 veritatem
1983 5327 2070 5382 lu-

493 5422 616 5462 etus
662 5409 939 5464 salutaris.
995 5407 1289 5478 Propterea
1338 5409 1649 5478 implebitur
1691 5425 1856 5481 super
1886 5411 2067 5482 ipsum

492 5497 637 5565 quod
667 5498 915 5554 scribit“
938 5519 956 5554 τ
1002 5495 1090 5553 Vc
1119 5499 1260 5553 vobis
1302 5501 1393 5569 qui
1415 5500 1596 5554 ridetis
1626 5516 1785 5567 nunc,
1821 5504 2070 5572 quoniam

493 5587 751 5658 plangetis
778 5600 828 5645 et
855 5590 1071 5661 ﬂebitis.
1109 5590 1254 5647 Inter
1273 5591 1536 5662 templum
1579 5606 1633 5648 et
1652 5594 1826 5650 altare
1858 5596 1930 5649 ab
1957 5595 2068 5650 im-

2172 4601 2485 4670 expulernnt
2529 4617 2650 4654 eum
2686 4612 2840 4656 cura
2875 4603 3165 4667 ciuitatem,
3206 4609 3255 4654 et
3285 4601 3599 4669 lapidabant
3628 4599 3734 4656 Ste-

2172 4691 2405 4758 pltttnttm
2457 4692 2796 4761 clamantem,
2834 4703 2890 4748 et
2936 4695 3217 4749 dicentem.
3254 4691 3459 4748 Paulus
3483 4701 3663 4748 autem
3690 4693 3734 4746 in

2173 4780 2415 4850 Epistula
2446 4783 2514 4838 ad
2548 4782 3067 4840 Thessalonicenses
3099 4785 3271 4855 prima
3290 4784 3356 4852 “,
3409 4784 3479 4840 de
3528 4782 3740 4840 interie—

2172 4875 2352 4930 ctione
2390 4876 2779 4945 prophetarum
2813 4877 2938 4931 talia
2968 4878 3146 4932 dicit:
3191 4876 3289 4931 Vos
3330 4878 3623 4932 imitatores
3661 4878 3739 4947 fa-

2170 4966 2382 5025 ctiestis
2412 4965 2772 5021 Ecclesiarum
2798 4967 2915 5032 Dei,
2940 4984 3057 5038 quae
3073 4977 3197 5022 sunt
3222 4969 3277 5021 in
3296 4967 3492 5023 ludant
3521 4968 3581 5023 in
3604 4967 3740 5023 Citri-

2176 5067 2256 5110 sto
2272 5056 2403 5111 Iesu
2434 5073 2452 5110 :
2474 5061 2726 5127 quoniam
2755 5058 2935 5112 eadem
2966 5062 3111 5129 passi
3136 5061 3262 5114 estis
3290 5068 3340 5114 et
3374 5076 3528 5115 vos-tt
3555 5060 3739 5113 contri-

2177 5146 2385 5200 bulibus
2413 5148 2624 5212 vestris,
2650 5150 2787 5202 sicut
2815 5159 2865 5203 et
2906 5150 3009 5218 ipsi
3030 5166 3063 5202 a
3095 5147 3324 5216 Iudicis,
3366 5151 3457 5220 qui
3489 5160 3539 5204 et
3570 5148 3734 5204 Domi-

2177 5254 2305 5291 num
2331 5239 2635 5292 occiderunt
2667 5238 2857 5293 Iesum
2886 5250 2934 5294 et
2960 5241 3259 5311 prophetas,
3286 5249 3336 5295 et
3376 5258 3469 5295 nos
3497 5241 3734 5312 persecuti

2177 5339 2323 5393 sunt,
2356 5340 2407 5384 et
2443 5328 2551 5385 Deo
2585 5346 2687 5384 non
2706 5330 2936 5400 placent.
2969 5331 3050 5387 Ad
3076 5332 3335 5388 Helu‘acos
3362 5341 3540 5387 autem
3573 5332 3690 5387 ita"
3718 5347 3732 5385 :

2176 5418 2433 5486 Lopidati
2456 5433 2600 5491 sunt,
2617 5423 2746 5477 secti
2770 5433 2913 5490 sunt,
2934 5424 3126 5479 tentati
3156 5434 3299 5489 sunt,
3326 5425 3383 5477 in
3405 5422 3588 5494 gladio
3612 5440 3734 5477 rnor-

2175 5512 2258 5564 tni
2288 5520 2429 5567 sunt.
2455 5511 2793 5568 Circuierunt
2815 5515 2875 5568 in
2904 5514 3136 5582 uelutis,
3171 5515 3227 5568 in
3251 5513 3473 5583 pellibus
3502 5514 3735 5583 caprinis,

2170 5614 2378 5672 regentes
2416 5614 2466 5658 et
2496 5606 2813 5676 angustiati,
2844 5606 3025 5677 amicti
3058 5606 3350 5672 doloribus,
3384 5621 3604 5676 quorum
3645 5621 3733 5661 non

499 5735 545 5789 ε,
595 5699 1115 5789 I‘A,G{'A‘_-A';,,61_7ygg
1147 5703 1189 5734 ¹¹
1234 5702 1602 5789 Μπιιιιιγῷς
1680 5707 1743 5789 ’ᾗ
1763 5705 2162 5789 LUC-11225
2240 5717 2285 5748 ¹³
2322 5717 2468 5774 Psal.
2515 5735 2681 5787 ,cvtn,
2734 5718 2782 5771 7.
2830 5719 2907 5775 ,ίδ
2943 5719 3131 5777 Matth.
3190 5734 3349 5787 vxnt,
3401 5717 3469 5773 '57
3519 5725 3570 5772 et
3627 5732 3729 5789 seq.

501 5768 545 5802 ⁸⁸
586 5769 701 5823 Act.
736 5786 830 5837 vn,
861 5772 920 5826 5|
956 5781 1009 5826 et
1039 5787 1153 5843 seq.
1234 5774 1277 5803 ¹⁶
1318 5787 1377 5833 ιι,
1413 5773 1498 5837 Μ,
1537 5773 1625 5827 15.
1704 5776 1743 5806 ³⁷
1787 5792 1859 5841 xl,
1896 5768 2107 5845 ἵκω.
