4052 6304
334 422 471 478 165⁸1

1486 416 2144 475 (ῘΟΜᾯῘΕΝΤᾹΙΠΟΒΟΜ
2179 419 2447 476 SERIES.

3471 425 3603 479 “'53

336 548 438 599 l'mt
474 544 666 615 dignus
692 542 943 606 mundus,
971 541 1024 594 in
1048 540 1427 595 solitudinibus
1461 551 1724 607 errantes,
1758 552 1815 595 et
1863 543 1916 595 in
1949 554 1987 602 Α
2016 542 2281 608 quoniam
2327 557 2433 597 non
2469 541 2616 610 capit
2645 556 2770 595 cum
2819 543 2911 608 qui
2940 554 3025 599 est
3054 553 3209 601 extra
3246 546 3558 602 Jerusalem
3584 591 3598 610 .

336 639 622 703 montibus,
650 646 702 690 et
734 635 1012 705 speluncis,
1054 643 1105 687 et
1145 634 1306 703 [micis
1339 643 1514 689 term.
1552 634 1746 689 Fertur
1782 649 1918 703 ergo

334 742 391 779 NI
417 725 723 795 Scripturis
754 739 861 777 non
893 721 1206 777 manifestis
1226 732 1505 778 secratum
1538 739 1662 780 esse
1696 725 1915 791 Isaiam,

331 828 391 870 ιιι
408 816 735 872 Zachariam
769 816 1034 879 occisum,
1069 823 1123 869 et
1157 813 1520 873 Ezechielem.
1543 816 1796 871 Arbitror
1825 832 1920 871 au-

333 919 443 961 tem
477 906 740 961 circuisse
761 906 814 959 in
839 907 1073 972 melotis,
1100 907 1156 961 in
1188 907 1426 977 pellibus
1442 907 1690 977 caprinis
1718 907 1917 975 Etiam,

333 995 428 1063 qui
454 994 508 1049 in
540 995 831 1050 solitudine
855 995 988 1050 etin
1018 998 1298 1052 mentibus
1332 998 1647 1068 vagabatur.
1682 997 1790 1054 Sed
1824 1014 1921 1069 po-

330 1101 405 1140 ue
435 1086 673 1156 aliquem
704 1087 963 1142 abdicare
996 1087 1296 1158 Epistolam
1326 1089 1393 1143 ad
1436 1090 1718 1154 Hebraeos,
1757 1091 1919 1161 quasi

332 1191 445 1231 non
474 1175 654 1241 Pauli,
686 1192 898 1232 necnon
926 1186 981 1232 et
1015 1189 1282 1233 secretum
1328 1179 1566 1250 abjicere
1592 1179 1748 1237 Isaiae
1774 1200 1789 1237 :
1824 1182 1919 1238 sed

332 1267 468 1337 quid
510 1267 681 1323 faciat
728 1269 782 1323 in
839 1284 1124 1326 sermones
1170 1271 1463 1342 Stephani,
1508 1273 1594 1328 vel
1644 1273 1799 1329 Pauli
1850 1275 1920 1330 ad

340 1358 857 1416 Thessalonicenses
887 1361 955 1416 de
987 1363 1264 1432 prophetis
1307 1364 1608 1421 interfectis
1653 1368 1917 1436 prolatos,

328 1451 423 1505 ‘vel
472 1452 644 1521 ipsius
676 1452 893 1507 Domini
925 1455 1134 1509 nostri?
1156 1454 1266 1509 Aut
1297 1456 1577 1525 quomodo
1609 1459 1823 1516 abdicet
1851 1460 1921 1514 i1-

333 1543 429 1597 lud
459 1544 605 1613 quod
646 1545 710 1599 ad
741 1542 1088 1600 Timotheum
1120 1545 1323 1603 Paulus
1356 1550 1808 1619 protulit,dicens
1833 1551 1877 1584 ¹⁸
1903 1570 1917 1608 :

337 1634 488 1689 Sicut
530 1635 729 1692 Janues
774 1648 824 1692 et
869 1637 1134 1694 Mambres
1182 1643 1487 1697 restiterunt
1534 1643 1730 1715 Moysi,
1760 1645 1837 1701 sic
1868 1655 1919 1701 et

337 1729 431 1783 isti
455 1731 709 1785 resistunt
734 1731 946 1784 veritati
962 1731 987 1785 ?
1014 1729 1124 1787 Nec
1147 1735 1291 1787 enim
1326 1735 1535 1792 scimus
1566 1735 1620 1790 in
1646 1738 1802 1794 libris
1826 1754 1920 1794 ca-

337 1822 611 1876 nonizatis
634 1821 925 1877 historiam
958 1822 1026 1878 de
1054 1821 1229 1878 Janue
1255 1834 1310 1880 et
1334 1824 1577 1882 Mambrc
1609 1828 1918 1883 resistenti-

2016 632 2369 700 passiouilius
2414 630 2556 684 allici
2606 644 2828 700 propter
2873 633 3120 688 Verbum.
3171 633 3277 689 Sed
3326 634 3603 703 quomodo

2016 720 2320 777 Jerusalem
2368 721 2571 776 occidit
2630 722 2926 792 prophetas
2968 724 3282 778 videndum.
3334 724 3603 779 Existimo

2009 823 2199 868 autem
2223 854 2239 880 ,
2273 815 2420 868 sicut
2450 814 2748 884 vulgaritcr
2781 813 2962 869 dicere
2991 819 3188 881 solent,
3221 816 3481 870 clamavit
3525 818 3600 870 ci-

2017 904 2482 974 vitas,tanquam
2532 904 2578 959 si
2628 904 2876 971 dicatur,
2910 906 3007 974 qui
3054 915 3185 959 sunt.
3236 906 3291 960 in
3340 906 3598 962 civitate:

2017 998 2146 1053 item
2181 998 2377 1053 civitas
2409 1012 2628 1068 egressa
2664 1009 2746 1053 est
2777 999 2996 1052 obviam
3027 1000 3079 1053 ei
3102 1038 3116 1063 ,
3156 998 3206 1052 id
3239 1007 3325 1053 ost
3350 998 3444 1069 qui
3472 1007 3606 1054 sunt

2014 1090 2077 1144 in
2125 1091 2383 1154 civitate;
2415 1089 2496 1143 sic
2525 1088 2827 1144 Jerusalem
2856 1090 3061 1144 occidit
3091 1090 3406 1159 prophetas,
3435 1091 3489 1145 id
3518 1100 3606 1146 est

2015 1181 2114 1251 qui
2144 1190 2304 1235 erant
2333 1181 2386 1235 in
2412 1179 2717 1236 Jerusalem
2744 1222 2758 1246 ,
2792 1197 3031 1251 quorum
3061 1197 3231 1237 causa
3259 1182 3463 1236 dictum
3518 1192 3605 1238 est

2017 1271 2322 1327 Jerusalem
2344 1272 2619 1326 occidisse
2649 1273 2964 1342 prophetas.
3004 1272 3069 1327 Et
3094 1274 3141 1327 si
3168 1274 3315 1329 cives
3340 1288 3440 1343 pro
3468 1274 3605 1329 civi-

2012 1371 2129 1417 tate
2157 1370 2453 1432 ponuntur,
2487 1362 2687 1415 iterum
2721 1363 2963 1423 occurrit
2996 1361 3062 1416 ad
3097 1361 3480 1433 quastiouem,
3506 1363 3602 1432 qui

2014 1462 2148 1506 sunt
2173 1450 2388 1506 dicendi
2413 1451 2505 1505 lilii
2530 1450 2856 1514 Jerusalem,
2875 1451 2949 1505 de
2970 1452 3173 1520 quibus
3197 1451 3405 1506 dictum
3428 1452 3599 1506 est”:

2022 1545 2239 1611 Quoties
2284 1543 2424 1598 volui
2460 1559 2773 1614 congregare
2822 1545 2963 1611 ﬁlios
3013 1553 3150 1598 tuos.
3210 1543 3329 1599 Sed
3367 1544 3604 1599 dicimus

2018 1645 2233 1701 semper
2298 1632 2498 1686 civium
2565 1646 2916 1688 successores
2973 1631 3116 1686 filios
3172 1633 3601 1701 praecedentium

2017 1722 2148 1777 dici.
2195 1721 2499 1778 Jerusalem
2540 1732 2723 1778 autem
2772 1738 2893 1793 quae
2931 1722 3103 1777 libera
3147 1732 3230 1777 est
3270 1739 3306 1777 a
3336 1724 3605 1778 servitute

2019 1814 2267 1883 peccati,
2298 1829 2423 1883 qua:
2470 1829 2691 1869 sursum
2742 1822 2826 1868 est
2869 1811 3318 1880 conversatione,
3353 1827 3475 1882 quae
3518 1825 3603 1868 est

335 1914 442 1969 lius
486 1913 679 1985 Moysi.
720 1911 778 1967 Si
807 1922 993 1969 autem
1043 1915 1313 1985 aspiciant
1359 1926 1414 1973 et
1457 1920 1602 1989 quod
1632 1920 1700 1975 ad
1725 1920 1919 1976 Corin-

2019 1913 2198 1960 mater
2241 1914 2465 1970 nostra,
2498 1919 2608 1959 non
2638 1905 2841 1959 occidit
2886 1905 3214 1974 prophetas,
3250 1919 3353 1959 nec
3393 1904 3600 1973 latidat

338 2005 484 2060 thios
525 2006 704 2076 prima
727 2008 770 2038 ¹⁹
803 2007 1037 2075 positum
1082 2016 1166 2064 est
1194 2027 1212 2064 τ
1245 2007 1376 2075 Quae
1406 2011 1588 2066 oculus
1621 2030 1723 2068 non
1765 2015 1918 2079 vidit,

338 2111 431 2148 nec
462 2097 612 2150 auris
656 2096 882 2160 audivit,
928 2098 1174 2168 nunquid
1214 2100 1413 2169 poterit
1444 2102 1558 2158 htcc
1602 2104 1786 2159 omnia
1816 2105 1920 2160 ali-

338 2185 464 2255 quis
510 2185 804 2241 abdicare?
852 2185 979 2242 Haec
1035 2189 1220 2244 omnia
1273 2191 1513 2249 diximus
1566 2195 1921 2253 discutientes

339 2291 672 2342 sermonem,
703 2291 814 2331 non
843 2277 1161 2349 ignorantes
1192 2282 1451 2350 quoniam
1477 2285 1649 2341 multa
1677 2297 1920 2343 secreto-

340 2382 461 2421 rum
500 2365 642 2422 facta
685 2377 814 2423 sunt
839 2383 869 2421 a
910 2369 1238 2437 quibusdam
1282 2373 1468 2445 impiis
1497 2378 1920 2449 etiniquitatem

341 2456 394 2508 in
412 2455 686 2510 excelsum
708 2456 1056 2525 loquentibus
1078 2474 1092 2511 :
1111 2467 1166 2511 et
1182 2469 1409 2516 utuntur
1424 2465 1749 2533 quibusdam
1780 2470 1922 2526 ﬁctis

338 2544 689 2617 Ilypytbiani,
717 2546 1032 2601 aliisautem
1054 2548 1146 2617 qui
1164 2559 1293 2606 sunt
1310 2552 1578 2611 Basilidis.
1594 2555 1818 2628 Oportet
1835 2577 1922 2615 er—

340 2652 409 2708 go
434 2647 593 2695 caute
616 2640 984 2706 considerare,
1003 2649 1068 2695 ut
1107 2657 1210 2698 nec
1248 2647 1432 2702 omnia
1469 2660 1680 2706 secreta
1701 2667 1822 2723 qua:
1843 2652 1923 2709 fe-

340 2741 538 2786 runtur
582 2733 637 2786 in
676 2733 900 2788 nomine
941 2743 1280 2804 sanctorum,
1309 2740 1676 2811 suscipiamus
1696 2753 1922 2816 propter

338 2819 578 2886 Judaeos,
595 2823 688 2892 qui
710 2823 849 2880 forte
865 2825 931 2879 ad
949 2825 1374 2883 destructionem
1390 2831 1637 2889 veritatis
1669 2831 1921 2906 Scriptu-

342 2929 526 2968 rarum
550 2913 718 2986 8&9
756 2924 1070 2972 nostrarum
1105 2919 1353 2988 quaedam
1400 2922 1675 2980 finxerunt
1722 2928 1923 2982 confir-

342 3013 556 3058 mantes
587 3006 842 3075 dOgmata
874 3009 1012 3067 falsa
1036 3052 1052 3076 ,
1089 3028 1190 3068 nec
1222 3014 1405 3069 omnia
1448 3015 1776 3086 abjiciamus
1798 3032 1922 3087 qua:

340 3093 613 3161 pertinent
635 3095 705 3150 ad
726 3098 1251 3159 demonstrationem
1262 3102 1676 3176 Scripturarum
1698 3117 1919 3164 nostra-

2016 2011 2118 2052 cos
2151 1996 2243 2067 qui
2294 1997 2589 2051 mittuntur
2627 1996 2694 2050 ad
2733 2010 2877 2050 eam.
2912 1995 3070 2049 Aliud
3108 2004 3194 2050 cst
3218 1995 3371 2065 quod
3407 2010 3605 2050 secun-

2021 2090 2150 2144 dum
2202 2088 2616 2144 similitudinem
2669 2088 2818 2143 illius
2846 2086 3150 2143 Jerusalem
3173 2130 3188 2153 ,
3229 2088 3530 2143 occidentis
3550 2096 3605 2142 et

2020 2180 2312 2249 lapidantis
2346 2183 2679 2250 prophetas,
2725 2178 3044 2250 lrequruter
3087 2187 3215 2236 sunt
3272 2180 3497 2246 quidam
3546 2179 3603 2233 iu

2020 2269 2126 2324 ista
2172 2268 2473 2327 Jerusalem
2525 2270 2761 2339 imperiti
2808 2271 3128 2336 constituti,
3161 2279 3218 2324 et
3268 2269 3438 2325 Deum
3494 2286 3603 2326 nou

2025 2369 2328 2415 metuentes
2352 2400 2367 2424 ,
2394 2361 2487 2430 qui
2508 2400 2523 2424 ,
2560 2371 2828 2431 quantum
2854 2362 2919 2415 ad
2953 2376 3042 2424 se,
3077 2361 3341 2415 occidunt
3376 2370 3435 2414 et
3463 2361 3595 2427 lapi-

2016 2452 2155 2507 daut
2183 2453 2365 2507 verbis
2393 2453 2512 2508 sine
2539 2452 2746 2521 judicio
2792 2453 3019 2523 prolatis
3048 2453 3194 2506 viros
3222 2453 3389 2507 verbo
3408 2460 3469 2507 et
3495 2452 3603 2508 vita

2016 2557 2344 2615 pzovectos,
2397 2555 2451 2601 ct
2498 2544 2868 2601 Ecclesiarum
2919 2545 3138 2615 quidem
3176 2559 3440 2598 canonem
3490 2561 3600 2600 non

2018 2637 2395 2707 requirendos,
2428 2647 2653 2708 propter
2685 2635 3111 2706 profunditatem
3140 2643 3324 2689 autem
3371 2636 3603 2702 dogma-

2017 2737 2135 2784 tum
2167 2734 2452 2799 suspectos
2484 2730 2558 2785 ab
2590 2729 2676 2785 his
2701 2731 2796 2799 qui
2844 2728 3094 2784 consueti
3122 2736 3250 2783 sunt
3280 2743 3424 2782 nova
3453 2745 3604 2799 quae-

2017 2821 2145 2876 dam
2172 2821 2372 2886 dicere,
2402 2829 2460 2876 et
2487 2837 2599 2877 non
2631 2823 2972 2879 attendentes
3002 2827 3227 2881 verbum
3262 2839 3455 2879 sanum
3491 2822 3599 2877 Do-

2014 2913 2156 2968 mini
2203 2915 2376 2969 nostri
2420 2914 2554 2971 Jesu
2594 2915 2816 2974 Christi.
2866 2917 3005 2974 Dicit
3051 2932 3181 2988 ergo
3224 2914 3492 2971 Dominus
3530 2917 3601 2972 ad

2019 3002 2323 3060 Jerusalem
2365 3005 2784 3063 interfectricem
2817 3018 2870 3064 et
2903 3008 3273 3078 lapidatriccm
3309 3007 3604 3076 propheta-

2019 3110 2141 3149 rum
2170 3113 2184 3149 :
2213 3095 2431 3161 Quoties
2464 3096 2604 3150 volui
2641 3114 2954 3169 congregare
2982 3098 3124 3169 ﬁlios
3157 3109 3297 3162 tuos,
3327 3098 3465 3150 sicut
3490 3095 3607 3166 gal-

341 3200 486 3238 mn.
505 3184 682 3256 Magni
695 3203 829 3259 ergo
849 3191 1051 3248 vii-lies;
1071 3196 1262 3251 “dare
1285 3198 1652 3267 “adimplere
1668 3200 1816 3269 quod
1830 3201 1917 3256 di-
1943 3233 1990 3296 ο
2019 3186 2132 3240 lina
2158 3186 2330 3256 pullos
2358 3204 2482 3242 suos
2516 3188 2611 3242 sub
2642 3188 2781 3253 alas,
2811 3199 2860 3244 et
2894 3189 3113 3243 uoluisti
3138 3187 3291 3259 (81)?
3319 3187 3606 3254 Quomodo

341 3286 487 3330 ctum
512 3288 601 3334 est
615 3279 660 3312 ²⁰
689 3295 702 3331 :
734 3279 929 3336 Omnia
964 3284 1203 3353 probate,
1221 3290 1366 3357 quod
1390 3288 1589 3343 bonum
1624 3300 1705 3345 est
1729 3302 1915 3348 tenete.

343 3367 546 3425 Tamen
584 3381 805 3442 propter
844 3388 947 3429 eos
968 3376 1068 3446 qui
1105 3392 1214 3431 non
1262 3391 1493 3448 possunt
1534 3383 1693 3452 quasi
1734 3392 1918 3456 trape-

343 3463 463 3515 zitae
490 3460 634 3517 inter
653 3463 816 3517 verba
844 3463 1156 3519 discernere
1177 3481 1306 3521 vera
1330 3468 1635 3524 habeantur
1660 3485 1730 3524 an
1756 3471 1917 3540 falsa,

341 3560 396 3604 ct
430 3566 537 3606 non
564 3563 795 3621 possunt
818 3556 1144 3625 semetipsos
1177 3567 1337 3612 caute
1360 3573 1603 3627 servare,
1633 3571 1695 3616 ut
1727 3578 1919 3617 verum

339 3642 562 3710 quidem
606 3653 823 3698 teneant
861 3647 1005 3716 apud
1050 3661 1142 3710 se,
1190 3647 1260 3702 ab
1303 3649 1459 3703 omni
1509 3659 1691 3705 autem
1736 3654 1921 3723 specie

343 3736 485 3790 mala
506 3736 835 3802 abstineant,
873 3754 1036 3795 nemo
1065 3739 1139 3794 uti
1169 3738 1327 3796 debet
1353 3741 1421 3795 ad
1444 3744 1919 3800 confirmationem

342 3828 658 3898 dogmatum
692 3829 850 3885 libris
882 3833 977 3901 qui
1012 3841 1141 3887 sunt
1179 3842 1333 3888 extra
1364 3836 1718 3892 canonizatas
1767 3835 1920 3892 Scri-

340 3927 554 3986 pturas.
600 3918 806 3976 Tamen
849 3922 895 3976 si
933 3923 1065 3992 quis
1108 3925 1336 3995 suscipit
1367 3926 1436 3982 ad
1468 3924 1728 3985 Hebraeos
1761 3931 1921 3999 quasi

344 4008 643 4078 Epistolam
675 4013 862 4078 Pauli,
892 4016 1024 4070 dicit
1049 4017 1310 4085 quoniam
1352 4018 1581 4089 pluralia
1617 4036 1728 4078 non
1758 4023 1923 4078 debe~

348 4116 473 4155 ntus
504 4103 728 4158 omnino
768 4105 976 4160 referre
1015 4111 1081 4164 ad
1133 4112 1338 4180 plures.
1383 4108 1494 4166 Nec
1535 4112 1682 4166 enim
1735 4113 1922 4183 plures

349 4194 543 4247 scrrati
582 4205 744 4263 sunt,
775 4199 869 4253 sed
899 4198 1072 4257 lsaias
1103 4202 1293 4269 solus;
1338 4218 1439 4257 nec
1467 4203 1653 4273 plures
1696 4205 1920 4276 lapidati

342 4293 514 4350 sunt,
571 4288 677 4342 nisi
727 4288 1022 4346 Zacharias
1071 4295 1452 4349 tantummodo
1494 4295 1641 4350 ﬁlius
1683 4295 1919 4366 Joiadaa;

342 4391 445 4432 nec
471 4379 746 4436 occisione
776 4382 978 4451 gladii,
1012 4384 1116 4437 nisi
1147 4384 1216 4415 ’θ’
1256 4384 1555 4441 Zacharias
1580 4386 1727 4443 filius
1757 4387 1924 4444 Bara-

341 4469 514 4534 dtiae;
552 4472 646 4525 sed
676 4481 731 4525 et
769 4472 824 4525 in
859 4474 1131 4543 melotis,“
1156 4484 1215 4530 et
1241 4477 1294 4530 in
1320 4477 1461 4547 pelle
1491 4480 1714 4549 caprina
1748 4479 1918 4546 Elias,

2018 3279 2111 3335 hic
2158 3277 2425 3334 Dominus
2476 3278 2671 3346 Jesus,
2718 3279 2879 3348 quasi
2935 3280 3026 3350 qui
3076 3278 3392 3350 frequenter
3435 3280 3608 3334 roluzt

2020 3386 2351 3442 congregare
2382 3370 2624 3435 Judazos,
2649 3388 2755 3427 non
2791 3381 2972 3427 autem
2999 3371 3353 3441 congregavit
3381 3380 3606 3440 propter

2019 3465 2421 3519 contumaciam
2458 3465 2763 3518 nolentium
2799 3465 3039 3529 credere,
3064 3463 3141 3518 ita
3170 3464 3301 3518 dicit
3331 3477 3347 3515 :
3380 3463 3599 3527 Quoties

2019 3554 2166 3607 volui
2187 3593 2203 3618 ,
2255 3569 2379 3607 cum
2409 3554 2479 3608 sit
2508 3553 2856 3608 uianifestum
2893 3554 3059 3609 semel
3091 3570 3214 3608 eum
3244 3553 3504 3608 docuisse
3548 3566 3606 3608 ιιι

2013 3658 2250 3713 corpore
2273 3642 2534 3698 indecus?
2562 3644 2670 3698 Sed
2703 3659 2812 3698 non
2848 3644 3026 3699 solum
3062 3645 3120 3697 in
3149 3644 3461 3713 praesentia,
3499 3636 3598 3700 tie-

2018 3749 2142 3788 rum
2171 3735 2332 3788 etiam
2364 3734 2801 3790 :substautialiter
2833 3750 3048 3804 semper
3076 3734 3332 3790 Christus
3361 3749 3608 3804 praesens

2016 3824 2124 3880 fuit
2144 3833 2202 3880 et
2231 3826 2287 3880 in
2316 3825 2533 3896 Moyse,
2558 3834 2617 3881 ct
2652 3825 2705 3878 in
2755 3826 3070 3896 prephetis,
3108 3824 3283 3895 magis
3311 3832 3496 3878 autem
3544 3835 3603 3878 et

2017 3916 2076 3970 in
2118 3917 2328 3987 angelis
2384 3915 2827 3971 ministrantibus
2867 3916 3029 3971 saluti
3074 3918 3362 3979 lautumiae,
3403 3924 3458 3970 ct
3509 3932 3607 3985 per

2016 4010 2268 4082 singulas
2296 4010 2708 4081 generationes,
2738 4019 2792 4065 et
2828 4010 2908 4065 sic
2933 4009 3229 4078 impletur:
3259 4008 3484 4074 Quoties
3514 4025 3603 4062 ao-

2020 4102 2118 4157 lui.
2155 4103 2259 4159 Per
2300 4104 2547 4175 singulas
2586 4103 2737 4159 enim
2782 4104 3160 4173 generationes
3190 4118 3406 4172 semper
3431 4103 3606 4157 voluit

2014 4205 2071 4250 et
2116 4194 2398 4250 festinavit
2444 4196 2704 4265 perficere
2748 4196 3083 4250 voluntatem
3136 4193 3312 4248 Patris
3360 4193 3413 4247 in
3463 4193 3547 4249 eis
3585 4209 3599 4246 :

2015 4288 2121 4343 etsi
2150 4304 2261 4344 nou
2298 4288 2354 4342 in
2385 4303 2618 4358 corpore
2645 4289 3009 4351 constitutus,
3041 4286 3184 4340 sicut
3228 4299 3378 4341 nunc
3411 4286 3465 4340 in
3496 4287 3606 4339 line

2015 4381 2370 4447 saeculorum,
2402 4391 2583 4436 tamen
2633 4396 2846 4450 semper
2872 4378 3151 4434 festinavit
3173 4392 3511 4449 congregare
3539 4377 3606 4432 ﬁ-

2019 4474 2126 4530 lios
2163 4473 2484 4529 Jerusalem.
2516 4471 2695 4543 Ipsius
2723 4473 2873 4526 cutim
2914 4471 3149 4526 volentis
3179 4484 3510 4541 congregare
3542 4469 3607 4525 fi-

341 4571 397 4612 et
423 4569 618 4616 caetera
646 4564 871 4618 similia.
902 4565 1097 4622 Adhuc
1120 4578 1300 4623 autem
1347 4586 1659 4640 queremus
1685 4573 1830 4644 quod
1860 4574 1917 4627 in
1953 4570 1994 4624 Ι)
2019 4569 2125 4624 lies
2153 4566 2456 4623 Jerusalem
2485 4580 2647 4621 voces
2677 4564 2946 4619 habentur
2966 4564 3026 4617 in
3052 4563 3172 4632 lege
3199 4572 3254 4618 et
3282 4562 3335 4616 in
3365 4561 3601 4631 prophe-

344 4649 492 4705 Luca
536 4654 801 4722 scriptum
853 4660 1019 4725 est",
1057 4659 1271 4716 dicente
1317 4660 1587 4718 Domino:
1624 4665 1769 4730 Quia
1813 4682 1920 4721 non

344 4741 487 4809 capit
511 4744 815 4812 prophetam
841 4748 1013 4815 perire
1040 4757 1191 4803 extra
1219 4748 1559 4817 Jerusalem;
1580 4753 1632 4809 si
1657 4769 1787 4824 ergo
1808 4768 1920 4808 non

345 4836 489 4904 capit
517 4836 837 4906 prophetam
873 4842 1052 4909 perire
1082 4852 1238 4898 extra
1268 4842 1568 4900 Jemsalcm
1592 4888 1606 4913 ,
1635 4847 1689 4902 id
1720 4856 1803 4903 est
1832 4849 1911 4903 in-

346 4925 539 4994 tcrtici,
558 4943 771 4998 quat-es
798 4931 844 4986 si
876 4941 1000 5001 post
1024 4934 1451 4992 destructionem
1482 4937 1785 4996 Jerusalem
1806 4942 1919 5012 jam

344 5033 506 5074 nemo
532 5022 798 5091 propheta
824 5034 912 5079 est
932 5066 948 5092 ,
1004 5041 1073 5081 ne
1118 5025 1257 5082 forte
1285 5030 1378 5100 qui
1411 5030 1735 5088 interﬁcitur
1765 5045 1919 5090 extra

343 5108 641 5166 Jerusalem
695 5115 998 5184 propheta,
1055 5116 1254 5174 falsum
1300 5122 1526 5176 verbtnn
1567 5121 1773 5179 Christi
1826 5125 1922 5181 de—

343 5212 629 5258 monstret.
679 5204 734 5258 Si
783 5216 966 5261 autem
995 5219 1198 5279 c0gunt
1234 5227 1334 5267 nos
1368 5210 1667 5284 Scriptura:
1703 5224 1922 5285 propter

349 5293 591 5363 Agabum
615 5308 672 5352 et
696 5299 837 5355 filias
866 5298 1102 5371 Philippi
1146 5305 1490 5376 evangelistae
1509 5347 1523 5371 ,
1554 5322 1661 5361 non
1700 5318 1920 5379 propter

344 5386 514 5443 falsos
530 5387 779 5463 Phrygia:
804 5393 1119 5462 prOphetas,
1137 5409 1449 5464 quaeramus
1470 5413 1542 5452 ne
1571 5397 1711 5454 forte
1737 5401 1918 5455 omnis

342 5477 523 5547 justus
568 5482 641 5537 sit
692 5483 748 5537 in
777 5483 1085 5540 Jerusalem
1129 5493 1185 5541 et
1224 5502 1335 5543 non
1382 5502 1535 5545 extra
1578 5489 1914 5564 Jerusalem,

442 5593 489 5626 ¹⁸
528 5592 572 5648 ll
598 5593 742 5666 Tim.
786 5612 870 5661 ιιι,
902 5596 957 5651 8.
1062 5594 1154 5649 “l
1185 5595 1313 5654 Cor.
1350 5616 1412 5666 rt,
1448 5599 1503 5655 9.

344 5673 468 5718 sunt
493 5681 581 5718 ore
609 5664 793 5734 gladii,
826 5669 953 5733 nisi,
983 5674 1091 5722 etc.

347 5749 520 5800 xt'rttt,
559 5736 651 5791 ll.
723 5738 771 5770 ”
808 5737 939 5792 Luc.
972 5753 1059 5791 ιιι
1084 5778 1100 5802 ,
1131 5737 1219 5794 l0.

416 5830 530 5898 (Si)
573 5829 709 5887 Vide
734 5840 917 5887 notam
952 5831 1006 5885 in
1044 5828 1235 5889 homil.
1274 5829 1308 5885 8
1336 5829 1389 5885 in
1417 5829 1700 5886 Genesim.

2027 4665 2125 4729 tis;
2181 4671 2238 4715 et
2279 4660 2348 4715 de
2388 4659 2511 4730 ipso
2557 4659 2819 4728 scriptum
2868 4666 2952 4712 est
2974 4656 3019 4690 “
3060 4674 3074 4710 :
3118 4653 3438 4723 Expendens
3485 4652 3604 4706 alas

2026 4773 2151 4810 suas
2176 4755 2377 4823 accepit
2398 4769 2506 4819 eos,
2538 4761 2587 4806 et
2617 4760 2845 4821 suscepit
2866 4765 2952 4804 eos
2990 4763 3148 4818 super
3170 4745 3416 4814 scapulas
3440 4761 3604 4809 suas;

2027 4855 2081 4899 et
2109 4844 2488 4915 quotidianum
2534 4855 2677 4911 opus
2712 4848 2797 4895 est
2832 4836 3044 4893 Christi
3087 4848 3420 4907 congregem
3461 4833 3604 4887 ﬁlios

2027 4936 2330 4992 Jerusalem
2356 4975 2371 5000 ,
2413 4934 2482 4988 dc
2511 4933 2711 5002 quibus
2744 4931 2798 4985 iu
2830 4928 2968 4985 lsaia
2999 4936 3054 4984 et
3105 4926 3160 4981 in
3201 4925 3431 4996 reliquis
3476 4941 3603 4995 pro-

2026 5029 2204 5101 phetis
2236 5027 2390 5098 plura
2419 5026 2711 5090 dicuntur;
2755 5031 2810 5076 et
2835 5020 3081 5091 quotidie
3124 5017 3218 5073 Dei
3260 5017 3434 5072 Filius
3465 5031 3601 5070 con-

2020 5131 2213 5194 gregat
2262 5121 2543 5190 dispersos
2586 5116 2727 5171 lilios
2782 5114 2914 5177 Dei,
2962 5114 3104 5169 sicut
3172 5112 3372 5182 gallina
3425 5109 3603 5180 pullos

2023 5231 2155 5271 suos
2186 5213 2290 5269 sub
2320 5226 2527 5283 pennas
2568 5224 2719 5265 suas.
2776 5208 2832 5263 Si
2878 5208 3004 5278 quis
3041 5215 3220 5261 autem
3271 5218 3379 5258 non
3435 5200 3603 5256 fuerit

2024 5316 2383 5380 congregatus
2413 5306 2481 5358 ab
2515 5317 2615 5367 eo,
2665 5300 2998 5369 iudicabitur
3036 5298 3197 5370 quasi
3237 5296 3330 5367 qui
3368 5290 3604 5348 noluerit

2025 5396 2343 5470 congregari
2373 5395 2445 5450 ab
2474 5409 2560 5450 eo.
2604 5391 2753 5447 Venit
2784 5392 2921 5446 enim
2966 5390 3143 5444 Filius
3184 5388 3415 5442 hominis
3452 5397 3603 5454 qure-
3649 5430 3659 5441 ,

2018 5506 2138 5545 rere
2163 5486 2302 5560 quod
2332 5487 2581 5555 perierat,
2610 5492 2658 5539 et
2695 5484 2899 5537 salt-are
2914 5482 2982 5535 ’⁸.
3010 5479 3076 5535 Et
3098 5488 3350 5535 mortuus
3369 5483 3456 5531 cst
3485 5488 3596 5528 non

1614 5603 1663 5636 ’θ
1704 5603 1724 5656 1
1752 5602 1919 5662 Thess

1620 5675 1676 5716 in
1713 5675 1917 5716 ninlnh'c

2019 5648 2029 5671 ,
2057 5605 2147 5660 2L
2224 5604 2291 5637 ³⁸·
2320 5601 2546 5658 Rectius
2574 5599 2760 5655 forsan
2792 5596 2995 5667 legeris
3021 5610 3037 5650 :
3070 5611 3162 5649 nec
3186 5592 3406 5716 (plures)
3440 5589 3601 5644 occisi

2046 5678 2090 5708 ιι
2136 5680 2260 5716 lup,
2306 5688 2405 5716 nn
2658 5672 2708 5705 ³³
2748 5669 2937 5716 Matth.
2967 5682 3125 5716 ηιιι.
3158 5666 3191 5716 '5
3234 5705 3248 5716 .
3352 5665 3401 5696 “
3438 5661 3597 5716 Deut.

1200 5668 1245 5699 “
1283 5670 1382 5737 al.,
1416 5672 1493 5725 sic
1531 5683 1582 5727 et
1620 5675 1677 5728 in
1713 5675 1938 5731 mclotis.

2046 5678 2090 5708 “
2136 5680 2265 5731 Luc.
2306 5688 2430 5741 xm,
2462 5673 2551 5729 εδ.
2658 5672 2708 5705 ’³
2748 5661 2937 5725 Μιιῆιι.
2967 5682 3125 5732 χχιιι,
3158 5661 3248 5721 37.
3352 5665 3401 5696 "
3438 5661 3597 5717 Deut.
