4052 6304
493 315 519 369 1
530 315 634 371 633

1677 309 2000 368 ORlCENlS
2038 311 2108 367 ΙΝ
2139 310 2554 370 MATTHEUM

3805 295 3831 318 Ι

3599 313 3793 372 Πιιῒ

495 452 596 507 pro
627 444 786 507 gente
813 433 926 490 sola
946 475 960 496 ,
1006 431 1098 485 sed
1133 441 1189 485 ut
1221 431 1498 500 dispersos
1527 431 1668 485 lilios
1698 431 1790 484 Dei
1833 447 2064 502 congre-
2097 436 2137 491 Α
2167 431 2313 502 plum
2343 439 2590 487 sanctum
2623 429 2713 484 Dei
2744 437 2964 498 prepter
2995 427 3258 496 Spiritum
3288 425 3380 481 Dei
3432 427 3794 484 inhabitan-

494 533 650 596 garet
677 525 731 578 in
777 537 943 576 unum
971 539 985 586 ;
1012 519 1214 575 .luilzris
1241 521 1459 590 quidem
1488 521 1580 590 qui
1609 529 1764 576 erant
1793 521 1888 576 lilii
1919 522 2064 576 illius

488 615 790 670 Jerusalem
829 628 950 681 qua:
976 619 1096 665 erat
1125 609 1380 664 deorsum
1411 613 1776 667 comminatus
1818 621 1900 667 est
1921 653 1935 676 ,
1966 627 2064 667 no-

492 706 729 760 lentibus
776 703 1094 771 congregari
1145 703 1248 757 sub
1303 717 1512 772 pennas
1575 717 1705 758 suas
1765 702 2058 758 dicens“:

491 796 628 849 Ecce
663 809 800 848 nunc
845 792 1171 862 relinquetur
1214 794 1355 846 vobis
1389 793 1574 846 domus
1617 803 1788 847 vestra
1831 793 2058 848 deserta.

484 885 718 954 Semper
760 892 942 938 autem
993 883 1075 938 eis
1115 885 1208 952 qui
1257 883 1548 938 noluerunt
1595 885 1911 954 congregari
1960 883 2063 940 sub

483 989 695 1044 pennas
739 973 940 1043 ipsius,
975 973 1298 1027 comminari
1335 981 1389 1028 et
1413 972 1594 1027 dicere
1632 973 1886 1028 Christus
1913 972 2060 1028 vidc-

489 1077 617 1120 tur:
651 1065 787 1120 Ecce
819 1083 954 1118 nunc
992 1065 1312 1136 relinquetur
1351 1065 1494 1120 vobis
1541 1065 1727 1118 domus
1761 1073 1932 1118 vestra
1969 1065 2061 1118 de-

487 1167 666 1224 serta,
709 1157 762 1212 id
795 1166 878 1212 est
909 1157 1091 1211 anima
1125 1165 1302 1210 vestra
1353 1165 1408 1212 et
1447 1171 1669 1225 corpus.
1711 1153 1832 1211 Non
1883 1155 2058 1212 solum

483 1249 632 1304 enim
674 1263 894 1316 corpus,
927 1246 1020 1302 sed
1050 1248 1216 1301 etiam
1251 1247 1432 1300 anima
1469 1245 1807 1314 peccantium
1847 1246 2058 1301 deserta

489 1340 851 1408 relinquitur;
884 1347 940 1393 et
972 1339 1115 1392 sicut
1142 1339 1194 1390 in
1224 1340 1440 1392 deserto
1463 1337 1654 1406 vulpes
1677 1336 1886 1391 faciunt
1907 1337 1958 1390 in
1992 1338 2059 1393 iis

490 1431 696 1495 foveas,
737 1438 791 1484 et
817 1437 1119 1497 serpentes,
1145 1425 1423 1496 generatio
1447 1427 1778 1494 viperarum,
1809 1426 2056 1480 cubatio-

488 1537 600 1575 nes.
661 1519 801 1574 Dicit
849 1527 1029 1572 autem
1073 1515 1383 1570 nolentibus
1425 1517 1736 1585 congregari
1782 1516 1848 1567 ad
1886 1530 2054 1568 cum:

487 1611 752 1674 Quoniam
789 1625 893 1662 non
935 1623 1016 1660 me
1046 1606 1286 1660 videbitis
1334 1611 1557 1670 amodo,
1606 1605 1769 1658 donec
1817 1605 2008 1658 dicatis
2036 1622 2055 1658 ε

490 1701 800 1756 Benedictus
822 1700 912 1770 qui
937 1698 1073 1754 venit
1099 1698 1154 1750 in
1184 1697 1390 1749 nomine
1415 1695 1632 1749 Domini
1655 1696 1722 1747 ’⁷.
1754 1695 1818 1749 Et
1841 1711 1940 1750 nec
1961 1695 2057 1751 Ju-

2176 530 2285 576 tem
2319 520 2373 574 in
2406 536 2486 586 se,
2535 521 2580 574 si
2613 519 2918 590 peccaverit
2950 519 3096 588 ipse,
3125 517 3184 572 tit
3211 533 3379 572 causa
3412 532 3527 572 sua:
3561 516 3798 574 deser-

2172 611 2357 677 tionis,
2387 621 2443 666 ut
2469 611 2782 681 egrediatur
2825 609 3078 664 Christus
3107 609 3176 663 ab
3202 623 3268 664 eo
3299 625 3312 660 :
3352 618 3412 663 ut
3437 609 3532 678 qui
3570 606 3792 664 fuerat

2169 711 2296 757 ante
2343 702 2602 772 templum
2637 700 2754 755 Filii
2781 700 2898 763 Dei,
2929 699 3276 770 postmodum
3323 700 3393 755 sit
3421 701 3624 755 domus
3669 703 3793 755 de-

2169 799 2334 855 serta,
2363 799 2423 844 ut
2451 805 2560 845 non
2587 790 2928 860 relinquatur
2956 789 3008 842 in
3043 803 3110 843 eo
3133 789 3273 858 lapis
3313 805 3479 857 super
3507 789 3784 858 lapidem

2167 897 2234 936 ex
2261 882 2514 938 omnibus
2554 881 2900 952 dogmatibus
2929 888 2986 934 et
3019 880 3174 934 bona:
3202 880 3324 935 vitae
3363 881 3744 934 aedilicationi

2169 971 2270 1026 bus
2292 971 2438 1041 quod
2464 988 2572 1026 non
2597 972 2932 1028 destruatur.
2959 969 3189 1040 Propter
3212 972 3358 1041 quod
3391 972 3782 1028 recordantes

2168 1062 2452 1118 historiam
2499 1063 2824 1119 desertionis
2857 1061 3192 1130 Jerusalem,
3233 1063 3544 1132 prospicere
3585 1062 3778 1118 nobis

2165 1153 2449 1221 debemus,
2477 1165 2540 1210 ut
2585 1169 2652 1210 ne
2683 1155 2992 1224 egrediatur
3025 1155 3276 1211 Christus
3302 1169 3334 1208 e
3363 1155 3565 1224 templo
3599 1153 3775 1223 quod

2165 1251 2248 1298 est
2297 1243 2349 1296 in
2392 1245 2571 1308 nobis,
2600 1253 2659 1298 ut
2687 1244 3076 1301 aediﬁcationes
3107 1245 3292 1314 templi
3324 1245 3497 1298 nostri
3524 1245 3765 1298 incolu-

2166 1349 2280 1388 mes
2310 1335 2415 1388 sint
2445 1331 2715 1403 lapidibus
2745 1345 2797 1389 et
2831 1335 2992 1391 donis
3022 1335 3299 1390 adornata:
3324 1353 3338 1400 ;
3371 1345 3431 1389 ut
3461 1335 3557 1404 qui
3591 1335 3769 1388 vide-

2164 1425 2275 1478 rint
2321 1425 2710 1480 aedilicatioues
2742 1442 2862 1496 qute
2894 1435 3022 1481 sunt
3066 1427 3120 1480 in
3169 1426 3364 1490 nobis,
3399 1425 3588 1480 dicant
3640 1427 3765 1479 mi-

2163 1524 2391 1571 rantes:
2435 1515 2562 1570 Vide
2605 1517 2788 1586 quales
2829 1517 3029 1587 lapides
3072 1527 3122 1571 et
3166 1517 3344 1586 quales
3373 1517 3754 1577 structure”.

2163 1603 2298 1659 Illud
2331 1617 2510 1660 autem
2539 1607 2761 1677 dignum
2790 1615 2874 1662 est
2906 1608 3208 1676 pervidere,
3237 1607 3533 1676 quomodo,
3560 1621 3758 1676 quan—
3813 1634 3828 1643 ι

2162 1705 2276 1752 tum
2305 1698 2372 1752 ad
2401 1707 2642 1764 textum,
2679 1699 2760 1752 sic
2793 1699 3090 1768 loquuntur
3127 1698 3377 1768 discipuli
3409 1697 3475 1752 ad
3508 1696 3750 1762 Iesum,

487 1793 586 1847 dici
615 1801 747 1846 tunc
775 1789 1052 1844 Christum
1086 1787 1362 1849 viderunt,
1395 1801 1497 1842 nec
1523 1785 1667 1841 enim
1699 1787 1849 1840 visus
1875 1796 1958 1843 est
1979 1789 2059 1842 eis
2091 1787 2131 1841 Β
2158 1793 2211 1839 et
2239 1787 2533 1840 ostendunt
2566 1787 2616 1841 ci
2646 1796 2948 1841 structuras
2978 1785 3217 1856 lapidum
3245 1825 3262 1852 ,
3292 1787 3449 1856 quasi
3474 1787 3567 1856 qui
3599 1803 3754 1840 nun-

489 1895 778 1951 resurgens
825 1894 857 1933 a
909 1877 1138 1934 mortuis
1193 1877 1334 1933 sicut
1382 1875 1570 1946 prius,
1614 1875 1707 1930 sed
1741 1875 1951 1944 judicio
2000 1885 2056 1932 et

487 1973 660 2040 gratia
693 1971 938 2042 patribus
965 1969 1344 2023 tantummodo
1368 1967 1570 2036 dignis.
1605 1965 1670 2020 Et
1697 1968 1871 2022 donec
1892 1968 2053 2022 intel-

488 2065 712 2134 ligentcs
737 2061 1100 2118 desertionem
1132 2060 1404 2130 propriam
1429 2059 1665 2114 dixerint
1691 2059 2048 2128 pmnitentes:

488 2155 797 2210 Benedictus
835 2155 925 2225 qui
968 2153 1102 2207 venit
1134 2153 1186 2205 in
1215 2153 1420 2204 nomine
1464 2150 1716 2218 Domini,
1757 2167 1864 2206 non
1899 2151 2052 2207 vide--

489 2247 622 2300 bunt
671 2243 868 2298 Filium
915 2242 1043 2307 Dei,
1081 2257 1180 2296 nec
1206 2241 1463 2296 videbunt
1495 2239 1729 2295 Verbum
1768 2240 1920 2309 ejus,
1954 2255 2052 2296 nec

485 2332 910 2387 considerabunt
963 2330 1419 2401 pulchritudinem
1458 2331 1736 2400 sapientia:
1780 2331 1894 2386 Dei.
1945 2330 2050 2386 Sed

485 2434 536 2477 at
561 2423 606 2478 si
630 2437 696 2477 ex
727 2422 884 2476 nobis
905 2423 1136 2476 voluerit
1158 2421 1354 2492 aliquis
1381 2423 1698 2493 congregari
1718 2423 1820 2478 sub
1844 2437 2050 2493 pennas

483 2514 719 2577 Christi,
765 2515 858 2569 sed
891 2515 1149 2582 operibus
1180 2513 1340 2569 malis
1367 2513 1698 2568 recusaverit
1733 2515 2050 2586 congregari

483 2607 587 2661 sub
631 2621 836 2675 pennas
882 2607 1036 2675 ejus,
1084 2607 1194 2676 jam
1242 2621 1350 2660 non
1388 2605 1590 2660 videbit
1633 2605 1868 2662 Verbum
1921 2606 2048 2676 Dei,

483 2698 718 2751 maxime
739 2713 801 2751 ex
837 2705 1075 2766 tempore
1103 2697 1195 2752 illo
1223 2713 1288 2752 ex
1319 2711 1428 2768 quo
1451 2705 1870 2768 congregantem
1897 2697 2046 2752 illum

482 2803 578 2858 per
622 2789 868 2860 singulos
901 2789 1018 2842 dies
1050 2788 1244 2859 refugit
1277 2799 1400 2843 actu
1454 2789 1626 2859 magis
1665 2803 1828 2859 quam
1883 2787 2051 2860 850

481 2895 708 2950 corpore
752 2897 768 2934 :
818 2888 872 2935 et
923 2881 1109 2934 taudiu
1171 2895 1277 2936 non
1327 2881 1530 2934 videbit
1591 2879 2049 2950 pulchritudinem

484 2971 676 3036 Verbi,
723 2970 775 3024 id
805 2977 889 3024 est
913 2968 1193 3024 Christum
1214 3009 1228 3034 ,
1263 2968 1435 3023 donec
1463 2981 1761 3022 conversus
1789 2975 1843 3021 et
1875 2965 2052 3037 poeni-

488 3073 603 3117 tcus
631 3077 662 3114 a
693 3062 972 3130 proposito
1009 3061 1154 3115 malo
1205 3061 1350 3114 dicat
1391 3078 1404 3114 :
1452 3059 1764 3114 Benedictus
1795 3059 1884 3131 qui
1914 3060 2048 3115 venit

485 3152 540 3202 in
581 3151 786 3204 nomine
822 3150 1054 3202 Domini.
1092 3148 1245 3203 Tunc
1293 3150 1435 3202 enim
1473 3148 1706 3202 Verbum
1744 3147 1836 3204 Dei
1883 3149 2052 3204 bene-
2078 3121 2121 3178 ϐ

483 3242 708 3304 dictum,
737 3247 791 3293 et
817 3239 1097 3292 benedicta
1129 3239 1393 3308 sapientia
1436 3238 1532 3298 Dei
1566 3239 1791 3294 veniens
1822 3241 1969 3294 venit
1999 3240 2054 3295 in

484 3329 704 3384 nomine
734 3327 825 3382 Dei
862 3327 1039 3384 Patris
1087 3344 1248 3398 super
1273 3345 1368 3385 cor
1395 3330 1656 3398 hominis,
1689 3331 1909 3401 quando
1937 3330 2054 3387 fuc-

481 3419 552 3474 rit
583 3418 708 3488 quis
736 3435 1035 3474 conversus
1061 3421 1126 3474 ad
1157 3419 1346 3474 Deum.

551 3531 644 3588 29.
686 3531 754 3585 Et
775 3549 1008 3603 egressus
1037 3531 1192 3586 Iesus
1223 3532 1287 3588 de
1310 3533 1524 3605 templo,
1555 3535 1689 3590 ibat.
1719 3533 1789 3590 Et
1818 3552 2050 3592 accesse-

480 3635 605 3680 runt
635 3626 704 3679 ad
725 3643 844 3680 eum
876 3627 1124 3696 discipuli
1144 3627 1257 3696 ejus
1291 3637 1347 3680 ut
1380 3627 1708 3681 ostenderent
1737 3629 1786 3682 ei
1815 3637 2051 3682 structu-

395 3771 402 3779 _
479 3733 570 3771 ras
598 3719 794 3787 templi.
821 3717 978 3772 Jesus
1003 3729 1178 3772 autem
1206 3720 1543 3790 respondens,
1573 3721 1712 3776 dixit
1735 3722 1808 3776 eis
1839 3738 1860 3775 :
1893 3720 2050 3776 Vide-

481 3811 551 3862 tis
579 3809 686 3864 lnec
707 3811 926 3866 omnia?
953 3813 1115 3864 Amen
1136 3811 1254 3864 dico
1288 3811 1450 3878 vobis,
1482 3828 1585 3865 non
1626 3814 1944 3882 relinquetur
1963 3813 2047 3867 hic

482 3901 620 3968 lapis
646 3917 804 3970 super
830 3901 1058 3972 lapidem
1077 3905 1166 3974 qui
1199 3921 1302 3958 non
1331 3904 1639 3958 destruatur
1660 3905 1726 3957 “.
1752 3904 2048 3976 Postquam

482 3989 666 4043 tritinia
697 4005 819 4058 quae
849 4006 1012 4060 super
1037 3990 1338 4046 Jerusalem
1383 4003 1608 4048 ventura
1641 3994 1857 4048 fuerant
1886 3995 2038 4049 Chri-

481 4092 600 4134 stus
627 4081 910 4149 prmdixit,
957 4083 1089 4138 exiit
1134 4085 1200 4139 de
1247 4085 1474 4155 templo,
1505 4085 1598 4155 qui
1629 4095 2050 4142 conservaverat

481 4174 740 4242 templum
772 4239 777 4246 .
807 4188 873 4228 ne
919 4177 1137 4230 caderet
1181 4177 1353 4231 donec
1406 4176 1508 4232 fuit
1560 4177 1612 4232 in
1657 4195 1744 4234 eo.
1795 4178 2045 4246 Quamliu

479 4263 627 4316 eiiim
661 4261 764 4317 fuit
797 4264 1032 4317 Verbum
1065 4265 1205 4334 apud
1235 4265 1486 4335 .ludmos,
1519 4283 1627 4323 non
1661 4268 1916 4326 auferens
1957 4287 2047 4326 re-

479 4368 644 4423 gnum
680 4352 770 4408 Dei
799 4355 869 4406 ab
902 4354 982 4408 eis
1007 4394 1022 4420 ,
1080 4357 1264 4410 taudiu
1297 4361 1475 4423 stetit,
1515 4368 1570 4413 ct
1605 4359 1903 4416 incolumes
1929 4361 2045 4418 fuc-

2157 1891 2320 1945 quam
2349 1876 2547 1932 viderit
2576 1877 2753 1946 ipsum
2787 1876 3082 1946 templum,
3133 1877 3228 1931 sed
3277 1876 3497 1930 aliunde
3531 1877 3586 1930 in
3620 1875 3747 1944 pri-

2154 1967 2260 2022 mis
2294 1968 2614 2038 percgrinus
2648 1968 2944 2023 advenerit.
2991 1967 3071 2022 Ad
3120 1966 3226 2022 hoc
3279 1967 3353 2020 ita
3387 1975 3470 2022 est
3511 1981 3748 2032 respon-

2153 2057 2388 2112 dendum
2444 2073 2457 2110 :
2504 2061 2764 2126 quoniam
2821 2059 3154 2129 prophetans
3203 2060 3457 2130 superius
3513 2059 3744 2113 ruinam

2155 2145 2330 2216 ipsius
2359 2144 2596 2202 futuram
2639 2146 2892 2202 Christus
2931 2157 2984 2203 et
3021 2147 3381 2202 desertionem
3404 2189 3418 2213 ,
3469 2151 3550 2204 sic
3577 2162 3743 2202 com-

2154 2239 2394 2292 minatus
2422 2247 2504 2292 cst
2536 2254 2548 2290 :
2586 2236 2720 2292 Ecce
2751 2255 2886 2293 nunc
2915 2237 3240 2308 relinquetur
3262 2241 3404 2292 vobis
3429 2241 3620 2292 domus
3647 2255 3740 2292 ve-

2151 2341 2267 2386 stra
2287 2331 2492 2384 deserta
2509 2330 2646 2384 ³³⁸³⁸.
2673 2330 2968 2386 Audientes
2989 2331 3240 2401 discipuli
3272 2331 3452 2384 mirati
3482 2340 3612 2385 sunt
3644 2339 3736 2386 ta-

2153 2421 2258 2476 lem
2288 2429 2342 2474 et
2365 2429 2570 2475 tantam
2609 2421 2791 2490 templi
2827 2428 3160 2474 structuram
3203 2421 3271 2474 ad
3321 2420 3553 2473 nihilum
3583 2419 3736 2474 redi-

2153 2511 2411 2584 gendam;
2463 2520 2748 2582 propterea
2796 2511 2988 2567 dicunt
3032 2511 3100 2566 ad
3149 2509 3336 2566 Jesum
3368 2553 3383 2577 ,
3415 2511 3560 2566 sicut
3587 2511 3734 2566 alter

2153 2605 2497 2660 manifestius
2561 2606 2693 2660 dicit
2755 2605 3084 2676 evangelista
3149 2623 3163 2658 :
3217 2601 3508 2675 Magister,
3584 2605 3730 2660 vides

2151 2696 2332 2767 quales
2377 2695 2608 2767 lapides,
2655 2705 2706 2752 et
2746 2697 2927 2768 quales
2973 2697 3294 2752 structum!
3360 2695 3626 2752 Videlicet
3671 2706 3733 2751 ut

2151 2789 2427 2844 ﬂecterent
2459 2805 2584 2844 eum
2628 2791 2694 2844 ad
2735 2789 3169 2846 misericordiam
3209 2790 3313 2846 loci
3343 2790 3512 2858 illius,
3545 2807 3613 2846 ne
3644 2789 3724 2844 fa-

2151 2890 2294 2936 ceret
2325 2881 2468 2950 quod
2499 2881 2678 2936 fuerat
2706 2885 3090 2940 comminatus.

2221 2992 2311 3048 50.
2352 2992 2417 3049 Ει
2443 2994 2558 3048 haec
2605 2993 2964 3064 corporaliter
2989 2993 3134 3050 dicta
3167 2994 3296 3049 sint.
3323 2991 3598 3049 Moraliter
3625 3009 3720 3049 au-

2154 3090 2259 3137 tem
2289 3084 2392 3139 hoc
2418 3085 2600 3139 modo.
2643 3083 2778 3140 Cum
2814 3085 2886 3141 sit
2915 3084 3167 3139 humanae
3193 3092 3402 3139 natura:
3431 3084 3725 3140 admirabi-

2155 3173 2223 3230 lis
2266 3175 2605 3230 constructio
2659 3175 2840 3243 l'acta,
2898 3175 3148 3232 videlicet
3201 3176 3460 3246 templum
3509 3176 3604 3232 Dei
3667 3187 3724 3232 et

2156 3263 2316 3320 Verbi
2350 3265 2503 3336 ejus,
2537 3267 2790 3338 discipuli
2824 3269 3116 3339 exterique
3159 3269 3370 3336 sancti,
3405 3284 3514 3325 non
3543 3269 3719 3324 solum

2153 3365 2304 3424 tunc,
2333 3359 2428 3414 sed
2455 3357 2620 3413 etiam
2657 3359 2820 3414 modo
2869 3359 3117 3414 miranda
3163 3374 3326 3430 opera
3373 3361 3468 3415 Dei
3500 3376 3627 3431 erga
3661 3361 3720 3415 li-

2153 3459 2430 3519 gmentum
2465 3449 2764 3504 humanum
2799 3449 3147 3514 conﬁtentes,
3196 3459 3323 3506 ante
3373 3461 3716 3522 conspectum

2151 3539 2355 3594 Christi
2391 3539 2761 3604 intercedunt,
2793 3547 2846 3594 et
2877 3545 3172 3608 provocant
3215 3537 3517 3606 Christum,
3559 3548 3613 3594 ut
3652 3556 3718 3594 ne

2151 3629 2368 3685 deserat
2405 3645 2576 3700 genus
2609 3630 2908 3683 humanum
2938 3639 3156 3699 propter
3196 3637 3420 3698 peccata
3455 3630 3713 3700 ipsorum,

2148 3723 2246 3778 sed
2296 3722 2468 3790 magis
2512 3731 2764 3776 moveant
2807 3736 2933 3776 eum
2981 3721 3047 3774 ad
3099 3721 3491 3792 indulgentiam
3556 3736 3714 3791 opera

2149 3814 2271 3884 ejus
2316 3813 2593 3877 miranda,
2641 3828 2804 3883 quam
2847 3813 2914 3867 ad
2963 3812 3300 3868 iracundiam
3335 3813 3596 3883 iniquitas
3623 3827 3714 3866 eo-

2149 3921 2295 3958 rum.
2330 3905 2518 3960 Aliter.
2559 3903 2714 3960 Sicut
2763 3903 2894 3958 illud
2939 3905 3198 3974 templum
3229 3920 3334 3958 non
3371 3905 3595 3960 insemel
3633 3913 3716 3958 est

2148 3997 2390 4052 dirutum
2416 4037 2431 4062 ,
2464 3997 2556 4052 sed
2593 3995 2854 4066 paulatim
2895 4008 3138 4065 tempore
3180 3996 3493 4066 procedenti
3517 4039 3531 4060 ,
3564 3996 3632 4049 ita
3661 4003 3712 4050 et

2148 4090 2326 4144 omnis
2353 4089 2518 4144 homo
2546 4089 2640 4158 qui
2673 4088 2902 4158 suscipit
2945 4088 2998 4140 in
3045 4103 3105 4142 se
3141 4087 3367 4142 verbum
3403 4086 3532 4153 Dei,
3579 4095 3710 4141 tem-

2147 4182 2296 4252 plum
2327 4190 2429 4236 est.
2459 4179 2526 4235 Et
2552 4181 2598 4235 si
2627 4181 2845 4249 quidem
2878 4189 2998 4248 post
3058 4187 3340 4249 peccatum
3373 4194 3479 4233 non
3508 4179 3572 4232 ad
3601 4178 3707 4246 plc-

2149 4283 2278 4321 uum
2308 4266 2508 4322 decidit
2533 4283 2564 4320 a
2595 4267 2760 4322 verbo
2797 4265 2910 4334 Dei,
2942 4267 3038 4322 sed
3073 4267 3252 4321 adhuc
3275 4266 3446 4322 salvat
3471 4279 3533 4320 ex
3557 4273 3704 4333 parte

2151 4358 2376 4429 vestigia
2413 4359 2536 4414 lidei
2567 4366 2622 4413 et
2659 4357 2938 4428 religionis
2975 4357 3030 4411 in
3065 4373 3126 4412 se
3165 4359 3537 4412 mandatorum
3582 4353 3700 4422 Dei,

480 4453 606 4498 runt
655 4460 741 4500 res
791 4443 1124 4501 Judzeorum.
1181 4445 1472 4518 Postquam
1523 4465 1684 4514 \ero,
1747 4454 2044 4509 secundum
2081 4457 2124 4512 D
2155 4452 2411 4520 templum
2441 4459 2526 4506 est
2559 4465 2622 4504 ex
2658 4457 2811 4520 parte
2841 4450 3176 4506 destructum
3215 4461 3270 4506 et
3304 4465 3368 4504 ex
3401 4459 3550 4520 parte
3579 4463 3702 4504 con-

481 4536 704 4590 verbum
742 4537 914 4606 ipsius
941 4538 1086 4606 quod
1117 4537 1329 4592 dixerat
1356 4555 1371 4592 :
1404 4542 1686 4610 Aulerctur
1723 4559 1756 4596 a
1794 4543 1936 4598 vobis
1969 4561 2051 4600 re.

480 4641 642 4694 guunt
667 4625 782 4690 Dei,
811 4636 861 4680 et
891 4627 1108 4681 dabitur
1141 4629 1280 4698 genti
1307 4628 1522 4699 facienti
1544 4631 1776 4700 fructum
1807 4651 1960 4689 suum
1978 4639 2046 4702 ’9,

480 4716 705 4772 abstulit
740 4734 961 4790 regnum
995 4719 1110 4786 Dei,
1141 4730 1195 4775 et
1220 4721 1468 4791 gentibus
1501 4724 1686 4793 dedit;
1715 4734 1844 4782 tunc
1873 4737 1927 4782 et
1954 4727 2045 4784 Je-

481 4822 578 4862 sus
613 4819 669 4864 et
715 4825 937 4873 regnum
983 4811 1078 4867 Dei
1119 4812 1248 4866 facti
1285 4822 1416 4867 sunt
1457 4816 1596 4884 apud
1629 4825 1834 4886 gentes.
1888 4819 2045 4876 Unde

481 4914 632 4954 nunc
663 4915 764 4954 nec
788 4901 969 4970 Jesus,
1005 4919 1103 4958 nec
1131 4921 1356 4976 regnum
1387 4905 1482 4960 Dei
1517 4909 1660 4978 apud
1687 4907 1904 4966 Iudaeos
1943 4911 2043 4965 ha-

481 4989 660 5058 betur,
691 4991 818 5060 quia
847 4992 1016 5050 relicti
1047 5003 1172 5048 sunt
1199 4997 1334 5049 sicut
1364 4995 1760 5050 tabernaculum
1786 4999 1841 5050 in
1869 4999 2042 5063 vinea,

2148 4541 2368 4596 sistens.
2399 4538 2502 4606 Qui
2531 4549 2710 4594 autem
2742 4553 3028 4610 posupnam
3059 4541 3390 4610 peccaverit,
3416 4555 3601 4596 curam
3631 4539 3708 4596 sui

2143 4649 2252 4688 non
2288 4633 2486 4700 habet,
2519 4632 2614 4688 sed
2650 4648 2865 4702 semper
2907 4647 2940 4686 a
2985 4632 3088 4686 tide
3136 4633 3410 4698 decurrit,
3454 4642 3510 4688 et
3549 4649 3578 4686 ιι
3611 4634 3707 4689 vita

2151 4739 2273 4794 quae
2295 4731 2381 4778 est
2401 4723 2699 4778 secundum
2733 4721 3108 4794 Evangelium,
3139 4723 3396 4792 paulatim
3430 4722 3703 4790 minuitur,

2151 4815 2324 4870 donec
2355 4815 2422 4870 ad
2463 4815 2682 4885 plenum
2715 4815 2932 4870 recedat
2982 4830 3010 4868 a
3061 4814 3169 4870 Deo
3215 4817 3449 4883 viventi,
3507 4816 3594 4871 hic
3632 4827 3706 4871 est

2153 4906 2411 4975 templum
2440 4905 2493 4960 in
2524 4921 2633 4975 quo
2665 4919 2771 4959 non
2806 4905 3146 4974 relinquatur
3169 4906 3308 4975 lapis
3341 4906 3613 4976 dogmatis
3629 4922 3706 4960 su-

2149 5015 2246 5070 per
2280 5000 2510 5071 lapidcm
2537 4999 2923 5057 mandatorum
2948 5002 3070 5068 Dei,
3114 5001 3206 5071 qui
3242 5016 3346 5056 non
3382 5001 3701 5055 destruatur.

477 5092 530 5138 et
559 5083 696 5138 sicut
727 5083 910 5136 casula
934 5087 990 5136 in
1019 5090 1414 5156 cucumerario,
1449 5099 1498 5142 et
1547 5089 1682 5143 sicut
1715 5091 1902 5145 civitas
1932 5109 2050 5162 qua:
2145 5091 2256 5148 Nos
2305 5108 2434 5164 ergo
2489 5095 2802 5166 prospicere
2852 5095 3010 5150 nobis
3061 5095 3356 5158 debemus,
3424 5103 3484 5148 ut
3541 5099 3704 5148 oumis

475 5187 810 5247 expugnatur
828 5177 892 5244 ³ο,
946 5187 1164 5246 propter
1211 5178 1424 5236 facinus
1467 5181 1614 5252 quod
1657 5185 2052 5240 commiserunt
2146 5186 2435 5241 aediﬁcatio
2472 5187 2688 5257 pietatis
2739 5187 2792 5241 in
2837 5188 2994 5242 nobis
3057 5187 3263 5256 integra
3301 5195 3623 5256 perseveret,
3654 5195 3704 5240 ut

479 5268 534 5322 in
575 5267 880 5324 Christum.
937 5267 1000 5323 Et
1047 5273 1422 5343 unusquisque
1470 5273 1772 5343 suscipiens
1824 5276 2048 5330 verbum
2147 5287 2202 5334 et
2232 5256 2502 5350 lapidibus
2533 5281 2855 5335 salutarium
2885 5280 3200 5350 dogmatum
3237 5256 3508 5344 adornaii,
3533 5285 3587 5332 et
3614 5277 3700 5331 do-

478 5359 610 5426 l)ei,
641 5362 898 5432 templum
947 5371 1031 5418 est
1071 5361 1163 5417 Dei
1189 5404 1205 5430 ,
1234 5373 1294 5418 ut
1332 5376 1476 5420 recte
1515 5367 1726 5420 dicatur
1762 5368 1828 5422 ad
1875 5383 2041 5422 eum:

480 5451 710 5507 Nescitis
735 5456 858 5524 quia
883 5455 1129 5523 templum
1169 5455 1265 5530 Dei
1297 5458 1444 5524 estis,
1476 5467 1524 5512 et
1555 5455 1786 5526 Spiritus
1823 5458 1920 5512 Dei
1945 5459 2042 5511 Ita-

477 5541 610 5596 bitat
655 5546 711 5597 in
746 5545 891 5600 vobis
913 5547 992 5602 "ft
1032 5547 1418 5621 Unusquisque
1455 5565 1586 5620 ergo
1628 5565 1752 5604 cum
1795 5551 1869 5606 sit
1901 5559 2041 5606 tem-

548 5659 594 5690 ³⁸
631 5658 821 5729 Matth.
859 5679 1015 5729 χχιιι,
1049 5664 1136 5718 '58.
1212 5666 1256 5697 ’⁷
1292 5665 1424 5720 ibid.
1463 5665 1550 5719 59.

478 5743 558 5789 ιιι,
593 5728 674 5782 16.
754 5731 798 5762 ³¹
836 5731 1002 5790 Marc.
1047 5750 1166 5801 xui,
1211 5736 1260 5788 1.
1336 5734 1453 5765 ³³³³
1492 5734 1681 5790 Matth.
1711 5753 1876 5803 χχιιι,
1911 5737 1997 5791 58.

1657 5667 1702 5698 ⁸⁸
1739 5665 1926 5720 Matth.
1963 5683 2124 5736 xxxv,
2161 5669 2209 5735 1,
2237 5670 2292 5724 2.

2153 5375 2239 5429 nis
2281 5374 2544 5428 bonorum
2579 5388 2804 5442 operum
2856 5373 3092 5428 decorati
3134 5371 3414 5440 capiamus
3460 5371 3514 5424 in
3562 5369 3700 5424 nobis

2157 5465 2247 5518 Dei
2281 5465 2558 5531 virtutem,
2593 5475 2644 5518 et
2675 5464 2928 5535 gloriam,
2953 5474 3006 5520 et
3031 5463 3330 5530 Christutn,
3359 5461 3452 5532 qui
3479 5471 3564 5518 est
3583 5458 3700 5516 Vero

2149 5555 2279 5610 bum
2314 5565 2362 5612 et
2396 5556 2658 5626 sapientia
2687 5554 2800 5611 Dei.

2405 5674 2448 5704 ’ν
2486 5669 2676 5725 Matth.
2721 5684 2851 5737 xxi,
2891 5668 2979 5723 45.
3057 5669 3100 5700 ³⁸
3140 5668 3239 5722 lsa.
3276 5682 3314 5732 ι,
3343 5667 3397 5722 8.
3474 5665 3703 5726 "lCor.
