4052 6304
343 386 486 450 ιθιι

1482 382 2137 452 ΕθΜΜΕΝΤΑῐΠΟΙὶυΜ
2179 389 2440 449 sentes.

3476 389 3608 449 ιιμί

426 517 516 573 5|.
558 514 622 570 Et
647 514 867 571 tertiam
912 512 1309 582 exposititinct'n
1356 492 1659 570 introducit
1711 513 1931 583 quidam
1961 520 2009 576 Α
2038 511 2266 567 istorum
2292 549 2309 576 ,
2359 509 2622 579 quoniam
2657 507 2928 564 interdum
2959 509 3176 579 quidem
3227 509 3485 567 Pharisaei
3518 527 3608 567 acv

342 604 674 675 hujusmodi
706 621 721 660 :
749 602 1008 673 quoniam
1046 603 1307 672 templum
1334 613 1453 660 erat
1478 604 1573 661 Dei
1604 605 1929 662 aediﬁcatum

340 696 760 765 compositione
816 707 1134 748 sermonum
1204 695 1667 766 signiﬁcantium.
1751 698 1933 752 omnis

340 785 635 855 Scriptura
666 783 875 839 Veteris
905 782 1239 841 Testamenti
1282 787 1584 843 secundum
1643 789 1929 844 historiam

339 875 601 929 videlicet
626 882 960 930 constructa.
990 873 1164 941 Quam
1213 876 1306 946 qui
1331 888 1755 934 construxerunt
1785 878 1932 950 Moy-

337 977 443 1018 ses
490 962 573 1017 vel
622 962 900 1032 prophetae
951 963 1439 1033 circumpositione
1490 966 1830 1035 litterarum,
1879 976 1933 1022 et

333 1054 694 1109 ordinatione
732 1052 1034 1120 dictorum,
1081 1054 1490 1111 mdiﬁcaverunt
1526 1058 1786 1114 omnibus
1836 1060 1932 1112 ad-

336 1143 660 1198 mirandam
692 1151 915 1214 propter
946 1143 1412 1213 pulchritudinem
1446 1148 1687 1217 lapidum
1711 1188 1726 1214 ,
1764 1149 1815 1204 id
1848 1158 1930 1204 est

334 1233 649 1289 electorum
680 1234 987 1300 dictorum,
1032 1243 1087 1289 et
1133 1235 1295 1292 donis
1330 1252 1592 1294 sensuum
1625 1239 1929 1295 laudando-

334 1339 498 1378 rum.
549 1322 699 1378 llanc
746 1324 1000 1395 discipuli
1043 1325 1338 1382 ostendunt
1384 1326 1513 1383 Jesu
1571 1329 1930 1400 suscipientes

329 1429 542 1469 omnes
569 1412 913 1484 Scripturas;
944 1414 1011 1470 ad
1049 1430 1188 1487 quos
1213 1414 1466 1473 Christus
1493 1419 1776 1489 respondit
1800 1462 1815 1484 ,
1847 1420 1929 1474 di-

339 1520 485 1559 vsens
513 1505 897 1560 destruendam
951 1519 1072 1562 esse
1117 1520 1148 1560 a
1202 1504 1375 1562 Verbo
1418 1508 1558 1564 hanc
1591 1510 1927 1578 corporalem

339 1604 404 1650 et
450 1595 683 1666 primam
732 1597 1067 1663 editionem,
1118 1606 1179 1652 ut
1229 1598 1527 1653 aediﬁcetur
1586 1600 1826 1655 divinius
1876 1611 1929 1655 et

341 1687 719 1758 mysterialius
745 1687 1005 1758 templum
1042 1685 1340 1757 Scriptum:
1367 1688 1614 1746 alterius.
1644 1689 1926 1761 Templum

334 1789 529 1835 autem
560 1796 683 1837 esse
726 1778 1065 1850 Scripturam
1107 1782 1362 1851 exposuit
1387 1782 1610 1853 quidam
1641 1793 1772 1840 ante
1802 1800 1924 1840 nos.

2033 600 2254 667 cedunt,
2285 602 2399 655 sive
2425 608 2718 667 tentantes,
2768 600 2884 655 sive
2914 599 3154 670 quolibet
3181 600 3344 656 modo
3372 601 3602 657 interro-

2032 701 2223 767 gantes
2248 713 2263 760 ;
2297 693 2568 749 interdum
2597 702 2778 750 autem
2810 692 2902 748 alii
2928 692 3140 748 discere
3170 693 3457 762 cupientes
3477 704 3500 747 ξ
3532 702 3615 749 ta-

2032 799 2157 839 men
2193 799 2473 853 nunquam
2508 791 2717 839 secrete
2748 782 3014 838 accedunt
3045 797 3111 836 ex
3142 781 3513 839 multitudine.
3549 780 3617 838 Et

2031 874 2263 930 forsitan
2313 890 2487 945 usque
2539 889 2685 930 nunc
2737 872 2830 944 qui
2887 870 3216 943 praecipuam
3251 879 3615 943 susceperunt

2029 966 2222 1031 vitam,
2266 974 2322 1019 et
2368 973 2587 1035 propter
2614 965 2717 1018 hoc
2753 963 2956 1017 habent
3013 961 3267 1017 ﬁduciam
3301 969 3428 1016 ante
3456 960 3614 1016 Chri-

2031 1065 2199 1123 stum,
2227 1056 2432 1126 aliquid
2458 1056 2692 1125 amplius
2717 1054 2978 1109 habentes
3008 1068 3173 1124 quam
3205 1052 3280 1107 illi
3303 1052 3397 1123 qui
3420 1069 3485 1108 ex
3509 1052 3613 1108 ﬁde

2029 1148 2306 1204 communi
2329 1144 2678 1203 acceduntad
2709 1143 2928 1211 Jcsum,
2959 1144 3148 1200 dicunt
3197 1143 3264 1198 ad
3309 1156 3472 1199 eum:
3517 1142 3614 1197 Dic

2029 1238 2199 1307 nobis,
2228 1239 2437 1311 quando
2466 1248 2618 1292 erunt
2644 1236 2753 1291 haec
2780 1237 2805 1290 .’
2836 1235 3007 1303 Qum?
3043 1235 3199 1303 Quod
3218 1234 3294 1291 ait
3316 1252 3330 1290 :
3355 1231 3481 1288 Non
3502 1245 3613 1288 sta-

2028 1331 2103 1386 bit
2131 1331 2213 1385 hic
2238 1329 2375 1400 lapis
2424 1345 2581 1399 super
2622 1327 2853 1398 lapidem
2902 1328 2994 1399 qui
3025 1344 3128 1381 non
3159 1328 3490 1382 destruatur.
3547 1325 3614 1381 Et

2028 1439 2137 1477 non
2163 1422 2268 1476 hoc
2300 1422 2476 1476 solum
2502 1421 2714 1476 discere
2750 1419 2977 1486 volunt,
3029 1420 3123 1475 sed
3167 1419 3331 1474 etiam
3389 1418 3607 1489 signum

2028 1515 2294 1570 adventus
2314 1513 2518 1569 Christi
2551 1521 2607 1567 et
2630 1511 3127 1567 consummationis
3154 1511 3374 1578 saeculi;
3422 1519 3477 1567 et
3498 1512 3609 1567 duo

2028 1615 2217 1677 petunt
2238 1605 2309 1660 ab
2332 1620 2418 1666 eo,
2447 1605 2664 1674 signum
2690 1603 2954 1658 adventus
2990 1602 3164 1673 ipsius
3190 1645 3206 1671 ,
3253 1613 3307 1658 et
3350 1618 3609 1658 consum—

2028 1696 2284 1751 mntionis
2316 1695 2521 1752 saeculi.
2569 1693 2663 1751 Est
2707 1710 2838 1766 ergo
2874 1695 2927 1750 in
2957 1692 3143 1749 multis
3183 1693 3404 1764 quidem
3432 1695 3611 1750 credi-

2028 1798 2119 1842 tus
2149 1787 2412 1842 adventus
2442 1784 2565 1840 Filii
2598 1784 2693 1840 Dei
2730 1795 2780 1841 et
2832 1783 3326 1842 consummationis
3381 1785 3563 1842 szeculi
3588 1826 3608 1852 ,

338 1870 414 1927 Et
459 1874 716 1942 quoniam
784 1873 878 1942 qui
929 1872 1253 1928 adversatur
1320 1883 1374 1928 et
1424 1874 1705 1929 extollitur
1757 1890 1923 1946 supra
1960 1860 1999 1914 Β
2028 1880 2297 1949 praecipue
2328 1886 2505 1931 tamen
2541 1877 2594 1931 in
2634 1876 2716 1932 eis
2748 1877 2840 1947 qui
2867 1874 3253 1947 elegantiorem
3295 1877 3463 1932 vitam
3518 1892 3609 1932 se-

334 1979 509 2019 omne
529 1964 673 2035 quod
698 1963 900 2019 dicitur
925 1962 1088 2029 Deus,
1116 1963 1209 2034 qui
1240 1964 1393 2020 sedet
1424 1965 1479 2019 in
1510 1967 1713 2036 templo
1744 1966 1835 2022 Dei
1855 1968 1921 2030 ³³,

336 2055 741 2121 Άηιίοιιτίειυε,
772 2053 944 2109 falsus
965 2062 1052 2110 est
1079 2069 1263 2117 sermo
1291 2055 1382 2125 qui
1410 2055 1463 2110 in
1499 2055 1800 2127 Scriptttris
1834 2058 1926 2113 Ita-

334 2149 527 2214 betur,
561 2148 654 2217 qui
688 2147 914 2203 simulat
942 2147 1258 2214 veritatem,
1298 2147 1580 2217 proferens
1607 2149 1923 2206 testimonia

338 2240 640 2309 impiorum
696 2238 1010 2310 dogmatum
1041 2238 1109 2293 de
1140 2235 1441 2308 Sctipturis
1476 2239 1674 2308 placari
1703 2240 1923 2297 aliunde

335 2333 654 2389 nolentibus
687 2351 701 2388 :
729 2340 786 2388 et
816 2332 933 2402 ipse
960 2338 1047 2386 est
1072 2330 1166 2400 qui
1192 2330 1537 2397 adversatur,
1563 2342 1619 2388 et
1647 2348 1811 2403 super
1838 2349 1923 2389 ca-

334 2424 589 2479 thedram
625 2423 1033 2493 Scripturarum
1061 2463 1078 2490 ,
1105 2430 1161 2477 et
1190 2437 1357 2492 super
1377 2422 1793 2480 aediﬁcationem
1830 2440 1922 2481 ea-

338 2530 464 2569 rum
499 2516 684 2579 sedet,
720 2516 1015 2572 ostendens
1047 2532 1107 2572 se
1136 2518 1297 2588 quasi
1331 2520 1405 2575 sit
1452 2518 1616 2576 Deus.
1659 2521 1820 2592 851
1856 2520 1921 2577 Et

340 2621 561 2676 semper
586 2615 671 2661 est
706 2607 893 2662 videre
920 2623 1203 2671 sermones
1232 2609 1525 2678 haeresum,
1565 2611 1922 2668 antichristos

339 2696 396 2750 in
443 2698 644 2768 templo
676 2698 1083 2767 Scripturarum
1132 2700 1413 2768 sedentes,
1455 2711 1509 2759 et
1547 2718 1608 2758 es
1660 2703 1795 2774 ipsis
1824 2720 1920 2759 vo-

336 2787 514 2845 ientes
545 2805 639 2845 eos
668 2791 881 2861 placare
911 2792 1003 2863 qui
1036 2792 1291 2857 audiunt,
1326 2805 1588 2865 tanquam
1626 2797 1921 2867 unusquis-

333 2894 448 2948 que
471 2891 663 2936 eorum
692 2882 809 2952 ipse
836 2884 908 2961 sit
940 2884 1081 2940 Deus
1112 2883 1345 2941 Verbum
1380 2888 1433 2941 in
1463 2886 1788 2958 Scripturis.

409 2973 500 3027 3‘2.
534 2971 758 3028 ’Sedente
785 2984 958 3029 autent
988 2976 1102 3044 ipso
1134 2993 1290 3043 super
1311 2989 1538 3033 montem
1565 2978 1761 3034 (Niceti
1778 3020 1794 3043 ,
1827 2996 1918 3034 ac-

335 3065 605 3116 cesserunt
641 3064 710 3115 ad
768 3080 886 3116 eum
940 3065 1193 3136 discipuli
1247 3066 1360 3134 ejus
1410 3077 1608 3122 secreto
1639 3068 1915 3122 dicentes:

2026 1977 2264 2024 ctantur.
2302 1966 2394 2022 Est
2422 1974 2474 2022 et
2505 1966 2664 2022 aliter
2714 1966 2898 2022 videre
2940 1964 3210 2034 duplicem
3262 1965 3468 2021 Christi
3502 1967 3602 2023 ad-

2025 2067 2271 2125 ventum,
2304 2058 2354 2112 id
2382 2068 2465 2112 est
2490 2058 2781 2111 azlrcntum
2816 2048 2977 2111 Verbi
3008 2053 3603 2111 iuanimam.Primum

2027 2150 2245 2221 quidem
2279 2150 2461 2218 rudes,
2486 2159 2540 2204 et
2558 2159 2690 2206 tunc
2714 2146 3041 2219 incipientes
3082 2162 3415 2219 cognoscere
3444 2147 3605 2202 Citri-

2025 2250 2197 2306 stum,
2237 2241 2496 2311 quoniam
2528 2257 2636 2295 non
2664 2249 2895 2312 possunt
2913 2240 3095 2295 videre
3122 2237 3458 2295 luciditatem
3483 2239 3607 2309 pulo

2024 2321 2378 2396 cbri'udinis,
2407 2330 2597 2386 dicunt
2631 2355 2643 2386 ;
2696 2328 2937 2385 Vidimus
2961 2339 3114 2397 eum,
3156 2343 3205 2385 et
3236 2346 3338 2385 non
3379 2330 3613 2386 habebat

2023 2424 2268 2492 speciem,
2306 2440 2467 2494 neque
2489 2423 2748 2487 decorem,
2774 2421 2865 2477 sed
2880 2422 3075 2491 species
3096 2421 3212 2491 ejus
3235 2422 3510 2480 inhonesta
3534 2421 3601 2475 3’.

2026 2512 2249 2585 Speeirs
2274 2523 2457 2569 autem
2497 2512 2783 2570 inhonesta
2814 2510 3017 2578 Verbi,
3070 2513 3235 2568 stulta
3289 2512 3603 2583 praedicatio

2023 2619 2107 2664 est
2133 2606 2199 2662 dc
2221 2606 2463 2674 Christo,
2487 2606 2707 2677 quando
2729 2604 3085 2676 praedicamus
3105 2605 3382 2665 Christum
3415 2613 3601 2660 uatum

2021 2709 2078 2757 et
2096 2690 2439 2755 cruciﬁxum.
2475 2696 2765 2753 Secundus
2819 2705 2999 2752 autem
3037 2697 3305 2752 adventus
3355 2695 3599 2764 Christi,

2022 2792 2079 2847 in
2111 2790 2243 2847 viris
2275 2789 2559 2861 perfectis;
2589 2787 2657 2844 de
2685 2788 2885 2859 quibus
2908 2787 3043 2844 dicit
3083 2788 3429 2860 dispensator
3451 2788 3601 2845 verbi

2022 2882 2196 2952 ipsius
2224 2880 2304 2935 δοῖ
2334 2878 2665 2950 Sapientiam
2683 2890 2857 2934 autem
2878 2878 3300 2951 loquimurinter
3318 2880 3600 2950 perfectos.

2023 2969 2089 3027 Hi
2119 2979 2301 3026 autem
2345 2969 2572 3041 perfecti
2614 2978 2886 3026 amatores
2929 2968 3056 3024 facti
3087 2978 3216 3024 sunt
3240 2968 3605 3041 pulchritudi-

2021 3061 2109 3116 nis
2136 3061 2279 3132 ejus,
2310 3070 2367 3115 et
2398 3069 2594 3131 rogant
2623 3056 2859 3116 Verbum
2901 3068 2962 3115 ut
2993 3060 3329 3132 accingat'se
3361 3061 3606 3116 rationa-

336 3154 439 3207 υἷε
463 3151 838 3223 nabisquando
870 3154 982 3208 lucc
1011 3165 1189 3220 erunt,
1230 3165 1280 3210 et
1312 3158 1453 3227 quod
1471 3159 1684 3226 signum
1724 3159 1917 3212 aduen-
1945 3193 1990 3253 ϐ
2021 3151 2183 3207 bilem
2215 3152 2455 3222 gladium
2488 3167 2675 3218 suum,
2722 3159 2778 3206 et
2825 3151 3206 3223 Circumpnnat
3264 3167 3390 3209 eum
3439 3169 3604 3225 super

339 3250 425 3298 tus
453 3244 530 3297 tui
561 3253 610 3297 et
658 3245 1127 3299 consumritationis
1170 3245 1355 3301 seculi
1383 3246 1480 3300 “‘t
1533 3245 1799 3326 Egressus
1847 3246 1915 3302 de

338 3335 540 3404 templo
563 3333 722 3391 Iesus
747 3343 1037 3406 postquam
1065 3336 1203 3391 dixit
1222 3337 1288 3393 de
1313 3352 1400 3402 eo,
1429 3338 1579 3393 venit
1596 3337 1649 3391 in
1675 3348 1914 3393 montem

336 3424 554 3492 Oliveti,
582 3434 637 3482 et
673 3427 746 3481 ibi
772 3426 995 3482 sedebat
1022 3442 1146 3483 cum
1175 3429 1460 3498 discipulis
1481 3429 1615 3485 suis.
1645 3428 1786 3485 Puto
1817 3445 1917 3484 au-

339 3526 446 3572 tem
474 3517 799 3587 mysterium
831 3532 953 3574 esse
984 3528 1224 3579 montem
1273 3519 1466 3573 Oliveti
1506 3518 1764 3575 Ecclesiae
1794 3537 1917 3591 quae

339 3624 405 3663 ex
433 3609 685 3679 gentibus
716 3618 802 3665 est
827 3649 843 3675 ,
899 3609 953 3663 in
985 3624 1093 3679 qua
1125 3619 1255 3663 sunt
1285 3609 1539 3678 plantat-se
1567 3609 1745 3672 olivae,
1776 3626 1914 3680 qua-

338 3708 460 3750 rum
490 3695 719 3766 singulae
749 3705 981 3766 possunt
1012 3695 1233 3751 dicere:
1263 3695 1374 3767 Ego
1395 3713 1570 3751 autem
1614 3698 1750 3752 sicut
1776 3700 1913 3753 oliva

341 3787 617 3857 fructifera
640 3787 697 3861 in
721 3786 880 3841 domo
912 3785 1010 3841 Dei
1038 3787 1102 3841 ³⁷.
1138 3785 1392 3843 Forsitan
1424 3800 1606 3842 autem
1632 3800 1688 3843 et
1721 3789 1773 3842 in
1813 3789 1915 3844 hoc

335 3873 611 3930 Olivarum
644 3886 829 3932 mente
855 3877 1068 3933 radices
1098 3886 1227 3933 sunt
1251 3877 1408 3933 bona;
1429 3879 1603 3933 olivan
1631 3876 1785 3933 Rami
1815 3896 1915 3934 att-

338 3974 445 4020 tem
477 3967 663 4022 inserti
696 3976 827 4022 sunt
849 3969 1070 4023 oleastri
1095 3968 1138 4001 ³⁸
1162 3969 1216 4023 in
1242 3968 1365 4024 loco
1393 3984 1671 4025 ramorum
1702 3972 1797 4040 qui
1830 3971 1913 4024 iu-

340 4055 596 4112 ﬁdelitate
651 4058 861 4128 praecisi
894 4070 1041 4115 sunt.
1096 4059 1349 4131 Agricola
1397 4071 1578 4114 autem
1622 4060 1679 4115 itt
1729 4073 1912 4117 monte

341 4146 584 4203 residens
609 4145 822 4216 Oliveti,
848 4148 1084 4205 Verbum
1112 4159 1196 4205 est
1234 4149 1327 4205 Dei
1354 4151 1405 4204 in
1431 4149 1670 4206 Ecclesia
1708 4152 1911 4207 conﬁr-

342 4250 543 4295 matum
566 4240 836 4306 Christus,
868 4242 961 4312 qui
992 4256 1206 4311 semper
1237 4241 1458 4296 oleastri
1497 4257 1682 4299 ramos
1716 4244 1911 4299 inserit

343 4331 392 4385 in
419 4331 614 4388 bonam
648 4333 846 4388 olivam
885 4341 1097 4402 patrum
1123 4330 1293 4404 Moysi
1319 4341 1372 4386 et
1406 4341 1727 4389 ceterorum
1782 4351 1911 4405 pro-

340 4423 646 4489 phetarum,
682 4434 741 4477 ttt
795 4422 1124 4493 accipientes
1177 4422 1558 4493 pinguedinem
1616 4438 1646 4478 a
1704 4427 1909 4481 sanctis

2020 3242 2339 3315 mysterium
2371 3242 2676 3299 nativitatis
2718 3241 2959 3298 carnalis
2987 3283 3003 3311 ,
3051 3258 3175 3313 qua;
3215 3244 3480 3313 appellata
3516 3256 3602 3300 est

2017 3333 2405 3406 mysterialiter
2434 3331 2631 3389 femur.
2672 3329 3001 3404 Hujusmodi
3027 3335 3173 3389 enim
3201 3332 3454 3405 discipuli
3481 3333 3603 3389 lau-

2016 3424 2149 3495 dant
2171 3424 2636 3496 pulchritudinem
2659 3434 2715 3479 et
2733 3424 2901 3480 decus
2918 3422 3080 3480 Verbi
3102 3442 3118 3491 ;
3135 3433 3190 3481 et
3209 3423 3340 3480 huic
3361 3426 3602 3481 secundo

2014 3516 2271 3572 adventui
2298 3510 2488 3585 juncta
2515 3526 2600 3571 est
2629 3505 3034 3573 consummatio
3054 3516 3241 3571 saeculi
3277 3516 3331 3571 in
3365 3517 3484 3573 viro
3527 3518 3595 3571 sd

2015 3602 2403 3676 perfectionem
2430 3604 2669 3661 venienti
2702 3614 2758 3662 et
2788 3606 2989 3662 dicenti
3018 3624 3032 3660 :
3086 3605 3222 3661 Mihi
3245 3615 3421 3661 autem
3456 3608 3596 3665 absit

2015 3698 2258 3767 giariari,
2294 3697 2397 3751 nisi
2428 3697 2484 3750 in
2527 3710 2683 3752 cruce
2728 3696 2944 3752 Domini
2988 3698 3159 3753 nostri
3191 3697 3322 3752 Iesu
3351 3697 3592 3760 Christi.

2012 3806 2105 3859 per
2126 3805 2283 3861 quam
2306 3783 2437 3843 mihi
2452 3789 2678 3843 mundus
2694 3790 2986 3860 cruciﬁxus
3000 3799 3099 3852 est,
3121 3799 3170 3844 et
3191 3806 3283 3861 ego
3300 3792 3497 3849 mundo
3516 3792 3592 3848 ιιι

2015 3870 2071 3936 Si
2100 3881 2246 3935 enim
2274 3881 2510 3935 mundus
2531 3880 2826 3935 cruciﬁxus
2853 3891 2937 3935 est
2959 3878 3145 3949 justis,
3176 3881 3379 3952 quibus
3435 3898 3595 3937 mun-

2011 3972 2117 4028 dus
2145 3970 2441 4026 cruciﬁxus
2467 3978 2574 4033 est,
2599 3954 2740 4024 facta
2764 3976 2850 4025 est
2885 3969 2966 4026 eis
2993 3968 3156 4026 etiam
3189 3971 3593 4029 consummatio

2014 4058 2222 4115 mundi.
2249 4057 2568 4114 Necessario
2589 4072 2720 4128 ergo
2770 4058 2864 4129 qui
2898 4057 3103 4113 habent
3149 4059 3402 4115 ﬁduciam
3433 4075 3594 4116 acce-

2011 4151 2171 4207 dendi
2201 4157 2409 4207 secrete
2439 4150 2504 4204 ad
2525 4149 2832 4215 Christum,
2862 4150 2909 4204 si
2928 4149 3117 4204 volunt
3132 4149 3345 4205 discere
3370 4150 3588 4220 signum

2009 4242 2279 4298 adventus
2306 4235 2510 4297 Christi
2547 4249 2601 4296 et
2631 4240 3123 4297 consummationis
3172 4240 3358 4297 seculi
3383 4281 3400 4308 ,
3448 4256 3589 4312 prte-

2010 4330 2173 4392 beant
2203 4352 2262 4392 se
2295 4335 2491 4405 dignos
2518 4333 2704 4389 videre
2730 4335 3030 4390 secundum
3062 4334 3357 4389 adventum
3386 4333 3583 4404 ipsius,

2009 4437 2065 4483 et
2093 4426 2392 4482 secundum
2417 4424 2560 4494 qu‘od
2585 4423 2909 4480 tradidimus
2933 4423 3119 4481 saeculi
3157 4423 3585 4480 consummatio-

341 4515 614 4583 prophetis
643 4529 737 4583 per
762 4514 865 4567 hoc
898 4512 1042 4582 quod
1079 4528 1298 4569 sensum
1320 4528 1510 4568 eorum
1545 4524 1704 4572 caute
1743 4517 1903 4572 intel.
1937 4533 1981 4588 ι)
2011 4532 2154 4571 nem.

342 4603 512 4673 ligunt
540 4613 595 4657 et
624 4604 948 4673 suscipiunt,
974 4612 1030 4658 et
1047 4601 1326 4659 Christum
1345 4606 1437 4674 qui
1468 4606 1821 4676 prophetatur
1840 4606 1910 4662 ab

344 4694 464 4757 illis,
486 4693 717 4749 oderant
744 4694 982 4750 lructum
1017 4694 1380 4750 abundantem
1406 4734 1424 4762 ,
1481 4705 1534 4752 et
1564 4698 1905 4768 pinguiorem

343 4786 610 4856 prioribus
644 4787 895 4842 videlicet
938 4787 1098 4843 olivis
1129 4828 1145 4852 ,
1204 4797 1425 4858 propter
1472 4789 1905 4846 maledictionem

342 4895 455 4949 qua:
488 4887 608 4933 erat
658 4879 713 4933 in
747 4878 863 4951 lege
891 4878 1162 4946 decussis,
1210 4885 1270 4933 ut
1310 4895 1417 4935 non
1446 4881 1655 4948 possint
1683 4894 1804 4935 esse
1850 4882 1904 4936 iu

343 4984 456 5023 usu.
487 4966 619 5027 Post
643 4968 747 5024 hoc
765 4967 1221 5024 considerandum
1240 4976 1325 5023 est
1346 4968 1499 5032 illud,
1522 4970 1779 5039 quoniam
1810 4986 1904 5025 ac-

341 5059 639 5114 cedentium
668 5060 1063 5130 discipulorum
1097 5058 1162 5113 ad
1188 5056 1373 5114 Iesum
1392 5099 1407 5123 ,
1437 5060 1660 5130 quidam
1684 5060 1905 5130 quidem

342 5160 539 5206 secrete
561 5152 829 5206 accedunt
856 5152 925 5206 ad
953 5166 1079 5206 eum
1097 5191 1113 5216 ,
1139 5149 1403 5221 majorem
1444 5150 1497 5204 in
1530 5150 1637 5205 hoc
1669 5151 1789 5220 ipso
1815 5152 1910 5206 had

342 5241 523 5296 bentes
551 5241 803 5297 ﬁduciam
834 5241 979 5312 apud
1004 5239 1180 5311 ipsum
1222 5241 1378 5312 quasi
1411 5241 1698 5297 domestici
1738 5242 1859 5312 ejus
1886 5284 1901 5310 ,

341 5331 464 5385 sicut
492 5346 615 5386 cum
647 5332 1045 5401 interrogarent
1071 5347 1197 5386 eum
1224 5331 1291 5386 de
1320 5330 1591 5386 solutione
1619 5333 1904 5401 parabola-

344 5436 452 5474 rum
475 5438 491 5485 ς
513 5422 735 5491 quidam
767 5429 948 5478 autem
980 5436 1090 5475 non
1116 5430 1345 5482 secrete,
1382 5420 1477 5475 sed
1526 5421 1578 5474 in
1610 5437 1904 5478 commune

343 5526 456 5568 eum
504 5513 936 5586 interrogabant.
996 5512 1239 5573 Observa
1303 5512 1481 5568 adhuc
1537 5514 1898 5570 diﬁ‘crentiam

407 5716 451 5749 ⁸⁸
489 5717 533 5771 ll
571 5717 763 5774 Thess.
796 5735 857 5782 tt,
889 5720 943 5774 ὦ.
1021 5718 1065 5753 ³⁸
1086 5717 1275 5773 Matth.
1309 5733 1456 5782 sxw,
1488 5717 1541 5785 5.
1618 5718 1662 5749 ³⁷
1693 5717 1837 5772 Psal.
1871 5733 1917 5772 ιι

2019 5714 2058 5772 ).
2128 5716 2349 5774 ailium.
2373 5734 2448 5785 xi,
2478 5717 2562 5773 i7.

1682 5789 1728 5820 "
1765 5787 1783 5841 Ι
1814 5787 1975 5849 Joan.
2020 5804 2080 5852 ll,
2116 5786 2203 5843 18.

354 5780 389 5813 ⁸³
414 5786 535 5843 Gal.
558 5805 629 5854 Vl,
667 5790 755 5843 Η.
831 5778 876 5820 ί²
907 5788 1096 5845 Matth.
1130 5805 1277 5854 xxiv,
1311 5789 1345 5843 4
1370 5799 1420 5843 et
1446 5778 1601 5858 seqq.

652 5889 928 5947 Ps'rImL.
974 5888 1089 5948 Gtt.
1123 5888 1275 5950 XII!

2083 4602 2173 4659 '55.
2204 4602 2269 4656 Et
2298 4602 2616 4672 respondens
2641 4600 2797 4657 Iesus
2824 4603 2963 4657 dixit
2987 4605 3064 4660 eis
3088 4619 3113 4659 ξ
3150 4605 3329 4662 Videte
3372 4624 3436 4664 ne
3470 4611 3587 4681 quis

2009 4713 2097 4751 vos
2119 4695 2356 4750 seducet.
2406 4693 2564 4749 Multi
2593 4696 2735 4750 enim
2768 4697 2970 4751 venient
3001 4698 3055 4751 in
3098 4699 3308 4756 nomine
3353 4715 3468 4754 meo
3504 4701 3582 4754 di-

2008 4801 2179 4846 centes
2206 4789 2344 4859 quod
2375 4804 2468 4859 ego
2490 4803 2609 4842 sum
2631 4787 2876 4844 Christus
2896 4830 2911 4855 ,
2943 4797 2992 4841 et
3022 4788 3216 4842 multos
3246 4789 3492 4846 “ducent
3516 4792 3579 4847 ⁸³.

2007 4882 2111 4950 Qui
2137 4880 2452 4952 simpliciter
2478 4879 2801 4949 intelligunt,
2847 4879 3178 4935 arbitrantur
3194 4881 3341 4952 quod
3366 4881 3474 4938 hoc
3492 4897 3583 4938 so-

2008 4974 2120 5028 lum
2150 4972 2265 5028 haec
2311 4971 2474 5027 verba
2527 4971 2873 5042 signiﬁcant,
2920 4972 3181 5043 quoniam
3232 4972 3383 5027 multi
3428 4984 3586 5028 erant

2007 5061 2222 5117 venturi
2254 5060 2496 5116 christos
2523 5074 2582 5115 se
2609 5070 2939 5127 asserentes,
2963 5060 3222 5115 habentes
3252 5061 3306 5116 in
3335 5077 3396 5118 se
3416 5063 3580 5121 etiam

2007 5152 2271 5223 quasdam
2306 5151 2535 5205 virtutes
2567 5149 2869 5217 mirandas,
2893 5161 2947 5205 et
2971 5151 3135 5207 verba
3165 5151 3366 5220 quibus
3382 5166 3570 5221 pravo-

2008 5252 2132 5299 cent
2153 5241 2351 5298 multos
2371 5241 2437 5296 ad
2466 5241 2819 5305 credendum,
2849 5243 2942 5311 qui
2964 5241 3161 5314 dignos
3189 5242 3505 5298 seductione
3522 5257 3582 5298 se

2006 5333 2355 5405 pmbuerint.
2383 5330 2624 5387 Joannes
2654 5340 2832 5387 autem
2862 5332 2916 5388 in
2947 5331 3187 5404 Epistula
3214 5349 3313 5389 sua
3344 5333 3394 5367 "
3414 5334 3578 5389 dicit:

2008 5426 2073 5481 Et
2100 5427 2236 5482 sicut
2262 5424 2491 5480 audistis
2516 5424 2765 5495 quoniam
2802 5423 3161 5480 Antichristus
3184 5426 3350 5481 ueniet
3377 5464 3393 5490 ,
3440 5441 3578 5480 nunc

2008 5516 2308 5569 antichristi
2356 5513 2511 5567 multi
2544 5513 2672 5584 [acti
2721 5526 2879 5580 sunt;
2918 5515 3056 5569 unde
3102 5515 3301 5572 scimus
3329 5519 3579 5588 quoniam

2657 5717 2699 5751 ⁸³
2728 5717 2832 5774 lsa.
2855 5732 2975 5788 Lm,
3003 5717 3062 5775 5.
3152 5716 3198 5749 ‘°
3226 5712 3395 5776 lCor.
3433 5734 3493 5795 tt,
3519 5717 3576 5778 6.

3223 5883 3304 5946 52
