4052 6304
566 349 703 398 Lit?)

1721 366 1725 377 λ
1749 351 2072 406 (NIGEle
2108 353 2170 408 IN
2209 356 2567 416 MATTIIASI’
2581 361 2626 414 Μ

3709 368 3872 420 1ἰὶἲεῦ

1517 429 1561 448 ,μ

562 459 849 514 novissima
881 463 1009 511 hora
1036 469 1131 510 est.
1171 457 1332 512 Docet
1363 458 1448 512 his
1479 460 1677 526 verbis,
1717 478 1880 518 orune
1911 465 2134 519 verbum
2169 473 2208 529 Λ
2241 485 2378 537 ram,
2404 481 2462 526 ut
2488 473 2651 527 etiam
2684 473 3023 528 nativitatem
3074 475 3278 530 subiret
3336 493 3398 531 ex
3454 475 3701 548 Virgine
3736 518 3753 539 ,
3803 490 3868 532 et

561 552 708 620 quod
741 566 772 605 a
802 551 1028 606 veritate
1059 559 1377 604 extraneum
1397 561 1500 614 est,
1519 560 1571 605 et
1597 552 1868 607 asseritsc
1897 552 2132 610 Ver-hum

555 660 678 700 esse
707 643 820 707 Dei,
852 643 1253 701 Autichristum
1283 661 1426 711 esse,
1453 645 1531 700 sic
1554 647 1699 699 enim
1746 647 2006 716 possibile
2050 657 2135 704 est

555 735 852 805 intelligere
884 736 1029 806 quod
1059 737 1174 792 ait:
1209 735 1278 791 Et
1302 755 1451 792 nunc
1484 737 1782 792 antichristi
1813 739 1966 792 multi
1999 740 2133 807 [acti

553 837 695 892 sunt,
729 843 852 882 cum
885 845 1053 883 unum
1087 829 1178 892 sit,
1211 831 1356 900 quod
1393 839 1476 885 est
1508 845 1716 884 verum.
1751 831 1906 884 Sicut
1946 840 2129 885 autem

553 917 868 973 manifestat
923 919 1153 974 historia
1208 921 1665 984 lectionum,non
1720 921 1874 976 multi
1911 921 2133 977 fuerunt

552 1011 802 1066 homines
833 1011 1165 1082 ili-tempore
1218 1013 1593 1082 apostoiorum
1641 1015 1735 1083 qui
1773 1014 2023 1070 «christos
2073 1029 2132 1070 se

550 1119 674 1158 esse
697 1103 973 1171 dixerunt,
1014 1105 1123 1158 nisi
1153 1103 1299 1160 forte
1316 1103 1612 1160 Dosithcus
1645 1105 1960 1168 Samarcus,
1988 1108 2131 1162 unde

548 1206 602 1249 et
631 1195 945 1250 Dositheani
979 1196 1270 1262 dicuntur;
1317 1195 1608 1250 ct"‘Sim‘on
1641 1197 1851 1267 de~quo
1891 1198 2131 1253 referunt

548 1287 1144 1355 Actus-apostolorum,
1194 1285 1384 1357 quise
1417 1286 1684 1341 Virtutem
1719 1303 1840 1342 esse
1869 1287 1961 1342 Dei
2011 1305 2126 1344 ma-

549 1392 711 1446 gnam
732 1377 1164 1446 prouuntiabat.-
1185 1375 1391 1430 Praeter
1418 1377 1724 1447 hos-neque
1751 1388 1875 1432 ante
1901 1421 1915 1444 ,
1950 1396 2128 1451 neque

547 1467 893 1537 postmodum
928 1466 1170 1532 fuerunt,
1197 1475 1471 1536 quantum
1503 1469 1572 1522 ad
1612 1469 1896 1523 scientiam
1924 1486 2123 1526 meam.

548 1560 652 1613 Sed
677 1559 856 1613 omnis
881 1573 1063 1612 sermo
1090 1558 1183 1628 qui
1215 1558 1501 1626 proﬁtetur
1542 1562 1938 1630 expositionem
1978 1562 2126 1618 Scri-

546 1662 830 1720 pturarum
853 1659 908 1706 et
935 1651 1092 1704 tidem
1125 1665 1338 1718 earum,
1364 1667 1472 1705 non
1501 1661 1682 1706 autem
1723 1653 1884 1708 habet
1924 1655 2126 1710 verita-

547 1752 676 1808 tem,
709 1742 857 1812 juste
883 1741 1253 1796 Antichristus
1277 1757 1398 1798 esse
1431 1743 1816 1814 intelligendus
1844 1755 1927 1802 est
1955 1789 1970 1814 ,
2032 1764 2125 1804 ve-

549 1836 705 1890 niens
735 1835 1297 1900 irrnomine-Christi,
1345 1845 1402 1890 et
1449 1837 1636 1893 dicens
1683 1840 1829 1908 quod
1863 1857 1963 1909 ego
2006 1858 2123 1897 sum

544 1927 817 1993 Christus,
845 1930 1134 1996 mentiens,
1170 1937 1225 1983 et
1261 1927 1484 1983 minime
1505 1938 1698 1998 potens
1721 1934 2005 1987 ostendere
2035 1949 2124 1988 ve-

543 2019 719 2073 ritatis
743 2019 971 2074 formam
1011 2020 1064 2073 in
1093 2035 1172 2076 se.
1203 2019 1268 2074 Et
1299 2020 1562 2090 quoniam
1593 2023 1674 2078 eis
1700 2023 1792 2094 qui
1819 2025 2123 2082 discutiunt

541 2111 1021 2182 verbaScripturae
1052 2112 1128 2167 uti
1155 2112 1434 2168 inveniant
1457 2129 1676 2170 sensum
1697 2117 1836 2186 ejus,
1869 2115 2124 2187 frequen-

540 2215 624 2274 ter
669 2215 968 2260 occurrunt
1005 2205 1227 2275 quidam
1267 2206 1574 2262 intellectus
1607 2208 1764 2277 quasi
1793 2209 1947 2266 veri.
1996 2225 2119 2264 cum

514 2280 648 2351 non
679 2296 844 2367 852
875 2298 986 2352 sint
1024 2297 1156 2363 veri,
1200 2297 1493 2368 aliquando
1524 2309 1704 2354 autem
1750 2301 2038 2354 traduntur
2069 2311 2124 2356 et

537 2387 606 2441 ab
636 2388 759 2443 aliis
785 2388 1174 2444 verisimilibus
1200 2390 1456 2446 coloratis
1489 2391 1835 2445 sermonibus
1857 2429 1872 2454 ,
1920 2405 1980 2446 ut
2012 2407 2121 2446 non

539 2478 699 2533 facile
745 2479 1058 2534 inveniatur
1084 2480 1178 2550 qui
1205 2496 1370 2536 verus
1395 2489 1482 2535 est
1511 2496 1705 2536 sensus
1728 2522 1747 2548 ,
1795 2482 2116 2554 priusquam

538 2571 802 2627 adversus
835 2572 1131 2629 mendaces
1156 2573 1593 2629 existimationes
1645 2573 1903 2630 iuvent-us
1949 2574 2119 2632 fuerit

535 2665 716 2718 verior
734 2679 929 2720 sensus
955 2674 1009 2719 et
1036 2665 1245 2721 ﬁrmior
1269 2683 1283 2720 :
1318 2673 1605 2736 propterea
1631 2674 1763 2736 puto
1785 2666 1931 2736 quod
1958 2668 2119 2724 Chri-

536 2767 654 2810 stus
686 2757 754 2810 ad
791 2755 1273 2825 interregationem
1331 2756 1726 2827 discipulorum
1769 2773 1994 2814 suorum
2031 2759 2118 2814 di-

533 2847 772 2903 centium
800 2865 813 2902 :
843 2847 1068 2912 Quando
1095 2847 1206 2902 haec
1225 2859 1375 2902 erant
1393 2849 1420 2903 .’
1447 2859 1494 2904 et
1518 2850 1658 2919 quod
1677 2851 1887 2921 signum
1918 2851 2115 2905 adven-

535 2950 620 2994 tus
663 2941 778 3004 tui,
814 2951 862 2994 et
908 2942 1384 2998 consummationis
1431 2942 1657 2997 saeculi?
1682 2943 1754 2997 ita
1786 2943 2110 3014 respondit:

543 3032 724 3086 Videte
747 3049 809 3086 ne
829 3033 1063 3102 quisws
1086 3033 1322 3088 sedncat.
1349 3033 1507 3087 Multi
1529 3035 1668 3087 enim
1691 3036 1893 3088 venient
1927 3037 1983 3090 in
2013 3051 2110 3090 no-

2240 572 2468 619 mortem
2491 565 2670 621 crucis
2703 567 2964 635 suscepit,
2996 574 3048 621 et
3078 567 3318 621 surrexit
3358 583 3388 622 a
3444 569 3700 624 mortuis
3733 608 3750 633 ,
3805 576 3862 626 el

2235 652 2508 708 deificavit
2576 669 2741 724 quam
2805 664 3118 724 susceperat
3184 655 3479 709 humanam
3537 668 3864 711 naturam.

2235 743 2430 798 Adhuc
2470 754 2648 799 autem
2679 755 2732 799 et
2769 745 2835 799 de
2887 744 3089 814 Spiritu
3125 754 3318 800 saneto
3341 784 3358 810 ,
3405 749 3682 816 quoniam
3725 749 3865 818 ipse

2235 831 2324 888 ille
2353 833 2457 887 fuit
2491 835 2544 888 in
2577 835 2906 904 patriarchis
2936 844 2989 889 et
3022 836 3301 905 prophetis
3326 878 3341 903 ,
3371 839 3465 907 qui
3510 851 3724 909 postea
3793 843 3859 896 in

2234 925 2498 993 apostolis
2529 927 2690 982 datus
2721 936 2824 992 est,
2857 935 2912 980 et
2952 929 3018 980 de
3045 928 3444 983 resurrectione
3469 939 3856 985 mortuorum

2233 1016 2377 1072 sicut
2402 1017 2754 1089 Evangelium
2777 1018 2937 1074 docet
2953 1019 3254 1075 certissime
3278 1021 3526 1089 credunt,
3556 1033 3612 1078 et
3631 1025 3852 1079 omnia

2231 1123 2572 1178 quaecunque
2600 1106 2851 1164 feruntur
2893 1108 2949 1162 in
2996 1107 3276 1165 Ecclesiis.
3326 1111 3402 1166 De
3449 1113 3576 1169 aliis
3628 1125 3848 1170 autem

2233 1214 2340 1253 non
2376 1201 2588 1269 paucis,
2619 1209 2799 1255 tamen
2823 1199 3087 1266 modicis,
3139 1218 3280 1257 nova
3337 1217 3657 1274 proponunt
3729 1211 3842 1262 do—

2236 1301 2437 1361 gmata,
2466 1301 2519 1346 et
2564 1293 2664 1362 ipsi
2687 1293 2873 1363 utique
2905 1302 3034 1349 sunt
3057 1309 3123 1348 ex
3151 1294 3260 1350 illis
3287 1296 3380 1365 qui
3413 1299 3768 1353 seducuntur
3800 1318 3836 1354 ι

2232 1383 2386 1439 falsis
2417 1385 2801 1448 intellectibus,
2825 1394 2880 1439 et
2914 1385 3092 1441 verbis
3125 1387 3470 1444 venientibus
3497 1389 3552 1442 in
3587 1394 3834 1446 nomine

2225 1473 2450 1539 Clu-isti,
2480 1475 2572 1544 qui
2604 1484 2691 1530 est
2733 1473 2969 1530 Verbum
3012 1485 3066 1530 et
3097 1477 3317 1531 veritas.
3348 1477 3412 1532 Et
3451 1481 3661 1535 malum
3697 1484 3826 1553 qui-

2227 1565 2346 1619 dem
2383 1577 2467 1622 est
2492 1567 2737 1622 invenire
2760 1568 2994 1638 aliquem
3021 1571 3322 1625 secundum
3355 1586 3536 1627 mores
3565 1573 3698 1629 vitae
3730 1591 3826 1627 cr-

2229 1666 2462 1724 rautem,
2506 1659 2680 1712 multo
2713 1669 2890 1714 autem
2923 1661 3080 1731 pejus
3129 1661 3369 1716 arbitror
3426 1678 3550 1736 esse
3607 1665 3664 1719 in
3725 1669 3827 1720 do-

2229 1749 2502 1818 gmatibus
2535 1749 2790 1805 aberrare
2817 1759 2995 1805 etnon
3027 1751 3326 1806 secundum
3353 1753 3706 1808 verissimam
3745 1771 3824 1808 re-

2228 1839 2406 1909 gulam
2437 1839 2846 1909 Seripturarum
2885 1841 3109 1896 sentire.
3143 1841 3412 1908 Quoniam
3437 1844 3579 1899 sicut
3605 1845 3706 1918 [si]
3764 1848 3822 1901 in

2226 1933 2460 2001 peccatis
2488 1932 2808 1988 mortalibus
2850 1933 3109 2004 puniendi
3140 1949 3354 2002 sumus,
3411 1937 3648 2006 amplius
3677 1954 3814 2007 pro-

2224 2031 2344 2092 pter
2376 2023 2630 2094 dogmata
2672 2022 2809 2079 falsa
2871 2033 3177 2094 peccantes.
3225 2025 3284 2078 Si
3332 2026 3477 2080 enim
3534 2027 3817 2084 suﬂiceret

2222 2113 2568 2168 conversatio
2597 2129 2812 2169 morum
2844 2115 3112 2170 bonorum
3171 2116 3486 2171 hominibus
3534 2117 3602 2172 ad
3655 2119 3814 2175 salu-

2223 2212 2353 2267 tem,
2397 2203 2673 2274 quomodo
2705 2206 2848 2275 apud
2903 2215 3088 2276 gentes
3134 2207 3483 2279 philosophi,
3516 2221 3611 2265 aut
3657 2214 3809 2281 apud

2224 2294 2509 2351 hatretieos
2556 2297 2711 2351 multi
2768 2297 3113 2352 continenter
3153 2299 3400 2354 viventes
3447 2316 3805 2372 nequaquam

2222 2384 2522 2449 salvantur,
2555 2387 2714 2456 quasi
2745 2386 3074 2442 obscurante
3094 2397 3148 2442 et
3177 2390 3493 2444 sordidante
3515 2407 3807 2447 conversa-

2221 2477 2424 2532 tionem
2457 2493 2646 2533 eorum
2696 2477 2968 2549 dogmatis
3010 2478 3284 2535 falsitate?
3311 2481 3564 2537 Arbitror
3612 2494 3800 2538 autem

2218 2569 2480 2640 quoniam
2517 2571 2822 2642 generalem
2851 2571 3176 2642 mturditiam
3203 2588 3325 2643 quae
3356 2581 3441 2628 est
3469 2589 3576 2628 non
3617 2574 3799 2630 solum

2219 2659 2273 2715 in
2304 2661 2537 2728 actibus,
2570 2661 2667 2718 sed
2691 2663 2855 2717 etiam
2889 2662 2944 2717 in
2969 2663 3196 2719 scientia
3221 2703 3236 2728 ,
3287 2666 3477 2721 volens
3502 2667 3800 2722 ostendere

2217 2767 2401 2808 sermo
2457 2754 2512 2808 in
2559 2753 2770 2824 psalmo
2817 2753 3075 2809 vicesimo
3126 2755 3287 2810 tertio
3309 2756 3394 2820 “,
3428 2755 3602 2811 dicit:
3662 2755 3799 2822 Quis

2217 2846 2462 2900 ascendet
2492 2846 2546 2898 in
2571 2855 2796 2899 utentem
2833 2844 3070 2912 Domini,
3119 2855 3214 2899 aut
3245 2847 3363 2917 quis
3393 2847 3558 2901 stabit
3587 2848 3644 2902 in
3675 2848 3796 2901 loco

2214 2949 2399 2992 sancto
2431 2937 2584 3006 ejus?
2608 2936 2869 2992 Innocens
2903 2940 3144 2994 manibus
3172 2978 3186 3003 ,
3237 2949 3286 2992 et
3334 2956 3466 3009 puro
3515 2941 3690 2994 corde.
3737 2940 3792 2994 lu

2215 3026 2524 3083 Proverbiis
2542 3038 2725 3084 autem
2756 3029 2804 3061 ⁸⁵⁸
2837 3048 2850 3082 :
2879 3029 3010 3093 Quis
3037 3030 3590 3100 giariabiturrcastnm
3622 3049 3678 3085 se
3696 3033 3794 3085 ha-

533 3124 672 3178 miue
694 3141 806 3177 meo
830 3125 1102 3178 dicentes:
1132 3123 1242 3195 Ego
1268 3141 1386 3178 sunt
1409 3123 1677 3191 Christus,
1715 3135 1763 3178 et
1802 3127 1995 3180 muttos
2029 3145 2108 3183 se-

2215 3118 2330 3171 bere
2349 3135 2460 3182 cor,
2489 3131 2583 3175 aut
2605 3121 2726 3190 quis
2747 3121 2981 3190 conﬁdat
3009 3121 3262 3174 mundum
3304 3139 3359 3177 se
3392 3140 3504 3178 esse
3538 3140 3569 3176 α
3597 3140 3791 3194 pecca-

531 3217 740 3269 rlucent.
768 3214 903 3270 Vere
928 3217 1071 3271 enim
1101 3217 1408 3287 quiiimplet
1437 3216 1570 3270 illud
1609 3218 1924 3272 mandatum
1960 3221 2106 3290 quod

528 3310 607 3362 ait
634 3325 648 3360 :
681 3305 861 3362 Estote
881 3308 1158 3377 prudentes
1187 3307 1573 3371 nummularii;
1598 3316 1650 3362 et
1669 3307 1798 3363 illud
1830 3311 1974 3379 qum]
1988 3312 2106 3368 ait:

520 3399 729 3454 Omnia
757 3400 974 3468 probate
995 3415 1023 3454 ':
1049 3400 1189 3471 quod
1237 3399 1428 3453 bonum
1462 3411 1555 3454 rest
1587 3408 1765 3454 tenete
1785 3417 1805 3456 :
1856 3403 1920 3454 ab
1962 3406 2107 3459 omni

529 3495 695 3561 specie
719 3494 862 3547 mala
887 3494 1146 3548 abstinete
1171 3510 1257 3548 vos
1281 3493 1348 3561 ‘9,
1373 3493 1576 3548 multos
1610 3493 1812 3548 videbit
1862 3495 2044 3549 seduci
2075 3511 2105 3550 a

529 3585 715 3639 multis
738 3584 1098 3640 intellectibus
1145 3593 1201 3638 et
1255 3583 1432 3638 verbis
1483 3581 1865 3654 profitentibus
1899 3599 2018 3639 esse
2049 3600 2106 3639 se

525 3673 804 3729 Christum
837 3673 932 3728 Dei
971 3673 1224 3728 Verbum.
1257 3672 1323 3727 Et
1347 3674 1553 3727 utinam
1572 3673 1673 3728 soli
1701 3675 1794 3744 qui
1825 3686 1974 3729 extra
2001 3673 2102 3728 Ec-

525 3765 750 3822 clesiam
786 3776 916 3821 sunt
967 3766 1357 3820 seducerentur
1380 3804 1395 3829 ,
1440 3764 1599 3820 facile
1647 3775 1762 3820 erat
1791 3781 1982 3820 cavere
2012 3782 2102 3821 se-

524 3857 860 3912 ductionem.
887 3856 1042 3911 Nune
1078 3865 1259 3912 autem
1294 3856 1395 3927 ipsi
1423 3857 1515 3927 qui
1549 3857 1876 3926 protilentur
1903 3871 1962 3910 se
2007 3870 2102 3910 ee-

525 3953 861 4010 clesiastieos
881 3968 1023 4018 esse,
1057 3951 1125 4007 de
1151 3951 1481 4007 necessariis
1513 3951 1822 4020 quibusque
1849 3950 2102 4019 capitulis

524 4045 787 4100 falluntur
809 4054 864 4099 et
887 4045 1245 4111 seducuntur,
1294 4043 1436 4099 sicut
1468 4043 1582 4112 ipsa
1611 4042 1881 4096 dissensio
1909 4056 2098 4096 eorum

523 4136 897 4193 testimonium
927 4144 1048 4200 est,
1091 4135 1352 4206 quoniam
1398 4144 1450 4188 et
1477 4134 1568 4205 qui
1604 4135 1747 4190 intus
1781 4142 1907 4189 sunt
1938 4133 2098 4189 sedu-

521 4237 742 4286 euutur.
769 4226 876 4282 Sed
897 4236 1310 4297 consequenter,
1337 4225 1793 4296 quemadmodum
1823 4225 1960 4280 solet
1979 4240 2101 4280 esse

521 4324 575 4378 in
605 4321 917 4378 errantibus
953 4333 1049 4389 per
1078 4319 1194 4374 vias
1228 4317 1327 4373 has
1355 4318 1663 4387 corporales
1686 4315 1988 4371 differentia
2014 4331 2101 4369 cr-

518 4415 664 4472 roris
688 4458 703 4482 ,
733 4421 787 4468 et
813 4412 1033 4484 quidam
1070 4410 1291 4480 quidem
1321 4410 1484 4464 etiam
1508 4419 1698 4464 contra
1716 4410 1885 4479 ipsam
1914 4410 2096 4479 publi-

2212 3207 2279 3260 tz’s
2297 3206 2324 3260 .’
2353 3205 2614 3262 Mundum
2639 3223 2770 3278 ergo
2799 3210 2963 3264 corde
2987 3218 3040 3264 et
3067 3218 3280 3265 castum
3297 3213 3460 3267 corde
3489 3229 3596 3266 non
3620 3214 3787 3268 aliunt

2209 3297 2447 3354 arbitror
2466 3314 2607 3366 esse,
2645 3300 2749 3354 nisi
2779 3316 2905 3355 eum
2950 3301 3044 3371 qui
3075 3302 3144 3358 ab
3177 3304 3333 3359 omni
3363 3305 3613 3375 dogmate
3648 3307 3788 3361 falso

2209 3389 2474 3444 mundum
2503 3398 2559 3445 et
2587 3399 2798 3446 castum
2833 3393 3074 3462 possidet
3100 3410 3227 3461 cor;
3247 3395 3331 3451 sic
3356 3406 3410 3451 et
3438 3397 3782 3452 innocentem

2207 3480 2460 3536 manibus
2486 3488 2542 3534 et
2567 3481 2832 3535 mundum
2870 3497 2901 3535 a
2946 3482 3184 3551 peccatis
3211 3498 3336 3537 eum
3367 3483 3620 3538 existimo
3665 3501 3786 3539 esse

2207 3574 2300 3642 qui
2335 3572 2387 3626 in
2417 3573 2627 3627 actibus
2655 3572 2779 3627 vita:
2809 3587 2923 3628 sure
2955 3573 3448 3643 irreprehensibilis
3463 3584 3565 3630 est.
3580 3574 3785 3630 ‘Seien-

2206 3662 2336 3717 dum
2364 3673 2450 3719 est
2485 3672 2668 3718 autem
2695 3663 2977 3733 quoniam,
3025 3675 3291 3734 quant-um
3347 3666 3414 3720 ad
3458 3667 3736 3721 veri-tatem
3763 3706 3781 3730 ,

2207 3753 2546 3824 impossibile
2574 3764 2658 3810 est
2684 3757 2806 3808 esse
2833 3754 3068 3825 aliquem
3103 3755 3452 3812 innocentem
3484 3758 3736 3812 manibus
3761 3799 3779 3822 ,

2205 3854 2259 3899 et
2311 3845 2573 3899 mundum
2610 3861 2639 3900 a
2667 3847 2904 3915 peccatis
2931 3884 2949 3910 ,
3001 3854 3059 3900 ut
3100 3862 3208 3902 non
3239 3849 3314 3902 sit
3342 3864 3512 3917 purus
3533 3850 3702 3904 corde
3723 3859 3780 3903 et

2208 3944 2391 3991 castus
2451 3951 2482 3990 a
2543 3937 2890 4008 degrnatibus
2947 3937 3120 4004 falsis,
3157 3939 3299 3994 sicut
3331 3940 3638 3994 econtrario
3677 3940 3778 3994 im-

2207 4028 2465 4097 possibile
2491 4039 2576 4084 est
2605 4030 2866 4084 mundum
2890 4030 3108 4100 quidem
3131 4042 3185 4086 et
3218 4041 3428 4086 castum
3461 4047 3586 4088 esse
3610 4034 3774 4088 corde

2206 4135 2236 4174 a
2264 4120 2608 4191 dogmatibus
2659 4123 2848 4189 faisis,
2882 4134 2941 4178 ut
2967 4137 3075 4176 non
3109 4123 3179 4177 sit
3216 4125 3474 4180 innocens
3522 4126 3774 4180 manibus

2206 4224 2261 4268 et
2293 4215 2530 4268 mundus
2552 4229 2582 4268 a
2615 4215 2869 4283 peccatis.
2890 4213 3026 4269 Haec
3069 4215 3213 4267 enim
3249 4214 3568 4268 alterutrum
3598 4229 3656 4269 se
3687 4229 3771 4268 se-

2205 4313 2448 4373 quuntur
2478 4313 2533 4358 et
2555 4319 2659 4358 non
2695 4312 3017 4372 separantur
3037 4303 3108 4356 ab
3127 4302 3382 4369 invicem,
3407 4318 3587 4358 sermo
3617 4321 3767 4356 mun-

2204 4395 2308 4450 dus
2341 4395 2394 4449 iu
2425 4395 2606 4448 anima
2633 4403 2687 4448 et
2719 4395 2825 4449 vita
2855 4394 3368 4464 irreprehensibilis.
3397 4395 3766 4450 Abundant'us

519 4524 637 4565 eam
667 4507 809 4563 viam
834 4482 960 4575 quae
983 4501 1268 4573 quaeritur,
1300 4500 1506 4556 vadunt
1546 4509 1815 4564 errantes,
1862 4501 1952 4554 alii
1993 4517 2093 4556 au-
2127 4482 2173 4538 Ῑ)
2200 4497 2381 4542 amem
2413 4488 2480 4543 de
2527 4488 2766 4558 capilu'o
2809 4487 2902 4541 m0
2945 4489 3300 4543 "acu‘iimus
3323 4529 3339 4554 ν
3365 4487 3623 4543 δυοθιηθδ
3672 4503 3764 4542 ¹¹⁰³

521 4614 628 4657 tem
663 4598 940 4656 modicum
969 4593 1176 4664 aliquid
1205 4593 1273 4647 de
1301 4591 1494 4647 semita
1528 4601 1673 4646 recta
1704 4592 1996 4654 declinant,
2034 4600 2093 4647 ut

520 4695 631 4748 sint
658 4687 1024 4746 revocabiles:
1062 4693 1116 4740 et
1146 4683 1330 4738 multae
1359 4691 1487 4738 sunt
1512 4681 1811 4736 errantium
1836 4679 2092 4735 diﬂ'eren-

523 4789 646 4840 tiae:
690 4785 794 4837 hoc
827 4781 990 4836 modo
1020 4778 1270 4833 videmus
1295 4775 1458 4830 etiam
1508 4789 1606 4828 eos
1655 4772 1748 4843 qui
1802 4788 1832 4825 a
1865 4769 2092 4824 veritate

517 4876 792 4930 aberrant.
818 4871 884 4925 Et
907 4870 1209 4924 Marciones
1239 4866 1480 4936 quidem,
1504 4874 1556 4920 et
1586 4863 1870 4926 Basilides,
1905 4873 1960 4916 et
1983 4859 2093 4914 Va-

517 4963 821 5026 lentiniani,
845 4971 899 5015 et
927 4960 1210 5030 Apelliaui,
1243 4968 1296 5013 et
1321 4955 1552 5026 Opltitte,
1579 4953 1808 5008 multum
1831 4969 1861 5006 a
1894 4965 2092 5022 propo-

517 5059 618 5112 sita
645 5061 832 5108 errant
860 5051 966 5113 via,
995 5050 1089 5120 qui
1121 5049 1347 5103 omnino
1382 5045 1652 5102 contraria
1682 5044 1901 5113 sapiunt
1944 5043 2090 5098 veri-

515 5150 632 5205 tati.
660 5144 890 5212 Quidam
916 5149 1096 5196 autem
1129 5141 1195 5195 de
1228 5138 1460 5210 publicis
1485 5136 1703 5207 quidem
1745 5144 1799 5189 et
1853 5132 2087 5188 manife-

416 5279 443 5296 ..
471 5238 492 5260 “
513 5240 617 5297 etis
651 5233 904 5306 capitulis
934 5245 1042 5286 non
1085 5228 1413 5285 dissentiunt
1443 5243 1456 5279 :
1508 5234 1697 5297 ulputa
1728 5225 1794 5278 de
1830 5238 1938 5278 uno
1977 5222 2086 5277 Deo

516 5333 606 5401 qui
628 5332 798 5400 legem
822 5336 875 5381 et
896 5322 1245 5395 Evangelium
1275 5319 1423 5376 dedit
1457 5357 1473 5382 ,
1505 5326 1601 5372 aut
1625 5316 1691 5371 de
1712 5313 1930 5370 Christo
1955 5312 2087 5369 Jesu

514 5413 872 5485 primogenito
900 5411 1166 5466 universae
1190 5414 1457 5464 creatura:
1481 5444 1496 5468 ,
1539 5403 1632 5475 qui
1664 5405 1718 5458 in
1771 5405 1877 5458 tiue
1902 5402 2086 5458 sreculi

513 5508 808 5561 secundum
830 5501 1248 5575 praedicationes
1269 5500 1653 5571 prepbetarum
1677 5497 1821 5552 venit
1845 5497 1898 5550 in
1927 5512 2089 5550 mun-

512 5598 660 5662 dum,
698 5608 751 5653 et
781 5595 1021 5666 suscepit
1056 5593 1108 5647 in
1145 5609 1203 5648 se
1232 5607 1413 5649 veram
1442 5593 1694 5647 humanae
1715 5589 1898 5646 carnis
1927 5595 2086 5644 uatu-

2200 4580 2352 4650 ipsos
2375 4581 2675 4634 secundum
2707 4595 2768 4634 ea
2797 4595 2918 4648 qua:
2948 4579 3065 4635 visa
3101 4589 3231 4635 sunt
3259 4580 3419 4635 nobis
3452 4579 3507 4634 in
3539 4580 3681 4644 loco,
3711 4591 3763 4633 ut

2196 4670 2574 4726 custodiamus
2595 4685 2697 4726 nos
2731 4671 2799 4724 ab
2833 4671 2985 4725 (mini
3021 4685 3205 4726 errore
3239 4671 3501 4726 falsorum
3547 4671 3763 4741 dogma-

2198 4770 2334 4824 tum,
2349 4762 2541 4817 sivede
2563 4760 2866 4817 manifestis
2887 4770 2939 4816 et
2959 4761 3349 4831 principalibus
3363 4760 3632 4830 capitulis,
3655 4761 3763 4814 sive

2196 4853 2262 4907 de
2284 4853 2366 4908 his
2382 4868 2502 4922 quae
2517 4855 2768 4908 videntur
2787 4853 3019 4919 minora,
3036 4862 3095 4907 ut
3116 4853 3403 4907 audiamus
3419 4855 3512 4923 qui
3531 4851 3664 4906 dixit
3688 4851 3756 4903 δτι

2197 4944 2319 5000 Νοιι
2350 4946 2683 5000 declinabitis
2707 4947 2776 5000 ad
2799 4948 3092 5011 dexteram,
3111 4946 3499 5000 autsinistram
3525 4961 3544 5009 ;
3590 4945 3658 4998 ab
3696 4957 3759 4995 eo

2193 5037 2287 5107 qui
2305 5037 2440 5092 dixit
2455 5037 2529 5092 ⁸⁸ε
2559 5036 2669 5109 Ego
2697 5055 2812 5092 sum
2837 5039 2941 5092 via.
2968 5035 3076 5091 Nec
3097 5036 3442 5100 seducamur,
3460 5036 3552 5090 sed
3575 5036 3756 5104 vigile-

2194 5146 2340 5194 mus,
2382 5146 2448 5186 ue
2491 5132 2616 5201 quis
2655 5147 2757 5186 nos
2786 5131 2937 5184 fallat
2969 5145 3158 5184 eorum
3191 5129 3285 5199 qui
3315 5129 3544 5183 veniunt
3575 5128 3627 5182 in
3662 5141 3754 5179 no-

2195 5222 2340 5278 mine
2363 5220 2588 5290 Christi,
2623 5222 2867 5277 dicentes
2899 5240 2912 5276 :
2941 5220 3054 5292 Ego
3085 5236 3208 5276 sum
3226 5220 3498 5282 Christus,
3522 5233 3622 5289 ego
3638 5232 3750 5272 sum

2190 5314 2411 5377 veritas,
2443 5322 2497 5367 et
2525 5312 2810 5383 sapientia,
2833 5321 2886 5366 et
2921 5312 3102 5365 lumen
3151 5325 3360 5365 verum.
3406 5307 3546 5363 Puto
3576 5317 3746 5362 autem

2189 5403 2446 5473 quianon
2486 5403 2660 5456 solum
2694 5412 2776 5455 est
2806 5414 2987 5455 sermo
3015 5398 3290 5464 Christus,
3341 5405 3427 5452 est
3476 5405 3530 5450 et
3575 5412 3749 5450 sermo

2189 5493 2594 5558 Autichristus;
2625 5491 2829 5547 veritas
2856 5491 3128 5556 Christus,
3171 5501 3224 5547 et
3256 5488 3511 5545 simulata
3557 5489 3750 5541 veritas

2188 5584 2560 5639 Autiehristus
2579 5601 2593 5650 ;
2613 5583 2875 5654 sapientia
2898 5583 3170 5649 Christus,
3196 5592 3251 5638 et
3269 5579 3522 5638 simulata
3541 5579 3750 5647 sapieu.

579 5778 625 5810 “
663 5781 680 5835 l
712 5779 902 5833 Thess.
937 5796 987 5844 v,
1012 5780 1101 5842 Ἦ,
1124 5778 1213 5832 22.
1292 5777 1337 5808 "
1358 5790 1499 5831 vers.
1542 5777 1595 5838 5,
1625 5778 1677 5831 4.
1755 5778 1972 5834 “Prov.
1995 5774 2156 5840 xx,9.
2225 5774 2268 5804 ⁸⁷
2294 5771 2448 5831 Deut.
2482 5771 2659 5835 v..59..
2739 5772 2784 5804 "
2805 5771 2961 5826 Joan.
2992 5786 3104 5841 λιν,
3140 5771 3201 5826 6.-
