4052 6304
367 474 528 537 rei:
1547 448 1971 531 metiamur

2074 473 2223 530 nun
2264 473 2527 530 smnus.
3500 466 3645 553 ,σία

372 600 461 652 tia
494 588 885 657 Antichristas,
934 593 1132 648 mllth
1177 605 1453 649 amatores
1482 588 1764 664 sapientia:
1789 595 1884 651 Dei
1903 594 1971 651 ’et
2000 603 2045 658 Α
2074 593 2166 652 Sic
2188 605 2372 653 autem
2408 609 2689 667 nunquam
2726 584 3011 651 manifeste
3028 595 3173 651 dixit
3199 617 3213 652 :
3236 584 3361 669 Ego
3389 612 3534 665 sum,
3557 602 3655 653 sed

374 688 656 753 veritatis,
711 701 834 758 qua:
877 685 1061 740 omnia
1095 686 1369 755 pertinent
1404 687 1481 741 'ad
1513 680 1638 742 fidei
1675 689 1966 743 rationem.

367 779 496 837 Sed
526 781 689 835 etiam
720 779 775 834 in
807 778 891 833 his
923 776 1217 834 virtutibus
1243 780 1444 850 quibus
1462 794 1855 837 conversamur
1878 784 1968 836 se.

364 873 625 927 cundum
654 870 844 936 Deum,
876 871 1184 928 invenimus
1202 884 1396 927 omnes
1414 887 1571 928 veras
1594 873 1824 929 virtutes
1846 888 1971 929 esse

362 962 690 1031 Christum,
707 972 968 1019 etomnes
990 964 1277 1020 simulatas
1294 966 1523 1020 virtutes
1544 965 1965 1021 Antichristum.

376 1055 657 1122 Quoniam
702 1070 894 1110 omnes
942 1057 1155 1125 species
1213 1056 1342 1110 boni
1395 1072 1754 1128 quascunque
1810 1056 1971 1112 habet

372 1145 642 1200 Christus
671 1145 726 1198 in
775 1159 836 1201 se
887 1145 941 1199 in
975 1146 1206 1201 veritate
1249 1148 1316 1200 ad
1346 1146 1762 1203 aedificationem
1792 1147 1971 1206 homi-

366 1252 542 1304 num,
572 1252 666 1291 eas
691 1251 886 1291 omnes
918 1236 1082 1292 habet
1111 1236 1167 1291 in
1197 1253 1256 1294 se
1287 1238 1539 1295 diabolus
1573 1240 1627 1294 in
1665 1242 1849 1312 specie
1900 1242 1969 1298 ad

378 1326 760 1382 seductionem
787 1336 1127 1384 sanctorum.
1161 1328 1218 1384 Si
1262 1329 1410 1384 enim
1452 1328 1714 1388 Christus
1757 1333 1968 1402 justitia

380 1425 472 1472 est
495 1455 512 1480 ,
548 1426 676 1473 sunt
717 1427 901 1473 autem
951 1418 1268 1491 frequenter
1296 1421 1401 1476 viae
1424 1421 1526 1477 viri
1555 1438 1678 1493 quae
1717 1425 1971 1480 videntur

378 1522 511 1561 esse
533 1506 697 1576 justas
721 1548 737 1573 ,
792 1508 1092 1565 novissima
1142 1519 1326 1565 autem
1350 1526 1551 1567 earum
1584 1514 1882 1584 respiciunt
1915 1517 1968 1570 in

380 1598 722 1668 profundum
751 1598 950 1654 inferni
982 1600 1048 1655 θ’.
1083 1600 1323 1669 Quando
1366 1618 1497 1675 ergo
1524 1605 1738 1661 videtur
1760 1607 1972 1678 justitia

382 1706 515 1746 cum
548 1706 656 1746 non
679 1691 753 1747 sit
774 1692 988 1762 justitia
1018 1709 1167 1761 vera,
1197 1712 1263 1751 ea
1297 1696 1424 1752 talis
1460 1696 1669 1767 justitia
1697 1698 1972 1754 Antichri-

385 1792 511 1838 stus
557 1792 679 1851 est,
728 1784 993 1841 adversus
1044 1785 1315 1856 justitiam
1362 1789 1670 1846 Christum.
1723 1791 1974 1847 Arbitror

378 1886 445 1932 et
503 1876 807 1932 castitatem
858 1891 981 1933 esse
1033 1879 1454 1949 Antichristum,
1509 1898 1633 1953 qua:
1683 1894 1767 1940 est
1829 1885 1973 1956 apud

2072 704 2170 760 per
2204 704 2368 758 opera
2403 687 2540 743 dixit
2572 697 2627 744 et
2674 705 2771 760 per
2817 688 3122 745 doctrinam
3173 690 3410 761 pietatis,
3443 699 3504 746 ut
3541 691 3659 762 lpSc

2048 768 2217 833 ‘dicat
2244 778 2309 833 ad
2332 777 2577 845 Petrum,
2601 780 2759 849 quasi
2785 779 2878 850 qui
2907 795 3187 850 nunquam
3210 780 3280 834 ab
3303 795 3369 835 eo
3389 782 3654 847 audisset,

2074 868 2356 923 didicisset
2399 875 2581 922 autem
2635 884 2667 923 a
2714 865 2875 924 Patre
2921 868 3050 938 quia
3082 869 3199 939 ipse
3236 878 3355 924 erat
3400 868 3657 927 Christus

2073 958 2246 1016 Filius
2290 959 2385 1014 Dei
2432 960 2541 1015 vivi
2575 977 2589 1015 :
2626 958 2823 1013 Beatus
2870 975 2944 1021 es,
2982 957 3167 1014 Simon
3193 956 3502 1028 Bar-Jona,
3529 963 3658 1032 quin

2073 1068 2178 1108 non
2208 1068 2333 1106 caro
2362 1062 2412 1106 et
2456 1053 2673 1124 sanguis
2714 1051 2960 1106 reuelauit
3008 1051 3123 1116 tibi,
3160 1051 3251 1106 sed
3298 1051 3461 1107 Pater
3509 1062 3658 1108 meus

2070 1145 2163 1216 qui
2198 1154 2277 1199 est
2305 1145 2363 1198 in
2388 1143 2534 1198 caelis
2575 1143 2641 1199 ⁸³.
2679 1142 2736 1198 Si
2780 1144 2927 1199 enim
2961 1142 3077 1213 ipse
3110 1142 3164 1197 in
3196 1157 3426 1215 corpore
3453 1145 3657 1201 consti-

2081 1245 2231 1291 tutus
2257 1234 2548 1292 manifeste
2570 1235 2799 1291 dixisset
2817 1236 2883 1291 ad
2911 1251 3036 1291 eum
3064 1255 3077 1290 :
3108 1239 3214 1309 Ego
3243 1255 3356 1293 sum
3391 1239 3656 1307 Christus,

2071 1343 2199 1383 caro
2225 1329 2273 1383 ei
2304 1327 2575 1383 rcveiasse
2606 1327 2910 1392 videbatur,
2941 1328 3047 1383 non
3086 1337 3297 1384 tantum
3324 1326 3504 1382 Pater.
3533 1328 3653 1383 Pro:

2074 1423 2259 1487 pterca
2290 1412 2485 1469 suﬂicit
2537 1414 2602 1468 ad
2649 1417 3022 1472 seductionem
3078 1417 3522 1473 antichristorum
3555 1420 3657 1474 hoc

2072 1508 2249 1563 solum
2274 1507 2421 1576 quod
2449 1507 2639 1564 dicunt
2670 1529 2683 1564 :
2719 1506 2834 1579 Ego
2875 1525 2990 1562 sum
3023 1509 3289 1576 Christus,
3317 1510 3462 1580 quod
3514 1527 3656 1565 nun-

2073 1615 2237 1671 quam
2288 1598 2539 1658 Cltrisuts
2586 1600 2783 1671 legitur
2829 1600 3052 1665 dixisse,
3085 1611 3140 1656 et
3192 1603 3348 1657 multi
3397 1612 3526 1679 sunt
3565 1604 3656 1672 qui

2074 1694 2432 1749 seducuulur.
2466 1691 2607 1746 Lata
2638 1701 2714 1747 est
2739 1692 2884 1747 enim
2916 1701 3070 1762 porta
3092 1705 3140 1747 et
3170 1696 3405 1763 spatiosa
3435 1694 3516 1748 via
3542 1712 3656 1764 qua

2075 1784 2222 1838 ducit
2254 1783 2324 1837 ad
2370 1783 2741 1852 perditionem,
2774 1792 2823 1838 et
2855 1783 3010 1837 multi
3054 1785 3260 1838 intrant
3309 1801 3402 1854 per
3439 1802 3556 1839 eum
3587 1787 3655 1851 ἰς

2077 1874 2235 1946 pauci
2264 1885 2445 1930 autem
2481 1876 2576 1946 qui
2608 1875 2888 1931 inveniant
2921 1890 3042 1930 eam
3075 1875 3219 1930 viam
3249 1892 3369 1948 qua:
3400 1877 3546 1933 ducit
3590 1882 3657 1932 ad

372 1966 553 2038 .853
591 1966 897 2033 haereticos,
946 1966 1001 2020 in
1046 1983 1288 2024 errorem
1328 1971 1549 2028 mittens
1597 1940 1881 2042 homines:
1902 1990 1973 2029 ne
2007 1940 2048 1999 Β
2077 1968 2238 2023 vitam
2266 1967 2333 2021 ⁸⁸-

388 2058 697 2129 intelligant
740 2058 1169 2114 ecclesiasticam
1209 2061 1516 2118 castitatem
1548 2062 1850 2121 Christum.
1885 2064 1977 2120 Sic

378 2156 446 2201 ct
488 2146 860 2202 misericordia
888 2155 974 2203 est
1018 2147 1390 2207 Antichristus
1438 2160 1626 2209 contra
1657 2154 1974 2211 misericor-

376 2236 537 2291 diam
571 2236 887 2305 Christum;
928 2238 1021 2308 qui
1053 2237 1263 2296 faciunt
1294 2241 1694 2316 eleemosynas,
1726 2247 1821 2302 sed
1864 2261 1974 2301 non

387 2335 624 2397 propter
646 2325 916 2395 justitiam
954 2325 1069 2382 Dei.
1104 2328 1204 2384 Est
1233 2339 1289 2386 ct
1308 2332 1569 2400 patientia
1604 2334 1976 2393 Antichristus

386 2414 447 2470 in
482 2416 565 2471 eis
606 2416 701 2486 qui
729 2417 982 2472 videntur
1013 2419 1233 2488 quidem
1265 2423 1376 2491 pati
1410 2438 1511 2493 pro
1541 2425 1974 2494 Cbristianitate,

378 2518 446 2564 et
479 2524 653 2578 usque
687 2509 755 2564 ad
786 2508 1111 2566 eli‘usionem
1145 2514 1428 2585 sanguinis
1458 2528 1862 2586 concertantes,
1903 2521 1979 2576 vi-

380 2598 589 2656 delicet
612 2616 681 2657 ne
713 2601 1005 2658 videantur
1032 2603 1303 2675 denegare
1330 2604 1795 2666 Christianitatem
1828 2629 1843 2667 :
1871 2611 1977 2667 ini—

385 2693 657 2762 quitatem
706 2702 888 2749 autem
932 2694 990 2750 in
1038 2696 1338 2767 excelsum,
1374 2699 1427 2754 in
1470 2700 1590 2771 ipsa
1618 2702 1784 2758 etiam
1841 2703 1979 2761 etfu-

387 2787 547 2840 sione
576 2785 860 2856 sanguinis
883 2787 967 2843 sui
995 2787 1314 2858 loquuntur,
1345 2800 1399 2846 et
1423 2802 1634 2863 ponunt
1666 2794 1721 2849 in
1751 2796 1890 2852 caelo
1912 2813 1975 2854 os

384 2892 574 2932 suum.
606 2872 703 2933 Est
750 2887 804 2933 et
845 2878 1025 2935 virtus
1068 2880 1444 2939 Antichristus
1502 2886 1770 2946 seducens
1819 2890 1972 2962 igno-

393 2976 596 3035 tantes,
626 2969 887 3039 quoniam
927 2972 1084 3026 multi
1130 2973 1329 3030 dicturi
1359 2987 1491 3031 sunt
1516 2977 1736 3035 Christo
1785 2981 1840 3035 in
1885 2982 1974 3038 illa

386 3059 478 3112 die
518 3076 534 3114 :
582 3059 827 3128 Domine,
866 3062 921 3115 in
955 3047 1162 3118 nomine
1198 3074 1285 3119 tuo
1318 3066 1583 3135 daemonia
1618 3070 1888 3140 ejeeimus,
1921 3084 1972 3128 et

384 3148 610 3202 uirtutes
653 3149 852 3203 multas
897 3150 1120 3221 fecimus
1170 3153 1241 3208 ⁸³.
1285 3153 1368 3209 Ad
1402 3172 1543 3226 quos
1569 3160 1916 3228 respondebit
1956 3179 1971 3214 :

393 3239 661 3294 Discedite
711 3257 744 3294 a
801 3257 903 3306 nte,
935 3257 1113 3313 omnes
1145 3245 1238 3313 qui
1291 3249 1585 3314 operamini
1622 3250 1972 3320 iniquitatem,
1998 3285 2043 3344 ο

385 3346 657 3402 nunquam
689 3348 780 3388 eos
816 3336 933 3387 novi
973 3335 1045 3391 ⁸⁸.
1084 3333 1142 3390 Si
1180 3337 1327 3391 enim
1365 3355 1646 3410 nunquam
1686 3357 1782 3397 eos
1810 3343 1972 3399 Chri-

388 3435 506 3478 stus
551 3426 827 3494 cognovit,
858 3423 1089 3484 virtutes
1133 3439 1315 3483 autem
1345 3445 1405 3485 se
1446 3429 1643 3486 fecisse
1672 3434 1976 3503 gloriantur

389 3518 444 3570 in
472 3517 688 3572 nomine
714 3517 940 3585 Christi,
976 3534 1081 3573 non
1115 3528 1271 3575 erant
1303 3521 1534 3577 virtutes
1563 3523 1668 3578 illa:
1696 3540 1725 3578 a
1757 3524 1975 3582 Christo

386 3606 483 3675 qni
517 3622 622 3659 non
657 3616 884 3661 noverat
912 3607 1056 3674 illos,
1088 3607 1182 3661 sed
1213 3608 1284 3663 ab
1317 3623 1383 3662 eo
1408 3608 1503 3679 qui
1535 3609 1889 3679 transfigurat
1915 3626 1975 3666 se

390 3714 498 3754 non
532 3699 710 3754 solum
754 3700 809 3755 in
856 3700 1108 3771 angelum
1147 3701 1312 3768 lucis,
1351 3701 1444 3756 sed
1487 3701 1652 3755 etiam
1701 3701 1756 3756 in
1793 3702 1973 3772 ipsum

383 3790 689 3847 Christum.
724 3790 872 3864 Opus
900 3803 985 3849 est
1014 3808 1148 3864 ergo
1177 3792 1337 3849 nobis
1371 3792 1479 3848 Deo
1532 3793 1878 3859 auxiliatore,
1920 3804 1976 3849 et

387 3885 510 3953 ipso
531 3884 754 3940 Christo
784 3885 1002 3940 vivente
1033 3884 1088 3939 in
1123 3884 1302 3950 nobis,
1337 3895 1391 3939 ut
1424 3885 1627 3953 apertis
1667 3885 1841 3942 oculis
1875 3902 1975 3941 no-

390 3977 520 4031 stris
553 3978 833 4033 videamus
862 3992 929 4033 ne
959 3978 1085 4048 quis
1115 3990 1217 4032 nos
1251 3976 1496 4046 seducat,
1529 3977 1615 4032 vel
1649 3992 1854 4045 sermo,
1888 3978 1972 4032 vel

390 4070 587 4134 virtus,
621 4068 704 4123 vel
743 4069 812 4124 ab
846 4069 1015 4135 intus,
1043 4068 1128 4123 vel
1157 4081 1189 4123 a
1237 4065 1392 4133 foris,
1417 4068 1740 4138 promittens
1767 4085 1825 4125 se
1849 4085 1973 4125 esse

392 4157 692 4222 Christum,
721 4173 844 4214 cum
870 4159 943 4214 sit
971 4157 1229 4212 inimicus
1257 4155 1377 4226 ejus
1407 4165 1838 4228 caeterarumque
1858 4158 1971 4213 vir-

391 4258 571 4303 tutum
605 4249 797 4320 ipsius.
850 4247 1153 4305 Considera
1195 4247 1359 4301 etiam
1409 4247 1562 4312 illud,
1614 4234 1759 4318 quod
1813 4251 1969 4305 multi

391 4341 617 4397 veniunt
662 4342 715 4396 in
766 4341 916 4396 nullo
963 4340 1073 4394 alio
1116 4339 1222 4394 nisi
1268 4339 1322 4392 in
1354 4339 1574 4393 nomine
1603 4355 1744 4396 meo.
1776 4339 1967 4395 Solum

384 4435 536 4488 enim
563 4449 758 4489 nomen
786 4433 989 4489 Christi
1014 4430 1385 4486 Antichristus
1411 4430 1661 4501 suscipit,
1680 4447 1782 4488 nec
1804 4448 1967 4503 opera

388 4525 541 4589 facit,
568 4540 668 4579 nec
697 4524 864 4579 verba
890 4523 1134 4579 veritatis
1161 4521 1279 4592 ejus
1307 4519 1486 4585 docet,
1514 4535 1613 4575 nec
1644 4521 1966 4591 sapientiam

2147 2059 2239 2114 54.
2271 2060 2510 2115 Audietis
2537 2068 2715 2114 autent
2746 2059 2956 2129 praelia,
2991 2072 3041 2115 et
3076 2062 3344 2132 opiniones
3379 2060 3427 2094 “
3446 2063 3657 2134 pra-lio-

2078 2170 2218 2208 rum.
2277 2150 2455 2206 Videte
2489 2166 2553 2204 ne
2584 2152 2910 2206 terreamini.
2952 2151 3164 2223 Oportet
3194 2154 3333 2208 enim
3371 2153 3484 2209 licet:
3517 2154 3657 2224 ﬁeri,

2078 2245 2169 2299 sed
2207 2243 2439 2298 nondum
2483 2251 2561 2296 est
2605 2243 2728 2313 ﬁnis
2756 2243 2825 2297 ⁸⁷.
2873 2242 3051 2300 Lucas
3097 2254 3280 2300 autem
3330 2246 3434 2301 h'oc
3470 2247 3660 2301 modo:

2082 2335 2217 2391 Cum
2243 2335 2523 2389 audieritis
2556 2333 2746 2402 prtelia
2764 2342 2814 2388 et
2836 2335 3137 2400 seditiones,
3159 2351 3223 2388 ne
3256 2336 3558 2390 terreamini
3589 2336 3655 2391 ⁵⁸.

2079 2426 2198 2481 Duo
2223 2424 2497 2497 proponit,
2530 2440 2700 2479 unum
2740 2424 2958 2493 quidem
2991 2426 3066 2481 ita
3098 2444 3112 2480 :
3156 2426 3658 2496 Audietistpra'lia;

2077 2521 2308 2575 alterum
2341 2528 2521 2573 autem
2558 2537 2573 2574 :
2611 2518 2923 2574 Auditiones
2953 2519 3282 2588 praeliorum.
3319 2517 3384 2572 Et
3417 2518 3657 2588 primum

2075 2609 2297 2680 quidem
2323 2608 2604 2664 videamus
2626 2608 2928 2664 secundum
2954 2609 3254 2680 simplicem
3281 2609 3655 2675 traditionem,

2087 2701 2388 2757 secundum
2413 2702 2558 2773 quod
2587 2701 2741 2757 multi
2767 2701 3092 2770 intelligunt,
3118 2702 3248 2771 quid
3273 2689 3477 2755 distant
3501 2702 3659 2755 audi-

2077 2794 2255 2849 tiones
2280 2793 2591 2863 praeliorum
2610 2809 2640 2848 a
2663 2793 2884 2864 prwliis.
2903 2792 3053 2848 Pone
3075 2792 3209 2846 mihi
3227 2793 3409 2863 jn'aelia
3425 2807 3547 2849 esse
3566 2795 3659 2848 ubi

2075 2886 2326 2940 civitates
2359 2886 2525 2955 super
2547 2885 2800 2942 civitates
2826 2886 3133 2956 insurgant,
3158 2895 3255 2939 aut
3276 2894 3462 2955 gentes
3485 2885 3660 2955 genti-

2076 2975 2200 3040 bus,
2221 2983 2317 3031 aut
2337 2976 2473 3031 alter
2492 2976 2718 3033 alterius
2736 2992 2849 3033 rem
2872 2977 3050 3043 tollat,
3067 2976 3150 3031 vel
3168 2975 3357 3031 fortior
3373 2976 3661 3031 interﬁciat

2076 3063 2298 3126 fortem.
2330 3064 2472 3134 Quid
2504 3081 2636 3138 ergo
2656 3076 2780 3136 post
2805 3068 2990 3138 praelia
3022 3064 3332 3122 auditiones
3358 3065 3662 3136 significent

2074 3154 2434 3226 praeliorum?
2464 3154 2700 3210 Maxime
2749 3160 2877 3226 quia
2927 3171 3035 3210 non
3082 3165 3167 3211 est
3209 3155 3415 3211 dictum
3451 3172 3466 3211 :
3498 3152 3661 3210 Vide-

2077 3246 2207 3301 hitis
2226 3247 2434 3316 pretia,
2467 3256 2521 3302 et
2552 3248 2788 3305 audietis
2813 3235 2891 3303 de,
2916 3247 3138 3318 praeliis,
3169 3247 3262 3302 sed
3289 3247 3547 3317 utrinque
3568 3261 3661 3317 po-

2078 3337 2190 3393 suit
2221 3354 2235 3391 :
2262 3336 2538 3403 Audietis;
2574 3338 2624 3392 id
2656 3348 2759 3403 est,
2795 3347 2849 3393 et
2871 3338 3056 3408 praelia
3088 3338 3341 3402 audietis,
3367 3347 3422 3392 et
3445 3338 3660 3407 praelio-

2077 3444 2199 3484 rum
2226 3430 2534 3485 auditiones
2563 3430 2820 3486 audietis.
2847 3429 2911 3485 Et
2935 3446 3203 3502 ponamus
3224 3431 3416 3486 audire
3439 3431 3658 3501 quidem

2076 3520 2285 3590 praelia,
2315 3536 2439 3576 esse
2467 3523 2687 3591 quando
2739 3521 2834 3576 lilii
2870 3523 3022 3592 pacis
3050 3538 3082 3576 a
3109 3522 3310 3592 praeliis
3346 3521 3661 3578 custodiunt

2078 3597 2269 3666 oculos
2318 3627 2451 3666 suos
2497 3612 2758 3676 mundos,
2792 3622 2853 3667 ut
2895 3630 3002 3668 non
3054 3614 3270 3668 videant
3299 3614 3534 3684 maligna
3561 3632 3576 3678 ς
3607 3625 3660 3669 ιι

2075 3703 2335 3771 quoniam
2366 3718 2475 3757 non
2508 3713 2740 3771 possunt
2768 3705 3016 3774 aspicere
3043 3720 3207 3773 super
3233 3705 3447 3759 labores
3477 3715 3531 3760 et
3560 3704 3660 3759 do-

2075 3790 2241 3858 lores,
2273 3793 2504 3847 audiunt
2530 3793 2597 3848 de
2636 3794 2837 3862 pradiis
2874 3793 3056 3864 qualis
3089 3794 3284 3850 civitas
3328 3805 3531 3864 pugmt
3560 3796 3659 3849 ad—

2074 3875 2268 3939 versus
2307 3882 2524 3953 qualem
2574 3886 2872 3950 civitatem,
2905 3896 3001 3940 aut
3044 3886 3223 3956 qualis
3262 3903 3395 3956 gens
3435 3902 3466 3940 a
3507 3887 3656 3956 (ntali

2074 3982 2417 4044 expugnetur
2441 3984 2620 4046 gente.
2664 3975 2804 4044 Quid
2834 3987 3014 4031 autem
3051 3977 3155 4030 erit
3190 3984 3346 4030 extra
3378 3975 3481 4031 hoc
3516 3977 3655 4032 alte-

2074 4080 2197 4117 rum
2222 4062 2413 4119 audire
2435 4065 2642 4134 praelia,
2671 4075 2725 4119 et
2750 4066 2941 4121 audire
2969 4065 3280 4120 auditiones
3304 4066 3657 4135 praeliorum?

2074 4152 2211 4211 Vide
2239 4170 2368 4226 ergo
2393 4157 2438 4210 si
2465 4140 2617 4226 potes
2644 4141 2936 4227 (quantum
2968 4158 3036 4213 ad
3068 4157 3469 4226 simplicitatem
3506 4160 3654 4213 verbi

2072 4247 2216 4319 dico)
2240 4248 2401 4303 talem
2423 4247 2780 4304 dilIerentiam
2804 4248 2967 4305 dare:
2992 4263 3100 4303 non
3128 4258 3213 4303 est
3238 4248 3470 4318 idipsum
3497 4249 3663 4318 longe

2071 4341 2320 4412 praelium
2364 4342 2602 4411 positum
2630 4341 2821 4396 audire
2860 4341 2990 4411 quia
3020 4342 3268 4412 praelium
3299 4351 3401 4406 est,
3429 4343 3655 4412 etjuxta

2071 4434 2317 4504 praelium
2357 4448 2501 4500 esse,
2541 4442 2596 4488 et
2641 4433 2788 4503 ipsas
2822 4433 3187 4503 praeliantium
3227 4448 3385 4488 voces
3434 4432 3649 4487 audire.

2072 4523 2244 4578 liabet
2270 4538 2400 4595 ergo
2426 4534 2721 4594 utrumque
2741 4539 2896 4579 suam
2928 4524 3405 4594 signiﬁcationem.
3430 4523 3496 4577 Et
3520 4522 3657 4578 forte

386 4616 511 4684 ejus
558 4615 797 4670 ostendit
828 4615 884 4669 in
934 4630 1013 4670 se.
1048 4614 1114 4667 Et
1155 4616 1635 4684 quemadmodum,
1669 4615 1967 4670 secundum
2000 4622 2046 4687 υ
2073 4613 2164 4684 qui
2195 4612 2416 4683 quidem
2444 4613 2596 4667 audit
2634 4612 2783 4682 ipsas
2809 4626 2972 4667 voces
3002 4626 3126 4684 quae
3165 4611 3300 4665 fiunt
3338 4611 3393 4664 in
3432 4609 3654 4679 praeliis,

392 4696 670 4778 quosdam
723 4705 1002 4762 Barabbas
1052 4708 1335 4762 dicebatur
1385 4718 1440 4763 et
1466 4706 1648 4774 Jesus,
1683 4707 1775 4762 sed
1827 4706 1967 4760 latro

386 4809 511 4854 erat
558 4799 692 4855 nihil
744 4800 953 4856 habens
998 4798 1129 4856 Jesu
1160 4809 1354 4871 preter
1382 4816 1602 4868 nomen,
1644 4799 1724 4854 sic
1761 4799 1966 4854 multos

388 4890 647 4947 existimo
674 4893 935 4960 christos,
969 4895 1061 4950 sed
1095 4894 1317 4949 nemine
1352 4902 1581 4947 tantum.
1616 4889 1753 4946 Nota
1782 4898 1964 4945 autem

387 4985 650 5056 quoniam
684 5002 956 5055 nusquam
989 4986 1264 5042 invenitur
1291 4984 1555 5039 Dominus
1585 4983 1639 5039 in
1667 4982 1967 5053 Scripturis

389 5078 497 5133 hoc
528 5077 645 5147 ipso
670 5092 924 5133 sermone
955 5089 1135 5144 utens,
1165 5084 1220 5132 et
1246 5076 1433 5132 dicens
1473 5093 1489 5130 :
1521 5074 1633 5145 Ego
1657 5090 1777 5131 sum
1805 5074 1961 5130 Chri-

386 5177 529 5232 stus,
570 5176 629 5223 ut
659 5183 725 5222 ne
768 5167 945 5224 simile
977 5166 1181 5238 aliquid
1225 5165 1370 5221 dicat
1401 5164 1589 5219 multis
1629 5163 1871 5218 venturis
1907 5162 1962 5215 in

385 5258 611 5312 notitiae
651 5259 768 5329 ejus
799 5267 963 5329 atque
995 5256 1305 5314 dicentibus
1337 5274 1352 5310 :
1395 5253 1506 5325 Ego
1537 5268 1658 5310 sum
1682 5252 1958 5308 Christus.

390 5349 743 5427 subiciebant
769 5352 914 5406 enim
938 5351 988 5405 ei
1029 5350 1100 5404 ad
1138 5347 1478 5405 credentium
1513 5346 1672 5400 tidem
1700 5345 1961 5415 quoniam

388 5440 508 5511 ipse
545 5453 629 5497 est
673 5443 947 5507 Christus,
977 5457 1140 5512 opera
1189 5440 1282 5497 Dei
1309 5456 1432 5511 quae
1457 5440 1608 5495 solus
1640 5446 1854 5509 poterat
1881 5434 1965 5489 fa-

392 5547 516 5588 cere
566 5532 838 5602 Christus,
881 5544 936 5590 et
959 5548 1139 5590 sermo
1180 5548 1342 5603 quem
1385 5532 1633 5596 docebat,
1666 5540 1719 5586 et
1768 5531 1965 5595 virtus,

390 5640 557 5695 super
586 5625 729 5682 mille
752 5641 915 5682 voces
947 5625 1245 5681 clamantes
1282 5643 1293 5678 :
1331 5622 1441 5695 Ego
1475 5640 1591 5677 sunt
1621 5621 1865 5678 Christus
1893 5623 1960 5674 “.

2073 4705 2226 4759 audit
2249 4703 2460 4775 praelia;
2478 4702 2570 4773 qui
2596 4712 2776 4757 autem
2800 4703 2868 4758 de
2893 4703 3093 4773 pra'liis
3119 4702 3279 4773 longe
3296 4702 3464 4772 gestis
3478 4701 3653 4764 audit,

2072 4795 2383 4852 auditiones
2430 4795 2581 4850 audit
2613 4795 2922 4865 praeliorum
2955 4813 2968 4849 :
3004 4808 3103 4849 nec
3126 4794 3275 4849 enim
3316 4796 3434 4863 ipsa
3466 4793 3652 4864 pra-lia

2058 4884 2245 4942 'audit.
2277 4885 2415 4940 Cum
2463 4885 2574 4941 sint
2621 4897 2802 4941 autem
2850 4897 3133 4941 sermones
3177 4884 3442 4954 ambigui,
3475 4892 3653 4954 potest

2071 4983 2196 5054 quis
2220 4997 2288 5037 cx
2315 4981 2530 5036 diverso
2556 4980 2757 5044 dicere,
2789 4977 3050 5048 quoniam
3093 4976 3188 5047 qui
3229 4976 3387 5045 longe
3426 4975 3650 5046 quidem

2071 5080 2175 5139 est,
2208 5069 2446 5140 amplius
2489 5068 2641 5123 audit
2680 5068 2747 5121 de
2793 5066 2945 5130 illis;
2998 5066 3093 5136 qui
3142 5073 3324 5119 autem
3372 5074 3457 5120 est
3495 5066 3651 5135 juxta

2069 5160 2279 5233 praelia,
2327 5161 2480 5215 audit
2533 5160 2776 5228 ipsorum
2832 5155 3143 5227 praeliorum
3198 5156 3527 5211 auditiones.
3590 5155 3649 5209 la

2069 5268 2302 5325 utroque
2328 5268 2462 5324 ergo
2494 5252 2711 5307 videtur
2747 5265 2870 5305 esse
2899 5251 3101 5320 aliquis
3128 5249 3447 5304 dill‘erentiaa
3487 5249 3649 5304 intel-

2067 5349 2260 5402 lectus.

2135 5438 2223 5492 ‘55.
2252 5435 2503 5492 Ascende
2534 5450 2682 5488 nunc
2705 5433 2770 5488 ad
2794 5432 3055 5488 moralem
3085 5431 3422 5486 intellectum
3452 5436 3507 5484 et
3534 5428 3650 5499 spi-

2066 5530 2302 5595 ritalem,
2352 5529 2397 5583 si
2447 5541 2557 5596 quo
2607 5526 2771 5580 modo
2808 5525 2990 5595 possis
3034 5523 3272 5595 aliquem
3316 5531 3541 5577 sensum
3578 5522 3649 5576 de

2064 5619 2359 5677 eminentia
2408 5617 2651 5674 scientiae
2680 5616 2906 5681 Christi,
2932 5624 2991 5670 et
3029 5614 3098 5671 de
3139 5613 3441 5670 subtilitate
3475 5628 3647 5669 evan-

462 5829 507 5861 ι’
531 5828 688 5883 Prov.
716 5792 932 5894 xvt,25.
1006 5833 1053 5865 "
1082 5831 1266 5887 Matth.
1294 5847 1393 5897 vn,
1422 5831 1515 5886 22.
1579 5831 1623 5863 "
1653 5831 1783 5886 ibid.
1813 5832 1903 5886 23.
1975 5832 2023 5864 δ’
2052 5829 2241 5885 Matth.
2270 5843 2422 5892 χχιιι,
2455 5826 2509 5881 5.
2569 5825 2616 5859 ⁸³
2636 5823 2827 5897 Matth.
2856 5838 2970 5887 xvi,
2998 5822 3087 5897 li.
3158 5823 3204 5856 “
3226 5821 3414 5878 Matth.
3435 5824 3640 5892 vu,l'5.

392 5897 436 5929 ⁸⁸
461 5899 592 5955 ibid.
621 5898 707 5954 M.
783 5893 828 5932 ⁸⁸
852 5901 923 5955 al.
962 5904 1283 5968 auditiones,
1312 5893 1471 5958 et'sic
1496 5917 1619 5958 mox
1648 5903 1938 5973 interpres.

2084 5901 2279 5956 Matth.
2316 5913 2465 5966 χχιιι,
2516 5897 2571 5953 6.
2650 5897 2697 5929 ⁵⁸
2740 5895 2872 5952 Luc.
2898 5908 3016 5963 ut,
3048 5893 3100 5949 9.
3276 5918 3281 5923 ι
