4052 6304
522 324 655 379 tet-1
1708 331 2028 389 ORIGENIS
2176 330 2592 395 tiA'i‘TllEUM
3692 355 3823 409 tots

517 442 834 511 gelistarnm
881 446 1120 501 invenire
1145 446 1391 518 dignum,
1426 459 1483 503 ut
1519 463 1625 504 non
1660 451 1903 521 deponas
1926 469 2091 508 evan-
2123 456 2167 533 Α
2195 464 2246 508 et
2281 471 2387 509 non
2423 459 2723 517 secundum
2754 457 3059 526 Christum,
3095 466 3477 524 exercitantcs
3508 470 3745 539 seipsos
3772 492 3821 530 ιιι

518 536 707 603 gelicte
723 536 999 629 sapientiae
1015 536 1657 613 dignitatem.Videcrgo
1677 542 1723 598 si
1747 545 2098 601 recordantes
2136 532 2139 533 ν
2203 545 2287 602 his
2335 563 2458 618 quae
2491 549 2769 618 dicuntur,
2801 564 3050 623 quaerunt
3090 565 3145 611 et
3183 559 3435 629 cogitant
3470 532 3813 621 mandatum

514 643 580 683 ea
602 643 722 723 qutc
743 628 994 723 superius
1022 629 1217 684 tradita
1239 639 1369 685 sunt
1392 632 1457 688 de
1478 648 1553 723 eo
1568 633 1713 705 quod
1742 634 1912 689 ait":
1938 635 2097 691 Multi
2197 637 2398 695 Christi
2437 640 2668 697 dicentis
2699 660 2712 696 :
2752 642 2953 711 Videte,
2978 656 3033 702 ct
3068 628 3525 720 videntiquidem
3565 667 3703 723 qua:
3735 658 3815 710 di-

513 721 716 774 vem'ent
757 719 809 772 in
850 719 1061 774 nomine
1092 737 1204 776 meo
1236 723 1465 778 dicentes
1490 738 1510 777 :
1537 722 1789 794 Egosum
1830 725 2090 793 Christus,
2194 739 2418 798 cuntur,
2449 733 2696 790 videntes
2722 744 2907 791 autem
2923 753 3065 793 ~eum
3114 719 3638 798 verisimilitudine
3665 760 3815 800 meu—

511 820 561 864 ct
617 809 813 864 multos
867 809 1137 876 seducent,
1204 828 1501 883 possumus
1555 815 1855 870 secundum
1900 830 2089 871 eorum
2193 820 2373 886 dacia,
2416 837 2526 878 non
2576 825 3068 891 seducuntur,sed
3117 841 3339 900 sperant
3385 834 3529 889 sine
3582 836 3813 892 vulneto

510 901 956 970 consequentiam
983 903 1145 957 etiam
1178 903 1279 959 ista
1310 904 1677 974 interpretari.
1707 904 1899 963 Omnis
1929 907 2094 978 igitur
2189 911 2382 966 talium
2417 914 2724 983 praeliorum
2754 917 3379 988 gloriosum-adventum
3417 924 3631 982 videre
3654 928 3810 984 Citri-

510 993 603 1061 qui
637 992 911 1062 perfectus
945 1001 1051 1057 est,
1087 1001 1144 1049 et
1169 996 1314 1051 videt
1347 997 1401 1051 in
1432 997 1672 1052 animam
1710 1013 1863 1054 suam
1897 999 2092 1070 glorio-
2191 1001 2285 1063 sti.
2319 1003 2411 1071 qui
2453 1011 2535 1058 est
2571 1002 2809 1059 Verbum
2842 1021 2857 1060 :
2901 1006 3139 1064 maxime
3168 1008 3212 1064 si
3240 1006 3572 1068 audientes
3608 1027 3805 1069 secun-

510 1098 630 1135 sum
652 1082 944 1137 adventum
969 1081 1155 1148 Verbi,
1180 1085 1322 1154 quod
1342 1087 1718 1155 corrumpitet
1739 1098 2087 1145 consummat
2191 1092 2322 1147 dum
2364 1093 2565 1150 Christi
2612 1095 2930 1151 mandatum
2969 1098 3152 1167 praelia
3194 1108 3249 1154 et
3286 1100 3639 1157 auditiones
3672 1118 3801 1173 [trae-

510 1174 797 1264 tnundum,
828 1184 879 1228 et
908 1175 1176 1247 cruciﬁgit
1204 1192 1329 1230 eum
1359 1177 1477 1231 viro
1494 1177 1668 1248 justo,
1698 1186 1760 1233 ut
1784 1179 2084 1235 moriantur
2190 1185 2387 1240 liorum
2410 1226 2424 1249 ,
2466 1188 2671 1242 nullam
2716 1189 3179 1259 perturbationem
3206 1192 3439 1248 anima:
3468 1195 3796 1264 ,patiantur,

484 1262 563 1317 .in
593 1279 659 1318 eo
704 1278 895 1321 omnes
926 1281 1014 1321 res
1043 1265 1372 1334 mundiales,
1402 1276 1456 1323 et
1507 1269 1602 1338 qui
1633 1270 1962 1326 exercitatos
1993 1272 2085 1326 ha-
2170 1278 2283 1333 sed
2333 1280 2437 1334 sub
2465 1295 2596 1349 pace
2644 1279 2740 1335 Dei
2770 1281 3022 1351 protecti,
3068 1297 3192 1353 quae
3230 1262 3501 1339 custodit
3535 1285 3710 1340 «uda
3745 1298 3795 1341 et

502 1355 596 1413 bet
634 1371 831 1411 sensus
879 1358 946 1411 ad
986 1358 1334 1427 capiendum,
1371 1374 1593 1415 necesse
1620 1368 1705 1415 est
1737 1369 1797 1415 ιιι
1837 1377 2085 1432 qmerens
2185 1383 2384 1426 sensus
2417 1371 2731 1439 dignorum,
2766 1387 2875 1426 non
2920 1370 3125 1427 fuerint
3164 1372 3360 1427 territi.
3403 1372 3470 1427 Si
3525 1376 3662 1444 quis
3702 1392 3795 1429 au-

486 1459 555 1501 .et
585 1449 904 1513 discutiens,
943 1450 996 1504 in
1035 1449 1205 1505 multa
1236 1449 1477 1508 incurrat
1515 1453 1829 1525 dogmatum
1868 1456 2079 1525 praelia;
2186 1468 2292 1514 tem
2325 1462 2555 1517 audiens
2579 1462 2764 1532 praglia
2793 1472 2850 1518 ει
2879 1461 3190 1519 auditiones
3214 1463 3577 1533 praeliorum,
3606 1481 3798 1520 εεευη,

499 1540 691 1595 audiet
728 1542 894 1596 etiam
944 1542 1146 1597 multos
1190 1542 1504 1611 proﬁtentes
1549 1546 1865 1609 veritatem,
1916 1547 2083 1621 85E.
2183 1552 2312 1608 dum
2365 1553 2510 1623 quod
2564 1553 2960 1624 exposuimus,
3014 1567 3125 1608 non
3177 1552 3343 1608 fuerit
3395 1553 3684 1615 sollicitus
3725 1566 3786 1609 au

501 1643 557 1711 (ξι
585 1632 832 1687 (ῑίνθνδαε
860 1632 926 1686 de
950 1647 1013 1686 ca
1044 1635 1368 1689 traditiones
1402 1651 1415 1689 ε
1449 1644 1515 1690 ut
1534 1636 1679 1691 Sicul-
1714 1638 1891 1693 bomts
1925 1639 2080 1693 miles
2180 1644 2475 1699 videndum
2506 1659 2568 1700 ea
2599 1659 2721 1714 quae
2749 1643 3006 1700 dicuntur
3034 1643 3090 1699 in
3117 1644 3349 1699 diversis
3398 1646 3789 1700 vcrisimifin:-

416 1738 423 1741 '
486 1722 667 1778 Verbi
697 1723 1107 1780 invulnerabilis
1135 1725 1320 1779 animo
1343 1735 1562 1780 maneat
1582 1728 1653 1782 ab
1675 1728 1932 1784 omnibus
1960 1744 2080 1799 pro-
2114 1789 2154 1806 _
2182 1735 2424 1800 dinibus,
2455 1744 2509 1790 et
2548 1735 2676 1806 quia
2722 1750 2831 1789 non
2883 1735 2985 1791 fuit
3029 1735 3303 1792 sollicitus
3348 1736 3427 1791 ad
3462 1736 3777 1804 videndum,

503 1816 785 1871 mentibus
839 1817 1156 1884 veritatem,
1212 1832 1320 1872 non
1380 1828 1560 1873 autem
1610 1820 1916 1878 videntibus
1956 1837 2076 1876 eam
2114 1816 2155 1844 "
2180 1829 2402 1885 territus
2444 1828 2627 1896 fuerit,
2660 1844 2769 1883 non
2807 1828 2987 1884 solum
3029 1828 3334 1900 decipietur
3378 1845 3417 1886 a
3458 1832 3658 1886 multis
3691 1847 3777 1888 re-

503 1922 675 1977 neque
702 1906 1202 1974 manifestantibus,
1232 1910 1323 1963 sed
1349 1911 1622 1965 contraria
1646 1911 1893 1967 veritatis
1920 1912 2076 1982 quasi
2176 1922 2453 1977 nientibus
2502 1921 2556 1975 in
2603 1924 2824 1976 nomine
2855 1920 3080 1988 Christi,
3121 1932 3176 1978 et
3225 1923 3557 1980 dicentibus
3603 1943 3619 1980 ε
3672 1924 3772 1995 Ego

498 2001 786 2055 veritatem
832 2002 1335 2070 ,pronuntiantibus
1362 2041 1380 2067 ,
1444 2012 1498 2057 et
1556 2004 1753 2073 dignus
1815 2003 2078 2059 eﬂiciatur
2172 2023 2291 2060 sum
2316 2004 2561 2062 Christus
2588 2006 2654 2073 θ’,
2690 2022 2877 2062 verum
2901 2009 3064 2063 etiam
3089 2010 3462 2066 intcrficietur
3491 2013 3565 2067 ab
3594 2012 3775 2084 hujusp

497 2092 778 2162 suscipere
805 2094 858 2148 in
885 2095 1122 2150 animam
1150 2112 1304 2152 suam
1336 2096 1630 2165 gloriosum
1654 2095 1856 2152 Christi
1884 2096 2078 2151 adven.-

497 2194 635 2245 tum,
673 2185 972 2241 secundum
1005 2187 1150 2257 quod
1184 2196 1267 2241 est
1313 2186 1456 2241 Deus
1490 2185 1753 2252 Verbum,
1783 2188 1928 2256 quod
1974 2185 2078 2242 fuit

498 2276 851 2347 in.principio
886 2277 1031 2348 apud
1068 2277 1265 2343 Deum,
1297 2281 1442 2349 quod
1483 2278 1623 2334 solet
1664 2279 1849 2334 venire
1884 2278 1951 2335 ad
1980 2295 2076 2335 eos

480 2369 630 2437 qui,
690 2377 978 2439 postquam
1036 2370 1393 2440 cognoverint
1436 2368 1720 2425 Christum
1773 2369 2074 2425 secundum

494 2473 739 2524 carnem,
780 2467 834 2512 ct
880 2459 1221 2529 susceperint
1268 2457 1506 2513 Verbum
1555 2459 1700 2529 quod
1749 2456 1952 2513 factum
1992 2466 2077 2513 est

492 2562 642 2614 caro,
687 2558 894 2605 tantum
922 2551 1225 2606 ascendunt
1267 2566 1378 2622 prae
1411 2551 1619 2621 multis,
1651 2560 1711 2604 ut
1744 2550 1955 2620 possint
1980 2565 2072 2605 ca-

493 2654 619 2709 pere
645 2656 750 2696 non
783 2641 1221 2712 qualemcunque
1247 2641 1500 2712 gloriam,
1532 2640 1626 2697 sed
1659 2640 1885 2709 gloriam
1915 2640 2071 2711 quasi

492 2728 649 2787 Βιιὶοὶ
683 2730 928 2787 a-Patre.
964 2731 1027 2786 Et
1044 2731 1269 2788 forsitan
1288 2731 1443 2805 a[in]
1472 2732 1702 2787 diversis
1731 2730 1917 2799 gloriis
1943 2728 2074 2785 Ver-

490 2826 621 2878 bum
653 2823 750 2879 Dei
783 2833 1029 2895 apparet,
1060 2824 1362 2881 secundum
1414 2824 1667 2878 virtutem
1721 2823 2073 2893 uniuscujus-

468 2930 597 2985 «que
642 2915 839 2971 anima:
865 2915 1138 2981 .videntis,
1177 2913 1478 2970 secundum
1529 2912 1675 2983 quod
1721 2926 1781 2969 se
1813 2927 2068 2983 capacem

476 3007 673 3062 anima
702 3022 1048 3079 unaquteque
1077 3007 1392 3079 praebuerit.
1424 3004 1484 3059 Ei
1513 3021 1646 3077 ergo
1671 3006 1764 3076 qui
1797 3003 2069 3075 perfectus

468 3110 590 3164 .est,
614 3100 1322 3156 ot'adconsummationem
1374 3099 1559 3154 sazculi
1604 3099 1853 3169 pervenit
1892 3113 2068 3167 quan-
2093 3135 2138 3200 ε

484 3202 605 3246 tum
650 3190 723 3246 ad
773 3207 869 3258 se,~
889 3192 995 3245 tale
1039 3200 1263 3260 apparet
1312 3187 1571 3253 Verbum,
1622 3197 1682 3243 ut
1727 3188 1819 3256 qui
1872 3187 2068 3242 viderit

487 3299 639 3347 t‘mn,
687 3283 879 3337 dicat:
939 3280 1187 3339 Vidimus
1210 3282 1436 3353 gloriam
1482 3280 1620 3351 ejus,
1652 3280 1882 3352 gloriam
1915 3281 2069 3350 quasi

490 3375 708 3439 Unicia
749 3374 928 3441 Patre,
950 3375 1372 3445 plenumgratia
1391 3383 1457 3427 -ει
1497 3373 1716 3429 veritate
1749 3372 1816 3427 “.
1847 3371 1990 3443 Ergo
2021 3372 2068 3427 si

487 3470 614 3539 quis
639 3469 836 3540 dignus
861 3468 1145 3525 habendus
1174 3477 1257 3523 est
1281 3477 1350 3523 ut
1372 3466 1477 3523 tale
1506 3465 1771 3536 suscipiat
1803 3462 2065 3532 Verbum,

466 3571 541 3613 .ιί
573 3560 772 3625 videat,
806 3558 1236 3615 necessehabct
1271 3568 1396 3612 ante
1439 3556 1755 3627 hujnsmodi
1801 3555 2064 3610 visionem

487 3652 650 3708 Verbi
680 3653 877 3708 audire.
896 3652 949 3706 in
993 3651 1174 3705 anima
1205 3665 1302 3705 sua
1328 3651 1507 3720 praelia
1535 3667 1550 3715 ;
1574 3649 1834 3718 .pcralios
1883 3658 2063 3704 autem

486 3745 579 3814 qui
613 3744 773 3813 quasi
820 3743 1401 3797 veritatenrasserunt
1443 3740 1706 3809 quidquid
1755 3739 1863 3795 illis
1905 3738 2066 3793 fuerit

486 3837 686 3898 visum,
718 3833 1026 3903 praeliorum
1053 3832 1381 3887 auditiones.
1409 3830 1476 3886 Et
1503 3831 1642 3886 bene
1663 3830 1914 3885 Salvator
1941 3846 2065 3901 pro-

485 3925 899 3982 ﬁcientibusad.
921 3924 1216 3995 perfectum
1253 3923 1556 3993 discipulis,
1589 3932 1876 3993 postquam
1908 3922 2062 3977 lucu-

487 4029 576 4073 tus
626 4028 710 4074 est
743 4015 810 4073 de
840 4017 1074 4086 phebis,
1115 4015 1486 4085 superaddidit
1521 4032 1534 4069 :
1603 4012 1802 4077 Videte,
1850 4024 1903 4068 et
1951 4028 2061 4067 non

484 4110 623 4165 dixit
657 4129 670 4164 :
720 4108 931 4172 Audite,
962 4107 1190 4161 hortans
1219 4120 1316 4161 eos
1345 4106 1613 4162 sollicitos
1640 4120 1762 4160 esse
1797 4114 1857 4160 ut
1887 4106 2061 4160 oculis

482 4201 680 4254 animae
722 4180 935 4268 possint
977 4198 1178 4261 videre,
1229 4206 1513 4266 postquam
1562 4195 1835 4250 audierint
1879 4195 2057 4265 praelia

484 4305 537 4349 rt
556 4292 868 4363 auditiones
891 4290 1223 4362 praeliorum,
1255 4289 1592 4360 singulorum
1618 4289 2062 4358 quaeaudiuutur

486 4394 756 4449 naturam,
783 4392 838 4438 et
870 4372 1114 4437 videntes
1139 4395 1260 4435 eam
1287 4390 1729 4435 non-terreantur
1759 4398 1772 4433 :
1799 4379 2056 4448 quoniam

2176 2096 2323 2153 modi
2373 2099 2570 2170 gladiis
2628 2098 2953 2154 insanabilia
3011 2101 3323 2171 suscipiens
3384 2104 3659 2170 vulnera;
3706 2105 3768 2160 de

2174 2191 2374 2262 quibus
2406 2191 2598 2261 gladiis
2641 2191 2845 2246 dictum
2884 2203 2969 2247 est
3015 2208 3029 2247 :
3066 2191 3373 2249 Vulnerant
3401 2196 3598 2266 gladii,
3630 2212 3758 2266 quo-

2176 2298 2296 2338 rum
2338 2283 2566 2337 vulnera
2606 2283 2933 2354 sapientium
2978 2285 3176 2356 lingua:
3213 2287 3404 2343 solent
3443 2303 3665 2345 sanare.
3699 2287 3756 2342 lii

2173 2379 2353 2423 autem
2389 2370 2482 2440 qui
2519 2370 2938 2439 perturbantur,
2970 2381 3025 2428 et
3067 2373 3194 2444 quia
3237 2390 3351 2431 non
3396 2376 3511 2432 sibi
3557 2379 3755 2447 prospi-

2173 2459 2346 2525 ciunt,
2379 2458 2433 2514 in
2483 2459 2797 2530 hujusmodi
2848 2462 3088 2532 praelium
3120 2466 3351 2535 cadunt,
3398 2467 3479 2523 illi
3517 2470 3748 2538 suntqui

2172 2551 2228 2609 in
2273 2549 2410 2605 valle
2443 2548 2575 2604 Sion
2621 2549 2982 2607 vulnerantur
3003 2561 3061 2608 et
3089 2554 3436 2622 moriuntur,
3468 2558 3540 2614 de
3564 2559 3753 2629 quibus

2171 2640 2304 2696 dicit
2332 2640 2611 2711 Scriptura
2648 2641 2692 2673 ⁶²
2727 2660 2742 2695 z
2791 2639 3064 2698 Vulnerati
3103 2646 3183 2700 tui
3207 2662 3313 2700 non
3339 2649 3612 2704 vultui-eti
3640 2650 3750 2721 gla-

2171 2732 2282 2798 dio,
2316 2748 2408 2787 nec
2440 2733 2637 2786 mortui
2664 2733 2743 2787 tui
2770 2736 2969 2789 mortui
3003 2735 3057 2790 iu
3094 2736 3251 2794 bello.
3278 2736 3362 2797 De
3393 2741 3601 2812 quibus
3623 2754 3752 2798 nunc

2172 2832 2382 2879 tantum
2413 2825 2719 2897 signiﬁcare
2745 2835 2960 2896 oportet
2986 2842 3087 2882 nos
3124 2846 3139 2882 :
3170 2829 3268 2885 sed
3302 2833 3743 2904 noncujuscu-

2170 2931 2276 2986 que
2304 2916 2543 2974 hominis
2570 2934 2692 2975 esse
2739 2935 3045 2990 praeparare
3066 2920 3147 2975 ad
3197 2921 3545 2978 audiendum
3578 2923 3747 2995 praelia

2169 3018 2224 3062 et
2258 3008 2569 3066 auditiones
2610 3011 2943 3081 praeliorum,
2976 3010 3292 3067 utaudiens
3330 3013 3543 3082 videat,
3569 3023 3742 3070 etnon

2171 3109 2459 3166 terreatur,
2486 3101 2579 3157 sed
2617 3101 2719 3158 viri
2748 3101 2971 3174 perfecti
2992 3105 3048 3158 in
3073 3101 3315 3170 Christo,
3345 3104 3404 3159 in
3435 3120 3598 3160 carne
3631 3104 3742 3173 qui-

2170 3192 2293 3247 dem
2321 3191 2570 3259 viventis,
2603 3207 2707 3248 nor.
2759 3204 2937 3257 tamen
2987 3194 3285 3250 secundum
3341 3211 3566 3253 carnem
3611 3194 3739 3250 mili-

2170 3280 2368 3346 tantis;
2396 3280 2558 3350 cujus
2612 3282 2820 3337 militiae
2861 3297 3012 3339 arma
3060 3299 3168 3339 non
3203 3294 3339 3341 sunt
3369 3284 3627 3348 carnalia,
3653 3281 3739 3336 sed

2170 3367 2328 3424 fortia
2352 3365 2488 3432 Deo,
2518 3381 2572 3423 et
2613 3369 2849 3425 valentia
2894 3370 3177 3428 destruere
3208 3376 3624 3430 munitioneset
3649 3388 3733 3427 co-

2166 3459 2456 3530 gitationes
2484 3461 2869 3516 extollentium
2903 3476 2961 3517 se
3002 3462 3264 3520 adversus
3298 3465 3591 3521 scientiam
3619 3462 3730 3516 .Dei.

2166 3546 2301 3603 Nam
2352 3549 2655 3604 secundum
2690 3548 3067 3618 ‘Salomonem,
3095 3552 3296 3608 multas
3329 3554 3583 3611 civitates
3623 3566 3728 3604 mu-

2167 3641 2311 3697 nitas
2351 3641 2618 3696 han-esum
2648 3642 2905 3697 suasione
2950 3642 3240 3698 verborum
3271 3645 3526 3701 ascendit
3545 3644 3622 3697 vir
3654 3658 3723 3696 suo

2165 3735 2340 3804 piens,
2378 3744 2432 3789 et
2474 3733 2775 3790 ascendens
2820 3732 3090 3790 destruxit
3136 3736 3506 3791 munitionem
3552 3735 3601 3789 in
3632 3747 3725 3803 qua

2166 3827 2316 3897 impii
2367 3826 2733 3882 confidebant.
2763 3812 2982 3882 ’Paulus
3030 3825 3326 3893 destruxit,
3382 3829 3475 3900 qui
3528 3836 3727 3898 paratus

2164 3916 2344 3973 fuerat
2376 3918 2442 3972 ad
2474 3916 2899 3972 destructionem
2933 3917 3212 3974 civitatum
3251 3921 3609 3982 munitarum,
3636 3916 3723 3969 ad-

2163 4011 2497 4066 versantium
2529 4011 2759 4067 veritati.
2784 4009 2887 4078 Qui
2908 4011 3036 4068 talis
3063 4021 3166 4075 est,
3181 4021 3489 4084 postquam
3512 4006 3718 4064 audierit

2162 4101 2344 4171 prtclia
2391 4112 2443 4156 et
2495 4101 2800 4157 auditiones
2845 4101 3178 4171 praeliorum,
3223 4103 3439 4168 videns,
3486 4109 3540 4155 et
3578 4111 3711 4166 quat:

2162 4193 2381 4263 sapiens
2426 4194 2725 4250 ascendens
2773 4209 2938 4262 super
2983 4193 3230 4249 civitates
3268 4196 3536 4258 munitas,
3562 4188 3714 4245 et.d.'-

2162 4295 2381 4341 struens
2429 4279 2764 4340 munitiones
2809 4284 2864 4338 in
2925 4283 3125 4352 quibus
3167 4285 3319 4355 impii
3362 4280 3713 4340 conlidebam.

2154 4375 2587 4431 .laudansDeum
2615 4384 2669 4430 et
2696 4374 2899 4447 gratias
2918 4389 3094 4446 agens
3124 4373 3255 4442 Deo,
3275 4386 3329 4431 et
3357 4392 3386 4429 a
3412 4387 3521 4445 quo
3546 4368 3661 4424 ιιίιιίι
3680 4369 3710 4417 it
3774 4418 3792 4441 δ

483 4477 612 4530 talia
652 4470 1230 4546 intclligibiliapralia
1260 4470 1437 4525 solent
1467 4470 1520 4523 in
1553 4469 1784 4525 diversis
1828 4484 2057 4538 persua-
2093 4470 2134 4525 D
2164 4471 2287 4525 talia
2334 4468 2520 4537 praelia
2564 4467 2820 4537 praliari,
2865 4476 2919 4523 et
2967 4481 3185 4521 scrvare
3232 4468 3543 4522 mandatum
3582 4455 3706 4531 quad

484 4569 733 4627 sionibus
770 4578 1060 4622 occurrere
1090 4560 1399 4617 hominibus
1419 4560 1605 4631 justis,
1633 4568 1687 4615 et
1728 4559 2060 4613 conturbare

483 4668 537 4713 et
586 4670 931 4714 commovere
978 4655 1190 4709 animas
1236 4665 1427 4707 eorum
1477 4651 1545 4704 ad
1596 4649 1955 4704 dubitandum
1991 4665 2059 4704 ne

487 4748 624 4803 forte
657 4762 784 4802 vera
823 4745 930 4802 sint
976 4760 1098 4815 qua:
1123 4741 1438 4797 verisimilia
1472 4755 1594 4796 esse
1616 4739 1894 4804 videntur,
1931 4755 2055 4795 cum

487 4838 596 4892 sint
627 4834 782 4903 falsa,
813 4845 909 4891 aut
928 4845 1081 4891 certe
1103 4833 1191 4888 vel
1218 4834 1286 4887 ad
1319 4832 1646 4887 credendum
1693 4832 1774 4886 eis
1822 4830 2058 4901 perfecte

466 4928 643 5001 quasi
672 4927 837 4983 veris.
868 4926 1147 4997 Quotquot
1174 4941 1304 4996 ergo
1333 4923 1754 4995 proﬁciscuntur
1781 4921 1849 4977 ad
1872 4923 2059 4992 perfe-

486 5024 721 5079 ctionem
773 5035 894 5090 quae
924 5028 1006 5075 est
1035 5020 1088 5073 in
1123 5018 1448 5083 Clu-isto,.et
1477 5016 1560 5070 ad
1591 5017 2057 5071 conversationem

484 5112 725 5170 caelestis
754 5110 1030 5174 Ecclesiae,
1070 5124 1194 5165 cum
1227 5105 1709 5177 audierintpraelia
1740 5104 2053 5170 .hasresum,

484 5222 605 5277 qua:
633 5194 898 5261 adversus
929 5217 1108 5257 veram
1155 5200 1313 5255 fidem
1347 5208 1402 5254 et
1432 5198 1692 5253 adversus
1725 5197 1934 5267 seipsos
1972 5198 2058 5253 in-

485 5303 657 5355 vicem
681 5296 1014 5370 praeliantur,
1033 5287 1088 5348 δι
1111 5292 1384 5348 audierint
1404 5290 1711 5345 auditiones
1738 5290 2049 5359 pratiiorum

484 5391 862 5461 philosophiae,
894 5399 946 5444 et
982 5401 1134 5445 vana:
1173 5383 1507 5445 seductionis
1544 5381 1843 5436 secundum
1879 5383 2053 5437 tradi-

486 5485 687 5545 tionem
716 5477 1334 5543 hominum,sccundunt
1355 5474 1622 5531 elementa
1655 5472 1815 5545 hujus
1839 5475 2050 5539 mundi,

556 5690 602 5721 υ
627 5688 815 5741 Matth.
842 5702 990 5747 xxiv,
1012 5687 1064 5741 5.
1139 5683 1353 5739 “.luan.
1380 5700 1416 5746 ι,
1441 5685 1530 5738 44.
1558 5686 1622 5754 ξω
1649 5684 1836 5746 Matth.
1858 5699 2003 5751 xxiv,
2024 5684 2074 5737 5.

487 5762 530 5793 "
559 5763 577 5814 ί
618 5758 749 5827 lies.
778 5772 901 5821 xxv,
942 5756 1028 5809 28.
1107 5752 1150 5787 ⁶⁶
1178 5772 1299 5824 cap,

2157 4560 2236 4615 ait
2286 4578 2298 4613 :
2334 4558 2675 4628 Sanctiﬁcate
2700 4556 2895 4610 bellum
2927 4557 2992 4622 ⁸³,
3021 4556 3219 4611 clamat
3249 4566 3319 4612 et
3349 4555 3480 4611 dicit
3512 4572 3532 4607 .:
3558 4550 3707 4604 Batr-

2159 4650 2332 4703 dictns
2386 4648 2640 4703 Dominus
2704 4646 2846 4701 Deus
2900 4646 2992 4713 qui
3044 4647 3192 4701 docet
3250 4662 3437 4701 manus
3490 4656 3627 4695 mea:
3657 4637 3703 4688 ill

2161 4739 2376 4809 bellum,
2397 4748 2445 4794 et
2461 4740 2653 4809 digitos
2676 4754 2815 4792 meos
2837 4737 2891 4791 in
2906 4725 3171 4807 praelium,
3193 4732 3548 4791 misericordia
3569 4738 3612 4781 et
3636 4740 3704 4777 re-

2142 4832 2366 4900 ,[ugium
2400 4845 2569 4882 meum
2597 4829 2659 4880 "L
2692 4827 2756 4882 Et
2780 4838 3007 4898 propter
3046 4826 3357 4896 hujusntodi
3384 4820 3560 4894 p:a:l.ia
3584 4813 3699 4868 diei—

2164 4931 2251 4976 tur
2292 4922 2360 4976 de
2402 4921 2567 4974 David
2609 4922 2678 4974 ab
2706 4935 2875 4975 uxore
2917 4918 3084 4973 halial
3126 4919 3170 4951 ⁸⁸
3207 4937 3220 4974 :
3270 4916 3471 4972 Prwlia
3511 4902 3699 4965 Domini

2158 5015 2404 5068 dominus
2450 5030 2592 5079 meus
2639 5012 2914 5083 pugnabit.
2952 5011 3098 5067 Puto
3148 5021 3328 5066 autem
3365 5018 3424 5063 et
3467 4997 3695 5075 myst

2161 5121 2281 5161 esse
2309 5106 2497 5172 talium
2530 5104 2842 5176 praeliorum
2859 5104 3056 5175 praelia
3088 5118 3210 5174 quae
3234 5103 3289 5156 in
3318 5092 3604 5167 Scripturis
3626 5088 3694 5141 le-

2156 5208 2399 5268 guntur;
2426 5197 2680 5268 mysteria
2707 5196 2871 5251 etiam
2902 5209 3024 5250 esse
3055 5189 3440 5251 destructionis
3468 5179 3693 5256 praelia"-

2160 5287 2296 5342 tiunt
2347 5288 2608 5342 adversus
2645 5286 2889 5342 veritatis
2939 5288 3444 5357 congregationem,
3485 5270 3692 5327 tuaxime

2161 5395 2283 5449 quae
2308 5381 2560 5449 leguntur
2582 5380 2632 5433 in
2649 5380 2800 5435 .libro
2834 5378 2964 5434 Jesu
3008 5376 3157 5434 Nave
3183 5378 3230 5410 ⁸⁸
3253 5377 3320 5432 de
3344 5362 3694 5426 destruction.—

2162 5472 2263 5526 bus
2289 5471 2566 5526 civitatum
2597 5481 2689 5524 :et
2712 5468 2971 5540 mysteria
3004 5478 3132 5525 sunt
3152 5468 3394 5523 omnium
3421 5461 3691 5523 ουιιεῑθιιδδο

2152 5684 2196 5715 “
2216 5681 2323 5736 lsa.
2356 5694 2494 5742 XXII,
2525 5680 2578 5733 '2.
2637 5678 2896 5734 “Jerem.
2919 5693 2993 5745 rt,
3025 5674 3081 5732 4.
3159 5673 3205 5705 ⁸⁵
3225 5669 3371 5729 Psal.
3395 5673 3563 5725 estut,
3584 5646 3687 5732 ly"

3922 2918 3928 2969 ι
