4052 6304
335 302 470 358 1649

1512 297 2170 357 MJMMENTARIORUM
2217 298 2483 357 SEKIES.

2169 172 2193 180 --
2218 170 2333 188 ...ιδ-ό

3457 297 3592 354 16Το

333 422 543 481 tionum
560 418 994 477 adversariarum
1017 417 1297 475 virtutum.
1317 419 1616 480 Audientes
1625 422 1761 492 ergo
1772 435 1910 490 prue—

2022 418 2083 471 ad
2121 415 2389 472 defectum
2435 425 2490 472 et
2531 422 2936 484 corrumpatur.
2979 411 3114 467 Nam
3167 415 3281 470 nin
3322 418 3586 486 peribunt,

333 513 407 568 lia
431 519 486 568 et
505 511 814 567 auditiones
840 510 1028 565 talium
1048 509 1380 580 praeliorum,
1399 513 1744 568 attendamus
1766 511 1910 582 quod

335 605 412 658 ait
430 623 444 660 :
485 601 666 657 Videte
687 619 748 656 ne
773 604 1092 657 terreamini.
1117 603 1184 656 Et
1204 601 1466 658 debemus
1486 604 1625 659 scire
1651 604 1910 673 quoniam

335 700 551 764 oportet
590 693 706 748 haec
742 691 858 748 fleri
892 694 1232 765 exspectanti
1276 693 1568 749 adventum
1621 689 1805 754 Verbi,
1855 699 1912 746 ut

335 785 562 839 audiant
607 785 789 854 praelia
833 793 888 841 et
931 787 1239 842 auditiones
1280 783 1629 855 praeliorum;
1659 783 1752 839 sed
1802 799 1911 837 non

336 878 520 936 atatim
565 883 627 930 ut
671 876 943 943 audierit,
999 894 1125 934 mox
1163 878 1269 934 erit
1307 879 1452 936 finis.
1501 878 1726 948 Propter
1765 876 1910 946 quod

336 968 518 1029 finem.
555 976 773 1038 oportet
825 979 1146 1041 exspectare
1203 987 1421 1028 omnem
1483 972 1761 1026 hominem
1819 969 1913 1038 qui

336 1062 451 1117 vult
527 1060 663 1117 fieri.
715 1061 953 1129 salvus,
1023 1065 1284 1135 quoniam
1352 1066 1442 1136 qui
1511 1065 1915 1136 perseveraverit

337 1168 499 1223 usque
543 1153 602 1207 in
639 1152 819 1222 ﬁnem,
847 1152 940 1210 hic.
978 1155 1154 1210 saluus
1199 1157 1318 1211 erit.
1353 1156 1416 1210 ⁸⁷.
1448 1155 1760 1212 Secundum
1807 1154 1917 1209 Lu-

339 1259 466 1300 cam
511 1253 694 1300 autem
741 1244 828 1312 “,
874 1244 924 1301 si
969 1247 1308 1305 audierimus
1352 1249 1538 1320 praelia
1583 1257 1638 1305 et
1691 1249 1915 1304 seditio-

338 1353 456 1399 nes.
505 1353 574 1393 ne
616 1338 1030 1394 conturhemur.
1066 1337 1258 1394 Praalia
1301 1339 1524 1409 quidem
1564 1354 1686 1408 quae
1720 1338 1913 1393 fiuntsa

333 1426 500 1498 855
526 1427 750 1483 scientia
784 1427 905 1483 falsi
947 1429 1189 1485 nominis
1231 1438 1285 1485 et
1329 1445 1362 1484 a
1406 1430 1670 1500 sapientia
1708 1430 1915 1500 princi-

338 1534 466 1588 pum
505 1519 668 1588 hujus
705 1519 928 1586 mundi;
966 1520 1263 1577 seditiones
1291 1530 1471 1577 autem
1495 1566 1508 1591 ,
1543 1537 1652 1578 non
1676 1537 1914 1578 consen-

339 1608 588 1663 tientium
622 1609 726 1665 sibi
763 1610 994 1666 invicem
1032 1612 1087 1667 in
1123 1621 1392 1669 conventu
1423 1612 1696 1670 Ecclesiae.
1737 1615 1915 1671 Diver-

337 1713 430 1754 sas
458 1699 601 1752 enim
628 1701 931 1756 sententias
955 1701 1023 1757 de
1049 1701 1214 1758 variis
1245 1702 1474 1772 negotiis
1504 1703 1792 1759 manifeste
1824 1721 1917 1759 au-

338 1791 541 1858 dimus,
567 1791 803 1847 maxime
835 1792 931 1863 qui
956 1793 1204 1849 volumus
1239 1795 1506 1864 proficisci
1533 1796 1598 1850 ad
1625 1796 1914 1866 perfectio-

340 1899 462 1938 nem
483 1893 711 1955 quasest
742 1884 796 1940 in
821 1883 1060 1942 Christo.
1092 1885 1210 1941 Non
1232 1887 1407 1942 solum
1426 1897 1586 1942 extra.
1613 1888 1909 1944 Ecclesiam

341 1975 546 2044 praelia,
581 1977 969 2032 verumaetiam
997 1977 1050 2032 in
1081 1977 1320 2034 Ecclesia
1353 1979 1499 2035 intus
1521 1981 1833 2036 seditiones.
1866 1981 1910 2034 Α

339 2067 540 2136 quibus
577 2067 834 2123 omnibus
870 2069 1030 2124 alieni
1071 2068 1297 2126 fuerunt:
1333 2073 1698 2141 apostolorum
1745 2073 1910 2127 disci-

341 2154 472 2224 puli,
504 2157 1046 2225 quorunnomnium,
1092 2159 1251 2214 sicut~
1271 2160 1324 2214 in
1365 2163 1593 2218 Actibus
1632 2165 1911 2232 apostolo-

342 2261 462 2305 eum
491 2246 534 2280 ⁸³
567 2255 669 2302 est-
689 2247 953 2319 scriptum
973 2291 989 2318 ,
1035 2261 1148 2305 erat
1180 2267 1269 2304 eor
1290 2263 1535 2308 unumst
1563 2256 1743 2310 anima
1783 2273 1910 2311 una.

339 2336 658 2393 Confirmati
707 2340 852 2397 enim
893 2343 1127 2396 erant-in
1151 2343 1340 2398 eodem
1367 2361 1534 2400 sensu
1558 2357 1610 2402 et
1648 2350 1699 2402 iu
1724 2349 1912 2404 eadem

340 2428 592 2484 scientia.
645 2427 852 2488 Tamen
906 2446 1027 2496 nos,
1074 2431 1175 2486 etsi
1224 2433 1594 2491 audiverimus
1643 2437 1912 2507 ejusmodi

340 2519 544 2589 praelia.
575 2529 630 2575 et
686 2520 984 2577 seditiones
1041 2522 1353 2593 ejusmodi,
1427 2542 1534 2581 non
1590 2537 1911 2587 terreantur.

338 2608 582 2679 Oportet.
613 2611 1036 2682 enim-primum
1075 2623 1364 2684 antequam
1412 2616 1709 2674 videamus
1736 2621 1916 2690 perfe-

340 2701 576 2755 ctionem
600 2701 1205 2774 sapientiaequteestin
1237 2705 1479 2772 Christo,
1508 2708 1623 2767 haec
1649 2711 1794 2779 fieri;
1822 2715 1914 2770 sed

343 2807 452 2847 non
485 2793 670 2848 statim
701 2794 806 2849 erit
835 2795 965 2853 finis
984 2801 1489 2870 quemquaerimus.
1522 2785 1748 2872 Oportet
1771 2807 1915 2862 enim

341 2899 444 2938 nos
483 2885 714 2941 stabiliri
747 2889 1149 2945 etconfirmari
1184 2891 1236 2945 in
1271 2907 1425 2962 pace,
1466 2903 1526 2948 ut
1565 2895 1684 2950 sine
1714 2907 1918 2956 terrore

335 2978 535 3044 simus,
566 2995 668 3034 nec
693 2981 1111 3038 aeseditionibus
1137 2984 1550 3051 conturbemur,
1577 3000 1634 3043 ut
1656 2999 1778 3058 post
1806 2993 1920 3047 haec

342 3069 624 3126 valeamus
684 3087 884 3142 capere
929 3074 1092 3129 finem
1123 3075 1370 3145 qui~non
1412 3086 1497 3131 est
1543 3078 1597 3132 in
1642 3081 1919 3138 auditione

341 3162 651 3232 praeliorum
693 3178 868 3234 neque
919 3164 975 3218 in
1023 3164 1158 3235 ipsis
1212 3167 1603 3236 seditionibus;
1658 3171 1919 3240 pacificus

340 3253 488 3309 enim
517 3252 642 3309 finis
669 3252 829 3324 longe
861 3263 945 3310 est
967 3255 1036 3311 ab
1056 3258 1312 3315 omnibus
1336 3261 1480 3317 istis.

410 3346 500 3402 56.
545 3345 810 3418 Exsurget
839 3349 980 3403 enim
1030 3367 1154 3421 gens
1183 3353 1435 3410 adversus
1473 3367 1700 3428 gentem;
1745 3371 1920 3417 et're-

341 3455 499 3510 gnum
526 3440 775 3496 adversus
800 3458 1036 3514 regnum,
1059 3453 1110 3498 et
1130 3457 1282 3500 erunt
1299 3448 1486 3517 fames,
1509 3462 1558 3505 et
1581 3453 1916 3518 pestilentiw,

340 3544 389 3586 et
444 3543 774 3589 terrwmotus
835 3552 927 3604 per
976 3537 1116 3592 loca.
1172 3537 1302 3592 [hec
1355 3541 1495 3594 enim
1536 3543 1714 3595 omnia
1762 3547 1920 3599 initia

341 3633 466 3676 sunt
498 3623 739 3679 dolorum
760 3627 828 3681 ".
874 3627 1092 3683 Marcus
1145 3630 1362 3696 eadem,
1427 3631 1578 3687 addit
1622 3643 1827 3702 autem,
1868 3649 1916 3690 et

344 3715 582 3770 turbellre
611 3717 651 3747 ⁷¹
676 3735 693 3785 ;
724 3716 900 3775 Lucas
927 3719 1179 3775 similiter
1207 3720 1346 3791 ipsa,
1375 3719 1524 3775 addit
1543 3730 1744 3790 autem,
1766 3734 1921 3780 terro-

347 3823 528 3882 resque
556 3809 621 3864 de
656 3809 783 3863 creto
805 3852 820 3877 ,
859 3821 912 3865 et
944 3812 1098 3883 signa
1131 3830 1324 3882 magna
1357 3823 1534 3882 erunt,
1556 3825 1604 3870 et
1630 3815 1821 3871 hiemes
1850 3819 1918 3873 ".

343 3895 588 3954 Primum
637 3901 906 3972 simplicia
950 3904 1055 3958 loci
1108 3915 1162 3960 et
1205 3905 1509 3976 corporalia
1561 3921 1918 3977 exponamus.

349 3989 505 4044 Sicut
546 3992 690 4046 enim
734 3995 1002 4064 aegrotant
1034 4011 1264 4066 corpora
1290 4006 1416 4052 ante
1458 4008 1687 4054 mortem
1728 4016 1919 4056 eorum

347 4082 442 4151 qui
477 4083 584 4136 vim
627 4101 732 4140 non
762 4087 1110 4143 extrinsecus
1140 4089 1450 4157 patiuntur,
1485 4099 1540 4146 et
1566 4093 1924 4160 quemadmo-

348 4176 478 4228 dum
524 4175 577 4228 in
627 4177 881 4233 omnibus
915 4194 1010 4249 per
1037 4178 1407 4234 infirmitatem
1447 4181 1505 4235 fit
1540 4182 1626 4235 via
1667 4181 1733 4236 ad
1762 4199 1925 4252 sepa-

347 4267 572 4321 randam
624 4270 862 4324 animam
913 4286 942 4324 a
997 4285 1226 4340 corpore
1271 4287 1392 4336 suo,
1429 4274 1506 4328 sic
1550 4274 1674 4330 talis
1694 4285 1746 4329 et
1775 4283 1920 4330 tanta

343 4367 594 4414 creatura
612 4361 822 4428 mundi,
839 4377 965 4416 eum
982 4363 1257 4433 corrumpi
1273 4365 1518 4431 coeperit,
1533 4366 1690 4435 quasi
1709 4365 1921 4420 initium

2015 507 2274 576 quoniam
2308 508 2445 560 sicut
2473 506 2833 560 vestimentum
2870 513 3185 558 veterascent
3216 504 3280 558 ⁷⁸.
3319 505 3592 578 Quidquid

2014 609 2190 653 autem
2233 599 2508 653 veterascit
2533 610 2581 652 et
2610 596 2869 661 senescit,
2908 611 3065 664 prope
3099 598 3375 651 interitum
3406 609 3484 653 est
3519 601 3588 650 ⁷⁸.

2011 690 2368 760 Consequens
2413 700 2499 746 est
2533 700 2591 746 ut
2619 699 2672 745 et
2698 700 2919 760 propter
2960 691 3197 760 inopiam
3239 691 3483 746 ciborum
3535 693 3591 748 in

2013 782 2293 838 avaritiam
2324 791 2379 836 et
2414 783 2554 837 bella
2586 781 2836 838 homines
2868 783 3174 838 excitentur
3202 783 3466 838 adversus
3493 799 3591 839 eos

2012 874 2106 943 qui
2139 888 2247 928 non
2279 883 2484 928 tantam
2516 873 2798 944 patiuntur
2818 874 3081 944 inopiam,
3110 883 3163 928 et
3194 883 3253 928 ut
3279 889 3343 928 ex
3372 889 3594 942 compa-

2013 966 2224 1021 ratione
2241 966 2473 1021 aliorum
2502 981 2622 1036 quae
2649 966 2704 1020 in
2731 967 2892 1020 rebus
2917 965 3242 1021 necessariis
3264 975 3394 1020 sunt
3420 965 3594 1019 abun-

2014 1056 2296 1122 dantium,
2355 1056 2487 1110 fiant
2545 1056 2977 1110 insnrrectiones
3036 1056 3268 1110 aliorum
3330 1055 3598 1110 adversus

2015 1150 2174 1213 alios,
2232 1158 2284 1203 et
2340 1163 2472 1218 gens
2513 1156 2714 1218 pugnet
2743 1146 3005 1201 adversus
3035 1157 3246 1216 gentem
3277 1156 3330 1200 et
3364 1162 3592 1217 regnum

2014 1237 2276 1292 adversus
2308 1252 2553 1307 regnum.
2580 1235 2844 1290 Possibile
2873 1245 2958 1291 est
2990 1245 3172 1290 autem
3199 1251 3323 1290 cum
3357 1237 3589 1290 aliarum

2015 1328 2310 1398 indigentia
2355 1343 2563 1392 rerum,
2607 1328 2772 1383 etiam
2804 1327 3088 1383 hominum
3132 1330 3335 1384 bonum
3368 1345 3591 1384 sensum

2017 1423 2333 1479 habenti-um
2369 1423 2725 1495 indigentiam
2761 1422 2876 1477 fieri
2899 1464 2914 1488 ,
2947 1431 3007 1478 ut
3035 1439 3128 1494 per
3161 1424 3276 1480 haec
3299 1426 3593 1494 tranquilla

2016 1522 2069 1568 et
2103 1517 2326 1584 pacifica
2351 1516 2461 1570 vita
2487 1531 2594 1570 non
2630 1516 2938 1570 inveniatur
2960 1516 3014 1570 in
3046 1517 3252 1582 multis,
3286 1517 3381 1571 sed
3411 1517 3595 1572 insur-

2017 1606 2307 1672 reetiones,
2339 1614 2391 1660 et
2421 1607 2564 1670 lites,
2595 1614 2649 1660 et
2678 1606 3112 1676 perturbationes
3140 1605 3292 1671 fiant,
3321 1607 3590 1662 interdum

2017 1697 2235 1765 quidem
2272 1711 2489 1769 pr0pter
2515 1700 2822 1766 avaritiam,
2855 1699 3123 1754 interdum
3159 1707 3340 1753 autem
3374 1709 3591 1769 preptcr

2017 1789 2520 1856 concupiscentiam
2568 1787 2933 1857 principatus,
2977 1789 3272 1858 aliquando
3320 1797 3500 1844 autem
3542 1798 3596 1844 ct

2019 1892 2237 1950 propter
2266 1881 2452 1952 gloriae
2473 1897 2624 1936 vana:
2645 1882 2991 1950 cupiditatem
3024 1883 3296 1949 insanam,
3322 1882 3594 1937 interdum

2019 1983 2198 2026 autem
2226 1984 2277 2027 et
2301 1973 2598 2043 cupiditate
2623 1989 2775 2028 vanae
2803 1974 2986 2044 gloria:
3011 1976 3340 2046 principum,
3368 1977 3460 2046 qui
3489 1993 3595 2031 non

2020 2075 2146 2121 sunt
2163 2066 2399 2121 contenti
2422 2067 2642 2136 proprio
2668 2083 2850 2138 regno,
2874 2068 2966 2122 sed
2985 2069 3170 2123 volunt
3197 2085 3354 2123 suum
3376 2069 3593 2138 quidem

2019 2158 2308 2214 extendere
2319 2159 2677 2229 principatum
2693 2169 2744 2214 et
2760 2160 2958 2216 multas
2971 2161 3072 2214 sibi
3086 2163 3316 2216 subdere
3328 2162 3596 2217 nationes.

2091 2251 2180 2304 57.
2209 2252 2398 2307 Adhuc
2427 2262 2606 2306 autem
2636 2251 3042 2322 profundiorem
3074 2255 3223 2310 dabit
3253 2255 3452 2324 aliquis
3473 2271 3598 2309 cau-

2023 2356 2140 2397 sam
2172 2359 2361 2397 eorum
2391 2359 2513 2414 qua:
2537 2355 2664 2399 ante
2693 2347 3215 2404 consummationem
3252 2345 3439 2400 mundi
3470 2354 3600 2400 sunt

2021 2444 2278 2490 eventura
2298 2477 2311 2501 ,
2341 2437 2577 2490 maxime
2605 2438 2670 2492 de
2688 2440 2909 2508 praeliis.
2941 2437 3208 2506 Quoniam
3237 2438 3377 2494 sicut
3401 2439 3600 2491 adven-

2023 2535 2110 2582 tus
2123 2525 2324 2582 Christi
2344 2527 2395 2581 in
2414 2529 2661 2598 pluribus
2681 2532 2931 2603 gentibus
2947 2532 3131 2586 divina
3151 2534 3344 2586 virtute
3366 2529 3490 2585 fecit
3511 2544 3600 2598 pa-

2022 2633 2160 2683 cem,
2179 2621 2478 2676 secundum
2505 2622 2649 2692 quod
2677 2621 3088 2692 dicitPropbeta
3113 2623 3179 2677 de
3209 2620 3300 2676 illo
3328 2621 3374 2652 ⁷⁶
3399 2639 3411 2674 :
3448 2620 3600 2675 Orie-

2025 2720 2112 2764 tur
2134 2711 2186 2764 in
2208 2712 2390 2765 diebus
2418 2713 2533 2780 ejus
2551 2714 2771 2782 jtustitia
2801 2723 2852 2768 et
2874 2713 3204 2767 abmrduntia
3231 2715 3399 2782 pacis,
3431 2711 3594 2764 dorice

2023 2802 2312 2857 extoflatur
2361 2803 2530 2870 tuna;
2570 2815 2624 2861 et
2662 2805 2742 2860 sic
2771 2803 3272 2876 paxmultiplieata
3299 2813 3380 2859 est
3413 2802 3600 2859 rnundl

2025 2905 2256 2966 propter
2295 2896 2630 2952 incrementa
2678 2897 3043 2954 Ecclesiarum
3081 2897 3283 2964 futura,
3315 2907 3371 2952 ut
3399 2914 3459 2951 ea
3495 2913 3598 2967 pax

2027 2989 2219 3043 salutis
2253 2988 2551 3043 multorum
2584 2991 2678 3043 fiat
2717 2989 2971 3054 occasio,
3009 2988 3138 3043 dum
3186 3003 3292 3043 non
3329 2997 3599 3058 coguntur

2026 3080 2176 3134 exire
2213 3080 2279 3134 ad
2318 3081 2457 3135 bella
2495 3090 2549 3135 et
2583 3096 2825 3151 pugnare
2866 3096 2966 3150 pro
2995 3081 3184 3150 patriis
3224 3081 3365 3135 sicut
3393 3079 3598 3149 pridem

2023 3170 2186 3226 fiebat
2212 3189 2226 3238 ;
2266 3173 2347 3227 sic
2374 3187 2716 3242 consequens
2748 3182 2831 3227 est
2857 3214 2872 3238 ,
2903 3189 3028 3228 cum
3067 3180 3286 3242 propter
3312 3171 3588 3226 abundau—

2023 3261 2152 3316 tiam
2197 3262 2500 3332 iniquitatis
2550 3261 2862 3334 refriguerit
2894 3263 3135 3318 charitas
3183 3261 3517 3323 multorum,
3549 3270 3601 3315 et

2023 3353 2146 3410 ideo
2179 3355 2531 3424 dereliquerit
2560 3369 2655 3409 eos
2681 3353 2825 3410 Deus
2855 3363 2908 3410 et
2940 3353 3193 3414 Christus
3218 3353 3358 3424 ejus,
3402 3355 3599 3409 iterum

2023 3446 2140 3502 ﬁeri
2183 3447 2390 3516 praelia,
2439 3447 2692 3501 videlicet
2730 3446 2860 3500 dum
2891 3462 2996 3499 non
3028 3445 3385 3520 prohibentur
3411 3461 3590 3514 Opera-

2023 3539 2201 3592 tioues
2231 3538 2608 3592 scminatrices
2645 3537 2910 3590 bellorum
2947 3553 2976 3590 a
3010 3537 3332 3602 sanctitate,
3369 3537 3462 3592 scd
3494 3553 3608 3590 ma-

2023 3629 2106 3699 gis
2151 3629 2330 3683 adhuc
2382 3629 2700 3689 nutriuntur
2739 3637 2958 3697 pr0pter
3003 3627 3268 3689 malitiam
3318 3629 3600 3681 hominum

2025 3728 2552 3787 supercrescentem,
2581 3727 2638 3773 ut
2665 3719 2910 3774 omnium
2943 3719 3305 3781 accidentium
3333 3721 3600 3773 malorum

2023 3825 2192 3863 causa
2241 3825 2361 3864 esse
2408 3809 2657 3863 dicantur
2709 3809 2819 3879 qui-
2856 3819 3204 3868 accesserunt
3261 3811 3477 3884 quidem
3531 3820 3598 3864 ad

2028 3898 2287 3965 Verbum,
2325 3901 2419 3956 sed
2457 3911 2646 3973 postea
2677 3901 3088 3956 declinaverunt
3117 3910 3174 3960 et
3215 3917 3404 3956 omnes
3441 3902 3601 3956 simul

2025 3992 2246 4048 inutiles
2312 3993 2440 4047 facti
2510 4002 2658 4046 sunt
2699 3994 2752 4047 in
2811 3993 3182 4048 mundialibus
3235 3994 3415 4048 malis.
3467 3991 3607 4048 Nam

2027 4084 2266 4154 quandiu
2317 4085 2566 4139 steterint
2624 4085 2766 4140 sales
2799 4093 2974 4149 terrae,
3015 4086 3082 4140 ad
3143 4101 3283 4154 quos
3339 4084 3602 4140 Dominus

2025 4177 2162 4230 dixit
2181 4177 2224 4206 ⁷⁷
2262 4195 2275 4229 :
2322 4175 2419 4230 Vos
2442 4176 2567 4230 estis
2590 4176 2672 4229 sal
2691 4186 2878 4240 ‘terra',
2902 4186 2953 4230 et
2980 4177 3162 4231 omnia
3193 4186 3448 4232 constant
3472 4178 3602 4232 sali-

2028 4266 2130 4320 bus
2175 4277 2493 4337 temperata.
2544 4267 2837 4337 Postquam
2877 4277 3056 4324 autem
3089 4268 3370 4330 infamati
3403 4269 3596 4325 fuerint

2028 4357 2130 4427 ipsi
2164 4359 2326 4420 sales,
2359 4370 2415 4414 ut
2449 4361 2748 4416 secundum
2781 4360 3119 4432 Scripturam
3155 4363 3424 4428 dicamus,
3453 4373 3504 4417 et
3540 4379 3595 4418 ea

350 4445 557 4502 habens
589 4458 643 4502 et
675 4449 872 4516 tinem;
903 4451 1162 4520 quoniam
1195 4468 1318 4522 qua:
1352 4452 1604 4510 videntur
1641 4465 1920 4527 tempora-
1957 4449 2002 4506 Ι)
2029 4466 2149 4520 quae
2195 4451 2531 4506 saliebantur
2581 4452 2649 4509 ab
2693 4454 2773 4507 eis
2825 4453 2968 4508 sicut
3006 4455 3210 4508 insulsa
3241 4455 3602 4515 infamantur.

350 4535 419 4588 lia
444 4546 592 4602 sunt,
623 4546 684 4592 et
703 4538 832 4607 quia
858 4539 1054 4594 cadum
1077 4549 1131 4595 et
1159 4550 1300 4597 terra
1327 4545 1636 4600 transibunt
1663 4566 1676 4600 :
1701 4562 1925 4604 necesse

348 4635 433 4682 est
459 4637 601 4684 ante.
614 4631 1021 4701 corruptionem
1054 4642 1114 4688 ut
1146 4634 1423 4705 langueat,
1449 4645 1508 4691 ut
1533 4645 1678 4692 terra
1702 4639 1922 4709 quidem

347 4718 688 4787 frequentius
744 4723 1138 4780 terranmotibus
1203 4737 1619 4798 couquassetur,
1671 4745 1764 4784 aer
1821 4746 1924 4786 au--

348 4821 456 4863 tvm
527 4810 636 4864 vim
691 4815 981 4882 quamdam
1031 4817 1379 4873 morbiferam
1434 4821 1769 4891 concipiens,
1833 4838 1922 4893 pc-

349 4902 541 4957 stilens
574 4903 687 4959 fiat.
721 4904 930 4962 Adhuc.
963 4917 1144 4963 autem
1199 4918 1254 4964 et
1305 4911 1485 4968 vitalis
1531 4912 1704 4969 virtus
1762 4923 1921 4970 terra:

348 5003 570 5060 repente
613 4993 870 5052 deficiens
919 4995 1125 5052 of'focet.
1153 4996 1462 5064 "-fructus,
1495 5008 1551 5055 et
1586 5017 1778 5059 omnes
1823 5019 1920 5058 na-

348 5093 501 5140 turas
539 5085 798 5143 arborum
849 5089 1109 5144 deficiens
1149 5091 1458 5159 generatrix
1507 5107 1696 5148 earum
1726 5095 1918 5150 virtus.

349 5171 446 5231 liis
476 5175 640 5246 igitur
675 5178 1048 5236 accidentibus
1071 5223 1087 5248 ,
1129 5196 1468 5252 consequens
1502 5191 1676 5239 estut
1706 5186 1922 5242 mobilis

343 5275 565 5332 natura,
606 5270 767 5339 quasi
821 5271 987 5328 totius
1016 5273 1203 5327 mundi
1231 5289 1356 5344 pars
1386 5273 1568 5344 aliqua
1598 5277 1917 5344 constituta,

348 5359 711 5427 eompatiatur
735 5361 1112 5417 universarum
1139 5379 1317 5418 rerum
1347 5365 1633 5421 mutationi
1666 5385 1678 5420 :
1709 5377 1918 5437 utputa,

347 5463 611 5510 consueta
638 5469 889 5514 escarum
919 5459 1244 5514 nutrimenta
1272 5473 1380 5512 non
1410 5473 1713 5527 resumens,
1741 5461 1933 5514 veniat-

421 5665 466 5698 ”
493 5663 681 5721 Matth.
713 5683 765 5730 κη
793 5669 886 5723 22.
962 5670 1007 5701 ⁸⁸
1033 5685 1128 5734 xu,
1160 5672 1214 5722 9.
1291 5671 1335 5702 θ’
1358 5683 1429 5734 iv,
1456 5667 1545 5723 52.
1623 5669 1668 5698 '°
1699 5666 1887 5721 Matth.
1923 5683 2070 5730 xxrv,
2109 5666 2158 5725 7.
2185 5667 2240 5722 8’

421 5734 596 5793 ffucct.
672 5737 878 5793 “Ps-al.
905 5755 978 5793 cr.
1005 5739 1099 5793 27.
1169 5740 1214 5771 ⁷⁸
1247 5738 1408 5793 llebr.
1444 5754 1558 5793 vnn.
1603 5739 1682 5793 L3.
1761 5739 1808 5770 ⁷⁸
1841 5737 1982 5793 l’sal.
2014 5753 2142 5793 tu.
2179 5739 2229 5793 7.

1767 5753 1806 5770 ὐ
1841 5753 1982 5793 hiat.
2014 5753 2143 5803 tu,
2189 5755 2229 5794 ι.

352 5734 596 5802 suffocet.
672 5737 878 5798 “Ps-al.
905 5739 1099 5807 0,27.
1169 5740 1214 5771 ⁷⁸
1247 5738 1408 5796 llebr.
1444 5754 1579 5804 vnn,
1603 5739 1682 5797 L3.

2030 4551 2480 4610 corrumpuntur,
2536 4553 2591 4596 et
2644 4543 2832 4608 fetent,
2893 4554 2946 4598 et
2996 4545 3362 4605 resolvuntur.
3413 4546 3604 4604 Adhuc

2029 4644 2209 4686 autem
2245 4642 2297 4687 et
2330 4633 2572 4702 quandiu
2606 4635 2817 4690 steterit
2855 4635 2947 4690 lux
2992 4638 3200 4702 Inundi,
3257 4639 3440 4694 omnia
3473 4639 3602 4693 diri-

2029 4737 2230 4795 guntur
2255 4740 2284 4778 a
2318 4725 2466 4779 claro
2500 4725 2704 4780 lumine
2744 4727 3088 4794 dispensata;
3138 4743 3262 4781 cum
3297 4741 3476 4782 autem
3501 4729 3604 4783 hoc

2029 4817 2206 4886 ipsum
2236 4816 2417 4871 lumen
2449 4816 2779 4871 diminutum
2809 4817 2972 4871 fuerit
2994 4817 3046 4870 in
3073 4819 3269 4873 animis
3295 4820 3600 4884 hominum,

2029 4911 2158 4963 dum
2211 4909 2432 4979 propria
2485 4917 2540 4963 et
2591 4907 2826 4962 naturali
2871 4923 2996 4963 esca
3027 4923 3132 4962 non
3162 4910 3421 4974 nutritur,
3475 4920 3604 4966 tunc

2029 5001 2422 5071 occupantibus
2446 5000 2630 5056 omnia
2659 4998 2896 5054 tenebris
2919 5040 2934 5063 ,
2976 5015 3100 5053 cum
3131 5001 3182 5053 in
3218 5000 3442 5057 tristitia
3462 4999 3603 5057 facta

2030 5093 2232 5149 fuerint
2259 5091 2444 5146 omnia
2467 5100 2521 5146 et
2546 5091 2967 5156 calamitatibus,
3003 5093 3093 5145 lict
3119 5093 3274 5162 quasi
3305 5104 3603 5150 conventus

2028 5200 2191 5255 super
2223 5185 2406 5240 omnia
2429 5184 2866 5239 adversariarum
2897 5184 3338 5248 virtutum,_dum
3371 5200 3479 5240 non
3512 5202 3602 5240 vc-

2028 5287 2212 5334 tantur
2227 5294 2258 5332 a
2279 5277 2484 5333 sanctis
2504 5285 2559 5332 et
2574 5293 2603 5332 a
2621 5276 2840 5332 Christo
2864 5276 2917 5330 in
2934 5277 3035 5340 eis,
3053 5277 3145 5345 qui
3180 5277 3386 5332 solebat
3407 5293 3502 5331 eos
3519 5294 3604 5332 vc-

2032 5374 2144 5421 ta're
2172 5385 2184 5420 :
2217 5367 2309 5421 sed
2343 5366 2499 5435 quasi
2523 5367 2575 5420 in
2612 5365 2848 5420 tenebris
2873 5366 2996 5423 siue
3024 5366 3202 5434 aliqua
3235 5367 3604 5436 prohibitione

2029 5461 2397 5529 operabuntur
2425 5460 2478 5513 in
2515 5459 3105 5521 cordibushominum,
3143 5468 3199 5512 ut
3229 5460 3461 5514 excitent
3482 5477 3604 5531 gen-

2346 5669 2387 5699 "
2422 5667 2587 5722 Marc.
2616 5684 2735 5729 xm,
2763 5669 2817 5723 8-;

2921 5676 2963 5704 τ’
2991 5673 3120 5736 Luc.
3157 5689 3270 5740 ut,
3296 5672 3374 5727 ll.

2307 5739 2348 5768 ⁷⁷
2369 5737 2555 5796 Matth.
2590 5756 2641 5807 v,
2672 5739 2753 5794 13.

3455 5672 3498 5702 73
