4052 6304
323 347 480 404 £553
1496 342 2151 402 COMMENTARIORUM
2189 344 2488 406 SERIESL
3455 348 3592 404 16M

318 468 651 524 diﬂ’erenter
665 465 1048 540 “Tantam
1079 481 1237 538 agere
1263 466 1520 522 docentes
1555 466 1620 522 ad
1653 467 1916 537 denegan-
1946 473 1990 531 Α
2019 467 2181 523 stiani
2227 469 2282 523 in
2319 467 2726 531 tribulationes,
2770 474 2823 519 et
2853 464 3048 522 dantes
3087 464 3456 522 testimonium
3493 481 3592 521 vc-

321 561 554 624 dum,et
573 559 642 614 ad
663 557 1082 615 sacrificandum
1113 557 1219 613 diis
1249 559 1463 624 alienis,
1490 574 1597 613 non
1625 559 1808 615 minus
1829 574 1918 629 po-
2019 561 2166 617 ritati
2209 571 2337 618 sunt
2386 560 2773 628 interfecti',.et
2797 559 2934 614 odio
2963 559 3133 614 habili
3175 567 3304 614 sunt
3340 558 3594 630 gentibus

321 651 570 708 stiilcant
595 657 650 705 et
669 657 1040 718 corrumpunt.
1068 649 1350 705 audientes
1375 665 1460 716 se,
1491 650 1584 721 qui
1627 651 1680 707 in
1721 649 1911 706 iisdem

322 740 676 796 sermonibus
703 739 900 794 docent
933 753 1044 794 non
1072 753 1193 793 esse
1245 739 1384 795 alias
1416 748 1764 808 peccatorum
1802 756 1916 811 pm-

323 847 432 886 nas
457 829 562 886 nisi
596 828 1158 897 transcorporationes
1179 829 1486 883 animarum
1505 837 1628 898 post
1651 839 1905 884 mortem.

323 919 464 976 Nam
485 930 544 976 ut
565 921 834 975 dimittam
855 918 1142 976 manifeste
1167 920 1362 977 falsum
1386 937 1507 976 esse
1529 922 1674 991 quod
1693 921 1912 988 dicitur,

326 1015 513 1072 adhuc
558 1022 742 1070 autem
792 1013 987 1068 tollunt
1031 1015 1101 1069 ab
1143 1013 1461 1070 [nominibus
1510 1015 1803 1070 salutarem
1845 1014 1914 1068 ti-

328 1120 567 1173 morem,
596 1113 652 1159 et
675 1104 771 1174 qui
794 1103 880 1160 vel
909 1112 1139 1174 prepter
1160 1105 1414 1160 timorem
1453 1105 1760 1159 futurarum
1794 1119 1914 1175 pte-

328 1213 531 1253 narutn
571 1196 841 1253 servaturi
879 1211 939 1254 se
966 1196 1184 1253 fuerant
1227 1213 1272 1252 a~
1287 1198 1635 1254 multitudine
1663 1207 1918 1268 peccato-

328 1305 495 1356 rum,
515 1287 766 1344 nutriunt
803 1287 1084 1346 audaciam
1131 1289 1424 1360 impietatis
1471 1303 1686 1343 eorum.
1733 1287 1915 1345 Multa:

333 1380 505 1451 igitur
541 1379 725 1436 fames
746 1388 800 1436 et
829 1381 1154 1451 pestilentia
1205 1391 1368 1438 erunt
1425 1380 1686 1437 omnibus
1729 1381 1915 1437 videre

331 1469 668 1525 volentibus-
699 1470 999 1540 gloriosum
1030 1471 1238 1528 Christi
1286 1471 1578 1526 adventum
1635 1472 1690 1527 in
1730 1472 1912 1528 anima

333 1576 458 1622 sua,
510 1561 604 1616 sed
648 1561 784 1616 nihil
829 1562 929 1618 eis
956 1563 1252 1618 nocebunt.
1301 1561 1577 1618 Videbunt
1611 1563 1757 1618 enim
1793 1573 1914 1618 tan-

335 1653 622 1707 tummodo
649 1669 764 1720 eas,
796 1654 891 1709 sed
923 1653 1064 1723 nihil
1098 1654 1374 1724 patientur
1404 1653 1473 1710 ab
1506 1653 1607 1710 eis.
1632 1653 1914 1710 Patiemur

339 1752 522 1797 autem
558 1752 613 1798 et
640 1753 824 1802 motus
857 1760 1049 1802 eorum
1076 1761 1200 1815 qua:
1227 1756 1543 1815 quaerentur
1571 1746 1624 1800 in
1661 1747 1913 1816 plurimis

2015 669 2140 710 cum
2175 655 2376 726 quibus
2432 654 2833 709 habitaverunt.
2897 652 3173 708 Adversus
3225 652 3365 704 hanc
3408 660 3588 706 autem

2015 747 2371 816 quaestionem
2417 746 2512 816 qui
2565 747 2866 802 secundum
2914 743 3077 800 verba
3106 743 3223 797 vult
3271 742 3589 812 intelligere,

2017 836 2365 905 respondebit
2387 836 2646 905 quoniam
2679 845 2810 890 tunc
2853 833 3089 890 maxime
3119 832 3402 888 tradentur
3429 832 3589 884 Chri-

2015 928 2177 983 stiani
2223 928 2276 982 in
2321 927 2730 994 tribuiati-ones,
2761 923 3224 996 quemadmodum
3272 937 3586 990 nunquam:

2017 1028 2146 1074 tunc
2195 1019 2323 1074 odio
2368 1017 2890 1073 habendimaxime
2932 1016 3002 1070 ab
3039 1014 3295 1069 omnibus
3338 1013 3590 1084 gentibus

2015 1108 2459 1164 cohabitantihus
2491 1106 2617 1172 sibi,
2648 1106 3154 1175 sicutanunquam;
3197 1113 3251 1159 et
3283 1102 3465 1157 omnia
3490 1117 3591 1172 pa-

2016 1199 2219 1255 tientur
2259 1215 2358 1270 pro
2406 1198 2629 1254 nomine
2657 1196 2892 1266 Christi-,a
2931 1211 3054 1252 cum
3107 1195 3410 1252 surrexerit
3456 1210 3591 1265 gens

2016 1302 2205 1348 contra
2264 1300 2504 1362 gentem,
2549 1299 2604 1347 et
2637 1289 3169 1360 regnum-adversus
3210 1302 3438 1356 regnum
3481 1303 3494 1338 :
3538 1296 3593 1341 et

2015 1384 2146 1439 ﬂent
2174 1381 2366 1446 fames,
2388 1391 2444 1438 et
2473 1382 2815 1453 pestilentiae,
2846 1391 2899 1435 et
2923 1385 3269 1435 tumulatus
3321 1393 3416 1447 per
3445 1377 3584 1433 loca.

2015 1473 2217 1529 Amant
2271 1473 2416 1528 enim
2467 1473 2562 1544 qui
2619 1474 2673 1527 in
2726 1471 3134 1528 calamitatibus
3183 1477 3346 1535 sunt,
3394 1483 3594 1525 causas

2013 1580 2202 1618 earum
2227 1563 2622 1629 discutientes,
2649 1563 2893 1617 invenire.
2939 1560 3145 1630 aliquid
3177 1559 3318 1629 quod
3363 1558 3593 1627 loquan-

2015 1663 2123 1711 tur.
2165 1654 2304 1710 Cum
2334 1655 2450 1710 haec
2473 1669 2604 1724 ergo
2634 1651 2966 1724 contigerint
2995 1650 3222 1715 mundo,
3252 1665 3594 1718 consequens

2013 1755 2098 1802 est
2119 1747 2276 1817 quasi
2304 1744 2813 1818 derelinquentibus
2858 1744 3174 1800 hominibus
3202 1741 3429 1796 deorum
3473 1744 3592 1796 cul-

332 1835 474 1891 loeis
500 1835 930 1905 Scripturarum,
953 1837 1482 1893 verisimilitudinem
1512 1837 1916 1895 contrarietatis
1949 1827 1988 1882 Β
2019 1846 2222 1903 turam,
2254 1846 2312 1894 ut
2349 1846 2571 1908 propter
2593 1834 3012 1891 multitudinem
3046 1833 3482 1889 Christianorum
3510 1831 3596 1886 di-

333 1928 422 1982 vel
460 1929 868 1984 mendaciorum
913 1929 1269 1998 habentibus;
1309 1929 1401 1985 sed
1433 1930 1779 2001 postmodum
1819 1947 1915 2001 pa-

336 2021 554 2075 tientur
575 2019 735 2086 nihil,
768 2034 872 2075 neo
891 2029 1074 2080 motus
1103 2021 1438 2077 auditionum
1467 2020 1726 2078 falsarum
1756 2024 1918 2078 vellet

336 2127 435 2168 eos
473 2111 543 2166 ab
578 2113 985 2182 exspectatione
1023 2113 1248 2180 gloriosi
1289 2123 1344 2168 et
1385 2112 1554 2169 divini
1597 2121 1656 2170 et
1689 2112 1936 2184 perfecti:

335 2203 604 2258 adventus
639 2201 767 2259 Jesu
801 2202 1004 2260 Christi
1033 2203 1217 2260 Verbi.
1272 2204 1340 2262 Et
1376 2207 1470 2276 qui
1513 2207 1763 2264 dicturus
1794 2220 1936 2265 est:.

333 2295 374 2348 Α
413 2296 601 2348 timore
634 2306 745 2361 tuo,
780 2294 1021 2363 Domine,
1069 2298 1124 2351 in
1156 2307 1304 2352 utero
1346 2307 1437 2352 tuo
1469 2300 1821 2369 concepimus,
1864 2314 1914 2356 et

333 2383 750 2452 parturivimus,
793 2393 842 2438 et
878 2386 1175 2454 peperimus
1221 2387 1473 2456 spiritum
1526 2388 1720 2444 salutis
1761 2406 1915 2460 quem

334 2475 514 2546 fecisti
543 2491 700 2544 super
731 2484 928 2530 terram
950 2476 1020 2546 “,
1052 2485 1148 2532 aut
1181 2479 1484 2536 secundum
1523 2481 1668 2550 quod
1706 2481 1912 2537 dictum

334 2574 423 2622 est
450 2584 464 2620 :
497 2565 629 2621 Filii
667 2567 768 2622 mei
795 2584 925 2640 quos
960 2572 1151 2624 iterum
1175 2572 1438 2640 parturio,
1465 2573 1628 2627 donec
1654 2574 1906 2643 formetur

337 2658 586 2714 Christus
619 2659 675 2713 in
718 2660 856 2714 vobis
890 2660 963 2728 ⁸⁸,
999 2677 1223 2722 necesse
1259 2671 1345 2720 at
1371 2679 1498 2722 eum
1541 2665 1596 2734 in
1629 2665 1820 2736 primis
1858 2666 1914 2721 in

334 2751 593 2806 omnibus
630 2750 764 2807 istis
791 2751 1076 2810 doloribus
1112 2753 1229 2810 ﬁeri
1267 2754 1450 2822 famis,
1489 2765 1540 2812 et
1579 2755 1918 2827 pestilentia-

335 2857 481 2908 rum,
512 2851 566 2897 et
591 2853 838 2900 motuum
865 2861 879 2898 :
911 2846 1059 2916 quod
1097 2847 1376 2904 sustinens
1403 2848 1578 2918 pariet
1605 2849 1749 2920 quod
1777 2866 1914 2906 con-

333 2929 479 2997 cepit
509 2940 563 2987 et
601 2929 860 2989 formavit
892 2935 946 2988 in
983 2951 1041 2990 se
1063 2934 1342 2993 Christum
1376 2936 1638 3005 Verbum,
1682 2948 1743 2995 ut
1769 2939 1916 2996 dicat

337 3020 393 3074 in
426 3021 713 3078 nativitate
753 3023 911 3094 ejus:
946 3025 1079 3082 Ecce
1117 3028 1422 3099 evangelise
1468 3030 1611 3085 vobis
1656 3021 1942 3100 gaudium.

337 3130 583 3184 magnum
624 3115 691 3182 ⁸⁸,
734 3125 791 3172 et
825 3116 1050 3188 gloriam
1094 3119 1154 3174 in
1193 3120 1606 3190 exeelsisDeo,
1637 3132 1692 3178 et
1721 3137 1908 3193 pacem

333 3220 499 3274 super
521 3214 746 3260 terram.

403 3298 493 3354 39.
540 3297 686 3352 Tunc
725 3299 938 3355 tradent
967 3316 1056 3356 uos
1089 3302 1143 3356 in
1174 3303 1568 3372 tribulationes,
1599 3305 1931 3362 et'occident:

336 3399 534 3445 vos:et
562 3390 712 3444 eritis
743 3390 865 3445 odio
917 3393 1162 3447 omnibus
1199 3394 1436 3465 gentibus
1477 3405 1691 3466 propter
1729 3413 1917 3451 nomen

338 3499 529 3537 meum.
578 3481 644 3537 Et
689 3493 815 3538 tunc
844 3482 1358 3540 scandalizabuntur
1401 3487 1577 3550 multi,
1607 3497 1659 3541 et
1693 3488 1915 3544 invicem

341 3574 574 3636 tradent,
610 3573 732 3628 odio
761 3574 1022 3630 habebunt
1051 3575 1292 3642 inuicem,
1337 3585 1387 3629 et
1411 3577 1568 3629 multi
1588 3579 1914 3646 pseudopro-

340 3665 507 3733 pltetaz
547 3664 849 3734 insurgent,
891 3673 943 3721 et
991 3665 1236 3720 sedueent
1290 3665 1528 3732 multos;
1565 3675 1616 3720 et
1663 3669 1915 3737 quoniam

341 3754 628 3811 abundavit
660 3757 936 3827 iniquitas,
974 3757 1276 3828 refrigescet
1317 3757 1556 3812 citerius
1587 3760 1875 3815 multorum
1894 3777 1913 3816 :

339 3849 429 3904 sed
476 3850 568 3920 qui
606 3849 953 3918 permanserit
1001 3849 1057 3904 in
1097 3850 1281 3920 finem,
1331 3850 1415 3904 hic
1460 3849 1637 3906 salvus
1669 3853 1791 3906 erit.
1844 3853 1914 3908 Et

344 3939 723 4006 prscdicabitur
750 3941 848 3994 hoc
882 3939 1225 4010 Evangeliutn
1255 3941 1402 4012 regni
1435 3941 1490 3996 in
1526 3942 1771 3997 universo
1793 3944 1917 4000 orbe

344 4031 399 4084 in
442 4031 798 4087 testimonium
865 4033 1106 4086 omnibus
1154 4031 1432 4104 gentibus,
1487 4043 1537 4086 et
1580 4042 1703 4087 tunc
1750 4035 1916 4089 veniet

345 4120 467 4187 ﬁnis
493 4119 559 4173 ⁸⁷.
591 4119 658 4174 Ει
688 4121 807 4176 sine
829 4121 1172 4191 expositione
1199 4121 1420 4191 quidem
1455 4127 1636 4177 textus
1673 4137 1702 4176 a
1733 4123 1915 4193 seipse

343 4217 428 4262 est
473 4208 827 4274 manifestus,
885 4210 1144 4280 quoniam
1203 4208 1516 4280 frequenter
1563 4211 1749 4266 traditi
1789 4223 1917 4267 sunt

345 4301 595 4371 discipuli
627 4301 830 4358 Christi
876 4301 929 4356 in
970 4300 1382 4364 tribulationes,
1434 4309 1488 4356 et
1527 4313 1748 4374 propter
1780 4302 1914 4360 Ver-

344 4395 472 4451 bum
501 4406 630 4451 sunt
660 4394 950 4459 interfecti,
976 4405 1029 4450 et
1050 4401 1268 4465 propter
1288 4393 1568 4450 Christum
1594 4395 1721 4450 odio
1744 4395 1914 4451 habiti

1940 3163 1984 3220 C

2014 1938 2140 1986 cant
2165 1931 2280 1985 ﬁeri
2309 1929 2548 1994 bella,.et
2573 1927 2765 1992 fames,
2795 1935 2851 1982 et
2875 1925 3234 1997 pestilentias.
3260 1923 3596 1994 Frequenter

2015 2023 2162 2078 enim
2207 2021 2396 2079 famis»
2425 2036 2592 2077 causa
2635 2018 2979 2075 Christianos
3026 2018 3320 2086 culparum
3367 2019 3596 2088 gentiles

2014 2121 2083 2166 etv
2101 2111 2416 2182 quicunque
2461 2109 2748 2188 capiebant
2799 2121 2922 2176 qua:
2965 2103 3207 2176 gentium
3258 2111 3388 2157 sunt
3431 2120 3444 2153 :
3498 2103 3594 2157 sed

2014 2211 2071 2258 et
2098 2202 2533 2271 pestilentiarum
2572 2213 2767 2256 causas
2816 2201 2882 2252 ad
2915 2195 3119 2254 Christi
3159 2193 3460 2250 Eoclesiam
3509 2210 3594 2247 re—

2014 2293 2276 2349 tulerunt.
2311 2292 2531 2348 Scimus
2567 2298 2752 2348 autem
2810 2297 2866 2346 et
2895 2285 3036 2357 apud
3079 2299 3182 2341 nos
3226 2290 3590 2338 terraemotum

2014 2385 2228 2442 factum»
2261 2386 2318 2440 in
2350 2384 2488 2440 locis
2518 2381 2870 2456 quibusdam,
2912 2388 2966 2434 et
3008 2377 3182 2433 factas
3231 2374 3400 2430 fuisse
3430 2391 3596 2445 quas-

2017 2477 2142 2532 dam
2188 2477 2401 2540 ruinas,
2442 2475 2620 2530 itaut
2658 2472 2755 2544 qui
2803 2479 2958 2526 erant
3002 2469 3154 2539 impii
3198 2477 3351 2524 extra
3409 2468 3591 2532 tidem,

2014 2583 2238 2624 causam
2287 2573 2633 2622 terrmmotus
2688 2562 2936 2621 dicerent
2963 2558 3331 2624 Christianos,
3375 2565 3596 2628 propter

2014 2659 2160 2730 quod
2197 2668 2252 2714 et
2282 2656 2692 2728 persecutiones
2723 2668 2905 2724 passm
2942 2662 3071 2707 sunt
3100 2649 3382 2715 Ecclesiae,
3414 2657 3468 2704 et
3491 2648 3596 2719 ,ἰη-

2014 2765 2193 2808 Censa:
2223 2756 2386 2813 sunt;
2429 2762 2538 2803 non
2589 2747 2766 2802 solum
2805 2751 2988 2800 autem
3031 2744 3129 2809 illi,
3160 2743 3255 2800 sed
3295 2751 3349 2798 et
3385 2742 3480 2814 qui
3508 2743 3594 2797 vi-

2013 2841 2282 2897 debantur
2315 2838 2634 2910 prudentes,
2664 2837 2795 2892 talia
2838 2837 2893 2892 in
2919 2835 3139 2906 publico
3173 2834 3438 2902 dicerent,
3466 2835 3594 2904 quia

2015 2937 2237 3000 propter
2291 2927 2636 2984 Christianos
2687 2928 2832 2981 tiunt-
2872 2925 3178 2996 gravissimi
3235 2917 3594 2981 terminatus.

2017 3019 2174 3086 Quod
2207 3028 2388 3079 autem
2423 3018 2645 3084 dicitur,
2685 3026 2734 3071 et
2763 3017 2913 3071 eritis
2943 3017 3064 3070 odio
3093 3016 3334 3068 omnibus
3359 3018 3595 3086 gentibus

2017 3121 2228 3181 propter
2259 3127 2448 3166 nomen
2479 3126 2673 3174 meum,
2706 3109 2786 3164 sic
2815 3109 3029 3163 salvare
3058 3107 3183 3177 quis
3218 3108 3437 3178 poterit,
3467 3109 3594 3178 quia

2016 3217 2298 3275 nunquam
2350 3202 2570 3272 quidem
2620 3202 2675 3256 in
2728 3217 2901 3256 unum
2956 3208 3356 3256 consenserunt
3407 3215 3598 3255 omnes

2017 3304 2202 3365 gentes
2230 3293 2498 3349 adversus
2527 3293 2872 3348 Christianos
2922 3310 2936 3347 :
2980 3307 3104 3346 cum
3143 3299 3324 3346 autem
3355 3291 3598 3362 contige-

2016 3384 2127 3440 rint
2149 3399 2271 3455 qua:
2291 3383 2545 3441 Christus
2575 3383 2844 3453 praedixit,
2877 3392 3010 3438 tunc
3039 3384 3196 3453 quasi
3231 3384 3595 3439 suceendendi

2017 3483 2156 3532 sunt
2181 3490 2373 3530 omnes
2415 3489 2445 3528 a
2487 3474 2817 3545 quihusdam
2865 3473 3157 3543 gentilibus
3207 3474 3598 3545 incipientibus

2015 3566 2360 3622 Christianos
2416 3565 2657 3634 culpare.
2719 3572 2778 3616 ut
2826 3571 2957 3618 tunc
3006 3565 3135 3618 [iant
3191 3565 3598 3634 persecutiones

1979 3637 1982 3642 ’
2011 3656 2123 3726 jam
2151 3672 2260 3711 non
2286 3672 2356 3711 ex
2376 3665 2530 3727 parte
2555 3655 2698 3711 sicut
2729 3662 2878 3719 ante,
2908 3655 3003 3710 sed
3033 3656 3360 3725 generaliter
3393 3656 3599 3728 ubique

2016 3747 2279 3804 adversus
2319 3748 2579 3818 populum
2630 3746 2749 3802 Dei.
2819 3744 2974 3801 Tunc
3035 3747 3313 3817 continget
3353 3748 3482 3803 illud
3539 3758 3596 3803 ut

2017 3837 2174 3893 multi
2215 3837 2657 3895 scandalizentur
2697 3835 2793 3906 qui
2850 3834 3101 3889 videntur
3142 3837 3196 3890 in
3258 3837 3363 3892 title
3413 3839 3596 3894 consi-

2017 3937 2180 3994 stere,
2227 3937 2282 3984 et
2328 3943 2388 3986 se
2432 3928 2570 3982 alter
2616 3927 2845 3981 alterum
2891 3927 3137 3991 tradent,
3171 3936 3226 3982 et
3265 3927 3371 3982 erit
3407 3929 3591 3983 odium

2017 4023 2157 4077 inter
2181 4023 2332 4094 ipsos
2355 4022 2521 4078 etiam
2550 4022 2642 4091 qui
2670 4021 2920 4078 videntur
2942 4021 3142 4076 ﬁdeles.
3171 4019 3327 4077 Tunc
3359 4024 3593 4093 pseudo:

2015 4116 2291 4187 prophetae
2329 4115 2485 4170 multi
2524 4115 2811 4186 insurgent
2851 4115 3253 4172 multitudinem
3290 4116 3593 4173 insensato-

2017 4222 2139 4262 rum
2182 4206 2432 4261 fallentes
2460 4221 2474 4270 ;
2501 4214 2630 4259 tunc
2655 4212 2711 4259 et
2745 4202 3128 4272 refrigeseente
3175 4205 3441 4260 charitate
3480 4221 3587 4260 non

2017 4298 2192 4358 solum
2234 4296 2374 4367 apud
2417 4295 2682 4362 infideles,
2717 4297 2809 4350 sed
2840 4296 3008 4350 etiam
3050 4296 3103 4350 in
3155 4297 3287 4366 ipsis
3314 4299 3588 4363 ﬁdelibus,

2018 4397 2074 4446 et
2112 4388 2294 4449 fervor
2333 4387 2622 4444 eharitatis
2654 4403 2720 4442 ex
2763 4386 2952 4442 multis
3000 4387 3386 4456 iniquitatibus
3433 4391 3594 4445 refri-

345 4489 616 4558 gentibus.
664 4487 722 4542 Si
758 4496 938 4542 autem
994 4488 1265 4543 discutere
1306 4489 1431 4558 quis
1482 4489 1608 4544 velit
1638 4491 1784 4561 quod
1816 4491 1912 4557 ait,
1946 4506 1991 4564 ι)
2023 4491 2226 4552 gescet,
2259 4480 2331 4536 ita
2370 4487 2430 4533 ut
2464 4477 2621 4548 pauci
2665 4487 2983 4536 remaneant
3013 4487 3286 4535 certantes
3315 4496 3414 4552 pro
3443 4484 3590 4538 veri-

347 4577 584 4634 omnibus
613 4576 874 4646 gentibus,
921 4594 1029 4632 non
1068 4579 1206 4635 satis
1245 4580 1481 4635 inveniet
1522 4593 1754 4650 certum,
1783 4597 1922 4653 quo-

345 4668 489 4722 niam
521 4667 778 4725 omnibus
807 4668 974 4724 etiam
1000 4670 1054 4724 in
1081 4670 1288 4726 ultimis
1317 4673 1566 4742 partibus
1594 4682 1750 4730 terrae
1769 4689 1924 4732 com-

348 4757 688 4814 morantibus
715 4760 968 4830 gentibus
1003 4761 1131 4817 odio
1156 4747 1388 4818 habetur
1417 4765 1653 4835 populus
1677 4763 1920 4820 Christi:

348 4849 454 4906 nisi
499 4851 637 4906 forte
669 4861 724 4905 et
752 4851 841 4906 hic
866 4852 1064 4922 aliquis
1095 4853 1242 4908 dicat
1281 4865 1503 4924 propter
1543 4857 1917 4927 exaggeratio-

348 4954 470 4992 nem
515 4938 754 5008 positum
803 4941 1044 4998 omnibus
1083 4957 1183 5012 pro
1223 4943 1429 5004 multis.
1471 4943 1787 5016 Proponens
1819 4962 1920 5005 att-

349 5039 454 5094 tem
499 5029 598 5084 tibi
647 5031 791 5101 quod
833 5032 998 5098 dicit,
1061 5043 1184 5087 tune
1233 5035 1444 5090 tradent
1499 5052 1624 5100 vos,
1676 5035 1920 5095 invenies

349 5121 727 5190 quaestionem.
784 5121 896 5178 Nec
951 5123 1098 5179 enim
1162 5134 1452 5196 postquam
1504 5127 1922 5186 insurrexerunt

351 5229 482 5281 gens
510 5223 698 5268 contra
731 5227 966 5285 gentem,
1003 5224 1059 5270 et
1085 5196 1310 5286 regnum
1359 5219 1622 5274 adversus
1666 5235 1915 5290 regnum,

350 5313 405 5358 et
455 5314 577 5374 post
646 5304 819 5362 fames
876 5316 930 5360 et
989 5308 1329 5377 pestilentias
1391 5324 1488 5377 per
1559 5309 1676 5366 loca
1704 5347 1722 5372 ,
1787 5318 1916 5367 tunc

352 5395 528 5448 traditi
572 5403 701 5452 sunt
736 5397 790 5451 in
823 5396 1220 5461 tribulationcs,
1250 5407 1303 5452 et
1335 5397 1501 5455 occisi
1533 5405 1680 5461 sunt,
1709 5407 1763 5452 et
1792 5397 1917 5452 odio

353 5485 522 5539 habiti
552 5488 621 5540 ab
647 5489 902 5544 omnibus
929 5489 1182 5560 gentibus
1206 5497 1422 5562 propter
1451 5503 1646 5544 nomen
1675 5489 1877 5544 Christi
1901 5505 1914 5541 :

354 5591 475 5630 nam
517 5587 575 5631 et
606 5579 926 5650 priusquam
969 5581 1087 5636 haec
1117 5581 1332 5648 tierent,
1375 5580 1558 5647 traditi
1606 5578 1918 5646 suntCln'i-

2019 4580 2130 4628 tate
2181 4583 2353 4639 usque
2405 4568 2470 4622 ad
2519 4567 2704 4632 tinem,
2745 4569 2840 4637 qui
2889 4579 2944 4622 et
2993 4569 3238 4624 salvandi
3290 4579 3420 4625 sunt
3467 4574 3590 4629 soli.

2018 4661 2085 4716 Et
2119 4662 2172 4716 in
2202 4660 2309 4714 hoc
2333 4666 2480 4718 statu
2507 4660 2821 4715 constitutis
2850 4661 3034 4723 rebus,
3068 4661 3415 4732 Evangelium
3447 4666 3590 4735 quod

2019 4753 2170 4822 prius
2201 4764 2308 4804 non
2337 4748 2514 4804 fuerat
2554 4750 2904 4819 prmdicatum
2947 4749 2998 4803 in
3033 4759 3145 4804 toto
3172 4752 3377 4806 mundo
3412 4753 3590 4824 (multi

2017 4841 2162 4896 enim
2199 4855 2306 4895 non
2341 4839 2516 4894 solum
2551 4839 2929 4904 barbararum,
2961 4840 3054 4894 sed
3086 4840 3248 4896 etiam
3281 4853 3591 4899 nostrarum

2019 4931 2279 5002 gentium,
2307 4947 2480 5000 usque
2511 4947 2656 4986 nunc
2695 4946 2801 4986 non
2837 4931 3126 4988 audierunt
3155 4932 3592 4992 Christianitatis

2017 5021 2307 5093 verbum),
2366 5031 2495 5076 tunc
2554 5032 2735 5076 autem
2764 5022 3243 5092 "praedicabitur,
3307 5035 3367 5082 ut.
3414 5032 3593 5084 omnis

2018 5131 2152 5185 gens
2185 5114 2550 5184 evangelicam
2598 5115 2787 5170 audiat
2833 5117 3296 5186 praedicationem,
3335 5129 3389 5175 et
3436 5138 3596 5176 nemo

2022 5205 2432 5275 derelinquatur
2462 5206 2553 5276 qui
2603 5223 2708 5260 non
2750 5208 2975 5274 audivit,
3011 5219 3064 5262 et
3101 5218 3230 5263 tunc
3269 5211 3370 5263 erit
3412 5212 3592 5264 szeculi

2026 5299 2170 5353 linis.
2207 5297 2262 5351 Si
2296 5306 2478 5351 autem
2519 5299 2634 5351 haec
2667 5297 2746 5350 ita
2770 5313 2827 5351 se
2859 5296 3077 5362 habent,
3106 5297 3216 5364 jam
3259 5314 3366 5352 non
3430 5299 3598 5372 853

2026 5389 2410 5463 ignorabimus
2439 5391 2505 5443 de
2531 5405 2596 5444 eo
2624 5388 2766 5460 quod
2795 5389 2946 5454 dicit,
2971 5400 3094 5443 tunc
3122 5391 3330 5443 tradent
3353 5407 3463 5454 vos,
3492 5409 3591 5455 nec

2026 5483 2221 5538 falsum
2256 5482 2662 5553 suspicabimur
2697 5481 2840 5550 quod
2872 5480 2967 5546 ait,
3007 5489 3055 5533 et
3092 5480 3240 5534 eritis
3273 5482 3392 5534 odio
3422 5484 3594 5535 omni-

2031 5576 2123 5629 bus
2162 5576 2398 5645 gentibus
2429 5587 2634 5643 propter
2677 5590 2861 5626 nonten
2901 5589 3091 5637 meum,
3122 5571 3364 5628 dicentes
3395 5575 3595 5629 verita»

423 5761 471 5792 3"
490 5762 594 5815 lsa.
621 5775 769 5825 xxvi.
797 5766 878 5820 18.
994 5769 1036 5801 ⁵³
1061 5769 1233 5824 Galat.
1270 5785 1341 5836 tv,
1372 5771 1476 5825 19..
1549 5770 1592 5799 ⁵⁵
1617 5767 1749 5823 huc.
1792 5785 1850 5833 ll,
1887 5768 1916 5817 Ιι

2016 5767 2126 5826 ιιι,
2201 5767 2243 5797 ⁸⁷
2277 5765 2455 5819 Matth.
2485 5779 2630 5830 xxxv,
2654 5765 2686 5817 9
2719 5773 2771 5819 ct-
2793 5779 2944 5833 scqq.
3024 5763 3064 5793 ⁸⁸
3090 5761 3214 5815 Dele
3241 5733 3441 5814 autem;
