4052 6304
505 259 645 350 r653

1719 287 2040 348 ORECEXIS
2080 289 2143 344 L‘i
2188 290 2606 357 MATIHEUM

3630 292 3796 348 i658

505 423 615 469 tem
658 412 824 484 hujus
864 413 1014 470 verbi
1056 413 1296 469 nondum
1338 427 1458 470 esse
1501 413 1801 484 inpletam,
1833 411 2072 483 quandiu
2104 416 2150 473 Α
2181 426 2287 465 non
2332 426 2524 467 omnes
2563 409 2967 480 apprehendere
3005 416 3236 478 possunt
3269 423 3290 462 :-
3318 423 3439 479 qua:
3471 423 3637 465 causa
3679 412 3788 465 tie:

503 521 614 562 non
671 515 756 562 est
811 503 1010 560 factum
1057 503 1203 576 quod
1269 505 1377 573 ait,
1429 504 2081 559 tnncscandalizabuntur

506 595 689 659 multi,
745 602 796 648 et
850 593 1074 647 invicem
1128 596 1360 648 tradent.
1424 592 1676 648 Nondum
1729 593 1874 649 enim
1927 594 2081 650 multi

503 683 808 754 proditores
839 682 907 737 de
939 680 1177 738 Ecclesia
1228 682 1356 738 facti
1393 692 1541 749 sunt,
1583 691 1636 738 et
1668 684 1907 737 nondum
1960 681 2080 736 falsi

503 775 777 846 prophetae
809 774 1138 830 exstiterunt
1168 776 1368 830 multos
1401 775 1649 830 fallentes
1690 791 1703 827 :
1735 776 1814 830 sic
1856 785 1908 829 et
1941 790 2080 828 non-

501 865 630 920 dum
662 865 790 920 odio
823 864 991 920 habiti
1021 879 1148 921 sunt
1178 866 1246 921 ab
1271 867 1525 920 onmibus
1554 867 1801 937 gentibus
1829 867 1990 920 etiam
2027 866 2081 919 in

503 957 709 1013 ultimis
741 957 988 1028 partibus
1027 964 1187 1010 terrae
1213 956 1606 1022 habitantibus,
1635 964 1856 1030 propter
1882 971 2079 1011 nomen

499 1050 726 1115 Christi,
755 1049 837 1104 sic
867 1057 922 1103 et
954 1048 1194 1104 nondum
1231 1057 1314 1104 est
1339 1050 1692 1119 praedicatum
1728 1048 2079 1120 Evangelium

500 1141 652 1212 regni
700 1139 754 1194 in
798 1148 911 1194 toto
959 1138 1112 1194 orbe.
1160 1137 1278 1194 Non
1320 1139 1468 1194 enim
1515 1138 1686 1194 fertur
1726 1141 2080 1210 praedicatum

501 1244 622 1285 esse
653 1228 1004 1299 Evangelium
1055 1228 1198 1295 apud
1253 1243 1446 1284 omnes
1469 1227 1790 1299 Ethiopas,
1843 1229 2082 1284 maxime

501 1320 644 1389 apud
693 1334 789 1375 eos
839 1321 936 1390 qui
994 1327 1124 1375 sunt
1167 1319 1308 1373 ultra
1359 1318 1597 1385 tlumen;
1645 1322 1740 1377 sed
1794 1337 1896 1376 nec
1937 1321 2081 1390 apud

501 1411 688 1477 Seras,
721 1427 821 1466 nec
848 1411 992 1482 apud
1027 1410 1301 1467 Orientem
1339 1412 1630 1466 audierunt
1653 1412 2083 1468 Christianitatis

501 1513 832 1556 Sermonem.
867 1501 1007 1567 Quid
1045 1509 1228 1562 autem
1268 1500 1517 1556 dicamus
1559 1502 1624 1556 de
1651 1500 1952 1569 Britannis,
1986 1509 2082 1556 aut

500 1591 812 1656 Germanis,
848 1592 941 1662 qui
985 1601 1116 1646 sunt
1161 1592 1304 1647 circa
1333 1590 1630 1656 Oceanum,
1662 1592 1750 1646 vel
1771 1593 1914 1662 apud
1943 1592 2080 1646 Bar-

501 1684 685 1747 baros,
722 1681 932 1749 Dacos,
979 1692 1033 1738 et
1067 1680 1386 1749 Sarmatas,
1440 1691 1494 1737 rt
1543 1682 1796 1752 Scythas,
1843 1697 2078 1752 quorum

501 1773 722 1846 plurimi
753 1773 993 1829 nondum
1023 1774 1313 1830 audierunt
1341 1772 1617 1850 Evangelii
1648 1774 1895 1841 verbum,
1925 1773 2081 1828 a-udi-
2113 1754 2153 1809 Β

501 1867 612 1921 turi
660 1874 789 1922 sunt
833 1875 1013 1920 autem
1066 1865 1120 1920 in
1167 1865 1281 1936 ipsa
1346 1866 1527 1922 saeculi
1581 1868 2076 1922 consummatione.

501 1959 698 2029 Aspice
734 1959 878 2014 enim
915 1957 1063 2029 quod
1101 1961 1214 2026 ait,
1261 1969 1310 2012 et
1348 1959 1734 2036 prwdicabitur
1777 1961 1874 2015 hac
1903 1959 2081 2015 Evan-

501 2051 696 2122 gelium
733 2051 878 2122 regni
920 2052 974 2104 in
1013 2059 1122 2110 toto
1161 2051 1283 2104 orbe
1326 2052 1380 2105 in
1431 2038 1794 2106 testimonium
1835 2051 2078 2106 omnibus

501 2142 762 2214 gentibus,
806 2152 855 2196 et
892 2151 1015 2195 tunc
1060 2143 1160 2201 erit
1200 2142 1343 2213 finis.
1392 2142 1449 2198 Si
1483 2151 1664 2199 autem
1697 2144 1813 2198 vult
1838 2143 1963 2213 quis
1997 2152 2079 2198 te-

502 2248 649 2289 mere
677 2233 858 2288 dicere
892 2233 1242 2303 praedicatum
1280 2249 1402 2290 esse
1428 2235 1544 2304 jam
1579 2233 1934 2307 Evangcl'ium
1989 2251 2080 2291 re-
2116 2236 2118 2239 ’

500 2326 591 2398 gni
621 2327 675 2380 i-n
712 2333 828 2380 toto
854 2326 988 2380 orbe
1017 2325 1072 2380 in
1105 2327 1476 2388 testimonium
1521 2328 1779 2383 omnibus
1805 2327 2078 2398 gentibus,

500 2425 904 2486 consequenter
939 2415 1119 2472 dicere
1157 2415 1352 2491 poterit
1395 2425 1450 2470 et
1481 2416 1626 2486 quod
1669 2417 1779 2484 ait,
1819 2427 1940 2471 tunc
1978 2419 2079 2472 erit

500 2506 644 2574 ﬁnis,
670 2507 783 2575 jam
815 2505 975 2566 ﬁnem
1000 2505 1213 2560 venisse
1257 2521 1276 2558 τη
1323 2507 1468 2576 quod
1517 2506 1700 2562 dicere
1759 2507 2080 2563 temeritatis

499 2607 582 2654 est
613 2613 846 2668 magnae,
870 2605 924 2652 et
947 2597 1189 2661 hominis
1219 2613 1326 2652 non
1357 2584 1712 2670 intelligentis
1737 2615 1858 2669 qua:
1877 2598 2081 2655 Paulus

499 2689 568 2745 sd
594 2688 1112 2744 Thcssalonicenses
1144 2687 1389 2757 Epistola
1441 2689 1682 2744 secunda
1712 2689 1758 2721 ⁸³
1787 2689 1958 2757 dicit,
1991 2690 2078 2753 di-

499 2797 630 2837 cens
665 2795 679 2833 :
723 2780 804 2836 Ne
847 2781 966 2853 quis.
1015 2797 1104 2836 uos
1150 2781 1368 2834 seducat
1411 2780 1520 2834 ullo
1554 2781 1710 2835 modo
1740 2783 1895 2860 quasi
1921 2783 2080 2836 instet

497 2877 608 2928 dies
637 2874 848 2934 Domini
877 2891 895 2930 :
919 2873 1170 2951 quoniam
1191 2874 1297 2938 nisi
1326 2873 1519 2926 uenerit
1547 2874 1779 2944 primunt
1802 2874 2077 2949 discessio,

501 2977 551 3021 et
587 2967 844 3022 revelatus
897 2965 1059 3035 fuerit
1101 2965 1255 3019 homo
1298 2966 1522 3036 peccati,
1549 2966 1693 3034 ﬁlius
1724 2966 1996 3031 interitus,
2027 2977 2080 3022 et

497 3069 717 3122 caetera,
755 3075 864 3113 non
888 3040 989 3112 erit
1024 3057 1238 3112 Domini
1267 3042 1400 3112 dies.
1435 3056 1561 3126 Haec
1599 3057 1900 3112 secundum
1941 3059 2078 3112 sim-

500 3146 692 3217 plicem
724 3148 1078 3226 exposuimus
1107 3147 1472 3202 traditionem.
1507 3146 1565 3213 Si
1602 3160 1784 3203 autem
1815 3148 2078 3204 debemus

499 3238 800 3295 secundum
837 3239 983 3308 quod
1016 3238 1297 3293 moraliter
1343 3254 1508 3309 supra
1539 3239 1869 3306 tradidimus
1912 3250 1965 3295 et
1995 3241 2082 3296 hic

499 3330 804 3400 intelligere
858 3329 1122 3393 moralem
1167 3317 1478 3396 tractatum,
1531 3332 1656 3386 talia
1713 3345 2078 3401 exponemus:

504 3419 764 3492 quoniam
793 3421 888 3496 qui
919 3420 1140 3485 visurus
1174 3429 1257 3476 est
1291 3420 1592 3476 secundum
1639 3420 1801 3477 Verbi
1841 3423 1933 3477 Dei
1982 3424 2081 3477 ad—

499 3521 723 3568 ventum
751 3512 902 3576 illum
935 3512 1234 3585 gloriosum
1291 3512 1346 3568 in
1377 3513 1616 3583 aliimam
1650 3530 1826 3582 suam,
1860 3531 2083 3584 necesse

499 3612 584 3659 est
609 3613 668 3658 ut
693 3603 995 3663 secundum
1029 3619 1344 3671 mensuram
1381 3606 1658 3676 profectus
1685 3608 1771 3663 sui
1815 3609 1882 3663 ad
1920 3607 2082 3666 Verbi

500 3695 894 3766 perfectionem
964 3693 1192 3758 insidias
1247 3711 1279 3751 a
1324 3696 1618 3766 contrariis
1671 3699 2082 3768 operationibus

503 3787 760 3856 patiatur,
796 3787 954 3861 quasi
995 3801 1228 3857 magnus
1273 3787 1500 3852 athleta,
1535 3798 1591 3846 et
1630 3789 1862 3845 traditus
1897 3789 1951 3844 in
1988 3791 2084 3846 tri—

504 3877 810 3932 bulationes
843 3877 1275 3948 derelinquatur.
1316 3878 1503 3949 Multae
1528 3881 1677 3951 enim
1709 3880 2082 3937 tribulationes

491 3967 858 4039 justorum",
909 3976 964 4023 et
1011 3979 1218 4040 quanto
1267 3970 1392 4040 quis
1437 3971 1639 4042 justior
1669 3973 1904 4028 voluerit
1943 3972 2080 4041 ﬁeri,

504 4067 656 4112 tanto
710 4056 885 4128 magis
937 4057 1094 4130 quasi
1145 4070 1433 4126 angustam
1489 4071 1546 4127 et
1591 4062 1905 4134 tribulatam
1956 4079 2081 4119 cum

499 4147 702 4213 affectu
732 4136 1021 4217 ambulans
1045 4149 1188 4206 viam
1235 4151 1293 4220 in
1331 4151 1708 4225 tribulationes
1740 4153 1991 4220 incurrit,
2031 4165 2086 4211 et

503 4241 800 4308 tribulatus
843 4241 1111 4307 occiditur
1139 4243 1377 4305 mundo:
1425 4253 1479 4300 et
1513 4256 1722 4316 quanto
1753 4248 1820 4303 ad
1852 4247 2085 4317 manife-

501 4333 724 4390 stiorem
754 4333 1119 4404 proﬁciscitur
1146 4335 1412 4406 visionem
1441 4327 1626 4404 Verbi,
1657 4347 1817 4407 tanto,
1847 4341 2085 4411 amplius

2186 511 2245 556 ut
2277 503 2464 557 odiant
2497 517 2556 557 se
2587 501 2840 556 invicem.
2887 498 2952 553 Et
2994 515 3119 553 cum
3151 499 3463 568 hujusmodi
3502 501 3789 570 quaestio-

2184 609 2281 648 nes
2333 595 2386 647 i'n
2428 593 2608 663 plures
2660 590 2937 655 venerint,
2973 591 3130 645 multi
3185 590 3405 660 quidem
3449 601 3618 644 erunt
3655 605 3784 645 non

2183 700 2315 740 sane
2362 686 2636 740 tradentes
2674 684 2743 739 de
2783 683 2983 738 futuris
3035 697 3365 746 sermonem,
3400 690 3455 736 et
3489 683 3794 752 quomodo

2183 791 2291 831 non
2323 785 2534 846 oportet
2563 775 2980 844 interpretantes
3012 772 3325 843 prophetas,
3363 788 3503 844 quos
3533 775 3787 842 pseudo-

2184 869 2476 938 prOphetas
2505 867 2630 937 quis
2666 867 2847 922 dicere
2889 883 2998 922 non
3032 865 3298 937 peccabit,
3334 865 3592 920 seducere
3624 867 3792 921 mul-

2183 965 2288 1013 tos.
2323 957 2486 1012 Valde
2516 966 2696 1012 autem
2731 958 2890 1028 pauci
2920 966 3084 1012 erunt
3115 956 3395 1012 veritatem
3429 955 3786 1026 investigan-

2184 1058 2283 1103 tes.
2353 1047 2524 1104 Falsas
2576 1059 2756 1103 autem
2803 1047 3066 1103 doctrinae
3109 1063 3136 1100 a
3188 1046 3468 1116 proposito
3521 1046 3788 1102 veritatis

2185 1141 2377 1194 fortem
2413 1139 2632 1208 quidem
2682 1139 2909 1202 solvent,
2944 1153 3041 1195 eos
3087 1148 3269 1195 autem
3309 1139 3404 1208 qui
3449 1139 3776 1207 prurientes

2183 1233 2312 1279 sunt
2354 1241 2505 1292 aure,
2553 1226 3022 1297 multiplicabant,
3066 1227 3134 1282 ad
3175 1227 3634 1284 delectamentum
3665 1242 3780 1283 eo-

2183 1332 2302 1371 rum
2329 1316 2616 1387 loquentes
2649 1317 2987 1387 iniquitatem
3021 1316 3124 1387 legi
3171 1316 3524 1381 contrariam,
3560 1327 3615 1371 et
3643 1327 3783 1372 tan.

2185 1417 2299 1463 tum
2345 1408 2620 1464 nocebunt
2655 1409 2820 1463 verba
2850 1409 3162 1465 docentium
3209 1407 3506 1462 multorum
3548 1418 3783 1463 contra-

2185 1497 2286 1559 ria,
2339 1505 2402 1550 ut
2447 1497 2608 1551 etiam
2672 1496 2965 1553 ferventem
3029 1498 3378 1554 dilectionem
3431 1514 3554 1569 quas
3611 1501 3776 1566 prius

2185 1588 2366 1643 fuerat
2415 1589 2470 1644 in
2525 1589 2873 1658 simplicitate
2931 1591 3096 1656 lidei,
3158 1590 3516 1662 refrigescere
3565 1591 3782 1648 faciant

2187 1681 2578 1737 existimationi
2605 1683 3114 1752 comprehensionis
3136 1683 3447 1738 divinorum
3483 1685 3782 1756 mysterio-

2189 1789 2309 1829 rum
2360 1781 2416 1828 et
2443 1772 2708 1828 veritatis.
2766 1771 2872 1828 Sed
2922 1774 3018 1844 qui
3067 1775 3305 1844 potuerit
3336 1774 3527 1830 videns
3580 1778 3778 1832 omnia

2189 1867 2306 1922 haec
2357 1881 2580 1922 manere
2639 1866 2692 1920 in
2755 1865 2932 1936 primo
2989 1867 3306 1936 apostolicae
3361 1867 3672 1932 traditionis
3716 1879 3774 1922 et

2187 1958 2573 2014 ecclesiasticae
2627 1959 2963 2014 inductionis
3020 1959 3303 2030 proposito
3331 1999 3348 2025 ,
3405 1959 3522 2029 ipse
3580 1961 3771 2015 salva-

2188 2051 2334 2106 bitur
2366 2067 2380 2106 :
2417 2059 2472 2106 et
2526 2051 2606 2106 sic
2651 2051 3005 2120 praedicatum
3064 2051 3419 2122 Evangelium
3462 2051 3516 2105 in
3552 2053 3775 2108 animas

2187 2137 2457 2204 omnium,
2496 2138 2601 2194 erit
2633 2139 2686 2192 in
2719 2139 3088 2196 testimonium
3116 2140 3371 2196 omnibus
3399 2140 3671 2211 gentibus,
3707 2142 3765 2197 id

2187 2240 2271 2286 est
2322 2231 2580 2286 omnibus
2639 2232 3064 2302 cogitationibus
3139 2232 3441 2289 incredulis
3516 2237 3762 2292 omnium

2189 2323 2521 2378 animarum.

2237 2414 2360 2474 40.
2409 2415 2544 2470 Cum
2601 2416 2838 2472 videritis
2884 2417 3334 2472 abominationem
3389 2417 3760 2483 desolationis,

2187 2506 2327 2576 quod
2355 2509 2617 2577 scriptum
2640 2517 2717 2562 est
2739 2525 2831 2579 per
2858 2508 3130 2563 Danielem
3173 2509 3496 2580 prophetam,
3533 2518 3768 2563 stantem

2188 2597 2243 2648 in
2273 2595 2387 2648 loco
2422 2608 2624 2659 sancto,
2661 2599 2750 2666 qui
2789 2597 2915 2668 legit
2965 2597 3255 2666 intelligat.
3293 2598 3462 2654 Verba
3488 2599 3771 2669 prophetae

2187 2701 2310 2756 quae
2351 2686 2566 2742 locutus
2604 2696 2688 2743 est
2725 2688 2794 2742 de
2836 2688 3246 2744 abominatione
3288 2689 3640 2745 desolationis
3685 2690 3770 2747 fu-

2187 2786 2345 2841 turae.
2377 2787 2508 2835 sunt
2539 2779 2654 2836 haec
2683 2799 2695 2833 :
2733 2778 2799 2835 Et
2827 2781 3158 2850 conﬁrmabit
3184 2791 3556 2836 testamentum
3582 2781 3760 2836 multis

2187 2871 2482 2939 septimana
2526 2887 2667 2937 uno,
2712 2880 2762 2925 et
2807 2872 2863 2925 in
2912 2871 3137 2926 dimidio
3198 2873 3506 2942 septimana:
3555 2872 3765 2926 tolletur

2186 2965 2539 3035 sacriﬁcium,
2580 2974 2630 3019 et
2675 2965 2884 3031 libatio,
2915 2977 2965 3020 et
3007 2981 3166 3037 super
3199 2965 3448 3036 templum
3487 2965 3764 3019 abomina~

2189 3058 2263 3110 tio
2299 3056 2642 3111 desolationis
2687 3059 2811 3123 erit,
2853 3066 2902 3112 et
2942 3075 3106 3128 usque
3147 3057 3218 3111 ad
3264 3059 3765 3112 consummationem

2186 3149 2438 3218 temporis
2468 3151 2852 3222 consummatio
2876 3149 3094 3205 dabitur
3116 3167 3272 3220 super
3296 3150 3676 3204 desolationem
3697 3150 3763 3202 π.

2185 3239 2324 3295 Vere
2388 3239 2610 3309 quidem
2677 3242 3136 3310 comprehendere
3201 3257 3484 3298 sermones
3527 3240 3762 3296 Danielis

2183 3331 2388 3386 nullius
2420 3331 2646 3386 alterius
2685 3340 2790 3397 est,
2820 3332 2924 3387 nisi
2958 3333 3196 3403 Spiritus
3237 3332 3410 3388 sancti
3443 3333 3536 3402 qui
3575 3331 3675 3386 fuit
3703 3332 3760 3386 in

2186 3422 2429 3489 Daniele,
2471 3430 2530 3477 ut
2597 3422 2665 3477 de
2740 3413 3062 3492 septimanis
3131 3425 3388 3494 omnibus
3453 3419 3768 3478 manifestat

2184 3529 2493 3572 sermonem
2558 3523 2614 3568 et
2653 3512 2721 3569 de
2765 3514 3176 3569 abominatione
3221 3514 3577 3568 desolationis
3619 3513 3765 3568 dicta

2185 3607 2253 3662 ab
2283 3622 2370 3663 eo.
2417 3605 2475 3662 Si
2521 3616 2702 3662 autem
2745 3615 2957 3676 oportet
3012 3615 3069 3662 et
3109 3621 3210 3662 nos
3243 3621 3416 3676 pauca
3459 3607 3760 3662 secundum

2183 3701 2328 3771 quod
2359 3699 2520 3754 nobis
2549 3692 3094 3768 videtur,exponere
3137 3701 3204 3754 de
3244 3701 3348 3755 hoc
3397 3700 3542 3766 loco,
3577 3700 3762 3765 dicen:

2184 3791 2314 3846 dum
2354 3799 2438 3846 est
2477 3791 2738 3860 quoniam
2790 3790 3133 3860 septuaginta
3187 3804 3362 3868 annos
3407 3791 3501 3861 qui
3541 3790 3761 3844 fuerunt

2185 3891 2310 3953 post
2353 3883 2643 3937 adventum
2685 3880 2984 3938 Salvatoris
3029 3883 3224 3948 nostri,
3266 3883 3642 3939 demonstrare
3679 3882 3770 3957 vi-_

2185 3972 2342 4027 detur
2390 3987 2592 4028 sermo.
2661 3971 2786 4029 Hac
2814 3974 2964 4028 enim
3021 3973 3324 4042 septimana
3373 3960 3496 4043 quae
3544 3982 3763 4043 propter

2186 4071 2393 4134 septem
2439 4064 2673 4138 decadas
2720 4079 2989 4120 annorum
3023 4064 3226 4119 dicitur
3269 4052 3591 4134 septimana,
3629 4079 3760 4120 con-

2186 4157 2367 4211 ﬁrmat
2427 4164 2812 4211 testamentum
2889 4156 3098 4219 multis,
3164 4155 3384 4232 quando
3433 4165 3489 4212 et
3532 4157 3762 4227 apostoli

2185 4244 2388 4302 Christi
2424 4255 2548 4318 post
2589 4247 2961 4303 ascensionem
3005 4246 3180 4324 ipsius
3224 4247 3459 4302 orationi
3499 4257 3554 4302 et
3589 4243 3760 4302 verbo

2187 4339 2459 4396 instantes
2507 4355 2537 4394 a
2574 4338 2686 4395 Deo
2729 4335 3182 4395 illuminaba’ntur
3230 4341 3284 4394 in
3320 4354 3537 4417 omnem
3585 4339 3762 4405 scien-

503 4426 814 4493 tribulatur.
869 4424 1137 4505 Quoniam
1187 4426 1478 4504 perfectior
1528 4429 1803 4499 invenitur
1830 4421 2083 4488 Christus
2113 4449 2160 4506 ι)
2190 4431 2319 4485 tiam
2349 4430 2646 4487 voluntatis
2677 4430 2987 4486 divinarum
3023 4430 3431 4502 Scripturarum
3492 4439 3546 4486 et
3584 4447 3614 4485 a
3641 4429 3766 4500 Spi-

501 4519 556 4574 in
602 4533 694 4584 eo,
747 4518 817 4586 ab
868 4517 1125 4572 omnibus
1168 4507 1478 4574 odlentihus
1505 4518 1785 4578 Christum
1839 4523 2076 4594 odietmj,

503 4626 608 4665 non
638 4617 850 4675 tantum
883 4624 913 4663 a
943 4608 1196 4686 gentibus
1220 4608 1475 4678 omnibus
1502 4611 1800 4679 secundum
1833 4627 2075 4681 carnem,

501 4710 765 4775 quantum
818 4716 849 4756 a
879 4700 1132 4772 gentibus
1160 4699 1484 4772 spiritalium
1517 4703 1904 4772 nequitiarum.
1960 4704 2078 4776 Ipsa

503 4793 648 4851 enim
691 4794 1008 4876 implantata
1043 4777 1414 4852 manilestatio
1447 4795 1839 4879 proprietatum
1872 4779 2077 4861 Christi

503 4884 558 4937 in
600 4899 687 4948 eo,
741 4894 962 4965 propter
1009 4901 1150 4967 quas
1201 4897 1254 4945 et
1279 4888 1480 4944 dicitur
1524 4888 1905 4956 Christianus,
1951 4892 2083 4948 facit

503 4991 630 5032 eum
669 4977 739 5032 ab
764 4977 1020 5043 omnibus
1058 4978 1384 5036 habentibus
1414 4982 1672 5059 spiritum,
1697 4985 1884 5040 mundi
1916 4984 2082 5052 odiri,

503 5067 990 5142 ad-perfectionem
1043 5070 1222 5132 adhuc
1251 5071 1458 5129 Christi
1493 5073 1726 5144 amplius
1758 5084 1813 5130 et
1845 5075 2078 5146 amplius

505 5161 946 5229 contendentem.
1009 5162 1114 5219 Sed
1169 5176 1223 5222 et
1273 5166 1328 5220 in
1380 5167 1822 5230 dissensionibus
1854 5177 1908 5223 et
1932 5184 2082 5238 qua:-

506 5253 777 5319 stionibus
801 5255 960 5330 pauci
987 5266 1149 5325 erunt
1203 5259 1396 5319 intenti
1426 5259 1709 5330 veritatem
1741 5259 1953 5333 plenius
1999 5269 2083 5314 at-

507 5349 793 5421 tingentes.
821 5347 1012 5404 Plures
1042 5358 1222 5404 autem
1256 5350 1773 5415 scandalizabuntur
1804 5359 1859 5404 et
1889 5351 2084 5407 cadent

505 5439 575 5496 ab
597 5455 682 5504 ea,
708 5439 1012 5519 proditores
1031 5451 1085 5494 et
1104 5447 1453 5506 accusatores
1470 5437 1644 5512 etl‘ecti
1679 5440 1733 5495 in
1755 5438 2076 5495 alterutrum

508 5541 725 5601 propter
763 5530 1160 5586 dissensionem
1209 5530 1529 5601 dogmatum
1574 5533 1860 5604 veritatis,
1914 5547 2075 5602 quam

608 5703 656 5744 ε’
677 5711 720 5765 ιι
745 5711 936 5768 Thess.
965 5727 1048 5776 tn.
1089 5710 1144 5776 2,
1182 5713 1236 5773 5.
1307 5714 1354 5752 ’°
1377 5711 1648 5781 Ρδὶιιο-νιιν
1676 5713 1766 5784 20·
1843 5715 1890 5754 ⁸¹λ
1921 5715 2103 5786 Malui.-

2187 4517 2295 4572 ritu
2323 4528 2533 4574 sancto.
2571 4518 2629 4573 In
2659 4519 2886 4575 dimidio
2915 4529 3097 4576 autem
3137 4521 3468 4590 septimanae,
3495 4521 3548 4575 id
3585 4529 3669 4575 est
3704 4521 3759 4574 in

2187 4608 2362 4663 tribus
2403 4617 2458 4664 et
2494 4609 2662 4666 seruis
2717 4611 2938 4668 decadis
2985 4626 3254 4667 annorum
3285 4652 3300 4678 ,
3349 4613 3626 4667 sublatum
3681 4620 3762 4666 est

2186 4697 2512 4754 sacrificium
2563 4699 2775 4765 altaris,
2803 4700 2855 4756 id
2890 4709 2973 4756 est
3014 4700 3070 4754 in
3100 4702 3322 4774 triginta
3361 4703 3605 4772 quinque
3666 4719 3766 4756 an-

2190 4790 2276 4844 nis
2308 4789 2589 4860 impletum
2633 4800 2716 4846 est
2742 4793 2890 4862 quod
2935 4792 3114 4848 fuerat
3149 4795 3454 4864 scriptum:
3494 4793 3562 4848 In
3598 4795 3764 4848 dimi-

2188 4877 2279 4932 dio
2311 4880 2620 4948 septimana:
2671 4881 2888 4936 tolletur
2907 4883 3233 4953 sacriﬁcium
3257 4884 3424 4956 859
3459 4895 3510 4939 et
3548 4884 3760 4942 libatio.

2261 4966 2417 5024 Tunc
2445 4978 2626 5026 autem
2661 4985 2828 5040 super
2854 4973 3112 5043 templum
3155 4975 3302 5043 quod
3336 4973 3517 5028 fuitin
3541 4971 3762 5028 Jeroso-

2190 5062 2370 5135 lymis,
2422 5061 2568 5118 facta
2618 5070 2702 5119 est
2731 5057 3065 5124 abomina’tio
3109 5065 3460 5122 desolationis
3497 5067 3678 5137 templi
3709 5077 3766 5123 et

2189 5153 2445 5220 civitatis,
2482 5155 2539 5209 in
2580 5169 2647 5210 eo
2697 5154 2950 5212 videlicet
2995 5167 3238 5226 tempore
3267 5159 3486 5229 quando
3513 5159 3766 5214 viderunt

2189 5249 2585 5305 circumdatam
2635 5248 2939 5305 Jerusalem
2969 5252 3037 5305 ab
3063 5253 3326 5318 exercitu,
3374 5260 3435 5307 ut
3465 5252 3759 5329 secundum

2190 5345 2336 5414 quod
2389 5346 2810 5417 prophetaverat
2859 5344 3108 5400 Salvator
3155 5345 3223 5400 de
3268 5360 3331 5401 ea
3356 5385 3372 5409 ,
3429 5354 3763 5432 cognoscant

2190 5437 2336 5510 quod
2367 5437 2707 5510 appropiavit
2732 5438 2997 5494 desolatio
3025 5437 3162 5506 ejus.
3206 5437 3272 5492 Et
3304 5438 3444 5493 hanc
3468 5439 3762 5494 desolatio-

2190 5528 2279 5581 nis
2303 5527 2767 5583 abominationem
2797 5525 2996 5599 factam
3022 5537 3186 5603 super
3215 5524 3472 5601 templum
3500 5523 3567 5580 ab
3595 5538 3762 5587 exest.

2147 5726 2296 5778 mv,
2328 5709 2417 5765 i5.
2490 5706 2536 5741 "
2559 5704 2693 5796 Dan.
2727 5705 2919 5771 ιι.27ηι
2946 5723 2950 5726 ·
3440 5791 3453 5800 ⁸
3476 5730 3538 5799 κ’
