4052 6304
443 335 574 390 165⁸1

1565 323 2220 393 ῼΟΜΜΕΝΤΛΒΙΟΜῙΜ
2261 322 2536 383 SEltlES;

3533 323 3666 380 £638

430 448 540 503 citu
584 447 884 500 Jerusalem
932 438 1323 504 circumdantc,
1374 438 1505 494 dicit
1546 439 1805 509 propheta
1830 452 2004 508 usque
2030 443 2078 499 Α
2107 437 2174 492 Et
2218 439 2550 508 conﬁrmabit
2597 443 2960 490 testamentum
2992 435 3172 490 multis
3203 437 3494 504 septimana
3537 457 3668 505 una,

429 538 494 591 ad
524 545 736 603 tempus
768 528 1257 587 consummationis
1289 542 1528 594 manere,
1565 536 1625 582 ut
1649 542 1999 584 consumma-

431 627 506 680 tio
551 624 645 680 fiat
694 621 882 677 mundi
929 633 1094 689 super
1139 619 1532 674 desolationem
1593 617 1893 673 Jerusalem
1945 629 1999 673 et

429 715 614 786 templi
635 712 781 785 quod
811 721 891 768 est
916 713 969 767 in
997 727 1080 768 ea.
1115 710 1183 765 Et
1211 711 1303 766 ubi
1333 718 1462 765 sunt
1485 709 1579 780 qui
1607 724 1666 764 se
1692 709 1880 764 dicunt
1903 707 1998 763 Ju-

427 807 574 861 daeos
601 813 656 861 et
686 819 794 858 non
824 803 990 858 sunt?
1021 803 1114 874 qui
1141 802 1358 865 dicunt,
1393 800 1750 856 mdiﬁcabitur
1775 798 1998 854 Jerusa-

425 896 530 954 lem
558 913 679 969 qua:
705 906 790 953 est
813 898 1068 954 deorsum
1095 938 1111 963 ,
1163 897 1482 968 priusquam
1516 895 1704 950 smculi
1738 909 1996 950 consum-

425 989 597 1044 matio
625 989 753 1043 flat?
790 986 1211 1052 Consummatio,
1245 987 1442 1056 inquit,
1468 983 1688 1038 dabitur
1715 1000 1871 1054 super
1897 985 1994 1038 de-

424 1081 739 1136 solationem
788 1081 921 1149 ejus.
979 1077 1036 1132 Si
1081 1087 1260 1133 autem
1307 1077 1665 1132 aedilicahitur
1713 1076 1992 1146 templum,

423 1172 784 1227 mdilicabitur
827 1171 877 1226 ei
918 1171 1008 1242 qui
1057 1171 1367 1224 adversatur
1407 1178 1457 1222 et
1509 1169 1786 1223 extollitur
1831 1185 1993 1238 supra

422 1279 573 1316 omne
620 1263 758 1332 quod
803 1263 1006 1315 dicitur
1048 1259 1211 1322 Deus,
1259 1268 1354 1313 aut
1382 1258 1596 1324 colitur,
1644 1266 1702 1312 ut
1731 1259 1907 1312 sedeat
1937 1259 1992 1312 in

423 1351 613 1421 templo
657 1350 966 1421 hujusmodi
993 1389 1007 1416 ,
1038 1349 1310 1405 ostendens
1345 1365 1400 1402 se
1433 1349 1587 1419 quasi
1633 1349 1703 1401 sit
1733 1347 1873 1400 Deus
1899 1348 1945 1380 "
1975 1367 1988 1402 :

420 1459 570 1513 quem
608 1442 858 1498 Dominus
900 1440 1057 1495 Iesus
1104 1441 1383 1509 interﬁciat
1432 1439 1624 1508 spiritu
1650 1441 1756 1493 oris
1784 1439 1900 1503 sui,
1939 1445 1991 1492 et

420 1533 652 1588 destruet
679 1532 1070 1586 illuminatione
1099 1531 1348 1584 aduentus
1371 1530 1456 1582 sui
1478 1529 1543 1582 ’⁸.
1571 1529 1696 1585 Sive
1721 1545 1851 1600 ergo
1876 1529 1991 1598 pla-

420 1634 540 1679 ceat
601 1623 926 1694 quibusdam
979 1620 1233 1676 aediﬁcari
1289 1620 1432 1674 hanc
1478 1617 1777 1675 Jerusalem
1826 1635 1990 1688 super

419 1722 644 1780 terram,
699 1722 880 1768 tamen
928 1725 1037 1766 non
1088 1711 1193 1764 erit
1239 1708 1434 1765 falsum
1482 1709 1626 1779 quod
1672 1710 1869 1764 dicitur
1895 1709 1984 1762 ":

421 1803 822 1859 Consummatio
865 1810 941 1856 est
987 1799 1168 1854 danda
1215 1816 1370 1870 super
1393 1800 1767 1854 desolationem
1797 1800 1982 1869 ipsius.

421 1894 477 1950 Si
507 1901 688 1950 autem
731 1899 944 1962 oportet
985 1898 1039 1946 et
1065 1891 1132 1946 de
1160 1890 1492 1960 temporibus
1540 1890 1743 1960 aliquid
1781 1891 1982 1958 dicere,

418 1986 652 2040 dicimus
682 1983 945 2053 quoniam
977 1981 1033 2037 in
1062 1981 1340 2038 Chronicis
1362 1980 1674 2052 Phlegontis
1702 1981 1985 2051 cujusdam

415 2077 615 2133 dicitur
649 2075 718 2146 (si
748 2085 927 2130 tamen
970 2074 1232 2130 debemus
1278 2082 1333 2128 et
1377 2073 1522 2128 hunc
1547 2072 1702 2142 quasi
1738 2087 1864 2127 vera
1900 2072 1984 2126 di-

416 2177 626 2221 centem
671 2165 740 2220 de
784 2164 985 2233 templo
1027 2163 1347 2233 suscipere).
1380 2162 1637 2230 quoniam
1671 2162 1815 2216 circa
1847 2177 1986 2230 qua-

416 2257 786 2328 dragesimum
838 2271 1042 2310 annum
1078 2271 1108 2310 a
1144 2257 1338 2325 quinto
1366 2255 1579 2309 decimo
1607 2269 1751 2308 anno
1782 2251 1986 2307 Tiberii

415 2346 646 2403 Caesaris
681 2344 822 2400 facta
870 2354 954 2401 est
1001 2345 1299 2400 destructio
1351 2343 1654 2399 Jerusalem
1701 2353 1757 2398 ct
1800 2342 1984 2412 templi

413 2436 560 2507 quod
600 2436 702 2490 fuit
736 2435 791 2490 in
825 2449 910 2490 ea.
961 2433 1141 2490 Deduc
1170 2449 1300 2504 ergo
1328 2434 1726 2504 praedicationis
1769 2433 1985 2487 Domini

414 2529 526 2584 lere
569 2541 742 2583 annos
791 2538 920 2592 tres,
968 2534 1023 2581 et
1064 2535 1278 2596 tempus
1328 2525 1744 2581 resurrectionis
1794 2525 1982 2594 ipsius,

413 2619 634 2690 quando
682 2633 778 2689 per
823 2619 939 2673 dies
988 2617 1346 2688 quadraginta
1387 2631 1656 2686 apparens
1685 2616 1790 2672 illis
1823 2616 1974 2672 doce~

415 2709 508 2764 bat
533 2723 628 2765 eos
654 2710 722 2765 de
744 2724 911 2780 regno
941 2707 1069 2773 Dei,
1103 2717 1157 2764 et
1189 2708 1434 2765 invenies
1468 2709 1696 2763 forsitan
1725 2707 1847 2777 plus
1879 2709 1982 2762 mi-

413 2813 519 2855 nus
548 2819 562 2855 :
595 2800 851 2870 quoniam
883 2799 1030 2856 circa
1062 2799 1349 2855 dimidium
1374 2801 1688 2870 septimana:
1708 2841 1722 2865 ,
1756 2815 1982 2868 compua-

414 2896 538 2944 tans
587 2905 681 2968 per
722 2891 956 2948 decadas
981 2907 1274 2956 annorum,
1321 2900 1405 2946 est
1450 2891 1785 2960 completum
1833 2888 1981 2959 quod

410 2980 613 3034 dictum
637 2989 722 3036 est
747 2981 795 3014 “
826 2999 841 3036 :
879 2981 1112 3036 Tolletur
1143 2983 1470 3052 sacriﬁcium
1506 2997 1678 3036 meum
1701 2991 1748 3036 et
1770 2981 1978 3049 libatio,

2099 545 2152 590 et
2180 546 2394 591 caetera.
2448 535 2699 589 Arbitror
2728 541 2908 587 autem
2941 533 3281 604 septuaginta
3335 535 3670 603 septimanos

2097 628 2347 683 concisas
2399 642 2562 696 super
2615 626 2873 696 populum
2920 634 2976 678 ct
3019 639 3183 694 super
3219 625 3490 679 civitatem
3540 643 3666 680 san-

2097 727 2279 784 ctam,
2316 727 2375 772 ut
2400 725 2811 771 consummetur
2857 724 3135 785 peccatum
3159 757 3174 781 ,
3221 724 3455 784 quatuor
3496 717 3663 770 millia

2097 819 2398 880 nongentos
2444 823 2565 863 esse
2613 823 2786 862 annos
2829 807 2897 861 ab
2936 806 3108 860 Adam
3154 821 3323 876 usque
3348 807 3415 860 ad
3447 817 3664 876 septua-

2095 901 2244 970 ginta
2271 915 2442 954 annos
2474 899 2567 968 qui
2595 898 2816 952 fuerunt
2863 907 2984 966 post
3012 897 3472 966 dispensationem
3505 897 3665 951 Chri-

2095 988 2187 1046 sti.
2253 989 2703 1043 Consummatum
2771 995 2856 1042 est
2920 988 3066 1040 cnim
3114 998 3395 1056 peccatum
3457 987 3660 1056 populi,

2094 1085 2315 1146 propter
2359 1077 2502 1147 quod
2538 1085 2593 1129 et
2621 1090 2652 1128 a
2681 1074 2790 1128 Deo
2823 1084 2907 1129 cst
2949 1074 3260 1129 derelictus.
3327 1074 3395 1130 Et
3442 1075 3662 1129 illorum

2093 1166 2310 1236 quidem
2338 1175 2617 1236 peccatum
2655 1166 2924 1235 signatum
2950 1173 3066 1230 est,
3113 1166 3450 1220 credentium
3478 1173 3663 1220 autem

2092 1254 2358 1324 injustitia
2413 1264 2498 1310 cst
2525 1254 2720 1318 deleta,
2750 1261 2804 1308 et
2835 1263 2956 1322 post
2986 1253 3310 1307 delctionem
3345 1253 3465 1322 ejus
3491 1253 3665 1306 addu-

2092 1355 2180 1403 cta
2208 1357 2293 1403 est
2322 1348 2378 1402 in
2405 1347 2627 1404 Christo
2651 1349 2753 1402 vita
2789 1357 3010 1402 mterna.
3076 1343 3180 1400 Sed
3209 1345 3466 1414 quoniam
3498 1345 3582 1400 lex
3608 1354 3670 1402 et.

2093 1439 2368 1508 prophetas
2387 1455 2560 1509 usque
2579 1441 2645 1495 ad
2671 1439 2957 1502 Joannem,
2983 1437 3075 1507 qui
3100 1436 3336 1491 ostendit
3359 1435 3658 1504 Christum,

2092 1541 2374 1600 propterea
2404 1541 2534 1601 puto
2563 1532 2767 1587 dictum
2801 1529 3007 1601 signari
3045 1529 3308 1583 visionem
3335 1538 3388 1583 et
3419 1529 3657 1598 pt'Opheo

2092 1621 2244 1674 tiam.
2297 1619 2431 1676 Nam
2463 1623 2723 1692 quoniam
2755 1635 3102 1691 nequaquam
3134 1627 3261 1674 sunt
3297 1621 3348 1673 in
3380 1621 3658 1691 prophetis

2091 1712 2330 1768 visiones
2378 1725 2500 1784 post
2547 1713 2849 1778 Joannem,
2905 1711 3024 1766 idco
3077 1709 3287 1781 signata
3320 1720 3404 1766 est
3440 1711 3576 1766 visio
3604 1721 3659 1766 et

2089 1803 2391 1872 prophetia.
2426 1801 2649 1874 Signata
2681 1813 2862 1859 autem
2891 1803 3099 1858 visione
3122 1811 3174 1857 et
3201 1802 3484 1872 prophetia
3505 1845 3520 1869 ,
3552 1818 3658 1855 nn-

2088 1905 2208 1952 ctus
2254 1906 2338 1948 est
2386 1895 2698 1966 unigenilus
2731 1895 2966 1950 Sanctus
3018 1905 3334 1950 sanctorum
3379 1892 3654 1950 Christus.

2087 1985 2258 2051 Quem
2301 1985 2580 2040 Christum
2613 1994 2838 2041 unctum
2877 1994 3251 2056 cognoverunt
3298 1986 3572 2054 prophetae
3606 1997 3660 2039 et

2087 2075 2365 2141 Daniel,et
2391 2077 2774 2130 intellexerunt
2804 2077 2988 2147 aliquo
3019 2077 3182 2131 modo
3213 2077 3282 2131 ab
3308 2077 3454 2130 exitu
3485 2076 3655 2141 verbi,

2085 2167 2304 2236 quando
2353 2166 2506 2221 rerbo
2542 2165 2757 2220 Domini
2803 2167 2921 2222 caeli
2958 2168 3162 2237 ﬁrmati
3215 2175 3339 2220 sunt
3359 2168 3426 2219 ’3.
3489 2165 3552 2220 Et
3587 2165 3659 2220 ab

2085 2257 2234 2312 exitu
2272 2257 2452 2323 verbi,
2510 2258 2837 2327 respondere
2887 2259 2941 2312 in
2994 2257 3228 2324 sanctis,
3277 2257 3372 2328 qui
3405 2257 3474 2312 ab
3505 2257 3659 2311 initio

2085 2346 2307 2401 fuerunt
2343 2355 2398 2400 et
2437 2347 2717 2416 prophetis
2746 2345 2983 2410 Domini,
3014 2347 3108 2400 sed
3134 2355 3186 2400 et
3217 2345 3471 2401 aediﬁcari
3500 2343 3658 2400 Jeruo

2086 2439 2253 2492 salem
2279 2477 2295 2503 ,
2353 2453 2526 2506 usque
2554 2437 2621 2492 ad
2653 2436 2932 2492 Christum
2976 2437 3170 2491 ducem
3207 2438 3540 2491 transierunt
3571 2452 3657 2491 se-

2083 2530 2339 2600 ptimana:
2365 2529 2645 2598 sexaginta
2677 2528 2800 2583 duae
2822 2567 2837 2591 ,
2887 2527 2992 2584 hoc
3039 2537 3122 2583 cst
3163 2528 3400 2599 primum
3435 2528 3654 2597 quidem

2083 2621 2210 2674 anni
2235 2619 2612 2690 quadringenti
2650 2618 3105 2689 nonaginta,quae
3136 2618 3271 2673 liunt
3299 2633 3394 2688 per
3419 2619 3655 2673 decadas

2082 2719 2407 2781 computata:
2432 2710 2750 2780 septimana:
2771 2718 3000 2779 septem.
3035 2709 3165 2766 Post
3185 2711 3290 2766 hoc
3313 2721 3492 2764 autem
3525 2709 3655 2764 anni

2081 2811 2317 2871 quatuor
2351 2799 2522 2854 millia
2558 2799 2789 2854 trecenti
2839 2799 3198 2870 quadraginta
3219 2841 3234 2867 ,
3282 2799 3376 2870 qui
3410 2799 3546 2854 liunt
3579 2801 3648 2854 si-

2083 2892 2285 2947 militer
2337 2907 2432 2961 per
2478 2891 2714 2947 decadas
2761 2899 3090 2961 computata:
3136 2890 3453 2961 septimanae
3497 2905 3656 2946 sexa-o

2081 2984 2228 3053 ginta
2255 2982 2396 3038 duas.
2432 2981 2565 3037 Post
2593 2997 2734 3052 quos
2759 2996 3024 3044 reversus,
3043 2990 3126 3037 est
3147 2981 3420 3045 Christus,
3445 2989 3498 3036 et
3524 2981 3656 3035 sedi-

411 3069 652 3140 quando,
683 3079 738 3126 et
760 3086 924 3142 super
969 3071 1228 3141 templum
1261 3072 1597 3128 abominatio
1627 3071 1978 3128 desolationis
2005 3099 2047 3154 ο
2084 3073 2261 3128 licavit
2291 3074 2524 3142 plateam
2555 3073 2608 3126 in
2633 3087 2740 3142 qua
2775 3072 3039 3140 sapientia
3077 3072 3398 3127 liducialiter
3429 3071 3560 3141 agit,
3597 3079 3654 3125 et

407 3171 491 3217 est
519 3160 682 3229 facta,
733 3177 853 3232 quae
877 3163 1142 3218 desolatio
1171 3178 1345 3232 usque
1374 3162 1442 3217 ad
1475 3171 1686 3232 tempus
1715 3177 1976 3218 consum-

411 3255 666 3310 mationis
708 3255 961 3312 manebit.
1030 3255 1428 3312 Cousummatio
1457 3255 1638 3321 enim,
1680 3255 1976 3311 secundum

407 3345 551 3416 quod
581 3344 840 3412 diximus,
863 3345 1082 3400 dabitur
1101 3363 1256 3416 super
1274 3345 1673 3400 desolationem.
1711 3343 1767 3398 Si
1794 3354 1976 3401 autem

407 3445 622 3492 constat
663 3437 822 3493 nobis
852 3437 977 3493 talis
1005 3438 1226 3494 traditio
1251 3438 1599 3508 septimanae,
1649 3437 1974 3502 dicentibus,

407 3537 672 3595 quantum
707 3531 773 3580 ad
803 3525 1030 3593 dictum,
1077 3525 1358 3596 impletum
1407 3538 1532 3580 esse
1576 3524 1725 3594 quod
1769 3524 1974 3579 dictum

403 3623 524 3682 est,
558 3629 668 3670 non
711 3615 888 3672 solum
918 3635 932 3672 :
970 3617 1206 3671 Tolletur
1229 3615 1552 3684 sacriﬁcium
1584 3630 1790 3682 meum,
1818 3624 1868 3668 et
1906 3615 1976 3669 li-

407 3703 552 3761 batio
571 3743 587 3771 ,
637 3706 730 3762 sed
761 3708 924 3763 etiam
955 3708 1085 3762 illud
1114 3708 1260 3778 quod
1293 3707 1555 3776 scriptum
1587 3715 1707 3773 est,
1756 3715 1816 3761 ut
1846 3707 1978 3762 abo-

407 3796 633 3851 minatio
652 3796 1049 3853 desolationum
1070 3813 1234 3868 super
1253 3799 1510 3868 templum
1533 3798 1832 3867 contingat,
1858 3798 1977 3854 sine

407 3886 574 3943 dubio
607 3885 893 3944 manifeste
934 3888 1242 3944 ostenditur
1287 3887 1550 3942 adventus
1577 3884 1780 3939 Christi
1812 3884 1975 3938 etiam

407 3994 473 4036 ex
520 3979 698 4036 verbis
738 3979 975 4035 Danielis
1019 3979 1294 4050 prophetas
1336 3977 1568 4032 dicentis
1599 3975 1645 4007 ⁸⁷
1679 3993 1692 4029 :
1745 3973 1974 4044 Septua-

409 4067 556 4138 ginta
581 4069 886 4138 septimana:
919 4069 1140 4122 concisse
1162 4074 1284 4121 sunt
1325 4081 1480 4136 super
1510 4062 1760 4134 populum
1803 4074 1973 4130 tuum,

407 4171 457 4235 et
488 4177 644 4231 super
680 4162 948 4216 ciuitatem
989 4167 1230 4214 sanctam
1276 4169 1334 4211 ut
1377 4165 1770 4211 cansummetur
1792 4171 1977 4224 pecca-

407 4261 540 4331 tum,
573 4263 622 4308 et
653 4254 890 4323 signetur
913 4259 1204 4320 peccatum,
1239 4257 1290 4302 et
1331 4247 1608 4301 deleantur
1647 4246 1972 4317 iniquitates,

403 4352 455 4407 et
478 4352 536 4398 ut
557 4344 854 4399 adducatur
885 4341 1106 4411 justitia
1134 4353 1330 4395 (eterna
1348 4379 1363 4406 ,
1404 4348 1454 4393 et
1478 4347 1536 4392 ut
1561 4337 1796 4406 signetur
1819 4338 1970 4402 visio,

2081 3178 2299 3217 murum
2334 3163 2386 3216 in
2411 3163 2568 3232 cujus
2595 3161 2814 3233 fastigio
2844 3159 3191 3231 praedicatur.
3230 3161 3502 3217 Evacuala
3529 3171 3655 3218 sunt

2080 3264 2260 3309 autem
2293 3255 2475 3324 populi
2509 3265 2752 3323 tempora
2772 3293 2786 3318 ,
2816 3262 3098 3324 propterea
3125 3254 3269 3324 quod
3301 3269 3468 3324 super
3497 3253 3654 3308 addi-

2081 3354 2163 3402 tas
2193 3356 2396 3417 septem
2431 3345 2784 3415 septimanas,
2820 3346 3101 3416 sexaginta
3133 3344 3272 3401 duas
3299 3345 3650 3414 septimanos,

2078 3438 2352 3492 sublatum
2381 3446 2465 3492 est
2491 3453 2520 3491 a
2545 3435 2746 3506 populo
2775 3435 3014 3491 chrisma
3049 3437 3194 3505 quod
3221 3435 3322 3492 fuit
3345 3437 3397 3490 in
3426 3435 3649 3506 templo,

2078 3537 2138 3582 ut
2182 3529 2295 3598 jam
2343 3543 2452 3581 non
2502 3527 2573 3582 sit
2611 3527 2878 3596 judicium
2913 3527 3054 3595 apud
3089 3542 3206 3580 eos.
3263 3527 3368 3582 Sed
3419 3536 3473 3582 ct
3519 3528 3652 3582 civiv

2079 3625 2162 3671 tas
2193 3627 2247 3672 et
2277 3627 2526 3673 sanetum
2573 3623 2888 3684 corruptum
2950 3625 3032 3671 est
3059 3631 3184 3672 cum
3229 3619 3645 3686 superveniente

2077 3716 2266 3778 postea
2294 3707 2430 3761 duce
2465 3705 2661 3775 populo
2698 3705 2797 3769 illi,
2831 3704 2945 3758 sive
2976 3703 3206 3772 Herode,
3241 3707 3356 3761 sive
3387 3705 3645 3777 Agrippa.

2079 3801 2234 3856 Hunc
2257 3800 2400 3857 enim
2429 3801 2561 3855 dicit
2587 3814 2708 3854 csse
2739 3798 2967 3852 historia
2993 3797 3328 3856 Judmorum.
3394 3798 3498 3854 Sed
3527 3801 3648 3854 vide

2079 3911 2147 3950 nc
2175 3903 2332 3964 putes
2357 3893 2500 3962 quod
2530 3893 2607 3946 ait
2635 3892 2911 3961 corrumpi
2944 3908 3066 3947 eum
3096 3896 3235 3948 duce
3265 3891 3532 3956 veniente,
3563 3905 3648 3945 rc~

2078 3983 2207 4039 ferri
2254 3983 2320 4036 ad
2367 3980 2669 4036 Christum.
2720 3979 2821 4036 Ubi
2855 3982 2999 4036 enim
3025 3981 3194 4035 voluit
3220 3981 3395 4050 ipsum
3423 3980 3645 4050 intelligi

2076 4075 2382 4140 Christum,
2415 4073 2662 4143 utrisque
2688 4073 3002 4128 nominibus
3036 4088 3167 4126 usus
3195 4081 3279 4127 est
3310 4071 3517 4136 Daniel,
3557 4071 3643 4124 diw

2076 4181 2226 4233 cens,
2277 4181 2441 4234 usque
2485 4164 2554 4217 ad
2603 4163 2876 4218 Christum
2923 4163 3125 4216 ducem.
3189 4161 3418 4228 Quando
3463 4171 3644 4216 autem

2077 4267 2218 4314 Iacet
2247 4272 2443 4312 nomen
2475 4255 2696 4320 Christi,
2727 4253 3184 4324 corrumpendum
3212 4253 3510 4308 introducit
3539 4253 3642 4307 du-

2079 4363 2196 4404 cem
2218 4387 2232 4411 ,
2287 4347 2546 4417 quoniam
2576 4345 2774 4401 defecit
2801 4345 2910 4399 dux
2944 4353 3065 4414 post
3092 4344 3366 4400 Christum
3387 4384 3402 4410 ,
3445 4353 3501 4398 et
3531 4344 3639 4399 dux

404 4415 455 4513 et
481 4435 755 4502 prophetia
777 4449 796 4487 :
825 4441 874 4487 et
905 4442 1131 4502 ungctur
1163 4429 1389 4485 Sanctus
1416 4438 1752 4492 sanctorum,
1802 4440 1850 4482 et
1882 4445 1971 4482 σο·
2002 4427 2046 4483 D
2073 4439 2140 4494 de
2194 4415 2493 4494 femoribus
2542 4436 2664 4507 ejus
2712 4437 2758 4470 "
2782 4475 2798 4504 ,
2855 4436 3006 4490 venit
3063 4437 3207 4490 enim
3258 4436 3344 4490 cui
3406 4437 3643 4506 reposita

406 4534 615 4605 gnoscet
638 4525 943 4595 intelligens
965 4523 1029 4577 ab
1051 4524 1197 4578 exitu
1227 4523 1368 4577 verbi
1399 4521 1706 4591 respondere
1727 4529 1777 4580 et
1801 4521 1972 4590 cedi/i-

405 4601 526 4698 care
549 4618 848 4674 Jerusalem
873 4605 1049 4690 usque.
1062 4619 1131 4672 ad
1159 4618 1431 4674 Christum
1454 4619 1637 4672 ducem
1663 4619 1971 4688 septimana:

403 4712 679 4787 sqaginta
706 4711 827 4767 duae
850 4729 868 4766 :
893 4722 942 4782 et
961 4707 1317 4778 convertatur,
1349 4724 1398 4766 et
1427 4710 1840 4781 recedi/imbitur
1861 4710 1975 4780 pla-

405 4815 486 4858 tea
513 4813 562 4858 et
593 4788 796 4871 murus,
846 4814 895 4858 et
925 4804 1318 4858 evacuabuntur
1364 4813 1598 4872 tempora
1622 4819 1640 4856 :
1669 4815 1717 4859 et
1746 4814 1864 4871 post
1889 4820 1970 4858 se-

402 4880 664 4964 ptimanos
691 4895 968 4965 sexaginta
994 4896 1130 4950 duas
1156 4895 1390 4949 interibit
1420 4894 1620 4958 unctio,
1637 4903 1686 4950 et
1702 4893 1970 4961 judicium

401 5001 502 5063 non
525 4974 603 5040 est
629 4985 686 5038 in
712 5000 796 5039 ea.
862 4986 1141 5043 Civitatem
1177 4996 1354 5042 autem
1380 4996 1429 5040 et
1455 4995 1696 5039 sanctum
1725 5003 1966 5040 carrum.

401 5062 630 5146 pelicum
671 5078 803 5146 duce
843 5062 1110 5149 veniente,
1157 5087 1208 5132 et
1245 5077 1516 5136 excidatur
1558 5078 1612 5130 in
1648 5076 1881 5141 diluvio,
1915 5089 1964 5132 et

401 5181 561 5236 usque
592 5165 662 5220 ad
699 5149 855 5236 ﬁnem
901 5167 1024 5221 belli
1052 5166 1248 5220 concisi
1290 5166 1580 5220 interitus:
1611 5172 1660 5218 et
1684 5164 1965 5233 conﬁrma-

401 5253 471 5306 bit
501 5263 869 5310 testamentum
902 5256 1082 5314 multis
1116 5257 1412 5325 septimana
1454 5272 1560 5316 una
1580 5297 1596 5321 ,
1625 5264 1680 5310 et,
1714 5256 1769 5307 in
1797 5255 1957 5308 dimi-

400 5341 486 5394 dio
528 5343 835 5411 septimana:
883 5342 1096 5405 tolletur
1150 5343 1505 5412 sacriﬁcium,
1552 5351 1602 5395 et
1651 5341 1871 5407 libatio,
1911 5355 1961 5396 et

400 5431 578 5496 pinum
599 5450 760 5503 usque
787 5435 859 5489 ad
887 5435 1389 5491 consummationem
1417 5433 1795 5504 festinationis.
1835 5435 1962 5491 Post

401 5521 513 5574 hac
541 5525 787 5592 sequitur
819 5541 998 5581 sermo
1029 5541 1190 5596 quem
1225 5524 1581 5596 exposuimus
1607 5524 1687 5580 sic
1713 5520 1916 5592 habens
1945 5545 1957 5580 :

1113 5646 1166 5697 ’³.
1192 5643 1321 5703 ibid.
1356 5643 1408 5697 8.

1521 5643 1565 5674 "
1602 5640 1732 5700 Dan.
1771 5658 1821 5696 Ix
1846 5683 1862 5711 ,
1893 5643 1983 5705 2-7.

2070 4531 2235 4603 860
2261 4539 2433 4584 erant.
2502 4527 2632 4584 Post
2655 4543 2817 4599 quem
2849 4528 3066 4582 excisus
3095 4537 3178 4582 est
3219 4526 3272 4580 in
3299 4528 3502 4582 diluvio
3543 4543 3643 4597 po-

2073 4622 2232 4692 pulus
2261 4635 2434 4690 usque
2467 4618 2533 4673 ad
2568 4619 2728 4672 linem
2776 4617 2898 4672 belli
2941 4617 3144 4673 concisi
3180 4633 3342 4687 super
3364 4633 3478 4672 eos.
3536 4619 3640 4673 Sed

2071 4712 2156 4768 his
2187 4709 2555 4767 accidentibus
2593 4709 2700 4764 illis
2721 4749 2737 4776 ,
2779 4709 3123 4763 confirmavit
3169 4707 3313 4764 Deus
3345 4719 3641 4764 testamen-

2072 4811 2186 4856 tum
2213 4799 2398 4854 multis
2432 4799 2488 4853 in
2527 4797 2828 4868 septimana
2863 4813 2970 4852 una
3000 4815 3014 4852 :
3050 4797 3104 4852 in
3128 4797 3287 4867 cujus
3323 4799 3640 4868 septimana:

2074 4892 2301 4948 dimidio
2349 4905 2565 4950 cessare
2610 4888 2740 4948 fecit
2791 4889 3072 4945 incensum
3100 4929 3117 4955 ,
3161 4900 3214 4945 ct
3255 4891 3554 4958 sacrificia,
3585 4903 3640 4946 et

2074 4985 2354 5054 templum,
2389 4983 2556 5054 quod,
2585 4982 2841 5048 arbitror,
2874 4997 2904 5037 a
2931 4983 3096 5052 pinna
3121 4983 3440 5048 nominavit,
3469 4986 3638 5039 inter-

2073 5078 2275 5132 iturum
2314 5089 2488 5145 usque
2531 5074 2597 5128 ad
2641 5073 3166 5135 consummationem
3194 5075 3247 5131 in
3273 5075 3633 5141 festinatione,

2071 5166 2288 5237 quando
2332 5175 2386 5220 et
2438 5165 2691 5220 derelicta
2759 5172 2844 5218 est
2898 5165 3249 5234 peccantibus
3302 5165 3382 5220 eis
3439 5165 3634 5220 domus

2069 5272 2280 5315 eorum.
2323 5255 2456 5322 Quae
2498 5261 2678 5311 autem
2727 5265 3030 5324 sequuntur
3078 5256 3131 5311 in
3186 5263 3332 5310 textu
3374 5255 3632 5320 Dauielis,

2067 5351 2210 5404 sicut
2241 5346 2908 5418 potuimus,exposuimus.
2946 5345 3070 5402 Haec
3099 5357 3277 5401 autem
3305 5348 3487 5402 omnia
3519 5348 3630 5401 visa

2068 5448 2196 5494 sunt
2227 5438 2385 5494 nobis
2409 5451 2476 5491 ex
2505 5436 2722 5492 Danielc
2747 5436 2903 5505 juxta
2935 5437 3433 5507 interpretationem
3466 5455 3631 5495 evan-

2069 5529 2224 5600 gelici
2273 5537 2452 5584 textus
2495 5541 2786 5597 opponere,
2844 5537 2903 5582 ut
2949 5529 3359 5586 manifestcmus
3409 5532 3628 5588 verbum

2060 5645 2104 5675 ἐ
2141 5643 2269 5707 ibid.
2377 5633 2822 5706 ’έῡίιηεικήὶὶει
2847 5659 2996 5715 seqq.
3106 5645 3152 5678 ’⁸
3178 5644 3322 5707 Psal.
3358 5664 3538 5715 um,
3575 5652 3625 5703 li.
