4052 6304
395 259 532 314 1039

1570 261 1896 333 amassis
1934 261 2002 317 IN
2040 262 2455 322 narramus

3516 254 3711 310 £660

393 378 544 448 quod
576 379 655 434 ait
683 378 702 410 ‘
733 396 750 437 ι
784 378 919 434 Cum
944 378 1182 434 videritis
1207 379 1653 436 abominationem
1677 381 1967 438 desolatio-
1993 385 2042 447 Α
2068 390 2299 452 possunt
2341 380 2639 437 ascendere
2670 378 2841 435 verbo
2869 378 2941 434 ad
2962 378 3161 434 altiora
3182 417 3200 443 ,
3253 372 3705 444 reexphcemus

394 471 501 534 uis,
535 470 678 541 quod
704 469 902 523 dictum
927 479 1005 524 est
1024 486 1116 540 per
1142 469 1415 526 Danielem
1456 473 1791 543 prophetam,
1823 486 1973 530 stan-

396 571 503 615 tem
541 562 598 615 in
627 560 742 614 loco
762 571 969 626 sancto,
996 562 1089 631 qui
1107 560 1233 633 legit
1258 563 1550 633 intelligat.

464 649 556 703 41.
597 647 749 702 Nunc
781 656 964 703 autem
1015 648 1197 718 ipsum
1239 657 1448 705 textum
1480 651 1756 724 Evangelii
1792 654 1976 709 decla~

396 755 603 795 remus.
656 738 909 795 Diximus
937 749 1084 795 stare
1120 740 1342 811 quidem
1377 742 1432 796 in
1476 743 1599 799 loco
1629 755 1822 800 sancto
1844 745 1978 799 abo-

395 832 750 888 minationem
783 831 1162 895 desolationis.
1195 833 1498 906 principem
1524 850 1649 892 esse
1688 837 1784 907 qui
1810 835 1977 892 Jeru-

394 925 565 981 salem
595 924 958 980 circumdedit
990 926 1258 981 exercitu.
1322 925 1511 997 Itaque
1551 929 1814 998 quoniam
1856 944 1979 998 pes-

394 1016 537 1071 sima
582 1016 932 1087 contigerunt
966 1017 1053 1072 his
1101 1018 1196 1089 qui
1242 1028 1375 1075 tunc
1420 1019 1640 1076 fuerant
1682 1022 1735 1076 in
1768 1019 1977 1087 Judaaa,

395 1107 522 1163 ilco
564 1108 679 1164 haec
724 1107 908 1164 futura
952 1110 1283 1180 prophetam
1332 1112 1537 1182 populo
1583 1111 1851 1169 Dominus
1890 1113 1978 1168 di-

395 1201 473 1255 cit
498 1201 520 1231 ί
554 1220 569 1255 :
603 1199 749 1256 Tunc
784 1202 877 1273 qui
916 1202 971 1257 in
999 1201 1193 1258 ludam
1224 1213 1382 1267 sunt,
1428 1205 1638 1276 fugiunt
1671 1206 1725 1261 in
1757 1216 1976 1261 montes.

398 1289 466 1345 Et
507 1292 635 1346 talia
688 1290 914 1348 fuerunt
962 1309 1086 1364 qua:
1124 1294 1476 1364 contigerunt
1501 1296 1556 1350 in
1589 1304 1832 1366 tempore
1864 1296 1978 1362 illo,

399 1390 462 1436 ut
503 1383 575 1438 ita
620 1382 890 1450 dicamus,
944 1393 1003 1439 ut
1046 1384 1141 1454 qui
1172 1393 1317 1440 esset
1343 1401 1507 1455 super
1535 1395 1736 1442 tectum
1761 1386 1979 1456 domus,

400 1487 511 1527 non
543 1472 767 1529 haberet
792 1484 1009 1544 tempus
1029 1474 1360 1531 descendere
1386 1485 1441 1531 et
1472 1478 1661 1533 tollere
1688 1479 1890 1548 aliquid
1915 1479 1983 1534 de

401 1564 566 1620 domo
610 1580 741 1631 sua;
775 1573 831 1620 et
861 1566 956 1635 qui
987 1565 1040 1620 in
1070 1581 1205 1637 agro
1227 1576 1377 1631 erat,
1413 1584 1520 1623 non
1571 1581 1754 1640 posset
1786 1571 1981 1626 reverti

404 1657 460 1711 in
488 1658 761 1712 civitatem
809 1667 863 1713 et
902 1659 1093 1715 tollere
1118 1662 1504 1717 vestimentum
1535 1680 1719 1719 suum.
1773 1664 1839 1718 Et
1871 1680 1980 1719 non

2076 474 2147 529 ab
2191 473 2350 528 initio
2394 470 2673 542 proposita
2720 469 3000 540 Evangelii
3029 467 3194 523 verba
3215 506 3233 532 ,
3269 474 3326 520 et
3352 460 3700 520 secundum

2074 564 2222 636 quod
2249 577 2549 633 possumus
2577 575 2920 632 exponamus
2966 559 3158 614 eadem
3191 557 3389 612 iterum
3432 551 3706 623 spirita-

2075 655 2221 710 liter.
2276 656 2344 710 Et
2375 653 2610 723 primum
2659 652 2881 723 quidem
2932 648 3301 719 suscipiamus
3325 644 3561 701 verbum
3606 643 3697 698 de

2076 746 2488 802 abominatione
2534 743 2895 802 desolationis
2944 751 3124 799 stante
3169 741 3225 797 in
3269 739 3393 795 loco
3438 746 3687 794 sancto.

2078 837 2245 893 Debet
2266 838 2414 895 enim
2445 836 2541 906 qui
2575 836 2709 906 legit
2735 835 2968 905 diligens
2993 847 3139 899 esse,
3170 839 3225 886 et
3248 830 3578 899 intelligere,
3614 837 3690 880 ut

2078 944 2190 984 non
2219 928 2517 983 seducatur
2537 942 2571 982 a
2595 924 2956 982 desolationis
2984 921 3410 979 abominatione.
3477 916 3688 974 Locus

2079 1021 2245 1092 igitur
2274 1029 2499 1077 sanctus
2533 1017 2890 1089 intelligibilis
2911 1025 2995 1072 est
3014 1015 3196 1072 omnis
3219 1013 3386 1068 dictio
3408 1010 3686 1080 Scriptu-

2079 1130 2155 1169 rse
2185 1115 2403 1179 divinae,
2454 1128 2620 1184 quam
2664 1112 2833 1167 locuti
2873 1119 3003 1167 sunt
3045 1107 3220 1164 sancti
3254 1105 3531 1177 prophetat
3557 1102 3682 1172 qui

2079 1204 2304 1262 fuerunt
2330 1221 2363 1260 a
2391 1205 2613 1272 saeculo,
2647 1204 2882 1274 Moyses,
2914 1212 2970 1259 et
2998 1209 3122 1273 post
3142 1215 3268 1255 eum
3298 1195 3500 1253 caeteri.
3532 1193 3678 1249 Non

2081 1298 2260 1353 solum
2284 1305 2465 1351 autem
2485 1335 2502 1361 ,
2537 1297 2632 1352 sed
2662 1295 2828 1351 etiam
2860 1292 3027 1349 dictio
3052 1290 3506 1362 evangelistamm
3526 1328 3542 1352 ,
3571 1288 3678 1341 vel

2081 1386 2453 1457 apostolorum
2486 1384 2614 1441 Iesu
2644 1383 2872 1439 Christi.
2913 1381 2972 1437 in
3014 1381 3122 1436 hoc
3151 1394 3284 1449 ergo
3311 1378 3435 1432 loco
3465 1385 3681 1431 saneto

2082 1479 2329 1533 omnium
2348 1478 2756 1547 Scripturarum
2780 1485 2891 1530 tam
2909 1472 3120 1530 Veteris
3137 1469 3470 1526 Testamenti
3492 1483 3676 1538 quam

2081 1567 2242 1631 Novi,
2268 1568 2665 1633 Antichristus,
2708 1568 2856 1637 quod
2884 1574 2970 1621 est
3000 1564 3199 1619 falsum
3218 1560 3479 1624 Verbum,
3508 1559 3682 1614 stetit

2086 1659 2403 1729 frequenter
2441 1674 2538 1729 per
2571 1659 2677 1714 hoc
2718 1657 2898 1727 ipsum
2947 1655 3094 1726 quod
3142 1662 3290 1708 stare
3340 1651 3559 1705 videtur
3608 1649 3678 1702 in

402 1758 523 1804 erat
549 1757 683 1805 tunc
713 1757 929 1820 tempus
958 1751 1379 1820 misericordia,
1439 1771 1616 1826 neque
1645 1772 1809 1827 super
1839 1773 1980 1828 prae-
2013 1729 2054 1784 Β
2086 1749 2384 1820 Scripturis
2407 1747 2645 1815 divinis,
2682 1749 2981 1804 ostendens
3018 1761 3079 1801 se
3100 1744 3262 1815 quasi
3303 1743 3378 1799 sit
3400 1741 3578 1807 Deus,
3612 1748 3684 1796 et

403 1845 658 1907 gnantes,
689 1854 866 1909 neque
894 1854 1059 1909 super
1082 1840 1367 1908 lactantes,
1394 1859 1569 1913 neque
1602 1861 1767 1915 super
1800 1845 1981 1900 inlan-

405 1938 489 1985 tes
537 1945 747 1985 earum.
809 1932 933 1987 Ideo
974 1932 1108 1988 dicit
1155 1934 1439 2005 (quantum
1470 1937 1538 1991 ad
1570 1937 1733 1992 verba
1785 1939 1931 2008 dico)
1965 1956 1981 1995 :

414 2020 507 2076 Vw
547 2023 977 2092 praegnantibus,
1021 2034 1071 2078 et
1113 2026 1466 2081 nutrientibus
1491 2029 1546 2082 in
1577 2028 1690 2082 illis
1708 2029 1901 2084 diebus
1937 2032 1980 2086 ³.

406 2110 473 2167 Ει
503 2114 659 2183 quasi
710 2114 775 2169 ad
821 2113 1041 2171 Judmos
1072 2117 1333 2187 loquens,
1361 2119 1455 2190 qui
1484 2120 1894 2176 arbitrabantur
1925 2122 1981 2176 in

406 2204 647 2260 Sabbato
674 2221 780 2260 non
813 2216 1067 2276 oportere
1094 2210 1179 2263 vel
1208 2226 1389 2280 agere,
1425 2213 1505 2265 vel
1531 2213 1812 2268 ambulare
1840 2213 1985 2268 viam

406 2297 642 2365 amplius
675 2313 840 2367 quam
873 2307 958 2353 est
1001 2297 1225 2355 Sabhati
1274 2301 1403 2366 iter,
1440 2301 1562 2356 ideo
1602 2302 1735 2357 dicit
1774 2321 1787 2358 :
1825 2301 1988 2359 Orate

405 2395 584 2440 autem
635 2404 697 2441 ne
742 2389 839 2458 ﬁat
896 2389 1023 2460 fuga
1052 2401 1223 2444 vestra
1254 2392 1308 2445 in
1353 2392 1541 2460 hieme,
1569 2394 1647 2447 rel
1681 2394 1913 2450 Sabbato
1944 2396 1984 2450 ‘.

408 2478 525 2534 Non
562 2482 740 2536 solum
788 2483 932 2537 enim
984 2483 1038 2538 in
1074 2481 1316 2539 Sabbato
1338 2524 1353 2548 ,
1401 2486 1494 2540 sed
1528 2486 1692 2540 etiam
1724 2488 1777 2542 in
1811 2488 1990 2545 hieme

408 2573 710 2640 pessimum
738 2584 856 2629 erat
883 2574 1116 2629 salutem
1141 2590 1386 2645 qmerere
1415 2591 1512 2646 per
1539 2575 1746 2647 fugam.
1803 2577 1992 2634 Refer-

412 2673 502 2718 tur
533 2675 716 2720 autem
757 2666 827 2721 ab
860 2653 946 2721 his
974 2666 1066 2738 qui
1092 2666 1374 2723 Iudaicam
1424 2669 1707 2724 historiam
1741 2671 1990 2726 conscri-

409 2766 639 2825 pserunt
665 2757 730 2813 de
762 2758 868 2815 illis
898 2775 1020 2830 qua:
1048 2768 1178 2815 tunc
1203 2762 1570 2833 contigerunt,
1600 2763 1858 2832 quoniam
1891 2765 1993 2819 tri-

412 2846 619 2902 bulatio
666 2864 862 2919 magna
914 2848 1057 2904 facta
1102 2859 1189 2905 est
1238 2853 1473 2921 populo,
1504 2855 1683 2923 qualis
1709 2870 1990 2926 nunquam

412 2937 515 2992 fuit
544 2938 615 2993 ab
650 2938 806 2994 initio
830 2939 1020 2995 mundi
1051 2955 1228 3010 usque
1256 2942 1321 2995 ad
1356 2950 1569 3012 tempus
1607 2943 1843 3010 Christi,
1894 2945 1991 3001 sed

2083 1841 2242 1912 quasi
2288 1841 2404 1912 ipse
2447 1842 2519 1896 sit
2545 1840 2800 1897 Christus
2844 1838 2990 1895 Deus
3024 1835 3284 1900 Verbum,
3326 1843 3384 1889 et
3432 1834 3552 1902 ipse
3579 1846 3680 1888 ess

2086 1934 2423 1989 abominatio
2457 1932 2833 1990 desolationls.
2895 1929 2991 1986 Est
3035 1929 3183 1986 enim
3231 1926 3548 1996 frequenter
3580 1924 3676 1977 vi-

2083 2031 2214 2087 dere
2238 2029 2293 2085 in
2320 2026 2887 2100 argumentationibus
2932 2025 3115 2096 impiis
3157 2025 3477 2094 dogmatum
3515 2019 3671 2089 apud

2086 2123 2373 2179 haereticos
2411 2121 2555 2175 hanc
2584 2117 3046 2175 abominationem
3078 2112 3462 2178 desolationis,
3495 2111 3549 2164 id
3583 2119 3678 2164 est

2085 2214 2482 2270 Antichristum
2531 2212 2755 2267 verbum
2800 2209 3039 2275 falsum,
3076 2204 3538 2262 abominationem
3570 2201 3675 2256 de-

2087 2308 2353 2364 solantem
2381 2322 2412 2361 a
2440 2305 2550 2361 Deo
2576 2318 2796 2360 omnem
2825 2303 3103 2359 hominem
3129 2299 3223 2371 qui
3250 2295 3515 2366 receperit
3541 2307 3670 2347 eam

2090 2399 2145 2452 in
2180 2414 2240 2453 se
2263 2395 2726 2453 abominationem
2761 2393 3143 2448 adversantem
3189 2389 3440 2452 veritati,
3485 2385 3668 2441 estol-

2088 2489 2287 2544 lcntem
2321 2502 2381 2542 se
2409 2501 2575 2556 super
2606 2500 2769 2541 omne
2799 2483 3027 2539 verbum
3056 2482 3201 2551 quod
3226 2489 3314 2536 est
3339 2488 3483 2535 extra
3505 2490 3670 2538 eum,

2090 2579 2234 2650 quod
2288 2578 2648 2632 annuntiatur
2715 2589 2839 2631 esse
2887 2573 3235 2630 extollentem
3291 2585 3350 2626 se
3396 2576 3449 2623 et
3494 2580 3667 2633 super

2091 2685 2255 2726 omne
2300 2669 2524 2725 verbum
2556 2667 2689 2732 Dei,
2742 2666 2890 2739 quod
2938 2664 3319 2735 unusquisque
3345 2659 3455 2733 (8‘2)
3484 2656 3673 2713 homi—

2092 2776 2223 2815 num
2254 2760 2435 2815 colere
2463 2759 2597 2824 vult,
2649 2758 2765 2814 sive
2786 2772 2934 2821 vere,
2972 2756 3089 2811 sive
3136 2751 3491 2809 mendaciter.
3527 2745 3675 2801 Nam

2094 2852 2530 2922 unumquodque
2570 2849 2953 2904 haereticorum
2983 2847 3181 2917 dogma
3212 2859 3321 2899 non
3367 2840 3546 2897 solum
3574 2852 3666 2891 ve-
3726 2862 3739 2870 -

2096 2944 2245 3000 ritati
2273 2943 2619 3007 adversatur,
2653 2940 2748 2996 sed
2774 2939 2938 2995 etiam
2973 2937 3186 2993 ceteris
3214 2931 3557 3003 dogmatibus
3588 2928 3652 2984 si-

414 3042 513 3084 nec
543 3038 729 3099 postea
760 3029 874 3084 fieri
910 3039 1091 3100 potest
1115 3040 1174 3085 ut
1202 3033 1325 3088 talis
1372 3032 1451 3087 eis
1496 3036 1816 3105 contingat,
1858 3051 1989 3106 pro-
2016 3059 2062 3120 ο
2096 3036 2295 3090 militer
2316 3033 2487 3090 falsis.
2517 3034 2584 3088 Et
2609 3031 2871 3103 quoniam
2905 3030 2985 3086 sic
3005 3026 3303 3120 extollitur,
3333 3033 3391 3080 ut
3415 3023 3577 3120 etiam

416 3128 598 3189 pterea
630 3120 772 3189 quod
795 3121 913 3175 ausi
936 3131 1063 3175 sunt
1088 3138 1283 3177 manus
1310 3122 1511 3178 inferre
1541 3125 1594 3179 in
1614 3141 1799 3180 verum
1829 3127 1991 3182 Chri-

416 3222 561 3267 stum
593 3211 704 3277 Dei,
757 3211 916 3281 cujus
946 3213 1263 3284 mysterium
1288 3224 1342 3268 et
1370 3230 1565 3270 nomen
1595 3232 1643 3271 ν.
1664 3232 1864 3273 ncrans
1897 3217 1997 3273 Da-

416 3302 506 3356 vid
529 3341 546 3366 ,
582 3301 799 3358 dicebat
841 3303 909 3358 de
954 3300 1117 3358 Saule
1148 3315 1508 3375 persequente
1557 3315 1611 3365 et
1658 3308 1906 3364 occidere
1938 3324 1997 3364 se

416 3395 634 3449 volente
664 3412 676 3448 :
716 3392 841 3448 Non
867 3394 1103 3459 inficiunt
1130 3411 1317 3449 manus
1343 3412 1485 3452 meas
1512 3399 1566 3454 in
1597 3399 1866 3454 Christum
1899 3400 1999 3454 Do-

418 3485 553 3538 mini
575 3484 617 3539 '.
653 3483 1037 3540 Prmcisionem
1069 3496 1247 3540 autem
1279 3486 1488 3541 dierum
1517 3488 1731 3543 illorum
1759 3489 1996 3545 futuram

344 3605 350 3611 -
418 3584 644 3643 propter
692 3574 892 3630 electos
926 3573 1019 3628 Dei
1069 3575 1162 3645 qui
1201 3576 1430 3631 credunt
1464 3577 1517 3632 in
1547 3577 1861 3648 Christum,
1897 3581 1998 3636 ³1)-

418 3662 810 3718 breviationem
860 3663 1213 3734 intelligimus
1261 3664 1471 3720 dierum
1526 3667 1766 3724 illorum.
1844 3669 2000 3727 Tunc

422 3765 603 3811 autem
640 3756 693 3809 in
729 3770 927 3825 magna
973 3755 1284 3811 calamitate
1322 3757 1521 3826 populo
1564 3760 1894 3828 constituto,
1945 3769 2000 3815 et

419 3848 608 3904 electis
633 3847 727 3916 qui
756 3856 884 3902 sunt
911 3846 965 3901 in
989 3846 1175 3902 Jndtea
1204 3848 1440 3918 pericula
1468 3849 1816 3919 patientibus,
1842 3850 1998 3907 multi

422 3939 740 3993 seductores
775 3937 1072 3993 dicebant:
1108 3938 1242 3993 Ecce
1275 3940 1360 3993 hic
1385 3939 1652 4006 Christus,
1698 3958 1814 3997 ecce
1863 3942 1996 3999 illic.

420 4030 573 4098 Quos
624 4031 916 4086 observare
977 4031 1182 4087 docens
1244 4032 1541 4102 discipulos
1606 4049 1738 4094 suos
1788 4034 2003 4089 dicebat

423 4132 554 4179 tunc
579 4123 600 4155 ‘
641 4142 655 4179 :
692 4122 754 4179 Si
799 4124 916 4193 quis
950 4124 1092 4178 vobis
1139 4125 1386 4178 dixerit:
1420 4124 1557 4179 Ecce
1601 4125 1688 4180 hic
1731 4124 1996 4191 Christus,

420 4231 537 4269 ecce
562 4215 709 4275 illic,
738 4214 903 4269 nolite
928 4215 1155 4269 credere.
1205 4214 1429 4287 Surgth
1480 4217 1617 4270 enim
1653 4217 1997 4287 pseudochri-

426 4308 498 4361 sti
524 4317 572 4361 et
597 4307 1078 4377 pseudoprophette.
1116 4316 1165 4360 et
1193 4307 1393 4361 dabunt
1420 4308 1574 4378 signa
1598 4325 1791 4379 magna
1810 4320 1858 4363 et
1881 4325 2003 4379 pro-

2098 3126 2298 3197 templo
2327 3124 2732 3195 Scripturarnm
2754 3122 2962 3189 sedeat,
2988 3136 3087 3192 per
3113 3119 3291 3190 ipsum
3308 3114 3593 3183 templum.
3616 3107 3669 3164 id

2095 3227 2180 3274 est
2205 3232 2301 3289 per
2317 3217 2462 3287 ipsas
2479 3215 2809 3284 Scripturas,
2826 3213 3013 3269 volens
3029 3227 3089 3268 se
3103 3208 3390 3267 ostendere
3411 3202 3666 3274 quoniam

2097 3311 2215 3382 ipse
2255 3325 2382 3365 vere
2411 3318 2495 3364 est
2523 3307 2668 3362 Deus
2697 3306 2956 3370 Verbum,
2994 3318 3211 3373 semper
3255 3314 3388 3369 ergo
3415 3295 3505 3367 qui
3533 3292 3668 3382 divi-

2098 3381 2200 3455 nas
2225 3398 2353 3469 legit
2380 3396 2717 3468 Scripturas,
2752 3393 3020 3464 intelligat
3049 3388 3424 3457 eas,maxime
3455 3381 3668 3454 quando

2096 3490 2295 3545 viderit
2337 3487 2802 3544 abominationem
2850 3480 3227 3545 desolationis,
3277 3475 3573 3535 secundum
3605 3486 3666 3525 ea

2099 3595 2221 3651 quae
2245 3578 2508 3643 diximus,
2542 3584 2775 3632 stantem
2805 3574 2858 3628 in
2882 3587 2949 3629 eo
2982 3584 3148 3642 quem
3170 3566 3527 3638 exposuimus
3551 3562 3669 3617 loco

2100 3680 2293 3728 sancto
2321 3678 2635 3726 sanctarum
2668 3666 3095 3737 Scripturarum.
3127 3662 3231 3730 Qui
3252 3668 3433 3718 autem
3466 3656 3668 3720 intelle-

2100 3761 2242 3816 xerit
2261 3757 2670 3825 eum,destruet
2691 3772 2815 3812 vera
2848 3754 3163 3819 traditione,
3197 3750 3251 3807 id
3282 3758 3366 3807 est
3402 3745 3667 3804 illumina-

2100 3852 2248 3906 tione
2269 3851 2534 3905 adventus
2554 3846 2759 3903 Christi
2792 3845 2888 3916 qui
2925 3851 3011 3900 est
3032 3843 3255 3907 veritas,
3288 3854 3414 3896 eum
3450 3837 3663 3893 verbum

2100 3944 2193 4015 qui
2215 3943 2269 3998 in
2292 3942 2475 3998 alieno
2494 3941 2615 3997 loco
2637 3949 2829 3996 sancto
2863 3947 3008 3997 stare
3036 3936 3270 3999 videtur,
3287 3941 3341 3988 et
3368 3930 3665 4000 intelligens

2101 4035 2262 4090 talem
2316 4031 2776 4087 abominationem
2830 4025 3209 4091 desolationis,
3259 4023 3471 4078 irritam
3515 4019 3667 4075 faciet

2100 4140 2242 4188 eam,
2259 4133 2315 4179 et
2329 4121 2509 4192 ejiciet
2530 4136 2561 4175 a
2586 4120 2709 4175 loco
2727 4126 2916 4174 sancto
2939 4117 3119 4183 inquo
3141 4125 3287 4170 stare
3308 4110 3542 4167 videtur.
3564 4104 3667 4160 Ma-

2102 4213 2247 4267 xime.
2266 4220 2447 4267 autem
2473 4210 2718 4265 destruet
2736 4222 2860 4263 eum
2884 4204 3137 4260 Christus
3157 4202 3254 4273 qui
3275 4199 3518 4271 loquitur
3537 4195 3588 4251 in
3603 4208 3665 4250 ec

2102 4320 2292 4359 verum
2334 4303 2541 4357 lumen.
2575 4299 2684 4355 Isle
2720 4307 2900 4352 autem
2938 4294 3215 4357 Christus,
3237 4292 3283 4348 si
3306 4293 3360 4344 in
3380 4288 3564 4357 aliquo
3586 4284 3664 4339 lo-

421 4398 592 4468 tltgt'a.
654 4396 844 4453 Dicere
872 4406 1052 4451 autem
1086 4398 1210 4467 quis
1242 4405 1421 4467 potest
1451 4408 1546 4453 aut
1579 4398 1856 4454 Simonem
1884 4400 1999 4455 Ma-
2032 4391 2075 4447 D
2105 4405 2307 4467 quatur
2333 4395 2547 4450 volente.
2566 4392 2756 4447 audire
2784 4396 2840 4447 et
2867 4386 3196 4459 prodilicari,
3216 4398 3326 4439 non
3348 4380 3664 4440 inﬁrmatur,

422 4508 552 4559 gum
589 4490 629 4553 ⁷,
667 4490 757 4561 qui
789 4489 1003 4545 dicebat
1052 4504 1112 4544 se
1139 4505 1261 4545 esse
1288 4488 1554 4545 Virtutem
1588 4490 1679 4546 Dei
1724 4508 1999 4562 magnam,

422 4588 522 4635 aut
550 4580 596 4635 si
620 4580 744 4650 quis
772 4578 822 4634 ei
853 4578 1050 4633 similis
1076 4578 1196 4642 fuit,
1234 4579 1493 4633 seducere
1527 4580 1735 4645 volens,
1793 4582 1837 4636 si
1871 4598 1999 4652 pos-

423 4672 585 4726 sibile
614 4680 781 4736 esset,
811 4681 864 4725 et
895 4671 1117 4726 electos.
1171 4669 1298 4725 Hinc
1321 4671 1712 4739 prtuvenicntcs
1741 4671 2002 4740 diximus,

427 4777 537 4816 non
587 4762 905 4831 adjicicntes
953 4763 1008 4818 in
1048 4765 1152 4818 hoc
1195 4762 1320 4817 loco
1369 4762 1530 4817 aliam
1578 4764 1999 4832 expositionem,

427 4854 532 4908 nisi
579 4869 698 4908 eam
730 4871 851 4923 qua:
884 4856 1182 4910 secundum
1231 4862 1436 4910 textum
1472 4863 1587 4919 est,
1637 4865 1857 4925 pI-Opter
1904 4873 2001 4912 eos

426 4946 522 5016 qui
552 4946 842 5001 traditione
870 4948 1104 5017 simplici
1131 4948 1491 5014 delectantur,
1522 4956 1580 5002 ut
1608 4964 1729 5018 quae
1751 4949 2005 5005 videntur

425 5042 509 5093 eis
544 5038 694 5094 utilia
730 5037 1072 5105 diceremus,
1101 5039 1361 5110 quoniam
1393 5040 1508 5095 hwc
1537 5039 1802 5096 Dominus
1827 5041 2003 5097 futura

427 5129 765 5200 prophetans
796 5128 1057 5200 praescius
1082 5130 1327 5186 veritatis
1356 5130 1628 5199 exposuit.

500 5222 592 5279 η.
637 5223 693 5278 Si
725 5232 904 5278 autem
937 5231 1151 5293 oportet
1194 5231 1414 5294 propter
1462 5238 1560 5279 eos
1604 5222 1698 5293 qui
1736 5221 1923 5276 volunt
1955 5232 2010 5278 et

2105 4490 2266 4561 861
2285 4488 2378 4544 sed
2408 4501 2571 4541 omne
2604 4483 2799 4538 falsum
2839 4480 3086 4542 verbum,
3107 4475 3252 4547 quod
3280 4485 3364 4529 est
3394 4468 3667 4568 abomina-

2109 4581 2184 4633 tio
2209 4574 2566 4633 desolationis
2605 4582 2759 4628 stans
2801 4571 2856 4625 in
2899 4570 3019 4625 loco
3063 4574 3253 4623 sancto
3290 4572 3343 4618 et
3384 4561 3577 4618 sedens
3615 4561 3662 4612 in

2112 4670 2315 4740 templo
2347 4667 2465 4734 Dei,
2491 4665 2636 4736 quod
2666 4673 2750 4722 est
2789 4661 3182 4725 Antichristus,
3240 4655 3526 4712 interlieiet
3562 4650 3666 4722 spi-

2110 4764 2219 4819 ritu
2252 4761 2366 4816 oris
2417 4759 2503 4815 sui
2555 4773 2653 4827 per
2688 4771 2786 4812 eos
2828 4754 2923 4826 qui
2981 4768 3041 4812 se
3092 4747 3424 4822 praebuerint
3454 4757 3665 4815 capaces

2108 4853 2303 4925 ipsius.
2362 4848 2516 4916 Quod
2556 4848 2780 4904 verbum
2829 4845 3029 4901 falsum
3059 4842 3370 4913 frequenter
3405 4852 3513 4892 non
3552 4844 3662 4898 stat,

2106 4948 2202 5006 sed
2224 4945 2385 5001 etiam
2418 4940 2568 4996 sedet
2601 4939 2655 4993 in
2681 4937 2906 5008 templo,
2941 4933 3163 5006 quando
3203 4929 3363 5002 quasi
3391 4925 3665 4984 rationabi-

2105 5042 2229 5096 liter
2255 5047 2309 5092 ct
2344 5037 2481 5091 bene
2507 5038 2880 5088 constructum
2898 5030 3133 5085 videtur.
3159 5025 3262 5092 Qui
3286 5031 3469 5077 autem
3496 5017 3662 5073 vident

2111 5131 2257 5186 hanc
2310 5123 2774 5181 abominationem
2844 5117 3223 5182 desolationis,
3272 5116 3344 5171 ita
3377 5119 3437 5167 ut
3469 5108 3662 5181 possint

2090 5222 2174 5279 'de
2195 5238 2258 5278 ea
2284 5222 2465 5276 dicere
2487 5232 2504 5272 :
2528 5215 2649 5270 Non
2675 5214 2814 5269 enim
2841 5211 3095 5267 uenatias
3120 5208 3235 5278 ejus
3265 5209 3585 5278 ignoramus,
3613 5199 3658 5253 in

504 5396 519 5427 ³
552 5393 742 5451 Matth.
772 5409 920 5459 xxtv,
952 5393 1037 5450 15.
1119 5393 1140 5425 ³
1166 5391 1306 5448 ibid.
1340 5389 1424 5445 16.
1501 5390 1522 5422 ⁸
1549 5388 1681 5445 ibid.
1716 5389 1801 5445 19.
1877 5387 1898 5421 ⁵
1928 5389 1990 5444 ibi

2092 5388 2175 5443 ΞΟ.
2249 5382 2749 5456 “Regum”.
2824 5370 3439 5443 ‘Matth.xx1v,23,2h.
3514 5368 3656 5421 Ἀρι.

432 5478 550 5530 vm,
575 5465 629 5530 9,
666 5466 747 5523 l0.

2190 5575 2195 5580 ⁸
3388 5562 3401 5585 Ρ

502 5609 616 5690 (8⁵2)
656 5611 860 5667 Locum
901 5615 980 5671 sic
1011 5622 1250 5679 restitue,
1301 5612 1438 5683 quod
1471 5612 1820 5666 aituuntiatur
1855 5625 1964 5664 esse
2004 5606 2207 5662 verbum
2249 5607 2341 5661 Dei
2395 5603 2727 5660 extolle'tem
2769 5616 2819 5656 se
2850 5608 2898 5654 et
2940 5611 3096 5665 super
3140 5608 3289 5649 omne
3332 5585 3468 5660 quod
3508 5596 3653 5690 unus-

434 5694 671 5749 qutsqne,
702 5692 805 5738 etc.

3508 5686 3547 5711 ἢ..
