4052 6304
333 318 468 375 ῒϐὒἿ

1468 320 2124 393 (ΖΟΜΜΕΝΤΛΜΟΒΠΜ
2164 322 2408 382 SERIES

3458 329 3596 417 race

331 448 403 488 eo
437 431 568 487 dum
599 430 788 504 legunt
815 431 1176 502 intelligent‘es
1201 448 1327 504 qua:
1363 448 1489 490 vera
1521 444 1672 501 sunt,
1704 435 1918 506 fugiant
1946 439 1991 498 Α
2019 434 2196 501 lestis,
2224 452 2331 493 non
2364 447 2671 495 revertatur
2697 446 2860 495 retro.
2893 436 3007 493 Non
3032 437 3195 497 enim,
3219 441 3596 495 taut‘uuuuodo

334 523 561 591 falsum,
587 532 642 580 et
666 525 921 581 recedant
950 524 1040 580 ubi
1057 540 1154 580 eos
1185 527 1533 583 mendacium
1559 527 1917 598 comprehen-

333 614 471 670 dere
525 629 638 670 non
692 614 913 670 valebit.
945 613 1066 692 Non
1115 625 1297 673 autem
1331 625 1513 687 potest
1558 619 1920 688 comprehen-

332 707 468 762 dere
493 702 839 761 mendacium
879 721 977 762 eos
1011 706 1104 777 qui
1136 722 1205 763 ex
1235 705 1447 772 Iudaea,
1475 707 1678 777 littera,
1703 706 1920 778 fugiunt

330 797 403 852 ad
440 795 708 866 spiritalia
755 805 811 852 et
871 796 1256 869 intelligibilia,
1289 808 1345 854 et
1372 799 1636 855 sublimes
1674 798 1919 857 veritatis

331 898 574 944 montes.
612 885 680 942 Ut
720 896 903 942 autem
954 889 1325 961 intelligamus
1355 907 1371 946 :
1398 889 1637 962 Fugiunt
1677 892 1734 944 in
1770 906 1921 975 mon-

334 992 416 1035 tes
451 980 497 1044 ⁸,
514 977 703 1049 accipe
741 979 1048 1053 exemplum
1083 981 1229 1051 quod
1265 980 1469 1037 dicitur
1519 980 1811 1037 manifeste
1851 981 1921 1038 de

334 1071 465 1141 fuga
491 1070 773 1133 laudabili,
802 1071 964 1140 quale
989 1079 1070 1127 est
1091 1073 1239 1143 quod
1264 1073 1343 1129 ait
1369 1073 1674 1143 Apostolus
1700 1082 1722 1114 ο
1755 1092 1770 1130 :
1804 1071 1922 1128 Fu-

335 1163 444 1233 gite
467 1161 892 1231 fornicationem,
923 1169 978 1217 et
1015 1163 1160 1233 quod
1192 1163 1275 1219 ait
1323 1163 1604 1235 Sapientia
1631 1165 1674 1196 ¹⁰
1706 1182 1720 1219 :
1750 1163 1920 1230 Quasi

335 1269 370 1306 α
400 1252 536 1322 facie
561 1252 817 1320 serpentis
843 1250 965 1322 fuge
1010 1261 1307 1321 peccatum,
1341 1253 1426 1308 vel
1455 1254 1623 1325 quale
1650 1263 1738 1310 est
1766 1254 1915 1325 quod

336 1342 394 1396 i-n
431 1342 695 1414 mysterio
727 1342 861 1398 dicit
885 1340 1126 1399 Rebecca
1150 1343 1316 1400 Iacob
1350 1345 1393 1377 ¹¹
1424 1361 1439 1398 :
1472 1345 1607 1401 Ecce
1634 1344 1781 1401 Esau
1806 1346 1920 1416 fra-

337 1445 418 1488 ter
433 1443 551 1488 tuus
570 1433 807 1489 minatur
821 1435 1055 1490 occidere
1095 1446 1163 1490 te.
1193 1435 1352 1490 Nunc
1378 1452 1522 1508 ergo,
1548 1436 1652 1506 fili,
1679 1438 1808 1492 audi
1837 1453 1921 1492 eo-

336 1540 449 1579 cem
471 1539 662 1589 meam,
707 1532 756 1578 et
798 1541 1016 1597 surgens
1037 1526 1159 1597 fuge
1182 1526 1255 1581 ad
1280 1525 1465 1582 Laban
1493 1527 1716 1597 fratrem
1747 1544 1921 1583 meum

337 1612 400 1666 in
462 1611 693 1677 Carran,
742 1620 793 1666 et
847 1612 1032 1669 habita
1080 1615 1314 1668 cumillo
1359 1614 1559 1686 aliquot
1587 1615 1723 1683 dies,
1755 1616 1919 1670 donec

339 1713 618 1758 avertatur
658 1705 746 1757 ira
806 1703 996 1775 fratris
1034 1706 1135 1761 tui.
1166 1705 1235 1762 Et
1278 1705 1481 1769 omnis,
1511 1705 1773 1773 arbitror,
1823 1707 1917 1777 qui

340 1795 489 1850 illius
527 1803 613 1851 est
657 1792 849 1864 Iacob,
869 1810 1035 1866 opera
1075 1810 1468 1852 consummans
1498 1795 1685 1860 Jacob.
1714 1797 1917 1853 intelli-

338 1896 475 1951 gens
520 1897 736 1937 omnem
795 1897 1006 1938 morem
1052 1883 1311 1940 odibilem
1342 1883 1473 1950 Deo,
1496 1888 1590 1957 qui
1625 1894 1712 1942 est
1742 1885 1914 1955 Esau,

341 1969 481 2040 fugit
509 1970 667 2042 quasi
717 1970 1049 2044 intelligens.
1109 1970 1166 2027 Si
1219 1981 1403 2028 autem
1433 1988 1543 2028 non
1588 1972 1762 2047 fugiat
1788 1991 1914 2032 eum

338 2061 435 2131 qui
460 2062 791 2118 fornicarius
815 2071 900 2119 est
928 2071 984 2119 et
1012 2063 1253 2134 pollutus
1281 2064 1424 2120 sicut
1456 2064 1625 2132 Esau,
1655 2076 1710 2123 et
1754 2069 1915 2138 quasi

338 2168 449 2208 non
484 2152 697 2224 fugiens
725 2152 890 2225 Esau,
918 2153 1012 2209 sed
1056 2154 1378 2211 cohabitans
1408 2156 1480 2220 ei,
1521 2173 1630 2212 non
1674 2158 1736 2213 fit
1771 2159 1915 2216 filius

334 2241 511 2299 Iacob
533 2244 628 2314 qui
652 2242 864 2315 fugerat
885 2258 1032 2301 eum.
1067 2242 1188 2314 Ipse
1227 2253 1410 2301 autem
1439 2246 1610 2303 Jacob
1663 2248 1916 2307 babitans

339 2348 466 2387 cum
503 2332 690 2387 Laban
744 2331 953 2388 utiliter
998 2332 1103 2403 sibi
1124 2341 1179 2388 et
1207 2334 1601 2405 dispensationi
1641 2353 1764 2408 qua:
1800 2351 1918 2395 erat

340 2425 639 2481 secundum
668 2418 864 2489 Deum,
906 2424 1195 2482 abscondit
1237 2441 1332 2482 cor
1367 2442 1549 2495 suum,
1586 2438 1644 2484 ut
1677 2445 1786 2486 non
1815 2447 1914 2486 au-
1943 2485 1946 2488 .

340 2514 619 2570 nuntiaret
649 2514 700 2569 ei
749 2516 1013 2585 quoniam
1070 2516 1331 2588 fugiebat,
1371 2528 1424 2573 et
1455 2518 1696 2591 fugiebat
1719 2521 1834 2592 ipse
1862 2531 1919 2577 et

339 2609 526 2662 omnia
553 2606 693 2676 ejus.
726 2605 935 2662 Bonum
962 2615 1194 2679 estergo
1225 2608 1411 2679 fugere
1438 2610 1600 2665 etiam
1639 2627 1669 2666 a
1705 2611 1914 2680 Laban,

341 2696 746 2752 aconsiliatore
796 2695 1100 2765 carnalium
1140 2697 1559 2768 qualitatum,in
1586 2701 1787 2771 quibus
1815 2703 1914 2757 ha-

343 2787 608 2843 bitantem
656 2804 766 2844 non
795 2797 1010 2860 Oportet
1055 2804 1375 2862 permanere
1401 2792 1455 2846 in
1484 2794 1583 2861 eis,
1609 2795 1702 2850 sed
1727 2793 1917 2868 fugere

342 2896 468 2934 cum
499 2881 649 2935 omni
698 2881 864 2937 demo
921 2896 1043 2938 sua.
1069 2881 1206 2939 Nam
1236 2894 1292 2942 et
1317 2887 1362 2943 si
1400 2886 1634 2942 voluerit
1658 2887 1914 2959 persequi

342 2979 463 3041 post
496 2986 642 3034 eum,
681 2970 825 3027 Deus
875 2972 1032 3029 illum
1067 2985 1275 3032 avertet
1315 2992 1346 3032 a
1393 2976 1725 3049 fugientibus
1762 2993 1915 3043 eum,

343 3070 424 3128 ut,
447 3062 549 3117 etsi
571 3063 1191 3133 comprehenderit‘eum
1221 3070 1570 3139 postmodum
1595 3070 1912 3141 aliquando,

345 3155 479 3219 nihil
510 3152 637 3208 mali
670 3151 852 3210 facere
885 3155 937 3211 ei
964 3162 1139 3227 possit
1163 3160 1872 3232 fiducialiterpronuntianti
1899 3178 1914 3215 :

345 3249 498 3318 Apud
526 3263 678 3316 quem
702 3248 959 3305 inveneris
989 3250 1110 3306 deos
1128 3259 1269 3319 tuos,
1282 3268 1383 3307 non
1408 3255 1544 3308 vivat
1570 3255 1627 3307 in
1641 3262 1918 3322 conspectu

347 3340 578 3409 fratrum
608 3352 912 3396 nostrorum
941 3356 967 3397 :
988 3359 1235 3415 cognosce
1266 3346 1393 3417 quid
1427 3355 1636 3400 tuorum
1669 3359 1745 3402 est
1775 3348 1918 3418 apud

347 3447 448 3496 nte,
473 3438 521 3486 et
569 3432 744 3503 accipe
782 3433 847 3487 “.
881 3431 992 3489 Nec
1024 3434 1170 3489 enim
1191 3436 1448 3506 cognosci
1473 3438 1672 3506 poterit
1702 3438 1912 3509 aliquid

347 3523 489 3593 apud
517 3522 690 3579 Iacob
719 3524 788 3580 de
817 3526 984 3581 rebus
1014 3524 1221 3581 Laban.
1254 3525 1313 3581 ln
1342 3527 1426 3583 his
1444 3543 1572 3599 ergo
1592 3530 1921 3600 evangelii-is

349 3613 511 3668 dictis
540 3629 663 3684 qua:
683 3613 737 3669 in
774 3616 1027 3686 praesenti
1061 3624 1382 3678 tractamus,
1415 3614 1714 3685 imperatur
1737 3626 1795 3673 ut
1827 3619 1921 3688 qui

349 3711 693 3775 cognoscunt
721 3704 1182 3761 abominationem
1208 3698 1564 3761 desolationis
1598 3714 1833 3761 stantem
1866 3707 1919 3762 in

350 3795 470 3850 loco
496 3802 710 3858 sancto,
741 3795 1120 3866 intelligantin
1144 3809 1211 3850 eo
1230 3792 1359 3849 dum
1386 3794 1589 3866 legunt,
1624 3804 1686 3850 ut
1716 3795 1926 3867 fugiant

352 3889 406 3941 in
438 3896 670 3942 montes.
704 3886 805 3953 ui
838 3902 968 3958 ergo
1001 3889 1056 3942 iu
1103 3887 1196 3943 tali
1229 3885 1416 3961 Iudaea
1452 3904 1615 3959 quam
1660 3889 1924 3954 diximus,

350 3977 405 4033 id
433 3976 590 4033 estin
623 3986 902 4035 vetustate
942 3980 1152 4044 litterae,
1186 3979 1527 4035 constitutus.
1560 3981 1811 4048 habetur,
1843 3980 1928 4036 fu—

352 4069 464 4137 giat
514 4069 568 4122 in
623 4077 834 4125 montes
887 4070 1209 4140 spiritalium
1252 4070 1574 4126 novitatum.
1611 4068 1675 4125 Et
1716 4073 1762 4127 si
1803 4071 1927 4142 quis

353 4163 609 4217 inventus
673 4161 838 4218 fuerit
880 4161 1194 4218 ascendisse
1237 4177 1403 4232 super
1447 4170 1647 4217 tectum
1676 4163 1928 4229 verbi,et

356 4259 503 4307 stare
552 4251 606 4306 in
657 4250 876 4322 fastigio
902 4251 1277 4307 :mlitlcationis
1319 4250 1463 4321 ejus,
1497 4266 1605 4306 non
1634 4253 1929 4308 desccndat

352 4342 476 4396 inde
513 4343 808 4397 occasione
846 4350 903 4397 ut
942 4340 1153 4397 auferat
1179 4341 1385 4411 aliquid
1432 4343 1499 4396 de
1543 4341 1708 4397 domo
1729 4358 1843 4398 sua»
1866 4354 1923 4399 et

2019 525 2110 580 ille
2135 526 2231 596 qui
2255 527 2425 584 mittit
2455 543 2679 584 manum
2717 527 2772 583 in
2815 535 2949 583 arat:
2966 542 3081 594 um,
3107 534 3162 582 ct
3196 542 3449 583 reversus
3483 528 3598 584 fue-

2018 614 2091 670 rit
2111 624 2278 683 retro,
2306 631 2414 672 non
2441 627 2526 674 est
2548 627 2711 690 aptus
2742 631 2911 685 regno
2940 614 3057 681 Dei,
3091 615 3186 670 sed
3218 615 3383 671 etiam
3408 617 3505 686 qui
3538 616 3593 671 in

2017 722 2150 781 agro
2183 716 2268 764 est
2300 724 2465 780 quem
2516 708 2862 774 tradidimus,
2896 715 2951 762 et
2973 720 3234 761 reversus
3259 705 3423 761 fuerit
3446 715 3596 761 retro

2019 813 2189 854 causa
2223 812 2417 854 eorum
2450 815 2572 870 quae
2622 806 2943 870 oportuerat
2972 796 3245 863 oblivisci,
3283 796 3404 853 sine
3428 796 3597 852 dubio

2019 890 2263 948 incurret
2289 890 2347 947 in
2381 890 2848 947 abominationem
2882 887 3261 950 desolationis,
3313 887 3366 942 id
3412 895 3496 942 est
3533 889 3586 943 in

2018 979 2393 1036 seductionem
2417 980 2568 1035 verbi
2605 978 2887 1034 mendacis
2918 993 2934 1032 :
2964 985 3020 1033 et
3051 975 3288 1031 maxime
3314 977 3361 1032 si
3393 978 3597 1049 spolia-

2017 1070 2158 1125 verit
2203 1084 2263 1125 se
2317 1070 2706 1127 vestimentum
2746 1083 2907 1125 suum
2953 1075 3130 1132 vetus,
3170 1066 3222 1123 id
3246 1075 3331 1123 est
3355 1076 3593 1123 veterem

2021 1161 2297 1217 hominem
2337 1178 2461 1218 cum
2514 1162 2729 1218 actibus
2757 1159 2900 1230 ejus,
2952 1167 3006 1215 et
3056 1159 3255 1214 iterum
3296 1174 3595 1215 conversus

2019 1250 2195 1309 fuerit
2216 1262 2366 1310 retro
2410 1254 2601 1310 tollere
2645 1254 3030 1308 vestimentum
3075 1267 3257 1306 suum.
3302 1249 3597 1321 Diligenter

2019 1357 2150 1414 ergo
2195 1344 2456 1400 debemus
2503 1345 2800 1408 attendere,
2846 1357 2915 1398 ne
2967 1341 3106 1397 forte
3147 1341 3354 1411 aliquid
3405 1357 3595 1396 eorum

2019 1449 2143 1506 quas
2168 1443 2298 1490 sunt
2342 1436 2622 1502 deorsum,
2658 1445 2711 1490 et
2746 1443 2874 1489 sunt
2901 1433 2955 1487 in
2985 1433 3171 1498 domo,
3218 1433 3449 1488 velimus
3498 1433 3596 1490 de-r

2023 1526 2349 1593 scendentes
2381 1527 2590 1589 tollere,
2638 1534 2732 1580 aut
2754 1526 3004 1581 relictum
3036 1525 3416 1579 vestimentum
3449 1532 3597 1579 retro

2020 1625 2267 1687 repetere
2321 1617 2692 1686 relinquentes
2738 1630 2957 1686 agrum,
3010 1623 3064 1670 et
3119 1617 3371 1671 conversi
3424 1625 3593 1683 retro,

2021 1721 2145 1762 cum
2174 1707 2540 1763 debueramus
2589 1715 2841 1777 appetere
2876 1722 2940 1762 ea
2990 1721 3115 1776 qua:
3141 1716 3267 1761 sunt
3306 1708 3515 1777 priora,
3539 1717 3594 1765 et

2022 1797 2270 1853 oblivisci
2318 1798 2643 1869 posteriora,
2706 1809 2763 1852 et.
2804 1811 2982 1867 neque
3027 1804 3172 1853 stare
3200 1797 3255 1851 in
3307 1798 3487 1868 aliqua
3512 1815 3601 1854 re-

2022 1888 2183 1958 gione
2201 1889 2315 1956 illa,
2343 1889 2437 1945 sed
2473 1889 2527 1943 in
2562 1896 2748 1943 monte
2775 1887 3001 1954 salvari,
3021 1895 3084 1943 ut
3110 1903 3219 1943 non
3245 1890 3601 1959 comprehen-

2021 1978 2221 2036 damur
2248 1995 2372 2034 cum
2418 1979 2505 2034 his
2535 1978 2631 2049 qui
2668 1986 2799 2034 sunt
2821 1977 3089 2034 combusti
3112 1988 3333 2049 propter
3353 1978 3501 2049 quod
3541 1980 3602 2033 in

2024 2069 2280 2127 Sodomis
2303 2080 2431 2126 sunt
2460 2069 2865 2140 comprehensi.
2952 2074 2983 2101 "

2090 2162 2182 2216 45.
2231 2160 2316 2216 Va:
2332 2171 2508 2216 autem
2523 2158 2924 2232 'pra‘gnantibus
2948 2169 2999 2215 et
3023 2159 3376 2215 nutrientibus
3400 2160 3450 2213 iu
3484 2158 3597 2214 illis

2021 2252 2202 2307 diebus
2259 2253 2323 2306 ¹⁹.
2367 2251 2635 2319 Quoniam
2684 2262 2812 2307 sunt
2856 2263 2909 2306 et
2945 2252 3142 2322 aliqua:
3174 2250 3370 2305 animae
3412 2252 3600 2305 conci-

2021 2343 2230 2413 pientes
2287 2342 2697 2412 generationes,
2752 2340 3124 2397 manifestavit
3181 2341 3441 2411 propheta
3514 2341 3599 2396 di-

2021 2448 2152 2488 cens
2176 2434 2218 2465 ”
2256 2451 2269 2487 :
2302 2436 2348 2488 Α
2370 2433 2556 2487 timore
2584 2442 2694 2500 tuo,
2729 2431 2969 2497 Domine,
2992 2433 3046 2485 in
3071 2441 3218 2485 utero
3243 2432 3597 2501 concepimus,

2021 2533 2069 2579 et
2093 2526 2496 2594 parturiuimus,
2532 2533 2580 2577 et
2603 2523 2901 2594 peperimus
2957 2525 3208 2594 spiritum
3232 2523 3421 2578 salutis
3444 2539 3601 2592 quem

2023 2615 2195 2685 fecisti
2226 2631 2382 2686 super
2407 2624 2623 2669 terram.
2645 2611 2800 2669 Sicut
2822 2614 2966 2669 enim
2994 2615 3047 2668 in
3068 2614 3466 2684 praegnantibus
3484 2613 3607 2668 for-

2023 2717 2202 2763 matur
2227 2716 2281 2762 et
2310 2706 2572 2777 figuratur
2596 2722 2805 2771 semen,
2828 2706 2906 2762 sic
2932 2715 2986 2760 et
3029 2707 3084 2761 in
3107 2706 3290 2760 anima
3322 2721 3446 2776 qua:
3501 2721 3565 2760 su
3589 2733 3602 2746 -

2022 2800 2182 2870 scipit
2197 2798 2442 2865 verbum,
2465 2797 2723 2869 paulatim
2764 2797 3035 2853 formatur
3063 2806 3117 2852 et
3166 2798 3431 2868 figuratur
3467 2811 3601 2851 con-

2023 2891 2199 2961 ceptio
2227 2889 2375 2945 verbi
2415 2888 2470 2942 in
2519 2904 2604 2944 ea.
2650 2888 2717 2945 Et
2757 2888 2861 2944 hoc
2887 2897 3019 2960 puto
3044 2889 3227 2944 dicere
3270 2886 3499 2942 Paulum
3531 2885 3598 2939 ad

2028 2978 2245 3033 Galatas
2286 2978 2327 3010 "
2378 2995 2396 3033 :
2443 2976 2576 3035 Filii
2621 2982 2722 3035 mei
2763 2982 3107 3052 quositerum
3137 2981 3404 3051 parturio,
3438 2980 3602 3034 donec

2022 3069 2280 3139 formetur
2325 3067 2569 3123 Christus
2621 3068 2677 3122 in
2710 3070 2874 3124 vobis.
2931 3069 2988 3123 In
3028 3068 3269 3140 Epistula
3307 3070 3374 3125 ad
3410 3067 3609 3124 Timeo

1972 3158 1988 3199 7'
2021 3163 2207 3216 ιιιειιιιι
2234 3158 2278 3192 ¹⁶
2301 3159 2438 3214 dicit
2472 3158 2615 3214 idem
2666 3158 2981 3216 salvandam
3016 3160 3299 3214 mulierem
3340 3175 3432 3230 per
3463 3159 3600 3225 filio-

2020 3266 2139 3304 rum
2183 3249 2601 3321 generationem,
2656 3249 2704 3303 si
2742 3248 3091 3318 permanserit
3127 3249 3184 3302 in
3222 3248 3349 3318 ﬁde,
3384 3256 3436 3303 et
3470 3247 3613 3302 dileo

2020 3341 2215 3409 ctione,
2263 3350 2313 3395 et
2369 3339 2658 3395 sanctitate
2687 3355 2808 3393 cum
2837 3339 3106 3393 castitate.
3138 3336 3271 3405 Quae
3305 3349 3390 3396 est
3419 3347 3613 3395 autem

2023 3434 2141 3490 haec
2163 3432 2380 3501 mulier,
2414 3431 2521 3489 nisi
2554 3432 2737 3488 anima
2760 3447 2882 3503 quae
2902 3433 3128 3488 verbum
3159 3431 3397 3503 concipit
3430 3431 3526 3487 Dei
3550 3441 3610 3489 et

2020 3523 2293 3591 veritatis,
2323 3530 2380 3578 et
2403 3522 2546 3592 parit
2578 3537 2743 3592 opera
2770 3523 2913 3576 bona
2941 3521 3142 3577 similia
3172 3520 3391 3576 Christo
3416 3520 3439 3575 ἵ
3466 3518 3607 3574 lrrar

2023 3612 2283 3669 tionabile
2306 3619 2487 3667 autem
2517 3621 2601 3666 est
2624 3611 2941 3666 existimare
2976 3610 3044 3664 de
3090 3609 3335 3664 sensibili
3376 3625 3611 3681 genera-

2027 3703 2175 3758 tione
2201 3703 2410 3758 dictum
2446 3703 2596 3774 quod
2638 3701 2716 3756 ait
2746 3700 2790 3732 η
2820 3717 2835 3754 :
2868 3697 3068 3753 lfulier
3097 3698 3315 3753 seducta
3365 3699 3421 3752 in
3462 3714 3605 3767 pro»

2024 3793 2403 3847 uaricationem
2435 3790 2583 3861 facta
2606 3798 2708 3856 est,
2736 3788 2883 3845 salva
2922 3796 3095 3842 autem
3126 3787 3226 3842 erit
3259 3803 3352 3857 per
3374 3788 3606 3855 ﬁliorum

2025 3885 2435 3955 generationem,
2459 3885 2507 3938 si
2536 3879 2886 3955 permanserit
2920 3879 2977 3933 in
3005 3878 3130 3949 ﬁde,
3158 3887 3207 3932 et
3231 3877 3616 3942 dilectione,“

2026 3962 2313 4030 sanctitate
2342 3991 2461 4028 cum
2520 3974 2788 4028 eastitate.
2821 3970 3035 4025 Animae
3082 3983 3215 4039 ergo
3245 3983 3364 4039 quae
3397 3969 3614 4023 naviter:

2028 4074 2392 4139 susceperunt
2416 4067 2642 4122 verbum
2668 4107 2687 4131 ,
2713 4073 2769 4121 et
2820 4064 3000 4120 adhuc
3029 4069 3372 4133 praegnantes
3401 4062 3619 4117 constié—

2028 4170 2178 4228 tulze,
2227 4162 2459 4217 necdum
2501 4157 2969 4213 fructificaverunt
3002 4153 3055 4208 in
3086 4167 3153 4207 eo
3178 4151 3234 4205 in
3261 4159 3417 4206 utero
3441 4151 3624 4204 intel—~

2027 4253 2305 4324 ligibiliter
2340 4253 2629 4318 habentes,
2668 4265 2776 4304 non
2806 4254 3041 4320 possunt
3069 4244 3339 4300 sustinere
3370 4252 3627 4298 stantem:

2030 4341 2230 4398 inloco
2257 4353 2447 4398 sancto
2470 4340 2848 4395 adversantem
2885 4335 3100 4390 veritati
3146 4348 3477 4395 sermonem,
3513 4349 3610 4387 ne-

349 4435 531 4490 vadat.
564 4434 710 4489 Nihil
737 4435 883 4489 enim
915 4448 1052 4505 opus
1072 4433 1293 4489 habebit
1326 4448 1555 4489 manens
1589 4433 1642 4488 in
1675 4443 1839 4499 tecto,
1871 4443 1924 4491 et
1955 4443 2136 4503 D-que
2184 4441 2331 4488 stare
2403 4432 2704 4502 quominus
2771 4428 3103 4484 seducantur
3155 4423 3629 4495 persuasionibus.

352 4528 711 4583 abstinensse
742 4544 809 4583 ne
835 4528 1055 4599 quando
1079 4526 1205 4583 inde
1245 4527 1561 4583 descendat.
1588 4526 1656 4582 Et
1686 4527 1730 4583 si
1763 4527 1927 4585 fuerit

352 4618 473 4688 quis
508 4619 736 4689 inagro,
761 4620 874 4675 sive
899 4619 1041 4674 ineo
1064 4619 1117 4673 in
1168 4633 1278 4689 quo
1310 4619 1660 4675 absconditus
1685 4627 1778 4675 est
1807 4619 1928 4674 the-

353 4725 572 4776 saurus,
621 4709 765 4766 sicut
820 4709 1085 4765 Dominus
1137 4709 1213 4764 ait
1246 4709 1301 4765 in
1348 4710 1607 4780 paralwla
1639 4710 1874 4781 quadam
1905 4725 1934 4763 τε

353 4809 458 4857 ειιιιΔ
500 4801 678 4871 qualis
722 4799 822 4857 fuit
854 4816 984 4872 ager
1015 4801 1103 4856 ille
1140 4799 1312 4856 incol)
1337 4801 1552 4872 plenus,
1588 4802 1675 4855 cui
1707 4800 1926 4856 assimi-

350 4893 555 4948 lavcrat
593 4906 718 4947 eum
762 4891 1091 4948 benedicens
1132 4899 1283 4961 pater
1337 4891 1531 4962 ipsius,
1564 4902 1619 4946 et
1640 4891 1919 4947 dicens“:

351 4983 486 5039 Ecce
509 4984 641 5039 odor
668 4984 771 5054 filii
803 4984 935 5052 mei,
947 4983 1083 5039 sicut
1113 4984 1245 5038 odor
1273 4986 1392 5055 agri
1424 4983 1740 5055 pleniquem
1773 4982 1925 5037 bene-

351 5075 488 5130 dixit
513 5074 806 5143 Dominus,
828 5075 884 5130 in
906 5090 1015 5145 quo
1041 5090 1173 5166 agro
1201 5075 1501 5166 secundum
1530 5074 1923 5166 spiritglesbe-

354 5166 693 5222 nedictiones
722 5166 887 5237 legis,
913 5165 1256 5222 benedicitur
1283 5165 1473 5222 omnis
1497 5165 1590 5236 qui
1621 5165 1923 5222 secundum

353 5257 522 5329 legem
552 5258 771 5324 vixerit,
797 5258 1012 5315 dicente
1048 5257 1335 5329 Scriptura
1383 5257 1459 5311 “'z
1479 5254 1783 5310 Benedictus
1801 5264 1855 5308 tu
1874 5255 1927 5309 in

356 5350 584 5418 civitate,
626 5349 929 5405 benedictus
979 5357 1037 5403 tu
1070 5350 1125 5403 in
1151 5365 1301 5420 agro.
1330 5346 1435 5415 Qui
1472 5362 1603 5419 ergo
1632 5359 1717 5402 est
1748 5350 1800 5402 in
1833 5348 1926 5403 tali

356 5454 484 5511 agro
516 5441 686 5499 totius
714 5439 1067 5512 plantationis
1095 5456 1259 5509 quam
1296 5439 1562 5512 plantavit
1613 5436 1772 5494 Pater
1815 5452 1928 5496 caa—

2024 4523 2195 4594 862
2214 4524 2353 4593 ejus.
2380 4521 2683 4592 Propterea-
2716 4518 2762 4574 si
2794 4517 3089 4587 aliquando
3138 4513 3619 4569 ahominatiouem

2024 4615 2393 4681 dcsolationis,
2417 4612 2716 4669 secundum
2732 4609 2879 4680 quod
2902 4607 3252 4671 tradidimus,
3278 4614 3512 4660 stantem
3545 4602 3617 4657 ἰιι

2029 4705 2163 4759 ΙοεοΔ
2196 4713 2391 4761 sancto
2439 4702 2637 4757 viderit
2692 4700 2875 4755 auium
2929 4698 2981 4752 in
3024 4695 3455 4759 utero-habens,
3487 4710 3626 4762 quaer

2031 4799 2261 4853 necdum
2289 4793 2635 4851 fructificavit
2665 4808 2731 4848 ex
2757 4791 2960 4856 Verbo,
3001 4788 3233 4844 incurrit
3270 4787 3322 4840 in
3358 4802 3435 4841 rte
3461 4786 3621 4856 quoii

2031 4888 2299 4942 Dominus
2323 4885 2455 4941 dicit
2484 4886 2530 4917 ’°
2566 4904 2577 4939 :
2617 4883 2706 4938 Vw
2726 4881 3141 4952 praegnantibus.
3176 4877 3432 4948 Projieict
3459 4877 3626 4930 enim:

2025 4977 2537 5046 conceptionem,et
2560 4972 2916 5031 evacuabitur
2938 4987 2968 5026 a
2997 4986 3093 5040 Spe
3116 4985 3239 5041 qua:
3268 4978 3347 5025 est
3377 4969 3430 5021 in
3465 4968 3615 5023 acti-

2023 5068 2128 5123 bus
2148 5066 2414 5123 veritatis.
2451 5064 2557 5121 Sed
2579 5072 2634 5120 et
2665 5064 2714 5120 si
2740 5062 2992 5118 videatur
3022 5059 3314 5115 formatum
3344 5068 3400 5113 et
3418 5058 3619 5114 fructi-

2023 5161 2240 5218 ficatum
2281 5162 2528 5225 verbum,
2564 5173 2673 5215 non
2711 5165 2892 5213 autem
2934 5154 3097 5209 fuerit
3124 5153 3426 5209 enutritum
3458 5151 3629 5206 sulliu

2027 5253 2236 5308 eienter
2268 5248 2597 5322 augentibus
2619 5255 2675 5302 et
2708 5259 2966 5315 magnum
3007 5239 3333 5297 facientibus
3362 5255 3488 5293 eum
3514 5255 3619 5293 nu-

2035 5344 2327 5409 trimentis,
2359 5341 2454 5398 sed
2485 5339 2747 5396 manserit
2786 5337 3160 5400 immaturum,
3199 5332 3498 5388 secundum
3533 5329 3608 5385 si-

2034 5436 2394 5492 ruilitudinem
2455 5431 2701 5506 sugentis
2758 5429 2960 5486 factum
3000 5437 3104 5488 est,
3147 5433 3201 5481 ct
3230 5439 3391 5494 super
3419 5422 3623 5493 bujus~

425 5577 447 5609 ⁸
475 5576 664 5657 Matth.
690 5580 947 5657 δίψῃ-16.
1021 5581 1042 5614 ³
1075 5578 1349 5657 lCor._vI,
1376 5580 1489 5657 l8,_
1524 5568 1586 5657 _‘_°
1610 5579 1773 5657 Eccli.
1806 5582 2013 5657 xxt,_2_.
2096 5580 2298 5657 ‘f‘Qen.
2327 5593 2498 5641 xxv",
2528 5575 2761 5657 ini—ML
2805 5575 2847 5606 ¹²
2879 5572 3016 5657 an.
3054 5583 3202 5657 κξξιδ
3396 5566 3603 5657 ’ξ-(ἶςίῃ.

357 5663 528 5710 xxv",
561 5647 652 5704 27.
758 5653 801 5681 ’δ
830 5651 986 5707 Deut.
1032 5666 1224 5717 x-xvm,
1250 5651 1340 5706 55.

361 5718 404 5749 "
429 5718 560 5773 ibid.
597 5718 686 5783 14,
718 5719 785 5775 l5
883 5722 931 5754 ’θ
956 5719 1147 5777 Matth.
1180 5737 1337 5791 sxw.
1374 5720 1464 5776 l9.

1449 5650 1490 5683 ⁸³
1523 5649 1710 5706 Matth.
1740 5668 1888 5721 XXIV,
1908 5649 1915 5657 “
1932 5654 2018 5709 19.

2118 5650 2162 5685 ιο
2192 5651 2294 5706 ιδπ.
2333 5635 2607 5716 mnus.
2719 5646 2761 5678 ιτ
2797 5661 2869 5709 ιν,
2920 5643 3006 5696 to.
3106 5639 3147 5672 η
3180 5635 3201 5694 t
3232 5635 3373 5693 τίιςι.
3415 5653 3474 5703 ιι,
3518 5639 3610 5710 ts.
