4052 6304
513 313 646 369 1663
1699 311 2022 370 ORIGENIS
2061 311 2126 368 IN
2161 310 2574 371 MATTI‘UEUM
2586 331 2588 334 '

3627 305 3777 361 166$

509 431 657 486 modi
701 429 1074 501 generationes
1113 425 1291 482 veniet
1330 425 1473 496 quod
1523 441 1686 496 super
1711 437 1981 498 sugentes.
2012 426 2067 480 Si
2098 431 2143 486 Α
2173 424 2608 482 fornicationem.
2642 425 2709 481 Et
2757 441 2865 479 non
2918 423 3093 478 solum
3130 421 3419 477 fornicatio
3457 421 3634 476 nobis
3687 432 3774 476 est

510 532 716 587 autem,
769 521 911 574 sicut
951 518 1004 572 in
1043 517 1226 572 multis
1265 517 1666 588 exemplaribus
1701 519 1960 588 scriptum
1994 528 2077 573 est

507 631 587 671 ca,-
611 612 933 683 sugentibus,
989 607 1278 663 dicendum
1315 618 1400 664 est
1439 609 1696 678 quoniam
1722 609 1918 664 anima:
1949 617 2078 663 sunt

510 721 632 774 quae
663 705 936 758 laetantur
979 701 1178 766 adhuc,
1213 701 1279 755 ad
1307 716 1445 771 quas
1471 701 1603 756 dicit
1643 701 1941 771 Apostolus
1977 702 2020 732 “
2058 719 2070 754 :

509 798 617 853 Lac
649 795 792 850 vobis
813 803 996 865 potum
1035 792 1156 846 dedi
1194 809 1297 846 non
1331 809 1528 859 escam,
1563 795 1795 846 nondum
1819 793 1955 846 enim
1983 808 2076 861 po-

514 887 724 951 teratis,
775 883 866 938 sed
921 900 1013 937 nec
1056 899 1221 952 usque
1250 881 1422 935 adhuc
1454 883 1692 951 potestis,
1719 881 1891 935 adhuc
1933 882 2074 935 enim

502 978 628 1032 estis
675 975 940 1030 carnales.
987 973 1126 1028 Dicit
1169 981 1348 1028 autem
1394 982 1446 1029 et
1487 973 1617 1028 alibi
1642 975 1722 1026 “z
1750 972 1906 1026 Facti
1947 973 2072 1027 estis

501 1083 632 1138 opus
659 1067 904 1120 habentes
945 1065 1101 1128 lacte,
1126 1074 1174 1116 et
1220 1080 1321 1117 non
1348 1064 1521 1117 solida
1552 1081 1692 1118 esca.
1723 1063 1906 1118 Omnis
1933 1065 2071 1118 enim

499 1158 591 1226 qui
617 1155 750 1209 lacte
788 1155 972 1220 alitur,
1012 1155 1286 1223 imperitus
1313 1166 1388 1208 est
1415 1155 1564 1209 verba
1589 1156 1823 1225 justitiw
1845 1173 2071 1226 :parvu-

499 1248 582 1300 lus
612 1249 748 1299 enim
773 1255 872 1300 est.
905 1245 1024 1300 Istae
1056 1255 1185 1299 sunt
1213 1263 1342 1318 ergo
1365 1245 1562 1300 auimre
1589 1261 1710 1317 quae
1731 1255 1950 1316 propter
1984 1247 2070 1299 in-

501 1339 834 1404 firmitatem,
868 1345 922 1390 et
948 1336 1073 1406 quia
1105 1335 1262 1393 facile
1310 1338 1666 1404 seducuntur,
1699 1352 1806 1392 non
1841 1345 2072 1407 possunt

499 1427 947 1482 inscductihiliter
985 1441 1303 1495 permanere
1343 1427 1396 1480 in
1445 1437 1738 1496 conspectu
1787 1427 2072 1481 abomina-

499 1517 665 1572 tionis
697 1517 1048 1572 desolationis
1093 1517 1286 1571 stantis
1317 1517 1369 1570 in
1407 1517 1528 1572 loco
1562 1527 1751 1572 sancto
1780 1534 1794 1570 :
1834 1518 2069 1573 seducta:

497 1608 642 1663 enim
679 1607 1030 1664 consentiunt
1055 1608 1126 1672 ei,
1161 1617 1346 1677 utpote
1377 1609 1506 1664 Deo.
1541 1607 1607 1663 Et
1634 1618 1718 1664 est
1749 1609 1928 1664 videre
1959 1611 2068 1666 lue-

498 1701 789 1753 reticorum
857 1697 1130 1754 Ecclesias
1193 1700 1380 1769 plenas
1429 1699 1496 1755 de
1528 1700 1890 1755 lamentandis
1931 1718 2066 1771 prte-

2181 517 2455 588 fugienda,
2506 520 2599 573 sed
2641 527 2695 572 et
2728 532 2890 572 omne
2929 526 3225 586 peccatum.
3271 515 3395 569 Ideo
3441 516 3591 570 bene
3628 516 3776 569 dixit

2179 608 2457 678 Scriptura
2485 610 2529 641 ’⁷
2562 629 2575 662 :
2609 609 2774 674 Quasi
2793 627 2824 661 a
2854 609 2990 679 facie
3023 609 3274 678 serpentis
3302 608 3424 677 fuge
3448 616 3768 676 peccatum.

2177 697 2511 768 Frequenter
2559 710 2738 754 autem
2769 701 3023 754 convenit
3055 698 3238 769 fugere
3272 700 3341 753 ab
3373 698 3735 754 Antichristo
3755 740 3771 765 ,

2174 789 2340 843 verbo
2386 799 2437 843 et
2490 787 2611 844 falsi
2668 789 2904 843 nominis
2947 787 3196 851 scientia,
3247 788 3772 854 maximequando

2175 879 2408 934 necdum
2443 881 2522 936 sic
2540 880 2769 934 idoneus
2793 890 2878 935 est
2907 880 3070 933 homo
3091 888 3149 933 ut
3182 878 3376 932 habeat
3398 879 3450 930 in
3479 893 3543 931 se
3570 877 3771 931 Domi.

2174 982 2307 1020 num
2355 979 2693 1036 cperantem,
2736 967 2828 1036 qui
2881 967 3135 1021 interficit
3183 967 3377 1035 spiritu
3428 967 3546 1020 oris
3605 965 3770 1020 sui”

2175 1056 2557 1126 persuasiones
2604 1057 3056 1122 mendaciorum;
3104 1071 3204 1110 nec
3237 1053 3484 1109 ascendit
3527 1053 3603 1108 ad
3639 1068 3766 1108 tan-

2173 1157 2287 1200 tum
2330 1148 2656 1215 altitudinis,
2706 1156 2766 1202 ut
2806 1147 3002 1202 habeat
3043 1147 3094 1200 in
3126 1161 3327 1201 secum
3361 1146 3455 1214 qui
3513 1145 3764 1199 destruit

2173 1240 2568 1297 illuminalione
2605 1243 2868 1298 adventus
2916 1244 3002 1298 sui
3046 1259 3263 1298 omnem
3329 1241 3759 1312 persuasionem

2172 1331 2697 1388 verisimilitudinem
2729 1335 2976 1390 veritatis
3009 1335 3292 1389 habentem
3338 1343 3392 1389 et
3425 1333 3761 1388 assimilan-

2172 1429 2278 1476 tem
2316 1438 2374 1478 se
2400 1423 2633 1478 veritati.
2673 1425 2777 1490 Qui
2818 1435 2998 1480 autem
3027 1425 3182 1496 fugit,
3218 1426 3380 1480 debet
3409 1441 3759 1496 cognoscere

2171 1514 2333 1568 etiam
2363 1514 2541 1568 locum
2572 1515 2636 1568 ad
2661 1531 2821 1585 quem
2869 1515 3054 1587 fugere
3091 1516 3269 1582 debet,
3303 1525 3356 1570 et
3387 1532 3557 1570 orare
3588 1519 3754 1572 etiam

2171 1615 2391 1675 propter
2419 1615 2653 1676 tempus,
2685 1615 2744 1660 ut
2775 1621 2880 1660 non
2913 1607 2968 1660 in
3008 1623 3074 1661 eo
3114 1615 3355 1676 tempore
3389 1606 3570 1677 fugiat
3609 1610 3751 1678 quod

2170 1707 2254 1752 est
2283 1698 2654 1752 adversarium
2691 1695 2850 1766 fugae.
2885 1696 3027 1752 Loca
3063 1712 3192 1768 ergo
3225 1696 3566 1768 fugientibus
3593 1709 3752 1753 erunt

497 1790 812 1860 grtantibus,
867 1791 953 1845 vel
1004 1791 1391 1855 nutrientibus,
1437 1792 1521 1846 vel
1566 1792 1906 1860 sugentibus.
1948 1795 2070 1849 Ple-
2105 1771 2145 1828 Β
2175 1798 2404 1851 montes,
2423 1803 2562 1858 quos
2583 1787 2835 1843 Christus
2858 1789 3117 1855 ostendit,
3141 1789 3329 1843 dicens
3356 1790 3400 1821 ²⁹
3433 1807 3446 1843 :
3482 1787 3636 1842 Tunc
3661 1791 3750 1860 qui

498 1895 728 1949 rumque
757 1878 901 1933 cnim
956 1880 1154 1935 anima:
1197 1895 1320 1951 quae
1373 1886 1439 1934 in-
1457 1879 1700 1936 Ecclesia
1728 1892 2068 1954 praegnantes

494 1969 738 2036 fuerunt,
767 1978 862 2025 aut
910 1970 1233 2037 nutrientes,
1279 1979 1373 2025 aut
1417 1979 1693 2041 sugentes,
1727 1970 1948 2026 fuerunt
1981 1987 2067 2026 se-

493 2062 672 2116 ducta:
701 2077 730 2116 a
761 2060 1116 2118 desolationis
1146 2060 1552 2116 abominatione
1585 2077 1600 2115 :
1629 2070 1684 2116 et
1730 2062 1965 2116 seducta:
1998 2062 2066 2116 ab

489 2167 560 2207 eo
585 2152 748 2208 verbo
775 2151 913 2207 falso
931 2151 1148 2223 quistat
1174 2152 1226 2206 in
1249 2153 1367 2207 loco
1397 2163 1585 2208 sancto
1611 2167 1708 2222 per
1729 2152 1918 2207 falsam
1957 2161 2068 2206 tra-

491 2245 752 2298 ditionem
809 2244 1123 2314 dogmatum
1179 2258 1586 2314 perversorum,
1639 2244 2065 2300 abominationis

492 2333 637 2388 illius
663 2342 1020 2403 susceperunt
1043 2350 1120 2388 var
1149 2335 1293 2404 quod
1331 2349 1360 2388 a
1397 2333 1632 2388 Domino
1650 2333 1851 2389 factum
1878 2343 1962 2390 est
1984 2336 2061 2392 ’λε

501 2423 589 2477 Va:
618 2424 672 2477 in
704 2437 851 2476 utero
901 2423 1210 2478 [tabentibus
1249 2433 1297 2478 et
1329 2425 1698 2479 nutrientibus.
1735 2425 1851 2482 Non
1882 2438 2064 2484 autem

496 2517 956 2585 quandocunque,
1006 2515 1100 2570 sed
1151 2515 1204 2569 in
1265 2515 1458 2571 diebus
1492 2515 1598 2572 illis
1641 2517 2065 2577 abominationis

489 2607 842 2661 desolationis
885 2606 1309 2662 desolationum.
1359 2606 1551 2662 Omnis
1580 2609 1724 2663 enim
1768 2611 1861 2680 qui
1913 2612 2066 2666 audit

487 2697 652 2752 verba
681 2697 1016 2767 iniquitatem
1047 2698 1098 2751 in
1148 2697 1423 2753 excelsum
1457 2699 1820 2769 loquentium,
1853 2710 1908 2756 et
1937 2718 2062 2758 sus-

487 2789 619 2859 cipit
644 2805 706 2845 ea
738 2791 790 2844 in
832 2790 1024 2846 diebus
1045 2789 1185 2862 ejus,
1221 2791 1308 2846 ille
1338 2791 1747 2848 abominatione
1767 2794 2068 2851 desolatiov

489 2882 572 2938 nis
599 2883 852 2939 subditus
892 2885 964 2938 fit.

556 2976 645 3029 44.
667 2975 830 3030 Orate
880 2985 1055 3030 autem
1090 2984 1145 3029 ut
1176 2992 1238 3029 ne
1266 2977 1361 3046 ﬁat
1393 2976 1520 3048 fuga
1563 2989 1735 3033 vestra
1769 2977 1936 3033 hieme
1985 2979 2064 3034 vel

485 3065 740 3121 Sabbato.
778 3065 871 3121 Est
889 3067 1056 3130 enim,
1090 3066 1505 3132 sicutdiximus,
1530 3070 1775 3136 quaedam
1800 3067 1923 3139 fuga
1957 3069 2059 3123 ho-

487 3157 696 3210 minum
756 3156 1056 3211 secundum
1114 3167 1444 3227 przeceptum
1487 3157 1671 3225 Verbi,
1715 3169 1773 3213 ut
1801 3159 1894 3228 qui
1925 3158 2061 3229 fugit

488 3265 612 3318 quae
649 3248 832 3318 fugere
863 3257 1092 3317 oportet,
1128 3250 1320 3304 melior
1350 3250 1419 3306 sit
1445 3265 1510 3305 eo
1534 3251 1626 3320 qui
1663 3267 1770 3305 non
1800 3251 1956 3321 fugit.
1985 3251 2060 3324 [et

485 3341 605 3394 ideo
624 3340 748 3398 talia
765 3349 817 3393 ct
840 3340 1042 3409 majora
1064 3341 1323 3411 delinquit
1342 3356 1436 3411 per
1453 3341 1555 3396 hoc
1571 3342 1713 3410 quod
1744 3357 1849 3396 non
1877 3341 2058 3416 [ιιείιά

484 3433 576 3486 sed
610 3432 960 3502 semetipsum
982 3431 1256 3487 subditum
1279 3431 1405 3489 facit
1438 3434 1790 3504 perdentibus
1817 3436 2056 3492 animam

486 3523 664 3577 utalis.
697 3522 851 3588 Quod
904 3531 988 3577 est
1040 3533 1223 3578 autem
1267 3527 1565 3581 constituta
1601 3527 1727 3597 fuga
1751 3537 1914 3598 atque
1939 3529 2058 3585 lau-

481 3613 674 3668 dabilis
706 3614 989 3670 manifeste
1019 3616 1716 3686 docetApostolus,dicens
1745 3621 1789 3652 “
1816 3639 1828 3675 :
1867 3619 2058 3691 Fugite

483 3706 910 3773 fornicationem.
945 3704 1104 3776 Fugit
1131 3717 1309 3761 autem
1340 3707 1754 3764 fornicationem
1802 3713 1896 3781 qui
1940 3729 2058 3766 om-

482 3813 605 3850 nem
641 3798 985 3852 occasionem
1015 3797 1320 3853 irritantem
1355 3807 1409 3854 et
1442 3809 1828 3859 provocantem
1859 3810 1923 3857 ad
1947 3802 2057 3858 for-

480 3886 773 3940 uicandum
796 3888 981 3955 evitat,
1009 3897 1062 3943 ct
1105 3905 1278 3959 neque
1307 3890 1596 3953 iuvenibus
1647 3896 2052 3962 commiscelur,

477 3976 533 4033 in
570 3988 831 4047 quantum
868 3988 1062 4049 potest,
1119 3996 1186 4036 ne
1229 3983 1368 4037 forte
1410 3995 1766 4040 consumatur
1798 4001 1892 4054 per
1919 4003 2051 4054 eas;

480 4085 656 4139 neque
702 4071 980 4127 descendit
1023 4074 1090 4129 ad
1142 4083 1564 4133 consuetudines
1615 4093 1806 4132 eorum
1839 4079 2049 4143 talium,

479 4163 573 4215 sed
601 4163 796 4216 avertit
829 4179 889 4218 se
914 4165 1139 4219 omnino
1163 4166 1230 4220 ab
1265 4167 1577 4237 hujusmodi
1612 4169 1895 4224 hominum
1919 4185 2054 4223 con~

476 4252 850 4309 eitationibus.
907 4256 1010 4321 Qui
1036 4257 1149 4310 vult
1183 4257 1371 4327 fugere
1400 4258 1840 4324 fornicationem,
1867 4260 2052 4315 audiat

475 4353 530 4396 et
563 4344 691 4397 illud
735 4343 880 4414 quod
920 4345 1118 4399 dicitur
1144 4346 1190 4378 “
1225 4365 1239 4406 :
1269 4345 1398 4400 Cum
1436 4348 1706 4402 saltatrice
1749 4350 1859 4403 noli
1913 4351 2050 4405 assi-

474 4438 610 4491 duus
633 4454 765 4502 esse,
821 4453 882 4490 ne
934 4438 1069 4507 forte
1120 4441 1448 4492 consumuris
1489 4441 1543 4492 in
1595 4440 1876 4494 desideriis
1906 4441 2040 4510 ejus.
2079 4475 2121 4529 ο

474 4525 635 4596 Fugit
658 4535 839 4582 autem
873 4525 1284 4582 fornicationem
1306 4527 1688 4596 abundantius,
1723 4531 1813 4600 qui
1851 4545 2045 4586 accen-

474 4615 666 4672 dentes
705 4626 759 4672 et
804 4617 1145 4674 excitatrices
1193 4619 1417 4673 seminis
1461 4635 1635 4689 escas,
1673 4623 1726 4677 in
1777 4634 2041 4693 quantum

477 4708 640 4773 \alet,
663 4708 852 4772 evitat,
879 4718 933 4763 et
970 4709 1118 4776 vino,
1149 4711 1194 4766 si
1223 4719 1397 4780 potest
1433 4712 1566 4776 fieri,
1602 4729 1708 4769 non
1741 4717 1912 4770 utitur
1943 4718 2043 4772 do-

476 4814 574 4852 m-c
606 4807 849 4854 transeat
875 4800 1170 4856 ferventior
1212 4813 1361 4857 tetas.
1399 4804 1454 4857 Si
1480 4814 1660 4859 autem
1697 4808 1890 4872 utitur,
1926 4825 2043 4864 mo-

471 4888 597 4942 dico
644 4897 828 4944 utatur
861 4893 1159 4946 secundum
1203 4894 1562 4964 apostolicum
1599 4907 1922 4967 prmceptum
1959 4900 2042 4954 di-

470 4996 602 5036 cens
632 4980 918 5037 Timotheo
947 4985 1030 5036 ’σε
1063 4983 1186 5038 lam
1218 4987 1325 5040 noli
1355 5005 1545 5058 aquam
1587 4989 1778 5053 bibere,
1810 4992 1900 5044 sed
1924 4993 2042 5046 vino

472 5073 678 5132 modico
698 5083 843 5126 utere
871 5084 1083 5143 propter
1113 5079 1440 5132 stomachum
1469 5091 1641 5145 tuum,
1668 5091 1718 5135 et
1749 5083 2041 5152 frequentes

473 5177 591 5219 tuas
624 5165 964 5235 inﬁrmitates
1019 5165 1084 5218 Et
1121 5168 1249 5236 quid
1309 5171 1499 5238 plura?
1521 5171 1615 5225 Ille
1637 5181 1719 5228 est
1750 5175 1842 5242 qui
1874 5174 2045 5228 forni-

471 5257 741 5313 cationem
777 5257 932 5328 fugit,
966 5267 1021 5311 et
1048 5275 1260 5328 semper
1296 5260 1478 5331 fugam
1521 5262 1680 5317 istam
1718 5264 2039 5320 laudabilem

471 5359 726 5416 operatur
754 5364 874 5418 qua:
894 5364 923 5403 a
963 5347 1071 5403 Deo
1099 5347 1284 5418 lugere
1319 5365 1425 5403 non
1451 5353 1738 5421 permittit.
1773 5354 2039 5424 Operatur

470 5447 651 5492 autem
703 5437 842 5493 hanc
873 5439 1054 5510 fugam
1091 5439 1182 5510 qui
1221 5450 1502 5509 promptus
1524 5453 1606 5498 est
1635 5444 1700 5498 ad
1732 5444 2038 5515 fugiendam

577 5577 616 5606 "
657 5576 670 5627 I
711 5578 838 5630 Cor.
878 5593 959 5642 Ill,
1005 5579 1059 5633 2.
1165 5584 1208 5614 “
1266 5581 1426 5637 Hebr.

487 5644 712 5676 ul'rz...
766 5665 796 5676 ι,
854 5650 920 5676 an.
1055 5652 1095 5676 υ
1131 5649 1269 5676 L'..-.|:
1325 5671 1412 5676 -.-.-
1464 5660 1471 5676 .-

557 5644 732 5699 lTitn.
766 5665 816 5710 v,
854 5650 941 5702 25.
1055 5652 1095 5681 ³⁷
1131 5649 1293 5705 Eccli.
1325 5671 1434 5709 .\'.ttl.
1464 5654 1516 5706 2.

1165 5584 1208 5614 “
1266 5581 1426 5637 Hebr.
1486 5600 1538 5650 v,
1594 5584 1679 5648 1‘3,
1741 5582 1824 5637 15.
1902 5583 1948 5616 ⁸⁸
1991 5584 2060 5639 Mt

2168 5625 2179 5637 .
2237 5597 2402 5641 xxtv,
2463 5561 2566 5635 ως
2648 5580 2740 5634 ιιι
2781 5579 2906 5634 Cor.
2950 5597 3022 5641 γι,
3075 5580 3154 5634 i8.

1624 5655 1668 5685 ’⁸
1712 5653 1752 5706 ll
1780 5653 1972 5709 'l‘hess.
2044 5672 2102 5716 ιι,
2136 5657 2189 5708 3.

2170 1880 2227 1934 in
2250 1878 2442 1933 Judaza
2462 1888 2604 1943 sunt,
2631 1879 2837 1950 fugiant
2870 1881 2923 1933 in
2959 1887 3178 1933 montes.
3218 1877 3283 1933 Et
3315 1879 3406 1948 qui
3442 1879 3667 1951 fugiunt
3698 1881 3748 1934 in

2171 1971 2305 2025 istos
2350 1980 2561 2026 montes
2611 1971 2795 2026 dicant
2820 1972 3086 2040 psalmum
3126 1970 3390 2041 graduum
3417 1969 3497 2026 sic
3538 1971 3746 2026 haben-

2171 2071 2276 2116 tem
2311 2061 2355 2092 "
2385 2084 2395 2115 :
2428 2060 2616 2116 Levavi
2657 2062 2834 2115 oculos
2875 2079 3013 2116 meos
3048 2064 3102 2116 in
3147 2072 3364 2126 montes,
3411 2061 3549 2116 unde
3580 2064 3743 2116 veniet

2168 2151 2431 2205 auxilium
2491 2152 2642 2206 milii.
2697 2152 2820 2206 Ideo
2879 2161 3056 2206 autem
3115 2153 3251 2207 tollit
3296 2153 3485 2207 oculos
3527 2168 3662 2208 suos
3690 2154 3738 2205 in

2168 2255 2403 2306 montes,
2432 2243 2558 2313 quia
2589 2243 2689 2298 scit
2717 2244 3104 2298 abundantiam
3130 2259 3249 2315 quae
3273 2254 3356 2300 est
3386 2244 3438 2298 in
3463 2245 3741 2299 montibus

2169 2335 2307 2402 illis;
2340 2343 2623 2404 propterea
2650 2335 2783 2390 dicit
2810 2334 2851 2366 ³¹
2887 2353 2900 2390 :
2937 2333 3309 2389 Fundamenta
3335 2335 3451 2404 ejus
3481 2336 3534 2388 in
3588 2351 3734 2387 mon-

2167 2431 2304 2484 tibus
2334 2430 2550 2483 sanctis.
2585 2428 2650 2483 Et
2676 2428 2720 2484 si
2751 2427 2948 2496 fugerit
2973 2428 3026 2481 in
3055 2435 3267 2482 montes
3307 2441 3447 2496 quos
3486 2427 3736 2495 prarcepit

2167 2519 2452 2585 Dominus,
2513 2519 2687 2574 veniet
2735 2521 2800 2573 ad
2849 2519 3026 2573 locum
3052 2527 3321 2585 sanctum,
3357 2517 3409 2571 in
3429 2531 3533 2586 quo
3557 2515 3728 2570 factus

2165 2621 2219 2666 et
2253 2612 2439 2666 videns
2487 2611 2664 2666 \isum
2689 2611 2838 2665 illum
2881 2625 3159 2681 magnum,
3190 2608 3334 2664 dicet
3360 2608 3495 2678 quod
3521 2607 3726 2662 dictum

2163 2714 2247 2758 est
2281 2705 2325 2735 ³¹
2356 2702 2682 2759 :Transiens
2731 2702 2912 2757 ridebo
2938 2703 3107 2756 visum
3159 2700 3295 2754 hunc
3357 2715 3618 2770 magnum.
3663 2695 3731 2751 Et

2162 2795 2258 2865 qui
2292 2795 2603 2865 huiusmodi
2638 2804 2742 2860 est,
2772 2792 2956 2849 audiet
2984 2790 3171 2848 :Solve
3199 2790 3610 2845 calceamentum
3647 2803 3733 2857 pe-

2162 2889 2288 2940 dum
2317 2897 2546 2952 tuorum,
2583 2887 2727 2941 locus
2757 2889 2892 2940 enim
2917 2887 2966 2940 in
2991 2901 3092 2956 quo
3127 2895 3182 2938 tu
3203 2894 3335 2950 stas,
3372 2893 3514 2937 terra
3549 2890 3729 2936 sancta

2162 2990 2237 3034 est
2259 2980 2320 3036 ³³.
2356 2980 2589 3050 Fugiunt
2607 2995 2738 3051 ergo
2761 2981 2814 3034 in
2841 2988 3054 3034 montes
3076 2974 3167 3048 qui
3191 2976 3404 3048 fugiunt
3432 2973 3727 3031 secundum

2166 3070 2260 3126 Dei
2321 3072 2656 3128 mandatum.
2720 3070 2992 3138 Quoniam
3046 3085 3175 3142 ergo
3227 3069 3282 3123 in
3341 3066 3729 3138 tranquillitate

2086 3139 2129 3195 (ἶ
2164 3163 2361 3217 anima:
2388 3165 2696 3218 constitutae
2724 3172 2955 3233 possunt
2975 3139 3270 3233 impetrare
3297 3160 3480 3229 fugam
3517 3157 3724 3221 salutis,

2163 3252 2340 3308 hieme
2393 3262 2576 3308 autem
2637 3252 3129 3323 comprehendente
3181 3250 3471 3304 incurrunt
3537 3248 3592 3302 in
3640 3260 3727 3301 eos

2160 3360 2298 3416 quos
2332 3345 2563 3416 fugiunt,
2587 3346 2705 3401 ideo
2739 3353 2970 3401 orentut
2998 3359 3065 3398 ne
3089 3343 3182 3398 flat
3203 3341 3328 3412 fuga
3349 3354 3544 3396 eorum
3561 3339 3727 3394 hieme

2160 3440 2241 3494 vel
2276 3439 2532 3505 Sabbato,
2562 3439 2609 3494 si
2648 3440 2866 3509 quidem
2905 3437 3208 3509 vigilaverit
3239 3434 3494 3491 Christus
3546 3434 3600 3488 in
3629 3430 3721 3486 eis.

2161 3530 2218 3584 Si
2268 3539 2447 3584 autem
2501 3528 2877 3592 ohdormicrit,
2937 3537 3069 3582 tunc
3120 3523 3455 3581 descendens
3498 3522 3724 3593 procella

2158 3623 2305 3675 venti
2361 3621 2414 3674 in
2472 3629 2746 3690 stagnum,
2780 3618 3071 3674 descendet
3101 3616 3262 3673 etiam
3287 3630 3452 3684 super
3477 3629 3608 3669 eum
3638 3611 3722 3682 qui

2158 3712 2314 3781 fugit,
2353 3712 2481 3781 quia
2530 3727 2636 3766 non
2669 3709 2879 3783 [simul]
2936 3708 3096 3765 .lesus
3144 3707 3280 3778 fugit
3312 3721 3436 3762 cum
3469 3706 3616 3774 ipso,
3643 3719 3723 3757 os-

2160 3805 2385 3859 tendens
2418 3803 2465 3856 ei
2491 3803 2672 3872 fugam
2723 3803 2941 3872 optimm
2968 3802 3086 3856 viae.
3123 3801 3325 3855 Tamen
3363 3803 3407 3856 si
3433 3796 3720 3855 descende-

2157 3896 2226 3949 rit
2278 3895 2570 3965 aliquando
2622 3895 2876 3964 procella,
2912 3903 2966 3949 et
3000 3893 3233 3947 hiemem
3270 3891 3433 3947 fuerit
3483 3897 3719 3961 Operata.

2155 3997 2267 4041 oret
2298 3985 2420 4055 quis
2474 3995 2527 4040 et
2583 3986 2811 4041 suscitet
2848 3985 3187 4040 orationibus
3226 3985 3339 4038 suis
3364 3983 3644 4037 Christum
3668 3986 3722 4032 ut

2154 4077 2378 4145 imperet
2413 4086 2572 4130 vento
2609 4085 2662 4130 ct
2699 4076 2832 4130 mari
2862 4076 2924 4143 “,
2955 4085 3014 4130 ut
3045 4075 3431 4145 tranquillitate
3456 4073 3602 4129 facta
3625 4073 3717 4126 ite-

2153 4167 2272 4219 rum
2304 4164 2492 4235 fugiat,
2531 4173 2588 4217 ut
2629 4179 2735 4218 non
2765 4163 3257 4233 comprehendatur
3278 4175 3308 4214 a
3340 4159 3715 4218 fornicatione,

2153 4263 2242 4308 aut
2273 4255 2521 4317 avaritia,
2552 4261 2646 4306 aut
2676 4268 2706 4306 a
2749 4253 2920 4323 gloria
2954 4267 3112 4316 vana,
3147 4259 3241 4305 aut
3270 4250 3338 4304 ab
3368 4249 3558 4318 aliquo
3585 4244 3718 4300 malo

2151 4353 2509 4416 persequente
2557 4360 2637 4406 se,
2685 4345 2767 4400 vel
2802 4345 2870 4398 ah
2905 4344 3021 4413 ipsa
3071 4342 3476 4398 abominatione
3509 4337 3717 4395 desola-

2151 4438 2334 4505 tionis,
2361 4437 2524 4512 863
2551 4437 2602 4492 id
2634 4446 2717 4492 est
2741 4438 2989 4507 dogmate
3016 4436 3172 4493 falso.

2219 4532 2305 4587 45.
2335 4533 2493 4588 Orate
2523 4542 2575 4586 ut
2612 4547 2674 4584 ne
2700 4531 2793 4600 ﬁat
2823 4530 2950 4601 fuga
2994 4540 3164 4584 vestra
3196 4529 3361 4582 hieme
3389 4528 3463 4582 vel
3493 4525 3715 4582 Sabbato

2150 4623 2214 4674 ³⁸.
2255 4621 2394 4676 Deus
2427 4621 2478 4674 in
2513 4636 2607 4675 δικ
2637 4621 2830 4675 diebus
2861 4619 2988 4676 fecit
3013 4634 3174 4688 opera
3203 4619 3389 4672 mundi
3418 4627 3473 4672 et
3502 4616 3711 4687 requie-

2147 4718 2224 4770 vit
2254 4716 2307 4770 in
2341 4713 2596 4768 Sabhato.
2633 4713 2916 4782 Requicvit
2942 4723 3120 4767 autem
3149 4712 3216 4766 ab
3249 4711 3507 4780 operibus
3537 4704 3712 4765 mundi

2147 4823 2268 4878 quae
2291 4805 2468 4860 facere
2488 4805 2670 4876 carpit.
2706 4801 2879 4874 Opera
2910 4813 3090 4858 autem
3119 4803 3345 4872 justitize
3365 4817 3580 4870 semper
3603 4798 3712 4852 sine

2147 4898 2301 4953 initio
2335 4907 2590 4968 operatur
2626 4907 2680 4952 et
2711 4896 3023 4967 operabitur
3060 4895 3177 4948 sine
3218 4894 3361 4948 ﬁne:
3408 4903 3461 4947 et
3501 4892 3580 4946 sic
3617 4891 3708 4942 ho-

2147 4989 2358 5044 minum
2392 5004 2560 5056 genus
2605 4998 2730 5042 ante
2762 4985 2965 5042 Christi
3000 4987 3291 5041 adventum
3341 4986 3548 5053 operati
3593 4985 3710 5037 sunt

2145 5097 2336 5135 omnes
2362 5070 2528 5149 ‘opéra
2576 5079 2785 5145 mundi,
2808 5088 2860 5134 et
2887 5095 3047 5134 nemo
3083 5079 3348 5148 requievit
3377 5078 3445 5131 ah
3470 5079 3567 5141 eis,
3593 5071 3709 5128 sal)-

2149 5170 2394 5223 batizans
2420 5168 2625 5237 jugiter
2654 5168 2722 5221 ab
2753 5167 3007 5237 operibus
3040 5169 3218 5222 bonis.
3259 5165 3492 5221 Veniens
3535 5172 3704 5218 autem

2149 5259 2412 5314 Dominus
2445 5269 2629 5314 nostcr
2675 5259 2970 5313 Sahbatum
3021 5270 3264 5312 nostrum
3296 5268 3348 5312 et
3381 5257 3590 5325 requies
3620 5264 3704 5304 n0-

2148 5363 2282 5412 stra,
2338 5352 2516 5406 attulit
2559 5353 2713 5407 nobis
2762 5351 3002 5421 requiem
3049 5350 3269 5404 Salihati
3311 5351 3416 5413 sui,
3471 5358 3528 5401 ut
3578 5346 3705 5400 sieul

2149 5443 2238 5497 ille
2287 5444 2549 5514 requievit
2590 5443 2643 5497 in
2678 5441 2916 5497 Sahbato
2957 5443 3025 5497 ab
3070 5444 3325 5513 operibus
3356 5441 3561 5505 mundi,
3609 5447 3703 5489 nou

3249 5584 3293 5614 “
3338 5580 3500 5636 Eccli.
3535 5593 3616 5640 Ix.
3655 5572 3700 5624 4-

3491 5650 3529 5680 ³⁸
3569 5641 3698 5699 PsaL

2301 5655 2342 5685 ²⁹
2374 5652 2562 5705 Matth.
2605 5667 2750 5710 XXIV,
2801 5651 2882 5701 lli.
2999 5651 3040 5682 ³⁸
3069 5652 3211 5707 Psal.
3257 5668 3377 5707 cxx.

480 5729 690 5779 Luwl,
754 5717 797 5769 ι.
878 5719 918 5749 ³³
957 5718 1126 5774 Exod.
1161 5737 1239 5786 ιιι,
1277 5723 1327 5775 5.
1409 5723 1450 5754 ⁸³
1487 5724 1612 5779 ibid.
1647 5726 1700 5780 5.
1772 5724 1816 5756 ³”
1845 5723 2060 5779 ilatttlt.‘

2163 5766 2176 5789 ,
2209 5725 2295 5776 “lli.
2378 5726 2419 5755 ⁸⁵
2453 5723 2614 5776 Matth
2667 5736 2808 5788 λιιι,
2838 5721 2924 5781 2η.
