4052 6304
348 398 484 453 Issa

1472 395 2127 456 COMMENTARIORUM
2172 398 2432 453 SERiES.

3461 405 3599 459 £666

345 531 526 577 autem
559 519 822 589 requievrt
851 517 919 572 ab
951 515 1470 587 operibusjustltize,
1504 519 1585 574 sic
1611 527 1666 574 et
1692 535 1794 574 nos
1821 535 1919 590 per
1951 526 1989 581 Α
2021 519 2188 586 tione,
2211 518 2365 589 quasi
2394 533 2500 571 non
2529 517 2598 572 sit
2621 518 2952 574 abominatio
2977 519 3352 588 desolationis,
3380 531 3433 576 et
3456 523 3597 577 vidr-

346 613 524 680 ipsum
576 610 978 667 sabbatizemus
1028 609 1097 663 ab
1145 609 1402 678 operibus
1429 611 1823 676 mundialibus,
1863 621 1918 666 ct

346 702 678 770 carnalibus,
709 709 763 755 et
791 701 1018 767 nocivis,
1053 715 1215 770 opera
1245 712 1424 756 autem
1451 702 1676 773 justitia:
1706 719 1920 774 semper

345 807 716 848 exerceamus.
767 790 1036 858 Quoniam
1067 802 1246 845 autem
1293 791 1408 861 ipse
1449 793 1608 848 nobis
1652 794 1918 849 allaturos

345 883 524 938 fuerat
565 883 876 952 hnjusmodi
924 879 1244 947 Sabbatum,
1293 882 1345 936 in
1375 899 1484 952 quo
1530 885 1740 939 nullum
1781 901 1918 956 opus

347 971 615 1027 faciamus
645 972 864 1037 servile,
915 979 1143 1026 testatur
1182 981 1236 1026 et
1282 972 1398 1041 ipse
1445 988 1542 1042 per
1590 973 1914 1044 Prophetam

345 1061 532 1117 dicens
560 1062 626 1116 de
657 1061 890 1129 indignis
913 1059 1112 1116 Iudaeis
1143 1061 1218 1116 ita
1245 1063 1289 1093 “
1318 1079 1332 1116 τ
1362 1061 1533 1117 Donec
1547 1065 1728 1132 juravi
1753 1066 1807 1118 in
1833 1067 1917 1119 ira

348 1170 482 1220 mea,
525 1155 573 1207 si
603 1155 888 1208 introibant
918 1154 972 1206 in
1002 1155 1227 1224 requiem
1257 1172 1448 1211 meam.
1481 1156 1546 1212 Et
1575 1157 1776 1212 iterum
1806 1156 1914 1212 La~

347 1245 503 1300 mcch
548 1260 744 1302 nomen
781 1244 1064 1314 imponens
1107 1245 1218 1300 lilio
1260 1263 1362 1302 suo
1402 1247 1515 1303 Noe
1554 1248 1608 1302 in
1657 1250 1916 1320 mysterio

347 1333 570 1394 Christi.
609 1333 682 1387 ita
730 1333 866 1388 dixit
891 1334 956 1388 de
1004 1348 1070 1388 eo
1098 1334 1182 1389 '7:
1233 1334 1300 1388 Et
1339 1339 1540 1392 vocavit
1589 1355 1774 1392 nomen
1800 1339 1914 1408 ejus

341 1423 485 1486 Noe,
517 1425 716 1490 dicens,
749 1425 999 1492 quoniam
1027 1425 1111 1479 llic
1134 1426 1281 1480 dabit
1305 1429 1450 1483 nobis
1481 1430 1708 1499 requiem
1734 1446 1766 1483 a
1791 1445 1917 1484 mm-

349 1516 555 1568 mribus
594 1517 806 1581 nostris,
833 1525 882 1570 et
917 1516 981 1570 ab
1024 1517 1264 1586 operibus
1308 1535 1559 1573 manuum
1587 1530 1914 1586 nostrarum,

345 1621 394 1660 et
429 1623 460 1660 a
487 1617 626 1660 terra
655 1623 811 1676 quam
838 1606 1115 1662 maledixit
1150 1607 1423 1665 Dominus.
1447 1609 1636 1666 Omnis
1668 1625 1796 1681 ergo
1821 1611 1914 1681 qui

347 1699 478 1753 vivit
508 1699 561 1752 in
594 1697 834 1762 Christo,
871 1713 1085 1768 semper
1115 1699 1169 1754 in
1210 1697 1450 1756 Sabbato
1480 1702 1609 1758 vivit
1640 1709 1695 1757 et
1738 1702 1793 1757 in
1831 1717 1916 1758 re-

345 1790 471 1858 quie
505 1791 849 1859 requiescens
886 1791 956 1845 ab
999 1791 1255 1860 operilms
1301 1793 1483 1856 malis,
1525 1801 1782 1863 operatur
1812 1809 1914 1847 au-

2023 612 2090 666 rit
2118 626 2176 666 se
2210 611 2503 680 periclitari
2534 621 2750 681 propter
2775 613 3118 668 dilectionem
3159 630 3324 684 quam
3350 617 3514 671 habet
3543 618 3595 670 in

2024 713 2271 758 sanctum
2305 703 2507 765 locum,
2541 702 2613 757 ita
2646 711 2704 756 ut
2732 718 2867 772 pene
2897 706 3200 759 consentiat
3229 708 3277 760 ei
3314 706 3598 761 abomina.

2024 793 2159 847 tioni
2183 803 2440 863 tauquam
2481 794 2550 848 sit
2576 793 2740 857 Deus,
2765 805 2817 848 et
2850 796 3028 847 tradat
3057 796 3411 865 semetipsum
3457 798 3594 850 abo-

2024 884 2306 940 minationi
2342 885 2500 955 quasi
2547 885 2679 954 Deo,
2705 888 2982 958 quomodo
3010 897 3168 958 putas
3190 903 3314 943 eum
3345 889 3595 944 tribulari

2023 991 2217 1046 magna
2253 974 2623 1044 tribulatione,
2668 979 2846 1048 qualis
2885 994 2992 1032 non
3034 979 3134 1033 fuit
3165 978 3213 1033 ei
3248 980 3316 1034 ab
3343 980 3498 1034 initio
3529 995 3594 1034 ex

2023 1083 2134 1136 quo
2173 1067 2318 1121 venit
2349 1067 2402 1121 in
2433 1069 2696 1122 mundum
2743 1085 2914 1137 usque
2946 1070 3012 1123 ad
3044 1069 3174 1123 illud
3208 1071 3461 1139 tempus?
3487 1069 3593 1126 Sed

2023 1174 2124 1214 nec
2148 1159 2252 1213 alia
2285 1159 2562 1213 tribulatio
2592 1160 2714 1215 talis
2743 1175 2868 1214 eum
2901 1161 3100 1229 poterit
3135 1162 3594 1231 comprehendere

2023 1250 2337 1320 aliquando,
2370 1260 2424 1305 et
2457 1251 2693 1305 maxime
2726 1252 2770 1307 si
2802 1253 2925 1322 quis
2958 1251 3189 1306 trahitur
3229 1261 3288 1307 ut
3319 1254 3594 1308 cxistinwt

2022 1342 2479 1396 abominationem
2509 1350 2741 1397 stantem
2784 1344 2838 1396 in
2869 1343 3006 1398 coelo
3047 1343 3216 1416 [loco]
3243 1355 3453 1408 sancto,
3484 1361 3592 1401 non

2021 1447 2143 1488 esse
2179 1431 2640 1487 abominationem
2689 1431 3062 1494 desolationis,
3106 1433 3199 1487 sed
3244 1431 3414 1488 Deum
3461 1432 3593 1489 Vor-

2022 1524 2171 1578 bum.
2205 1524 2396 1578 Adhuc
2426 1532 2606 1578 autem
2634 1525 2757 1578 etsi
2789 1526 2911 1594 quis
2943 1522 3229 1580 manifeste
3260 1525 3478 1596 quidem
3514 1529 3592 1580 vi-

2021 1615 2146 1670 deat
2174 1614 2638 1668 abominationem
2687 1613 3041 1670 desolationis
3085 1625 3317 1671 stantem
3373 1617 3425 1670 in
3470 1617 3588 1672 loc)

2021 1717 2231 1769 sancto,
2264 1713 2317 1759 et
2349 1705 2394 1760 si
2427 1713 2686 1774 sequatur
2727 1720 2869 1768 eam,
2913 1707 3185 1776 accipiens
3214 1707 3316 1762 sibi
3359 1723 3589 1763 excusa-

2024 1796 2224 1851 tionem
2279 1797 2345 1850 de
2390 1796 2592 1851 divinis
2639 1791 2962 1866 Scripturis.
3016 1799 3172 1868 quasi
3223 1797 3591 1853 indifferenter

346 1893 453 1936 tem
486 1897 649 1951 opera
674 1881 896 1950 justitia:
923 1882 1274 1936 incessanter.
1314 1881 1462 1937 Multi
1496 1892 1679 1938 autem
1715 1898 1913 1938 nomen
1947 1878 1987 1933 Β
2017 1888 2176 1944 liceat
2204 1887 2664 1944 Christianitatem
2699 1903 2917 1958 negare,
2946 1889 3134 1946 dicens
3177 1890 3590 1961 denegationem

344 1971 547 2028 Clu-isti
580 1973 859 2040 habentes,
889 1988 996 2028 non
1039 1974 1292 2045 gratiam,
1317 1984 1538 2031 econtra
1573 1975 1915 2031 sabbatizant

345 2061 416 2116 ab
445 2062 701 2130 operibus
745 2061 923 2128 bonis,
967 2072 1263 2132 Operantur
1307 2074 1486 2119 autem
1539 2080 1703 2134 opera
1745 2065 1911 2119 mala.

345 2151 644 2208 Mediocrcs
676 2163 855 2208 autem
894 2155 1164 2209 interdum
1202 2156 1481 2211 dimittunt
1517 2158 1910 2213 sabbatismum

344 2260 566 2313 operum
594 2245 879 2309 malorum,
907 2255 962 2299 et
989 2247 1329 2302 sabbatizant
1354 2251 1422 2302 ab
1451 2250 1706 2319 operibus
1733 2251 1911 2316 bonis,

345 2353 454 2392 non
487 2337 630 2390 bona
668 2345 974 2404 operantes,
1006 2336 1116 2391 scd-
1145 2339 1308 2392 mala.
1357 2338 1588 2405 Quidam
1630 2351 1811 2395 autem
1843 2340 1913 2395 ab

343 2429 598 2499 aper-ibus
645 2427 803 2482 malis
849 2427 1206 2493 sabbatizaut,
1260 2445 1368 2484 non
1419 2441 1598 2485 autem
1658 2441 1914 2488 exercent

343 2534 506 2588 opera
542 2518 702 2583 bona,
739 2534 862 2572 cum
899 2527 1147 2586 oporteat
1181 2533 1287 2572 non
1321 2518 1496 2573 solum
1533 2519 1672 2574 mala
1703 2519 1907 2592 fugere,

343 2610 437 2664 sed
463 2611 624 2664 etiam
653 2610 794 2665 bona
824 2624 1096 2665 exercere.
1127 2607 1181 2663 In
1216 2609 1308 2664 tali
1351 2625 1480 2681 ergo
1508 2611 1744 2668 Sabhato
1779 2629 1911 2682 ope-

342 2717 464 2756 rum
498 2703 786 2763 bonorum,
812 2701 1032 2772 quando
1058 2701 1199 2756 bona
1233 2715 1396 2770 opera
1428 2717 1536 2756 non
1573 2701 1703 2758 facit
1747 2703 1912 2759 homo

343 2792 703 2855 Christianus,
723 2792 878 2860 jubet
897 2807 996 2847 nos
1017 2791 1449 2860 Christusorare
1475 2809 1544 2850 ne
1573 2793 1698 2866 luga
1726 2803 1910 2851 nostra

341 2882 436 2936 ttat
471 2881 523 2936 in
558 2882 668 2938 illo.
702 2881 963 2939 Cessante
990 2883 1135 2938 enim
1166 2892 1217 2939 te
1244 2884 1312 2939 ab
1354 2885 1613 2955 operibus
1649 2885 1830 2952 bonis,
1863 2887 1911 2942 sl

341 2973 558 3042 quidem
589 2974 808 3029 steteris
833 2981 958 3029 aute
979 2972 1170 3028 faciem
1207 2974 1651 3039 abominationis,
1688 2984 1743 3032 et
1767 2974 1911 3031 ultro

341 3071 393 3118 te
415 3063 723 3118 subdideris
750 3063 822 3127 ei,
853 3065 1157 3120 voluntarie
1188 3075 1437 3120 mortuus
1463 3080 1522 3120 es
1549 3064 1730 3135 gladio
1755 3065 1908 3122 verbi

339 3153 635 3208 mendacis.
682 3151 738 3206 Si
771 3161 954 3207 autem
986 3153 1221 3208 volueris
1254 3153 1460 3224 fugere,
1487 3161 1542 3208 et
1570 3153 1908 3208 abominatio

338 3243 691 3298 desolationis
720 3253 905 3298 secuta
937 3242 1098 3298 fuerit
1132 3252 1202 3308 te,
1234 3242 1352 3298 sine
1383 3243 1544 3316 [sive]
1576 3245 1908 3314 persecutio-

339 3335 499 3390 nibus
525 3335 640 3390 suis
669 3333 878 3405 franget
911 3344 981 3401 te,
1010 3335 1134 3406 quia
1169 3353 1276 3391 non
1303 3349 1600 3408 operantur
1635 3336 1688 3390 in
1723 3345 1772 3392 te
1797 3336 1909 3390 vir-

339 3435 505 3481 tntem
538 3427 809 3496 patientiae
840 3441 1005 3496 opera
1034 3435 1125 3481 tua
1170 3427 1350 3483 bona:
1391 3426 1509 3483 sine
1539 3425 1700 3500 [sive]
1746 3425 1908 3481 sedu-

336 3518 608 3573 ctionibus
654 3517 770 3574 suis
812 3517 988 3588 capiet
1013 3527 1086 3580 te,
1115 3519 1374 3588 quoniam
1409 3518 1777 3587 intelligentia
1824 3517 1907 3570 lu-

337 3625 460 3664 men
489 3624 596 3664 non
630 3617 884 3678 operatur
907 3609 959 3662 in
985 3619 1035 3663 te
1061 3624 1224 3678 opera
1251 3617 1340 3662 tua
1373 3609 1536 3662 bona.
1568 3606 1738 3661 Nemo
1759 3606 1902 3662 enim

337 3701 392 3754 in
440 3699 529 3754 tali
581 3699 820 3770 periculo
868 3699 987 3752 falsi
1020 3697 1290 3769 dogmatis
1332 3695 1492 3752 facile
1530 3705 1816 3767 superatur
1852 3703 1906 3750 et

337 3789 559 3855 fallitur,
587 3790 688 3845 nisi
712 3790 839 3860 quia
875 3789 1051 3844 nudus
1077 3797 1160 3843 est
1184 3788 1252 3842 ab
1275 3787 1531 3856 operibus
1558 3787 1732 3841 bonis.
1766 3784 1905 3840 Pro.

335 3891 514 3950 pterca
557 3889 611 3935 et
643 3880 936 3949 Apostolus
963 3879 1094 3934 dicit
1134 3879 1200 3933 de
1228 3878 1346 3948 ipso
1387 3877 1630 3948 periculo
1663 3878 1747 3932 “2
1797 3876 1904 3931 Pro

336 3988 392 4025 eo
439 3972 572 4041 quod
613 3971 920 4025 charitalem
963 3972 1202 4026 veritatis
1243 3986 1345 4026 non
1381 3983 1712 4040 acceperunt,
1752 3971 1901 4024 dabit

334 4061 442 4114 illis
487 4065 836 4131 operationem
881 4064 1098 4127 erroris,
1142 4072 1198 4115 ut
1241 4061 1455 4116 credant
1507 4063 1798 4128 mendacio,
1845 4073 1901 4117 ut

330 4152 634 4219 judisentur
677 4153 910 4207 homines
940 4154 1030 4222 qui
1058 4169 1160 4206 non
1189 4152 1522 4206 crediderunt
1555 4152 1783 4214 veritati,
1812 4152 1901 4205 sed

335 4255 704 4299 eouunserunt
731 4246 1023 4316 iniquitati.
1053 4245 1190 4299 Cum
1219 4253 1399 4299 autem
1435 4242 1734 4298 viderimus
1763 4243 1900 4298 abo-

335 4337 686 4393 minationem
718 4337 1090 4398 desolationis,
1125 4352 1248 4407 qua
1285 4336 1428 4391 dicta
1471 4349 1554 4391 est
1581 4349 1680 4405 per
1713 4333 1904 4388 Danie-

333 4429 438 4483 lem
476 4430 817 4499 prophetam,
849 4438 1079 4482 stantem
1128 4427 1180 4481 in
1212 4427 1329 4482 loco
1360 4435 1570 4491 sancto,
1597 4425 1902 4480 videbimus

2016 1995 2125 2035 non
2150 1993 2269 2034 esse
2290 1979 2735 2050 denegationem;
2759 1989 2812 2034 et
2830 1995 2985 2035 escas
3007 1979 3407 2036 immolatorum
3433 1982 3590 2052 quasi

2015 2068 2150 2123 nihil
2178 2077 2435 2124 nocentes
2463 2067 2812 2124 manducanti
2853 2067 3016 2123 fuerit
3061 2071 3378 2136 arbitratus,
3411 2069 3594 2140 profe-

2016 2174 2144 2214 rens
2188 2159 2254 2214 de
2297 2157 2595 2228 Scripturis
2633 2159 2913 2228 exempla;
2952 2169 3006 2214 et
3046 2159 3173 2230 quia
3224 2158 3592 2215 indifferenter

2015 2250 2141 2304 licet
2191 2248 2243 2302 in
2282 2263 2392 2301 uno
2438 2248 2741 2317 eodemque
2785 2260 3030 2317 tempore
3074 2248 3395 2303 mulieribus
3433 2265 3590 2302 com-

2015 2339 2232 2395 misceri
2264 2338 2518 2404 diversis,
2551 2338 2708 2408 quasi
2739 2347 2795 2393 et
2837 2339 3086 2408 patrihus
3129 2339 3229 2393 ista
3267 2338 3589 2395 facientibus

2015 2434 2144 2490 olim
2173 2448 2186 2483 :
2220 2430 2476 2486 omnibus
2505 2429 2627 2484 istis
2662 2431 2897 2500 peccatis
2927 2430 3104 2500 majus
3145 2439 3229 2486 est
3257 2431 3589 2486 abominatio

2012 2517 2386 2581 dissolutionis,
2422 2516 2472 2570 id
2499 2525 2602 2580 est,
2630 2516 2854 2572 verbum
2882 2518 3026 2587 quod
3051 2518 3104 2572 in
3129 2518 3248 2574 ιοιό
3277 2517 3588 2589 Scriptura-

2014 2625 2134 2663 rmn
2179 2615 2490 2662 sanctarum
2535 2607 2808 2672 consistit,
2846 2607 3184 2678 iniquitatem
3227 2609 3280 2664 in
3311 2610 3587 2665 excelsum

2015 2698 2242 2769 loquens
2264 2706 2316 2753 et
2341 2696 2676 2768 persuadens
2710 2713 2740 2752 a
2767 2697 3024 2754 Creatore
3048 2698 3348 2765 discedere,
3376 2700 3469 2768 qni
3509 2716 3590 2754 so-

2013 2791 2100 2846 lus
2124 2798 2180 2846 et
2222 2805 2385 2860 verus
2423 2797 2513 2844 est
2551 2789 2714 2857 Deus,
2749 2799 2804 2844 et
2839 2791 3058 2846 credere
3089 2792 3245 2846 aiteri
3282 2794 3465 2847 nescio
3501 2793 3588 2847 cni

2013 2881 2125 2938 Deo
2169 2896 2334 2951 super
2373 2882 2560 2946 istum,
2594 2881 2682 2936 cui
2727 2880 2910 2938 nullus
2953 2882 3148 2938 similis
3180 2891 3284 2950 est,
3311 2899 3434 2938 cum
3465 2885 3590 2939 talis

2011 2982 2199 3029 noster
2227 2972 2478 3028 Salvator
2508 2972 2656 3028 dicat
2677 2972 2723 3005 "
2749 2991 2763 3028 :
2793 2971 2954 3027 Pater
2987 2975 3077 3044 qui
3112 2975 3258 3028 misit
3287 2990 3385 3038 me,
3415 2977 3592 3044 major

2011 3079 2094 3117 me
2113 3071 2210 3118 est.
2241 3062 2433 3134 Magna
2465 3077 2596 3134 ergo
2631 3061 2911 3116 tribulatio
2937 3071 3225 3132 generatur
3252 3077 3282 3116 a
3305 3061 3591 3117 desolatio-

2011 3155 2099 3208 nis
2125 3154 2532 3209 abominatione
2567 3160 2745 3208 stante
2775 3152 2827 3205 in
2873 3153 2993 3207 loco
3032 3159 3242 3217 sancto,
3281 3152 3353 3207 ita
3379 3161 3438 3207 ut
3460 3153 3587 3208 talia

2009 3243 2264 3300 dicantur
2289 3244 2355 3299 de
2381 3259 2444 3298 ea
2471 3243 2553 3297 “2
2593 3243 2660 3297 Et
2696 3244 2801 3297 nisi
2833 3242 3119 3296 abbret'iati
3148 3253 3317 3297 essent
3347 3243 3458 3297 dies
3483 3243 3588 3310 illi,

2008 3353 2110 3391 non
2138 3335 2442 3390 essetsalva
2471 3334 2616 3404 facta
2657 3334 2826 3388 omnis
2849 3349 2993 3387 caro.
3027 3332 3252 3403 Propter
3272 3334 3460 3390 electos
3492 3353 3590 3389 an-

2011 3439 2113 3483 tem
2159 3427 2605 3482 abbreviabuntur
2646 3426 2758 3480 dies
2791 3425 2892 3482 illi.
2935 3424 3108 3480 Tanta
3152 3437 3354 3493 autem,
3403 3435 3458 3482 et
3506 3427 3590 3482 sic

2007 3535 2202 3590 magna
2247 3519 2302 3572 in
2343 3519 2436 3572 illa
2480 3517 2887 3572 abominatione
2925 3516 3278 3572 desolationis
3309 3517 3369 3572 lit
3412 3518 3589 3573 tribu-

2007 3611 2160 3675 latio,
2196 3617 2258 3663 ut
2288 3607 2433 3662 Deus
2462 3616 2718 3677 operetur
2744 3605 3206 3661 abbreviationem
3243 3607 3454 3662 dierum
3487 3609 3587 3663 tri-

2007 3695 2298 3753 bulationis
2322 3695 2488 3758 illius,
2525 3695 2860 3764 superﬂuum
2893 3709 3082 3748 eorum
3115 3695 3412 3763 praecidens
3437 3697 3582 3766 quod

2006 3787 2224 3842 additur
2249 3801 2279 3841 a
2309 3783 2662 3841 desolationis
2693 3783 3041 3838 tribulatione
3073 3791 3127 3838 ct
3155 3781 3580 3842 abominatione.

2004 3879 2175 3934 Aliter
2208 3879 2352 3933 enim
2379 3891 2487 3931 non
2517 3884 2602 3931 est
2629 3875 2887 3945 possibile
2911 3884 2971 3929 ut
3001 3883 3225 3930 sanetur
3252 3875 3433 3932 omnis
3457 3892 3583 3948 quae

2006 3970 2266 4025 salvanda
2299 3977 2382 4025 est
2421 3983 2569 4032 caro,
2612 3967 2716 4023 nisi
2747 3968 3018 4038 acceperit
3052 3967 3514 4025 abbreviationem
3548 3985 3580 4025 a

2006 4061 2138 4116 Deo.
2192 4059 2316 4114 Dies
2355 4059 2501 4114 enim
2546 4057 2922 4128 intelliguntur
2957 4064 3220 4127 pracepta
3247 4065 3302 4112 et
3327 4057 3578 4129 dogmata

2005 4153 2249 4208 veritatis
2288 4151 2462 4222 posita
2495 4151 2548 4205 in
2585 4148 2884 4218 Scripturis
2917 4150 2982 4204 ad
3015 4149 3470 4204 illuminationem
3495 4149 3579 4204 in-

2005 4244 2360 4314 telligentiam
2391 4243 2720 4296 animarum.
2751 4240 2920 4313 864
2951 4239 3154 4296 Omnes
3189 4249 3368 4296 autem
3414 4242 3578 4296 intel--

2003 4336 2176 4390 lectus
2218 4348 2249 4388 a
2278 4331 2502 4387 scientia
2549 4329 2669 4384 falsi
2719 4329 2959 4384 nominis
3000 4328 3300 4395 venientes,
3340 4329 3434 4398 qui
3483 4329 3579 4384 ad-

2002 4425 2206 4480 duntur
2236 4421 2584 4477 sermonibus
2622 4419 3028 4490 Scripturarum
3061 4428 3116 4473 et
3143 4419 3573 4488 conjunguntur,

331 4531 385 4572 et
430 4534 678 4589 magnam
727 4518 1128 4572 tribulationem
1179 4519 1492 4584 instantem,
1532 4517 1712 4587 qualis
1758 4515 1898 4571 facta
1933 4535 1976 4590 ι)
2005 4513 2240 4583 iutellige
2261 4512 2390 4565 mihi
2415 4512 2781 4566 additamenta
2814 4525 2934 4565 esse
2957 4525 3120 4580 supra
3150 4509 3572 4581 magnitudinem

334 4621 442 4659 non
467 4616 551 4661 est
577 4607 644 4660 ab
669 4607 824 4660 initEo
861 4606 1046 4659 mundi
1080 4621 1254 4676 usque
1284 4609 1350 4660 ad
1382 4605 1527 4660 illam
1572 4606 1767 4674 ipsam,
1797 4621 1892 4659 ne-

331 4710 439 4766 que
487 4697 578 4750 liet
608 4706 812 4766 postea.
841 4695 974 4762 Quae
1019 4697 1164 4751 enim
1199 4697 1373 4765 major
1417 4695 1692 4751 tribulatio
1731 4712 1895 4765 quam

333 4789 513 4841 videre
548 4787 756 4842 fratres.
776 4797 994 4843 nostros
1035 4787 1221 4844 seduci
1263 4798 1478 4857 propter
1510 4796 1761 4843 sanctum
1805 4787 1894 4841 lo-

328 4894 454 4936 cum
489 4894 520 4933 a
547 4879 899 4935 desolationis
944 4880 1350 4939 abominatione
1377 4889 1551 4934 stante
1593 4878 1646 4932 in
1685 4878 1799 4933 eo?
1832 4877 1897 4932 Et

329 4970 374 5024 si
400 4968 618 5038 quidem
641 4969 801 5024 amici
836 4971 1066 5040 alicujus
1089 4982 1186 5025 aut
1210 4966 1440 5039 proximi
1467 4986 1612 5025 mors
1640 4984 1896 5038 corpora-

328 5062 394 5118 lis
424 5077 674 5132 magnam
708 5072 963 5131 operatur
986 5061 1384 5117 tribulationem
1409 5061 1457 5115 ei
1482 5061 1576 5132 qui
1601 5077 1706 5115 non
1732 5061 1896 5115 luerit

328 5158 618 5212 meditatus
651 5165 709 5210 ut
736 5155 959 5210 sufferat
985 5169 1126 5218 eam,
1156 5152 1370 5222 qualem
1399 5165 1557 5223 putas
1589 5154 1895 5210 tribulatio-

327 5261 450 5300 nem
489 5247 538 5300 ei
567 5245 659 5316 qui
685 5243 1011 5313 compatitur
1041 5245 1256 5312 quando
1285 5258 1450 5295 unum
1477 5258 1694 5312 passum
1731 5241 1895 5297 fuerit

329 5339 654 5401 membrum,
695 5345 748 5391 et
787 5337 834 5389 ei
877 5335 970 5404 qui
1013 5336 1208 5390 viderit
1237 5335 1455 5405 quando
1493 5334 1891 5390 scandalizatus

330 5428 488 5482 fuerit
519 5430 718 5500 aliquis
753 5427 956 5483 frater?
990 5427 1047 5482 Si
1089 5437 1267 5481 autem
1303 5436 1356 5479 et
1405 5425 1527 5495 quis
1575 5424 1768 5479 viderit
1799 5437 1889 5478 se-

330 5517 504 5586 ipsum
534 5520 736 5576 moveri
759 5528 813 5574 et
837 5516 1150 5574 conturbari
1174 5532 1204 5570 a
1232 5517 1582 5572 desolationis
1609 5515 1892 5570 abomina-

2003 4603 2302 4658 naturalem
2347 4601 2555 4654 dierum
2591 4600 2923 4669 Scriptura:
2955 4597 3097 4667 quod
3145 4598 3572 4652 additamentum

2001 4696 2180 4750 bonus
2208 4692 2348 4748 Deus
2379 4691 2651 4746 abbreviat
2677 4706 2771 4760 per
2796 4704 2936 4759 quos
2968 4689 3100 4743 vnlt.
3134 4687 3199 4742 Et
3226 4689 3578 4759 quotiescun-

2001 4801 2108 4856 que
2152 4783 2354 4839 videris
2396 4783 2629 4837 adventu
2677 4779 2824 4835 verbi
2869 4778 3112 4834 veritatis
3157 4779 3210 4832 in
3262 4793 3425 4833 sensu
3481 4789 3574 4833 tuo

2001 4876 2218 4949 praecidi
2249 4871 2562 4928 altitudines
2590 4870 2904 4926 extollentes
2927 4884 2984 4922 se
3005 4869 3265 4922 adversus
3289 4867 3570 4922 scientiam

2004 4969 2119 5030 Dei,
2157 4965 2314 5020 toties
2361 4961 2596 5031 intellige
2631 4958 2972 5014 abbreviatos
3017 4957 3132 5012 dies
3181 4955 3569 5020 tribulationis,

1995 5070 2050 5114 et
2103 5055 2482 5114 circumcisam
2533 5049 2862 5120 superﬂuam
2909 5047 3360 5118 magnitudinem,
3405 5062 3568 5117 quam

1995 5161 2184 5206 contra
2212 5156 2460 5202 naturam
2489 5141 2819 5199 abominatio
2845 5138 3198 5196 desolationis
3228 5153 3446 5208 semper
3476 5154 3568 5192 su-

1996 5240 2302 5313 peraddidit
2322 5237 2520 5294 diebus
2551 5233 2764 5288 Domini
2797 5231 2889 5302 qui
2914 5239 3041 5286 sunt
3063 5230 3116 5284 in
3154 5227 3469 5297 Scripturis.
3503 5226 3566 5281 Et.

1993 5340 2212 5402 propter
2243 5328 2444 5384 electos
2475 5323 2859 5379 abbreviantur
2885 5317 3003 5374 dies
3030 5318 3126 5384 illi,
3160 5317 3484 5375 ut.videutes
3511 5315 3566 5371 in

1998 5434 2158 5474 sensu
2188 5414 2683 5484 suo-praecisionem
2709 5407 3098 5479 superﬂuitatis
3125 5406 3360 5470 dierum,
3395 5413 3447 5458 et
3481 5419 3568 5457 re-

1999 5517 2306 5565 manentem
2338 5506 2484 5560 illam
2514 5501 2858 5560 solummodo
2890 5500 3067 5557 lucem
3101 5512 3225 5568 qua:
3260 5493 3565 5561 secundum

397 5767 441 5800 ³⁸
469 5765 612 5820 Psal.
641 5767 897 5829 xcw,lt.
977 5763 1016 5796 ³²
1044 5761 1178 5816 Gen.
1203 5765 1258 5822 ἡ,
1289 5758 1380 5812 ‘29.
1461 5756 1502 5786 "
1536 5752 1572 5807 ll
1600 5752 1793 5806 Thess.
1825 5765 1860 5805 η
1881 5790 1894 5816 ,
1925 5750 2008 5803 to.
2087 5748 2131 5781 ³³
2162 5747 2320 5802 Joan.
2359 5762 2472 5812 xlv,
2503 5749 2592 5802 28.
2671 5748 2716 5780 “
2742 5745 2932 5803 Matth.
2964 5757 3114 5809 utv,
3146 5740 3225 5803 29.
