4052 6304
437 401 456 452 l
471 349 575 452 669.
1560 383 1995 443 COMMEN‘TAR?

2094 384 2205 441 aut
2245 385 2510 444 sumus.
3550 363 3702 459 μετὰ

432 530 577 569 enuu
627 523 758 567 sunt
797 508 1123 572 antichristi,
1160 516 1214 561 et
1255 500 1569 576 quicunque
1611 510 1738 574 post
1775 515 1871 556 eos
1915 515 2002 555 rc-
2037 505 2081 561 Α
2106 502 2369 573 quoniam
2399 519 2510 558 non
2544 503 2716 563 dixit:
2758 504 3088 578 Ubicunque
3128 508 3293 565 fuerit
3321 509 3578 579 cadaver,
3609 514 3685 567 ini

433 603 795 659 surrexerint.
830 600 985 654 Sicut
1017 609 1198 652 autem
1228 595 1340 650 veri
1369 592 1574 650 Christi
1598 602 1652 649 et
1680 592 1846 648 unius
1874 591 2001 646 facti
2103 592 2592 665 congregabuntur
2633 592 2905 664 vultures,
2956 609 3051 654 aut
3087 601 3278 668 corvi;
3339 603 3433 658 sed
3485 606 3684 660 volens

431 706 560 753 sunt
598 695 691 764 qui
732 709 762 748 a
805 691 1006 748 saeculo
1043 690 1265 746 fuerunt
1310 689 1483 746 sancti
1508 689 1820 760 prophetae,
1866 701 2005 756 prae-
2100 687 2396 742 ostendere
2427 689 2750 759 magniﬁcos
2797 699 2853 745 et
2884 692 3095 761 regales
3127 708 3248 748 esse
3279 708 3475 749 omnes
3509 696 3684 765 quiin

433 789 748 842 nuntiantes
781 784 986 841 Christi
1021 784 1303 852 passiones
1336 791 1391 836 et
1419 779 1768 851 postmodum
1801 777 2004 849 glorias
2103 775 2414 844 passionem
2445 776 2660 833 Domini
2695 779 3071 846 crediderunt,
3110 787 3327 853 proprie
3356 784 3533 841 dixit:
3583 785 3685 842 Ubi

429 880 551 950 ejus
579 878 826 942 futuras,
872 875 953 930 sic
1003 873 1138 928 mihi
1175 872 1414 942 intellige
1458 871 1758 927 secundum
1805 884 2004 924 unum-

430 983 703 1041 quemque
742 964 1242 1038 pseudochristum,
1280 963 1482 1018 multos
1516 959 1650 1033 ejus;
1670 959 1840 1016 falsos
1877 973 2006 1030 pro-

431 1061 644 1130 phetas.
668 1057 786 1115 Non
817 1073 948 1126 ergo
976 1055 1209 1125 alicujus
1236 1054 1401 1110 unius
1429 1052 1699 1108 mendacii
1727 1051 2000 1114 doctores,

431 1153 524 1205 sed
548 1151 791 1205 onmium
813 1146 1298 1220 pseudoprophetze
1333 1155 1462 1201 sunt
1482 1144 1628 1200 illius
1656 1141 2001 1211 Antichristi,

431 1241 588 1310 ciijns
640 1240 809 1296 falsos
855 1253 1138 1294 sermones
1191 1238 1486 1309 praedicant
1539 1234 1698 1307 quasi
1750 1250 1908 1290 veros
1948 1243 2003 1289 et

430 1334 649 1387 ducent.
711 1330 1023 1386 Secundum
1079 1329 1193 1384 haec
1242 1342 1372 1398 ergo
1423 1342 1546 1397 quae
1583 1325 1854 1389 diximus,
1906 1324 2002 1395 qui

430 1421 795 1477 ecclesiastico
821 1420 1018 1476 docent
1047 1417 1296 1483 verbum,
1321 1417 1598 1487 propheta:
1619 1424 1750 1471 sunt
1771 1413 1998 1469 Christi.

431 1514 535 1580 Qui
571 1521 749 1568 autem
781 1511 1072 1567 Marcionis
1107 1510 1189 1565 vel
1219 1508 1449 1579 alicujus
1487 1524 1674 1564 eorum
1705 1506 2002 1578 praedicant

432 1603 655 1657 verbum
720 1601 955 1666 falsum,
1005 1599 1279 1670 prophetae
1328 1606 1456 1654 sunt
1504 1595 1823 1652 Antichristi
1882 1596 2001 1667 ejus

431 1693 524 1762 qui
575 1700 660 1746 cst
694 1692 991 1746 secundum
1034 1688 1385 1754 Marcioneui,
1442 1687 1495 1741 id
1538 1694 1623 1742 est
1666 1685 1811 1741 illius
1843 1700 2000 1740 men-

430 1783 570 1839 dacii
608 1784 753 1855 quod
799 1781 1102 1838 introduxit
1145 1779 1419 1847 Marcion;
1465 1788 1519 1836 et
1572 1779 1664 1834 alii
1708 1776 1830 1833 falsi
1870 1790 2000 1847 pro-

2099 863 2262 933 fuerit
2296 866 2544 932 cadaver,
2577 869 2693 925 illic
2721 872 3180 943 congregabantur
3207 884 3257 929 et
3288 876 3503 946 aquilae.

2169 957 2259 1012 48.
2305 958 2507 1015 Statim
2539 971 2656 1028 post
2686 962 3086 1018 tribulationem
3125 966 3330 1021 dierum
3360 968 3576 1023 illorum
3603 972 3683 1025 to!

2099 1047 2508 1115 obscurabitur,
2548 1062 2597 1106 et
2651 1052 2780 1107 luna
2820 1070 2923 1107 non
2969 1056 3118 1109 dabit
3171 1056 3346 1109 lumen
3400 1074 3579 1117 suum.
3632 1075 3679 1114 et

2102 1138 2271 1195 stella:
2308 1140 2500 1194 eadem
2543 1140 2607 1194 de
2658 1138 2809 1207 caelo,
2840 1149 2889 1194 et
2944 1140 3160 1194 virtutes
3199 1140 3449 1194 rariorum
3507 1156 3650 1193 atoue

2103 1230 2318 1284 buntur.
2368 1229 2435 1283 Et
2468 1240 2591 1284 tunc
2631 1231 2904 1301 apparebit
2941 1232 3152 1302 signum
3190 1229 3321 1286 Filii
3353 1232 3580 1285 [taurinis
3623 1233 3680 1285 in

2102 1323 2249 1390 caelo,
2275 1333 2322 1377 et
2354 1332 2479 1376 tunc
2508 1322 2755 1394 plangant
2785 1338 2840 1378 se
2860 1338 3037 1377 omnes
3063 1323 3230 1377 tribus
3265 1334 3416 1377 terra:
3440 1324 3507 1376 ".
3533 1323 3678 1379 Con-

2103 1414 2408 1470 siderantcs
2460 1414 2696 1484 majores
2743 1416 3148 1485 propositiones
3194 1415 3474 1470 incurrere
3513 1432 3679 1486 quam

2102 1510 2186 1558 est
2223 1516 2418 1558 sensus
2454 1502 2766 1566 hominum,
2804 1503 2968 1556 etiam
3011 1516 3203 1557 eorum
3238 1503 3332 1573 qui
3379 1496 3680 1573 plurimum

2103 1595 2157 1649 in
2187 1594 2455 1664 sapientia
2487 1592 2839 1664 profecerunt
2877 1607 2988 1663 prae
3020 1593 3164 1657 aliis,
3194 1608 3293 1662 age
3317 1593 3681 1649 discutiamus

2103 1700 2449 1755 sermonem:
2487 1683 2726 1753 primum
2754 1683 2974 1753 quidem
3013 1692 3321 1752 quaerentes
3360 1698 3484 1752 quae
3521 1682 3682 1739 facile

2101 1777 2272 1848 recipi
2307 1783 2537 1846 possunt
2582 1776 2649 1830 ad
2687 1775 3086 1845 expositionem
3136 1773 3432 1844 evangelici
3473 1782 3678 1843 textus,

430 1851 781 1946 phetaavsunt
828 1872 1098 1929 mendacii
1148 1872 1297 1927 illius
1352 1870 1500 1942 quod
1553 1879 1637 1926 est
1695 1869 1995 1925 secundum
2029 1851 2257 1939 Bquasi
2285 1866 2517 1922 Domino
2550 1867 2604 1920 in
2656 1866 2776 1936 ipso
2824 1864 3214 1936 prophetante:
3254 1864 3450 1920 deinde
3494 1867 3678 1936 requi-
3770 1924 3775 1929 ,

435 1964 725 2021 Basiliden)
747 1982 762 2032 ;
788 1965 878 2018 alii
910 1978 1042 2018 vero
1074 1963 1219 2018 illius
1249 1961 1395 2033 quod
1419 1959 1718 2017 secundum
1736 1958 1995 2028 Apellem.

433 2054 698 2111 Similiter
745 2054 894 2110 diuis
946 2061 1002 2108 et
1052 2052 1119 2107 de
1165 2049 1615 2122 prazdicatoribus
1661 2049 1997 2121 singularum

429 2146 717 2200 luerosum.
750 2143 944 2198 Omnia
988 2142 1134 2198 enim
1171 2151 1225 2198 ct
1269 2141 1614 2213 persuasoria
1653 2157 1776 2212 quae
1815 2140 2001 2212 prole-

431 2245 627 2289 runtur
673 2235 740 2288 ad
790 2232 1164 2289 defensionem
1223 2231 1542 2288 Antichristi
1600 2232 1784 2297 verbi,
1843 2232 1999 2303 signa

429 2334 558 2380 sunt
607 2325 754 2379 illius
812 2324 1135 2379 Antichristi
1191 2333 1246 2379 et
1319 2323 1607 2394 prodigia:
1655 2337 2000 2393 quascunque

430 2425 797 2487 suggeruntur
848 2430 878 2470 a
942 2415 1349 2486 sapientissimo
1395 2414 1640 2470 omnium
1701 2415 1998 2470 bestiarum

430 2514 585 2558 terra:
619 2512 869 2573 serpente
891 2503 957 2568 ⁸⁷,
988 2511 1043 2559 et
1066 2518 1098 2559 a
1128 2518 1329 2574 magno
1362 2519 1526 2559 sensu
1561 2503 1805 2575 principe
1826 2504 1998 2576 Assy-

429 2595 661 2659 riorum,
692 2594 847 2665 signa
882 2603 1010 2651 sunt
1042 2609 1235 2665 magna
1268 2602 1319 2650 et
1352 2594 1630 2665 prodigia,
1662 2602 1724 2650 ut
1751 2594 1807 2649 in
1845 2609 2000 2650 erro-

430 2704 542 2742 rem
590 2687 955 2752 inducantur,
1014 2686 1060 2742 si
1123 2687 1380 2758 possibile
1424 2696 1544 2754 est,
1600 2688 1764 2744 etiam
1815 2688 1995 2745 electi.

429 2777 875 2849 Exaggerationis
900 2787 1082 2833 autem
1116 2792 1299 2833 sermo
1317 2787 1401 2834 est
1433 2778 1727 2847 dicens,_si
1749 2779 2000 2850 possibile

426 2876 534 2934 est,
594 2883 700 2923 non
763 2871 906 2924 enim
963 2868 1336 2940 pronuntiavit
1394 2885 1570 2942 neque
1613 2870 1784 2938 dixit,
1830 2883 1894 2928 ut
1939 2872 1995 2928 in

428 2974 671 3013 errorem
700 2961 986 3016 mittantur
1012 2961 1174 3018 etiam
1208 2961 1399 3028 electi,
1438 2963 1532 3019 sed
1570 2963 1856 3019 ostendere
1880 2963 1999 3020 vult

425 3049 680 3118 quoniam
740 3051 1051 3121 frequenter
1101 3051 1260 3107 valde
1309 3054 1639 3124 persuasorii
1691 3063 1820 3110 sunt
1876 3070 1996 3112 ser-

424 3155 617 3196 mones
653 3141 1056 3208 haereticorum,
1081 3153 1138 3197 et
1179 3157 1526 3200 commovere
1548 3154 1793 3214 potentes
1829 3138 1994 3200 etiam
2021 3175 2068 3238 ο

424 3244 520 3284 eos
561 3231 652 3299 qui
699 3232 974 3302 sapienter
1018 3233 1268 3289 audiunt.
1314 3231 1419 3289 Sed
1465 3234 1792 3304 praedicente
1832 3236 1993 3292 nobis

425 3319 610 3373 omnia
644 3317 943 3386 Salvatore,
990 3335 1165 3391 neque
1204 3319 1258 3375 iu
1305 3320 1658 3376 solitudinem
1705 3336 1990 3388 exeamus,

423 3426 603 3479 neque
628 3411 1093 3482 qui-profitentur
1132 3411 1410 3467 Christum
1457 3413 1513 3467 in
1554 3413 1805 3469 domibus
1834 3428 1991 3480 esse,

423 3503 731 3559 credamus.
781 3501 876 3558 His
933 3511 1115 3558 autem
1169 3518 1292 3573 quae
1345 3503 1616 3572 diximus,
1669 3505 1993 3575 adjiciamus

426 3596 606 3650 adhuc
633 3596 894 3666 quoniam
925 3594 1105 3649 omnis
1135 3608 1316 3650 sermo
1354 3592 1620 3663 proﬁtens
1660 3609 1719 3649 se
1745 3609 1867 3650 esse
1893 3611 1992 3651 ve-

423 3686 659 3750 ritatem,
692 3702 814 3742 cum
833 3702 940 3741 non
965 3686 1036 3741 sit
1058 3685 1276 3749 veritas,
1309 3683 1424 3740 sive
1438 3684 1579 3755 apud
1604 3684 1851 3757 gentiles,
1879 3685 1994 3741 sive

423 3778 565 3847 apud
596 3778 885 3843 barbaros,
916 3777 1101 3847 aliquo
1134 3775 1299 3831 modo
1335 3774 1710 3830 Antichristus
1748 3783 1860 3842 est,
1897 3790 1993 3830 voo

424 3871 542 3926 lens
573 3870 835 3926 seducere
866 3869 1022 3940 quasi
1063 3867 1283 3933 veritas,
1323 3878 1378 3923 et
1410 3882 1663 3938 separare
1696 3867 1766 3921 ab
1797 3882 1863 3921 eo
1895 3867 1991 3937 qui

422 3960 561 4015 dixit
584 3960 626 3994 ⁸⁸
653 3979 667 4015 :
717 3960 829 4032 Ego
861 3977 976 4014 sum
1004 3960 1221 4014 veritas.
1254 3957 1546 4028 Propterea
1585 3971 1695 4013 non
1730 3958 1991 4012 debemus

422 4049 700 4106 attendere
734 4050 816 4107 eis
855 4051 950 4120 qui
991 4049 1220 4105 dicunt:
1258 4046 1391 4102 Ecce
1435 4047 1519 4101 hic
1564 4044 1841 4112 Christus,
1880 4061 1990 4102 non

422 4150 603 4197 autem
634 4143 929 4198 ostendunt
965 4157 1089 4197 eum
1137 4140 1192 4196 in
1247 4138 1488 4194 Ecclesia
1533 4152 1656 4208 quae
1697 4137 1857 4207 plena
1907 4147 1992 4194 est

422 4233 629 4305 fulgore
663 4234 734 4290 ab
763 4235 972 4290 oriente
998 4246 1173 4304 usque
1199 4231 1267 4287 ad
1296 4228 1654 4294 occidentem,
1685 4243 1808 4298 qua;
1832 4227 1990 4297 plena

408 4334 503 4380 est
531 4325 735 4381 lumine
763 4339 914 4387 vero,
945 4338 1066 4397 mra:
1096 4331 1181 4378 est
1212 4321 1467 4377 columna
1497 4328 1553 4376 et
1586 4318 1988 4374 [irritamentum

416 4419 689 4485 veritatis,
719 4419 773 4472 in
805 4432 915 4487 qua
967 4425 1077 4471 tota
1114 4423 1260 4470 totus
1299 4423 1385 4470 est
1427 4413 1693 4469 adventus
1727 4398 1849 4466 Filii
1891 4412 1991 4466 bo-

2097 1972 2282 2014 remus
2311 1971 2432 2028 quae
2472 1956 2544 2012 sit
2572 1955 2773 2011 veritas
2816 1955 3013 2010 horum
3048 1956 3342 2010 verborum
3375 1957 3676 2011 secundum

2096 2064 2195 2106 eos
2221 2049 2317 2119 qui
2359 2048 2523 2103 altius
2552 2057 2607 2102 et
2645 2047 2903 2102 subtilius
2927 2062 3050 2102 esse
3097 2047 3302 2117 aliquid
3341 2047 3681 2102 arbitrantur

2098 2136 2153 2192 in
2185 2136 2391 2203 verbis,
2425 2143 2706 2191 servantes
2737 2135 3187 2204 consequentiam
3230 2135 3520 2190 moralium
3560 2145 3678 2190 tra-

2098 2228 2370 2284 ditionqu
2396 2227 2561 2281 etiam
2593 2225 2646 2279 in
2676 2225 2783 2290 his,
2815 2226 3274 2296 quemadmodum
3307 2242 3493 2296 supra.
3528 2225 3679 2282 Dicet

2096 2334 2228 2391 ergo
2271 2318 2472 2388 aliquis
2512 2334 2525 2371 :
2576 2316 3046 2382 Quemadmodum
3100 2317 3153 2371 in
3207 2317 3416 2388 magnis
3458 2317 3682 2392 ignibus

2097 2414 2356 2472 succendi
2398 2409 2825 2484 incipientibus,
2870 2411 3105 2467 tenebrm
3138 2426 3204 2464 ex
3251 2409 3406 2464 fumo
3438 2410 3676 2480 plurimo

2096 2490 2351 2562 videntur
2389 2505 2597 2571 extolli,
2642 2505 2723 2560 sic
2771 2505 2825 2558 iu
2858 2500 3333 2560 consummatione
3369 2504 3559 2560 mundi
3604 2505 3676 2560 ab

2097 2597 2221 2668 igne
2265 2596 2356 2669 qui
2413 2597 2793 2652 accendendus
2845 2603 2960 2661 est,
3014 2595 3455 2651 obscurabuntur
3509 2595 3673 2659 etiam

2096 2688 2390 2744 luminaria
2420 2703 2640 2759 magna,
2674 2697 2753 2752 ut,
2784 2688 2900 2743 sole
2925 2686 3238 2753 obscurato,
3276 2695 3677 2757 consequenter

2097 2780 2486 2836 obscuratione
2513 2780 2648 2835 solis
2673 2779 2840 2834 etiam
2870 2779 3001 2834 luna
3049 2779 3328 2849 impedita,
3359 2792 3462 2833 nec
3489 2792 3521 2832 a
3561 2778 3676 2832 sole

2097 2868 2380 2940 percipere
2405 2868 2592 2924 lumen
2625 2883 2727 2923 nec
2753 2868 3036 2939 proprium
3069 2867 3252 2921 lumen
3285 2866 3418 2922 dare
3437 2865 3671 2921 sinatur.

2098 2960 2165 3016 Et
2193 2960 2274 3016 sic
2303 2974 2527 3016 necesse
2554 2967 2639 3015 est
2665 2959 3126 3029 comprehendant
3180 2956 3367 3011 mundi
3420 2965 3670 3012 naturam

2097 3052 2333 3121 primum
2389 3049 2625 3105 tenebrae
2674 3064 2886 3120 magna:
2934 3067 2949 3104 :
2999 3049 3081 3105 sic
3127 3058 3307 3103 autem
3366 3063 3673 3118 permarcc-

2096 3148 2284 3199 scente
2322 3141 2602 3197 stellarum
2648 3141 2877 3207 inmitte,
2924 3141 3198 3210 reliquum
3250 3154 3439 3193 carum
3472 3154 3674 3209 corpus

2096 3230 2341 3286 crassius
2367 3228 2569 3284 factum
2594 3238 2655 3284 ut
2677 3245 2782 3284 non
2812 3229 2988 3284 valeat
3010 3227 3237 3283 exaltari
3269 3228 3410 3280 sicut
3433 3225 3670 3295 primum

2095 3338 2220 3379 cum
2244 3337 2275 3377 a
2301 3322 2509 3377 lumine
2543 3322 2663 3392 ipso
2705 3330 2977 3391 portatum
3007 3318 3387 3389 extollebatur,
3423 3316 3578 3373 cadet
3604 3317 3673 3373 de

2093 3415 2253 3470 ccelo.
2311 3411 2410 3468 llis
2468 3412 2845 3467 accidentibus
2898 3425 3241 3481 consequens
3278 3415 3363 3463 est
3404 3411 3667 3466 ccelorum

2094 3506 2446 3562 rationabiles
2496 3504 2764 3567 virtutes,
2808 3502 3301 3574 866patientes
3350 3512 3666 3573 stuporem,

2093 3598 2520 3653 commotionem
2562 3595 2812 3673 aliquant
2856 3593 2967 3661 pati
2992 3602 3048 3647 ct
3080 3594 3676 3658 conturbari,remotas-

2095 3687 2346 3743 videlicet
2375 3701 2406 3741 a
2443 3685 2634 3756 primis
2664 3683 3036 3759 [unctionibus
3057 3684 3192 3739 suis.
3232 3682 3304 3737 Ita
3331 3684 3423 3753 qni
3448 3684 3561 3739 haec
3587 3684 3668 3738 sic

2094 3777 2352 3848 intelligit
2395 3790 2538 3838 esse,
2581 3774 2802 3844 adjiciet
2839 3774 2966 3843 quia
2999 3774 3212 3844 signum
3251 3772 3373 3828 Filii
3425 3773 3668 3829 hominis

2093 3869 2148 3924 in
2177 3885 2291 3938 quo
2331 3867 2572 3923 caelestia
2603 3864 2746 3920 facta
2794 3874 2925 3919 sunt
2967 3881 3091 3935 quae
3132 3866 3189 3919 in
3235 3864 3391 3920 caelis
3415 3874 3573 3920 erant
3615 3879 3668 3921 et

2092 3979 2215 4035 qua:
2247 3962 2301 4016 in
2335 3960 2516 4025 terris,
2546 3968 2678 4015 tunc
2700 3956 3023 4030 apparebit:
3057 3966 3271 4026 ulputa,
3303 3956 3477 4014 virtus
3497 3974 3662 4028 quam

2091 4059 2455 4125 operatuscst
2496 4048 2668 4104 Filius
2714 4065 3014 4120 suspensus
3043 4047 3097 4104 in
3142 4049 3317 4121 ligno;
3353 4056 3408 4103 ct
3436 4049 3491 4103 in
3525 4050 3666 4105 (οωιυ

2091 4144 2330 4201 maxime
2378 4141 2607 4211 fulgebit
2661 4141 2876 4213 signum
2920 4142 3127 4212 ipsius;
3188 4152 3243 4197 et
3294 4141 3544 4197 homines
3597 4157 3663 4197 cx

2089 4236 2350 4294 omnibus
2380 4234 2633 4290 tribubus
2660 4234 2753 4305 qui
2788 4234 2942 4304 prius
2972 4250 3080 4289 non
3120 4235 3468 4291 crediderunt
3501 4236 3663 4291 Chri-

2089 4325 2352 4385 stianitati
2404 4324 2775 4389 annuntians,
2819 4327 2997 4380 adhuc
3049 4336 3230 4381 autem
3287 4327 3428 4382 male
3485 4327 3551 4383 de
3596 4345 3659 4383 ea

2088 4423 2364 4490 dixerunt,
2395 4434 2527 4480 tunc
2547 4428 2997 4491 recognoscentes
3020 4434 3115 4488 per
3137 4419 3354 4488 signum
3383 4419 3514 4474 illud
3539 4436 3657 4473 ma—

419 4510 585 4564 minis
612 4510 842 4564 dicentis
873 4507 1128 4563 omnibus
1151 4507 1246 4577 qui
1290 4504 1490 4575 ubique
1517 4513 1684 4560 sunt:
1717 4504 1854 4559 Ecce
1891 4520 1984 4575 ego
2016 4502 2061 4559 D
2092 4516 2406 4572 "aestatum
2429 4556 2445 4581 ,
2494 4516 2751 4585 pungent
2796 4527 2886 4578 se,
2930 4520 2985 4566 et
3026 4511 3399 4566 lamentabunt
3437 4504 3656 4581 propter

420 4600 684 4655 uobiscum
714 4615 831 4654 sum
860 4597 1104 4652 omnibus
1148 4597 1329 4652 diebus
1361 4597 1517 4661 vita,
1558 4612 1722 4668 usque
1746 4597 1816 4650 ad
1858 4612 1985 4650 con-

406 4690 823 4748 summationem
864 4688 1129 4744 seculi".
1171 4687 1237 4743 Et
1274 4689 1585 4758 ubicunque
1632 4687 1795 4743 fuerit
1839 4687 1986 4759 quod

415 4792 501 4837 est
528 4780 827 4836 secundum
867 4780 1335 4850 dispensationem
1379 4779 1654 4852 passionis
1687 4779 1808 4850 ejus
1831 4821 1846 4846 ,
1893 4794 1986 4835 ca-

416 4877 582 4928 daver
607 4871 749 4943 ejus,
779 4872 874 4943 qui
908 4872 1030 4927 ideo
1051 4873 1249 4928 cecidit
1283 4881 1344 4926 ut
1373 4872 1545 4942 erigat
1574 4886 1671 4927 eos
1705 4871 1799 4940 qui
1836 4868 1984 4926 ccci.

412 4968 634 5035 derunt,
672 4967 803 5022 illuc
848 4966 1323 5035 congregabuntur
1371 4983 1479 5023 non
1533 4966 1945 5035 qualescunque
1967 5000 1984 5028 ,

415 5060 509 5116 sed
537 5058 735 5130 aquilae
761 5056 1035 5127 discipuli.
1076 5056 1153 5113 De
1172 5058 1374 5126 quibus
1410 5057 1573 5114 etiam
1608 5057 1872 5129 propheta
1902 5056 1986 5111 di-

406 5155 677 5212 cebat”:
714 5152 1142 5224 Pennigerabuut
1189 5154 1327 5206 sicut
1366 5153 1600 5224 aquilis,
1647 5167 1697 5207 et
1748 5161 1980 5217 current,

413 5257 463 5301 et
507 5263 610 5301 non
646 5244 997 5311 laborabunt,
1044 5253 1093 5298 et
1139 5243 1323 5309 ibunt,
1374 5254 1422 5298 et
1474 5260 1576 5297 non
1623 5245 1872 5299 esuriem.
1918 5243 1985 5301 Et

416 5337 672 5393 Salomon
698 5337 755 5391 in
801 5336 1110 5391 Proverbiis
1132 5336 1175 5367 "
1207 5335 1473 5390 assimilat
1496 5351 1620 5389 eum
1650 5335 1744 5405 qui
1780 5335 1833 5389 in
1873 5333 1982 5390 Deo

415 5436 500 5482 est
525 5428 696 5495 dives,
727 5429 916 5483 dicens
941 5446 955 5482 :
991 5426 1205 5482 Parata:
1232 5435 1352 5480 sunt
1376 5426 1425 5479 ei
1452 5442 1633 5494 penna:
1661 5427 1798 5479 sicut
1830 5426 1984 5496 aqui-

412 5523 519 5589 ιω,
551 5533 599 5575 et
633 5532 959 5577 conuertetur
1001 5522 1056 5576 in
1085 5521 1239 5574 domo
1291 5519 1559 5590 praepositi
1599 5518 1703 5573 sui.
1748 5517 1815 5573 Et
1840 5508 1983 5573 "\‘idc

2093 4605 2457 4677 ignorantiam
2514 4619 2670 4661 suam
2725 4609 2891 4672 atque
2941 4610 3196 4670 peccata,
3254 4601 3382 4670 quia
3430 4601 3656 4657 verbum

2091 4694 2307 4749 Domini
2329 4695 2623 4765 ﬁguraliter
2650 4708 2760 4747 non
2794 4698 3134 4761 receperunt.
3166 4691 3321 4745 Alius
3342 4706 3469 4746 vero
3502 4690 3661 4747 aliter

2092 4784 2449 4839 arbitrabitur
2500 4783 2568 4838 de
2622 4781 2708 4837 his
2765 4779 2995 4836 verbis:
3035 4781 3294 4851 quoniam
3347 4781 3491 4837 sicut
3546 4783 3661 4838 haec

2089 4875 2252 4931 verba
2281 4876 2675 4938 demonstrant,
2708 4885 2811 4926 nec
2844 4884 2941 4942 per
2967 4871 3147 4940 ignem
3183 4872 3273 4927 iiet
3307 4872 3498 4928 mundi
3532 4887 3662 4929 cor-

2088 4966 2291 5037 ruptio,
2324 4964 2421 5021 sed
2462 4979 2559 5035 per
2584 4962 2944 5020 defectionem
2979 4963 3173 5033 ipsius.
3206 4962 3274 5018 Et
3316 4964 3457 5019 alius
3486 4964 3661 5019 utitur

2085 5056 2356 5125 exemplo,
2389 5054 2647 5126 quoniam
2676 5054 2817 5109 sicut
2859 5053 3144 5110 deﬁciente
3172 5054 3379 5110 lumine
3421 5054 3660 5111 lucerna

2086 5146 2348 5217 paulatim
2379 5144 2644 5199 minuitur
2669 5144 2851 5200 lumen
2876 5184 2891 5210 ,
2936 5145 3018 5199 sic
3048 5144 3352 5200 caelestium
3387 5144 3655 5199 luminum

2087 5238 2374 5294 deﬁciente
2420 5235 2752 5300 nutrimiue,
2802 5235 2887 5290 sol
2919 5235 3343 5301 obscurabitur,
3386 5235 3501 5305 jam
3547 5250 3655 5290 nou

2090 5330 2297 5386 habens
2327 5345 2492 5400 super
2515 5343 2576 5384 se
2602 5327 2874 5382 venientia
2897 5328 3228 5397 spiramenta
3249 5326 3319 5381 ab
3347 5327 3447 5382 eis.
3465 5326 3657 5396 Maiori

2089 5433 2275 5479 autem
2308 5419 2567 5476 luminari
2598 5420 2715 5475 haec
2745 5418 3001 5487 patiente,
3036 5419 3207 5473 multo
3228 5416 3403 5488 magis
3435 5425 3490 5472 et
3528 5417 3658 5473 luna

2090 5529 2191 5571 nec
2241 5513 2420 5583 ipsum
2471 5515 2671 5583 poterit
2733 5511 2991 5568 exhibere
3045 5508 3387 5581 splendorem
3437 5507 3656 5580 igneum

485 5788 531 5822 "
561 5788 697 5846 Gen.
722 5806 802 5847 lli.
893 5792 938 5825 “
964 5791 1122 5849 Jean.
1156 5808 1268 5859 xlv,
1302 5792 1356 5847 6.
1434 5791 1478 5824 ‘9
1501 5790 1693 5848 Matth.
1724 5804 1923 5856 xxviii,
1947 5787 2039 5846 20.
2114 5786 2160 5819 ⁸⁸
2191 5783 2297 5841 lsa.
2320 5797 2406 5849 η,
2436 5782 2524 5837 5|.
2603 5782 2644 5816 "
2672 5795 2827 5847 xxm,
2854 5779 2907 5836 5.
2982 5779 3029 5812 "
3053 5777 3242 5834 Matth.
3274 5794 3419 5844 μιν,
3447 5776 3538 5846 ‘39,
3566 5774 3657 5830 50.
