4052 6304
345 5860 369 5874 κ

365 323 492 381 1671

1549 327 1871 387 ORlGENlS
1905 328 1971 385 IN
2013 327 2427 385 MAT'l‘ll-z‘EUM

3493 320 3631 392 tota!

365 456 541 522 illum,
569 463 621 510 et
651 451 950 508 secundum
1003 447 1336 506 defectiones
1380 457 1509 503 suas
1555 456 1930 518 apparentem.
1973 451 2014 505 Α
2044 445 2315 516 qumdam,
2354 442 2660 500 secundum
2690 440 2838 512 quod
2872 452 3190 512 possumus,
3225 441 3506 498 moraliter
3535 460 3631 500 es-

367 547 464 601 llis
488 562 618 616 ergo
647 542 1090 614 contingentibus
1124 558 1290 613 super
1316 542 1487 597 solem
1506 584 1520 606 ,
1560 541 1743 595 lumen
1771 541 1936 595 etiam

365 639 645 694 stellarum
673 635 908 698 delieiet,
951 642 1012 688 ut
1039 634 1185 704 quod
1225 635 1552 688 remanserit
1585 634 1639 687 in
1673 633 1754 688 eis
1787 633 1942 702 quasi

366 740 638 784 terrenum
665 726 823 780 cadat
847 725 913 780 de
937 727 1078 781 caelo
1102 744 1114 780 :
1135 735 1194 782 et
1213 741 1406 781 omnes
1431 725 1694 781 oculorum
1718 725 1947 780 virtutes

367 822 454 878 his
479 818 856 876 accidentibus
887 812 1274 874 movebuntur.
1294 817 1450 872 Sicut
1475 817 1620 872 enim
1647 817 1698 870 in
1722 816 1946 887 dispen-

365 913 575 968 satione
601 909 819 976 crucis,
857 909 972 964 sole
1011 909 1297 964 deﬁciente
1341 907 1580 962 tenebrze
1623 906 1778 962 iactae
1821 916 1949 962 sunt

364 1018 529 1071 super
567 1017 784 1056 onmem
838 1010 1076 1067 terram,
1122 1001 1202 1055 sic
1245 1007 1299 1054 et
1349 1002 1504 1070 signo
1536 998 1657 1053 Filii
1709 998 1948 1053 hominis

365 1102 660 1163 apparente
690 1094 744 1146 in
789 1093 951 1158 coelo,
986 1091 1203 1147 deﬁciet
1249 1091 1382 1149 solis
1427 1091 1645 1156 lumen,
1681 1100 1735 1144 et
1783 1090 1944 1156 lume,

365 1187 545 1241 adhuc
586 1198 640 1240 et
685 1186 1006 1249 stellarum,
1059 1185 1217 1254 quasi
1274 1191 1663 1252 consumptum
1706 1198 1735 1236 a
1776 1183 1945 1236 multa

366 1280 565 1333 virtute
609 1282 750 1347 stgni
800 1277 967 1330 illius.
1011 1278 1132 1342 Quo
1171 1283 1488 1345 apparente,
1537 1290 1658 1344 qua:
1703 1282 1834 1328 tunc
1892 1275 1946 1328 in

369 1371 530 1425 terris
579 1371 942 1426 remanserint
992 1370 1168 1425 tribus
1208 1369 1464 1440 plangent
1510 1383 1588 1422 se.
1646 1367 1836 1422 Utetur
1880 1372 1948 1425 ad

368 1465 482 1518 haec
517 1465 768 1534 exemplo
810 1465 961 1518 Isaia:
1004 1465 1282 1533 prophetae
1326 1461 1561 1517 dicentis
1599 1463 1703 1517 hoc
1742 1463 1946 1519 modo:

365 1559 412 1589 ⁸³
436 1557 570 1610 Ecce
605 1559 716 1612 dies
751 1557 959 1611 Domini
991 1556 1302 1612 insanabilis
1327 1558 1502 1621 venit,
1534 1559 1632 1612 ira:
1653 1569 1701 1613 et
1729 1557 1950 1627 furoris,

363 1666 555 1717 ponere
585 1648 759 1702 orbem
811 1658 964 1703 terra:
993 1648 1292 1712 desertum,
1324 1658 1372 1702 et
1417 1659 1710 1717 peccatores
1739 1649 1952 1718 perdere

364 1755 431 1794 ea:
469 1756 552 1792 ea.
585 1737 768 1792 Stella:
810 1740 950 1792 enim
993 1739 1130 1802 caeli,
1161 1749 1210 1793 et
1241 1740 1438 1804 Orion,
1481 1749 1530 1792 et
1570 1741 1746 1792 omnia
1792 1757 1946 1793 orna-

2047 553 2332 608 ponemus.
2363 535 2552 591 Dicent
2576 543 2758 589 autem
2791 533 3108 603 hujusmodi
3148 533 3440 590 homines:
3477 533 3630 602 Quo-

2049 629 2211 682 modo
2265 635 2444 696 potest
2482 625 2589 681 dici
2646 625 2714 682 de
2775 625 2888 680 sole
2935 626 3197 696 quoniam
3247 628 3634 684 obscurabitul‘

2049 720 2230 773 lmne‘n
2259 705 2399 788 eius,
2427 717 2648 788 quando
2675 717 2848 772 Isaias
2883 718 3147 788 propheta
3181 719 3487 788 profectum
3531 721 3636 776 ali‘o

2047 815 2210 879 quem
2263 809 2395 864 solis
2441 795 2498 862 in
2539 809 3018 864 eonsumtnatione
3068 811 3187 865 fore
3231 811 3497 880 declarat,
3543 813 3636 870 hic

2048 912 2230 957 autem
2271 917 2454 958 sermo
2496 895 2945 971 ademptiouem?
2991 899 3257 958 Similiter
3301 914 3356 960 et
3391 905 3459 961 de
3500 907 3633 960 luna

2049 994 2216 1051 Isaias
2242 982 2461 1065 quidem
2505 991 2670 1049 refert
2721 980 2984 1065 quoniam
3027 995 3130 1050 erit
3163 997 3308 1052 sicut
3343 997 3446 1063 sol,
3494 1014 3635 1069 pra:-

2050 1103 2178 1142 sens
2214 1096 2396 1140 autem
2433 1101 2649 1152 sermo,
2695 1072 2824 1156 quia
2861 1101 2970 1140 non
3021 1074 3170 1143 dabit
3217 1091 3400 1144 lumen
3445 1107 3631 1148 suum.

2050 1172 2126 1233 De
2160 1179 2333 1234 stellis
2367 1186 2548 1231 autem
2582 1175 2712 1230 talia
2748 1175 2963 1245 dicent,
2999 1179 3258 1250 quoniam
3287 1182 3357 1237 de
3396 1191 3537 1238 terra
3578 1185 3632 1238 in

2049 1273 2248 1328 cmlum
2285 1270 2520 1324 multum
2577 1259 2812 1340 spatium
2867 1280 2989 1336 est,
3025 1272 3263 1327 maxime
3312 1274 3381 1328 ad
3437 1285 3631 1330 zonam

2051 1365 2286 1420 mediam
2333 1363 2386 1418 in
2423 1379 2530 1434 qua
2581 1368 2688 1416 n'on
2735 1365 2865 1418 situt
2903 1353 3148 1418 erratica:
3183 1358 3387 1432 stellse;
3430 1368 3634 1422 secum

2051 1458 2180 1513 dum
2213 1455 2709 1512 considerationem
2746 1471 2877 1526 ergo
2913 1442 3217 1512 altitudinis
3252 1458 3374 1527 ejus
3405 1468 3488 1513 est
3518 1461 3637 1514 cxi-

2052 1551 2297 1612 stimare,
2332 1547 2591 1617 quoniam
2621 1545 2722 1600 nisi
2756 1555 2922 1616 supra
2951 1547 3172 1601 modum
3213 1549 3398 1603 essent
3426 1556 3636 1621 magnfe

2052 1643 2242 1705 stellae,
2282 1656 2458 1710 neque
2501 1647 2654 1692 tanto
2700 1639 2878 1707 spatio
2913 1638 3096 1692 lumen
3135 1654 3322 1694 eorum
3366 1632 3638 1696 videretur

2055 1735 2124 1789 ab
2151 1733 2409 1788 omnibus
2435 1730 2528 1801 qui
2561 1739 2690 1786 sunt
2715 1730 2767 1782 in
2797 1729 2946 1783 omni
2978 1739 3129 1799 parte
3158 1739 3449 1786 terrarum.
3481 1727 3635 1788 Sicut

375 1843 547 1885 menta
578 1830 692 1883 cteli
726 1846 828 1883 non
859 1829 1058 1883 dabunt
1087 1830 1262 1883 lunten
1296 1847 1474 1893 suum,
1499 1840 1548 1884 et
1587 1832 1954 1884 obscurabitur
1988 1823 2026 1876 Β
2056 1837 2236 1880 autem
2267 1823 2488 1892 quidam
2513 1821 2694 1876 dicere
2724 1830 2954 1887 tentant,
2987 1830 3081 1876 aut
3105 1837 3297 1877 omnes
3323 1835 3417 1878 aut
3454 1825 3635 1894 plures

375 1925 430 1976 in
467 1923 663 1975 oriente
707 1921 809 1985 sol,
844 1931 893 1976 et
933 1922 1061 1975 luna
1104 1938 1206 1974 non
1239 1921 1390 1974 dabit
1435 1922 1735 1976 claritatem
1777 1939 1948 1978 suam.

369 2013 439 2067 Et
469 2014 781 2084 praecipiam
831 2013 945 2067 orbi
997 2023 1152 2068 terra:
1199 2013 1344 2066 mala
1372 2052 1388 2076 ,
1436 2025 1486 2067 et
1536 2015 1711 2082 impiis
1741 2025 1954 2084 peccata

365 2121 572 2159 eorum.
613 2104 741 2159 ltem
783 2113 838 2160 et
873 2103 940 2159 de
976 2103 1088 2160 Joel
1131 2105 1258 2159 talia
1298 2105 1344 2137 “
1386 2124 1400 2160 :
1440 2106 1574 2160 Ante
1605 2105 1794 2174 [aciem
1838 2106 1953 2175 ejus

369 2198 725 2266 confundetur
757 2208 918 2264 terra,
945 2207 993 2251 et
1029 2197 1323 2252 movebitur
1361 2197 1568 2252 calum.
1606 2195 1698 2250 Sol
1736 2208 1785 2250 et
1825 2197 1950 2252 luna

371 2289 808 2354 contenebricati,
841 2289 1010 2343 stella:
1040 2305 1142 2343 non
1174 2288 1374 2342 dabunt
1399 2289 1596 2354 lumen,
1621 2297 1669 2342 et
1697 2287 1951 2342 Dominus

367 2382 515 2433 dabit
566 2397 739 2434 vocem
771 2397 924 2434 suam
975 2391 1097 2434 ante
1141 2381 1332 2448 faciem
1387 2381 1601 2435 virtutis
1644 2397 1776 2446 stuc,
1826 2383 1952 2451 quia

369 2473 552 2526 valida
583 2485 704 2527 sunt
745 2483 922 2527 castra
970 2475 1084 2537 eius
1121 2474 1307 2538 nimis,
1344 2474 1593 2542 quoniam
1627 2474 1790 2542 fortia
1831 2484 1951 2528 sunt

368 2579 528 2640 opera
564 2566 839 2616 verborum
881 2564 1012 2632 ejus.
1051 2563 1176 2627 Item
1211 2563 1254 2594 ³⁵³
1287 2577 1302 2616 :
1336 2561 1403 2615 Et
1432 2561 1570 2616 dabo
1611 2565 1857 2634 prodigia
1899 2565 1952 2618 in

368 2654 496 2708 calo
527 2671 774 2720 sursum,
819 2665 866 2708 et
909 2662 963 2708 in
1009 2666 1187 2717 terra,
1227 2657 1537 2726 sanguinis,
1585 2665 1634 2708 et
1676 2656 1855 2725 ignis,
1904 2663 1955 2710 et

367 2761 639 2814 vaporum.
691 2745 783 2800 Sol
833 2758 1180 2803 convertatur.
1212 2751 1267 2802 in
1311 2751 1549 2805 tenebras
1577 2785 1593 2812 ,
1635 2758 1685 2802 et
1729 2747 1858 2802 luna
1898 2748 1955 2802 in

367 2839 716 2908 sanguinem,
751 2840 1060 2908 priusquam
1110 2841 1286 2895 veniat
1325 2840 1436 2895 dies
1471 2839 1689 2893 Domini
1731 2855 1953 2910 magnus

366 2939 416 2982 et
467 2931 779 2998 prtvclarus.
836 2931 899 2984 Et
948 2931 1033 2984 bis
1084 2931 1285 2985 similia
1353 2930 1523 2985 multa
1601 2929 1848 2984 invenies
1898 2930 1952 2984 in

370 3018 694 3090 Seripturis,
724 3022 769 3076 si
816 3021 952 3075 nihil
993 3022 1138 3076 aliud
1166 3023 1220 3076 in
1259 3022 1398 3077 locis
1440 3021 1775 3091 evangelieis
1804 3021 1954 3093 aspi-

369 3112 496 3166 cere
538 3111 781 3166 volueris
820 3123 1016 3180 pra-ter
1049 3112 1318 3182 simplicia
1368 3112 1556 3166 verba.
1587 3110 1722 3166 Nam
1769 3120 1825 3166 et
1861 3126 1953 3167 se-

367 3205 610 3259 cundum
665 3205 768 3257 hoc
811 3205 957 3274 quod
1007 3204 1175 3269 dicit,
1219 3215 1342 3259 tunc
1384 3205 1629 3275 plangent
1675 3221 1729 3258 se
1777 3222 1952 3260 omnes

373 3292 542 3347 tribus
571 3305 746 3355 terrae,
781 3292 938 3362 quasi
983 3293 1131 3359 nulla
1176 3309 1315 3363 opus
1372 3294 1578 3350 habens
1625 3295 1954 3366 interpreta-

367 3384 550 3448 tione,
582 3384 816 3453 aecipies
847 3383 916 3438 de
959 3386 1221 3455 propheta
1264 3385 1526 3441 Zacharia
1587 3387 1715 3442 talia
1749 3389 1910 3444 verba
1938 3407 1952 3444 :

370 3474 440 3529 Et
463 3476 562 3528 erit
584 3475 636 3527 in
661 3474 754 3528 i’la
784 3475 892 3538 die,
921 3493 1157 3547 quwram
1185 3478 1398 3546 auferre
1420 3493 1598 3532 omnes
1639 3490 1814 3549 gentes
1837 3497 1957 3549 quae

369 3571 569 3622 venient
606 3585 764 3638 super
799 3568 1123 3637 Jerusalem,
1149 3579 1199 3624 et
1240 3571 1514 3640 effundam
1551 3589 1710 3642 super
1741 3573 1956 3628 domum

370 3657 562 3722 David,
605 3669 656 3712 et
691 3677 848 3728 super
881 3676 1060 3716 omnes
1087 3661 1388 3718 habitantes
1432 3665 1486 3716 in
1513 3663 1816 3718 Jerusalem
1848 3665 1959 3735 spi-

371 3751 533 3802 ritum
572 3751 763 3819 gratic
808 3760 856 3804 et
905 3753 1305 3808 miserationis:
1347 3764 1396 3808 et
1439 3756 1718 3824 respicient
1764 3756 1834 3809 ad
1877 3772 1958 3810 me

371 3850 584 3908 propter
611 3840 751 3909 quod
783 3841 1136 3908 saltaverunt,
1163 3853 1212 3897 et
1246 3845 1496 3916 plungent
1525 3862 1684 3913 super
1707 3862 1762 3900 se
1803 3845 1958 3916 plan-

369 3944 514 3985 ctum
542 3933 678 3985 sicut
718 3949 874 4000 super
911 3933 1183 3997 dilectum,
1208 3945 1256 3989 et
1302 3935 1554 3990 dolebant
1601 3936 1782 3990 dolore
1822 3939 1958 3991 sicut

375 4039 532 4091 super
560 4025 986 4094 primogenitum.
1024 4024 1089 4078 In
1120 4025 1215 4079 illo
1241 4027 1328 4081 die
1353 4027 1784 4097 magniﬁcabitur
1805 4028 1958 4098 plan-

372 4124 488 4166 ctus
521 4131 678 4184 super
703 4113 1003 4169 Jerusalem
1034 4118 1170 4170 sicut
1204 4117 1450 4186 planctus
1481 4120 1611 4173 ntali
1651 4122 1864 4190 granati
1905 4123 1958 4175 in

375 4220 558 4272 campo
581 4207 769 4270 excisi,
806 4218 856 4261 et
901 4208 1114 4278 planget
1148 4226 1203 4263 se
1247 4220 1388 4262 terra
1422 4227 1514 4280 per
1543 4210 1747 4277 tribus;
1790 4213 1958 4266 tribus

373 4297 560 4351 domus
602 4298 773 4352 David
803 4317 1063 4363 seorsum,
1095 4311 1143 4354 et
1174 4303 1418 4357 mulieres
1460 4319 1640 4357 eorum
1687 4321 1958 4370 seorsum;

376 4390 542 4441 tribus
584 4389 772 4444 domus
805 4389 1026 4446 Nutltan
1070 4409 1328 4458 seorsum,
1397 4403 1447 4448 et
1491 4396 1738 4452 mulieres
1779 4413 1959 4451 eorunt

376 4497 642 4544 seorsum;
663 4483 830 4536 tribus
843 4483 1027 4537 domus
1043 4484 1165 4538 Levi
1177 4503 1430 4553 seorsum,
1447 4497 1494 4540 et
1517 4488 1759 4542 mulieres
1780 4505 1958 4543 eorum

377 4591 654 4638 seorsum;
682 4576 852 4628 tribus
890 4577 1078 4630 domus
1107 4577 1318 4632 Simeen
1349 4595 1605 4643 seorsum,
1639 4589 1686 4635 et
1715 4581 1957 4635 mulieres

377 4684 555 4721 eorum
588 4685 863 4734 seorsum;
902 4688 1080 4725 omnes
1111 4671 1282 4726 tribus
1321 4690 1438 4743 qua:
1475 4673 1775 4728 saltrelictte
1811 4684 1955 4741 sunt,

379 4773 648 4823 seorsum,
685 4769 735 4811 et
782 4760 1028 4815 mulieres
1083 4777 1264 4814 eorum
1302 4779 1537 4814 seorsum
1559 4763 1625 4815 ⁸⁸.
1675 4761 1959 4817 Videbitur

377 4862 508 4917 ergo
533 4849 859 4917 quibusdam
891 4868 1065 4922 usque
1095 4853 1199 4906 hoc
1226 4852 1723 4922 interpretationem
1760 4855 1957 4910 debere

380 4939 700 5008 producere,
735 4953 786 4994 et
817 4943 950 4995 nihil
980 4945 1256 4998 discutere
1285 4959 1446 5013 supra
1481 4953 1706 4998 textum.

451 5028 540 5083 49.
584 5028 854 5097 Quoniam
899 5043 1082 5088 autem
1122 5033 1213 5102 qui
1261 5034 1504 5103 loquitur
1551 5035 1617 5088 de
1660 5033 1960 5104 Scripturis

379 5120 600 5183 divinis,
631 5122 790 5176 debet
817 5139 1010 5178 curare
1051 5140 1156 5179 non
1195 5125 1371 5178 solum
1412 5125 1710 5193 simplices,
1764 5136 1823 5179 ut
1865 5142 1959 5180 ue-

382 5213 548 5284 gligat
575 5230 740 5269 causa
769 5231 961 5269 eorum
1012 5217 1134 5272 illos
1173 5217 1266 5287 qui
1311 5227 1544 5285 possunt
1591 5217 1960 5272 abundantius

385 5307 659 5360 sustinere
703 5307 995 5361 verborum
1035 5309 1319 5362 subtilium
1379 5319 1655 5374 naturam,
1701 5325 1766 5362 ne
1824 5308 1960 5364 forte

387 5396 538 5452 falsae
584 5400 695 5452 sint
747 5400 1066 5454 traditiones
1107 5399 1461 5469 huiusmodi,
1515 5409 1568 5453 ct
1621 5400 1756 5454 nihil
1820 5399 1957 5464 tale,

386 5492 547 5558 quale.
579 5491 737 5544 debet
767 5507 888 5546 esse
912 5493 1054 5559 quod
1090 5509 1119 5546 a
1153 5492 1262 5546 Ι)ρο
1283 5493 1391 5558 dici
1430 5493 1623 5548 debeat
1661 5494 1727 5546 de
1765 5491 1958 5561 hujus-

385 5578 530 5631 modi
575 5579 776 5633 rebus:
815 5590 1034 5649 propter
1075 5580 1388 5651 huiusmodi
1433 5597 1565 5653 ergo
1599 5584 1745 5637 vires
1785 5598 1956 5652 pauca

457 5756 503 5790 ”
529 5755 631 5829 isa,
663 5777 781 5828 xm,
815 5764 965 5820 9-H.
1045 5764 1086 5797 “
1118 5761 1252 5820 Jocl.
1288 5781 1347 5830 ιι,
1383 5765 1469 5835 10,
1506 5766 1587 5819 Η.

1666 5765 1710 5798 ⁵³
1739 5765 1865 5821 ibid.
1898 5762 1986 5830 '50,
2017 5763 2104 5820 5i.

2056 1931 2243 1969 carum
2283 1913 2518 1982 majores
2564 1926 2686 1967 esse
2721 1927 2884 1982 quam
2937 1912 3052 1982 ipsa
3111 1923 3194 1968 est
3242 1921 3419 1981 terra,
3471 1932 3637 1986 argus

2059 2014 2242 2059 mento
2291 2010 2508 2056 utentes
2554 2002 2622 2056 ad
2673 2003 3166 2057 commendandam
3203 2004 3466 2059 rationem
3513 2021 3638 2060 vers

2058 2095 2251 2149 borum
2285 2108 2548 2160 suorum,
2585 2092 2848 2162 quoniam
2883 2108 3046 2148 omne
3085 2093 3279 2149 cmlum
3318 2096 3369 2148 in
3411 2099 3634 2150 modum

2057 2189 2282 2258 Sphtera:
2335 2186 2627 2241 collectum
2701 2185 3016 2241 universam
3085 2189 3462 2256 cmnplectitur
3523 2198 3638 2244 tera

2057 2295 2196 2343 ram,
2241 2278 2425 2332 dicent
2468 2276 2632 2331 etiam
2671 2277 2878 2347 aliquid
2915 2279 3061 2331 tale:
3113 2281 3376 2348 quoniam
3411 2281 3503 2350 qui
3547 2297 3640 2334 ve.

2059 2372 2272 2426 ritatem
2298 2369 2571 2425 dictorum
2610 2368 2842 2425 istorum
2880 2370 3204 2440 simpliciter
3232 2388 3296 2426 ex
3335 2372 3454 2442 ipso
3490 2373 3644 2429 colli-

2057 2474 2191 2536 gunt
2229 2473 2376 2519 textu
2426 2479 2542 2520 rem
2589 2472 2784 2519 natura
2836 2464 2954 2534 ipsa
3010 2464 3405 2534 impossibilem
3452 2469 3641 2523 dicunt

2057 2569 2116 2613 ut
2140 2556 2478 2628 possibilem,
2523 2565 2581 2610 ut
2618 2556 2788 2611 Stellae
2825 2566 2990 2610 tantae
3025 2557 3412 2622 magnitudinis
3441 2560 3641 2615 cadant

2054 2652 2122 2708 de
2165 2651 2325 2706 caelo.
2371 2647 2492 2716 Quo
2522 2649 2667 2703 enim
2722 2657 2777 2702 et
2840 2651 3036 2704 cadant
3089 2665 3215 2704 cum
3265 2651 3643 2722 magnitudine

2054 2759 2244 2799 earum
2279 2757 2386 2797 non
2415 2740 2649 2797 sulliciat
2681 2750 2848 2806 terra,
2881 2757 2983 2798 nec
3012 2757 3208 2812 capere
3245 2744 3445 2814 possit,
3475 2753 3536 2800 ut
3566 2747 3641 2801 ita

2055 2838 2275 2904 dicam,
2318 2834 2753 2906 magnitudinem
2806 2835 3042 2890 duarum
3109 2837 3438 2892 stellarum?
3499 2836 3642 2893 Pone

2056 2938 2238 2984 tamen
2269 2944 2464 2999 capere
2490 2943 2610 2982 eam
2637 2927 2775 2983 duas
2797 2929 2882 2984 vel
2911 2939 3046 2996 tres,
3078 2929 3326 3000 nunquid
3359 2939 3410 2984 et
3436 2938 3636 2984 tantam

2057 3021 2460 3076 multitudinem
2491 3033 2689 3090 capere
2732 3020 2948 3090 potest?
2979 3019 3057 3074 Ne
3085 3035 3217 3092 ergo
3248 3021 3449 3090 aliquid
3486 3021 3632 3075 aliud

2055 3114 2219 3184 867
2256 3111 2395 3167 forte
2429 3112 2710 3168 moraliter
2748 3111 2948 3166 sentire
2987 3120 3201 3180 oportet
3235 3111 3290 3165 in
3339 3109 3635 3180 Scripturis

2056 3206 2275 3262 divinis.
2295 3203 2360 3259 Et
2387 3205 2629 3260 audaciae
2647 3204 2862 3274 quidem
2889 3211 2995 3264 est,
3021 3203 3393 3258 necessarium
3417 3213 3597 3258 autem
3622 3221 3634 3256 :

2057 3305 2237 3352 tamen
2274 3298 2450 3352 multo
2479 3304 2656 3353 tractu
2697 3310 2833 3365 opus
2866 3303 2950 3348 est
2990 3295 3044 3349 in
3084 3295 3170 3350 his
3200 3295 3358 3361 locis,
3389 3297 3478 3352 cui
3524 3299 3641 3350 vult

2058 3389 2219 3443 simul
2253 3397 2306 3443 et
2347 3387 2761 3458 possibilitatem
2799 3383 3088 3439 ostendere
3121 3383 3552 3454 Scripturarum,
3585 3396 3639 3439 et

2058 3481 2364 3535 veritatem.
2394 3478 2544 3535 Dicet
2567 3493 2701 3549 ergo
2729 3475 3157 3540 observandum,
3190 3477 3360 3531 solem
3383 3491 3502 3532 esse
3521 3476 3645 3530 dia~

2059 3573 2240 3627 bolum
2267 3571 2359 3642 qui
2385 3570 2738 3640 transﬁgurat
2771 3584 2831 3624 se
2852 3569 2908 3623 in
2936 3568 3188 3637 angelum
3215 3568 3377 3632 lucis,
3402 3578 3456 3622 et
3483 3567 3644 3638 quasi

2059 3665 2138 3722 sol
2177 3665 2377 3719 multos
2403 3664 2632 3718 seducit.
2671 3661 2943 3729 Quoniam
2969 3677 3100 3731 ergo
3131 3663 3184 3715 in
3213 3664 3639 3717 consummatur:

2060 3773 2128 3812 ne
2159 3765 2243 3811 est
2270 3755 2605 3826 argueudus,
2637 3769 2761 3809 cum
2793 3753 2864 3809 sit
2907 3755 3164 3820 tenebrte,
3212 3753 3433 3808 simulat
3461 3761 3642 3807 autem

2057 3863 2179 3904 esse
2205 3864 2264 3904 sc
2288 3849 2480 3913 solem,
2507 3858 2790 3918 propterea
2811 3845 2879 3902 de
2907 3846 3000 3901 illo
3029 3846 3256 3915 intelligi
3289 3854 3468 3916 potest
3492 3845 3640 3916 quod

2059 3941 2157 4008 ait,
2189 3941 2266 3994 sol
2291 3939 2682 3994 obscurabitur.
2705 3937 2770 3992 Et
2795 3937 2941 3993 dicet
2969 3937 3336 3993 honestiorem
3358 3952 3480 3993 esse
3503 3937 3645 3992 hanc

2061 4034 2350 4092 rationem.
2380 4046 2544 4100 quam
2569 4030 2887 4086 existimare
2917 4028 3079 4084 talem
3121 4031 3291 4085 solem
3347 4043 3638 4100 passurum

2060 4109 2475 4180 obscuritatem.
2509 4123 2733 4187 Omnes,
2781 4122 2980 4192 inquit,
3031 4123 3344 4178 consentire
3386 4121 3644 4179 convenit

2060 4217 2268 4286 absque
2300 4216 2540 4283 periculo
2563 4215 2748 4284 aliquo
2773 4215 2901 4270 huic
2932 4214 3159 4284 probato
3188 4214 3431 4270 sermoni
3459 4215 3527 4270 de
3550 4216 3645 4269 lut-

2055 4309 2298 4380 jusmodi
2341 4309 2457 4363 sole
2501 4308 2583 4362 sic
2617 4307 2960 4362 observando
3001 4305 3416 4380 [obscurando].
3448 4305 3514 4361 Et
3552 4321 3642 4362 se-

2061 4401 2304 4457 cundum
2333 4401 2780 4470 consequentiam
2821 4400 3135 4469 huiusmodi
3166 4401 3301 4456 solis
3328 4401 3635 4473 intelligen-

1994 4519 2036 4573 ο
2064 4494 2132 4549 da
2169 4502 2250 4548 est
2283 4493 2446 4547 etiam
2475 4493 2600 4546 luna
2641 4508 2764 4562 qua:
2799 4492 3014 4546 videtur
3038 4492 3336 4548 illuminari
3363 4493 3434 4547 ab
3460 4491 3644 4562 hujus-

2066 4587 2209 4640 modi
2266 4586 2400 4640 sole.
2452 4584 2643 4640 Omnis
2695 4585 2840 4639 enim
2897 4583 3138 4639 Ecclesia
3195 4584 3645 4655 malignantium,

2061 4693 2184 4747 qua:
2210 4677 2522 4747 frequenter
2551 4677 2733 4731 lumen
2769 4691 2829 4732 se
2857 4675 3062 4731 habere
3089 4685 3144 4731 et
3179 4677 3310 4732 dare
3354 4675 3644 4746 promittit,

2063 4779 2190 4823 tunc
2229 4778 2410 4824 autem
2469 4779 2658 4841 arguta
2695 4777 2750 4823 et
2792 4766 3136 4823 manifestata
3165 4782 3292 4823 cum
3342 4769 3645 4839 reprobatis

2061 4858 2407 4925 degmatibus
2435 4859 2571 4924 suis,
2597 4874 2704 4912 non
2735 4858 2888 4914 dabit
2916 4859 3218 4914 claritatem
3249 4875 3429 4916 suam.
3464 4859 3567 4914 Sed
3593 4869 3645 4912 ct

2060 4951 2373 5020 quicunque
2395 4951 2509 5005 sive
2536 4951 2590 5006 in
2622 4951 2991 5021 dogmatibus,
3017 4951 3131 5006 sive
3155 4951 3210 5005 in
3233 4952 3522 5008 virtutibus
3545 4951 3648 5005 fa'-

2061 5042 2162 5101 sis;
2178 5041 2490 5095 hominibus
2503 5041 2722 5111 quidem
2749 5041 3134 5111 promittebant
3157 5041 3459 5102 veritatem.
3487 5056 3576 5097 me
3620 5070 3645 5084 ο

2061 5135 2232 5188 daeiis
2262 5144 2440 5188 autem
2475 5133 2810 5188 seduccbant
2845 5147 2904 5188 se
2929 5131 3270 5188 attendentes
3293 5175 3310 5200 ,
3359 5133 3412 5186 hi
3440 5146 3648 5188 cothv.

2066 5223 2278 5278 nienter
2318 5221 2531 5276 dicendi
2578 5229 2709 5276 sunt
2762 5221 2928 5276 stella:
2971 5221 3224 5278 cadentis
3264 5223 3329 5277 de
3356 5220 3512 5277 omlo.
3570 5219 3646 5274 De

2066 5315 2206 5369 cado
2230 5324 2433 5380 autem,
2465 5323 2522 5367 ut
2552 5313 2624 5368 ita
2646 5308 2849 5379 dicam,
2888 5327 3011 5375 suo,
3041 5313 3131 5366 ubi
3160 5311 3645 5368 erantaltitudines

2067 5408 2377 5461 euustitutae
2429 5405 2753 5460 extollentes
2785 5420 2844 5460 se
2893 5405 3156 5460 adversus
3202 5404 3487 5458 scientiam
3523 5402 3642 5458 Dei.

2067 5496 2142 5548 Ad
2181 5495 2708 5549 commendationem
2761 5501 2942 5548 autem
2994 5494 3262 5552 sermonis
3309 5493 3645 5565 huiusmodi,

2067 5595 2289 5638 utentur
2313 5586 2563 5655 exemplo
2594 5582 3014 5638 Proverbiorum
3041 5587 3250 5640 dicente
3269 5604 3301 5647 ,ς
3335 5584 3530 5640 Lumen
3553 5584 3628 5653 jts

2183 5764 2225 5793 ⁸³
2249 5760 2414 5818 Zacb.
2451 5780 2547 5831 xu,
2576 5763 2607 5819 9
2639 5772 2692 5817 et
2721 5779 2866 5827 δορα·
