4052 6304
340 378 475 433 Ιϐῗδ

1468 367 2118 427 COMMENTARIORUM
2162 366 2423 424 SERIES.

3443 371 3580 430 itit

335 507 534 552 storum
558 511 758 566 semper
778 490 1201 563 iuexstinguibile
1214 500 1310 560 est,
1328 491 1499 546 lumen
1526 501 1703 547 autem
1723 492 1905 562 impio-
1932 498 1976 554 Α
2004 506 2127 546 cum
2143 491 2257 561 ipse
2271 491 2403 545 liber
2416 488 2728 560 propositus
2743 488 3072 549 fueritnobis
3086 494 3151 548 ad
3165 496 3547 566 exponendum
3566 519 3579 553 :

337 604 456 643 rum
480 589 841 657 exstinguelur
864 586 930 638 ⁸⁷.
964 582 1258 641 Scientiam
1292 584 1511 655 quidem
1540 600 1721 640 veram
1746 600 1908 655 quam

337 680 782 736 illuminaverunt
811 676 915 733 sibi
941 676 1035 747 qui
1066 676 1354 732 audierunt
1405 677 1673 732 dicentem
1709 695 1723 730 ε
1773 675 1913 730 Illu-

338 772 538 826 minate
575 768 719 823 vobis
747 768 923 820 lumen
945 767 1201 830 scientiae,
1244 766 1427 821 lumen
1459 781 1581 821 esse
1612 766 1908 836 iustorum.

340 860 528 915 falsam
575 868 755 913 autem
797 857 1081 913 scientiam
1130 857 1313 911 lumen
1348 872 1471 911 esse
1519 856 1831 927 impiorum,
1857 866 1912 912 ct

338 958 648 1006 sanctorum
664 945 881 1015 quidem
894 945 1075 999 lumen
1092 959 1304 1014 semper
1316 942 1753 1013 inexstinguibile
1766 958 1908 1009 esse,

334 1038 642 1095 cadentium
694 1043 875 1091 autem
910 1050 941 1089 a
968 1036 1197 1091 veritate
1242 1034 1426 1089 lumen
1468 1035 1764 1103 exstingui.
1799 1034 1910 1089 Ob-

338 1131 652 1188 ecurabitur
673 1143 802 1198 ergo
831 1128 1015 1182 lumen
1048 1127 1181 1183 solis
1208 1128 1353 1183 illius
1376 1142 1536 1197 quem
1562 1127 1820 1189 diximus,
1855 1135 1909 1181 et

337 1223 482 1280 lunas
513 1223 659 1276 iilius
685 1235 849 1289 quam
873 1220 1256 1288 exposuimus;
1287 1219 1379 1273 sed
1410 1224 1463 1273 et
1494 1233 1684 1274 onmes
1707 1218 1798 1288 qui
1821 1233 1909 1273 ex-

339 1311 536 1367 tollunt
557 1325 615 1365 se
640 1318 829 1365 contra
860 1307 1142 1363 scientiam
1176 1307 1291 1373 Dei,
1321 1307 1514 1362 cadent
1541 1307 1610 1361 ab
1625 1307 1909 1362 altitudine

339 1419 437 1459 sua
465 1418 573 1472 qua
596 1416 653 1457 se
682 1400 931 1456 arbitrati
980 1406 1109 1453 sunt
1136 1412 1257 1453 esse
1309 1398 1531 1453 etelum.
1563 1396 1815 1452 Forsitan
1855 1406 1909 1453 et

336 1495 419 1550 sic
454 1491 706 1548 convenit
732 1489 880 1561 quod
902 1498 986 1545 est
1010 1489 1211 1544 dictum
1245 1488 1289 1520 ⁵⁸
1318 1505 1333 1542 :
1377 1488 1626 1542 Videbam
1650 1488 1907 1543 Satanam

335 1594 472 1640 sicut
507 1586 686 1655 fulgur
710 1583 981 1637 cadentem
1014 1580 1078 1634 de
1101 1579 1250 1634 caelo.
1283 1578 1377 1634 llis
1403 1589 1582 1634 autem
1614 1578 1908 1634 accidenti-

339 1679 441 1735 bus
465 1678 532 1733 de
563 1662 874 1747 hujusrnodi
909 1676 1131 1742 sole,,et
1162 1674 1312 1739 luna,
1341 1681 1395 1727 et
1427 1672 1632 1737 stellis,
1682 1671 1907 1735 virtutes

342 1767 609 1823 caelorum
636 1766 832 1821 divinae
859 1779 968 1818 non
995 1763 1222 1818 omnino
1248 1761 1554 1816 immobiles
1586 1770 1779 1835 cruat;
1811 1761 1905 1817 sed

2013 593 2160 632 nunc
2187 587 2367 632 autem
2403 577 2508 634 hoc
2541 579 2718 634 solum
2747 590 2963 649 oportet
2996 582 3063 637 de
3098 582 3448 643 Revelatione
3494 588 3582 643 illa

2010 685 2303 741 exponere,
2340 670 2598 741 quoniam
2651 674 2825 727 'cauda
2872 672 3129 730 draconis
3167 677 3331 732 traxit
3373 681 3584 735 tertiam

2011 772 2219 831 partem
2269 762 2548 816 stellarum
2600 763 2758 831 cteli,
2790 772 2846 818 et
2879 765 3028 821 misit
3079 781 3199 821 eam
3252 769 3308 822 in
3359 777 3584 828 terram.

2011 853 2277 909 Existimo
2304 853 2449 907 enim
2470 854 2728 922 quoniam
2759 856 2852 925 qui
2879 856 3039 911 debet
3059 858 3248 914 audire
3277 879 3290 915 :
3318 858 3449 914 Post
3477 862 3588 916 Do-

2011 946 2208 998 minum
2232 944 2397 999 Deum
2430 953 2576 998 tuum
2600 945 2720 1012 ibis,
2752 955 2806 1002 et
2837 965 2850 1001 :
2900 947 3074 1002 Venite
3095 961 3212 1020 post
3234 968 3313 1006 me
3350 952 3417 1018 θ’,
3442 962 3497 1008 et
3519 956 3585 1010 ad

2010 1037 2126 1091 haec
2150 1034 2364 1105 quidem
2392 1037 2627 1092 obstruit
2659 1052 2820 1092 aures
2867 1054 2994 1094 suas
3018 1081 3034 1108 ,
3074 1052 3353 1111 peccatum
3401 1054 3582 1100 autem

2011 1132 2275 1201 sequitur,
2306 1132 2538 1186 trahitur
2564 1146 2594 1185 a
2612 1132 2781 1186 cauda
2801 1130 3054 1189 draconis
3076 1134 3278 1191 vadens
3294 1146 3420 1207 post
3436 1124 3581 1192 eum.

2012 1220 2067 1275 Si
2098 1231 2277 1276 autem
2309 1223 2595 1294 contigerit
2640 1238 2763 1278 eum
2798 1226 2891 1294 qui
2939 1224 3019 1280 sic
3055 1226 3189 1280 vixit
3238 1235 3294 1281 ut
3341 1229 3530 1284 audiat
3565 1246 3581 1283 :

2019 1314 2121 1368 Vos
2151 1316 2273 1370 estis
2301 1316 2394 1370 tua:
2426 1318 2610 1371 mundi
2653 1316 2727 1384 δι,
2776 1325 2830 1372 et
2867 1318 3162 1388 aliquando
3213 1321 3586 1391 splenduerint

2010 1422 2171 1478 opera
2203 1408 2323 1477 ejus
2352 1408 2516 1471 bona,
2573 1408 2663 1463 hic
2711 1408 3004 1478 aliquando
3033 1411 3364 1468 constitutus
3404 1414 3582 1482 stella,

2008 1499 2140 1555 etin
2168 1500 2306 1554 coelo
2335 1499 2540 1554 habens
2570 1500 3064 1567 conversationem,
3099 1502 3144 1556 si
3171 1503 3393 1558 avulsu's
3421 1503 3585 1560 fuerit

2010 1604 2038 1644 a
2068 1590 2302 1645 dracone
2332 1592 2386 1644 in
2421 1599 2645 1655 terram,
2677 1590 2765 1646 hic
2789 1590 2894 1645 erit
2923 1591 3078 1646 stella
3110 1609 3140 1646 a
3169 1595 3343 1648 cauda
3387 1595 3584 1650 draco-

2007 1681 2095 1736 nis
2127 1690 2298 1736 tracta
2343 1690 2397 1736 et
2427 1683 2595 1737 missa
2642 1682 2695 1736 in
2725 1691 2950 1738 terram.
2984 1682 3074 1739 Sic
3125 1684 3292 1739 stellas
3334 1700 3367 1740 a
3412 1687 3584 1742 cauda

2009 1771 2266 1828 draconis
2296 1774 2587 1828 trahuntur
2612 1781 2666 1828 et
2687 1773 2976 1828 mittuntur
2997 1773 3051 1828 in
3079 1782 3297 1831 terram.
3325 1774 3463 1831 Sunt
3488 1793 3589 1832 au-

337 1858 697 1912 movebuntur
718 1856 939 1927 quando
960 1854 1205 1926 arguitus
1225 1851 1385 1907 fuerit
1420 1853 1507 1907 ille
1524 1852 1607 1907 sol
1629 1860 1681 1906 et
1708 1851 1909 1906 obscu-
1938 1833 1981 1886 Β
2016 1870 2122 1935 tam
2155 1862 2274 1927 alia;
2303 1879 2534 1933 quarum
2563 1878 2693 1932 pars
2717 1863 2899 1933 aliqua
2932 1863 3258 1919 obscuratur
3281 1905 3297 1932 ,
3342 1873 3396 1920 ει
3437 1867 3598 1935 quod:

337 1958 508 2013 ratus,
545 1958 599 2005 et
627 1949 755 2002 luna
809 1947 899 2002 illa
927 1962 1035 2001 non
1076 1945 1351 2001 exhibebit
1382 1944 1681 1998 claritatem
1725 1956 1904 2008 suam,

336 2054 390 2097 et
422 2041 555 2096 tales
599 2040 768 2095 stellae
795 2039 1132 2101 ceciderint,
1183 2037 1324 2092 sicut
1354 2044 1408 2090 et
1456 2034 1626 2090 ludas
1671 2035 1804 2090 dicit
1849 2035 1906 2089 in

328 2130 576 2201 .Epistola
608 2116 727 2187 sua.
776 2128 929 2183 Tunc
971 2116 1116 2198 quod
1155 2127 1362 2182 clarum
1408 2134 1491 2181 est
1527 2125 1806 2196 apparebit
1850 2125 1904 2179 in

336 2225 478 2280 cado
501 2263 516 2288 ,
552 2230 607 2278 et
642 2222 823 2277 omnis
872 2221 965 2290 qui
1017 2219 1253 2290 portavit
1291 2218 1582 2289 imaginem
1633 2216 1901 2273 Caelestis.

336 2312 473 2368 Cum
509 2323 690 2369 autem
721 2314 836 2368 haec
881 2312 956 2367 ita
991 2310 1192 2367 fuerint
1238 2310 1379 2365 facta
1405 2349 1420 2374 ,
1461 2310 1634 2366 tribus
1684 2310 1904 2381 quidem

340 2404 464 2460 coeli
494 2404 850 2470 laetabuntur;
886 2411 1041 2458 terrae
1061 2410 1241 2457 autem
1269 2402 1445 2458 tribus
1470 2417 1591 2472 quae
1613 2401 1904 2471 imaginem

335 2505 690 2568 portaverunt
722 2503 898 2561 terrae,
945 2494 1201 2565 plangant
1227 2509 1304 2549 se.
1353 2492 1547 2548 Adhuc
1579 2501 1757 2547 autem
1806 2505 1905 2561 pro

337 2588 768 2645 commendanda
815 2585 1130 2655 huiusmodi
1186 2600 1284 2641 sua
1336 2584 1627 2640 traditione
1689 2583 1907 2654 adjiciat

336 2679 524 2736 dicens
548 2680 641 2749 qui
684 2679 825 2733 hanc
873 2675 1001 2732 fecit
1041 2676 1575 2746 interpretationem,
1621 2675 1902 2745 quoniam,

337 2767 583 2822 sensibili
609 2768 725 2822 sole
751 2767 1045 2822 obscurato
1071 2765 1155 2834 (ut
1183 2765 1284 2820 hoc
1301 2764 1374 2819 ita
1394 2779 1516 2821 esse
1528 2764 1901 2839 concedatur),

336 2866 393 2912 et
419 2859 547 2913 luna
577 2859 873 2914 claritatem
907 2872 1015 2913 non
1051 2857 1235 2920 dante,
1273 2865 1327 2911 et
1354 2856 1678 2912 cadentibus
1707 2857 1903 2923 stellis,

339 2963 439 3003 nec
466 2957 547 3004 est
574 2949 830 3019 possibile
857 2963 979 3005 esse
1005 2948 1287 3004 hominum
1313 2949 1492 3004 tribus
1540 2949 1593 3003 in
1630 2949 1809 3004 terris.
1847 2948 1906 3004 Si

338 3048 518 3094 autem
549 3040 810 3110 possibile
837 3054 945 3094 non
969 3047 1072 3105 est,
1103 3040 1288 3111 utique
1311 3055 1410 3095 nee
1431 3038 1731 3095 secundum
1763 3039 1906 3110 quod

336 3130 579 3202 loquitur
605 3140 805 3197 textus,
830 3142 878 3185 et
899 3130 1146 3201 plangent
1167 3147 1220 3185 se
1246 3130 1412 3184 tribus
1437 3141 1611 3185 terrae.
1645 3129 1798 3186 Tunc
1818 3144 1906 3185 er-

339 3239 429 3297 go,
458 3224 604 3280 sicut
632 3224 709 3278 ait
740 3222 1005 3278 Dominus
1044 3223 1098 3276 in
1142 3220 1466 3292 Evangelio,
1500 3221 1594 3291 qui
1634 3236 1779 3276 nunc
1831 3221 1906 3275 ri—

337 3313 487 3377 dent,
515 3312 770 3382 plangent
798 3326 876 3379 se,
912 3318 967 3365 et
987 3310 1240 3380 plangcnt
1269 3310 1426 3379 quasi
1455 3309 1549 3379 qui
1580 3308 1634 3363 in
1657 3309 1904 3365 tribubus

336 3415 514 3462 terrae.
551 3402 859 3459 Secundum
895 3404 1012 3458 haec
1042 3410 1096 3457 et
1138 3401 1286 3457 Isaiae
1313 3417 1593 3458 sermones
1641 3411 1695 3456 et
1739 3399 1904 3456 Joelis

337 3496 566 3552 tentahit
589 3493 928 3565 interpretari
954 3535 970 3560 ,
1013 3478 1107 3563 qui
1139 3492 1254 3548 vult
1283 3493 1351 3547 ad
1390 3491 1649 3546 moralem
1686 3490 1906 3561 exposi-

336 3587 538 3642 tionem
563 3585 848 3638 sublevare
874 3598 997 3652 quae
1025 3583 1168 3635 dicta
1209 3591 1356 3635 sunt.
1393 3580 1584 3633 Adhuc
1612 3588 1793 3633 autem
1838 3581 1906 3634 ad

335 3690 400 3731 ca
421 3690 542 3744 qua:
574 3675 715 3728 dicta
743 3681 871 3727 sunt
892 3672 958 3725 de
987 3672 1306 3726 cadentibus
1333 3669 1522 3733 stellis,
1546 3684 1654 3722 non
1677 3669 1793 3723 sine
1820 3686 1907 3724 ra-

336 3767 487 3823 tione
511 3773 594 3819 est
618 3777 898 3819 assumere
923 3763 987 3817 de
1008 3760 1354 3815 Revelatione
1382 3758 1628 3822 Joannis,
1656 3758 1724 3814 de
1751 3759 1906 3815 tertia

338 3866 489 3928 parte
513 3856 790 3911 stellarum
825 3862 999 3908 tracta
1027 3869 1056 3908 a
1086 3852 1258 3907 cauda
1286 3851 1538 3906 draconis
1581 3851 1634 3904 in
1680 3857 1904 3905 terram.

341 3948 483 4002 Dicit
507 3945 651 4000 enim
678 3945 754 4000 ita
784 3962 797 3997 :
833 3944 900 3996 Et
926 3946 1096 4010 visum
1131 3951 1204 3998 est
1237 3941 1385 3996 aliud
1411 3942 1617 4011 signum
1642 3941 1696 3994 in
1727 3941 1854 3996 ctelo
1888 3959 1906 3996 :

338 4046 388 4092 ct
422 4052 536 4091 ecce
564 4036 723 4089 draco
758 4051 978 4105 magnus
1010 4034 1161 4104 rufus
1196 4033 1388 4087 habens
1419 4030 1593 4102 capita
1618 4043 1834 4104 septem,
1856 4045 1905 4089 et

338 4141 537 4182 cornua
564 4127 760 4191 decent,
786 4137 834 4180 et
868 4142 1022 4196 super
1050 4126 1223 4195 capita
1252 4141 1349 4178 sua
1371 4142 1569 4179 cornua
1598 4135 1825 4195 septem;
1857 4136 1907 4181 et

339 4222 513 4277 cauda
546 4222 658 4291 ejus
688 4222 852 4275 traxit
883 4222 1095 4275 tertiam
1131 4228 1332 4291 partem
1364 4221 1640 4276 stellarum
1679 4224 1824 4288 caeli,
1856 4234 1906 4278 et

341 4316 483 4370 misit
504 4331 592 4369 eas
621 4315 677 4368 in
708 4323 903 4367 terram
920 4314 987 4368 δ’,
1018 4311 1209 4368 Omnia
1228 4314 1343 4369 haec
1366 4328 1639 4383 exponere
1660 4314 1907 4386 singilla-

340 4408 437 4463 tim
466 4408 532 4462 de
553 4406 822 4477 capitibus
854 4414 1056 4475 septem
1079 4404 1351 4471 draconis,
1378 4420 1499 4474 quze
1527 4403 1755 4460 forsitan
1783 4422 1907 4474 pos-

339 4506 467 4556 sunt
508 4497 699 4553 referri
737 4498 804 4552 ad
831 4495 1044 4565 aliquos
1084 4496 1353 4567 principes
1391 4511 1575 4551 rerum
1621 4497 1906 4566 nequitias,

338 4589 452 4645 sive
475 4588 542 4642 ad
575 4597 720 4642 tanta
750 4588 1064 4643 ducentium
1100 4585 1169 4641 ad
1218 4595 1447 4641 mortem
1491 4594 1711 4655 peccata
1736 4627 1751 4653 ,
1796 4603 1905 4643 non

336 4690 420 4738 est
445 4678 703 4749 temporis
733 4678 935 4748 hujus:
969 4686 1269 4748 exponetur
1296 4688 1476 4734 autem
1511 4685 1756 4750 tempore
1805 4696 1905 4736 suo

339 4765 394 4820 in
429 4763 774 4819 Revelatione
795 4763 1040 4821 Joannis.
1070 4764 1175 4820 Sed
1212 4774 1267 4820 et
1297 4765 1480 4821 decem
1514 4781 1719 4823 cornua
1758 4768 1906 4825 dice-

337 4870 419 4923 re,
454 4856 710 4926 quoniam
734 4865 861 4912 sunt
883 4873 1046 4927 regna
1095 4858 1417 4927 serpentium
1447 4860 1685 4926 malitiae,
1718 4870 1771 4917 et
1805 4862 1899 4917 ha-

339 4951 518 5006 bentis
553 4951 819 5019 serpentis
843 4960 1115 5017 naturam,
1141 4958 1195 5005 et
1222 4965 1435 5021 semper
1459 4960 1675 5021 pectore
1698 4961 1751 5010 et
1782 4970 1908 5009 ven-

338 5051 420 5099 tre
452 5044 699 5098 incedere
726 5059 822 5113 per
851 5052 1066 5114 peccata
1089 5084 1104 5111 ,
1139 5059 1241 5099 nec
1277 5043 1440 5099 modo
1472 5060 1743 5115 exponere
1774 5054 1909 5101 tem-

339 5151 442 5206 pus
470 5146 574 5190 est.
603 5133 742 5200 Quid
775 5134 1013 5188 narratio
1044 5150 1282 5204 praesens
1311 5134 1376 5189 de
1405 5144 1606 5205 septem
1639 5137 1909 5193 diadema.

340 5228 486 5283 tibus
515 5242 636 5296 qua:
663 5226 828 5282 draco
854 5227 1067 5281 videtur
1095 5226 1293 5281 habere
1326 5242 1487 5296 super
1514 5237 1720 5298 septem
1755 5231 1905 5300 capi-

341 5326 395 5372 ta
421 5319 558 5374 sua?
587 5316 789 5388 Utputa
813 5318 1116 5373 diademata
1154 5334 1245 5388 per
1274 5319 1517 5388 singulos
1546 5320 1636 5389 qui
1667 5321 1904 5390 iungun-

341 5420 429 5466 tur
446 5410 907 5481 suscipitaliquod
938 5422 1100 5480 caput
1124 5411 1400 5468 draconis.
1429 5409 1535 5466 Has
1552 5420 1731 5466 autem
1760 5415 1908 5483 prin-

340 5499 543 5570 cipales
575 5501 943 5571 expositiones
971 5511 1131 5571 atque
1164 5501 1512 5571 probationes
1544 5512 1755 5572 oportet
1790 5506 1904 5559 tieri

410 5706 455 5738 ⁵⁷
477 5705 639 5761 Prov.
664 5722 775 5762 xm.
805 5707 857 5762 9.
888 5774 894 5776 Α
930 5706 980 5776 [⁸
1005 5704 1135 5760 Luc.
1168 5721 1220 5769 x,
1251 5704 1335 5776 18.
1414 5706 1459 5739 ⁵ο
1481 5704 1648 5775 Apoc.
1669 5723 1765 5771 xu,
1799 5709 1851 5776 ὅ,
1879 5709 1933 5766 4.

342 5777 387 5815 ⁸³
407 5776 596 5833 Matth.
630 5779 787 5838 v,16.
862 5774 907 5808 ⁸³
928 5774 1092 5829 Zach.
1126 5791 1225 5840 xtl,
1248 5775 1281 5829 9
1313 5783 1365 5831 et
1406 5774 1557 5850 seqq.

660 5868 932 5929 Psmon.
967 5866 1085 5933 Gn.
1143 5868 1313 5931 Xlll.

2014 1953 2193 2024 majus
2215 1961 2299 2009 est
2326 1954 2567 2023 quidem,
2591 1953 2926 2023 luminosum
2953 1962 3055 2015 est,
3085 1969 3223 2024 quas
3248 1955 3463 2010 videtur
3493 1971 3588 2012 os-
3668 1993 3683 2003 -

2017 2044 2237 2100 tendere
2265 2043 2330 2098 de
2349 2043 2698 2099 Revelatione
2713 2059 2894 2100 sermo
2909 2044 2989 2099 sic
3013 2044 3219 2099 habens
3241 2047 3284 2092 ε*
3307 2064 3320 2101 :
3342 2046 3409 2099 Et
3430 2063 3587 2117 quar-

2015 2142 2098 2187 tus
2132 2132 2346 2204 angelus
2371 2133 2494 2187 tuba
2526 2133 2748 2199 cecinit,
2785 2141 2834 2187 et
2868 2149 3114 2200 percussa
3146 2144 3222 2188 est
3262 2136 3417 2189 tertia
3457 2153 3582 2205 pars
3633 2139 3636 2143 ’

2013 2227 2172 2292 lunte,
2196 2234 2246 2280 et
2276 2227 2431 2279 tertia
2454 2242 2578 2295 pars
2601 2226 2898 2290 stellarum,
2926 2235 2984 2280 ut
3018 2227 3391 2280 obscuraretur
3429 2228 3587 2281 tertia

2012 2330 2136 2384 pars
2161 2330 2362 2369 eorum.
2407 2314 2548 2369 Sunt
2590 2314 2810 2384 quidam
2853 2316 3033 2370 autem
3085 2316 3179 2383 qui
3224 2330 3325 2371 nec
3362 2317 3585 2372 omnino

2013 2413 2367 2460 servaverunt
2397 2403 2542 2473 quod
2572 2404 2777 2458 dictum
2816 2412 2900 2460 est
2934 2403 2979 2436 ⁸³
3020 2421 3035 2458 :
3073 2403 3165 2459 Sic
3199 2404 3369 2459 luceat
3410 2405 3586 2460 lumen

2012 2503 2238 2547 vestrum
2257 2508 2435 2547 coram
2461 2493 2779 2561 hominibus,
2794 2509 2892 2548 nec
2907 2495 3130 2547 omnino
3151 2495 3402 2550 exstincti
3418 2495 3587 2565 868

2012 2590 2067 2639 et
2093 2583 2366 2639 obscurati
2394 2574 2539 2651 sunt,
2564 2586 2657 2639 sed
2683 2599 2748 2639 ex
2775 2593 2945 2655 parte.
2989 2584 3219 2651 Quidam
3258 2587 3402 2640 enim
3453 2601 3584 2656 pro—

2013 2682 2132 2743 pter
2166 2673 2446 2731 scientiam
2476 2676 2693 2745 quidem
2727 2674 2998 2731 fulserunt
3023 2677 3168 2752 sicut
3192 2678 3446 2747 splendor
3465 2693 3582 2734 cm-

2011 2764 2073 2833 li,
2112 2766 2332 2836 quidam
2357 2775 2537 2822 autem
2564 2774 2784 2837 propter
2808 2769 3274 2823 conversationem
3299 2767 3425 2824 facti
3454 2777 3586 2827 sunt

2012 2857 2367 2914 sicutstellas.
2419 2856 2522 2912 Sed
2578 2857 2826 2912 videmur
2872 2857 3199 2927 quibusdam
3241 2872 3350 2912 non
3389 2873 3586 2915 conse-

2012 2957 2244 3018 quenter
2299 2948 2597 3004 secundum
2644 2948 3017 3018 praecedentes,
3053 2949 3421 3019 expositiones
3472 2950 3588 3005 hsce

2011 3041 2302 3109 protulisse
2349 3047 2404 3095 et
2448 3055 2546 3110 pro
2579 3048 2731 3110 parte
2774 3038 3112 3109 exposuisse.
3165 3039 3434 3107 Quoniam
3479 3041 3589 3096 illic

2013 3130 2231 3199 quidem
2282 3131 2466 3187 stellas
2511 3146 2735 3186 casuras
2789 3131 3069 3195 diximus,
3116 3131 3211 3202 qui
3262 3130 3589 3187 videbantur

2009 3221 2179 3276 fuisse
2195 3222 2385 3286 stellae,
2415 3236 2524 3276 non
2555 3232 2735 3278 autem
2759 3231 2941 3290 erant;
2974 3223 3063 3277 hic
3086 3231 3263 3278 autem
3292 3222 3359 3277 de
3381 3224 3474 3278 his'
3492 3225 3587 3293 qui

2005 3326 2133 3367 vere
2165 3310 2387 3367 fuerunt
2414 3312 2601 3380 stellas,
2634 3320 2688 3368 ct
2726 3320 2823 3368 aut
2871 3311 2940 3367 ad
2982 3313 3200 3383 plenum
3246 3313 3586 3383 ceciderunt,

2008 3414 2103 3459 aut
2125 3419 2191 3459 ex
2220 3413 2391 3474 parte.
2429 3405 2510 3459 Ad
2541 3420 2681 3474 quos
2705 3404 3138 3473 respondeamus
3167 3403 3427 3474 quoniam
3456 3420 3587 3475 pro‘3

2007 3495 2244 3551 ferentes
2276 3496 2523 3564 exempla
2554 3496 2671 3551 haec
2696 3511 2818 3564 quas
2840 3497 3188 3564 protulimus,
3217 3497 3322 3555 hoc
3353 3495 3584 3551 demon-

2009 3584 2304 3639 stravimus
2329 3584 2457 3653 quia
2484 3585 2708 3637 omnino
2736 3584 2903 3639 stellae
2936 3585 3182 3640 homines
3224 3596 3351 3640 sunt
3382 3586 3584 3641 intelli-

2009 3673 2188 3742 gendi,
2219 3674 2545 3742 non'quales
2574 3673 2758 3727 stellae.
2812 3672 3066 3743 Alioquin
3097 3676 3185 3728 ille
3228 3676 3382 3731 locus
3424 3692 3581 3732 suam

2010 3763 2171 3817 habet
2199 3762 2719 3830 interpretationem,
2753 3773 2807 3818 et
2836 3764 2923 3818 hic
2951 3780 3128 3819 suam.
3159 3765 3363 3820 Tamen
3397 3767 3481 3823 his
3505 3767 3581 3823 ita

2009 3851 2169 3907 factis
2201 3852 2404 3922 parebit
2432 3853 2641 3922 signum
2669 3851 2802 3906 Filii
2828 3853 3051 3909 hominis
3084 3856 3137 3909 in
3170 3855 3317 3923 caelo,
3339 3864 3390 3910 et
3426 3856 3584 3926 plan-

2009 3958 2127 4021 gent
2159 3966 2212 4004 se
2244 3958 2365 4004 tunc
2392 3949 2556 4002 tribus
2580 3957 2752 4004 terrm.
2783 3948 2863 4003 Ad
2894 3949 3008 4006 haec
3037 3968 3142 4007 non
3174 3961 3255 4007 est
3284 3951 3582 4008 absurdum

2009 4043 2088 4096 uti
2121 4042 2384 4110 exemplis
2406 4040 2682 4095 Zachariae
2706 4042 2980 4111 propheta:
3010 4042 3083 4097 ita
3112 4025 3436 4097 habentibus
3468 4060 3484 4099 :
3511 4041 3582 4099 Et

2007 4136 2106 4190 erit
2130 4135 2183 4187 in
2213 4132 2309 4187 illa
2336 4132 2439 4197 die,
2465 4148 2698 4202 quierant
2722 4134 2931 4204 auferre
2951 4149 3127 4187 omnes
3151 4143 3325 4204 gentes
3351 4149 3468 4204 qua:
3496 4150 3584 4190 ve-

2011 4224 2161 4278 niunt
2201 4239 2357 4292 super
2408 4220 2745 4290 Jerusalem,
2785 4232 2833 4277 et
2877 4224 3145 4293 e/Tundant
3179 4240 3335 4293 super
3369 4224 3584 4278 domum

2008 4313 2179 4367 David
2197 4352 2212 4378 ,
2257 4321 2305 4367 et
2343 4327 2499 4382 super
2526 4311 2884 4367 habitantibus
2922 4315 2978 4367 in
3007 4312 3304 4368 Jerusalem
3339 4315 3584 4383 spiritum

2008 4406 2197 4475 gratia:
2219 4414 2266 4458 et
2294 4403 2680 4468 miserationis,
2717 4412 2766 4458 et
2794 4405 3066 4475 respicimt
3107 4404 3175 4458 ad
3215 4420 3296 4459 me
3333 4406 3584 4474 quoniam

1939 4507 1982 4563 D
2012 4496 2359 4564 saltauerunt,
2398 4503 2449 4549 et
2478 4494 2719 4567 plangent
2753 4513 2908 4566 super
2929 4513 2982 4551 se
3008 4493 3279 4566 planctum
3317 4496 3455 4549 sicut
3493 4506 3584 4548 Su-

2012 4606 2103 4660 per
2125 4589 2391 4654 dilectum,
2416 4598 2464 4642 et
2496 4587 2742 4642 dolebant
2773 4587 2952 4641 dolore
2973 4588 3112 4641 sicut
3135 4602 3290 4656 super
3318 4587 3585 4656 primoge-

2014 4685 2201 4737 nitum.
2230 4680 2299 4735 Et
2322 4681 2377 4735 in
2402 4681 2486 4735 die
2511 4679 2602 4734 illa
2632 4680 3058 4751 magni/imbitur
3083 4680 3324 4747 planctus
3350 4678 3405 4732 in
3427 4676 3583 4731 Jeru-

2013 4773 2177 4828 salem
2199 4773 2334 4828 sicut
2364 4772 2607 4842 planctus
2645 4770 2774 4824 mali
2808 4770 3017 4841 granati
3043 4770 3206 4823 excisi
3226 4770 3281 4822 in
3304 4784 3507 4838 campo,
3535 4775 3584 4821 et

2011 4865 2219 4936 plangat
2244 4880 2297 4918 se
2326 4875 2466 4918 terra
2487 4879 2578 4929 per
2594 4861 2793 4928 tribus;
2815 4862 2980 4915 tribus
3003 4861 3187 4913 domus
3212 4859 3379 4913 David
3399 4876 3584 4915 secun-

2006 4959 2129 5011 dum
2152 4973 2226 5023 se,
2251 4965 2299 5010 et
2324 4955 2565 5009 mulieres
2591 4969 2769 5008 eorum
2792 4952 3077 5006 secundum
3106 4967 3189 5015 se;
3209 4952 3373 5004 tribus
3396 4950 3583 5004 domus

2009 5047 2229 5102 Nathan
2254 5046 2540 5101 secundum
2581 5061 2634 5099 se
2658 5085 2672 5108 ,
2715 5053 2765 5098 et
2808 5042 3048 5096 mulieres
3079 5059 3258 5096 eorum
3297 5042 3584 5096 secundum

2007 5157 2091 5204 se;
2119 5139 2286 5193 tribus
2313 5138 2498 5192 domus
2520 5135 2642 5190 Levi
2665 5135 2949 5189 secundum
2976 5150 3049 5199 se,
3067 5144 3114 5188 et
3138 5133 3379 5205 mulieres
3399 5148 3582 5186 eorum

2009 5232 2297 5285 secundum
2327 5244 2411 5292 se;
2448 5229 2614 5282 tribus
2641 5227 2829 5281 domus
2861 5224 3071 5281 Simeon
3096 5226 3381 5280 secundum
3414 5242 3489 5293 se,
3528 5234 3580 5278 et
3606 5216 3609 5219 “

2012 5320 2255 5375 mulieres
2280 5335 2460 5373 eorum
2486 5316 2768 5372 secundum
2785 5333 2857 5380 se,
2890 5323 2938 5369 et
2967 5332 3142 5369 omnes
3169 5315 3364 5368 relicta:
3387 5313 3576 5379 tribus,

2012 5415 2297 5471 secundum
2334 5430 2422 5481 se,
2463 5422 2514 5467 et
2566 5412 2809 5467 mulieres
2846 5425 3027 5465 eorum
3084 5407 3368 5463 secundum
3405 5425 3460 5463 se
3508 5408 3578 5467 ⁸⁸.

2012 5507 2184 5563 Omne
2216 5507 2378 5577 igitur
2412 5518 2686 5561 terrenum
2716 5518 2909 5574 agmen
2935 5517 3058 5557 cum
3091 5501 3159 5556 sit
3189 5501 3362 5556 tribus
3393 5509 3577 5570 terrae,

2010 5711 2055 5743 “
2076 5708 2263 5766 Mallh.
2293 5726 2363 5779 IV,
2394 5713 2478 5771 19.
2556 5711 2598 5743 ⁶¹
2628 5709 2815 5766 Matth.
2844 5726 2897 5775 v,
2925 5709 3010 5764 Η.
3088 5710 3130 5742 ⁶²
3148 5708 3319 5779 Apoc.
3346 5720 3463 5772 vm,
3492 5699 3575 5757 ιθ..

3227 5867 3306 5928 53
