4052 6304
441 345 583 402 1675

1619 336 1944 396 ORIGENIS
1973 336 2042 394 ΙΝ
2081 337 2499 396 ΜΑΤΤΗΔΕΠΜ

3612 340 3764 398 ίδτῦ

439 463 586 536 quod
616 477 738 519 esse
762 461 864 518 sibi
900 460 1000 530 ipsi
1037 458 1425 521 attribuerunt,
1457 457 1695 513 maxime
1740 458 1784 516 si
1821 466 2036 530 oportet
2065 461 2108 519 Α
2139 457 2448 513 vestimenta
2487 456 2601 526 ejus
2636 457 2783 526 facta
2819 466 2944 510 sunt
2974 457 3110 510 sicut
3141 455 3348 521 lumen',
3391 465 3441 510 et
3476 455 3621 510 uisus
3660 467 3755 511 est

440 557 496 613 in
529 555 718 626 aliquo
753 562 1100 625 peccatorum
1149 549 1523 605 abundantius
1557 551 1840 622 plangere,
1877 551 2036 621 plan-

443 658 572 722 gcnt
600 664 722 704 eum
768 645 1041 701 similibus
1091 643 1227 700 suis.
1273 642 1526 698 Arbitror
1559 653 1739 698 autem
1783 659 1880 714 per
1927 646 2042 700 haec

443 738 660 794 ostendi
689 735 1022 792 differentias
1046 750 1238 790 eorum
1269 736 1360 804 qui
1381 733 1705 789 videnturin
1732 735 1836 790 fide
1870 733 2040 791 fuisse

441 838 496 884 et
529 829 583 884 in
620 843 721 884 suo
753 828 993 898 agmine,
1030 841 1140 882 non
1187 835 1368 882 autem
1417 827 1743 898 placuerunt
1775 826 1905 883 Deo.
1942 827 2040 885 Est

442 936 572 991 ergo
598 920 791 977 domus
825 918 990 973 David
1022 919 1306 989 plangens,
1339 918 1432 987 qui
1467 934 1532 973 ex
1574 918 1780 988 populo
1830 919 2039 974 consti-

441 1013 542 1068 tuti
573 1013 735 1083 digna
772 1013 990 1081 planctu
1023 1019 1283 1082 egerunt.
1313 1018 1409 1065 aut
1445 1010 1513 1066 de
1543 1009 1768 1081 regibus
1815 1018 1871 1065 et
1917 1026 2037 1065 ma-

439 1103 719 1174 gnatibus.
755 1101 857 1169 Qui
898 1113 1080 1156 autem
1109 1117 1176 1157 ex
1201 1101 1520 1158 doctoribus
1571 1102 1712 1156 male
1759 1101 2035 1166 vixerunt,

439 1205 573 1251 sunt
602 1195 776 1252 tribus
805 1193 1016 1249 Nathan
1043 1194 1328 1265 plangens,
1376 1193 1640 1265 quoniam
1684 1192 1898 1248 Nathan
1937 1193 2038 1249 fuit

443 1287 752 1357 propheta;
808 1286 1005 1342 docere
1050 1295 1231 1340 autem
1282 1295 1365 1341 est
1416 1286 1761 1356 prophetare.
1811 1285 1888 1340 ita
1942 1285 2037 1356 qui

441 1389 570 1435 sunt
610 1388 920 1450 peceatores
956 1394 1022 1434 ex
1070 1379 1158 1435 his
1203 1378 1294 1450 qui
1346 1379 1622 1448 praepositi
1679 1377 1898 1433 fuerunt
1931 1377 2036 1433 Ee-

440 1471 640 1539 clesias,
696 1481 751 1529 et
811 1472 1176 1529 sacerdotium
1245 1472 1554 1528 habuerunt
1604 1473 1946 1544 injunctum’,
1985 1482 2040 1529 et

444 1579 553 1618 non
630 1563 768 1620 bene
834 1565 1289 1634 dispensaverunt
1350 1565 1764 1635 prmposituram
1825 1583 1980 1622 suam
2021 1607 2037 1632 ,

440 1655 616 1712 tribus
662 1666 789 1711 sunt
828 1655 1026 1712 domus
1067 1654 1196 1711 Levi
1239 1656 1522 1726 plangens.
1577 1655 1644 1711 Et
1684 1672 1871 1712 verum
1912 1661 2039 1728 qui-

437 1749 560 1804 dem
602 1748 817 1813 dicere,
858 1748 943 1803 vel
983 1748 1163 1804 dehis
1205 1763 1327 1819 quze
1365 1749 1628 1815 diximus,
1661 1749 1744 1804 vel
1774 1749 1842 1804 de
1891 1749 2033 1805 tribu

2141 549 2217 602 eis
2251 547 2459 618 Moyses
2491 556 2542 600 et
2581 545 2736 600 Elius
2771 546 3122 616 colloquentes
3147 562 3264 599 cum
3287 562 3368 602 eo.
3400 544 3468 598 Et
3492 562 3630 611 ecce,
3657 547 3760 600 in-

2141 640 2281 710 quit,
2311 638 2472 694 nubes
2497 638 2677 692 lucida
2701 638 3035 692 obumbravit
3053 656 3162 705 eos,
3187 649 3235 692 et
3260 655 3376 696 ecce
3399 656 3499 693 voa:
3523 640 3588 693 de
3606 643 3757 695 nube

2139 726 2319 781 dicens
2351 743 2370 780 .°
2410 725 2514 779 Hic
2534 737 2609 780 est
2643 725 2823 780 Filius
2849 744 2991 780 meus
3019 727 3245 782 dilectus
3275 729 3328 782 in
3362 746 3464 799 quo
3498 733 3755 800 compla—

2140 817 2248 884 cui,
2274 819 2448 888 ipsum
2471 819 2676 873 audite.
2712 817 2866 874 Sicut
2904 835 3034 889 ergo
3059 820 3280 891 quando
3314 820 3752 880 transformatus

2138 919 2243 976 est,
2274 911 2610 981 resplenduit
2647 911 2817 969 facies
2844 913 2964 983 ejus
2992 915 3136 969 sicut
3168 913 3270 982 sol,
3313 923 3367 969 et
3407 916 3750 972 vestimenta

2139 1004 2260 1076 ejus
2289 1003 2427 1060 facta
2461 1006 2752 1061 suntsicut
2788 1007 3006 1074 lumen,
3049 1015 3106 1063 et
3140 1022 3247 1063 vox
3288 1008 3433 1062 venit
3479 1009 3547 1064 de
3592 1011 3752 1066 nube

2138 1096 2329 1153 dicens
2359 1113 2372 1150 :
2405 1095 2509 1152 Hic
2539 1107 2614 1152 est
2647 1097 2825 1152 Filius
2851 1115 2996 1152 meus
3027 1099 3254 1154 dilectus
3290 1101 3344 1154 in
3372 1117 3474 1172 quo
3502 1103 3749 1172 compla-

2139 1191 2248 1255 cui,
2292 1191 2371 1246 sic
2409 1206 2532 1247 cum
2583 1192 2793 1248 venerit
2837 1193 3057 1257 iterum,
3106 1193 3338 1249 forsitan
3384 1195 3438 1249 in
3495 1198 3742 1266 Speciem

2139 1283 2624 1340 transformabitur
2655 1286 2949 1358 gloriosam
2982 1295 3114 1341 :aut
3136 1287 3277 1342 sicut
3301 1301 3433 1344 tunc
3464 1287 3742 1344 transfor—

2139 1385 2322 1431 matus
2355 1387 2438 1432 est
2469 1391 2654 1432 coram
2685 1378 2861 1434 tribus
2892 1378 3179 1448 discipulis
3211 1379 3327 1434 suis
3348 1419 3362 1443 ,
3403 1390 3592 1450 postea
3635 1395 3735 1436 ve-

2139 1469 2250 1526 niet
2279 1486 2386 1524 non
2406 1486 2570 1540 super
2603 1487 2766 1526 unam
2793 1471 3015 1537 nubem,
3047 1472 3142 1527 sed
3174 1487 3338 1542 super
3367 1474 3589 1536 multas,
3614 1490 3739 1544 qua:

2138 1571 2302 1616 erunt
2334 1563 2641 1618 vehiculum
2668 1564 2806 1633 ejus.
2852 1561 3124 1629 Quoniam
3170 1572 3352 1619 autem
3387 1579 3736 1635 consequens

2138 1663 2222 1710 est
2250 1655 2388 1709 utin
2421 1655 2699 1710 meliorem
2751 1655 2979 1727 gloriam
3027 1655 3383 1723 reformetur,
3420 1674 3586 1728 quam
3636 1659 3740 1715 fuit

2140 1746 2564 1804 transformatus
2591 1747 2645 1802 in
2679 1757 2884 1812 monte,
2908 1747 3260 1803 manifestum
3297 1758 3461 1805 estex
3494 1765 3561 1806 eo
3586 1753 3735 1821 quod

440 1840 686 1906 Simeon,
720 1839 809 1894 Dei
843 1840 1014 1895 solius
1041 1847 1125 1895 est
1155 1857 1167 1894 :
1201 1855 1303 1896 nos
1338 1849 1518 1896 autem
1552 1841 1604 1894 in
1637 1841 1894 1910 praesenti
1936 1856 2033 1912 ap-
2064 1823 2109 1879 Β
2138 1847 2270 1896 tunc
2295 1841 2515 1911 quidem
2545 1855 2730 1897 coram
2769 1841 2945 1896 tribus
2973 1842 3350 1897 tantummodo
3373 1842 3738 1899 transforma-

440 1942 646 2000 tamus,
685 1933 945 2003 quoniam
995 1948 1186 1988 omnes
1230 1934 1324 2004 qui
1365 1932 1685 1989 eatechizati
1723 1933 1944 1989 fuerunt
1977 1941 2032 1989 et

437 2025 690 2081 instructi
716 2036 844 2080 sunt
873 2025 1058 2080 divino
1088 2025 1372 2097 mysterio,
1407 2041 1508 2082 nec
1541 2024 1764 2082 fuerunt
1794 2025 2030 2082 ordinati

437 2116 494 2171 in
529 2115 710 2185 aliqua
745 2115 983 2170 tribuum
1015 2131 1153 2186 quas
1188 2115 1430 2171 diximus
1455 2131 1643 2187 supra,
1686 2126 1739 2173 et
1765 2132 2028 2188 peccave-

439 2217 568 2262 runt
603 2218 822 2278 peccata
854 2209 1062 2279 gravia,
1090 2209 1280 2280 quales
1304 2218 1435 2265 sunt
1481 2209 1704 2280 plurimi
1738 2210 2028 2276 laicorum,

437 2301 614 2355 tribus
641 2310 770 2356 sunt
801 2299 1024 2357 Simeon
1057 2319 1071 2356 :
1099 2302 1296 2373 reliqui
1329 2310 1512 2358 autem
1563 2304 1844 2370 homines,
1893 2318 2032 2374 quas

438 2393 578 2449 dixit
611 2395 787 2451 tribus
820 2395 1060 2463 relictas,
1091 2410 1231 2466 quas
1277 2396 1590 2466 specialiter
1623 2412 1737 2453 non
1774 2398 2031 2452 nomina-

437 2485 534 2540 vit.
568 2484 687 2542 Non
719 2496 900 2542 autem
935 2487 1317 2557 qualecunque
1345 2499 1430 2544 est
1463 2503 1603 2560 opus
1639 2487 1821 2544 dicere
1869 2498 1923 2544 et
1965 2490 2033 2545 de

439 2577 762 2634 mulieribus
789 2578 1129 2649 singularum
1163 2579 1402 2634 tribuum
1434 2580 1817 2652 plangentibus
1851 2596 1912 2638 se
1942 2597 2031 2637 sc-

437 2669 678 2725 cundum
714 2684 792 2725 se.
826 2667 892 2723 Et
921 2669 1043 2724 vide
1076 2670 1122 2725 si
1163 2681 1320 2740 potes
1346 2671 1398 2724 in
1448 2671 1680 2741 singulis
1721 2671 2035 2744 quibusque

437 2761 706 2818 classibus
733 2776 830 2818 eos
861 2763 1080 2832 quidem
1114 2762 1207 2833 qui
1241 2764 1642 2834 eorporaliores
1691 2772 1746 2820 et
1775 2764 2032 2821 mundia-

438 2855 603 2911 liores
629 2853 868 2921 fuerunt,
908 2854 1090 2912 dicere
1122 2855 1420 2924 mulieres;
1463 2857 1558 2927 qui
1608 2866 1791 2912 autem
1837 2869 2030 2912 eorum

439 2947 855 3018 comparatione
886 2947 1144 3004 meliores
1179 2945 1420 3016 fuerunt,
1448 2947 1597 3004 viros
1626 2947 1816 3004 fuisse.

506 3039 598 3095 50.
634 3038 702 3092 Et
725 3038 971 3094 videbunt
1005 3038 1211 3094 Filium
1235 3040 1463 3094 hominis
1487 3042 1772 3096 venientem
1793 3042 1847 3094 in
1872 3041 2030 3094 nubi-

438 3133 534 3186 bus
561 3147 681 3184 cum
707 3132 901 3185 virtute
923 3143 970 3186 et
998 3132 1170 3202 gloria
1197 3132 1368 3184 multa
1403 3132 1468 3186 ⁸⁸.
1507 3131 1780 3198 Quoniam
1815 3131 2030 3188 videtur

439 3221 762 3291 suscepisse
775 3219 1015 3276 Ecclesia
1041 3221 1309 3277 catholica
1338 3236 1462 3276 cum
1493 3223 1619 3278 aliis
1640 3223 2031 3280 traditionibus

437 3309 606 3364 etiam
634 3310 702 3365 de
724 3309 928 3364 Christi
954 3311 1188 3365 adventu
1223 3310 1465 3366 secundo
1492 3352 1508 3379 ,
1542 3311 1804 3381 quoniam
1833 3311 1940 3366 erit
1972 3312 2027 3367 in

441 3405 614 3474 gloria
663 3403 1019 3460 manifestum
1065 3415 1167 3459 est.
1226 3401 1418 3459 Utrum
1473 3412 1656 3460 autem
1725 3404 2028 3461 secundum

438 3499 586 3570 quod
612 3498 874 3568 scriptum
905 3507 987 3552 est
1011 3497 1064 3551 in
1093 3497 1196 3553 hoc
1233 3498 1376 3560 loco,
1411 3496 1583 3552 nubes
1611 3496 1927 3567 corporales
1947 3507 2029 3554 at-

442 3607 552 3662 que
587 3592 874 3649 sensibiles
912 3591 1231 3646 existimare
1260 3589 1526 3646 debemus
1551 3590 1866 3646 vehiculum
1906 3606 2032 3648 esse

441 3683 638 3755 ipsius,
663 3693 714 3740 et
748 3684 1049 3741 secundum
1072 3681 1388 3754 hujusmodi
1420 3683 1595 3738 nubes
1623 3682 1852 3737 multam
1880 3683 2028 3738 illam

438 3777 696 3832 virtutem
730 3784 784 3832 et
813 3776 1043 3846 gloriam
1071 3784 1390 3846 exspectare
1417 3775 1702 3843 debemus,
1749 3785 1846 3831 aut.
1872 3776 2029 3846 juxta

445 3867 884 3923 observationem
921 3864 1069 3920 verbi
1127 3864 1501 3936 simplicioris,
1539 3864 1705 3920 etiam
1748 3865 2031 3920 moraliter

443 3965 526 4013 est
549 3956 1032 4022 considerandum,
1057 3965 1151 4010 aut
1181 3970 1280 4011 nec
1310 3956 1536 4010 omnino
1557 3954 1850 4010 observare
1873 3955 2033 4010 debe-

442 4065 568 4106 mus
595 4048 1000 4119 simplicitatem
1029 4048 1199 4112 verbi,
1236 4048 1333 4103 sed
1371 4048 1718 4104 solummodo
1761 4047 2028 4104 moralem

442 4138 670 4208 exsequi
701 4137 1057 4204 intellectura,
1088 4152 1195 4192 non
1225 4138 1602 4208 cujuscunque
1624 4147 1708 4195 est
1729 4139 2031 4194 deliberare

447 4242 501 4286 et
522 4232 809 4303 diligenter
843 4232 1079 4287 scrutari
1109 4230 1322 4303 singula
1344 4231 1486 4298 loca,
1513 4239 1568 4288 et
1597 4240 1888 4303 postquam
1918 4240 2030 4287 tra-

441 4329 671 4386 ctaverit
697 4328 922 4384 verbum
953 4329 1257 4385 secundum
1289 4343 1376 4396 ea,
1402 4327 1484 4384 sic
1513 4328 1872 4398 pronuntiare
1897 4327 2030 4399 quid

439 4420 788 4493 potissimum
822 4421 1009 4477 verius
1042 4420 1114 4476 sit
1133 4435 1347 4486 eorum,
1377 4428 1431 4476 et
1462 4420 1751 4476 continens
1793 4434 2029 4490 evange-

2135 1944 2222 1992 tus
2243 1943 2347 2001 est,
2376 1934 2430 1989 in
2460 1935 2933 1991 consummatione
2961 1944 3143 1990 autem
3167 1934 3334 2006 869
3357 1937 3544 1991 mundi
3569 1937 3737 1992 latius

2133 2027 2418 2099 apparebit
2443 2027 2496 2081 in
2522 2027 2694 2098 gloria
2719 2027 2914 2096 multa,
2947 2034 3008 2082 ut
3038 2027 3253 2082 videant
3278 2042 3402 2081 eum
3437 2042 3632 2083 omnes
3675 2029 3730 2083 in

2136 2119 2329 2191 gloria.
2385 2117 2452 2174 Et
2497 2128 2628 2175 tunc
2671 2119 2896 2190 quidem
2949 2118 3288 2174 descendens
3329 2117 3512 2174 lucida
3558 2119 3734 2173 nubes

2135 2211 2480 2267 adumbravit
2501 2227 2617 2277 eos,
2647 2220 2837 2282 postea
2868 2221 3052 2267 autem
3106 2211 3290 2266 multa:
3331 2212 3508 2268 nubes
3543 2223 3733 2283 porta-

2134 2305 2274 2361 bunt
2304 2303 2504 2360 Filium
2559 2305 2799 2361 hominis
2838 2305 3144 2360 venientem
3200 2320 3325 2360 cum
3360 2304 3613 2360 vehiculo
3649 2306 3729 2360 d2-

2137 2410 2245 2466 gno
2271 2393 2457 2466 gloria:
2489 2409 2626 2450 suae.
2663 2393 2814 2449 Dicet
2838 2403 3018 2449 autem
3049 2393 3272 2463 aliquis,
3301 2394 3563 2464 quoniam
3588 2395 3735 2451 sicut

2135 2487 2191 2542 in
2228 2485 2448 2542 fictione
2477 2485 2720 2541 hominis
2750 2484 2960 2554 accepit
2991 2481 3134 2540 Deus
3163 2483 3354 2538 limum
3386 2484 3453 2540 de
3482 2497 3646 2553 terra,
3673 2495 3729 2540 et

2137 2578 2301 2634 ﬁnxit
2319 2579 2621 2643 hominem,
2640 2575 2740 2641 sic,
2761 2583 2818 2630 ut
2834 2585 3092 2646 appareat
3104 2576 3277 2646 gloria
3291 2576 3729 2647 Christi,acc-.'pit

2138 2670 2284 2727 Deus
2311 2671 2377 2726 de
2408 2671 2546 2726 cmlo
2563 2679 2614 2725 et
2632 2670 2698 2724 de
2720 2669 2926 2726 caelesti
2954 2683 3205 2739 corpore,
3226 2679 3279 2724 et
3293 2671 3597 2740 eorporavit
3613 2673 3733 2742 pri-

2137 2779 2288 2818 mum
2306 2763 2526 2835 quidem
2559 2763 2613 2817 in
2636 2763 2836 2817 nubem
2868 2759 3128 2829 lucidam,
3161 2761 3216 2815 in
3256 2762 3729 2817 consummatione

2135 2865 2318 2913 autem
2354 2856 2410 2910 in
2445 2856 2620 2912 nubes
2655 2855 3127 2924 lucidas,proptcr
3155 2854 3301 2924 quod
3327 2863 3380 2908 et
3404 2855 3577 2910 nubes
3606 2855 3726 2909 εαξη

2135 2949 2416 3013 dicuntur,
2451 2947 2755 3004 secundum
2784 2947 2930 3017 quod
2959 2955 3011 3002 et
3039 2945 3205 3000 limus
3231 2955 3390 3001 terra:
3418 2955 3500 3000 est
3525 2945 3720 3001 dictus.

2135 3042 2205 3100 Et
2232 3044 2375 3100 dicet
2409 3041 2624 3097 Patrem
2655 3041 2784 3096 talia
2807 3039 3058 3096 miranda
3094 3038 3304 3095 donare
3331 3038 3466 3094 Filio
3498 3053 3598 3094 suo
3624 3037 3716 3108 qui

2137 3135 2378 3206 seipsum
2405 3134 2732 3200 humiliavit,
2753 3141 2806 3188 et
2827 3139 3046 3202 propter
3073 3130 3422 3186 dilectionem
3448 3146 3548 3185 non
3571 3131 3687 3198 rapi
3704 3159 3720 3171 -

2132 3244 2253 3282 nam
2271 3226 2562 3281 arbitratus
2583 3234 2660 3280 est
2675 3241 2786 3280 esse
2799 3240 2854 3278 se
2869 3222 3123 3295 wqualem
3143 3221 3272 3288 Deo,
3293 3224 3383 3278 sed
3395 3225 3727 3292 semetipsum

2131 3320 2424 3376 exinanivit
2443 3319 2672 3389 formam
2685 3319 2821 3373 servi
2839 3318 3101 3386 accipiens
3117 3317 3182 3382 ⁸⁷,
3197 3325 3250 3370 et
3267 3315 3442 3370 factus
3459 3326 3541 3371 est
3558 3331 3734 3386 agnus

2133 3413 2230 3469 Dei
2256 3421 2313 3467 ut
2339 3411 2493 3466 tollat
2519 3410 2709 3465 mundi
2745 3418 2970 3480 peccata
3011 3409 3074 3464 ⁸⁵³.
3108 3407 3329 3476 Propter
3358 3406 3461 3460 hoc
3494 3407 3644 3460 enim
3676 3415 3731 3460 et

2130 3503 2276 3559 Deus
2292 3501 2704 3573 superexaltavit
2721 3517 2860 3566 eum,
2885 3511 2930 3554 et
2961 3499 3171 3554 donavit
3193 3497 3275 3550 illi
3289 3512 3474 3549 nomen
3493 3495 3726 3565 quodest

2131 3611 2288 3665 super
2308 3611 2458 3649 omne
2481 3609 2668 3647 nomen
2685 3593 2749 3647 ⁸³.
2768 3591 2887 3647 Non
2906 3591 3083 3647 solum
3107 3599 3286 3645 autem
3311 3587 3569 3643 exaltavit
3595 3601 3724 3642 eum

2132 3685 2432 3739 secundum
2463 3681 2752 3750 spiritum,
2803 3680 2899 3735 sed
2929 3680 3094 3736 etiam
3150 3677 3450 3735 secundum
3499 3691 3726 3748 corpus,

2133 3786 2192 3829 ut
2221 3789 2316 3844 per
2349 3773 2534 3828 omnia
2569 3773 2642 3828 sit
2667 3773 2958 3828 exaltatus.
2986 3771 3054 3826 Et
3084 3786 3286 3842 corpus
3317 3770 3459 3841 quod
3485 3770 3726 3840 suscepit

2131 3866 2200 3922 de
2235 3866 2436 3920 virtute
2462 3864 2751 3928 Altissimi,
2781 3873 2836 3919 et
2867 3865 2934 3919 de
2960 3863 3185 3934 Virgine
3212 3852 3528 3932 hujusmodi
3560 3861 3724 3915 mini-

2131 3959 2360 4017 sterium
2396 3958 2764 4025 ministrante,
2794 3956 3028 4012 debebat
3059 3954 3322 4010 honorari
3371 3961 3430 4009 ut
3472 3962 3526 4009 et
3557 3967 3723 4023 super

2132 4048 2334 4106 talibus
2360 4047 2598 4104 nubibus
2621 4047 2862 4115 veniret;
2899 4046 3128 4102 forsitan
3152 4061 3320 4116 super
3348 4043 3585 4100 nubibus
3601 4044 3724 4098 ani-

2131 4143 2297 4199 matis
2326 4151 2380 4198 et
2404 4140 2765 4196 rationalibus
2796 4148 2854 4194 ut
2879 4153 2947 4194 ne
2981 4138 3100 4194 sine
3129 4138 3315 4192 anima
3346 4144 3401 4190 et
3431 4136 3722 4190 irrationa-

2135 4235 2244 4292 bile
2271 4241 2420 4290 esset
2447 4231 2756 4288 vehiculum
2789 4229 2912 4284 Filii
2943 4228 3184 4284 hominis
3211 4227 3528 4299 gloriﬁcati,
3577 4226 3720 4281 sicut

2133 4326 2236 4384 fuit
2259 4328 2376 4383 sine
2404 4325 2587 4380 anima
2616 4339 2830 4389 currus,
2869 4320 3272 4376 irrationabiles
3305 4329 3485 4374 autem
3518 4318 3644 4388 equi
3665 4317 3722 4372 in

2133 4418 2334 4490 quibus
2368 4417 2520 4472 visus
2548 4422 2634 4470 est
2662 4411 2869 4468 assumi
2901 4409 3068 4478 Elias,
3117 4409 3419 4466 secundum
3467 4405 3719 4476 Scriptu-

441 4514 609 4570 lieum
638 4529 887 4578 sensum,
913 4522 969 4569 et
991 4513 1324 4570 voluntatem
1353 4513 1579 4581 Christi,
1612 4514 1706 4584 qui
1735 4514 1840 4570 ista
1873 4514 2026 4570 locu-
2060 4530 2104 4586 ι)
2133 4525 2249 4565 ram
2281 4509 2548 4564 dicentem
2579 4506 2625 4538 ⁷⁰
2653 4524 2666 4560 :
2697 4503 2766 4558 Et
2787 4519 2902 4558 ecce
2924 4517 3112 4557 currus
3142 4501 3324 4571 igneus
3349 4508 3396 4552 et
3422 4498 3542 4568 equi
3565 4497 3720 4567 ignis.

441 4619 531 4668 tus
556 4619 658 4667 est.
689 4609 794 4666 Sed
830 4626 950 4682 age,
980 4625 1081 4666 nos
1111 4625 1287 4682 pauca
1333 4611 1402 4666 de
1436 4611 1654 4667 modica
1687 4611 1888 4667 virtute
1912 4650 1929 4677 ,
1985 4611 2031 4666 si

443 4712 625 4759 tamen
650 4702 734 4759 vel
762 4703 938 4774 ipsam
973 4702 1262 4769 habemus,
1292 4717 1633 4774 exponamus
1663 4702 1750 4759 his
1789 4702 1844 4756 in
1873 4702 2029 4771 locis,

443 4807 496 4852 et
549 4796 790 4867 primum
837 4795 1060 4867 quidem
1115 4795 1418 4850 secundum
1471 4803 1703 4851 textum.
1757 4793 2031 4851 Videbunt

443 4889 618 4945 oculis
645 4890 1022 4960 corporalibus
1053 4887 1250 4943 Filium
1281 4888 1520 4944 hominis
1543 4888 1599 4942 in
1631 4888 1812 4958 specie
1841 4891 2032 4944 huma-

445 4997 514 5036 na
549 4980 851 5036 venientem
881 4997 1044 5050 super
1073 4981 1246 5036 nubes
1277 4995 1564 5050 supernas,
1609 4995 1731 5050 quae
1766 4980 1887 5036 ideo
1931 4997 2030 5036 nu-

445 5073 541 5129 bes
572 5073 697 5128 coeli
729 5073 1006 5138 dicuntur,
1037 5088 1162 5129 eum
1191 5073 1394 5128 virtute
1439 5084 1491 5128 et
1525 5071 1699 5144 gloria
1735 5071 1926 5126 multa.
1964 5071 2030 5128 Et

441 5166 777 5224 conveniunt
804 5165 931 5221 huic
959 5167 1290 5237 expositioni
1314 5182 1438 5239 qua)
1471 5165 1726 5240 superius
1761 5165 1816 5220 in
1849 5163 2029 5220 Evan~

442 5259 586 5331 gelio
608 5257 866 5314 dicuntur
893 5257 998 5311 hoc
1031 5257 1195 5312 modo
1226 5257 1272 5289 “
1302 5276 1314 5310 :
1349 5256 1484 5312 Cum
1524 5257 1896 5326 assumpsisset
1929 5253 2026 5310 Je-

443 5372 533 5410 sus
567 5352 804 5418 Petrum,
837 5359 886 5406 et
911 5351 1194 5419 Joannem,
1221 5359 1270 5405 et
1299 5349 1583 5418 Iacobum,
1615 5351 1798 5406 eduxit
1819 5366 1905 5405 eos
1931 5366 2024 5403 su-

443 5462 534 5513 per
566 5455 794 5500 montem
816 5443 1081 5498 excelsum
1105 5443 1283 5509 nimis,
1319 5459 1574 5508 seorsum,
1603 5453 1651 5496 et
1676 5441 2027 5512 transﬁgura-

445 5549 529 5592 tus
560 5547 634 5592 est
665 5554 842 5592 coram
878 5537 974 5602 eis,
1009 5544 1056 5588 et
1083 5534 1344 5602 splenduit
1371 5535 1530 5590 facies
1551 5534 1664 5604 eius
1687 5535 1824 5589 sicut
1849 5531 1949 5596 sol,
1977 5541 2026 5584 et

521 5744 566 5776 "
588 5749 772 5804 Matth.
807 5764 953 5812 xxrv,
989 5748 1077 5802 50.
1182 5745 1228 5775 “
1254 5741 1441 5797 Matth.
1469 5740 1654 5812 xvn,l
1701 5747 1763 5812 _et
1788 5753 1940 5812 seqq;

445 5821 576 5886 lica.
607 5835 666 5881 ll.
703 5821 788 5876 11.
866 5820 909 5852 ¹¹
933 5817 1076 5874 Psal.
1111 5830 1222 5880 ινδ,
1249 5814 1333 5866 tl.

2051 5736 2094 5768 "
2117 5731 2313 5802 Philip.
2342 5749 2401 5797 ιι,
2425 5731 2479 5784 6.
2555 5727 2602 5760 ⁸⁵⁸
2628 5726 2786 5802 Joan.
2817 5727 2967 5797 1,56.

1413 5813 1456 5844 τ’
1482 5803 1665 5880 ιειιίν,
1690 5810 1741 5864 6.
1818 5803 2079 5862 7"Matth.
2112 5820 2240 5872 xvn,
2267 5803 2318 5858 ὅ.

2131 4603 2404 4671 Quoniam
2454 4609 2636 4656 autem
2703 4599 2958 4652 animatae
3014 4604 3068 4650 et
3133 4591 3488 4648 rationabiles
3547 4590 3720 4646 nubes

2129 4703 2312 4758 erunt,
2342 4709 2465 4764 quae
2496 4699 2658 4747 erunt
2687 4689 2998 4745 vehiculum
3039 4687 3161 4741 Filii
3214 4686 3343 4751 Dei,
3387 4683 3721 4755 proferimus

2129 4781 2362 4851 exempli
2395 4795 2563 4836 causa
2601 4779 2748 4850 quod
2781 4777 3044 4832 dicitur“
3086 4795 3098 4831 :
3139 4775 3208 4828 Et
3234 4777 3424 4830 veritas
3451 4785 3540 4828 tua
3560 4790 3722 4844 usque

2133 4877 2202 4930 ad
2255 4875 2434 4929 nubes.
2487 4873 2552 4929 Et
2617 4876 2815 4928 iterum
2857 4871 2904 4903 "
2959 4889 2973 4925 :
3047 4869 3314 4923 Mandabo
3377 4866 3601 4921 nubibus
3659 4883 3722 4920 ne

2133 4969 2318 5042 pluunt
2349 4984 2506 5036 super
2549 4965 2701 5020 illaut
2748 4964 3005 5034 pluviam.
3059 4961 3294 5016 Maxime
3327 4968 3509 5016 autem
3553 4974 3618 5014 ex
3654 4972 3722 5013 eo

2133 5065 2276 5137 quod
2310 5061 2511 5118 dicitur
2562 5059 2608 5090 "’
2645 5077 2658 5113 :
2699 5057 2768 5112 Et
2799 5073 2914 5112 ecce
2963 5056 3124 5110 nubes
3155 5053 3335 5108 lucida
3383 5050 3720 5105 adumbravit

2131 5174 2243 5222 eos,
2265 5164 2314 5208 et
2337 5168 2452 5208 ecce
2482 5165 2580 5205 vox
2613 5151 2678 5202 de
2701 5145 2835 5200 nube
2863 5147 3043 5199 dicens
3073 5157 3178 5197 non
3204 5140 3346 5212 quia
3375 5139 3548 5194 nubes
3594 5137 3721 5191 Filii

2133 5257 2251 5304 erat
2276 5245 2456 5308 Pater,
2491 5241 2607 5306 sed,
2643 5248 2701 5293 ut
2730 5239 2804 5293 ita
2833 5238 3012 5294 dicam
3039 5274 3054 5299 ,
3091 5233 3317 5289 verbum
3366 5231 3462 5288 Dei
3513 5228 3718 5285 factum

2135 5350 2219 5397 est
2243 5340 2309 5396 ad
2332 5353 2475 5400 eam,
2511 5334 2652 5390 sicut
2684 5331 2885 5388 factum
2916 5338 3000 5386 est
3025 5329 3091 5389 ad
3121 5326 3436 5398 prophetas.
3469 5322 3538 5379 Et
3576 5324 3722 5380 sicut

2134 5433 2228 5504 qui
2258 5431 2409 5487 audit
2437 5429 2633 5485 Isaiam
2658 5426 2926 5481 dicentem
2948 5425 2994 5456 ⁷³
3029 5443 3040 5478 ε
3070 5418 3240 5475 Filios
3265 5418 3419 5490 genui
3442 5427 3491 5472 et
3513 5415 3720 5471 exalta-

2133 5525 2204 5591 υἱ,
2237 5524 2339 5595 ipsi
2382 5530 2557 5576 autem
2590 5535 2668 5573 me
2691 5527 3013 5586 spreverunt,
3034 5529 3140 5568 non
3176 5511 3394 5576 Isaiam,
3425 5509 3522 5565 sed
3545 5509 3722 5566 Deum

3046 5726 3089 5758 ⁶⁹
3116 5723 3312 5792 Philip.
3359 5736 3415 5788 tt,
3444 5721 3499 5776 9.
3574 5717 3621 5750 "
3647 5716 3716 5773 iV

2399 5801 2444 5834 ἰδ
2464 5802 2569 5856 lsa.
2601 5815 2639 5870 ι,
2664 5800 2716 5854 2.
