4052 6304
283 444 415 498 167⁸7

1411 434 2064 491 COMMENTARIORUM
2107 435 2372 491 SERIES.

3403 438 3538 492 17.378

281 565 496 620 Patrem
530 563 683 619 audit
718 578 771 616 tn
800 560 973 625 Isaia;
1018 558 1099 613 sic
1145 558 1237 628 qui
1275 555 1567 612 audiebant
1597 556 1667 612 de
1711 556 1853 612 nube
1884 562 1927 617 Α
1957 570 2079 610 nem
2107 556 2174 622 ⁸⁸,
2201 556 2354 611 locus
2380 573 2432 609 in
2464 572 2564 626 quo
2603 556 2859 609 Dominus
2899 572 3078 610 eorum
3119 566 3405 627 cruci/ratus
3439 573 3537 625 est,

281 669 470 709 vocem
505 652 796 715 dicentem,
828 647 931 703 Hic
952 656 1029 701 est
1062 644 1112 699 F
1115 645 1238 700 ilius
1270 662 1415 699 meus
1459 645 1703 712 dilectus,
1745 660 1855 700 non

281 746 500 810 nubem,
528 743 619 799 sed
644 740 857 796 Patrem
884 741 938 793 in
970 753 1035 794 ea
1068 738 1449 795 testificantem
1497 737 1685 807 glorise
1734 735 1856 790 Filii

282 838 588 892 audiebant.
625 833 681 889 Si
728 846 858 905 ergo
896 840 1023 888 ante
1070 830 1341 902 passionis
1389 828 1856 899 dispensationem

281 928 403 983 talis
442 926 542 981 fuit
569 926 744 981 nubes
767 926 1117 995 prophetans,
1147 923 1277 994 quid
1299 921 1561 979 debemus
1590 921 1772 977 dicere
1791 919 1859 975 de

280 1018 515 1073 nubibus
544 1017 666 1073 eteli
697 1032 863 1087 super
886 1016 1086 1086 quibus
1119 1016 1403 1069 venientem
1442 1012 1650 1067 Filium
1688 1011 1859 1066 homi-

280 1111 359 1164 nis
389 1110 647 1165 videbunt
667 1127 787 1163 cum
820 1110 1008 1163 virtute
1027 1116 1078 1161 et
1107 1106 1277 1178 gloria
1310 1105 1481 1160 multa
1502 1104 1596 1175 qui
1623 1104 1860 1159 viderint

278 1216 403 1255 eum
430 1200 596 1254 tunc?
615 1198 681 1254 Et
709 1199 755 1254 si
780 1199 998 1269 quidem
1019 1211 1079 1255 ut
1108 1214 1174 1253 ne
1197 1203 1399 1253 textam
1421 1195 1656 1251 calcaret
1685 1193 1858 1248 Filius

280 1289 374 1345 Dei
410 1289 465 1344 in
497 1287 872 1360 Jerosolymis,
895 1288 1180 1359 diligentes
1207 1303 1333 1343 eum
1359 1294 1671 1342 straverunt
1690 1283 1857 1341 vesti—-

280 1390 462 1436 menta
495 1396 594 1437 sua
621 1381 674 1434 in
703 1382 812 1447 via,
845 1395 1022 1453 neque
1047 1380 1275 1437 asellum
1306 1379 1403 1449 qui
1440 1377 1692 1450 portabat
1730 1391 1857 1432 eum

279 1473 523 1529 volentes
556 1481 757 1528 terram
787 1471 1028 1539 calcare,
1078 1470 1208 1543 quid
1252 1470 1453 1526 mirum
1500 1467 1551 1526 si
1597 1467 1759 1523 Pater
1805 1473 1859 1523 et

281 1571 426 1628 Deus
459 1571 704 1627 omnium
745 1569 916 1625 nubes
955 1577 1165 1626 sternat
1190 1568 1443 1624 caelestes
1480 1567 1584 1624 sub
1623 1580 1854 1637 corpore

282 1665 403 1720 Filii
427 1663 805 1720 descendentis
830 1663 896 1718 ad
927 1675 1066 1732 opus
1090 1659 1617 1716 consummationis?
1648 1657 1714 1713 Et
1740 1658 1858 1729 pri-

282 1770 431 1811 mum
460 1754 678 1826 quidem
704 1754 852 1809 venit
874 1751 1033 1809 Jesus
1063 1767 1188 1809 cum
1215 1752 1418 1807 virtute
1449 1760 1505 1807 et
1548 1751 1719 1823 gloria
1749 1766 1858 1822 qua

281 1848 677 1921 gloriﬁcaverat
703 1862 827 1902 eum
851 1844 1032 1914 Pater,
1058 1861 1123 1901 ex
1153 1860 1262 1917 qua
1296 1844 1498 1899 virtute
1530 1843 1761 1900 faciebat
1784 1844 1858 1899 si-

282 1955 386 2011 gna
422 1948 475 1995 et
501 1938 746 2010 prodigia
772 1936 828 1992 in
856 1935 1090 2008 populo,
1126 1944 1181 1992 et
1223 1950 1442 1992 omnem
1483 1934 1856 1990 infirmitatem

279 2040 334 2087 et
362 2032 678 2102 languorem
709 2029 938 2086 sanabat
961 2046 977 2097 ;
1006 2037 1226 2100 propter
1246 2043 1409 2101 quam
1436 2036 1489 2083 et
1516 2027 1731 2083 dicebat
1756 2027 1802 2060 τ’
1839 2047 1853 2083 :

285 2120 475 2193 Tetigit
520 2136 601 2175 me
642 2120 836 2192 aliquis
862 2159 879 2187 ,
923 2134 1016 2190 ego
1054 2121 1196 2174 enim
1242 2120 1353 2173 scio
1391 2120 1637 2174 virtutem
1665 2118 1727 2173 de
1776 2135 1857 2172 me

279 2210 686 2270 exiiss:.0:nnis
712 2220 895 2266 autem
922 2210 1014 2265 illa
1075 2216 1248 2271 virtus
1292 2210 1701 2281 comparatione
1740 2210 1858 2262 vir-

283 2308 413 2363 tutis
440 2306 586 2360 illius
614 2304 797 2359 multa:
826 2318 952 2357 cum
979 2318 1086 2373 qua
1114 2302 1167 2356 in
1197 2301 1302 2356 fine
1321 2309 1584 2355 venturus
1611 2307 1715 2364 est,
1740 2316 1858 2355 mo-

281 2396 403 2452 dica
433 2404 567 2450 erat.
617 2392 802 2449 Virtus
839 2394 982 2449 enim
1029 2400 1146 2448 erat
1186 2390 1549 2448 exinanientis
1592 2392 1854 2462 seipsum.

286 2489 468 2545 Virtus
491 2496 671 2543 autem
698 2485 788 2541 illa
808 2485 980 2540 multa
1008 2485 1075 2541 de
1103 2499 1211 2556 qua
1239 2483 1498 2539 scribitur
1539 2501 1552 2537 :
1596 2482 1857 2538 Videbunt

287 2579 487 2634 Filium
512 2577 740 2633 hominis
766 2577 1051 2632 venientem
1077 2592 1235 2647 super
1257 2574 1482 2630 nubibus
1521 2591 1637 2629 cum
1667 2576 1858 2630 virtute

280 2681 329 2726 et
355 2671 526 2741 gloria
557 2669 725 2724 multa
745 2669 813 2734 ",
838 2669 941 2724 erit
963 2667 1058 2724 Dei
1079 2667 1241 2724 Verbi
1267 2667 1362 2739 qui
1390 2667 1675 2723 restitutus
1690 2677 1773 2724 est
1803 2669 1855 2722 in

283 2771 482 2817 statum
516 2777 677 2832 quem
709 2760 899 2817 habuit
926 2775 960 2816 a
1005 2759 1273 2832 principio
1313 2760 1456 2830 apud
1498 2759 1668 2816 Deum
1705 2762 1859 2831 prius

282 2868 445 2924 quam
489 2852 794 2908 exmaniret
833 2851 1097 2922 seipsum.
1138 2848 1231 2906 Sic
1261 2858 1316 2906 et
1356 2849 1583 2923 multam
1628 2851 1856 2922 gloriam

281 2944 400 3014 ejus
426 2943 681 3014 intellige,
729 2942 1053 3014 incipiensa
1101 2941 1276 3013 gloria
1320 2941 1502 2996 vultus
1551 2941 1747 3014 Moysi,
1805 2951 1860 2998 et

283 3035 554 3091 transiens
581 3035 648 3091 ad
678 3033 873 3100 Eliam,
904 3033 998 3105 qui
1041 3033 1143 3088 visi
1183 3040 1313 3089 sunt
1341 3031 1395 3086 in
1431 3033 1601 3104 gloria
1639 3034 1859 3103 quando

281 3126 422 3184 facta
448 3136 532 3182 est
558 3126 769 3196 species
800 3125 980 3181 vultus
1007 3124 1131 3180 Filii
1157 3124 1250 3180 Dei
1284 3125 1471 3190 altera,
1503 3134 1558 3180 et
1588 3134 1856 3180 mutatum

1959 659 2175 704 vocatur
2194 649 2509 718 spiritaliter
2532 646 2762 702 Sodoma
2796 656 2845 701 et
2886 644 3150 718 Aigyptus
3174 689 3191 715 ,
3233 649 3349 704 sive
3395 660 3540 706 totus

1959 738 2217 801 mundus,
2251 739 2367 794 sive
2388 736 2838 811 Judaeaﬁodoma
2860 747 2913 806 et_
2935 737 3201 810 Egyptus
3218 741 3538 810 appellatur.

1959 828 2064 896 Qui
2092 837 2275 884 autem
2311 844 2474 899 super
2505 829 2705 883 nubem
2738 828 2906 884 levem
2937 829 3087 884 venit
3132 829 3186 883 in
3223 829 3541 901 Egyptum,

1959 922 2196 992 primum
2243 922 2621 978 ascensionem
2668 921 2829 977 faciet
2870 922 2924 976 in
2978 921 3241 978 .ludaaam.
3292 922 3542 978 Rationis

1959 1023 2045 1071 est
2075 1013 2218 1070 enim
2250 1014 2554 1070 venientem
2585 1030 2710 1070 eum
2747 1015 2966 1082 iterum,
2998 1015 3107 1071 illic
3138 1015 3373 1085 primum
3401 1015 3538 1070 fieri.

1963 1109 2201 1165 Sodoma
2231 1119 2410 1165 autem
2443 1111 2534 1165 ubi
2578 1110 2840 1165 Dominus
2889 1125 3077 1165 eorum
3121 1110 3416 1165 crucitixus
3461 1121 3539 1165 est

1962 1199 2284 1268 appellatur,
2305 1199 2448 1255 sicut
2474 1208 2529 1254 et
2552 1200 2846 1272 aliquando
2862 1201 3066 1255 dictum
3093 1208 3177 1255 est
3200 1202 3263 1254 ad
3282 1202 3538 1271 populum

1962 1291 2114 1346 illum
2144 1299 2198 1345 et
2216 1291 2487 1363 principes
2507 1292 2627 1362 ejus
2653 1310 2666 1347 :
2698 1292 2889 1347 Audite
2909 1292 3117 1348 verbum
3143 1291 3375 1359 Domini,
3394 1293 3529 1363 print

1962 1384 2100 1453 cipes
2129 1382 2503 1449 Sodomorum,
2526 1384 2783 1439 attendite
2805 1383 2969 1454 legem
3003 1384 3123 1448 Dei,
3149 1384 3292 1455 plebs
3322 1385 3542 1439 Gomor-

1963 1478 2073 1532 rlue
2101 1477 2167 1529 ⁸³.
2205 1475 2263 1530 1η
2299 1476 2386 1532 his
2414 1476 2799 1532 traditionibus
2833 1477 3006 1532 utitur
3032 1479 3193 1532 etiam
3219 1478 3349 1532 illud
3393 1476 3538 1547 quod

1962 1571 2162 1626 dicitur
2185 1571 2231 1603 ⁸³
2269 1588 2282 1625 :
2314 1569 2602 1640 Rapiemur
2632 1570 2685 1623 in
2735 1567 2961 1623 nubibus
2989 1569 3157 1639 870
3183 1569 3388 1622 obvium
3434 1567 3539 1622 Do-

1963 1680 2104 1718 mino
2134 1664 2190 1717 in
2221 1679 2415 1730 aerem,
2443 1671 2493 1717 et
2542 1663 2618 1716 sic
2647 1677 2848 1729 semper
2889 1675 3010 1714 cum
3055 1659 3281 1713 Domino
3321 1661 3536 1714 erimus.

1962 1753 2031 1811 Et
2050 1755 2193 1811 dicet
2226 1774 2238 1809 :
2275 1753 2333 1809 Si
2366 1753 2509 1810 beati
2538 1752 2790 1808 homines
2819 1751 2874 1805 in
2902 1749 3140 1805 nubibus
3163 1750 3440 1820 rapientur
3480 1749 3537 1804 in

1962 1864 2166 1917 aerem,
2195 1847 2323 1919 quid
2353 1847 2552 1902 mirum
2582 1854 2666 1900 est
2698 1844 2756 1899 in
2796 1843 3037 1899 nubibus
3080 1840 3277 1896 Filium
3307 1840 3401 1897 Dei
3448 1856 3541 1897 ve-

1960 1944 2077 1999 nire
2096 1957 2222 1998 cum
2253 1941 2452 1996 virtute
2480 1947 2535 1995 et
2559 1937 2732 2010 gloria
2753 1935 2960 1991 multa?
2983 1934 3114 1991 Item
3149 1935 3322 1990 nubes
3343 1934 3538 1990 obum—

1956 2035 2151 2091 brahat
2176 2032 2437 2104 populum
2467 2030 2771 2086 venientem
2801 2044 2867 2083 ex
2903 2027 3158 2099 Egypto.
3194 2026 3252 2082 Si
3293 2027 3393 2083 ista
3424 2042 3541 2083 cre-

1958 2126 2184 2190 duntur,
2224 2122 2501 2194 quomodo
2537 2135 2642 2175 non
2673 2133 3013 2188 consequens
3038 2126 3122 2172 est
3164 2115 3396 2172 Domino
3438 2129 3538 2187 po-

1959 2217 2069 2289 puli
2098 2217 2153 2271 in
2186 2214 2494 2271 vehiculum
2528 2211 2645 2267 ﬁeri
2673 2210 2846 2266 nubes
2875 2210 3123 2266 caelestes
3152 2217 3214 2264 ut
3238 2209 3423 2264 sedeat
3445 2223 3541 2265 su-

1957 2326 2054 2383 per
2074 2308 2206 2365 eas?
2226 2306 2282 2363 Si
2312 2316 2494 2362 autem
2520 2305 2776 2375 recipitur
2802 2304 2936 2358 liber
2959 2302 3053 2373 qui
3078 2300 3209 2357 dicit
3232 2319 3246 2356 :
3279 2298 3542 2366 Quoniam

1959 2400 2221 2471 sapientia
2253 2407 2331 2453 est
2359 2413 2477 2469 qua:
2510 2397 2654 2467 facta
2678 2403 2755 2450 est
2783 2392 2974 2465 populo
3014 2401 3138 2447 tunc
3165 2391 3408 2445 columna
3441 2407 3542 2444 nu-

1961 2493 2037 2548 bis
2079 2494 2136 2547 in
2173 2492 2280 2556 die,
2321 2500 2372 2545 et
2408 2490 2629 2559 ﬂamma
2676 2488 2812 2558 ignis
2845 2487 2901 2541 in
2934 2495 3101 2549 nocte,
3148 2482 3294 2539 dicet
3343 2482 3541 2553 aliquis

1962 2583 2225 2656 quoniam
2258 2581 2431 2636 nubes
2461 2594 2625 2650 super
2656 2578 2856 2649 quibus
2899 2576 3159 2632 videbunt
3197 2574 3395 2630 Filium
3437 2574 3535 2629 ho-s

1961 2676 2128 2731 minis
2167 2673 2494 2738 venientem,
2540 2672 2715 2727 virtus
2763 2668 3028 2725 Altissimi
3070 2675 3155 2724 est
3198 2676 3253 2723 et
3302 2665 3538 2737 Spiritus

1961 2775 2205 2835 sanctus,
2242 2781 2363 2837 quae
2385 2765 2517 2821 [ient
2545 2763 2592 2818 ei
2617 2764 2672 2818 in
2701 2761 2941 2817 nubibus
2973 2760 3120 2826 coeli,
3155 2769 3213 2816 ut
3243 2760 3426 2815 veniat
3468 2759 3538 2814 il-

1960 2862 2029 2918 lis
2059 2862 2327 2916 invectus.
2352 2858 2492 2914 Cum
2518 2858 2590 2913 sit
2615 2871 2745 2928 ergo
2780 2854 2973 2911 fortior
2998 2863 3054 2910 et
3078 2869 3189 2909 non
3209 2851 3535 2924 contempti-

1960 2953 2088 3010 bilis
2120 2952 2262 3009 ratio
2295 2952 2434 3018 haec,
2462 2951 2558 3022 qui
2583 2949 2700 3004 vult
2729 2946 2947 3018 quidem
2977 2944 3280 3003 secundum
3324 2953 3540 2999 utrum-

1961 3059 2069 3114 que
2097 3042 2322 3098 modum
2358 3040 2639 3111 suscipere
2673 3053 2793 3108 qua:
2815 3037 3093 3104 dicuntur,
3132 3049 3244 3090 non
3280 3033 3547 3104 reproba-t

1960 3137 2077 3200 bit;
2118 3142 2174 3190 et
2207 3133 2253 3190 si
2279 3132 2477 3188 dixerit
2505 3132 2629 3203 quis
2667 3127 3033 3200 intelligibiles
3059 3127 3232 3182 nubes
3258 3124 3312 3181 in
3338 3123 3538 3196 quibus

279 3228 364 3275 est
390 3219 796 3274 vestimentum.
829 3215 1135 3288 Intelligens
1167 3224 1348 3270 autem
1377 3216 1541 3271 etiam
1584 3216 1733 3286 quod
1772 3216 1854 3272 di-

1963 3225 2142 3283 veniet
2173 3224 2346 3280 Filius
2371 3223 2632 3292 hominis,
2665 3222 2778 3278 sive
2804 3230 3024 3277 sanctas
3052 3226 3106 3275 et
3130 3218 3344 3275 divinas
3371 3217 3540 3272 virtu-

279 3310 423 3367 citur
448 3311 493 3342 ⁷⁷
518 3326 533 3365 t
565 3308 625 3364 Si
649 3309 788 3364 enim
812 3308 950 3379 quod
979 3316 1281 3374 evacuatur,
1300 3323 1393 3377 per
1420 3306 1666 3378 gloriam,
1691 3307 1857 3362 multo

281 3405 446 3477 magis
480 3402 616 3475 quod
646 3410 844 3468 manet,
872 3401 929 3455 in
973 3401 1168 3471 gloria,
1197 3399 1406 3456 videbis
1448 3400 1674 3455 multam
1709 3401 1880 3461 illam,

282 3495 507 3566 gloriam
534 3494 678 3562 Filii,
704 3494 771 3548 de
803 3507 909 3563 qua
940 3493 1203 3562 scriptum
1247 3500 1366 3554 est,
1408 3507 1528 3544 cum
1580 3493 1771 3545 virtute
1808 3501 1856 3545 et

281 3586 453 3656 gloria
480 3584 669 3638 multa.
703 3583 897 3637 Adhuc
925 3589 1106 3636 autem
1147 3581 1320 3650 magis
1344 3580 1612 3650 intelliges
1635 3581 1703 3635 de
1749 3597 1857 3650 qua

284 3674 525 3744 loquitur
547 3681 748 3737 textus,
769 3670 1041 3740 accipiens
1066 3670 1134 3724 de
1157 3670 1389 3725 Actuum
1418 3670 1691 3727 volumine
1711 3672 1860 3742 quod

285 3767 462 3822 taliter
492 3764 653 3819 habet
675 3763 722 3795 ⁷⁸
754 3779 768 3817 :
794 3761 862 3815 Et
888 3761 1132 3816 cumlth
1147 3761 1395 3830 dixisset,
1422 3761 1716 3816 videntibus
1748 3763 1859 3819 illis

281 3866 510 3916 elevatus
540 3864 637 3920 est,
664 3864 713 3908 et
742 3851 900 3908 nubes
929 3853 1157 3923 suscepit
1187 3867 1306 3907 eum
1335 3852 1401 3907 ab
1448 3852 1615 3907 oculis
1654 3870 1856 3911 eorum.

285 3950 353 4004 Et
379 3964 496 4003 cum
523 3944 846 3999 intenderent
876 3944 929 3996 in
954 3942 1142 3996 cwlum
1168 3950 1322 3998 eunte
1348 3944 1465 4013 illo,
1487 3961 1603 4000 ecce
1630 3947 1737 4001 duo
1758 3949 1858 4003 viri

284 4047 537 4097 steterunt
562 4038 616 4092 in
637 4045 772 4091 veste
798 4033 942 4100 alba,
970 4034 1061 4105 qui
1086 4044 1133 4089 et
1158 4034 1408 4089 dixerunt
1432 4051 1450 4091 :
1485 4035 1596 4090 Viri
1621 4037 1857 4107 Galiltei,

284 4133 410 4205 quid
433 4131 591 4187 statis
622 4127 930 4200 aspicientes
952 4126 1010 4181 in
1045 4124 1271 4183 caelum?
1298 4125 1404 4181 Hic
1432 4127 1590 4185 Jesus
1636 4132 1727 4202 qui
1770 4149 1859 4185 as-

285 4233 525 4295 sumptus
559 4231 638 4278 est
664 4238 698 4275 a
728 4219 867 4275 vobis
892 4219 942 4273 in
972 4218 1181 4286 caelum,
1212 4219 1289 4274 sic
1314 4221 1478 4275 veniet
1515 4223 1857 4292 quemadmo-

283 4319 408 4373 dum
430 4317 634 4373 vidistis
666 4331 782 4370 eum
816 4323 1025 4368 euntem
1062 4313 1119 4366 in
1152 4310 1361 4368 emtum.
1390 4311 1448 4369 Si
1487 4314 1634 4370 enim
1681 4315 1857 4371 credi-

283 4426 407 4467 mus
441 4409 558 4466 istis
589 4409 789 4480 quibus
814 4407 989 4462 nubes
1027 4404 1227 4461 dicitur
1267 4420 1392 4461 eum
1428 4407 1765 4477 suscepisse,
1804 4418 1858 4464 et

282 4502 572 4562 sustulisse
596 4501 652 4556 in
687 4500 908 4567 caelum,
939 4498 1215 4569 quomodo
1250 4512 1362 4553 non
1390 4500 1692 4556 secundum
1737 4508 1858 4557 tex-

1960 3329 2065 3390 tes,
2098 3319 2213 3376 sive
2230 3316 2581 3374 beatissimos
2608 3313 2922 3386 prophetas.
2949 3311 3016 3367 Et
3035 3311 3203 3379 dicet,
3227 3310 3319 3383 qui
3350 3325 3545 3367 secun-

1958 3411 2089 3468 dum
2123 3418 2177 3466 et
2210 3410 2507 3481 gloriosum
2548 3405 2712 3463 Verbi
2740 3405 3031 3461 adventum
3065 3402 3311 3458 futurum
3360 3401 3541 3459 homi-

1960 3504 2122 3560 nibus
2148 3502 2204 3556 in
2233 3499 2763 3556 consummationem
2796 3496 2980 3552 saeculi
3007 3495 3284 3550 moraliter
3313 3494 3540 3551 conﬁte-

1960 3603 2069 3659 tur,
2103 3593 2247 3649 sicut
2272 3605 2438 3660 supra
2465 3589 2705 3644 diximus
2729 3588 3009 3653 traditum,
3037 3587 3133 3642 sed
3162 3600 3273 3642 non
3297 3586 3541 3644 destruet

1959 3686 2125 3741 etiam
2169 3691 2396 3738 textum.
2439 3679 2543 3747 Qui
2576 3687 2759 3734 autem
2813 3677 3107 3748 dispiciens
3146 3677 3444 3749 gloriosum
3483 3688 3539 3735 et

1960 3757 2337 3831 admirabilem
2365 3779 2572 3828 textum
2601 3769 2727 3834 loci,
2753 3777 2808 3825 et
2829 3770 2971 3825 sicut
2997 3767 3087 3824 Dei
3109 3769 3390 3825 amicusin
3417 3771 3536 3827 solo

1961 3866 2192 3938 spiritali
2228 3872 2384 3935 putat
2408 3862 2712 3918 consistere
2736 3876 2947 3929 verum,
2975 3860 3366 3931 ignoscendum
3413 3877 3538 3918 esse

1960 3960 2104 4016 dicet
2133 3954 2293 4029 quasi
2330 3953 2516 4026 pueris
2565 3963 2621 4006 et
2655 3950 2897 4022 parvulis
2941 3951 2995 4005 in
3039 3949 3257 4006 Christo
3306 3950 3390 4008 eis
3440 3954 3535 4023 qui

1961 4043 2315 4116 corporaliter
2342 4039 2649 4112 suscipiunt
2675 4039 2796 4096 ista.
2826 4038 2964 4095 Cum
2997 4039 3168 4095 multa
3209 4047 3391 4096 autem
3422 4041 3538 4097 vir-

1964 4148 2075 4193 tute
2108 4137 2253 4192 venit
2281 4133 2525 4206 quotidie
2552 4133 2619 4188 ad
2650 4132 2892 4188 animam
2919 4132 3098 4188 omnis
3141 4133 3410 4190 credentis
3448 4150 3538 4190 se-

1960 4229 2171 4286 cundus
2199 4225 2363 4283 Verbi
2401 4225 2664 4281 adventus
2698 4223 2754 4278 in
2798 4224 3034 4281 nubibus
3067 4224 3399 4296 propheticis
3420 4266 3438 4294 ,
3482 4228 3537 4285 id

1958 4328 2042 4377 est
2069 4320 2125 4374 in
2161 4317 2459 4390 Scripturis
2486 4315 2874 4388 prephetarum
2905 4324 2957 4370 et
2988 4316 3378 4387 apostolorum,
3412 4333 3538 4390 qua:

1958 4410 2456 4468 manifestanteum
2482 4449 2497 4477 ,
2538 4416 2594 4463 et
2627 4407 2685 4462 in
2716 4405 2973 4462 omnibus
3012 4406 3190 4464 verbis
3228 4408 3345 4465 suis
3387 4408 3535 4464 veri-

1958 4505 2089 4560 tatis
2133 4502 2318 4559 lumen
2374 4499 2710 4564 ostendunt,
2757 4506 2812 4554 et
2850 4500 3185 4555 exorientem
3227 4515 3352 4556 eum
3397 4501 3540 4557 divi-

285 4604 399 4650 tum
429 4594 607 4648 veniet
633 4593 701 4648 de
732 4591 892 4656 cmlo,
931 4592 1074 4648 sicut
1109 4589 1358 4645 viderunt
1388 4606 1516 4647 eum
1547 4603 1765 4650 euntem
1800 4594 1854 4649 in
1892 4578 1935 4634 Ῑ)
1962 4595 2131 4675 ιιίερει
2164 4607 2327 4665 super
2366 4592 2665 4651 humanam
2713 4598 2966 4646 naturam
3018 4590 3380 4649 iutellectibus
3419 4593 3536 4651 suis

283 4685 482 4745 malum
512 4684 764 4755 discipuli
816 4682 977 4754 ejus?
1020 4680 1087 4737 Et
1127 4681 1184 4736 in
1222 4681 1572 4740 Revelatione
1609 4683 1856 4755 ,Joanues

284 4772 533 4830 similiter
552 4772 681 4827 dicit
702 4772 748 4804 ⁷⁸
778 4789 792 4826 :
821 4770 955 4825 Ecce
984 4771 1147 4825 veniet
1174 4787 1294 4824 cum
1318 4769 1560 4839 nubibus,
1586 4783 1636 4827 et
1662 4775 1854 4829 videbit

281 4881 401 4922 eum
432 4865 601 4918 omnis
625 4863 830 4928 oculus,
854 4873 903 4918 et
931 4862 1020 4933 qui
1046 4842 1164 4915 eum
1206 4873 1556 4934 pupugerunt.
1590 4863 1860 4937 lutelligat

281 4967 463 5014 autem
496 4956 588 5027 qui
615 4963 812 5026 potest,
842 4965 1025 5009 utrum
1054 4953 1108 5008 id
1137 4953 1315 5025 ipsum
1351 4965 1436 5012 est
1477 4973 1643 5028 super
1683 4959 1858 5016 nubes

281 5049 407 5107 caeli
437 5047 623 5104 venire
653 5063 802 5115 eum,
832 5056 887 5103 et
913 5062 1036 5102 cum
1069 5046 1306 5102 nubibus
1334 5061 1460 5103 eum
1494 5049 1721 5119 venire;
1762 5060 1861 5107 aut

282 5142 403 5197 alia:
423 5140 642 5213 quidem
674 5148 803 5195 sunt
828 5140 1000 5194 nubes
1020 5153 1182 5209 super
1213 5154 1351 5209 quas
1377 5139 1572 5207 veniet,
1603 5141 1725 5197 alia:
1759 5157 1860 5199 au-

283 5243 390 5289 tem
417 5248 543 5290 cum
565 5231 765 5304 quibus
792 5229 1007 5286 veniet?
1033 5229 1332 5287 Considera
1361 5239 1541 5287 autem
1567 5232 1619 5287 in
1649 5233 1859 5290 visione

285 5324 537 5398 Egyptia
566 5326 763 5383 Isaiam
797 5326 1065 5382 dicentem
1108 5325 1154 5357 ⁸ο
1185 5343 1199 5379 :
1240 5323 1377 5379 Ecce
1424 5325 1677 5381 Dominus
1713 5328 1855 5382 sedet

282 5432 439 5486 super
467 5415 655 5472 nubem
686 5416 880 5484 levem,
914 5425 965 5471 et
1000 5415 1164 5471 veniet
1213 5415 1268 5469 in
1308 5413 1621 5486 (Egi/ptum.
1659 5415 1852 5473 Utrum

284 5506 574 5579 Egyptum
604 5509 738 5566 dicit
766 5509 911 5564 hanc
936 5523 1061 5579 qua:
1101 5509 1464 5563 communiter
1512 5509 1854 5582 intelligitur,

288 5609 558 5655 natatum
600 5602 880 5657 mundum.
937 5599 1249 5657 Secundum
1290 5600 1435 5656 enim
1485 5601 1661 5673 ipsum
1689 5602 1857 5659 Joan-

349 5808 396 5838 "
422 5803 555 5861 Luc.
582 5820 702 5872 vui,
727 5806 817 5861 46.
922 5808 967 5839 ’⁸
986 5805 1183 5863 Matth.
1215 5822 1363 5870 xm,
1392 5805 1479 5861 30.

1593 5806 1636 5836 ⁷⁷
1659 5803 1703 5857 11
1721 5804 1849 5860 Cor.
1881 5820 1961 5870 ut,
1987 5805 2075 5859 ll.

283 5875 328 5911 “
348 5877 516 5943 Apoc.
548 5890 620 5934 xl.
650 5881 702 5932 8.
780 5878 823 5909 ⁸³
850 5874 951 5932 lsa.
984 5892 1021 5940 ι,
1054 5877 1139 5931 10.
1216 5877 1302 5931 ⁸³1
1336 5877 1527 5933 Thess.
1559 5890 1632 5943 tv,
1660 5877 1743 5929 lli.
1823 5876 1857 5907 ⁸³

1960 5876 2080 5929 ttth.
2113 5889 2261 5941 xxiv,
2290 5874 2379 5929 5i.

1959 4687 2259 4745 declarant.
2297 4684 2389 4742 Sic
2419 4694 2601 4740 autem
2627 4682 2709 4740 eis
2735 4683 2830 4753 qui
2866 4682 3174 4755 intelligunt
3216 4686 3537 4741 manifesta-

1961 4790 2134 4836 torem
2162 4780 2476 4850 dogmatum
2511 4778 2564 4831 in
2598 4775 2877 4848 prophetis
2906 4786 3068 4846 atque
3092 4777 3355 4846 apostolis
3399 4777 3537 4833 dici-

1960 4888 2083 4929 mus
2109 4885 2370 4942 apparere
2392 4869 2553 4925 etiam
2581 4866 2808 4939 gloriam
2838 4866 3088 4933 multam,
3109 4881 3231 4938 qua
3259 4866 3314 4922 in
3343 4882 3538 4924 secun-

1958 4966 2029 5021 do
2060 4962 2222 5019 Verbi
2248 4962 2479 5017 adventu
2511 4959 2745 5015 videtur.

2029 5056 2117 5110 51.
2148 5053 2214 5109 Et
2243 5055 2410 5107 mittet
2432 5052 2642 5123 angelos
2665 5066 2788 5105 suos
2810 5065 2926 5103 cum
2953 5048 3079 5103 tuba
3100 5065 3311 5119 magna,
3339 5060 3386 5105 et
3412 5067 3537 5105 con-

1958 5148 2246 5221 gregabunt
2293 5147 2480 5201 electos
2514 5143 2628 5214 ejus
2657 5159 2690 5196 a
2731 5151 2960 5213 quatuor
2988 5141 3151 5195 ventis
3174 5181 3189 5208 ,
3242 5157 3276 5194 a
3316 5141 3536 5195 summis

1962 5243 2205 5297 caelorum
2237 5254 2396 5311 usque
2424 5236 2494 5291 ad
2520 5235 2766 5291 terminos
2796 5248 2975 5288 eorum
2995 5232 3061 5287 ⁸⁵.
3101 5231 3361 5287 Similiter
3393 5231 3536 5303 apud

1964 5334 2205 5389 Marcum
2253 5332 2357 5387 hoc
2395 5329 2528 5384 dicit
2575 5326 2737 5382 modo
2781 5344 2795 5380 :
2835 5324 2905 5378 Et
2943 5333 3070 5379 tunc
3105 5324 3279 5378 mittet
3322 5322 3535 5394 angelos

1964 5439 2109 5489 suos,
2156 5429 2206 5475 et
2254 5416 2647 5490 congregabunt
2695 5414 2884 5470 electos
2925 5430 2959 5468 a
2997 5420 3227 5484 quatuor
3267 5411 3454 5476 ventis,
3500 5426 3535 5466 a

1965 5529 2170 5569 summo
2196 5523 2351 5566 terra:
2390 5525 2552 5581 usque
2592 5507 2661 5563 ad
2687 5522 2951 5562 summum
2973 5505 3089 5560 caeli
3113 5505 3181 5560 ⁸⁵.
3222 5501 3373 5571 Quod
3404 5502 3533 5559 dicit

1969 5604 2309 5659 Salvatorem
2343 5602 2560 5658 mittere
2593 5599 2816 5671 angelos
2843 5611 2974 5655 suos
3004 5611 3128 5652 cum
3162 5594 3289 5651 tuba
3315 5609 3532 5665 magna,

2152 5803 2196 5836 ’³
2222 5802 2344 5858 Act.
2378 5818 2418 5870 ι,
2447 5802 2599 5874 9-H.
2675 5802 2719 5836 "
2741 5802 2980 5874 Apoc._t,
3012 5810 3065 5861 7.
3142 5804 3187 5837 “
3211 5802 3316 5862 lsa.
3344 5821 3457 5874 XIX,
3484 5807 3505 5860 l

2457 5874 2501 5906 ⁸⁸
2529 5873 2693 5928 Marc.
2725 5872 2843 5939 xui,
2878 5872 2965 5928 i7.
