4052 6304
520 335 683 391 ’ῒϐἶθ

1702 331 2028 389 ORIGENIS
2063 330 2133 388 IN
2171 332 2587 390 MATTIIJEUM

3653 339 3806 395 £68)

544 465 885 523 quaecunque
920 446 1150 511 estilla,
1184 446 1250 501 ad
1281 445 1692 518 congregandos
1729 446 1932 501 electos
1975 445 2116 516 ejus,
2147 450 2192 508 Α
2221 445 2304 516 gis
2357 451 2539 500 autem
2612 442 2935 515 sapientiam
2997 443 3175 515 ipsum
3218 445 3415 501 Filium
3469 445 3612 514 Dei,
3665 466 3806 505 cum

545 549 940 612 consequenter
970 540 1171 594 dicitur
1207 538 1310 605 eis,
1346 553 1468 608 qum
1504 538 1558 592 in
1590 537 1847 607 parabola
1885 536 1989 591 alia
2022 552 2111 591 re-

546 633 793 690 feruntur
827 632 893 685 de
927 630 1228 686 seminibus
1267 638 1319 685 et
1348 628 1609 695 zizaniis;
1661 637 1716 684 et
1750 624 2112 698 interpretans

543 722 863 796 parabolam
911 720 991 776 sic
1020 721 1151 776 dicit
1176 721 1263 774 εει
1315 704 1573 791 quoniam
1633 720 1817 775 messis
1866 736 2113 774 consum-

542 817 707 870 matio
745 824 845 878 est,
893 829 1144 868 messores
1194 814 1367 884 angeli
1406 822 1549 867 sunt.
1608 811 1760 868 Sicut
1800 829 1921 883 ergo
1963 811 2116 866 colli-

541 916 739 977 guntur
779 907 1014 969 zizania,
1057 913 1106 959 et
1134 906 1243 976 igni
1286 914 1609 972 cremantur,
1649 905 1726 958 sic
1750 905 1865 983 erit.
1895 905 1949 983 in
1985 920 2115 957 con-

540 997 890 1053 summatione
931 980 1134 1051 saeculi.
1189 996 1367 1050 .llittet
1415 993 1595 1049 Filius
1639 980 1865 1049 hominis
1900 980 2114 1065 angelos

541 1106 664 1143 suos
690 1074 721 1156 ,~
750 1097 798 1142 et
838 1088 1085 1159 colligent
1130 1087 1193 1141 de
1239 1103 1396 1158 regno
1440 1086 1554 1156 ejus
1608 1087 1786 1141 omnia
1835 1085 2112 1153 scandala,

539 1192 589 1235 et
620 1196 707 1235 eos
738 1179 828 1249 qui
860 1179 1064 1248 faciunt
1104 1178 1462 1249 iniquitatem,
1512 1185 1563 1232 et
1597 1180 1773 1233 mittet
1806 1194 1892 1232 eos
1918 1179 1989 1233 -in
2025 1194 2116 1232 ea-

540 1271 743 1323 minum
777 1269 912 1338 ignis
943 1284 962 1323 :
1006 1266 1120 1322 illic
1159 1268 1259 1322 erit
1298 1268 1488 1336 ﬂetus,
1528 1277 1576 1321 et
1616 1268 1817 1321 stridor
1854 1268 2112 1321 dentium.

545 1357 690 1412 Tunc
723 1358 864 1427 justi
900 1357 1172 1428 fulgebunt
1209 1358 1344 1411 sicut
1388 1359 1468 1411 sol
1502 1359 1557 1412 in
1597 1375 1754 1429 regno
1793 1356 1972 1411 Patris
2009 1358 2111 1411 sui.

541 1448 673 1505 Tale
709 1458 763 1504 ct
794 1449 996 1518 aliquid
1031 1449 1165 1503 dicit
1203 1449 1255 1501 in
1288 1449 1549 1518 parabole
1589 1464 1804 1520 sagenae
1840 1449 2022 1504 missae
2058 1450 2113 1503 in

540 1530 692 1595 mare
714 1540 780 1593 ³⁷.
818 1539 958 1609 Ergo
992 1554 1269 1594 messores
1310 1530 1492 1612 angeli
1526 1539 1814 1595 mittuntur
1860 1556 1891 1595 a
1929 1539 2117 1595 Salva-

541 1641 659 1686 tore
686 1631 1001 1699 colligentes
1029 1631 1283 1685 universa
1312 1632 1542 1697 zizania,
1573 1642 1632 1687 ut
1657 1642 1781 1703 post
1804 1633 1919 1688 haec
1942 1635 2115 1689 sancti

540 1719 784 1787 fulgeant
830 1720 973 1775 sicut
1015 1720 1098 1775 sol
1151 1720 1203 1774 in
1249 1737 1415 1792 regno
1450 1720 1628 1778 Patris
1676 1722 1783 1791 sui,
1834 1732 1892 1778 ut
1931 1733 2116 1793 postea

2220 535 2430 613 venerit
2456 533 2600 605 quod
2625 548 2750 613 vere
2777 532 3075 604 perfectum
3109 543 3215 591 est.
3246 536 3313 591 Et
3337 548 3577 606 quatuor
3604 548 3816 596 ventos

2217 641 2284 682 ex
2333 610 2537 697 quibus
2589 610 2747 681 electi
2796 626 2998 682 Christi
3028 629 3547 705 [congregabuntun
3596 632 3817 687 intelli-

2219 718 2399 788 gimus
2460 725 2800 787 quaerentes,
2868 731 3103 788 quorum
3150 719 3420 775 bonorum
3482 720 3811 779 futurorum

2218 809 2524 872 habuerunt
2569 811 2816 865 umbram
2866 824 2986 880 quae
3024 809 3078 863 in
3124 807 3378 866 Numeris
3405 812 3453 845 ⁸⁸
3494 822 3626 869 sunt
3666 831 3816 871 con—

2218 899 2419 968 scripta
2463 898 2529 953 de
2572 912 2898 967 unaquaque
2938 898 3079 953 tribu
3115 898 3348 954 filiorum
3396 900 3583 959 Israel.
3638 902 3812 961 Unde

2216 972 2427 1059 primus
2462 987 2565 1044 fuit
2595 976 2729 1044 ordo
2758 997 3062 1046 castrorum
3093 987 3232 1044 Juda
3263 1006 3386 1046 cum
3413 994 3613 1051 virtute
3652 996 3811 1066 ipso-

2218 1068 2391 1147 rum,
2440 1070 2780 1136 constituens
2843 1080 2909 1135 ad
2960 1072 3268 1149 orientem,
3322 1091 3379 1138 et
3429 1099 3553 1140 cum
3598 1086 3688 1143 his
3725 1103 3808 1143 ex

2217 1181 2447 1240 utraque
2486 1160 2640 1240 parte
2680 1164 2941 1225 Issaehar'
2965 1179 3019 1225 et
3042 1170 3307 1227 Zabulon.
3353 1172 3422 1229 Et
3464 1174 3532 1230 ad
3549 1175 3802 1233 Africum

2215 1263 2377 1333 871
2431 1263 2604 1318 tribus
2651 1260 2864 1327 Ruben,
2908 1270 2964 1318 et
3001 1277 3068 1318 ex
3107 1273 3338 1334 utraque
3364 1276 3516 1335 parte
3545 1265 3800 1337 Simeon,

2216 1361 2271 1407 et
2303 1351 2452 1420 Gad;
2507 1362 2561 1408 et
2592 1353 2766 1408 tribus
2792 1350 3028 1423 Ephrem
3069 1354 3369 1410 secundum
3424 1373 3595 1426 mare,
3630 1370 3688 1415 et
3724 1378 3799 1417 ex

2218 1453 2449 1513 utraque
2486 1452 2638 1513 parte
2664 1441 2946 1513 Beniamin
2985 1448 3039 1497 et
3065 1438 3316 1500 Manasse
3352 1447 3676 1506 novissima.
3728 1452 3799 1508 Et

2219 1533 2393 1588 tribus
2406 1531 2518 1587 Dan
2543 1533 2608 1588 ad
2640 1534 2969 1603 aquilonem,
2994 1541 3047 1587 et
3073 1549 3136 1589 ex
3157 1544 3389 1605 utraque
3409 1548 3561 1608 parte
3581 1540 3721 1598 Aser
3739 1554 3798 1600 et

2217 1622 2587 1694 Nephthalim.
2621 1622 2870 1680 Forsitan
2902 1639 3033 1696 ergo
3058 1639 3126 1680 ex
3163 1635 3314 1693 tunc,
3351 1629 3528 1685 tribus
3561 1647 3799 1704 egressae

2220 1718 2427 1772 umbras
2470 1725 2626 1771 erant
2671 1725 2976 1795 castrorum
3025 1717 3322 1771 secundum
3375 1722 3639 1789 mysteria
3680 1726 3795 1779 veri

544 1819 948 1881 congregemur
1011 1811 1173 1866 electi
1230 1826 1260 1866 a
1303 1822 1539 1882 quatuor
1587 1813 1782 1881 ventis,
1826 1829 1856 1867 a
1890 1792 2118 1870 summis
2150 1792 2191 1846 Β
2221 1805 2405 1861 Israel.
2446 1805 2512 1860 Et
2548 1805 2688 1861 sicut
2735 1792 2864 1861 tunc
2894 1820 2959 1860 ex
2990 1814 3228 1876 quatuor
3251 1808 3427 1864 ventis
3455 1825 3799 1884 congregata:

542 1901 807 1956 caelorum
861 1918 1036 1972 usque
1092 1903 1160 1957 ad
1210 1904 1471 1960 terminos
1536 1920 1748 1960 eorum.
1819 1904 2115 1961 Considera

544 1982 751 2056 utrum,
779 1989 920 2045 sicut
945 1992 1239 2061 epinantur
1264 1994 1646 2063 simpliciores,
1666 2010 1761 2051 eos
1787 2003 1995 2050 tantum
2024 1996 2117 2066 qui

541 2087 672 2137 tunc
704 2082 905 2137 inventi
939 2074 1145 2138 fuerint
1178 2084 1231 2139 in
1262 2100 1514 2156 corpore,
1551 2089 1991 2160 congregandos;
2025 2102 2119 2145 aut

512 2181 688 2228 certe
714 2188 911 2247 omnes
939 2174 1033 2244 qui
1073 2175 1126 2229 in
1156 2174 1268 2232 Deo
1294 2175 1455 2232 Patre
1494 2177 1678 2233 dilecti
1715 2189 1866 2248 sunt,
1908 2189 1961 2235 et
1988 2179 2117 2237 Jesu

514 2264 762 2321 {Christo
815 2276 943 2322 sunt
993 2270 1336 2337 conservati;
1378 2278 1432 2325 et
1477 2270 1601 2326 vide
1637 2271 1743 2327 nisi
1794 2273 1987 2328 melius
2034 2282 2118 2329 est

514 2357 762 2427 .dieere,
850 2360 1254 2431 congregandos
1325 2376 1448 2418 esse
1499 2362 1567 2417 ab
1636 2364 1842 2433 angelis
1914 2363 2116 2420 Christi

520 2464 732 2506 «attines
755 2450 830 2506 ab
852 2451 1096 2507 adventu
1125 2451 1328 2508 Christi
1371 2469 1547 2525 usque
1584 2455 1652 2511 ad
1681 2452 2116 2512 consummatio-

540 2557 664 2598 nem
695 2533 916 2600 vocatos
949 2538 1115 2614 atque
1136 2531 1368 2602 electos.
1406 2540 1630 2613 Quaeres
1658 2557 1838 2604 autem
1871 2548 1918 2604 si
1950 2549 2113 2604 etiam

540 2648 636 2690 eos
681 2635 773 2706 qui
824 2634 1044 2692 fuerunt
1095 2651 1128 2691 a
1178 2638 1571 2694 constitutione
1618 2639 1804 2695 mundi
1847 2656 2019 2711 usque
2048 2641 2115 2696 ad

542 2725 837 2782 adventum
866 2742 881 2780 :
909 2728 955 2783 si
992 2737 1173 2783 tamen
1201 2729 1357 2785 electi
1385 2728 1584 2786 Christi
1631 2747 1741 2787 non
1776 2731 1952 2788 solum
1988 2741 2118 2789 sunt

540 2815 621 2871 illi
647 2816 743 2887 qui
774 2832 842 2873 ex
864 2818 1098 2874 adventu
1128 2820 1248 2890 ejus
1295 2829 1421 2878 sunt
1451 2822 1653 2889 sancti,
1705 2823 1848 2880 sicut
1894 2825 2115 2895 quidam

539 2908 788 2979 magistri
826 2909 1095 2965 haeresum
1129 2910 1338 2977 dicunt,
1380 2913 1474 2968 sed
1507 2926 1697 2968 omnes
1725 2914 1819 2985 qui
1854 2930 1886 2970 a
1915 2915 2118 2971 consti-

541 3001 752 3056 tutione
800 3001 992 3056 mundi
1043 3000 1284 3070 fuerunt,
1328 3003 1422 3074 qui
1460 3004 1717 3060 viderunt
1764 3006 1907 3063 sicut
1934 3008 2114 3063 Abra-

538 3091 669 3147 ham
697 3090 901 3146 Christi
940 3091 1105 3158 diem,
1141 3102 1196 3148 et
1232 3093 1415 3148 divina
1461 3096 1829 3153 exsultatione
1875 3099 2116 3154 exsulta—
2141 3120 2184 3178 α

542 3193 742 3238 uerunt
787 3183 845 3237 in
873 3199 1021 3238 eum.
1074 3183 1133 3238 Si
1170 3194 1350 3240 autem
1390 3200 1498 3241 non
1532 3195 1765 3254 tantum,
1797 3189 1941 3245 sicut
1981 3190 2114 3246 sim-

529 3273 710 3345 :pliees
744 3274 1098 3342 arbitrantur,
1132 3290 1227 3332 eos
1253 3277 1344 3347 qui
1382 3275 1737 3332 inveniuntur
1772 3280 1826 3334 in
1860 3294 2110 3352 corpore,

524 3365 925 3437 congregaturi
975 3375 1103 3422 sunt
1148 3368 1357 3439 angeli,
1404 3369 1497 3425 sed
1542 3386 1733 3427 omnes
1767 3371 1972 3429 Christi
2003 3374 2114 3430 ele-

527 3465 680 3522 ctos,
714 3457 1059 3514 considerare
1089 3467 1173 3516 est
1198 3459 1420 3530 dignum
1444 3461 1574 3531 quid
1597 3461 1803 3518 interea
1823 3462 2110 3531 facientes,

539 3557 640 3605 aut
662 3548 716 3602 in
746 3563 862 3619 quo.
879 3548 1000 3604 loco
1023 3559 1425 3606 commorantes
1451 3553 1860 3625 eongregahunt
1888 3556 2106 3611 electos.

536 3635 809 3703 Quoniam
861 3648 1042 3695 autem
1090 3656 1198 3696 non
1238 3650 1449 3697 tantum
1492 3643 1616 3698 illos
1654 3646 1748 3715 qui
1789 3645 1845 3699 in
1881 3661 2110 3717 corpore

532 3731 739 3786 fuerint
766 3732 1147 3801 comprehensi
1179 3733 1309 3787 dicit
1337 3737 1744 3805 congregandos
1770 3735 1972 3791 Christi
2000 3738 2110 3793 ele-

534 3808 691 3887 ctos,‘
738 3822 834 3877 sed
897 3822 1061 3876 etiam
1129 3822 1250 3879 illos
1307 3824 1400 3893 qui
1461 3824 1528 3880 de
1581 3826 1912 3895 corporibus
1980 3837 2110 3884 sunt

535 3902 764 3984 egressi,
830 3912 1148 3969 manifestat
1197 3930 1386 3970 sermo
1440 3904 1633 3972 dicens
1698 3917 2107 3988 congregandos

537 4004 738 4059 electos
788 4017 901 4058 non
947 4005 1125 4059 solum
1177 4019 1209 4059 a
1254 4013 1492 4075 quatuor
1533 4005 1747 4073 ventis,
1797 4007 1893 4063 sed
1940 4009 2105 4063 etiam

534 4109 567 4149 a
616 4095 850 4149 summis
908 4094 1172 4149 caelorum
1216 4110 1406 4164 usque
1462 4095 1529 4150 ad
1582 4096 1847 4152 terminos
1893 4111 2101 4153 eorum.

535 4182 747 4239 Nemini
805 4193 986 4239 autem
1039 4199 1203 4255 super
1238 4178 1463 4240 terram
1527 4187 1763 4242 arbitror
1815 4188 2106 4245 convenire

535 4276 679 4348 quod
714 4276 811 4344 ait,
844 4286 904 4331 ut
932 4285 1328 4348 congregentur
1353 4293 1383 4331 a
1409 4278 1642 4334 summis
1679 4279 1965 4348 caelorum,
1998 4280 2105 4337 nisi

534 4365 678 4423 forte
706 4380 801 4422 eos
830 4365 924 4437 qui
964 4366 1106 4421 inter
1130 4366 1381 4422 homines
1423 4368 1643 4422 interim
1701 4370 1842 4438 apud
1878 4370 2101 4441 angelos

529 4457 789 4514 docentes
827 4457 1067 4512 ctelestia
1101 4467 1529 4524 commorantur,
1561 4460 1969 4529 congregabunt
1998 4477 2099 4515 an-

534 4549 635 4620 geli
663 4549 857 4616 sancti,
893 4556 954 4603 ut
987 4542 1111 4604 ante
1140 4549 1386 4606 eruditos
1418 4550 1474 4604 in
1502 4552 1731 4607 summis
1762 4553 1884 4607 coeli
1924 4568 2099 4622 usque

530 4641 603 4696 ad
636 4640 901 4696 terminos
932 4655 1121 4696 eorum
1155 4649 1209 4695 et
1242 4641 1546 4697 instructos
1581 4644 1799 4699 tradant
1830 4643 2099 4714 perfectos

531 4746 730 4803 magno
760 4730 872 4786 Deo
912 4729 1081 4787 Verbo
1116 4730 1261 4786 Filio
1276 4732 1385 4787 'Dei
1431 4731 1501 4786 ad
1543 4733 1985 4801 conregnandum
2025 4720 2098 4800 ei,

531 4830 587 4878 et
618 4823 686 4878 ad
723 4824 1122 4893 susceptionem
1153 4838 1344 4879 eorum
1373 4840 1494 4895 quae
1523 4824 1801 4880 tradiderit
1826 4825 1997 4882 Filius
2032 4828 2100 4883 de

532 4911 618 4966 his
641 4912 736 4982 qui
762 4912 1062 4968 doctrinam
1101 4915 1375 4971 ccelestem
1405 4927 1531 4971 ante
1559 4917 1915 4987 susceperint.
1950 4917 2100 4986 Quos

532 5003 680 5058 uiam
719 5013 900 5058 autem
939 5005 1130 5061 umbra
1167 5015 1249 5062 est
1288 5007 1402 5064 haec
1443 5007 1553 5063 vita
1590 5018 1777 5064 nostra
1826 5008 1881 5064 in
1916 5011 2095 5077 terris,

529 5106 873 5165 consequens
903 5103 987 5150 est
1019 5105 1078 5151 ut
1114 5112 1260 5152 nunc
1300 5098 1417 5170 lege
1445 5108 1499 5154 et
1529 5100 1803 5170 prophetis
1843 5102 2098 5157 erudian-

531 5194 622 5241 tur
647 5185 843 5259 quiin
888 5185 988 5267 illa'
1022 5186 1358 5257 plenitudine
1405 5191 1661 5261 temporis
1711 5191 1920 5263 reliqua
1972 5202 2101 5249 sunt

529 5276 743 5343 scituri,
783 5284 838 5332 et
880 5276 1121 5347 pleniora
1165 5295 1196 5333 a
1226 5279 1364 5336 Filio
1403 5279 1500 5335 Dei
1557 5275 1745 5338 scituri
1799 5286 2096 5340 secundum

529 5384 620 5425 res
663 5369 812 5440 ipsas
856 5370 1127 5438 caelestes,
1178 5380 1238 5427 ut
1280 5374 1372 5443 qui
1413 5383 1540 5429 sunt
1590 5374 1645 5429 in
1676 5376 1905 5432 summis
1934 5377 2100 5432 coelo-

530 5476 686 5526 rum,
730 5462 890 5532 quasi
936 5462 992 5518 in
1035 5463 1363 5533 quibusdam
1409 5466 1809 5524 eruditionibus
1859 5468 1997 5534 sint,
2038 5477 2098 5522 ut

530 5553 739 5620 possint
776 5544 1121 5622 postmodum
1169 5570 1361 5625 capere
1410 5559 1732 5629 sapientiam
1796 5558 1911 5627 Dei,
1972 5573 2092 5614 ma-

2220 1907 2350 1954 sunt
2392 1898 2446 1952 in
2474 1894 2741 1964 Iudaeam,
2767 1906 2820 1952 et
2850 1897 2906 1951 in
2936 1897 3300 1953 haereditatem
3328 1915 3424 1970 per
3453 1900 3640 1958 Jesum
3672 1916 3799 1976 post

2218 1987 2438 2060 Moysen
2466 1988 2816 2059 paedagogum
2852 1997 2906 2043 et
2935 2000 3345 2059 procuratorem
3388 1993 3673 2063 institutae,
3712 1999 3795 2054 sic

2217 2093 2248 2133 a
2281 2089 2516 2148 quatuor
2563 2080 2742 2135 ventis
2779 2080 2956 2150 angeli
3004 2080 3409 2152 congregabunt
3458 2084 3662 2141 electos
3703 2106 3717 2141 :
3756 2105 3793 2144 ει

2220 2170 2396 2225 ventis
2425 2180 2605 2226 autem
2647 2186 2753 2226 non
2785 2171 3035 2237 terrenis,
3075 2187 3107 2226 a
3137 2174 3368 2229 summis
3396 2177 3660 2232 caelorum
3691 2194 3791 2235 us-

2216 2278 2322 2333 que
2355 2265 2423 2318 ad
2455 2263 2716 2319 terminos
2757 2278 2969 2332 eorum,
3000 2273 3059 2319 ut
3086 2264 3155 2319 ab
3182 2263 3310 2321 Jesu
3349 2278 3541 2326 nostro
3564 2286 3793 2342 congre-

2217 2356 2326 2427 gati
2370 2346 2673 2426 percipiant
2738 2357 2979 2412 divinam
3041 2366 3096 2413 et
3141 2374 3326 2414 veram
3396 2360 3786 2422 hereditatem.

2215 2446 2370 2517 Apud
2405 2447 2717 2503 Matthteum
2745 2464 2876 2520 ergo
2905 2449 2998 2521 qui
3026 2440 3426 2523 cengregantur
3449 2454 3644 2510 Christi
3668 2456 3786 2511 ele—

2217 2540 2310 2608 c1i,
2342 2556 2406 2595 ex
2437 2548 2672 2610 quatuor
2696 2539 2872 2596 ventis
2903 2551 3370 2613 congregantur,a
3405 2545 3632 2601 summis
3660 2560 3783 2603 cce-

2216 2629 2392 2683 lorum
2438 2643 2613 2700 usque
2655 2627 2724 2682 ad
2772 2628 3032 2684 terminos
3075 2644 3289 2686 eorum.
3334 2631 3488 2701 Apud
3531 2631 3776 2691 Marcum

2216 2703 2419 2788 autem,
2453 2736 2485 2778 a
2512 2729 2747 2792 quatuor
2772 2721 2972 2786 ventis,
3014 2737 3046 2777 a
3079 2714 3295 2779 Summo
3326 2732 3481 2781 terra:
3509 2742 3684 2799 usque
3713 2730 3778 2785 ad

2218 2828 2494 2869 summum
2524 2813 2683 2880 caali;
2718 2822 2905 2884 postea
2951 2822 3131 2869 autem
3183 2808 3214 2869 a
3257 2818 3493 2874 summis
3523 2820 3775 2876 caelorum

2217 2919 2390 2974 usque
2425 2904 2491 2959 ad
2522 2903 2784 2958 terminos
2811 2917 3025 2958 eorum.
3066 2902 3342 2970 lntelliges
3366 2916 3542 2962 autem
3567 2922 3655 2963 eos
3680 2910 3772 2978 qui

2218 3000 2618 3061 congregantur
2662 3005 2693 3045 a
2722 2996 2939 3046 s'ummo
2973 3000 3152 3059 terrae,
3179 2995 3523 3051 considerans
3548 3012 3765 3053 conver-

2217 3081 2483 3136 sationem
2511 3096 2701 3137 eorum
2733 3081 2828 3151 qui
2857 3079 3077 3137 fuerunt
3101 3082 3156 3137 in
3191 3074 3373 3153 terris,
3403 3094 3453 3141 et
3477 3087 3770 3143 secundum

2216 3170 2359 3241 quod
2377 3170 2638 3240 possibile
2663 3179 2747 3226 est
2770 3169 3158 3240 perfectionem
3183 3187 3376 3229 eorum
3400 3175 3494 3246 qui
3512 3185 3641 3232 sunt
3653 3191 3781 3232 conc-

2213 3261 2413 3317 versati
2443 3261 2498 3316 in
2522 3262 2700 3317 terris.
2727 3259 2931 3317 Omnes
2957 3277 3088 3333 ergo
3108 3264 3200 3334 qui
3231 3280 3397 3334 super
3424 3276 3624 3322 terram
3649 3268 3786 3324 bene

2211 3352 2466 3407 vixerunt
2493 3390 2509 3417 ,
2556 3366 2670 3406 non
2719 3350 3037 3421 simpliciter
3079 3363 3477 3423 congregantur
3525 3371 3558 3410 a
3605 3365 3783 3426 terra,

2213 3443 2309 3500 sed
2348 3457 2379 3496 a
2403 3434 2621 3499 summo
2671 3449 2849 3509 terrae,
2880 3432 3094 3513 utputa,
3129 3458 3158 3497 a
3179 3457 3389 3498 summa
3434 3459 3782 3502 conversan-

2212 3536 2345 3591 tium
2389 3549 2553 3605 super
2592 3541 2814 3589 terram.
2850 3532 2909 3589 Si
2943 3545 3123 3590 autem
3164 3543 3284 3606 post
3331 3550 3606 3591 summam
3644 3553 3780 3594 con-

2205 3626 2538 3682 versationis
2565 3641 2686 3697 qnte
2700 3625 2804 3680 fuit
2828 3628 2883 3680 in
2912 3627 3094 3691 terris,
3119 3630 3419 3698 susceperit
3441 3629 3777 3700 subsequens

2209 3719 2555 3775 conversatio
2596 3732 2690 3773 eos
2730 3717 2824 3787 qui
2868 3713 3337 3775 conversationem
3380 3719 3685 3775 habuerunt
3721 3720 3772 3773 in

2207 3810 2382 3875 cm‘lis,
2405 3823 2513 3864 non
2539 3807 2853 3878 simpliciter
2883 3824 2913 3863 a
2938 3823 3155 3865 summo
3179 3811 3317 3865 coelo
3341 3810 3483 3866 sicut
3506 3825 3537 3864 a
3561 3824 3773 3865 summo

2207 3894 2386 3969 terrae,
2415 3902 2510 3957 sed
2538 3916 2568 3956 a
2598 3903 2828 3957 summis
2858 3902 3035 3967 caelis,
3066 3903 3324 3972 quoniam
3357 3902 3773 3972 unumquodque

2198 3996 2403 4052 coelum
2441 4008 2555 4050 suae
2594 3994 2958 4050 institutionis
2991 4002 3045 4049 et
3086 3995 3243 4050 initia
3286 3994 3484 4060 habet,
3520 4001 3571 4050 et
3600 3992 3769 4064 perfe-

2205 4087 2438 4151 ctiones,
2472 4085 2524 4140 id
2558 4094 2640 4140 est
2666 4084 2948 4139 terminos.
2989 4082 3213 4154 Utputa,
3244 4096 3369 4156 post
3403 4085 3765 4142 conversatio-

2206 4192 2634 4235 nemsummam
2662 4192 2784 4245 quae
2816 4177 2918 4233 fuit
2955 4192 3118 4248 super
3152 4186 3377 4243 terram,
3412 4173 3639 4248 suscipit
3667 4182 3765 4235 ite-

2205 4287 2327 4326 rum
2356 4256 2647 4327 hOminem'
2681 4264 3026 4326 cenve'rsatio
3056 4262 3221 4325 unius
3256 4269 3401 4337 cmli,
3435 4279 3488 4325 et
3514 4270 3767 4340 perfectio

2195 4377 2327 4432 quae
2359 4362 2413 4416 in
2442 4376 2508 4417 eo
2537 4369 2640 4416 est.
2676 4360 2878 4416 Iterum
2928 4361 3168 4431 suscepit
3194 4377 3320 4416 eum
3356 4362 3597 4417 secunda
3642 4377 3767 4416 eon-

2130 4454 2177 4513 D
2202 4451 2441 4506 versatio
2485 4450 2711 4506 secundi
2749 4451 2895 4519 costi,
2941 4458 2997 4505 et
3031 4449 3288 4520 perfectio
3327 4464 3449 4520 qua:
3485 4450 3541 4504 in
3574 4464 3639 4504 eo
3666 4457 3761 4504 est.

2203 4533 2402 4600 Iterum
2434 4543 2673 4613 suscepit
2708 4556 2832 4596 eum
2864 4543 3019 4596 tertia
3057 4541 3399 4598 conversatio
3432 4539 3579 4595 tertii
3626 4541 3762 4605 caeli,

2201 4642 2257 4689 et
2271 4618 2528 4704 perfectio
2559 4648 2681 4704 quae
2716 4632 2772 4687 in
2796 4648 2861 4688 eo
2890 4642 2991 4688 est.
3021 4631 3088 4687 Et
3112 4633 3197 4687 sic
3216 4632 3451 4703 intellige
3481 4631 3614 4688 mihi
3634 4632 3764 4687 mul-

2204 4738 2388 4782 torum
2436 4726 2701 4781 caelorum
2744 4725 3038 4779 multarum
3095 4726 3570 4781 conversationum
3617 4725 3764 4779 initia

2203 4830 2325 4872 esse
2359 4824 2412 4871 et
2448 4815 2730 4880 terminos,
2767 4815 2820 4869 id
2853 4822 2939 4870 est
2965 4812 3342 4884 perfectiones,
3378 4830 3409 4870 a
3438 4816 3638 4885 quibus
3668 4816 3765 4870 ini-

2203 4909 2294 4965 tiis
2348 4918 2402 4964 et
2454 4908 2704 4963 terminis
2751 4906 3092 4963 diversorum
3156 4908 3421 4962 caelorum
3472 4917 3762 4979 congregat

2202 4999 2349 5056 Deus
2377 5013 2508 5055 suos
2535 4999 2757 5054 electos.
2788 4998 2896 5052 Aut
2928 4997 3000 5053 ita
3028 5013 3042 5049 :
3077 5014 3109 5050 α
3137 4999 3355 5051 summis
3383 4996 3631 5051 caelorum
3673 5013 3763 5051 tt:-

2203 5108 2302 5164 que
2344 5091 2415 5145 ad
2455 5090 2703 5144 terminos
2749 5086 2946 5143 eorum.
3000 5087 3135 5143 Caeli
3181 5096 3310 5143 sunt
3350 5088 3435 5141 vel
3473 5085 3764 5157 Scriptura

2203 5184 2436 5246 divinae,
2486 5174 2572 5237 vel
2622 5190 2875 5236 auctores
2917 5192 3147 5243 earum,
3208 5179 3263 5232 in
3312 5178 3514 5249 quibus
3559 5176 3768 5231 habitat

2202 5271 2366 5327 Deus.
2426 5269 2652 5326 Summa
2720 5277 2901 5325 autem
2952 5267 3359 5339 Seripturarum
3425 5275 3553 5323 sunt
3608 5265 3761 5320 initia

2198 5377 2429 5428 earum,
2489 5359 2706 5416 termini
2769 5367 2947 5414 autem
3006 5356 3502 5414 consummationcs
3551 5369 3759 5410 earum.

2198 5454 2631 5525 Congregantur'
2658 5466 2787 5523 ergo
2844 5449 3015 5506 sancti
3062 5464 3093 5504 a
3127 5448 3353 5504 summis
3393 5446 3681 5514 caelorum,
3710 5445 3762 5500 id

2197 5560 2282 5606 est
2314 5551 2382 5607 ab
2413 5551 2492 5608 eis
2521 5549 2615 5622 qui
2648 5548 2787 5606 coelo
2814 5547 3003 5602 vivunt
3036 5546 3089 5601 in
3136 5544 3304 5602 initiis
3331 5542 3762 5614 Seripturarum,

600 5705 855 5765 “Matth.
894 5724 1016 5780 xm,
1050 5710 1239 5767 39-45.
1317 5713 1361 5746 ⁸⁷
1428 5713 1558 5768 ibid.
1593 5715 1681 5770 47.
1735 5715 1837 5782 πη
1866 5711 2028 5770 Num.
2059 5729 2113 5780 ι,
2149 5712 2172 5767 1
2215 5720 2267 5769 et
2297 5726 2407 5782 seq.
