4052 6304
315 381 442 439 1881

1444 364 2098 455 COMMENTARIORIJM
2138 363 2402 421 SERIES.

3438 363 3589 417 I682"

316 512 494 567 usque
549 492 615 550 ad
669 506 767 549 eos
823 491 918 562 qui
972 488 1167 544 vivunt
1220 487 1276 542 in
1328 482 1901 542 consummationibus
1930 485 1974 541 Α
2004 493 2103 548 pro
2132 476 2298 563 verbo
2331 475 2648 564 suscipitur,
2699 489 2895 545 magna
2933 490 3037 530 vox
3069 474 3220 530 verbi
3262 475 3584 546 intelligitur

314 602 506 643 earum
547 601 561 638 :
597 601 662 641 ac
705 593 765 639 ut
791 583 915 654 plus
943 581 1143 645 dicam,
1181 594 1212 634 a
1240 577 1471 634 rudibus
1502 590 1691 632 eorum
1719 571 1900 644 usque

313 685 383 743 ad
424 675 694 749 perfectos
737 688 948 730 eorum.
1003 672 1108 740 Qui
1163 679 1346 726 autem
1390 670 1690 724 mittuntur
1723 665 1899 735 angeli

315 793 346 833 ε
383 775 667 829 Salvatore
719 767 785 821 ad
827 763 1272 836 congregandum
1317 762 1521 818 electos
1564 760 1706 830 ejus,
1764 773 1901 814 con-

317 860 626 940 gregabunt
678 874 774 917 eos
823 874 936 914 non
983 873 1109 913 cum
1157 871 1294 913 voce
1339 853 1744 933 qualicunque,
1805 850 1901 907 sed

317 939 443 1014 cum
489 951 620 1006 tuba
671 966 795 1021 quae
835 960 1062 1005 vocatur
1100 939 1319 1019 magna,
1367 961 1477 1001 non
1508 959 1696 1001 vocem
1741 943 1903 998 dante

322 1042 622 1107 incertam,
673 1042 767 1097 sed
807 1049 1010 1099 certam
1049 1047 1104 1095 et
1133 1024 1505 1101 manifestam,
1568 1044 1628 1090 ιιι
1664 1032 1759 1105 qui
1809 1048 1904 1087 au-

314 1135 527 1193 dierint
550 1143 604 1190 et
626 1133 936 1198 didicerint,
964 1139 1158 1202 parent
1189 1144 1249 1187 se
1274 1129 1343 1185 ad
1372 1127 1517 1184 viam
1547 1124 1904 1198 perfectionis

314 1244 439 1300 quae
477 1228 628 1284 ducit
653 1227 719 1303 ad
744 1225 941 1280 Filium
974 1224 1089 1280 Dei.
1209 1294 1215 1300 .
1402 1246 1408 1252 Α
1566 1218 1608 1251 ,ο

393 1321 482 1377 52.
524 1320 795 1388 Quoniam
824 1327 1006 1374 autem
1043 1317 1298 1372 volumus
1332 1314 1633 1386 intelligere
1661 1312 1793 1384 quid
1822 1319 1908 1369 est

321 1413 452 1469 tuba
489 1428 709 1483 magna,
740 1411 1003 1468 debemus
1050 1408 1390 1480 spiritalibus
1435 1406 1705 1477 spiritalia
1751 1421 1906 1463 com-

324 1520 536 1577 parare.
568 1505 683 1576 Age
731 1519 879 1559 nunc
914 1510 968 1558 et
998 1502 1066 1558 de
1111 1500 1278 1567 tubis,
1314 1498 1369 1553 itt
1401 1507 1667 1569 quantum
1714 1512 1908 1568 capere

323 1589 638 1669 possumus,
671 1581 908 1668 breviter
935 1589 1303 1667 exponamus,
1329 1590 1375 1647 si
1403 1601 1584 1665 tamen
1612 1586 1908 1660 possumus

321 1705 390 1745 ex
427 1687 882 1760 congregatione,
915 1694 969 1741 et
1000 1682 1371 1739 admonitione
1424 1670 1659 1737 istorum
1718 1696 1906 1737 exem-

324 1784 537 1853 plorum
602 1779 906 1850 intelligere
942 1791 996 1832 et
1038 1791 1290 1847 magnam
1343 1774 1662 1846 angelorum
1693 1774 1903 1831 tubam.

336 1875 612 1944 Scriptum
660 1880 744 1927 est
788 1870 934 1926 enim
966 1868 1021 1923 in
1054 1867 1310 1923 Numeris
1335 1868 1380 1901 δ’
1409 1886 1423 1922 :
1483 1866 1552 1920 Et
1586 1866 1795 1922 locutus
1831 1876 1910 1921 est

326 1967 586 2022 Dominus
616 1964 685 2018 ad
720 1962 959 2032 Moysen,
1005 1959 1182 2015 dicens
1226 1975 1244 2013 :
1290 1959 1401 2014 Fac
1444 1959 1540 2014 tibi
1580 1960 1715 2013 duas
1757 1957 1910 2014 tubas

326 2069 599 2131 argenteas
623 2074 642 2112 :
665 2055 891 2110 ductiles
929 2055 1092 2125 facies
1134 2069 1246 2118 eas,
1282 2062 1332 2108 et
1365 2063 1517 2108 erunt
1549 2053 1644 2107 tibi
1679 2052 1748 2107 ad
1783 2069 1910 2106 con-

325 2150 649 2224 gregandam
684 2162 1030 2218 synagogam,
1073 2154 1122 2200 et
1158 2146 1311 2200 erunt
1353 2145 1450 2200 tibi
1471 2144 1539 2224 ad
1561 2139 1910 2213 promovenda

325 2223 548 2309 castra;
603 2252 652 2297 et
697 2236 917 2295 tubabis'
951 2240 1007 2293 in
1051 2239 1167 2307 eis,
1209 2223 1259 2292 et
1310 2237 1718 2309 congregabitur
1758 2237 1815 2290 in
1863 2245 1912 2290 te

326 2340 501 2391 omnis
543 2349 813 2405 synagoga
851 2332 920 2386 ad
975 2331 1174 2385 ostium
1223 2328 1552 2384 tabernaculi
1602 2328 1908 2384 testimonii.

327 2426 389 2484 Si
413 2436 591 2481 autem
627 2426 684 2480 in
714 2440 821 2479 una
859 2423 982 2477 tuba
1006 2422 1239 2477 venerint
1262 2422 1332 2475 ad
1370 2433 1419 2476 te
1446 2438 1623 2476 omnes
1648 2421 1910 2491 principes

330 2520 561 2574 militum
597 2516 805 2581 Israel,
846 2514 1052 2570 tubabis
1088 2515 1536 2585 sign’ﬁcationem
1573 2514 1821 2583 primam,
1860 2523 1911 2567 et

328 2609 700 2669 vromovebunt
730 2619 911 2663 castra
936 2607 1025 2679 qui
1047 2608 1341 2661 consistunt
1359 2607 1428 2660 ad
1447 2606 1720 2660 orientem.
1751 2604 1820 2659 Et
1854 2617 1909 2661 tu
1936 2678 1939 2681 η

329 2701 482 2756 dabis
521 2694 964 2775 signiﬁcationem
994 2698 1304 2764 secundam,
1336 2706 1387 2753 et
1420 2696 1791 2767 promovebant
1819 2713 1909 2751 ca—

329 2803 445 2847 stra
477 2794 567 2863 qui
604 2793 902 2846 consistunt
942 2792 1011 2845 ad
1052 2800 1316 2851 austrum.
1359 2787 1428 2842 Et
1457 2788 1663 2844 tubabis
1698 2788 1910 2859 signi/i-

327 2885 591 2938 cationem
634 2884 846 2939 tertiam
887 2892 937 2938 et
983 2881 1357 2951 promovebant
1397 2888 1577 2934 castra
1605 2881 1694 2951 qui
1735 2880 1912 2935 consi-

326 2985 474 3030 stunt
518 2976 808 3031 secundum
859 2990 1026 3030 mare.
1086 2971 1156 3026 Et
1208 2973 1417 3028 tubabis
1463 2973 1911 3043 significationem

326 3075 594 3137 quartam,
611 3076 660 3120 et
678 3067 862 3139 tollent
876 3066 1058 3121 castra
1072 3067 1164 3137 qui
1179 3067 1476 3120 consistunt
1497 3066 1567 3119 ad
1586 3066 1904 3136 aquilonem.

330 3159 471 3231 Ergo
507 3157 764 3215 tubabunt
790 3159 915 3214 tuba
947 3161 1002 3214 in
1026 3160 1353 3231 promotione
1370 3175 1570 3212 eorum.
1599 3158 1671 3213 Et
1697 3160 1909 3230 quando

325 3253 658 3324 congregatis
686 3253 1165 3323 congregationem,
1205 3249 1384 3304 tubate
1415 3260 1462 3304 et
1506 3266 1608 3304 non
1639 3251 1913 3321 signiﬁca-

332 3346 495 3401 tione.
544 3343 612 3399 Et
660 3343 761 3414 ﬁlii
787 3343 968 3397 Aaron
1015 3340 1313 3397 sacerdotes
1359 3341 1614 3396 tubabunt
1661 3343 1823 3408 tubis,
1863 3351 1914 3399 et

324 3435 426 3488 erit
458 3433 601 3488 vobis
642 3431 938 3503 legitimum
978 3432 1355 3502 sempiternum
1401 3432 1458 3485 in
1488 3433 1931 3511 generationibus.

326 3525 533 3578 uestris.
562 3521 623 3599 Si
647 3533 824 3578 autem
865 3513 1104 3576 eaieritis
1145 3522 1214 3575 ad
1236 3521 1430 3577 bellum
1471 3523 1525 3577 in
1559 3532 1702 3581 terra
1738 3533 1914 3579 vestra

327 3624 513 3670 contra
552 3615 906 3679 adversarios,
943 3612 1198 3666 tubabitis
1236 3614 1397 3681 tubis,
1435 3622 1484 3666 et
1512 3616 1914 3671 remorabimini

327 3707 385 3762 in
425 3715 704 3775 conspectu
735 3705 837 3759 Dei
877 3706 1060 3772 vestri,
1105 3713 1156 3759 et
1197 3705 1536 3761 salvabimini
1576 3722 1643 3762 ea:
1680 3709 1913 3763 inimicis

329 3798 542 3854 vestris.
572 3797 640 3852 Et
672 3798 727 3852 in
749 3797 936 3851 diebus
971 3798 1173 3853 letitice
1202 3806 1410 3866 vestrae,
1435 3807 1487 3854 et
1513 3801 1571 3854 in
1598 3800 1915 3871 festivitati-

329 3890 448 3958 bus,
473 3901 522 3945 et
549 3888 856 3945 Neomeniis
888 3892 1099 3952 vestris,
1128 3888 1381 3946 tubabitis
1408 3891 1568 3959 tubis,
1599 3902 1648 3947 et
1678 3894 1732 3947 in
1764 3893 1916 3948 holo-

329 3986 529 4040 caustis
577 3986 797 4050 vestris,
837 3994 887 4040 et
929 3986 986 4039 in
1026 3986 1310 4055 sacriﬁciis
1339 3983 1663 4040 salutarium
1712 3995 1914 4042 vestro-

336 4094 476 4141 rum,
511 4087 560 4131 et
597 4078 695 4130 erit
733 4079 989 4131 memoria
1024 4080 1185 4133 vestri
1220 4078 1274 4132 in
1304 4088 1580 4149 conspectu
1613 4079 1707 4134 Dei
1729 4081 1908 4136 vestri.

337 4170 451 4242 Ego
475 4169 734 4226 Dominus
762 4170 905 4225 Deus
943 4181 1128 4225 vester.
1171 4171 1308 4226 Vide
1329 4172 1493 4228 etiam
1537 4172 1591 4227 in
1626 4172 1746 4229 istis
1776 4189 1914 4244 quo-

333 4264 481 4320 niam
504 4262 559 4317 in
587 4254 765 4333 prima
789 4262 1193 4333 signiﬁcatione
1215 4263 1356 4318 tubae
1378 4273 1704 4334 promovent
1734 4274 1913 4321 castra

330 4359 426 4431 qui
469 4367 597 4414 sunt
643 4357 944 4414 secundum
1011 4356 1301 4421 orientem,
1349 4356 1404 4410 in
1449 4355 1693 4412 secunda
1727 4366 1912 4413 autem

330 4459 654 4520 promovent
674 4458 855 4506 castra
877 4448 970 4519 qui
996 4456 1125 4503 sunt
1147 4449 1446 4504 secundum
1474 4457 1756 4516 austrum;
1778 4459 1833 4507 et
1853 4459 1912 4506 ut

2006 569 2136 624 tuba
2175 558 2430 639 argentea
2460 573 2802 638 congregans
2836 580 3284 635 unumquemque
3315 565 3369 618 in
3400 565 3593 620 ordine

2009 659 2179 735 [suo].
2237 658 2550 717 Secundum
2611 656 2862 715 umbram
2913 657 3133 729 quidem
3190 659 3333 714 sicut
3377 658 3601 730 Moyses

2009 754 2334 821 nominavit,
2392 742 2695 811 secundum
2751 752 3075 824 mysterium
3128 759 3334 817 autem,
3387 766 3599 806 secuti-

2007 848 2136 904 dum
2169 841 2315 917 quod
2349 846 2484 901 dicit
2510 844 2714 901 Paulus
2748 846 2803 900 in
2832 843 3076 913 Epistola
3103 843 3269 913 872
3300 843 3367 896 ad
3394 839 3593 896 Corinu

2009 940 2158 996 thios
2190 938 2432 995 secunda
2454 939 2523 993 οι.
2569 936 2817 992 Primum
2868 944 3048 991 autem
3080 951 3202 990 cum
3248 934 3394 991 tubis
3426 936 3595 990 rat-io-

2009 1033 2227 1088 nalibus
2277 1038 2600 1103 promovent
2646 1037 2848 1085 castra.
2901 1029 2983 1082 Ita
3028 1026 3299 1098 legislatio
3326 1025 3383 1080 fit
3409 1025 3478 1081 de
3508 1025 3595 1082 his

2008 1125 2176 1181 rebus
2208 1140 2331 1195 quae
2361 1122 2430 1179 ad
2466 1123 2669 1179 bellum
2720 1120 2995 1192 pertinent
3030 1118 3195 1173 Israel
3240 1117 3596 1174 memorantis

2009 1217 2267 1289 perillam
2299 1200 2755 1287 significationem
2777 1214 3031 1269 tubarum
3052 1212 3283 1268 bellicas
3316 1227 3405 1268 res
3431 1230 3444 1266 :
3473 1227 3595 1282 quae

2011 1308 2156 1362 tubae
2185 1292 2368 1362 ierunt
2394 1320 2491 1361 eos
2519 1304 2612 1371 qui
2640 1294 3144 1359 commemorantur
3166 1317 3262 1373 per
3295 1317 3390 1357 eas
3422 1302 3596 1369 signi-

2012 1399 2296 1455 ﬁcationes
2333 1399 2585 1454 tubarum
2611 1438 2626 1464 ,
2676 1396 2743 1451 ad
2783 1396 3106 1451 salvandum
3137 1410 3231 1450 eos
3261 1394 3330 1448 ab
3361 1393 3597 1449 inimicis

2012 1505 2223 1547 eorum.
2269 1489 2445 1546 Voces
2478 1499 2658 1543 autem
2699 1495 3082 1555 argentearum
3122 1493 3175 1539 et
3204 1484 3596 1555 productilium

2014 1572 2266 1638 tubarum
2299 1581 2354 1634 in
2380 1579 2575 1635 diebus
2620 1577 2820 1632 laetitiae
2852 1574 3040 1641 Israel,
3071 1590 3194 1644 quae
3237 1582 3601 1630 assumuntur

2015 1671 2070 1726 in
2121 1669 2436 1725 Neomeniis
2483 1669 2768 1739 ipsorum,
2819 1674 2977 1722 erant
3019 1664 3229 1721 umbrae
3286 1665 3596 1721 futurarum

2015 1760 2465 1828 Neomeniarum,
2500 1761 2568 1816 de
2590 1761 2793 1831 quibus
2836 1758 2970 1813 dicit
2990 1757 3289 1829 Apostolus
3313 1759 3358 1788 9'
3385 1777 3397 1812 :
3426 1757 3597 1813 Nemo

2019 1874 2109 1913 vos
2132 1856 2341 1926 judicet
2384 1855 2441 1907 in
2485 1869 2628 1920 esca,
2676 1862 2768 1906 aut
2811 1853 2866 1906 in
2890 1859 3039 1920 potu,
3087 1860 3181 1904 aut
3219 1852 3276 1905 in
3321 1862 3472 1921 parte
3492 1850 3600 1905 diei

2019 1948 2166 2018 festi,
2214 1955 2307 2000 aut
2351 1944 2676 2011 Neomenice,
2726 1952 2821 1998 aut
2876 1941 3267 2008 Sabbatorum,
3316 1959 3433 2013 qua:
3477 1949 3601 1996 sunt

2019 2034 2570 2103 untbra'futurorum.
2615 2032 2988 2089 Assumuntur
3034 2042 3216 2088 autem
3249 2042 3302 2088 et
3336 2033 3391 2088 in
3427 2032 3601 2087 sacri-

2019 2116 2156 2186 ficiis
2196 2124 2251 2184 et
2287 2129 2340 2183 in
2364 2126 2705 2182 holocaustis
2737 2124 3059 2182 salutarium
3100 2124 3288 2180 Israel.
3341 2123 3490 2190 Quas
3522 2123 3619 2179 si-"

2018 2221 2398 2294 gnificationes
2434 2219 2697 2274 tubarum
2745 2218 3017 2289 exemplo,
3046 2226 3102 2273 ct
3134 2217 3328 2272 umbra
3360 2216 3615 2272 caelestis

2019 2313 2266 2376 cultum,
2303 2310 2461 2381 quasi
2495 2310 2731 2380 alicujus
2761 2309 3005 2365 caelestis
3039 2318 3094 2364 et
3128 2310 3599 2367 conversationem

2022 2403 2278 2460 habentis
2315 2404 2368 2457 in
2399 2403 2557 2471 coelo,
2600 2417 2877 2474 exponere
2926 2402 3201 2458 convenit.
3258 2400 3386 2456 Haec
3416 2410 3601 2458 autem

2018 2497 2267 2567 exempla
2318 2495 2669 2564 accepimus,
2720 2503 2782 2550 ut
2827 2494 2913 2550 vel
2963 2509 3031 2548 ex
3079 2502 3233 2563 parte
3299 2492 3602 2563 intelligere

2016 2590 2299 2644 valeamus
2328 2587 2473 2658 quod
2509 2587 2773 2657 scriptum
2808 2596 2893 2643 est
2912 2587 2960 2619 ⁸³
2988 2601 3002 2638 :
3026 2585 3202 2640 Mittet
3237 2584 3451 2657 angelos
3479 2601 3612 2641 suos

2019 2697 2141 2736 cum
2175 2681 2301 2736 tuba
2322 2696 2536 2752 magna,
2558 2687 2607 2733 et
2627 2677 3019 2750 congregabunt
3042 2677 3232 2732 electos
3257 2677 3391 2745 ejus.
3424 2675 3608 2730 Evano

2018 2773 2218 2845 gelicas
2250 2780 2431 2829 autem
2460 2772 2622 2827 tubas
2653 2769 2891 2826 ostendit
2923 2777 2979 2825 et
3014 2770 3069 2823 in
3109 2769 3287 2839 prima
3325 2767 3394 2822 ad
3427 2766 3604 2823 Thes-

2018 2863 2387 2919 salonicenses
2416 2862 2465 2896 ”
2504 2860 2800 2932 Apostolus
2837 2859 3063 2917 dicens:
3095 2858 3212 2913 Hoc
3246 2867 3423 2912 autem
3459 2859 3611 2913 vobis

2017 2955 2242 3009 dicimus
2275 2955 2333 3008 in
2363 2952 2515 3009 verbo
2541 2953 2779 3020 Domini,
2811 2953 3069 3023 quoniam
3107 2967 3201 3005 nos
3235 2951 3328 3021 qui
3354 2950 3612 3016 vivimus.

2017 3046 2107 3116 qui
2139 3045 2524 3099 remanebimus
2554 3045 2610 3099 iu
2640 3043 2869 3099 adventu
2900 3042 3138 3107 Domini,
3183 3057 3287 3095 non
3319 3041 3606 3111 praevenie-

2018 3153 2136 3191 mus
2166 3154 2253 3192 eos
2292 3139 2383 3209 qui
2412 3137 2766 3203 dormierunt,
2811 3136 3065 3206 quoniam
3112 3134 3223 3203 ipse
3248 3132 3510 3187 Dominus
3545 3133 3602 3187 in

1940 3206 1982 3261 θ
2006 3227 2189 3297 jussu,
2219 3238 2270 3282 et
2299 3206 2356 3281 in
2381 3244 2502 3283 voce
2527 3226 2855 3296 archangeli,
2878 3233 2928 3279 et
2962 3225 3018 3278 in
3052 3222 3177 3277 tuba
3202 3222 3300 3277 Dei
3327 3221 3604 3276 descendet

2016 3320 2081 3375 de
2115 3319 2264 3375 caelo.
2307 3320 2441 3375 Item
2473 3320 2540 3375 ad
2577 3318 2895 3375 Corinthios
2922 3316 3172 3388 prima"
3200 3332 3213 3368 :
3246 3313 3440 3371 Omnes
3482 3314 3602 3384 qui-

2016 3417 2136 3470 dem
2175 3413 2537 3479 dormiemus',
2583 3428 2690 3467 non
2734 3417 2913 3466 autem
2954 3426 3133 3485 gmnes
3179 3406 3603 3484 immutabitup

2018 3503 2088 3558 In
2113 3511 2397 3570 momento,
2437 3502 2495 3555 in
2532 3502 2642 3554 ictu
2686 3500 2848 3562 oculi,
2884 3499 2939 3552 in
2976 3497 3265 3553 novissima
3302 3495 3447 3549 tulit.
3470 3488 3603 3549 'Tu-

2017 3596 2160 3649 babit
2198 3595 2359 3661 enim,
2393 3602 2444 3647 et
2482 3592 2682 3645 mortui
2728 3598 2999 3660 resurgent
3042 3590 3374 3659 incorrupti,
3415 3596 3466 3642 et
3504 3602 3600 3642 nos

2016 3686 2436 3741 immutabimur.
2465 3683 2562 3740 Est
2586 3690 2768 3738 autem
2799 3689 2854 3737 et
2882 3682 3066 3752 aliqua
3095 3681 3398 3737 secundum
3424 3681 3599 3751 legem

2016 3788 2072 3835 et
2104 3779 2360 3834 tubarum
2408 3776 2697 3843 festivitas,
2747 3773 3046 3830 Ncomenia
3103 3772 3320 3844 septimi
3368 3772 3599 3836 mensis,

2017 3872 2252 3929 forsitan
2304 3868 2625 3942 mysterium
2676 3867 2912 3938 alicujus
2968 3880 3113 3921 verat
3160 3864 3496 3933 festivitatis,
3546 3874 3610 3922 et

2017 3972 2161 4028 tubae
2192 3968 2424 4038 alicujus
2451 3964 2709 4036 spiritalis
2741 3971 2795 4018 et
2822 3960 3199 4034 magniloquii.

2088 4065 2177 4121 5'5.
2222 4066 2265 4118 A
2289 4063 2394 4133 ﬁcu
2418 4069 2595 4115 autem
2619 4058 2810 4113 discite
2828 4055 3166 4127 parabolam.
3205 4054 3433 4123 Quando
3459 4059 3604 4112 enim

2008 4155 2127 4225 jam
2146 4148 2328 4208 ramus
2353 4152 2468 4221 ejus
2493 4149 2667 4219 factus
2694 4144 2857 4218 fuerit
2895 4154 3057 4211 tener,
3085 4156 3133 4200 et
3161 4146 3296 4217 folia
3325 4147 3597 4217 producit,

2016 4248 2203 4302 scitote
2226 4247 2350 4316 quia
2377 4258 2538 4314 prope
2569 4250 2646 4295 est
2672 4248 2854 4295 testas.
2886 4237 2975 4293 Sic
3000 4247 3048 4291 et
3079 4254 3168 4292 vos
3206 4254 3325 4292 cum
3360 4238 3597 4293 videritis

2016 4341 2128 4395 haec
2162 4338 2362 4402 omnia,
2404 4337 2591 4390 scitote
2632 4333 2760 4403 quia
2799 4348 2955 4403 prope
2996 4341 3071 4386 est
3110 4333 3165 4386 in
3201 4332 3402 4386 limine.
3431 4330 3598 4385 Amen

2017 4432 2135 4485 dico
2172 4429 2335 4494 vobis,
2371 4426 2622 4489 quoniam
2673 4439 2777 4477 non
2815 4422 3106 4491 prazteribit
3149 4423 3418 4493 generatio
3462 4421 3595 4485 hare,

333 4514 571 4597 breviter
599 4541 810 4608 dicam,
844 4514 911 4594 es
942 4547 1179 4609 quatuor
1224 4541 1403 4598 ventis
1446 4514 1779 4614 congregant
1823 4560 1905 4600 sa-
1945 4538 1992 4597 D
2019 4525 2184 4579 άοηεσ
2218 4521 2395 4576 οηιηία
2418 4519 2573 4588 ﬁam.
2611 4516 2813 4614 δεξίαηι
2915 4524 3056 4614 “Ira
3090 4515 3416 4614 transibunt,
3440 4514 3597 4614 verba

329 4632 576 4688 cerdotes
607 4633 861 4688 tubantes
891 4649 987 4690 eos
1018 4634 1112 4705 qui
1145 4640 1364 4688 suntex
1396 4634 1596 4691 castris
1629 4634 1793 4691 Israel
1824 4646 1914 4693 :et

332 4720 637 4778 secundum
687 4715 1151 4791 comparationem
1207 4721 1551 4777 sacerdotum
1580 4722 1910 4790 tnbantium,

331 4812 509 4882 angeli
541 4811 743 4867 Christi
764 4802 898 4885 cum
933 4813 1064 4868 tuba
1093 4827 1291 4883 magna
1338 4814 1752 4884 congregabunt
1797 4814 1905 4869 ele-

330 4913 448 4959 ctos
471 4904 593 4972 ejus
622 4919 653 4958 a
683 4912 921 4974 quatuor
948 4905 1143 4960 ventis.
1181 4903 1287 4960 Sed
1319 4906 1374 4960 in
1403 4905 1659 4963 Numeris
1685 4906 1904 4978 quidem

330 4999 447 5053 haec
473 4996 613 5052 facta
641 4997 959 5052 scribuntur
989 4997 1043 5052 in
1077 4998 1264 5065 terris,
1300 4998 1354 5052 in
1380 4997 1690 5070 Evangeliis
1722 5009 1904 5055 autem

326 5104 360 5147 a
394 5103 612 5146 summo
645 5097 804 5145 terra:
832 5104 1008 5161 usque
1038 5091 1104 5146 ad
1136 5106 1414 5147 summum
1445 5092 1595 5147 caeli.
1629 5091 1760 5147 Post
1792 5092 1908 5148 haec

328 5196 508 5238 autem
537 5197 568 5237 a
594 5181 824 5237 summis
852 5183 1117 5238 ctelorum
1148 5198 1326 5254 usque
1354 5184 1421 5239 ad
1453 5199 1669 5240 summa
1693 5198 1906 5241 eorum.

329 5272 395 5328 Et
433 5274 658 5329 forsitan
702 5272 787 5328 lea:
825 5274 1068 5329 umbram
1102 5274 1258 5329 habet
1306 5275 1611 5345 futurorum
1635 5278 1719 5330 θοι
1769 5286 1823 5333 et
1855 5278 1910 5333 in

329 5362 581 5420 Numeris
609 5380 827 5435 quoque
852 5366 998 5435 quod
1025 5368 1260 5435 positum
1290 5376 1374 5421 est
1400 5366 1467 5422 de
1495 5367 1640 5423 tubis
1670 5377 1725 5423 et
1758 5369 1910 5424 ordi-

330 5456 492 5511 nibus
517 5454 703 5521 lsrael,
750 5459 942 5512 umbra
979 5467 1063 5514 est
1096 5458 1428 5515 futurorum.
1481 5460 1557 5516 Ne
1590 5460 1728 5516 forte
1779 5477 1910 5532 ergo

327 5554 599 5618 argenteae
632 5549 798 5618 tubae,
827 5550 1089 5620 quoniam
1123 5561 1409 5624 argentum
1454 5552 1509 5608 in
1549 5552 1734 5609 multis
1772 5552 1910 5609 locis

2020 4628 2196 4674 autent
2222 4631 2338 4669 mea
2370 4629 2473 4667 non
2513 4609 2813 4665 transibunt
2844 4608 2913 4663 ⁸⁸.
2945 4606 3233 4675 Quomodo
3267 4608 3335 4663 de
3369 4607 3476 4662 Ilcu
3517 4606 3597 4664 si-

2016 4708 2265 4767 militudo
2297 4720 2486 4761 eorum
2517 4717 2638 4774 qua:
2672 4701 2820 4757 dicta
2854 4708 2982 4757 sunt
3018 4699 3244 4769 intelligi
3277 4700 3470 4770 possit,
3502 4714 3611 4756 seu

2014 4803 2254 4861 cundum
2287 4799 2432 4869 quod
2460 4810 2757 4868 possumus
2785 4807 3145 4863 exponemus,
3175 4807 3244 4847 ne
3272 4792 3411 4848 forte
3444 4801 3615 4849 totus

2019 4898 2105 4951 hic
2137 4893 2378 4950 mundus
2408 4899 2462 4945 et
2491 4887 2892 4945 consummatio
2921 4886 3041 4956 ejus
3068 4884 3193 4940 [icui
3231 4886 3585 4942 assimiletur.

2018 4985 2409 5057 Unusquisque
2441 4979 2839 5052 proﬁcientium
2875 4977 2946 5055 ad
2967 4977 3132 5031 vitam
3162 4977 3373 5032 beatam
3411 4986 3472 5033 ut
3506 4978 3591 5033 vi-

2016 5085 2141 5139 deat
2176 5077 2382 5135 Christi
2427 5074 2577 5131 verbi
2628 5071 2927 5143 gloriosum
2977 5069 3033 5123 in
3080 5084 3139 5125 se
3187 5077 3244 5124 et
3289 5068 3621 5139 perfectum.

2018 5176 2333 5235 adventum,
2375 5166 2501 5222 ficui
2535 5163 2731 5221 similis
2763 5154 3045 5215 habeatur.
3094 5156 3249 5216 Sicut
3275 5161 3421 5216 enim
3454 5159 3617 5214 ficus-

2012 5267 2068 5321 in
2093 5273 2333 5333 tempore
2359 5258 2578 5330 quidem
2610 5254 2808 5309 hiemis
2832 5252 3049 5308 vitalem
3079 5252 3300 5323 quidem
3331 5250 3586 5304 virtutem
3606 5285 3616 5301 .-

2010 5356 2173 5412 habet
2204 5355 2260 5409 in
2290 5367 2371 5418 se,
2403 5346 2779 5404 absconditam
2813 5352 2994 5399 autem
3023 5341 3186 5396 habet
3213 5356 3355 5405 eam,
3390 5347 3444 5394 et
3476 5354 3586 5393 non

2010 5449 2144 5506 satis
2175 5444 2522 5503 manifestam
2565 5457 2577 5492 :
2626 5437 2972 5509 postmodum
3016 5444 3196 5489 autem
3246 5448 3371 5489 cum
3417 5430 3601 5487 virtus.

2009 5545 2126 5616 ipsa
2183 5541 2365 5597 vitalis
2418 5533 2636 5607 prodire
2685 5531 2910 5602 coeperit
2973 5528 3039 5583 ad
3093 5525 3595 5597 manifestationem

430 5758 478 5790 "
502 5776 557 5820 κ,
600 5759 621 5812 i
667 5767 719 5814 et
748 5774 897 5828 seqq.
1004 5759 1047 5792 ὀ
1074 5755 1237 5810 Hebr.
1258 5770 1323 5828 _x__,
1352 5754 1401 5807 I.
1478 5751 1520 5786 ”
1547 5767 1657 5821 xtv,
1682 5750 1737 5806 2.
1847 5754 1891 5786 ⁹²

2013 5764 2127 5807 oss.
2160 5764 2218 5814 tt,
2254 5746 2336 5814 Ili,
2367 5744 2453 5801 I7.
2559 5747 2602 5782 9’
2621 5743 2808 5802 Matth.
2843 5756 2992 5808 Πρὶν,
3017 5740 3109 5796 δι.
3217 5735 3262 5770 ’⁸
3286 5750 3360 5801 tv,
3385 5729 3473 5800 Μ,
3500 5729 3591 5788 £5.

326 5827 373 5860 "
401 5845 486 5898 ιν,
508 5831 597 5899 51,
620 5831 706 5886 52.
784 5826 835 5864 εί
851 5826 1039 5885 Matth.
1079 5841 1231 5894 xxiv,
1257 5826 1326 5880 52
1355 5832 1407 5880 et
1432 5838 1586 5894 seqq.
