4052 6304
496 302 631 356 1ζὲὃῖ

1669 295 1989 352 ORlGENlS
2023 292 2093 347 IN
2134 292 2549 351 MATTIUEUM

3620 296 3779 353 1684

493 422 852 487 praetereunte
893 414 1093 479 hieme,
1124 427 1188 467 ex
1226 412 1342 482 ipsa
1375 409 1687 467 valetudine
1720 411 1843 482 ejus
1882 425 2071 465 ramus
2101 415 2146 469 Α
2174 405 2456 477 proferens
2507 415 2753 463 tenerum
2790 422 3025 473 ramum,
3060 423 3169 464 non
3210 408 3364 465 illum
3394 408 3592 465 durum
3614 450 3631 473 ,
3665 412 3777 466 sed

492 506 726 562 eflieitur
773 514 943 568 tener,
986 503 1239 572 producit
1276 514 1330 558 et
1367 501 1496 557 folia
1523 518 1537 556 :
1562 512 1616 558 et
1644 503 1787 558 sicut
1826 503 1990 559 arbor
2015 503 2071 558 in

492 596 693 651 virtute
757 595 874 664 ipsa
920 592 1046 646 folia
1100 591 1263 646 habet
1317 600 1373 647 et
1424 589 1672 660 fructus,
1728 602 1784 649 et
1832 591 2070 662 primum

492 688 707 760 quidem
755 695 840 741 est
884 700 1141 756 gemma,
1208 684 1404 739 deinde
1453 686 1713 755 paulatim
1768 685 2072 754 proﬁcisci-

494 792 583 835 tur
614 779 747 849 (85),
783 778 1082 832 novissime
1125 784 1305 831 autem
1348 784 1433 831 est
1483 777 1537 830 in
1588 776 1707 846 ipso
1731 775 1961 831 effectu:
1991 777 2073 833 sic

488 878 542 924 et
570 868 829 929 mundus,
859 876 912 922 et
939 867 1318 937 unusquisque
1350 881 1538 922 eorum
1565 867 1656 939 qui
1684 867 1984 935 salvantur,
2014 866 2069 921 in

493 965 597 1016 line
638 968 766 1015 ante
793 959 999 1015 Christi
1045 959 1341 1014 adventum
1387 959 1547 1030 quasi
1589 959 1645 1014 in
1678 959 1879 1027 hieme,
1916 959 1972 1013 in
2013 973 2073 1014 se

487 1057 811 1111 absconsum
838 1053 1003 1109 habet
1034 1052 1253 1109 vitalem
1283 1053 1540 1108 virtutem
1579 1069 1592 1105 :
1633 1051 1854 1107 Christo
1887 1060 2067 1107 autem

485 1148 812 1216 inspirante,
848 1148 940 1218 qui
967 1157 1094 1202 sunt
1127 1147 1297 1202 teneri
1346 1157 1402 1202 et
1432 1162 1541 1201 non
1568 1145 1871 1202 duricordii
1906 1146 2066 1209 rami,

485 1250 541 1294 et
585 1257 708 1311 quae
751 1241 1073 1295 abscondita
1123 1249 1282 1296 erant
1325 1240 1379 1294 in
1430 1239 1513 1295 eis
1555 1239 1980 1311 progrediuntur
2014 1240 2067 1293 in

486 1334 616 1389 folia
644 1343 835 1390 aestate
886 1334 1145 1399 instante,
1180 1342 1233 1386 et
1262 1331 1586 1387 manifestos
1640 1331 1852 1387 fruetus
1885 1340 2071 1387 osten-

483 1429 642 1492 dunt,
682 1440 824 1495 quos
864 1425 957 1496 qui
1006 1424 1202 1494 aspicit
1240 1424 1295 1477 in
1339 1422 1560 1478 Christo
1600 1423 1717 1493 jam
1762 1422 1929 1479 videt.
1978 1421 2070 1479 Sic

488 1529 540 1574 et
572 1521 625 1574 in
656 1520 839 1589 aliqua
885 1517 1146 1588 parabola
1197 1515 1433 1571 refertur
1463 1514 1727 1580 Pastoris,
1757 1515 1803 1572 si
1837 1515 1925 1572 cui
1950 1516 2069 1585 pla-

483 1622 605 1668 ceat
634 1613 799 1668 etiam
834 1612 985 1666 illum
1028 1611 1207 1680 legere
1233 1610 1460 1676 librum,
1497 1610 1759 1678 quoniam
1805 1610 2065 1665 saeculum

485 1720 723 1774 praesens
777 1704 954 1758 hiems
1011 1712 1092 1760 est
1134 1702 1338 1773 justis,
1388 1702 1484 1772 Qui
1533 1710 1799 1773 apparent
1856 1700 2065 1757 similes

2178 498 2341 556 molle
2371 514 2469 556 eor
2499 499 2567 554 ad
2593 499 2927 555 credendum
2958 497 3069 557 Deo
3116 515 3132 552 :
3182 507 3237 557 et
3263 499 3543 572 profectus
3582 503 3775 558 nossri

2173 591 2455 663 proferant
2484 591 2614 647 folia
2644 592 2865 648 interim
2882 600 2938 649 et
2967 592 3133 650 ﬂores
3149 608 3402 664 operum,
3434 605 3494 649 ut
3511 605 3776 665 postmo-

2172 684 2303 740 dum
2333 684 2496 739 etiam
2523 683 2955 756 per-lectissimos
2980 684 3214 755 fructus,
3246 702 3370 742 cum
3392 686 3558 758 873
3586 703 3773 744 vene-

2178 779 2253 833 rit
2281 778 2429 849 quod
2482 777 2781 850 perfectum
2816 789 2924 845 est,
2972 780 3028 836 in
3062 779 3344 836 Christum
3373 781 3767 839 exhibeamus.

2170 867 2364 925 Adhuc
2399 878 2455 924 et
2500 869 2601 939 ipsi
2647 870 2741 941 qui
2782 871 3082 936 salvantur,
3131 871 3335 928 habent
3380 872 3435 927 in
3477 887 3536 928 se
3567 887 3769 928 veram

2171 961 2359 1030 vitem,
2404 978 2531 1018 eum
2588 964 2683 1034 qui
2731 964 2909 1020 dixit'
2951 983 2965 1020 :
3024 964 3139 1036 Ego
3178 983 3295 1020 sum
3338 968 3460 1021 vitis
3522 983 3668 1035 vera,
3698 974 3773 1024 et

2172 1054 2473 1109 secundum
2530 1055 2992 1111 existimationem
3037 1057 3198 1124 vitis,
3255 1067 3309 1113 et
3354 1058 3516 1114 ﬁcum
3568 1074 3766 1115 veram

2170 1147 2486 1202 oﬂerentem
2530 1147 2799 1203 salutares
2843 1147 3084 1216 fructus,
3121 1149 3213 1204 ubi
3254 1151 3549 1222 requiescit
3578 1166 3761 1207 unus-

2171 1238 2403 1309 quisque
2457 1238 2759 1294 secundum
2817 1238 3118 1310 spiritalem
3172 1242 3596 1310 promissionem
3656 1241 3758 1297 Dei

2169 1330 2273 1385 sub
2303 1330 2409 1385 vite
2438 1345 2537 1385 sua
2579 1338 2634 1385 et
2672 1330 2774 1386 sub
2800 1331 2907 1385 ficu
2933 1345 3036 1386 sua
3064 1330 3109 1385 ³.
3144 1330 3213 1387 Ει
3247 1332 3373 1389 vitis
3401 1332 3617 1403 quidem
3662 1333 3759 1389 illa

2168 1421 2224 1476 in
2253 1422 2338 1478 his
2367 1421 2460 1493 qui
2493 1420 2806 1492 proﬁciunt,
2839 1421 3016 1490 ﬂoret,
3061 1433 3114 1479 et
3150 1423 3244 1479 dat
3287 1439 3449 1479 suum
3497 1424 3756 1495 odorem;

2166 1513 2306 1570 ﬁcus
2344 1521 2526 1569 autem
2571 1522 2627 1569 et
2672 1514 2790 1585 ipsa
2833 1513 3043 1584 profert
3085 1513 3298 1570 fructus
3341 1532 3493 1581 suos,
3534 1526 3598 1572 ut
3628 1526 3759 1587 post

2167 1606 2391 1677 dignum
2424 1604 2728 1676 profectum
2759 1606 2908 1678 digni
2956 1606 3255 1663 efﬁciantur
3287 1608 3605 1665 caelestibus
3639 1618 3758 1665 tor-

2167 1698 2447 1754 cularibus
2479 1698 2694 1754 fructus
2723 1714 2936 1765 eorum,
2964 1709 3019 1754 et
3052 1700 3303 1771 cophinis
3331 1700 3561 1757 ﬁcorum
3597 1702 3759 1758 valde

482 1771 746 1865 proximis
779 1796 895 1851 suis
929 1771 1148 1859 natura,
1171 1802 1227 1849 et
1253 1771 1547 1849 arboribus
1570 1771 1832 1849 ividelieet
1852 1792 2066 1849 caeteris
2097 1771 2140 1830 Β
2170 1794 2436 1847 honorum
2477 1790 2597 1863 ejus
2626 1792 2763 1847 ﬁcus
2803 1806 2926 1862 qua:
2970 1801 3191 1849 teneros
3242 1790 3458 1847 fruetus
3499 1801 3555 1847 et
3579 1793 3757 1851 bonos

482 1887 667 1953 siccis,
702 1898 944 1956 tempore
989 1895 1169 1940 autem
1210 1894 1522 1956 Opportuno
1555 1886 1608 1940 in
1643 1884 1913 1941 fructibus
1947 1884 2063 1941 suis

484 1987 764 2048 apparent.
800 1976 855 2031 Si
891 1988 1072 2033 autem
1105 1986 1161 2033 et
1201 1980 1255 2033 in
1287 1979 1468 2049 primo
1506 1979 1718 2048 psalmo
1747 1979 1792 2010 ³⁷
1821 1977 1927 2033 tale
1957 1977 2062 2032 ali-

481 2071 613 2141 quid
653 2071 714 2125 fit
751 2070 899 2140 quod
942 2069 1010 2124 de
1049 2070 1207 2126 hcato
1239 2071 1442 2126 dicitur
1473 2071 1586 2138 illo,
1626 2069 1773 2141 quod
1799 2071 1898 2126 erit
1938 2078 2061 2125 tan-

478 2180 641 2235 quam
692 2164 893 2235 lignum
944 2165 1082 2234 quod
1134 2165 1437 2235 plantatum
1477 2176 1553 2220 est
1606 2182 1753 2221 secus
1806 2164 2061 2220 decursus

480 2271 760 2325 aquarum,
788 2255 928 2326 quod
961 2255 1196 2324 fructum
1221 2273 1377 2311 suum
1409 2256 1557 2310 dabit
1601 2257 1655 2310 in
1692 2266 1920 2326 tempore
1941 2273 2058 2326 suo,

475 2359 523 2403 et
546 2350 735 2420 folium
766 2351 881 2421 ejus
903 2366 1006 2405 non
1028 2349 1241 2420 tie/luet,
1270 2360 1318 2406 et
1345 2352 1525 2406 omnia
1553 2368 1879 2422 quaecunque
1903 2352 2060 2421 faciet

477 2443 950 2512 prosperabuntur,
987 2454 1040 2500 et
1064 2453 1119 2498 tu
1151 2444 1443 2500 considera
1473 2445 1619 2513 quod
1643 2444 1905 2514 scriptum
1939 2452 2055 2499 est:

481 2531 666 2588 Hiems
716 2537 952 2597 transiit,
1017 2535 1149 2591 abiit
1203 2536 1338 2603 sibi,
1389 2536 1547 2604 ﬂores
1603 2545 1962 2607 apparuerunt
2004 2537 2060 2589 in

477 2639 659 2692 terra,
719 2628 862 2682 sicut
907 2628 1176 2699 scriptum
1224 2628 1278 2683 in
1328 2629 1555 2683 Cantico
1597 2630 1939 2683 canticorum
1978 2630 2057 2684 οδε

477 2731 542 2769 ex
594 2732 705 2787 quo
747 2716 1001 2773 Christus
1055 2719 1274 2773 advenit
1323 2719 1417 2789 qui
1459 2720 1772 2789 temperiem
1810 2719 2058 2775 introdu-

474 2807 574 2870 xit,
604 2816 657 2861 et
685 2808 945 2865 hiemales
992 2810 1216 2879 spiritus
1263 2808 1391 2864 fecit
1436 2824 1653 2865 cessare
1681 2828 1694 2864 ε
1721 2820 1776 2865 et
1810 2810 1968 2878 licus,
2004 2811 2059 2867 id

474 2908 558 2952 cst
604 2899 862 2963 mundus,
916 2909 1163 2955 tenerum
1212 2916 1450 2967 ramum,
1498 2899 1555 2954 id
1599 2909 1684 2955 est
1728 2894 2055 2969 Ecclesium,

475 2989 604 3043 fecit
641 3005 789 3045 nunc
823 2992 1040 3061 quidem
1094 2991 1222 3047 folia
1263 2992 1652 3063 proferentem,
1684 2994 1855 3050 donec
1884 3003 1967 3051 est
2001 2996 2057 3050 in

474 3083 725 3150 proximo
757 3092 939 3147 aestas,
976 3084 1218 3138 nondum
1262 3093 1442 3137 tamen
1476 3084 1734 3151 advenit;
1778 3084 1920 3139 facta
1955 3100 2056 3140 au-

472 3181 582 3226 tem
627 3184 838 3239 aestate,
880 3175 1090 3242 plenius
1138 3173 1410 3244 perfectos
1463 3185 1516 3230 et
1559 3185 1803 3230 maturos
1838 3177 2057 3232 Christo

474 3266 612 3320 licus
645 3266 944 3335 praestabit,
970 3267 1189 3335 quando
1207 3267 1508 3322 secundum
1534 3267 1825 3321 Jeremiam
1852 3270 1896 3301 9°
1919 3271 2058 3327 ﬁcus

472 3357 631 3412 bona;
657 3356 815 3412 bona:
843 3370 970 3412 sunt
1008 3358 1182 3424 valde,
1213 3367 1552 3429 congregatae
1581 3359 1636 3412 in
1681 3360 1930 3429 cophinis
1959 3361 2057 3416 bo-

474 3465 670 3504 norum
725 3449 976 3514 ficorum,
1008 3466 1074 3506 ex
1103 3452 1306 3522 quibus
1350 3451 1598 3522 accipere
1626 3452 1763 3518 vult,
1811 3460 1865 3506 et
1897 3453 2056 3523 quasi

472 3543 633 3597 edere
669 3543 1010 3599 dulcedinem
1053 3559 1267 3599 eorum.
1313 3544 1471 3600 Absit
1510 3551 1694 3600 autem
1740 3560 1772 3599 a
1807 3546 1969 3601 nobis
1998 3552 2057 3600 ut

469 3634 601 3691 Jcsu
650 3637 900 3692 veniente
944 3637 1012 3691 ad
1053 3650 1192 3702 nos,
1235 3645 1290 3691 et
1339 3637 1555 3692 volente
1607 3638 1944 3695 manducare
1989 3638 2057 3694 de

471 3727 597 3796 ﬁcu,
654 3744 763 3783 non
811 3730 1125 3784 inveniatur
1170 3727 1385 3784 fructus
1433 3729 1486 3782 in
1517 3743 1602 3782 ea.
1661 3727 1719 3783 Si
1758 3730 1903 3785 enim
1943 3745 2052 3784 non

476 3821 643 3877 fuerit
683 3822 937 3877 inventus
984 3822 1197 3878 fructus
1242 3823 1296 3876 in
1325 3837 1412 3886 ea,
1451 3821 1585 3877 dicit
1612 3822 1679 3877 ad
1715 3838 1833 3878 eam
1866 3823 1921 3877 in
1953 3838 2054 3879 suo

473 3914 730 3978 adventu,
763 3929 886 3984 quae
916 3929 1023 3968 non
1049 3914 1350 3970 ostenderit
1386 3913 1636 3970 fructus:
1666 3912 1958 3984 Nunquam
1989 3930 2055 3969 ea:

472 4010 522 4054 te
570 4003 851 4072 quisquam
918 4002 1156 4072 fructum
1210 4002 1491 4056 manducet
1538 4005 1578 4058 ³.
1633 4001 1822 4059 Potest
1870 4011 2052 4058 autem

406 4168 407 4171 η
470 4093 605 4148 ficus
647 4094 737 4147 illa
780 4095 1002 4165 intelligi
1050 4094 1284 4165 populus
1323 4095 1784 4161 circumcisionis,
1816 4098 1883 4152 ad
1913 4110 2053 4167 quos

467 4186 716 4242 esuriens
762 4186 1025 4243 Dominus
1078 4188 1261 4255 venit,
1307 4197 1362 4243 et
1409 4204 1533 4243 cum
1591 4205 1701 4244 non
1758 4189 2054 4246 invenisset

471 4279 709 4333 fructum
755 4280 808 4334 in
840 4296 926 4346 ea,
962 4282 1057 4337 sed
1108 4282 1280 4336 solam
1334 4284 1569 4351 speciem
1608 4283 1850 4350 vitalem,
1891 4284 2048 4351 dixit,

470 4385 742 4442 nunquam
776 4388 840 4425 ea:
876 4383 924 4427 te
962 4374 1241 4443 quisquam
1277 4374 1515 4443 fructum
1567 4376 1868 4430 manducet.
1916 4375 2052 4429 Pro—

2168 1884 2392 1953 protulit
2427 1894 2553 1939 ante
2580 1892 2795 1939 aestum.
2826 1884 3000 1954 Cujus
3045 1883 3254 1941 fructus
3280 1885 3445 1941 etiam
3488 1886 3756 1957 languen-

2167 1989 2266 2042 tes,
2293 1992 2404 2032 non
2433 1984 2615 2032 autem
2654 1977 2977 2048 pigritantes
3009 1993 3169 2033 orare
3211 1978 3577 2047 medicantur,
3610 1981 3755 2036 sicut

2164 2071 2429 2139 scriptum
2480 2077 2565 2126 est
2597 2070 2615 2103 "
2654 2071 2724 2127 de
2775 2069 3008 2126 Ezechia
3044 2086 3170 2142 rege
3205 2071 3258 2125 in
3298 2070 3460 2136 Isaia,
3497 2072 3592 2143 qui
3641 2074 3751 2129 sal-

2162 2173 2322 2219 vatus
2367 2171 2452 2218 est
2486 2178 2584 2234 per
2616 2162 2775 2230 ficus,
2821 2170 2883 2217 ut
2926 2179 2997 2219 ne
3041 2172 3383 2230 moreretur;
3428 2165 3524 2220 sed
3572 2172 3628 2219 et
3668 2164 3751 2219 sol

2163 2270 2328 2325 super
2369 2268 2495 2309 eum
2537 2256 2593 2309 in
2638 2254 2900 2324 gradibus
2946 2253 3341 2313 demonstravit
3383 2254 3650 2324 majorem
3698 2265 3751 2311 et

2163 2346 2450 2402 clariorem
2494 2347 2545 2402 ei
2579 2347 2721 2401 diem
2754 2346 3003 2402 eﬂectam
3038 2348 3081 2401 ⁸.
3132 2345 3298 2402 Multa
3333 2359 3419 2403 est
3455 2362 3587 2419 ergo
3625 2364 3752 2415 spes

2125 2432 2130 2437 ’
2162 2440 2215 2494 in
2244 2439 2350 2495 licu
2389 2455 2513 2511 quze
2541 2455 2606 2496 ex
2636 2439 2730 2494 Dei
2766 2439 2950 2495 verbis
2980 2440 3219 2509 primum
3255 2440 3476 2510 quidem
3518 2439 3647 2497 fecit
3674 2451 3749 2498 te-

2085 3137 2126 3195 C

2161 2546 2354 2585 nerum
2379 2546 2593 2586 ramum
2623 2546 2810 2597 suum,
2838 2539 3030 2601 postea
3059 2541 3242 2587 autem
3275 2534 3561 2589 nascentia
3596 2532 3744 2589 folia.

2162 2622 2387 2681 Talibus
2428 2638 2599 2695 prope
2644 2634 2728 2680 est
2772 2633 2956 2692 aestas,
3004 2633 3059 2681 et
3106 2640 3278 2696 prope
3321 2636 3406 2682 est
3456 2627 3511 2682 in
3562 2627 3749 2683 limine

2160 2718 2454 2789 gloriosus,
2484 2728 2539 2774 et
2571 2718 2626 2773 in
2657 2718 2894 2774 nubibus
2914 2717 3118 2773 Christi
3137 2718 3428 2783 adventus,
3465 2730 3519 2776 et
3545 2720 3746 2776 adven-

2161 2818 2252 2864 tus
2291 2810 2481 2880 gloritr.
2508 2808 2676 2865 Verbi
2710 2809 2828 2877 Dei,
2871 2818 2927 2865 et
2965 2823 3136 2880 prope
3181 2820 3268 2866 est
3299 2809 3616 2881 hujusmodi
3648 2811 3744 2866 ho-

2161 2900 2404 2956 minibus
2434 2916 2659 2971 regnum
2690 2899 2808 2956 Dei.

2231 2993 2321 3048 54.
2367 2993 2534 3048 Amen
2568 2992 2687 3048 dico
2718 2993 2885 3060 vobis,
2923 2995 3175 3065 quoniam
3219 3011 3323 3049 non
3368 2994 3606 3049 transibit
3639 3010 3728 3065 ge-

2162 3084 2364 3139 neratio
2397 3083 2529 3150 hazc,
2561 3084 2726 3137 donec
2753 3085 2931 3137 omnia
2957 3084 3068 3139 [nec
3092 3085 3253 3154 ﬁant.
3292 3085 3484 3141 Cretan:
3512 3093 3560 3138 et
3590 3093 3728 3137 terra

2166 3174 2489 3240 transibunt,
2538 3175 2695 3229 verba
2729 3185 2907 3229 autent
2951 3192 3066 3230 mea
3113 3192 3219 3231 non
3250 3176 3608 3232 transibunt‘.
3641 3173 3734 3229 Vi-

2159 3269 2387 3325 deamus
2436 3282 2559 3337 quae
2608 3268 2677 3323 sit
2726 3271 3004 3336 generatio
3056 3271 3174 3328 haec
3226 3272 3295 3328 de
3343 3288 3451 3342 qua
3503 3270 3740 3340 loquitur

2161 3359 2441 3415 Christus.
2488 3357 2555 3419 Et
2597 3361 2876 3429 simplices
2924 3361 3147 3432 quidem
3193 3362 3259 3417 ad
3309 3361 3746 3416 destructionem

2159 3449 2462 3507 Jerusalem
2513 3450 2762 3507 referunt
2799 3453 2963 3508 verba
2989 3494 3005 3520 ,
3049 3461 3105 3509 et
3141 3453 3204 3508 de
3244 3451 3335 3507 illa
3380 3452 3743 3522 generatione

2160 3543 2479 3599 existimant
2507 3543 2711 3599 dictmn
2741 3560 2864 3614 quae
2891 3543 2997 3599 fuit
3030 3556 3270 3615 tempore
3295 3543 3494 3599 Christi
3530 3551 3587 3598 et
3615 3559 3742 3613 pas-

2159 3636 2369 3691 sionem
2406 3636 2528 3704 ejus
2571 3637 2813 3706 aspexit,
2866 3653 2976 3692 non
3022 3637 3374 3692 transitur-am
3414 3636 3743 3706 priusquam

2159 3729 2313 3784 lieret
2359 3729 2662 3785 destructio
2713 3729 2952 3786 civitatis
3011 3730 3183 3787 illius.
3233 3729 3431 3786 Nescio
3471 3738 3651 3783 autem
3693 3727 3739 3782 si

2158 3821 2383 3874 verbum
2430 3819 2499 3873 ad
2537 3821 2764 3875 verbum
2811 3836 3085 3892 exponere
3125 3830 3360 3892 possunt
3404 3819 3550 3891 quod
3584 3818 3737 3880 ait';

2160 3910 2283 3964 Non
2312 3912 2502 3965 videtis
2524 3911 2635 3965 Itwc
2657 3912 2874 3966 omnia?
2900 3913 3065 3966 Amen
3097 3912 3216 3966 dico
3248 3912 3413 3976 vobis,
3450 3927 3553 3964 non
3581 3910 3738 3963 retin-

2156 4014 2348 4074 qnetur
2391 4004 2476 4057 hic
2521 4003 2659 4073 lapis
2696 4021 2854 4075 super
2895 4004 3125 4075 lapidem
3152 4004 3244 4074 qui
3274 4021 3378 4058 non
3410 4004 3737 4068 destruatur,

2159 4111 2336 4166 usque
2372 4097 2437 4150 ad
2472 4096 2604 4151 illud
2636 4097 2779 4167 quod
2808 4097 2923 4152 ait:
2965 4096 3140 4167 Prope
3163 4106 3241 4151 est
3279 4097 3334 4150 in
3362 4095 3564 4150 limine.
3613 4093 3736 4149 For-

2156 4190 2296 4244 sitan
2328 4190 2475 4245 enim
2517 4190 2570 4244 in
2608 4189 2935 4260 quibusdam
2981 4197 3260 4259 poterunt,
3306 4189 3362 4244 in
3404 4188 3528 4244 aliis
3560 4197 3735 4243 autem

2156 4281 2383 4335 omnino
2425 4296 2531 4335 non
2565 4288 2844 4350 poterunt.
2881 4277 2947 4334 Et
2977 4280 3113 4335 satis
3146 4277 3738 4349 coangustatipnescio

2155 4376 2202 4424 si
2255 4369 2461 4440 aliquid
2507 4369 2691 4424 dicere
2743 4368 3043 4439 potuerint.
3100 4367 3213 4425 Nos
3262 4379 3444 4425 autem
3498 4368 3554 4424 in
3604 4367 3737 4423 locis

466 4473 583 4532 pter
613 4464 757 4532 quod
789 4463 841 4518 in
871 4464 1104 4520 adventu
1137 4465 1258 4535 ejus
1287 4466 1549 4519 continuo
1580 4466 1820 4522 arefacta
1852 4475 1936 4523 est
1960 4469 2051 4523 illa
2086 4478 2129 4533 ι)
2158 4464 2346 4518 multis
2374 4462 2750 4524 observantes.
2786 4476 2987 4517 nomen
3029 4462 3403 4532 generationis
3447 4460 3736 4532 dupliciter

468 4554 626 4619 ficus,
675 4555 729 4609 id
776 4563 861 4611 est
894 4557 1127 4626 populus
1174 4557 1301 4621 ille;
1339 4556 1427 4609 illa
1469 4565 1652 4611 autem
1707 4557 1877 4615 altera
1911 4559 2047 4615 ﬁcus

466 4659 622 4714 quae,
674 4657 940 4715 quantum
990 4647 1057 4703 ad
1105 4647 1285 4717 priora
1336 4658 1608 4716 tempora,
1659 4649 1862 4705 sterilis
1905 4660 2044 4719 erat,

466 4750 590 4805 quae
620 4734 795 4791 fuerat
823 4737 935 4807 jam
991 4738 1286 4793 excidenda
1332 4746 1616 4807 propterea
1658 4741 1804 4810 quod
1840 4742 2045 4799 nullam

473 4826 739 4884 habuerat
768 4830 1070 4886 adhibitam
1109 4831 1213 4886 sibi
1248 4830 1585 4902 diligentiam
1626 4848 1657 4887 a
1685 4847 1786 4888 suo
1817 4832 2047 4903 fossore,

468 4932 593 4972 cum
632 4925 843 4975 stercus
882 4921 958 4974 illi
995 4924 1223 4992 coeperit
1258 4923 1632 4989 circummitti,
1662 4922 1902 4993 proferet
1930 4926 2046 4982 fru-

463 5016 620 5076 ctus;
682 5025 805 5078 qua:
856 5011 1149 5081 aliquando
1197 5025 1556 5069 evacuaverat
1604 5023 1848 5082 terram,
1900 5033 2046 5073 nunc

468 5108 651 5155 autem
701 5100 965 5171 largiores
1008 5102 1218 5159 fructus
1272 5106 1524 5175 producit
1570 5106 1735 5161 etiam
1780 5123 1876 5177 pro
1910 5117 2046 5163 tem-

470 5208 605 5262 pore
632 5202 915 5249 transacto
950 5195 1004 5249 in
1035 5211 1144 5264 quo
1174 5198 1375 5253 sterilis
1395 5197 1528 5263 fuit.
1571 5197 1638 5252 Et
1669 5199 2044 5269 unusquisque

469 5293 719 5339 nostrum
754 5295 880 5354 post
927 5286 1132 5342 hiemes
1181 5290 1565 5356 tentationum,
1607 5298 1661 5345 et
1709 5301 1832 5359 post
1869 5291 2043 5345 tristi-

468 5378 599 5432 tiam
626 5379 995 5450 periculorum
1026 5388 1423 5437 transactorum
1465 5383 1530 5436 ad
1558 5392 1799 5437 aastatem
1832 5382 2048 5438 festinet

534 5562 580 5595 ⁸⁷
603 5579 746 5618 vers.
782 5565 836 5619 5.
913 5561 959 5595 ⁸³
999 5563 1287 5629 tl,ll,12.
1365 5564 1409 5594 ⁹⁹
1439 5578 1585 5624 xxw,
1618 5562 1670 5613 ’5.

468 5631 642 5689 “ibid.
670 5633 757 5687 il.

542 5747 654 5819 (83)
694 5747 748 5802 Id
781 5762 857 5804 est
882 5752 1112 5821 pro/icit.

1750 5558 1951 5613 ’Marc.
1982 5574 2056 5622 XI,
2093 5558 2178 5612 Η.
2211 5561 2230 5589 ²
2253 5558 2415 5616 Joan.
2445 5580 2531 5628 xv,
2560 5564 2607 5617 1.

834 5634 1061 5687 “Matth.
1086 5650 1230 5697 xxw,
1255 5633 1343 5696 54,
1376 5633 1464 5687 55.
1543 5634 1561 5664 ⁷
1586 5633 1712 5686 ibid.
1743 5631 1778 5684 2
1799 5639 1852 5685 et
1872 5644 2021 5699 seqq.
2049 5629 2070 5659 ⁸
2091 5645 2127 5695 ι,
2148 5630 2199 5685 i.
2275 5631 2296 5661 ⁰
2322 5634 2520 5686 versJ.

2158 4552 2476 4622 accipimus.
2523 4550 2871 4605 Arhitramur
2911 4552 3057 4605 enim
3091 4551 3231 4607 duas
3273 4567 3394 4608 esse
3426 4551 3737 4622 generatio-

2156 4660 2274 4709 nes,
2306 4658 2469 4697 unam
2500 4642 2718 4724 quidem
2748 4638 3084 4705 Judieorum,
3124 4641 3352 4697 alterunt
3386 4649 3568 4695 autem
3602 4654 3737 4710 gen-

2155 4739 2314 4791 tium.
2369 4735 2461 4790 Sic
2491 4735 2844 4804 intelligimus
2887 4745 2941 4790 et
2979 4734 3345 4790 Ecclesiasten
3388 4733 3735 4790 dicentcm':

2157 4827 2438 4883 Generatio
2466 4826 2631 4893 vadit,
2674 4835 2723 4879 et
2751 4826 3019 4896 generatio
3051 4829 3210 4892 venit,
3240 4836 3288 4881 et
3318 4835 3461 4881 terra
3500 4827 3555 4879 in
3582 4836 3736 4880 auer-

2154 4937 2280 4974 num
2308 4927 2435 4972 stat.
2492 4916 2566 4972 De
2606 4918 2809 4987 populo
2861 4918 3006 4972 enim
3040 4916 3354 4973 Judaeorum
3382 4916 3735 4988 prephctans,

2152 5014 2246 5084 qui
2277 5011 2458 5067 fuerat
2495 5009 2856 5074 transiturus,
2888 5011 2985 5074 ait,
3016 5011 3286 5079 generatio
3321 5010 3507 5071 vadit;
3540 5009 3607 5063 de
3641 5024 3737 5078 po-

2149 5104 2280 5175 pulo
2302 5110 2484 5157 autem
2511 5101 2753 5171 gentium
2785 5101 3061 5156 creditura
3085 5101 3242 5168 dixit,
3275 5102 3544 5173 generatio
3578 5099 3736 5154 venit.

2154 5195 2289 5250 Tale
2319 5191 2524 5263 aliquid
2557 5201 2688 5262 puto
2723 5204 2778 5247 et
2819 5195 2873 5247 in
2917 5193 3126 5263 psalmo
3171 5193 3511 5263 octogesimo
3547 5207 3692 5245 nono
3714 5192 3736 5223 ⁹

2155 5289 2262 5343 dici
2295 5303 2325 5341 a
2356 5285 2540 5356 Moyse
2574 5285 2626 5338 in
2656 5284 2902 5340 oratione
2942 5285 3154 5355 ipsius:
3185 5285 3432 5348 Domine,
3474 5283 3735 5354 refugium

2157 5380 2329 5448 fartus
2358 5393 2412 5429 es
2445 5374 2594 5428 nobis
2628 5392 2660 5428 a
2689 5378 3026 5445 generatione
3066 5376 3121 5428 in
3143 5376 3553 5446 generationem.
3586 5372 3734 5428 Dua-

2688 5565 2707 5595 ³
2747 5561 2811 5617 ill
2842 5563 2970 5633 Reg.
3002 5582 3071 5629 Iv,
3097 5566 3185 5620 95.
3263 5563 3282 5593 "
3304 5561 3371 5616 IV
3397 5563 3529 5635 Reg.
3566 5578 3661 5631 xx,
3680 5558 3734 5617 7.
