4052 6304
312 390 444 447 ῑϋ85

1429 375 2085 436 COMMENTARIORUM
2129 371 2392 430 SEBIES.

3428 362 3575 416 1686

309 519 425 561 eum
457 503 601 558 enim
639 501 1051 574 generationum
1101 496 1370 567 refugium
1418 504 1502 551 est
1533 495 1707 560 Deus,
1759 495 1885 566 quia
1916 497 1960 553 Α
1990 491 2071 548 iit.
2103 488 2276 544 Instat
2303 487 2448 542 enim
2483 495 2532 541 et
2566 490 2846 553 operatur,
2874 482 3000 550 quia
3036 495 3211 548 neque
3235 478 3562 550 principium

311 613 448 651 unus
482 606 558 652 est
589 595 730 650 Deus
757 595 847 663 qui
871 592 1140 662 justiﬁcat
1167 591 1622 645 circumcisionem
1659 605 1724 644 ea:
1757 589 1882 658 ﬁde,

310 696 356 742 et
382 688 700 758 praeputium
733 701 825 754 per
860 686 1018 754 ﬁdem
1049 684 1112 739 ¹⁰.
1160 682 1224 738 Et
1250 682 1509 752 quoniam
1539 696 1643 734 non
1681 689 1884 734 tantum

315 777 642 842 ludworum,
677 777 766 830 sed
789 777 953 829 etiam
981 774 1216 844 gentium
1246 783 1324 827 est
1354 772 1492 827 Deus
1517 772 1584 838 “,
1611 785 1741 841 ergo
1775 785 1883 824 non

312 869 602 939 pr£teribit
628 868 905 938 generatio
928 864 1065 922 Novi
1095 863 1431 921 Testamenti
1461 878 1584 933 qua:
1614 869 1698 918 est
1717 861 1771 916 in
1805 860 1888 916 fa-

311 963 391 1015 eie
420 960 741 1024 Salvatoris,
778 973 956 1028 neque
981 957 1154 1013 abibit
1185 957 1251 1012 ad
1288 956 1409 1011 illas
1438 955 1627 1011 beatas
1653 953 1888 1025 promis-

311 1053 490 1106 siones
526 1051 672 1105 illius
704 1050 911 1112 saeculi,
946 1049 1120 1104 donec
1150 1048 1337 1103 omnia
1372 1047 1502 1102 ﬁant
1527 1061 1650 1116 quae
1674 1046 1886 1101 locutus

311 1152 394 1199 est
459 1142 730 1198 Christus.
803 1140 1108 1210 Unicuique
1168 1141 1315 1194 enim
1369 1146 1616 1195 nostrum
1674 1144 1888 1207 oportet

310 1236 494 1291 omnia
525 1234 641 1288 ﬁeri
681 1248 802 1303 quze
839 1233 1097 1302 praedicta
1133 1240 1280 1297 sunt,
1333 1231 1476 1285 sicut
1516 1244 1613 1299 per
1643 1227 1887 1298 singulas

311 1326 682 1396 expositiones
727 1324 1076 1380 tradidimus.
1150 1320 1269 1376 Una
1320 1335 1450 1391 ergo
1487 1321 1762 1391 generatio
1806 1329 1888 1374 est

312 1417 567 1472 Ecclesiae
603 1431 726 1486 quae
759 1417 925 1486 erepit
967 1430 1035 1469 ex
1063 1414 1309 1469 doctrina
1340 1411 1556 1466 Domini
1587 1411 1888 1467 Salvatoris

311 1524 486 1580 usque
525 1509 590 1563 ad
626 1507 1192 1572 consummationem;
1239 1513 1295 1558 et
1321 1504 1436 1558 haec
1466 1504 1583 1574 ipsa
1612 1503 1888 1574 generatio

313 1598 568 1654 transivit
590 1598 810 1668 quidem
842 1594 1138 1666 aliquando
1183 1602 1356 1649 totum
1383 1593 1642 1648 saeculum
1673 1591 1796 1658 hoc,
1834 1599 1890 1646 et

312 1691 662 1758 pet-transibit
703 1691 904 1760 ipsum,
957 1697 1017 1742 ut
1066 1685 1348 1742 haereditet
1401 1685 1535 1741 illud
1603 1685 1883 1750 futurum;

311 1791 493 1836 tamen
558 1780 733 1836 donec
797 1781 930 1836 fiant
981 1781 1099 1835 haec
1169 1778 1394 1845 omnia,
1440 1792 1551 1831 non
1614 1776 1882 1832 transibit.

1994 581 2252 653 operandi
2299 588 2427 635 ante
2471 587 2717 647 tempora
2765 576 2976 631 dierum
3025 572 3262 642 accepit,
3303 573 3396 628 Sed
3440 587 3562 628 cum

1993 681 2244 728 creatura
2277 669 2460 740 ccepit,
2496 679 2550 725 ct
2582 686 2703 725 cum
2736 673 2986 724 creatura
3017 664 3292 720 transibit.
3328 663 3560 719 Verbum

1994 773 2172 821 autem
2196 763 2342 834 quod
2369 761 2537 834 874
2558 761 2796 817 fuitante
2827 767 3158 823 creaturam,
3182 770 3289 810 non
3315 755 3568 811 transibit

1993 871 2118 910 cum
2154 861 2427 909 creatura.

2063 945 2153 1001 55.
2195 942 2271 996 De
2307 942 2393 995 die
2435 947 2612 994 autem
2654 937 2751 991 illa
2792 944 2844 992 et
2877 937 3010 990 hora
3053 949 3200 988 nemo
3235 931 3358 998 scit,
3407 945 3568 1000 neque

1995 1037 2167 1110 angeli
2217 1032 2488 1100 caelorum,
2543 1047 2704 1102 neque
2744 1029 2793 1083 F
2796 1030 2943 1095 ilius,
2988 1027 3090 1081 nisi
3121 1025 3288 1079 Pater
3327 1023 3470 1077 solus
3501 1022 3564 1076 ¹⁸.

1995 1132 2260 1188 Videntur
2293 1129 2410 1182 haec
2454 1140 2683 1197 arguere
2712 1140 2806 1180 eos
2849 1123 2942 1194 qui
2973 1121 3299 1192 promittunt
3329 1117 3397 1173 de
3437 1131 3569 1172 eon-

1995 1222 2359 1281 summatione
2405 1227 2459 1273 et
2500 1214 2850 1286 corruptione
2891 1211 3080 1268 mundi
3123 1224 3182 1265 se
3211 1207 3568 1278 comprehen-

1994 1316 2141 1379 dere,
2171 1321 2223 1368 et
2255 1308 2606 1384 pronuntiant
2633 1305 2790 1376 quasi
2820 1305 2984 1359 instet
3010 1304 3125 1357 dies
3153 1299 3405 1356 Domini:
3431 1313 3568 1368 qua-

1997 1407 2075 1462 les
2127 1405 2388 1459 dicuntur
2442 1399 2613 1454 fuisse
2667 1397 2889 1468 quidam
2940 1392 3458 1449 Thessalonicenses
3513 1390 3568 1443 in

1997 1507 2240 1567 tempore
2268 1492 2536 1564 Apostoli,
2576 1491 2642 1546 de
2677 1488 2877 1558 quibus
2926 1485 3118 1542 scribit
3152 1485 3256 1536 13‘:
3301 1481 3568 1552 Rogamus

1996 1597 2173 1643 autem
2196 1603 2306 1650 vos,
2341 1586 2559 1655 fratres,
2580 1598 2672 1653 per
2701 1580 2983 1634 adventum
3012 1575 3222 1634 Domini
3250 1573 3417 1628 nostri
3440 1571 3570 1626 Iesu

1997 1679 2216 1741 Christi,
2255 1685 2305 1731 et
2334 1685 2572 1730 nostram
2605 1670 3063 1743 congregationem
3101 1668 3155 1721 in
3197 1667 3337 1736 ipso,
3369 1673 3428 1718 ut
3467 1678 3570 1716 non

1997 1771 2100 1824 cito
2133 1768 2450 1823 moveamini
2489 1783 2521 1820 a
2549 1780 2706 1820 sensu
2743 1771 2939 1826 vestro,
2974 1775 3133 1831 neque
3161 1754 3566 1818 conturbemini,

311 1871 542 1939 Quando
587 1881 768 1927 autem
819 1873 876 1927 in
927 1872 1014 1927 his
1076 1871 1332 1926 omnibus
1384 1869 1658 1925 sutliciens
1703 1867 1887 1934 fuerit,
1920 1855 1962 1910 Β
1994 1878 2156 1933 neque
2199 1877 2290 1932 per
2325 1861 2608 1931 spiritum,
2651 1870 2812 1926 neque
2855 1850 3226 1924 permultum»
3271 1863 3432 1918 ηειιιιε
3478 1861 3571 1915 Ρετ

311 1973 364 2017 et
406 1963 762 2033 impassibilis
831 1959 1197 2033 permanserit
1247 1976 1422 2030 usque
1472 1959 1541 2014 ad
1589 1959 1890 2030 gloriosum

311 2053 519 2108 Christi
557 2052 871 2119 adventum,
915 2060 1045 2107 tunc
1075 2049 1449 2121 pertransibit.
1483 2047 1690 2104 Tamen
1718 2048 1894 2104 donec

313 2146 446 2200 ﬁant
491 2145 607 2199 haec
643 2143 860 2208 omnia,
901 2156 1010 2197 non
1052 2142 1302 2213 quaedam
1349 2154 1538 2196 eorum
1587 2155 1710 2210 quae
1749 2139 1893 2194 dicta

312 2245 478 2304 sunt,
527 2236 776 2307 quredam
839 2243 1021 2290 autem
1072 2251 1184 2289 non
1238 2242 1368 2289 sunt
1437 2232 1653 2300 futura,
1707 2241 1890 2287 tamen

312 2328 567 2382 transibit
613 2326 890 2398 generatio
941 2325 1078 2390 haec,
1124 2340 1248 2380 cum
1299 2324 1484 2380 omnia
1527 2323 1643 2378 haec
1691 2322 1894 2380 fuerint

315 2422 480 2485 laeta,
519 2434 644 2473 cum
695 2417 970 2472 transierit
1016 2432 1126 2470 non
1176 2416 1354 2470 solum
1399 2424 1574 2486 terra,
1606 2417 1700 2473 sed
1727 2416 1891 2472 etiam

311 2512 537 2574 cmlum,
575 2510 628 2564 id
657 2518 744 2564 est
776 2524 884 2562 non
927 2509 1106 2564 solum
1137 2507 1192 2561 hi
1233 2508 1485 2564 homines
1514 2524 1748 2580 quorum
1784 2508 1891 2562 vita

311 2613 523 2658 terrena
550 2609 652 2665 est,
684 2611 738 2655 et
766 2608 1047 2670 propterea
1081 2608 1223 2656 terra
1251 2599 1511 2654 dicuntur
1537 2618 1552 2668 ;
1595 2601 1691 2657 sed
1720 2600 1886 2656 etiam

313 2696 388 2749 illi
416 2710 649 2765 quorum
681 2693 1023 2750 conversatio
1052 2702 1136 2750 est
1166 2694 1222 2748 in
1255 2693 1430 2757 cmlis,
1461 2702 1515 2748 et
1543 2693 1666 2749 ideo
1691 2693 1891 2749 coelum

313 2796 600 2840 vocantur.
659 2785 997 2841 Transibunt
1041 2793 1225 2846 autem
1277 2784 1343 2838 ad
1389 2783 1592 2851 futura,
1626 2793 1682 2840 et
1712 2785 1895 2841 omnis

318 2885 490 2932 status
537 2893 760 2944 eorum,
789 2886 850 2932 ut
891 2878 1116 2932 veniant
1163 2876 1230 2930 ad
1274 2875 1633 2930 eminentiora
1679 2883 1734 2930 et
1780 2889 1898 2929 me-

319 2969 470 3023 liora.
501 2966 744 3033 Quorum
783 2968 1194 3033 revelationem,
1228 2981 1351 3021 cum
1395 2966 1504 3022 sint
1529 2965 1626 3020 ﬁlii
1655 2964 1771 3030 Dei,
1799 2980 1895 3020 ex-

314 3061 581 3130 spectatio
628 3071 896 3115 creaturte
942 3067 1251 3128 exspectat,
1301 3070 1355 3115 et
1405 3059 1585 3114 omnis
1645 3066 1894 3127 creatura

313 3147 670 3218 congemiscit
688 3141 768 3198 eis
789 3156 843 3202 et
861 3149 1267 3212 dolet,"donec
1297 3165 1327 3202 a
1355 3148 1550 3202 timore
1585 3147 1800 3200 Domini
1837 3147 1890 3200 in

314 3237 808 3308 uteroaccipientes
855 3234 1163 3302 repererint
1215 3237 1896 3307 spiritumsalutisfacien—

314 3339 395 3382 tes
423 3343 552 3384 suas
587 3325 813 3396 feturas,
848 3337 902 3382 et
930 3335 1058 3382 tunc
1091 3326 1348 3382 transibit
1379 3326 1660 3397 generatio
1688 3326 1755 3382 de
1787 3339 1897 3396 qua

312 3420 556 3491 loquitur
586 3419 864 3488 Christus,
900 3430 955 3476 et
976 3421 1174 3476 caelum
1217 3421 1520 3477 secundum
1553 3420 1698 3490 quod
1727 3434 1897 3489 expoo

312 3511 548 3576 suimus,
583 3521 637 3567 et
669 3521 812 3566 terra
842 3512 1144 3567 secundum
1171 3512 1314 3582 quod
1343 3511 1688 3566 tradidimus.
1720 3508 1900 3564 Verba

314 3613 495 3657 autem
518 3619 642 3672 quae
678 3619 708 3656 a
741 3603 1026 3658 Salvatore
1060 3612 1189 3659 sunt
1223 3602 1390 3667 dicta,
1420 3616 1530 3656 non
1564 3599 1896 3666 transibunt,

315 3694 577 3764 quoniam
611 3709 734 3763 quae
760 3711 859 3750 sua
889 3693 1112 3766 propria
1151 3699 1276 3746 sunt
1319 3697 1639 3760 cperantur,
1668 3697 1723 3744 et
1753 3704 1900 3744 nunc

315 3793 370 3838 et
397 3797 612 3852 semper
644 3784 1036 3852 operabuntur.
1083 3779 1318 3837 Perfecti
1362 3788 1543 3834 autem
1578 3788 1631 3834 et
1670 3779 1763 3848 qui
1789 3794 1900 3834 non

325 3874 615 3944 recipiunt,
650 3885 708 3928 ut
733 3875 847 3944 jam
881 3873 1135 3928 meliores
1181 3871 1504 3936 eﬂiciantur,
1552 3879 1900 3926 transeuntes

327 3966 475 4037 quod
515 3975 664 4034 sunt,
710 3966 1036 4036 perveniunt
1076 3966 1144 4020 ad
1178 3964 1309 4020 illud
1341 3963 1488 4034 quod
1515 3979 1624 4018 non
1650 3970 1798 4018 sunt.
1839 3960 1901 4016 In

318 4077 384 4116 eo
424 4068 606 4116 autem
647 4058 793 4130 quod
827 4059 985 4124 dixit,
1017 4056 1172 4111 verba
1213 4064 1391 4110 autem
1415 4071 1528 4109 mea
1557 4070 1659 4107 non
1682 4061 1900 4122 praeter-

320 4152 494 4219 ibunt,
527 4159 580 4207 et
608 4151 715 4206 hoc
748 4150 1009 4205 existimo
1058 4147 1436 4219 quaerendum,
1465 4162 1534 4201 ne
1563 4145 1704 4204 forte
1730 4143 1900 4216 Moysi

321 4245 540 4315 quidem
575 4245 741 4299 verba
790 4253 844 4298 et
890 4242 1281 4313 prophetarum
1333 4237 1690 4302 transierunt,
1739 4236 1902 4292 verba

322 4346 500 4392 antem
525 4336 653 4393 Jesu
683 4335 887 4392 Christi
928 4350 1037 4389 non
1086 4333 1462 4388 transierunt:
1489 4329 1748 4400 quoniam
1780 4343 1902 4398 qua:

321 4429 787 4499 prophetabantur
813 4428 1030 4498 quidem
1057 4426 1128 4481 ab
1164 4425 1273 4480 illis
1305 4424 1523 4495 impleta
1555 4431 1705 4490 sunt,
1733 4422 1900 4478 verba

319 4531 500 4577 autem
525 4522 731 4578 Christi
762 4536 980 4591 semper
1009 4528 1139 4577 sunt
1167 4519 1346 4589 plena,
1375 4527 1429 4574 et
1461 4519 1515 4572 in
1552 4527 1677 4573 actu
1710 4515 1900 4586 imple-

322 4615 485 4669 tionis
515 4623 644 4670 sunt
683 4629 920 4684 semper,
957 4622 1010 4668 et
1048 4613 1292 4682 quotidie
1335 4612 1648 4682 implentur,
1677 4618 1732 4666 et
1753 4599 1900 4663 nun-

322 4720 486 4774 quam
517 4705 931 4776 pet-implentur.
965 4707 1089 4774 Ipsa
1122 4702 1267 4757 enim
1306 4713 1434 4760 sunt
1467 4719 1590 4773 quae
1612 4702 1666 4757 in
1696 4701 1901 4757 sanctis

318 4805 373 4851 et
421 4794 640 4866 impleta
690 4804 820 4851 sunt
857 4805 912 4850 et
948 4797 1263 4866 implentur,
1306 4807 1361 4851 et
1408 4795 1588 4850 adhuc
1631 4801 1760 4850 sunt
1798 4795 1901 4847 im-

323 4885 537 4953 plenda.
569 4886 678 4940 Aut
715 4885 856 4940 forte
889 4901 1066 4957 neque
1099 4885 1268 4959 Moysi
1298 4886 1461 4941 verba
1497 4885 1582 4939 vel
1612 4885 1902 4954 propheta-

321 4991 442 5030 rum
467 4977 651 5032 dicere
679 4977 940 5033 debemus
972 4979 1191 5050 impleta
1219 4979 1444 5034 omnino
1470 4995 1483 5030 :
1511 4977 1726 5047 proprie
1750 4977 1895 5030 enim

319 5078 373 5122 et
419 5069 512 5123 illa
548 5070 713 5125 verba
761 5069 883 5125 Filii
916 5071 1010 5126 Dei
1061 5080 1190 5128 sunt
1233 5080 1288 5126 et
1316 5086 1533 5140 semper
1580 5069 1893 5140 implentur.

322 5157 463 5229 Ergo
504 5160 711 5214 bonum
765 5169 849 5216 est
895 5161 1212 5217 altitudines
1235 5161 1527 5216 verborum
1586 5161 1896 5215 divinorum

319 5251 502 5306 verbis
532 5253 870 5322 simplicibus
900 5254 1205 5324 explicare;
1234 5264 1412 5308 tamen
1445 5260 1664 5322 propter
1693 5267 1899 5322 paucos

323 5341 682 5400 discutiamus
739 5346 857 5400 haec
907 5354 1117 5402 tantum
1191 5345 1585 5416 intelligentes,
1638 5345 1894 5416 quoniam

325 5435 548 5490 verbum
579 5439 726 5507 quod
773 5439 826 5493 in
861 5440 1027 5495 verbo
1059 5440 1153 5496 Dei
1194 5442 1495 5494 humanum
1537 5449 1641 5508 cst,
1685 5458 1714 5496 a
1745 5457 1899 5497 crea-

327 5537 476 5583 tione
505 5532 690 5586 mundi
722 5547 896 5601 usque
925 5533 991 5588 ad
1019 5538 1551 5590 consummationem
1581 5551 1690 5589 non
1717 5544 1897 5591 trans-

399 5729 440 5759 ¹⁰
481 5729 636 5783 Rom.
673 5748 762 5796 ιιι,
786 5732 872 5786 50.
931 5733 970 5764 ¹¹
997 5732 1231 5786 ibid.'29.

324 5812 402 5864 XI,
425 5800 512 5854 ‘27.
597 5803 636 5831 ι’
661 5800 786 5855 Luc.
819 5804 971 5869 11,52.

1313 5734 1354 5764 "
1382 5731 1542 5789 Rom.
1575 5732 1806 5797 vm,19,
1833 5731 1924 5784 22.

1921 3198 1964 3256 C

1993 1951 2273 2024 epistolam
2311 1949 2466 2021 quasi
2508 1963 2600 2018 per
2642 1961 2737 2000 nos
2779 1944 3029 2010 missam,
3074 1940 3227 2012 quasi
3260 1939 3420 1992 instet
3456 1935 3570 1989 dies

1992 2044 2229 2098 Domini.
2262 2041 2426 2096 Forte
2457 2039 2718 2112 quoniam
2749 2036 2892 2109 apud
2913 2033 3130 2090 Judteos
3160 2039 3319 2086 erant
3345 2027 3567 2100 quidam

1993 2137 2108 2194 sive
2135 2152 2232 2207 per
2255 2134 2567 2205 Scripturas
2604 2133 2922 2204 proﬁtentes
2953 2127 3019 2182 de
3057 2122 3391 2194 temporibus
3441 2134 3574 2176 eon-

1993 2229 2380 2286 summationis
2420 2243 2480 2283 se
2522 2226 2700 2293 scire,
2739 2223 2853 2279 sive
2890 2219 2958 2276 de
2989 2215 3247 2282 secretis;
3292 2212 3416 2268 ideo
3456 2211 3572 2266 haec

1994 2321 2187 2378 scribit
2225 2321 2428 2375 docens
2467 2316 2764 2388 discipulos
2816 2327 2968 2377 suos,
3001 2319 3062 2365 ut
3095 2305 3303 2363 nemini
3347 2301 3574 2360 credant

1995 2415 2125 2470 talia
2179 2410 2475 2484 proﬁtenti.
2532 2410 2598 2463 Et
2643 2410 2882 2478 seipsum
2935 2405 3210 2466 Salvator,
3269 2393 3570 2452 secundum

1997 2508 2142 2561 hunc
2178 2505 2381 2568 locum,
2429 2501 2710 2572 coniungit
2757 2496 3138 2571 ignorantibus
3167 2493 3310 2548 diem
3339 2489 3491 2544 illum
3515 2495 3570 2539 et

1996 2599 2210 2652 horam.
2245 2595 2312 2649 Et
2348 2593 2743 2649 rationabiliter
2789 2599 2873 2646 est
2901 2586 3254 2660 quaerendum
3294 2576 3572 2652 quomodo

1994 2689 2090 2760 qui
2119 2687 2344 2744 conﬁdit
2377 2701 2436 2742 se
2467 2697 2796 2756 cognoscere
2823 2681 3060 2744 Patrem,
3096 2678 3286 2733 dicens
3312 2671 3572 2725 ":Nemo

1996 2784 2138 2835 novit
2173 2778 2392 2834 Patrem
2430 2778 2535 2832 nisi
2564 2775 2759 2840 Filius,
2799 2785 2847 2829 et
2891 2774 2975 2827 cui
3008 2769 3233 2826 voluerit
3263 2764 3312 2820 F
3315 2765 3443 2818 ilius
3489 2779 3572 2816 re-

1994 2870 2186 2935 velare,
2214 2869 2426 2924 Patrem
2457 2867 2674 2937 quidem
2703 2863 2875 2929 novit,
2917 2864 3062 2918 diem
3089 2871 3268 2915 autem
3298 2865 3352 2910 et
3377 2855 3571 2908 horam

1995 2960 2488 3019 consummationis
2543 2976 2650 3013 non
2695 2957 2886 3013 novit?
2915 2963 2968 3011 et
3009 2950 3284 3025 quomodo
3315 2948 3420 3001 hoc
3447 2945 3574 3029 abs-

1995 3056 2183 3113 condit
2228 3053 2390 3109 Pater
2441 3070 2473 3109 a
2524 3051 2704 3106 Filio?
2763 3048 3000 3105 Omnino
3053 3045 3202 3100 enim
3263 3040 3403 3095 ratio
3451 3052 3574 3094 esse

1997 3147 2186 3214 debet,
2227 3146 2374 3216 quod
2426 3161 2457 3198 a
2502 3142 2783 3198 Salvatore
2827 3148 3042 3208 tempus
3082 3128 3575 3191 consummationis

1997 3237 2378 3294 absconditum
2427 3236 2518 3300 sit,
2557 3242 2612 3288 et
2645 3233 2856 3303 ignoret
2892 3229 2959 3284 de
2997 3243 3082 3283 eo.
3117 3223 3356 3280 Audebit
3393 3229 3574 3277 autem

1997 3330 2194 3400 aliquis
2239 3327 2422 3384 dicere
2459 3324 2719 3396 quoniam
2766 3321 2933 3375 homo
2977 3319 3072 3389 qui
3123 3315 3422 3372 secundum
3455 3310 3578 3367 Sal-

1996 3431 2241 3477 vatorem
2286 3417 2609 3489 intelligitur
2647 3413 2935 3485 proﬁciens
2978 3408 3268 3478 sapientia,
3310 3416 3363 3462 et
3395 3413 3572 3469 aetate,

1997 3524 2051 3568 et
2079 3511 2251 3582 gratia
2287 3525 2470 3565 coram
2496 3508 2609 3562 Deo
2638 3514 2692 3560 et
2720 3502 3035 3559 hominibus
3063 3500 3130 3565 ³³,
3162 3498 3254 3568 qui
3285 3494 3576 3566 proﬁciens

1997 3601 2316 3672 proﬁciebat
2347 3599 2566 3669 quidem
2599 3611 2763 3664 super
2791 3608 2983 3648 omnes
3013 3591 3240 3646 scientia
3279 3597 3333 3643 et
3360 3587 3577 3652 sapien-

2001 3695 2096 3756 tia,
2130 3706 2238 3746 non
2269 3699 2448 3744 tamen
2481 3695 2542 3741 ut
2566 3686 2776 3740 veniret
2795 3683 2909 3754 jam
2937 3681 3081 3752 quod
3107 3690 3222 3736 erat
3252 3678 3574 3749 perfectum,

2000 3785 2320 3856 priusquam
2353 3778 2632 3850 propriam
2663 3774 3128 3845 dispensationem
3160 3771 3432 3841 impleret.
3484 3767 3577 3823 Ni-

1999 3881 2078 3934 hil
2104 3893 2232 3949 crgo
2265 3878 2464 3932 mirum
2491 3884 2595 3942 est,
2625 3875 2672 3928 si
2700 3873 2802 3927 hoc
2833 3871 3011 3926 solum
3044 3869 3273 3924 nescivit
3301 3883 3368 3922 ex
3401 3868 3578 3922 omni-

2003 3972 2125 4036 bus,
2159 3969 2211 4023 id
2243 3978 2327 4023 est
2353 3968 2498 4023 diem
2540 3961 3034 4020 consummationis
3065 3970 3119 4015 et
3146 3960 3359 4014 horam.
3391 3957 3577 4012 Forsi-

2003 4073 2093 4119 tan
2121 4071 2299 4118 autem
2332 4069 2386 4115 et
2429 4057 2576 4128 quod
2608 4057 2685 4111 ait
2721 4053 2930 4109 nescire
2965 4068 3023 4108 se
3052 4052 3194 4106 diem
3222 4064 3577 4106 consumma-

2002 4155 2169 4210 tionis
2207 4163 2261 4208 et
2297 4151 2513 4214 horam,
2558 4157 2684 4203 ante
2709 4146 3174 4217 dispensationem
3217 4159 3373 4199 suam
3417 4143 3575 4205 dixit,

2001 4247 2133 4317 quia
2168 4259 2333 4300 nemo
2365 4242 2500 4309 scit,
2540 4255 2716 4310 neque
2765 4238 2979 4309 angeli,
3030 4252 3205 4307 neque
3235 4235 3437 4300 Filius,
3471 4234 3576 4288 nisi

2002 4340 2154 4396 solus
2177 4337 2360 4395 Pater.
2394 4335 2523 4390 Post
2557 4330 3018 4403 dispensationem
3067 4339 3246 4385 autem
3295 4327 3574 4397 impletam

2002 4445 2346 4502 nequaquam
2379 4429 2482 4483 hoc
2506 4427 2667 4493 dixit,
2707 4433 2998 4495 postquam
3026 4422 3167 4476 Deus
3215 4419 3367 4475 illum
3392 4437 3577 4490 super-

2003 4522 2280 4586 exaltavit,
2320 4531 2370 4576 et
2397 4520 2614 4574 donavit
2643 4519 2690 4572 ei
2741 4531 2929 4570 nomen
2963 4514 3104 4586 quod
3133 4525 3210 4568 est
3243 4528 3399 4582 super
3427 4528 3578 4566 omne

2004 4631 2192 4670 nomen
2215 4615 2280 4668 ιθ.
2309 4612 2443 4667 Nam
2472 4619 2659 4682 postea
2701 4616 2756 4664 et
2786 4607 2960 4662 Filius
3002 4605 3256 4676 cognovit
3292 4603 3576 4659 scientiam

2001 4724 2032 4762 a
2066 4706 2226 4761 Patre
2270 4705 2596 4773 suscipiens,
2647 4702 2812 4757 etiam
2857 4700 2924 4754 de
2966 4699 3056 4752 die
3089 4693 3578 4752 consummationis

2001 4808 2054 4854 et
2079 4798 2233 4863 hora,
2273 4805 2335 4850 ut
2370 4795 2483 4866 jam
2526 4811 2634 4849 non
2669 4793 2845 4848 solum
2875 4789 3035 4844 Pater
3074 4789 3239 4844 sciret
3266 4789 3334 4843 de
3363 4802 3448 4850 ea,
3481 4784 3576 4841 sed

1999 4892 2164 4947 etiam
2205 4889 2400 4944 Filius.
2454 4887 2520 4942 Et
2570 4887 2626 4941 in
2666 4885 2892 4940 Actibus
2937 4883 3154 4953 quidem
3206 4881 3576 4950 apostolorum

2003 4982 2388 5038 convenientes
2429 4977 2663 5050 apostoli
2707 4977 3182 5045 interrogaverunt
3219 4987 3343 5026 eum
3389 4970 3577 5024 dicen-

2005 5084 2086 5130 tes
2121 5092 2134 5128 :
2175 5073 2429 5138 Domine,
2474 5072 2520 5124 si
2565 5073 2623 5124 in
2660 5069 2756 5126 hoc
2798 5076 3028 5137 tempore
3075 5065 3316 5118 restitues
3363 5077 3578 5132 regnum

2007 5165 2178 5219 Israel
2207 5165 2288 5218 ‘7?
2326 5162 2422 5218 Ille
2451 5171 2633 5217 autem
2660 5159 2798 5215 dixit
2827 5159 2894 5214 ad
2923 5173 3019 5214 eos
3047 5175 3059 5210 :
3091 5155 3216 5210 Non
3243 5164 3320 5210 est
3351 5163 3579 5208 vestrum

2005 5272 2155 5310 nosse.
2186 5263 2424 5324 tempora
2459 5253 2538 5307 uel
2565 5259 2827 5306 momenta
2853 5264 2971 5321 qua:
2998 5249 3162 5303 Pater
3187 5245 3362 5316 posuit
3396 5245 3450 5296 in
3482 5259 3582 5296 sua

2005 5357 2282 5418 potestate.
2344 5346 2410 5401 Et
2462 5344 2717 5415 quoniam
2768 5343 2822 5396 in
2877 5357 2977 5397 sua
3020 5348 3288 5411 potestate
3335 5344 3578 5404 tempora

2004 5452 2057 5496 et
2097 5448 2372 5495 momenta
2397 5435 2888 5492 consummationis
2911 5432 3100 5487 mundi
3134 5440 3187 5487 et
3214 5427 3584 5484 restitutionis

2005 5533 2156 5604 regni
2193 5530 2356 5587 lsracl
2386 5531 2588 5601 posuit,
2627 5529 2751 5584 ideo
2771 5529 2916 5599 quod
2947 5527 3189 5582 nondum
3225 5524 3400 5579 fuerat
3435 5535 3574 5591 prte-

2005 5731 2046 5762 ¹³
2070 5730 2256 5788 Matth.
2288 5749 2440 5796 xxrv,
2466 5732 2552 5787 36.
2622 5733 2688 5764 ¹³⁶
2715 5731 2757 5785 ll
2782 5730 2973 5786 Thess.
3015 5747 3072 5796 ιι,
3105 5729 3154 5792 l,
3180 5729 3235 5793 9.,
3314 5726 3356 5759 “
3388 5721 3573 5776 Matth.

1055 5806 1094 5835 ¹⁶
1119 5803 1347 5873 Philipp.
1375 5819 1432 5868 ιι,
1459 5804 1510 5858 9.
1589 5804 1630 5833 ¹⁷
1653 5805 1770 5856 Act.
1804 5803 1924 5868 1,6,
1950 5801 2002 5855 'l.
