4052 6304
465 354 489 410 1
499 351 601 410 637

1630 350 1954 408 ORIGENIS
1995 347 2062 405 IN
2104 345 2521 405 MATTHAEUM

3012 264 3023 268 “
3042 268 3139 293 “‘45,.

3584 335 3730 394 1688

460 472 746 531 deﬁnitum
790 487 821 527 a
858 471 990 537 Deo,
1023 486 1180 526 nemo
1208 477 1422 541 poterat
1468 472 1628 527 scire.
1678 471 2039 543 Unumquod-
2069 476 2112 531 Α
2144 485 2244 524 nec
2284 468 2339 523 in
2381 477 2578 524 natura
2623 463 2726 521 iuit
2774 459 3002 534 peccati.
3035 459 3164 515 Tale
3194 454 3401 528 aliquid
3449 454 3731 526 signiﬁcas

460 583 570 639 que
611 575 791 622 autem
828 579 1017 619 eorum
1057 578 1179 633 quae
1221 564 1473 633 praetinit,
1514 579 1622 619 non
1656 565 1724 618 ab
1772 561 2038 632 inexperi-

463 662 556 717 bili
607 658 875 729 prtellnit:
916 672 1023 712 non
1075 658 1336 727 possibile
1385 663 1470 712 est
1506 656 1649 710 enim
1706 656 1830 709 hoc.
1884 653 2039 720 Quod

460 763 644 808 autem
678 750 928 822 prmﬁnit,
963 749 1198 820 prmﬁnit
1226 749 1554 819 principium
1590 740 1928 818 praeﬁniendi
1961 746 2041 802 fa-

459 847 629 900 ciens.
666 843 725 898 Si
754 852 936 899 autem
972 843 1044 898 ita
1077 851 1180 908 cst,
1210 841 1494 912 praeﬁnivit
1524 840 1743 911 quidem
1779 854 2039 894 consum-

462 933 753 988 mationem
806 933 983 988 facere
1027 933 1239 995 mundi,
1272 948 1378 987 non
1414 941 1592 987 autem
1632 942 1686 986 et
1717 940 1957 1000 tempora
1988 939 2041 984 et

460 1036 737 1081 momenta
763 1026 1051 1096 praeﬁnivit
1077 1041 1197 1095 quae
1222 1025 1404 1095 posuit
1448 1026 1500 1079 in
1529 1040 1627 1080 sua
1657 1032 1940 1095 potestate,
1980 1032 2038 1076 ut

457 1118 508 1177 si
553 1119 789 1173 voluerit
825 1134 888 1173 ea
933 1133 1152 1188 augere,
1198 1116 1277 1172 sic
1317 1117 1571 1187 judicans
1619 1124 1814 1186 augeat
1853 1131 1952 1177 ea;
1993 1116 2067 1171 si

460 1221 640 1268 autem
678 1212 1017 1274 abbreviare,
1059 1209 1357 1273 abbreviet,
1402 1208 1618 1262 nemine
1655 1217 2034 1278 cognoscente.

460 1302 526 1358 Et
558 1304 680 1357 ideo
711 1302 778 1356 de
812 1300 1154 1371 temporibus
1189 1307 1242 1354 et
1277 1301 1570 1355 momentis
1608 1299 2037 1354 consummatio-

458 1394 547 1450 nis
578 1392 765 1448 mundi
800 1393 854 1447 in
890 1408 989 1447 sua
1016 1393 1201 1463 posuit
1234 1400 1521 1462 potestate,
1551 1402 1612 1447 ut
1641 1403 2038 1461 consequenter

461 1485 701 1540 humano
735 1470 920 1554 generi
956 1484 1012 1536 in
1054 1497 1158 1537 suo
1199 1482 1427 1537 arbitrio
1463 1482 1764 1537 constituto
1798 1481 1925 1535 talia
1952 1481 2037 1534 vel

460 1575 587 1629 talia
621 1577 801 1646 agenti
831 1574 1347 1644 deﬁniatjudicium
1380 1574 1644 1629 debitum.
1683 1573 1851 1628 Multa
1894 1581 1948 1626 et
1982 1572 2036 1626 in

460 1664 740 1734 prophetis
789 1673 873 1719 cst
919 1664 1163 1719 invenire
1227 1665 1293 1719 ad
1348 1664 1638 1719 utilitatem
1702 1664 2036 1717 audientium

462 1755 665 1824 scripta
693 1796 708 1823 ,
759 1757 1042 1826 praeceptis
1086 1766 1140 1812 et
1186 1756 1689 1812 denuntiationibus
1734 1754 1891 1824 quasi
1928 1769 2035 1807 non

2142 561 2307 633 875
2331 569 2386 617 et
2409 562 2554 632 quod
2588 557 2720 615 dicit
2750 575 2763 611 :
2810 552 3063 625 Cognovit
3101 551 3272 607 Adam
3306 548 3473 604 Evam
3499 564 3723 603 uxorem

2141 670 2294 707 suam
2318 653 2385 706 “.
2429 650 2682 717 Quandiu
2732 648 2876 703 enim
2923 646 3014 702 illa
3058 661 3168 700 non
3214 643 3317 697 fuit
3364 641 3416 697 ei
3461 641 3724 703 admiSta,

2141 756 2248 796 non
2297 738 2662 810 cognoscebat
2708 752 2854 792 eam.
2906 734 2972 788 Et
3005 733 3147 788 diem
3192 745 3322 801 ergo
3366 744 3725 785 consumma-

2141 831 2307 886 tionis
2337 829 2656 900 hujusmodi
2687 836 2742 882 et
2773 824 3141 895 corruptionis
3176 822 3361 878 saeculi
3391 834 3552 876 nemo
3585 820 3719 888 scit,

2141 938 2316 993 neque
2349 921 2522 992 angeli
2556 921 2842 984 ctelorum,
2877 932 3054 988 neque
3095 915 3267 969 Filius
3304 913 3421 978 Dei,
3470 911 3538 966 de
3584 927 3722 966 san-

2140 1017 2242 1070 ctis
2271 1014 2383 1070 Deo
2416 1014 2611 1069 melius
2639 1011 2975 1082 providente,
3002 1018 3061 1064 ut
3090 1008 3254 1065 simul
3295 1007 3427 1061 ﬁant
3457 1006 3510 1060 in
3545 1003 3728 1059 beati-

2141 1105 2329 1159 tudine
2353 1118 2475 1174 quaa
2499 1101 2682 1156 futura
2707 1110 2792 1156 est
2821 1108 2945 1169 post
2976 1099 3122 1153 diem
3143 1104 3198 1152 et
3228 1097 3420 1151 horam
3451 1108 3714 1150 consum-

2140 1196 2397 1251 mationis
2448 1194 2616 1248 illius.
2669 1192 2735 1246 Et
2773 1193 2915 1247 sicut
2955 1190 3097 1260 apud
3147 1187 3404 1243 Hebraeos
3451 1185 3714 1255 scriptum

2138 1294 2226 1342 est
2255 1287 2321 1340 de
2351 1287 2430 1341 eis
2460 1284 2552 1354 qui
2588 1282 2959 1338 testimonium
2989 1281 3192 1335 habent
3221 1280 3275 1333 in
3306 1278 3428 1343 ﬁde,
3457 1277 3712 1346 quoniam

2139 1380 2192 1432 lii
2217 1393 2392 1432 omnes
2423 1374 2694 1445 testiﬁcati
2715 1390 2807 1443 per
2849 1373 3007 1443 ﬁdem
3031 1387 3133 1424 non
3158 1378 3460 1439 receperunt
3490 1369 3714 1437 promis-

2137 1471 2337 1524 sionem
2374 1468 2494 1533 Dei,
2526 1466 2635 1520 Deo
2658 1466 2721 1520 de
2751 1465 2900 1519 nobis
2937 1463 3124 1517 melius
3153 1462 3356 1532 aliquid
3386 1459 3711 1535 providente,

2139 1572 2196 1616 ut
2222 1560 2457 1614 necIsine
2490 1557 2639 1612 nobis
2675 1562 3169 1611 consummarentur
3190 1555 3234 1608 ’.’
3266 1569 3280 1606 :
3318 1552 3398 1608 sic
3431 1552 3711 1606 sciendum

2139 1664 2223 1708 est
2248 1659 2303 1707 et
2331 1651 2387 1705 in
2422 1651 2546 1716 hoc,
2581 1648 2709 1718 quia
2741 1645 2852 1701 Deo
2880 1642 3313 1715 melius'aliquid
3348 1640 3715 1712 prospiciente

2140 1745 2207 1799 de
2234 1743 2318 1799 bis
2341 1741 2434 1813 qui
2464 1750 2619 1795 erant
2644 1738 2913 1802 salvandi,
2948 1737 3186 1792 nondum
3213 1735 3358 1790 enim
3394 1742 3716 1801 receperunt

460 1825 827 1916 Dmveniente
886 1825 1185 1919 qvidquam
1244 1848 1311 1903 de
1355 1848 1455 1911 eis,
1492 1847 1584 1901 sed
1614 1846 1871 1913 puniente
1914 1845 2035 1914 qui-
2068 1826 2108 1879 Β
2139 1835 2578 1905 promissionem,
2609 1832 2703 1902 qui
2743 1845 2853 1885 non
2883 1839 3258 1901 cognoverunt
3301 1831 3369 1881 de
3406 1825 3495 1880 die
3524 1825 3617 1879 illa
3656 1832 3711 1879 et

458 1937 582 1992 dem
632 1936 679 1991 si
728 1938 1094 2006 peccaverint,
1151 1937 1396 1993 salvante
1448 1946 1627 1992 autem
1675 1937 1719 1993 si
1770 1946 2035 2006 praecepta

460 2029 816 2084 servaverint.
866 2028 932 2083 Et
974 2029 1116 2084 sicut
1157 2030 1212 2084 in
1244 2029 1354 2084 illis
1398 2044 1505 2083 non
1556 2027 1860 2082 introduxit
1887 2024 2035 2081 Scri-

459 2129 616 2191 ptura
647 2120 815 2175 Deum
848 2121 1259 2191 praetinientcm,
1288 2122 1382 2176 sed
1413 2121 1709 2176 secundum
1746 2122 2033 2176 utilitatem

456 2211 797 2268 audientium
840 2213 1278 2283 proloquentem,
1312 2213 1392 2268 sic
1430 2213 1836 2283 intelligendum
1871 2223 1955 2269 est
1982 2220 2037 2268 et

455 2304 524 2360 de
546 2304 635 2359 die
667 2305 1157 2360 consummationis
1186 2314 1239 2360 et
1268 2305 1421 2359 hora.
1455 2306 1573 2359 Alia
1595 2305 1883 2375 expositio,
1913 2321 2035 2375 quae

457 2391 722 2449 famosior
763 2403 846 2450 est
888 2395 969 2450 eis
1006 2411 1128 2465 quae
1159 2395 1273 2465 jam
1310 2394 1508 2450 tradita
1553 2404 1701 2463 sunt,
1733 2396 1876 2450 aliud
1905 2396 2036 2450 dicit

458 2484 526 2538 de
557 2499 624 2539 eo
660 2484 804 2554 quod
851 2486 1114 2556 scriptum
1157 2493 1259 2551 cst,
1283 2501 1459 2556 .neque
1492 2483 1706 2552 Filius,
1745 2486 1848 2539 nisi
1890 2485 2034 2541 solus

460 2573 645 2629 Pater.
675 2575 834 2642 Dicit,
872 2564 1068 2646 inquit,
1102 2576 1302 2632 alicubi
1337 2577 1380 2609 ¹⁸
1414 2576 1480 2631 de
1505 2575 1785 2631 Salvatore
1805 2578 2035 2647 Aposto-

460 2667 568 2733 lus,
619 2677 673 2723 et
723 2668 789 2724 de
834 2669 997 2725 rebus
1048 2670 1101 2724 in
1150 2668 1258 2724 ﬁne
1311 2669 1493 2724 saeculi
1553 2670 1895 2734 ordinandis,
1931 2672 2036 2726 hoc

461 2761 625 2816 modo
667 2778 681 2815 :
722 2760 856 2816 Cum
925 2773 1100 2816 autem
1153 2761 1392 2830 subjecta
1441 2760 1523 2815 illi
1582 2762 1780 2831 fuerint
1834 2763 2030 2831 omnia,

461 2863 584 2907 tunc
611 2862 662 2908 et
688 2854 796 2923 ipse
826 2852 1005 2908 Filius
1030 2854 1296 2924 subjectus
1334 2855 1435 2909 erit
1474 2854 1522 2907 ei
1544 2856 1637 2924 qui
1664 2853 1767 2907 sibi
1797 2852 2035 2909 subdidit

459 2947 661 3012 omnia,
705 2956 760 2999 ut
804 2947 870 3000 sit
898 2946 1041 3001 Deus
1086 2948 1265 3001 omnia
1309 2948 1364 3000 in
1406 2945 1670 3000 onmibus.
1716 2945 1812 3002 His
1851 2948 2032 3003 verbis

457 3036 677 3091 videtur
723 3037 1011 3093 ostendere
1049 3037 1309 3108 quoniam
1354 3037 1677 3108 priusquam
1738 3039 2035 3109 subjiceret

457 3125 508 3182 ei
549 3126 755 3191 omnia,
797 3142 905 3181 non
948 3137 1065 3183 erat
1107 3127 1386 3197 subjectus
1423 3127 1472 3182 ei
1513 3129 1603 3198 qui
1647 3130 1748 3185 sibi
1792 3132 2034 3186 subdidit

459 3216 667 3270 omnia.
715 3215 872 3282 Quod
915 3232 979 3272 ex
1011 3219 1118 3272 hoc
1155 3220 1584 3288 demonstratur,
1624 3221 1881 3290 quoniam
1930 3222 2036 3277 nisi

459 3307 741 3377 subjectus
790 3307 985 3363 fuisset
1030 3308 1204 3363 Filius
1254 3309 1445 3375 Patri,
1497 3313 1590 3381 qui
1645 3313 1746 3367 sibi
1796 3313 2037 3368 subdidit

458 3399 664 3467 omnia,
696 3387 991 3469 nunquam.
1011 3401 1061 3455 ei
1088 3399 1249 3455 Pater
1279 3403 1462 3456 omnia
1492 3403 1830 3473 subjecisset.
1866 3404 1932 3458 Et
1958 3405 2039 3458 vi-

459 3492 621 3547 detur
659 3507 754 3561 per
796 3492 913 3546 haec
954 3492 1136 3547 dicere
1184 3492 1572 3562 subjectioncm
1620 3493 2035 3566 [subjectionem

460 3582 583 3643 Filii
611 3583 725 3637 ﬁeri
767 3582 1185 3657 subiectionem]
1233 3585 1477 3640 omnium
1525 3585 1619 3656 qui
1663 3596 1820 3642 erant
1860 3588 2035 3660 subji-

458 3671 660 3734 ciendi,
708 3678 762 3725 et
793 3672 1084 3726 adventum
1127 3688 1319 3729 eorum
1372 3690 1467 3745 per
1499 3674 1695 3730 Filium
1747 3677 1812 3733 ad
1840 3678 2034 3745 Deum,

458 3770 515 3818 et
557 3761 969 3832 perfectionem.
1007 3761 1064 3818 Si
1099 3779 1230 3836 ergo
1264 3766 1402 3821 bene
1442 3767 1640 3822 dicitur
1674 3769 1777 3824 hoc
1818 3771 1885 3824 de
1915 3770 2035 3826 Filii

459 3853 793 3922 subjectinne
818 3854 884 3908 ad
906 3852 1125 3909 Patrem
1162 3855 1364 3923 futura,
1395 3867 1456 3913 ut
1487 3868 1617 3915 tunc
1650 3860 1705 3913 hi
1740 3860 1834 3930 qui
1866 3860 2035 3915 futuri

458 3953 588 4001 sunt
624 3945 848 4011 Christi,
894 3955 947 4000 et
978 3948 1327 4005 adhaeserunt
1363 3951 1449 4018 ei,
1498 3966 1622 4007 eum
1666 3952 1785 4021 ipso
1815 3951 2035 4008 Christo

456 4034 605 4091 Patri
637 4038 1038 4108 subiiciantur:
1064 4055 1234 4109 quare
1267 4056 1378 4096 non
1410 4051 1465 4097 et
1490 4043 1557 4098 de
1580 4044 1668 4098 die
1694 4044 1785 4097 illa
1816 4052 1870 4099 et
1900 4045 2034 4099 hora

456 4128 732 4183 neminem
757 4129 916 4191 scire,
944 4146 1120 4200 neque
1140 4130 1360 4198 Filium,
1385 4134 1637 4189 similiter
1663 4137 2036 4205 exponemus?

456 4216 640 4274 Donec
691 4221 834 4275 enim
867 4220 1134 4285 Ecclesia,
1166 4239 1288 4293 qua:
1319 4233 1403 4280 est
1429 4240 1650 4294 corpus,
1683 4227 1857 4281 nescit
1887 4228 2032 4283 diem

456 4308 610 4363 illum
645 4318 700 4364 et
732 4311 943 4377 horam,
977 4314 1167 4368 tandiu
1199 4330 1296 4370 nec
1326 4315 1440 4385 ipse
1462 4315 1636 4371 Filius
1665 4316 1865 4373 dicitur
1893 4318 2035 4373 seire

454 4401 597 4457 diem
623 4403 765 4457 illam
781 4413 832 4457 et
847 4404 1055 4471 horam,
1075 4418 1133 4459 ut
1150 4413 1278 4461 tunc
1295 4406 1797 4477 intelligaturseire,
1815 4410 2034 4480 quando

2063 3178 2105 3234 C

2141 1930 2296 1994 hora,
2334 1941 2508 1995 neque
2533 1924 2707 1995 angeli
2742 1923 3031 1988 ctelorum,
3067 1934 3245 1990 nequc
3269 1917 3462 1973 Filius.
3487 1915 3711 1985 Praepa-

2140 2027 2226 2074 rat
2255 2018 2399 2073 enim
2437 2016 2605 2071 Filius
2636 2016 2919 2071 scientiam
2951 2013 3059 2068 diei
3096 2013 3243 2066 illius
3271 2017 3328 2065 et
3355 2010 3506 2064 horae
3531 2011 3712 2063 cohae-

2140 2112 2361 2167 rcdibus
2391 2108 2770 2179 promissionis
2811 2108 2981 2173 illius,
3022 2120 3086 2161 ex
3119 2119 3231 2175 quo
3258 2103 3486 2173 seipsum
3521 2101 3708 2155 exina-

2143 2205 2270 2259 nivit
2311 2204 2540 2273 formam
2571 2201 2704 2255 servi
2751 2201 3011 2269 accipiens
3051 2198 3118 2264 ⁸³,
3155 2211 3388 2267 operans
3417 2194 3561 2249 viam
3592 2206 3715 2263 qua:

2142 2297 2291 2355 ducit
2321 2295 2388 2350 ad
2430 2294 2828 2350 restitutionem
2867 2291 3113 2346 omnium
3162 2298 3380 2359 propter
3420 2302 3561 2357 quos
3603 2284 3714 2339 for-

2142 2406 2287 2445 mam
2319 2388 2460 2444 servi
2491 2387 2736 2457 accepit;
2771 2395 2830 2441 ut
2858 2398 3050 2440 omnes
3079 2380 3242 2438 simul
3279 2380 3481 2445 sciant,
3513 2378 3568 2433 id
3604 2385 3708 2441 est,

2141 2495 2201 2535 re
2245 2481 2363 2551 ipsa
2413 2478 2765 2549 experiantur
2816 2476 3009 2531 horam
3072 2473 3220 2528 illam
3266 2480 3320 2526 et
3361 2471 3529 2537 diem,
3585 2468 3715 2539 quia

2140 2570 2277 2640 quod
2309 2569 2491 2623 oculus
2528 2584 2631 2622 non
2664 2567 2818 2629 vidit,
2866 2580 2956 2618 nec
3001 2562 3149 2618 auris
3190 2559 3418 2625 audivit,
3464 2570 3515 2613 et
3558 2573 3712 2626 super

2141 2679 2233 2716 cor
2268 2661 2496 2714 hominis
2526 2675 2629 2712 non
2663 2656 2921 2722 ascendit,
2961 2653 3282 2723 praeparavit
3314 2651 3449 2705 Deus
3490 2650 3712 2718 diligen-

2143 2754 2280 2809 tibus
2327 2769 2380 2807 se
2405 2752 2474 2819 ν’,
2530 2751 2588 2805 in
2617 2749 2844 2806 scientia
2891 2747 3135 2818 priorum
3165 2756 3448 2807 exercens,
3496 2748 3551 2795 et
3580 2753 3714 2808 prie-

2141 2861 2338 2918 parans
2361 2857 2577 2899 omnem
2607 2856 2770 2912 quem
2797 2839 2908 2894 vult
2929 2838 3071 2893 scire
3093 2835 3238 2891 diem
3264 2834 3489 2893 illamet
3520 2833 3708 2886 horam

2141 2953 2267 2993 cum
2307 2936 2512 2992 sanctis
2556 2933 2785 3005 angelis,
2821 2939 2876 2987 et
2913 2945 3037 2986 cum
3076 2929 3195 2999 ipso
3244 2926 3475 2982 Domino
3523 2932 3705 2977 nostro

2140 3029 2269 3085 Jesu
2308 3027 2549 3083 Christo.
2591 3024 2658 3079 Et
2691 3021 3129 3091 uniuscujusque
3151 3026 3333 3073 autem
3365 3027 3700 3071 consumma-

2142 3122 2344 3176 tionem
2366 3119 2420 3172 in
2444 3117 2528 3172 his
2556 3114 2881 3186 quibusdam
2919 3111 3159 3166 futuram
3188 3105 3527 3177 supradictis,
3553 3099 3693 3155 etde

2141 3212 2370 3282 singulis
2416 3211 2564 3266 solus
2610 3208 2713 3264 scit
2753 3204 2916 3260 Pater
2953 3220 2968 3256 :
3006 3202 3271 3273 quoniam
3312 3198 3479 3253 Filius
3521 3193 3694 3250 comi-

2140 3313 2284 3367 tans,
2325 3309 2379 3356 et
2425 3299 2735 3370 praecedens
2777 3304 2902 3350 ante
2952 3302 3262 3364 sequentes,
3315 3298 3371 3345 et
3413 3288 3623 3350 volens,
3651 3292 3713 3338 ut

2140 3393 2215 3447 ita
2259 3391 2459 3457 dicam,
2511 3396 2775 3443 venturus
2809 3393 2911 3448 est,
2944 3394 2998 3438 et
3025 3381 3204 3438 tardat
3248 3388 3305 3433 ut
3345 3375 3562 3446 possint
3583 3387 3712 3428 eum

2139 3484 2293 3554 sequi
2329 3484 2423 3552 qui
2455 3489 2666 3536 certant
2702 3479 2855 3549 sequi
2889 3493 3037 3545 eum,
3072 3485 3126 3532 et
3150 3478 3432 3543 sequentes
3461 3480 3592 3521 eum
3624 3464 3716 3518 in-

2137 3575 2428 3632 veniantur
2456 3587 2581 3626 cum
2617 3583 2683 3624 eo
2714 3568 2768 3624 in
2801 3569 2889 3623 die
2917 3567 3007 3622 illa
3038 3576 3092 3623 et
3123 3567 3277 3620 hora.

2208 3669 2298 3725 56.
2336 3669 2486 3725 Sicut
2519 3666 2657 3720 enim
2688 3663 2791 3734 fuit
2821 3664 2877 3715 in
2907 3660 3093 3715 diebus
3137 3657 3273 3720 Noe,
3308 3655 3383 3709 sic
3412 3651 3511 3707 erit
3534 3658 3584 3705 et
3617 3647 3715 3703 ad-

2138 3775 2317 3816 ventus
2350 3759 2483 3823 Filii
2510 3758 2759 3814 hominis.
2810 3754 2962 3810 Sicut
3006 3753 3145 3808 enim
3187 3750 3400 3820 fuerunt
3435 3744 3490 3797 in
3530 3738 3711 3794 diebus

2138 3866 2260 3908 ante
2294 3852 2554 3907 diluvium
2598 3849 2975 3904 manducantes
3014 3854 3064 3901 et
3090 3841 3352 3905 bibentes,
3377 3838 3620 3892 nubentes
3656 3841 3709 3885 et

2138 3955 2363 4014 nuptum
2406 3944 2694 4010 tradentes,
2725 3955 2992 4013 quousque
3028 3936 3249 3991 intravit
3280 3930 3397 3986 Noe
3420 3930 3476 3983 in
3506 3939 3707 3988 arcam,

2136 4050 2186 4094 et
2229 4054 2332 4091 non
2383 4044 2753 4107 cognoverunt,
2797 4035 2966 4086 donec
3012 4029 3150 4084 venit
3195 4025 3452 4079 diluvium
3497 4032 3547 4074 et
3589 4015 3710 4107 tulit

2138 4146 2313 4184 omnes
2340 4145 2356 4182 :
2387 4105 2464 4183 sic
2492 4128 2592 4181 erit
2619 4136 2669 4180 et
2699 4124 2951 4179 adventus
2977 4120 3111 4175 Filii
3138 4116 3363 4171 hominis
3388 4114 3455 4166 ’³.
3488 4109 3582 4164 Eis
3612 4105 3707 4176 qui

2136 4229 2475 4293 cognoscunt
2497 4220 2784 4274 verborum
2808 4213 3157 4287 praesentium
3194 4217 3424 4271 textum,
3454 4203 3569 4258 sive
3592 4198 3707 4269 spi-

2136 4292 2366 4370 ritaliter
2391 4327 2457 4366 ea
2488 4310 2796 4366 volentibus
2839 4306 3159 4377 intelligere,
3195 4300 3311 4357 sive
3361 4292 3702 4365 simpliciter,

2136 4419 2479 4474 consequens
2528 4411 2608 4457 est
2655 4401 2721 4456 de
2768 4392 3245 4454 consummatione
3292 4388 3477 4443 dicere
3521 4380 3709 4438 mundi

454 4491 680 4547 scierint
707 4500 762 4546 et
788 4493 968 4546 omnia
1006 4494 1249 4559 membra
1281 4495 1421 4565 ejus.
1449 4495 1594 4552 Bene
1628 4507 1808 4553 autem
1833 4472 2036 4555 dicitur
2067 4508 2111 4566 ο
2140 4472 2598 4565 ἱειίυεξιιυοηίωη
2615 4490 2932 4556 subitoerit,
2953 4487 3109 4558 quasi
3128 4482 3348 4554 quijam
3366 4472 3711 4566 aegrotaverit

454 4577 595 4632 scire
612 4577 909 4633 secundum
933 4580 1206 4648 propriam
1229 4581 1700 4651 signiﬁcationem,
1717 4586 1859 4642 Sicut
1874 4597 1957 4644 est
1973 4590 2026 4643 in

453 4673 848 4728 consuetudine
864 4672 1292 4745 Scripturarum.
1316 4672 1455 4740 Quid
1471 4686 1554 4731 est
1570 4677 1749 4733 scire?
1771 4681 2027 4748 quoniam

453 4773 747 4833 cognoscet
770 4765 911 4820 diem
938 4766 1088 4821 illum
1120 4775 1173 4821 et
1197 4767 1385 4821 horam
1408 4768 1500 4837 qui
1533 4770 1835 4825 occurrerit
1861 4771 1929 4825 ad
1961 4772 2026 4826 ﬁ-

453 4866 670 4923 nem,ct
696 4857 1153 4913 abbreviationem
1184 4858 1288 4914 diei
1319 4858 1465 4915 illius
1483 4868 1535 4914 et
1563 4861 1728 4916 horae.
1760 4862 2025 4928 Quoniam

452 4954 636 5001 autem
670 4947 794 5002 talis
814 4948 992 5018 aliqua
1012 4933 1442 5019 signiﬁcatio‘est
1458 4952 1597 5007 scire
1622 4962 1676 5007 et
1699 4967 2028 5023 cognoscere

457 5038 509 5092 in
544 5035 866 5107 Scripturis,
892 5040 1241 5096 manifestum
1271 5051 1355 5099 est
1389 5058 1454 5097 ex
1489 5059 1555 5098 eo
1583 5046 1726 5113 quod
1747 5044 1946 5099 dicitur
1968 5046 2026 5101 in

456 5129 784 5186 Ecclesiaste
824 5131 864 5163 ¹⁹
900 5131 1002 5187 hoc
1032 5133 1237 5188 modo:
1276 5133 1382 5205 Qui
1418 5135 1647 5188 custodit
1691 5135 2025 5204 mandatum,

456 5240 560 5279 non
605 5225 734 5277 sciet
781 5229 990 5278 verbum
1038 5227 1277 5293 malum,
1331 5227 1384 5281 id
1427 5234 1512 5283 est
1562 5242 1672 5282 non
1721 5229 2030 5297 experietur

448 5317 675 5371 verbum
724 5316 948 5372 malum.
996 5317 1061 5373 Et
1110 5320 1163 5374 in
1196 5320 1456 5390 Apostolo
1486 5318 1553 5373 de
1591 5319 1713 5389 ipso
1746 5318 2026 5376 Salvatore

450 5421 533 5466 est
563 5412 770 5466 dictum
797 5412 863 5477 ³ο,
895 5428 1011 5465 eum
1038 5413 1128 5484 qui
1156 5413 1375 5468 nescivit
1407 5422 1705 5482 peccatum,
1754 5429 1848 5481 pro
1878 5416 2025 5469 nobis

448 5513 719 5571 peccatum
748 5503 894 5573 fecit.
927 5502 993 5557 Et
1022 5504 1350 5559 nescientem
1380 5511 1660 5573 peccatum
1689 5502 2025 5560 Salvatorem

452 5594 605 5661 dicit,
660 5603 923 5666 tanquam
953 5596 998 5650 si
1037 5596 1244 5652 diceret
1293 5611 1419 5651 eum
1468 5597 1564 5667 qui
1611 5613 1719 5652 non
1763 5600 2027 5668 peccavit,

2135 4589 2288 4659 prius
2306 4563 2662 4656 aegrotatione
2688 4582 2882 4636 idonea
2913 4589 2968 4635 et
2995 4574 3384 4632 manifestante
3403 4563 3713 4659 corruptio-

2135 4656 2259 4736 nem
2284 4693 2439 4734 suam
2478 4676 2739 4731 futuram.
2779 4671 2899 4727 Hoc
2935 4670 3081 4726 enim
3115 4682 3182 4722 ex
3215 4679 3281 4719 eo
3313 4659 3585 4732 praecipue
3626 4656 3715 4710 de-

2136 4779 2472 4828 monstratur
2502 4768 2647 4839 quod
2680 4766 2834 4832 dicit,
2860 4761 3122 4833 quoniam
3164 4754 3361 4813 similis
3387 4751 3493 4806 erit
3517 4747 3708 4804 diebus

2133 4865 2248 4921 Noe
2285 4865 2550 4919 adventus
2621 4858 2741 4914 Filii
2786 4853 3026 4911 hominis
3073 4869 3086 4903 :
3160 4845 3343 4902 subito
3390 4841 3540 4896 enim
3578 4846 3710 4891 tunc

2136 4956 2413 5027 perierunt
2441 4951 2645 5008 omnia
2690 4964 2813 5019 qua:
2862 4945 3079 5000 fuerant
3123 4953 3286 5009 super
3330 4945 3554 4990 terram.
3602 4927 3705 4996 Qui

2137 5055 2318 5102 autem
2365 5043 2479 5098 vult
2518 5042 2700 5097 dicere
2730 5037 2993 5108 quoniam
3024 5031 3287 5104 paulatim
3316 5028 3423 5084 erit
3451 5037 3708 5081 consum-

2138 5139 2308 5194 matio
2355 5133 2566 5197 mundi,
2616 5131 2760 5187 dicet
2804 5127 3058 5184 similiter
3088 5123 3289 5179 factum
3323 5128 3378 5174 et
3426 5117 3482 5171 in
3518 5114 3711 5170 diebus

2137 5229 2271 5286 Noe.
2338 5224 2705 5295 Quadraginta
2767 5220 2917 5276 enim
2979 5216 3193 5282 diebus,
3248 5220 3303 5267 et
3347 5206 3710 5295 quadraginta

2133 5320 2388 5377 noctibus
2456 5294 2640 5387 pluvia
2716 5311 3097 5373 descendente,
3178 5316 3522 5373 consequens
3608 5294 3712 5349 fuit

2133 5413 2342 5485 primos
2374 5409 2602 5480 periisse
2655 5407 2749 5476 qui
2784 5405 2840 5459 in
2895 5398 3333 5473 depressioribus
3384 5405 3542 5450 terrae
3580 5402 3708 5461 par-

2137 5481 2283 5560 tibus
2343 5499 2682 5562 habitabant,
2737 5504 2863 5567 post
2931 5508 3029 5548 eos
3093 5499 3277 5546 autem
3344 5486 3437 5557 qui
3499 5481 3711 5553 modice

2140 5597 2193 5651 in
2258 5592 2578 5659 altioribus,
2636 5597 2690 5644 et
2742 5589 2824 5644 sic
2872 5583 3206 5644 novissimos
3253 5578 3347 5651 qui
3392 5578 3449 5631 in
3506 5573 3709 5630 altissi-

522 5702 869 5783 lilcgr.-¥v,
894 5703 982 5783 gs.
1016 5704 1268 5783 "mlh—Ei.
1343 5706 1390 5738 ³ο
1416 5705 1455 5759 ll
1485 5704 1612 5763 Cor.
1646 5724 1696 5777 v,
1718 5709 1808 5775 21.
1831 5713 1871 5745 ²¹
1907 5711 2034 5769 Gen.

2138 5757 2145 5782 ,
2176 5714 2224 5768 Ι.
2251 5713 2296 5745 ’³
2319 5710 2478 5767 Hebr.
2508 5726 2584 5775 xl,
2616 5707 2705 5777 59,
2732 5705 2820 5761 60.
2890 5704 2935 5737 ’³
2962 5698 3195 5772 Philipp.
3228 5711 3290 5763 ιι,
3318 5692 3370 5761 7,
3446 5693 3493 5725 “
3527 5691 3545 5748 l
3578 5685 3707 5744 Cor.

441 5757 506 5827 Il,
538 5762 590 5820 9.
656 5773 703 5805 ’⁸
756 5757 966 5848 bialthé
991 5757 1266 5842 ικινλ-ῙΞῙ
1288 5785 1341 5832 et
