4052 6304
121 5525 229 5625 κ

342 363 476 426 1689

1471 360 2125 422 COMMENTARIORUM
2166 361 2431 420 SERIES.

3450 361 3589 415 1690

338 484 447 540 mis
511 482 792 538 montibus
844 480 1224 538 morabantur.
1278 481 1389 550 Sic,
1429 482 1631 556 inquit,
1689 486 1743 540 in
1782 499 1913 541 con-
1944 490 1987 546 Α
2020 485 2260 540 matione
2292 484 2476 541 saeculi
2512 483 2772 555 generali,
2804 492 2988 538 utrum
3032 483 3212 539 subito
3240 492 3296 540 et
3323 486 3589 552 generalis

339 574 705 631 summatione
746 573 934 628 mundi
962 588 1087 629 cum
1114 573 1454 630 descenderit
1492 575 1657 647 ignis,
1692 576 1916 646 incipiet

342 666 559 735 quidem
605 666 672 720 de
707 664 1122 720 sublimioribus
1154 664 1310 728 locis,
1348 674 1402 722 et
1431 668 1692 737 paulatim
1727 669 1794 723 ad
1831 668 1916 722 in-

341 754 537 810 feriora
554 755 858 809 descendet.
886 755 1061 810 Lucas
1088 764 1268 811 autem
1293 758 1361 824 “,
1380 758 1720 829 subjungens
1746 759 1915 814 etiam

341 850 749 905 similitulincm
776 848 915 920 ignis
946 847 1332 917 Sodomorum,
1366 853 1459 908 dat
1484 853 1643 908 nobis
1672 852 1918 909 occasio-

341 955 461 994 nem
512 937 849 1011 intelligendi
888 943 1147 1011 quoniam
1180 943 1364 998 subito
1400 944 1805 1000 consummatio
1834 950 1919 1001 est

339 1033 544 1089 futura.
573 1033 725 1088 Dicet
749 1043 930 1090 autem
963 1037 1162 1105 aliquis
1190 1036 1452 1106 quoniam
1489 1052 1581 1106 per
1603 1038 1708 1092 hoc
1734 1037 1916 1092 decla-

339 1135 490 1181 ratur
539 1128 799 1197 quoniam
841 1144 950 1182 non
994 1130 1275 1184 moraliter
1321 1131 1506 1200 pluvia
1544 1130 1634 1185 illa
1676 1129 1780 1185 fuit
1823 1139 1918 1186 aut

339 1217 499 1289 ignis,
544 1220 637 1274 sed
683 1227 902 1289 propter
957 1231 1180 1291 peccata
1231 1222 1515 1277 hominum
1560 1222 1914 1277 abundantia.

342 1308 564 1366 Duobus
610 1327 739 1382 ergo
781 1313 958 1368 modis
1000 1313 1194 1368 mundi
1236 1315 1519 1384 corruptio
1572 1315 1918 1370 existimatur

341 1398 523 1455 futura
557 1419 571 1455 :
611 1418 720 1456 uno
750 1404 971 1473 quidem
1022 1405 1324 1460 secundum
1358 1406 1623 1461 moralem
1651 1406 1792 1476 ignis
1819 1406 1916 1462 de—

341 1492 668 1559 tentionem;
708 1495 882 1550 altero
926 1506 1108 1551 autem
1152 1497 1455 1552 secundum
1483 1497 1752 1568 judicium
1797 1497 1913 1553 Dei.

341 1582 579 1640 Gentiles
627 1596 808 1641 autem
848 1570 1335 1643 inﬂammationem
1382 1589 1528 1645 illam
1579 1591 1665 1646 vel
1693 1606 1916 1646 causam

342 1674 788 1733 mllammationis
814 1677 961 1732 illius
1000 1693 1107 1733 non
1140 1678 1329 1734 dicunt
1355 1678 1525 1736 fuisse
1550 1693 1794 1750 peccata,
1822 1680 1916 1735 sed

341 1768 481 1837 ignis
504 1766 674 1823 fuisse
695 1752 970 1823 virtutem.
997 1766 1175 1823 Divini
1201 1778 1384 1825 autem
1419 1785 1701 1827 sermones
1730 1770 1916 1826 omnia

343 1861 511 1915 teneri
541 1869 596 1916 et
627 1862 918 1932 gubernari
962 1865 1159 1920 docent
1201 1862 1386 1929 aDeo,
1437 1872 1492 1918 et
1537 1878 1647 1917 non
1695 1863 1919 1933 culpant

343 1953 479 2021 ignis
510 1953 856 2022 violentiam,
895 1957 989 2011 sed
1030 1956 1123 2011 Dei
1155 1957 1516 2027 pronuntiant
1555 1956 1916 2022 voluntatem,

345 2045 602 2101 salvantis
632 2048 854 2116 quidem
905 2064 1072 2119 super
1113 2057 1314 2104 terram
1351 2049 1446 2119 qui
1475 2047 1652 2103 salute
1683 2058 1812 2103 sunt
1837 2047 1919 2103 di-

344 2136 429 2207 gni
472 2137 525 2191 in
559 2152 643 2203 ea,
683 2139 962 2209 perdentis
1004 2149 1187 2196 autem
1221 2155 1317 2196 eos
1353 2141 1409 2195 in
1458 2141 1658 2211 quibus
1697 2150 1920 2211 propter

344 2227 732 2283 abundantiam
770 2231 1080 2300 iniquitatis
1108 2232 1350 2287 charitas
1393 2231 1722 2303 refrigescit.
1754 2233 1921 2289 Com-

343 2320 548 2388 paratio
576 2321 723 2375 enim
754 2320 1081 2379 Sodomitici
1121 2325 1264 2395 ignis
1288 2323 1732 2380 manifestissime
1761 2324 1922 2381 docet

344 2412 683 2491 subitaneam
728 2412 843 2469 fore
883 2415 1074 2469 mundi
1105 2411 1544 2484 corruptionem,
1578 2428 1644 2468 ex
1674 2428 1740 2469 eo
1770 2413 1917 2484 quod

341 2504 565 2574 angelus
595 2505 731 2560 dixit
757 2506 825 2561 ad
854 2505 956 2562 Lot
989 2507 1068 2562 ’τε
1104 2505 1241 2561 Ecce
1263 2507 1565 2561 admiratus
1586 2506 1703 2560 sum
1728 2506 1921 2576 faciem

344 2601 487 2647 tuam
524 2589 579 2648 in
602 2597 754 2651 verbo
777 2597 896 2665 hoc,
924 2607 981 2650 ut
1007 2614 1111 2651 non
1131 2598 1403 2652 destruam
1431 2598 1699 2652 civitatem
1723 2597 1788 2652 de
1812 2614 1920 2669 qua

344 2685 552 2740 dixisti.
596 2682 817 2742 Festina
865 2705 988 2759 ergo
1020 2688 1222 2744 salvari
1265 2688 1402 2756 illic,
1445 2706 1538 2744 nec
1565 2690 1703 2743 enim
1739 2699 1919 2759 potero

344 2776 515 2842 facere
557 2779 866 2849 quidquam,
925 2781 1088 2835 donec
1137 2790 1194 2835 tu
1239 2797 1328 2836 eas
1369 2780 1518 2835 illuc.
1571 2779 1733 2848 Vides
1781 2795 1921 2851 quo-

341 2870 489 2924 niam
534 2870 678 2942 ignis
725 2872 816 2928 ille
864 2873 957 2943 qui
1012 2887 1178 2943 super
1226 2871 1523 2927 Sodomam
1576 2871 1916 2940 mittebatur,

343 2962 621 3018 voluntate
665 2960 1051 3021 continebatur
1081 2965 1289 3033 divina,
1337 2964 1513 3019 donec
1557 2963 1659 3019 Lot
1687 2966 1920 3021 intraret

340 3054 396 3109 in
428 3055 619 3126 Segor.
666 3055 758 3112 Sic
802 3067 933 3128 puto
965 3067 1019 3115 et
1051 3059 1105 3114 in
1146 3057 1625 3114 consummatione
1651 3056 1916 3124 {futurum

2019 578 2090 634 sit
2121 578 2324 643 futura,
2350 592 2417 631 an
2448 591 2544 648 per
2572 587 2784 645 partes;
2822 576 2914 629 sed
2957 575 3060 630 hoc
3086 584 3297 630 tantum
3339 576 3592 630 conside-

2019 676 2164 736 rant,
2189 670 2447 739 quoniam
2480 667 2915 737 uniuscujusque
2935 667 3337 722 consummatio
3366 666 3441 732 lit,
3472 667 3591 735 ipso

2018 778 2127 819 non
2164 769 2526 833 cognoscente
2557 774 2731 829 neque
2758 759 2924 823 diem,
2968 774 3144 829 neque
3182 759 3372 813 horam
3410 758 3592 812 exitus

2018 854 2136 922 sui;
2184 861 2238 908 ct
2279 853 2408 922 quia
2461 866 2627 921 super
2672 866 3119 921 unumquemque
3176 857 3423 905 nostrum
3473 848 3592 903 dies

2018 946 2233 1001 Domini
2264 946 2337 999 ita
2369 944 2549 999 veniet
2586 943 2727 997 sicut
2765 941 2871 996 fur.
2902 934 3128 1012 Propter
3157 942 3302 1011 quod
3338 957 3476 1011 Opus
3506 947 3592 999 est

2015 1039 2263 1112 vigilare,
2290 1039 2405 1094 sive
2432 1038 2664 1106 vesperi,
2695 1036 2748 1091 id
2773 1045 2857 1091 est
2896 1036 2948 1090 in
2979 1036 3297 1106 juventutc;
3337 1037 3452 1090 sive
3480 1052 3593 1089 me-

2017 1131 2106 1185 dia
2130 1138 2309 1196 nocte,
2340 1128 2391 1183 id
2416 1135 2498 1183 est
2531 1127 2585 1181 in
2615 1126 2793 1181 medio
2818 1126 2939 1180 vita:
2967 1127 3221 1180 humanas
3251 1125 3588 1189 tenebrosae;

2018 1222 2132 1278 sive
2160 1220 2284 1291 galli
2314 1226 2499 1281 cantu,
2527 1219 2746 1289 quando
2765 1218 2876 1288 jam
2910 1217 3098 1272 senior
3119 1224 3231 1282 est;
3264 1216 3379 1270 sive
3404 1230 3586 1281 mane,

2017 1312 2237 1381 quando
2259 1311 2371 1381 jam
2396 1316 2675 1364 senectute
2710 1316 2963 1378 provecta
2990 1317 3107 1373 est;
3140 1313 3201 1359 ut
3225 1320 3348 1360 cum
3385 1305 3596 1361 venerit

2019 1403 2162 1460 Deus
2204 1402 2436 1458 Verbum
2475 1400 2708 1456 alierens
2741 1386 3268 1454 consummationem
3302 1396 3598 1466 profectio.

2020 1497 2106 1551 nis
2125 1495 2249 1550 vita:
2288 1495 2469 1556 istius,
2497 1490 2991 1562 comprehendatur
3013 1490 3104 1558 qui
3137 1504 3242 1542 non
3268 1487 3415 1542 dedit
3447 1501 3596 1541 som-

2019 1602 2151 1643 num
2193 1586 2370 1640 oculis
2412 1585 2549 1650 suis,
2599 1596 2776 1651 neque
2831 1579 3276 1634 dormitationem
3326 1575 3599 1647 palpebris

2020 1678 2159 1744 suis,
2185 1685 2240 1732 et
2273 1674 2574 1732 custodivit
2610 1672 2931 1727 mandatum
2978 1669 3211 1724 dicentis
3242 1670 3287 1701 ¹⁹
3315 1686 3328 1722 :
3371 1667 3599 1739 Vigilat:

2022 1773 2077 1825 in
2108 1769 2250 1824 omni
2283 1777 2529 1836 tempore.
2565 1763 2769 1819 Tamen
2806 1763 2930 1816 vani
2960 1768 3091 1815 sunt
3120 1774 3333 1824 omnes,
3366 1757 3479 1811 sive
3503 1755 3597 1825 qui

2023 1862 2549 1921 consummationem
2570 1857 2762 1912 mundi
2790 1857 2930 1912 scire
2953 1871 3011 1910 se
3033 1853 3359 1924 prolitentur
3379 1848 3599 1919 quando

2019 1957 2143 2025 erit,
2174 1955 2287 2011 sive
2314 1954 2406 2024 qui
2430 1951 2552 2006 vita:
2577 1949 2813 2020 propriae
2838 1947 2998 2024 ﬁnem
3027 1946 3167 2001 scire
3190 1961 3248 1999 se
3272 1943 3598 2015 gloriantur,

2021 2055 2115 2103 aut
2139 2060 2234 2117 per
2264 2045 2417 2114 signa
2452 2042 2656 2106 avium,
2703 2046 2798 2093 aut
2829 2054 2924 2108 per
2951 2036 3345 2105 ventriloquos,
3385 2041 3479 2088 aut
3505 2048 3601 2102 per

2019 2153 2210 2208 magos
2267 2135 2497 2200 seducti,
2547 2141 2601 2187 et
2652 2141 2906 2201 putantes
2961 2120 3289 2200 cognoscere
3324 2126 3488 2181 diem
3547 2132 3602 2179 et

2021 2232 2214 2286 horam
2269 2227 2447 2282 exitus
2486 2224 2592 2281 sui.
2636 2221 2788 2278 Sicut
2846 2221 2991 2275 enim
3036 2229 3141 2286 est,
3189 2232 3352 2273 nemo
3398 2229 3600 2285 cogno-

2021 2337 2173 2379 scere
2229 2326 2429 2392 potest,
2490 2316 2595 2373 nisi
2649 2314 2788 2370 forte
2841 2314 3108 2384 propheta
3173 2311 3371 2379 aliquis
3439 2306 3604 2362 fuerit

2022 2422 2212 2471 sancto
2239 2410 2443 2482 Spiritu
2471 2408 2836 2470 illuminatus,
2864 2406 3007 2461 sicut
3030 2404 3120 2458 ille
3148 2401 3242 2472 qui
3276 2401 3431 2454 uxori
3459 2399 3602 2468 regis

2020 2504 2366 2580 prophetavit
2393 2501 2593 2557 volenti
2633 2512 2966 2570 cognoscere
2995 2496 3040 2551 si
3070 2501 3316 2563 surgeret
3344 2506 3408 2546 ex
3445 2490 3599 2544 infir-

2021 2596 2213 2652 mitate
2249 2594 2394 2662 filius
2426 2591 2568 2662 ejus,
2614 2598 2669 2645 et
2697 2589 2841 2644 sicut
2870 2586 3017 2641 Elias
3053 2582 3393 2656 prophetavit
3423 2579 3604 2635 Ocho-

2023 2689 2120 2742 ziae
2142 2687 2330 2742 dicens
2368 2698 2491 2754 quae
2519 2698 2549 2736 a
2587 2680 2820 2735 Domino
2854 2678 3067 2733 fuerant
3092 2675 3428 2732 constituta:
3475 2670 3607 2725 [lare

2021 2778 2155 2833 dicit
2198 2777 2455 2832 Dominus
2492 2791 2511 2829 :
2549 2766 2837 2844 Propterea
2888 2769 3026 2841 quod
3069 2785 3171 2822 non
3212 2774 3326 2821 erat
3363 2764 3504 2819 Deus
3550 2762 3606 2816 in
3646 2814 3653 2817 _

2021 2869 2215 2935 Israel,
2255 2878 2313 2923 tu
2353 2867 2502 2924 vadis
2537 2881 2772 2936 qttwrere
2808 2863 2877 2917 ad
2905 2861 3044 2917 Baal
3077 2869 3170 2915 aut
3211 2858 3497 2914 Beelzebub
3527 2856 3606 2910 ui-

2021 2986 2139 3023 rum
2162 2980 2485 3029 muscarum,
2513 2961 2680 3017 Deum
2710 2962 2948 3014 Accaron
2972 2973 2992 3013 :
3012 2956 3130 3011 ideo
3160 2954 3287 3008 dicit
3312 2951 3565 3006 Dominus
3582 2963 3604 3004 :

2021 3062 2099 3116 De
2152 3059 2344 3115 lectulo
2397 3072 2556 3128 super
2600 3071 2752 3126 quem
2804 3051 3093 3108 ascendisti
3147 3064 3249 3102 non
3300 3043 3604 3107 descendes,

340 3147 641 3210 secundum
676 3149 826 3217 quod
867 3149 1107 3206 salvatus
1133 3159 1219 3205 est
1255 3157 1310 3205 et
1346 3148 1468 3215 Lot,
1508 3158 1568 3204 ut
1606 3157 1738 3204 tunc
1774 3149 1916 3219 ignis
1943 3164 1985 3222 ο
2019 3153 2267 3225 quoniam
2317 3159 2482 3204 morte
2531 3148 2774 3201 morieris
2802 3145 2869 3200 ³⁰.
2927 3141 3054 3198 Hcce
3101 3139 3205 3195 etsi
3262 3137 3316 3191 in
3375 3148 3605 3190 excessu

340 3240 434 3296 ille
479 3242 971 3298 consummationis
1002 3232 1249 3299 obtineat
1296 3245 1562 3299 mundum
1616 3242 1918 3299 secundum

341 3332 605 3400 judicium
653 3331 771 3399 Dei,
800 3349 923 3388 cum
965 3334 1160 3390 salvati
1186 3334 1321 3406 justi
1367 3332 1620 3390 fulserint
1658 3333 1802 3389 sicut
1836 3329 1918 3388 sol

342 3422 397 3476 in
430 3436 598 3493 regno
624 3421 802 3478 Patris
833 3423 916 3478 sui
945 3441 958 3478 :
1005 3431 1137 3479 tunc
1181 3424 1402 3495 iniquos
1445 3424 1705 3494 colligent
1740 3422 1808 3477 de
1834 3436 1922 3476 re-

340 3528 446 3583 gno
478 3513 703 3579 Christi,
728 3522 784 3569 et
808 3515 1025 3570 mittent
1054 3530 1151 3570 eos
1176 3516 1231 3569 in
1260 3516 1537 3569 caminum
1574 3513 1736 3583 ignis.
1768 3511 1921 3578 Quo-

341 3603 506 3658 modo
551 3612 698 3658 enim
745 3618 854 3656 non
898 3613 983 3658 est
1031 3604 1382 3658 manifestum
1426 3603 1555 3672 quia
1604 3602 1787 3657 subito
1816 3601 1921 3655 erit

340 3694 620 3763 corruptio
652 3694 863 3759 mundi,
912 3709 979 3747 ex
1004 3708 1071 3747 eo
1105 3694 1250 3763 quod
1290 3693 1456 3760 dicit,
1488 3700 1643 3747 erunt
1688 3691 1923 3744 mandu-

343 3794 520 3838 cantes
547 3794 593 3838 et
617 3782 866 3849 bibentes,
891 3783 1141 3839 nubentes
1167 3792 1217 3837 et
1240 3793 1460 3852 nuptum
1485 3782 1771 3848 tradentes,
1802 3797 1925 3851 quae

340 3875 496 3944 pacis
521 3882 575 3928 et
595 3873 905 3930 securitatis
940 3882 1068 3929 sunt
1096 3873 1504 3944 signa?Fames
1536 3873 1682 3928 enim
1716 3881 1768 3929 et
1798 3888 1922 3943 pes-

343 3965 569 4020 tilentiae
608 3963 836 4020 forsitan
884 3975 1010 4023 ante
1052 3966 1274 4036 aliquod
1313 3975 1530 4037 tempus
1567 3980 1925 4021 consumma-

342 4058 512 4113 tionis
535 4066 732 4124 erunt;
770 4058 916 4114 circa
960 4059 1135 4130 ipsam
1166 4067 1346 4114 autem
1390 4044 1923 4114 consummationem

345 4163 524 4218 neque
564 4146 758 4215 fames,
789 4164 967 4218 neque
1008 4148 1209 4203 bellum
1251 4149 1374 4205 erit.
1418 4147 1708 4214 Quomodo
1741 4156 1923 4203 autem

347 4243 741 4297 manducantes
770 4250 824 4296 et
852 4243 1119 4306 bibentes,
1150 4243 1422 4298 nubentes
1461 4252 1517 4296 et
1554 4247 1783 4310 nuptum
1815 4249 1926 4295 tra-

345 4334 557 4402 dentes,
600 4336 906 4405 plantantes
934 4343 989 4389 et
1029 4334 1379 4402 aediﬁcantes,
1421 4342 1666 4389 ementes
1699 4340 1754 4386 et
1789 4347 1926 4387 ven-

344 4428 533 4485 dentes
564 4438 691 4485 sunt
721 4429 1236 4499 comprehendendi,
1260 4430 1365 4484 nisi
1391 4430 1464 4484 ita
1487 4429 1561 4484 sit
1578 4427 1924 4482 ordinatum?

2021 3243 2286 3309 diximus,
2351 3236 2737 3308 tamenquasi
2786 3233 2945 3290 utilia
2988 3229 3418 3290 introduximus,
3471 3237 3609 3294 quo-

2022 3334 2170 3388 niam
2206 3341 2262 3407 et
2299 3332 2383 3387 de'
2409 3327 2883 3403 consummatione
2924 3321 3387 3401 uniuscujusque,
3429 3316 3483 3371 id
3522 3322 3611 3370 est

2020 3426 2089 3481 de
2128 3426 2217 3481 die
2251 3425 2432 3480 exitus
2467 3423 2552 3479 sui
2583 3436 2745 3476 nemo
2788 3431 3124 3488 cognoscere
3166 3419 3365 3485 potest,
3404 3424 3601 3480 quam-

2023 3517 2108 3571 vis
2153 3515 2312 3570 multi
2356 3513 2717 3582 profiteantur
2762 3510 2895 3564 talia
2952 3508 3119 3572 scire,
3170 3505 3277 3559 nisi
3323 3502 3460 3557 forte
3511 3498 3607 3570 qui

2025 3604 2299 3659 audierint
2331 3617 2398 3656 ex
2444 3600 2749 3672 prepbetis.
2792 3598 2917 3652 Scio
2960 3605 3015 3652 et
3049 3595 3211 3677 aliam
3253 3606 3610 3649 consumma-

2023 3696 2229 3750 tionem
2281 3693 2385 3746 viri
2432 3692 2592 3762 justi,
2638 3689 2733 3760 qui
2783 3688 3086 3759 apostolico
3131 3684 3376 3756 profectu
3425 3684 3610 3738 dicere

2022 3794 2204 3857 potest
2254 3803 2268 3838 :
2314 3783 2450 3838 Mihi
2495 3792 2673 3836 autem
2724 3780 2864 3834 absit
2922 3776 3165 3849 gloriari,
3214 3776 3319 3830 nisi
3364 3776 3417 3828 in
3456 3788 3610 3828 cruce

2024 3878 2244 3933 Domini
2281 3876 2450 3930 nostri
2480 3873 2609 3929 Iesu
2639 3872 2862 3936 Christi,
2900 3886 2991 3940 per
3029 3884 3181 3939 quem
3224 3866 3354 3920 mihi
3382 3865 3606 3919 mundus

2024 3970 2316 4040 cruciﬁxus
2349 3976 2448 4032 est,
2490 3977 2538 4021 et
2576 3983 2669 4037 ego
2713 3962 2910 4018 mundo
2943 3962 3009 4015 ³³.
3053 3959 3157 4016 Cui
3193 3958 3337 4014 enim
3370 3958 3608 4012 mundus

2024 4072 2109 4122 est
2144 4061 2465 4127 cruciﬁxus,
2514 4059 2565 4115 ei
2606 4054 3013 4129 quodammodo
3063 4051 3468 4107 consummatio
3491 4049 3607 4119 jam

2026 4155 2172 4212 facta
2214 4161 2297 4210 est
2337 4151 2551 4217 mundi,
2581 4158 2632 4205 et
2675 4149 2770 4219 qui
2807 4155 3062 4201 mortuus
3107 4151 3191 4198 est
3231 4141 3605 4196 mundialibus

2026 4250 2213 4315 rebus,
2247 4247 2336 4302 cui
2369 4256 2715 4315 transgresso
2744 4241 2861 4296 dies
2890 4255 2998 4315 non
3043 4236 3273 4315 Domini
3293 4236 3459 4300 venit,
3495 4233 3606 4289 Do—

2026 4341 2162 4396 mini
2197 4311 2316 4394 dies
2357 4337 2412 4390 in
2445 4311 2553 4406 qua
2596 4333 2656 4388 ﬁt
2694 4314 3122 4387 adventus'Filii
3165 4311 3404 4383 hominis
3446 4339 3608 4394 super

2027 4430 2266 4486 animam
2292 4425 2433 4497 ejus,
2457 4424 2586 4494 quia
2610 4421 2724 4492 jam
2750 4435 2857 4475 non
2883 4419 3016 4473 vivit
3043 4426 3265 4488 peccato
3292 4424 3348 4471 et
3378 4413 3602 4470 mundo.

346 4519 453 4574 Sed
487 4528 541 4575 et
580 4520 709 4573 illud
732 4496 860 4575 hoc
878 4518 1193 4575 manifestat
1231 4520 1377 4590 quod
1409 4520 1486 4574 ait
1514 4512 1809 4589 Apostolus
1831 4517 1918 4573 ²⁸ε
1958 4496 2003 4552 ί)
2098 4520 2189 4576 5⁵1.
2229 4518 2375 4573 Tunc
2409 4517 2513 4570 duo
2557 4522 2710 4581 erunt
2756 4512 2810 4566 in
2842 4526 2993 4582 agro,
3043 4525 3180 4563 unus
3227 4514 3527 4561 assumetur
3556 4509 3608 4557 et

349 4612 614 4677 Quoniam
643 4613 753 4666 dies
788 4612 1001 4668 Domini
1031 4614 1167 4667 sicut
1203 4614 1311 4684 fur,
1343 4615 1422 4668 ita
1458 4615 1515 4677 in
1545 4624 1695 4668 nocte
1730 4613 1918 4667 veniet.

348 4703 483 4758 Cum
522 4704 754 4757 dixerint
782 4719 891 4773 pax
925 4714 973 4757 et
997 4704 1278 4771 securitas,
1317 4713 1440 4758 tunc
1478 4703 1783 4773 repentinus
1811 4702 1922 4756 illis

348 4797 669 4867 superueniet
711 4799 979 4862 interitus,
1011 4797 1150 4851 sicut
1181 4796 1415 4851 dolorem
1457 4805 1642 4866 partus
1682 4796 1739 4850 in
1772 4803 1923 4849 utero

346 4893 582 4958 habenti,
617 4900 665 4946 et
698 4908 802 4945 non
824 4891 1092 4962 eﬁ'ugient.
1127 4889 1291 4946 Docet
1317 4906 1418 4946 nos
1451 4889 1711 4960 quoniam
1741 4889 1923 4945 subito

342 4991 398 5038 et
438 4984 715 5053 insperato
743 4983 957 5038 eveniet
995 4983 1112 5037 dies
1149 4980 1640 5037 consummationis
1678 4979 1914 5035 homini-

343 5076 467 5140 bus.
500 5092 626 5131 cum
653 5092 837 5132 rerum
860 5085 1036 5132 status
1066 5077 1224 5145 quasi
1250 5076 1315 5130 ad
1346 5075 1543 5130 melius
1569 5074 1723 5129 visus
1757 5071 1922 5127 fuerit

340 5185 464 5226 esse
503 5185 822 5238 conversus,
866 5170 933 5226 de
977 5170 1122 5225 fame
1160 5169 1343 5240 priore
1389 5167 1457 5222 ad
1496 5168 1824 5231 ubertatem,
1855 5165 1922 5220 de

342 5264 651 5330 pestilentia
694 5273 748 5318 et
779 5264 979 5334 praeliis
1014 5263 1080 5318 ad
1121 5277 1308 5332 pacem
1347 5270 1508 5329 atque
1547 5258 1919 5314 securitatem.

347 5352 451 5420 Qui
499 5366 679 5410 autem
729 5357 894 5412 altius
944 5356 1135 5427 876,
1165 5354 1516 5424 Evangelium
1565 5351 1814 5415 audiunt,
1869 5358 1923 5403 et

345 5444 527 5499 omnia
556 5455 724 5517 agunt
753 5455 816 5502 ut
845 5449 1072 5502 omnino
1100 5446 1156 5500 in
1201 5445 1347 5500 nulla
1381 5452 1534 5515 parte
1569 5439 1920 5512 Evangelium

345 5534 413 5591 sit
451 5535 532 5592 eis
574 5538 830 5608 velatum,
879 5555 988 5595 non
1035 5538 1267 5593 multum
1316 5545 1513 5591 curant
1544 5534 1613 5590 de
1657 5546 1919 5588 consum-

441 5747 487 5817 i“
525 5762 767 5817 capxxt.

863 5748 907 5781 "’
925 5746 1063 5804 Gen:
1090 5763 1206 5810 XIX,
1251 5745 1342 5810 21,
1374 5743 1463 5798 22.
1507 5743 1552 5777 ’⁸
1577 5741 1598 5797 Ι
1621 5741 1813 5797 Thess.
1838 5757 1893 5800 v.
1918 5742 1972 5805 2,
1994 5741 2047 5795 5.
2115 5739 2160 5772 ³⁸
2186 5737 2318 5796 Luc.
2353 5755 2464 5808 xxi,
2493 5736 2581 5793 56.

2030 4612 2167 4668 alter
2194 4609 2521 4680 relinquetur
2555 4606 2621 4658 ".
2652 4604 2807 4659 Sicut
2836 4602 2892 4656 in
2928 4616 2996 4656 eo
3023 4600 3169 4671 quod
3204 4598 3337 4653 dicit
3369 4596 3415 4629 ³⁸
3448 4613 3462 4650 :
3497 4591 3604 4647 Aut

2031 4707 2191 4777 facite
2232 4703 2473 4758 arborem
2511 4701 2731 4762 malam,
2772 4706 2821 4750 et
2853 4690 3060 4766 fructus
3101 4693 3215 4763 ejus
3260 4689 3462 4751 malos;
3511 4696 3607 4742 aut

2033 4796 2272 4851 arborem
2312 4793 2523 4856 bonam,
2571 4799 2621 4845 et
2653 4790 2887 4860 fructum
2916 4787 3030 4856 ejus
3067 4788 3281 4848 bonum,
3329 4782 3450 4837 dua:
3480 4786 3608 4834 sunt

2030 4888 2254 4942 arbores
2285 4884 2565 4956 generales
2596 4882 2652 4936 in
2696 4879 2952 4936 cordibus
2980 4877 3287 4938 hominum,
3322 4877 3418 4928 aut
3464 4870 3606 4925 bona

2027 4980 2270 5047 virtutis,
2301 4986 2396 5033 aut
2434 4976 2580 5031 mala
2613 4973 2858 5029 malitiae.
2897 4970 3053 5026 Sicut
3101 4956 3337 5022 mundus
3364 4971 3449 5019 est
3478 4977 3608 5034 ager

2028 5071 2329 5130 secundum
2378 5066 2696 5138 parabolam
2744 5061 3062 5133 quamdam,
3110 5057 3222 5113 duo
3279 5053 3607 5128 generaliter

2027 5172 2155 5219 sunt
2186 5163 2242 5216 in
2271 5176 2359 5227 eo,
2382 5137 2536 5213 funus
2558 5155 2778 5227 quidem
2799 5137 2948 5209 sicut
2973 5149 3087 5204 Noe
3113 5147 3396 5227 operarius
3422 5153 3606 5207 terrae,

2030 5257 2164 5312 alter
2192 5236 2373 5310 autem
2392 5242 2546 5306 sicut
2569 5248 2705 5304 Cain
2746 5259 2978 5315 operans
3012 5237 3210 5298 terram
3244 5239 3315 5293 “.~
3347 5234 3442 5291 His
3479 5232 3606 5287 tali-

2029 5348 2133 5403 bus
2162 5347 2215 5400 in
2248 5359 2379 5416 agro
2403 5338 2717 5410 huiusmodi
2743 5320 3075 5399 constitutis,
3101 5345 3242 5387 unus
3268 5331 3604 5392 assumetur,

2028 5436 2082 5493 id
2115 5443 2199 5491 est
2229 5414 2322 5503 qui
2356 5431 2552 5489 similis
2584 5436 2668 5484 est
2697 5425 2813 5481 Noe
2841 5424 3125 5496 operarius
3160 5432 3318 5476 terrae
3343 5437 3358 5486 ;
3383 5427 3438 5472 et
3468 5414 3608 5469 alter

2027 5526 2387 5596 relinquetur,
2415 5521 2511 5594 qui
2539 5521 2682 5578 sicut
2710 5518 2842 5575 Cain
2870 5525 3071 5572 terram
3101 5526 3334 5585 operans
3359 5518 3466 5565 est.
3497 5504 3605 5563 Ta-

2681 5736 2724 5771 ³⁹
2749 5733 2814 5790 lV
2850 5732 2981 5806 Reg.
3021 5747 3058 5799 t,
3087 5728 3138 5785 6.
3187 5726 3228 5759 "
3252 5724 3472 5793 Gal.vt,
3508 5723 3597 5781 li.

333 5815 393 5896 θ’
431 5810 624 5875 Matth.
651 5834 801 5886 xxiv,
831 5818 920 5874 40.
961 5819 1006 5851 ³⁸
1037 5818 1229 5874 Matth.
1276 5830 1378 5885 xu,
1410 5815 1498 5871 55.
1545 5814 1590 5892 3f
1627 5813 1762 5889 Gen.
1794 5829 1871 5880 ιχ,
1908 5812 1919 5865 ε

2032 5819 2085 5867 ct
2128 5825 2203 5881 tv.
2233 5810 2287 5867 2.
