4052 6304
429 254 559 307 1601

1594 247 1921 308 ORIGENIS
1958 247 2026 302 ΙΝ
2064 245 2482 302 ΜΑΤΤΗᾹΞΠΜ

3558 236 3728 292 i693

429 369 500 423 iis
531 368 676 423 enim
710 379 794 423 ρει
832 367 1011 423 omnis
1049 366 1142 436 qui
1174 365 1287 421 οάίι
1319 364 1542 421 fratrem
1578 380 1763 430 suum,
1793 371 1847 418 ει
1879 377 2002 433 ρνο-
2033 361 2076 419 Α
2109 365 2213 411 tem
2244 357 2412 411 etiam
2441 365 2687 426 tempora
2713 353 2819 409 diei
2853 361 3110 422 tanquam
3137 349 3273 407 furis
3302 351 3577 407 venientis
3600 353 3727 406 de-

430 472 550 532 pter
587 461 772 515 odium
818 459 1004 513 fratris
1051 457 1323 512 homicida
1374 473 1403 512 a
1450 456 1662 512 Joanne
1705 455 2007 526 appellatur

429 553 679 623 apostolo
703 552 767 605 ³⁸.
807 550 898 605 Sic
927 557 1110 606 autem
1141 557 1194 604 et
1225 548 1293 605 de
1339 549 1631 605 animabus
1671 547 2006 602 molenlibus

430 646 485 699 in
534 643 683 714 gravi
737 641 881 696 mola
931 643 1118 696 mundi
1164 642 1249 696 vel
1283 641 1554 712 corporis,
1599 641 1740 695 bona
1785 639 2004 710 quidem

428 736 608 790 anima
643 732 967 799 assumitur,
1021 733 1164 787 mala
1207 741 1390 788 autem
1435 733 1784 802 relinquitur,
1833 731 2009 788 donec

429 827 588 897 digna
637 825 904 881 eﬁiriatur
958 825 1188 880 assumi.
1227 823 1336 878 Aut
1384 825 1458 879 ita
1507 842 1522 878 :
1579 825 1690 879 duo
1737 823 1794 877 in
1853 837 2007 893 agro,

429 933 626 975 sensus
693 917 933 973 hominis
989 917 1155 984 boni,
1209 925 1264 972 et
1314 931 1510 973 sensus
1561 915 1801 972 hominis
1855 916 2004 971 mali.

433 1009 645 1068 Sensus
731 1012 910 1068 bonus
992 1011 1316 1078 assumitur,

429 1103 540 1159 Nec
606 1104 752 1161 enim
821 1120 1118 1176 possumus
1173 1105 1357 1159 dicere
1411 1103 1666 1172 spiritum
1721 1103 1850 1157 mali
1909 1104 2010 1157 ho-

428 1197 594 1253 minis
641 1213 749 1253 non
817 1198 1049 1264 assumi,
1105 1198 1235 1268 quia
1301 1195 1469 1251 didici
1517 1195 1660 1265 apud
1717 1193 2012 1250 Ecclesias-

430 1297 518 1342 ten
548 1287 593 1320 ³⁸
644 1288 712 1344 de
776 1288 928 1343 omni
974 1289 1195 1358 spiritu,
1249 1287 1507 1358 quoniam
1555 1286 1890 1342 convertitur
1941 1283 2010 1338 ad

431 1381 601 1437 Deum
633 1382 726 1453 qui
752 1382 900 1437 dedit
925 1396 1050 1436 eum
1078 1400 1092 1436 :
1125 1381 1268 1436 sicut
1292 1391 1347 1436 et
1375 1383 1442 1436 de
1472 1380 1624 1435 omni
1656 1394 1844 1444 carne,
1873 1391 2010 1446 quo-

432 1471 580 1525 niam
617 1472 908 1527 revertitur
936 1471 1005 1525 ad
1049 1480 1252 1525 terram
1291 1472 1434 1526 unde
1471 1481 1687 1541 sumpta
1731 1478 1816 1525 est
1845 1468 1920 1534 ³⁷;
1957 1477 2011 1523 et

429 1563 574 1620 sicut
619 1567 734 1634 ipse
778 1562 1043 1618 Dominus
1080 1562 1266 1617 docuit
1312 1579 1412 1618 nos
1452 1574 1511 1618 ut
1557 1564 1849 1617 timeamus
1891 1577 2010 1615 eum

429 1659 522 1729 qui
559 1673 745 1725 corpus
776 1665 824 1710 et
855 1659 1088 1710 animam
1113 1665 1284 1725 potest
1306 1656 1520 1726 perdere
1548 1657 1601 1709 in
1624 1655 1915 1726 gehennam
1933 1653 2007 1722 3";

428 1759 486 1806 et
527 1764 594 1803 ex
651 1764 718 1803 eo
764 1748 909 1818 quod
964 1749 1098 1802 nihil
1146 1749 1214 1803 de
1271 1749 1465 1818 spiritu
1516 1748 1673 1813 dixit,
1727 1748 2008 1802 evidenter

431 1838 672 1893 ostendit
710 1837 972 1909 quoniam
1017 1840 1243 1908 spiritus
1283 1854 1406 1893 cum
1443 1853 1675 1909 corpore
1707 1839 1794 1892 vel
1825 1837 2008 1892 anima

432 1930 735 2000 peccatrice
779 1946 885 1986 non
921 1930 1084 1986 simul
1122 1930 1368 2000 punitur.
1406 1929 1510 1995 Qui
1555 1929 1698 1985 enim
1743 1929 2006 1999 peccavit,

430 2021 710 2087 dividitur,
768 2030 826 2078 et
879 2037 1008 2092 pars
1067 2019 1290 2091 quidem
1343 2019 1465 2089 ejus
1519 2035 1644 2073 cum
1695 2018 2008 2076 inﬁdelibus

429 2116 680 2185 ponitur;
712 2115 857 2185 quod
878 2123 1060 2170 autem
1094 2129 1204 2170 non
1242 2113 1382 2184 ejus,
1417 2111 1710 2169 revertitur
1741 2111 1806 2166 ad
1837 2111 2007 2168 Deum

429 2207 524 2277 qui
558 2205 707 2262 dedit
733 2222 881 2262 eum.

498 2297 588 2353 58.
625 2297 740 2350 Duo
779 2298 835 2351 in
878 2297 1011 2352 lecto
1052 2314 1179 2364 uno,
1235 2314 1372 2351 unus
1422 2306 1743 2365 assumetur,
1780 2308 1830 2351 et
1872 2296 2010 2351 alter

427 2390 752 2460 relinquetur
773 2390 838 2444 ³³.
867 2389 1029 2444 Extra
1053 2405 1147 2446 eos
1167 2391 1260 2459 qui
1287 2397 1415 2444 sunt
1434 2389 1544 2443 duo
1577 2390 1630 2443 in
1661 2404 1814 2459 agro,
1854 2396 2007 2444 extra

426 2497 520 2536 eas
544 2497 665 2552 qua:
697 2489 828 2536 sunt
855 2482 977 2537 duae
1009 2481 1077 2536 ad
1110 2481 1333 2547 molam,
1381 2489 1509 2536 sunt
1538 2480 1648 2535 duo
1680 2495 1909 2549 corpora
1952 2479 2008 2533 in

432 2588 541 2628 una
576 2574 824 2638 materia,
867 2590 932 2629 ex
963 2574 1164 2644 quibus
1207 2575 1532 2644 corporibus
1575 2588 1745 2626 unum
1787 2571 2008 2642 quidem

427 2679 628 2735 corpus
675 2673 760 2721 est
791 2665 926 2735 justi
976 2666 1122 2736 quod
1170 2665 1495 2728 assumitur,
1544 2664 1776 2718 alterum
1822 2669 2008 2717 autem

427 2771 627 2827 corpus
655 2757 899 2827 ejusdem
933 2758 1176 2812 materiae
1201 2757 1348 2828 quod
1382 2755 1732 2826 relinquitur.
1768 2752 1836 2808 Et
1880 2769 2006 2810 cor-

429 2865 528 2918 pus
560 2849 780 2919 quidem
815 2848 972 2920 quasi
1011 2848 1288 2904 inﬁrmum
1320 2848 1377 2903 in
1405 2847 1547 2903 lecto
1579 2855 1665 2902 est
1701 2846 2007 2901 carnalium

429 2943 743 3012 passionum
812 2943 1066 3012 quamvis
1130 2950 1488 3009 assumatur;
1563 2941 1748 2996 anima
1822 2947 2005 2993 autem

1388 1010 1568 1066 malus
1653 1009 2005 1080 relinquitur.
2040 1082 2046 1087 θ

2041 1704 2082 1758 Β

2107 449 2225 504 linit
2251 449 2438 505 dicens
2464 447 2511 480 “
2552 466 2566 502 :
2606 445 2833 517 Vigilate
2873 460 3018 515 ergo,
3050 445 3175 511 quia
3215 442 3429 498 nescitis
3475 442 3724 512 quando

2107 540 2347 594 dominus
2393 539 2579 594 domus
2623 537 2812 604 veniet,
2856 551 2996 600 sero,
3040 551 3109 588 an
3171 534 3348 587 media
3401 542 3578 598 nocte,
3627 549 3719 586 au

2108 632 2238 704 galli
2283 640 2466 696 cantu,
2515 646 2797 684 anmane.
2842 627 3243 684 Paterfamilias
3276 635 3461 682 autem
3493 625 3720 681 domus

2107 733 2191 780 est
2221 738 2419 780 sensus
2452 722 2727 788 hominis;
2754 722 2952 777 domus
2986 730 3170 777 autem
3199 720 3321 791 ejus
3343 718 3550 773 anima.
3587 716 3718 771 Fur

2109 833 2237 872 vero
2269 818 2364 887 qui
2398 814 2792 887 patrel‘amilias
2846 815 3157 869 dormiente
3213 813 3398 869 subito
3444 811 3599 866 venit
3651 819 3722 865 et

2109 908 2616 982 perfoditdomum,
2648 917 2780 977 puto
2805 907 2950 976 quod
2981 904 3230 961 diabolus
3253 913 3354 969 est,
3389 913 3482 957 aut
3509 901 3718 957 omnis

2111 1017 2292 1059 sermo
2316 1001 2648 1067 contrarius,
2675 1000 2975 1055 secundum
3001 999 3148 1069 quod
3172 996 3506 1067 evangelista
3537 993 3726 1049 Joan-

2109 1111 2209 1150 nes
2249 1110 2353 1150 nos
2395 1095 2553 1150 docet
2585 1095 2687 1150 hoc
2733 1093 2896 1148 modo
2935 1095 3125 1150 dicens
3157 1091 3204 1124 “
3251 1109 3266 1147 :
3313 1091 3499 1153 Amen,
3541 1104 3718 1168 amen

2110 1184 2230 1239 dico
2274 1185 2437 1251 vobis,
2482 1186 2573 1256 qui
2620 1202 2723 1239 non
2768 1187 2934 1239 intrat
2961 1201 3053 1255 per
3077 1184 3306 1254 januam
3337 1183 3392 1237 in
3425 1169 3711 1234 cohortem

2112 1277 2307 1342 ovium,
2351 1276 2441 1331 sed
2488 1277 2729 1332 ascendit
2776 1277 3015 1343 aliunde,
3051 1276 3145 1332 ille
3185 1286 3264 1330 est
3303 1275 3394 1346 fur
3442 1285 3493 1329 et
3532 1274 3700 1328 latro.

2114 1367 2266 1424 Sicut
2287 1383 2416 1438 ergo
2435 1369 2526 1438 qui
2547 1384 2643 1438 per
2664 1369 2888 1439 januam
2912 1369 3084 1423 intrat
3106 1369 3160 1423 in
3180 1369 3462 1423 cohortem
3486 1367 3707 1434 ovium,

2114 1469 2298 1530 pastor
2335 1469 2419 1516 est
2458 1461 2642 1515 ovium
2685 1461 2776 1516 cui
2825 1461 3092 1517 ostiarius
3128 1461 3332 1531 aperit;
3369 1460 3464 1530 qui
3513 1470 3705 1515 autem

2113 1567 2221 1606 non
2257 1553 2424 1608 intrat
2459 1568 2554 1622 per
2579 1553 2840 1624 januam,
2893 1551 2991 1608 sed
3045 1553 3294 1609 ascendit
3328 1551 3574 1618 aliunde,
3615 1549 3712 1606 fur

2113 1654 2196 1700 est
2223 1653 2275 1699 et
2298 1645 2475 1712 latro;
2507 1648 2590 1702 sic
2619 1646 2876 1701 dominus
2910 1646 3108 1702 domus
3143 1645 3469 1703 ﬁducialiter
3493 1659 3597 1714 per
3621 1645 3711 1714 ja-

2113 1753 2277 1793 nuam
2307 1740 2530 1808 quando
2568 1740 2687 1796 vult
2737 1742 3044 1813 ingreditur
3077 1742 3131 1797 in
3172 1755 3294 1796 eam
3339 1753 3711 1795 remunerans

2112 1833 2447 1902 vigilantem.
2471 1833 2583 1888 Fur
2608 1844 2790 1890 autem
2819 1834 2979 1905 quasi
3007 1833 3096 1889 fur
3129 1848 3237 1888 non
3268 1847 3366 1900 per
3387 1833 3705 1889 naturalem

2111 1925 2398 1980 introitum
2432 1927 2598 1980 intrat
2627 1927 2680 1980 in
2713 1927 2937 1981 domum
2972 1926 3041 1980 ad
3074 1925 3312 1979 animam
3349 1925 3705 1995 negligentis,

2111 2020 2204 2075 sed
2233 2019 2392 2090 quasi
2435 2021 2529 2089 qui
2555 2020 2668 2090 jam
2706 2018 2904 2074 foderit
2931 2033 3092 2084 .eam,
3124 2017 3363 2087 primum
3408 2017 3705 2073 destructis

2111 2111 2358 2182 quaedam
2389 2112 2656 2166 naturalia
2677 2112 2909 2168 aedilicia
2941 2112 3137 2166 animm
3163 2109 3308 2179 ejus,
3337 2117 3395 2164 et
3421 2111 3704 2165 naturales

2111 2203 2419 2259 intellectus
2451 2203 2504 2257 in
2536 2219 2602 2257 eo
2625 2203 2716 2273 qui
2743 2219 2850 2257 non
2877 2201 3140 2272 vigilavit,
3168 2217 3310 2271 quos
3337 2202 3704 2257 aadiﬁcavemt

2114 2296 2255 2352 Deus
2289 2298 2552 2352 Verbum.
2585 2295 2651 2350 Et
2690 2312 2786 2366 per
2822 2297 2997 2366 ipsam
3043 2295 3374 2350 dirutionem
3417 2296 3702 2365 ingressus

2110 2389 2200 2444 fur
2226 2389 2411 2458 diripit
2441 2405 2560 2444 earn
2593 2404 2884 2444 exarmans
2918 2403 3164 2450 sensum,
3203 2387 3430 2457 quando
3454 2397 3510 2442 et
3546 2403 3699 2458 sepe-

2110 2483 2248 2538 liens
2304 2498 2412 2537 non
2465 2481 2779 2552 vigilantem
2841 2480 3296 2552 patremfamilias
3346 2481 3524 2550 spolia
3577 2480 3697 2550 ejus

2110 2574 2419 2630 distribuet.
2476 2574 2700 2644 Alioqui
2753 2583 2934 2630 autem
2989 2574 3196 2628 invenit
3240 2574 3366 2643 quis
3413 2572 3588 2628 furem
3642 2574 3697 2628 in

2111 2666 2228 2736 ipsa
2250 2667 2615 2736 perfossione,
2637 2675 2692 2723 et
2714 2668 3186 2738 comprehendens
3207 2683 3333 2724 eum
3357 2669 3515 2739 quasi
3543 2681 3696 2724 arma

2111 2772 2209 2811 sua
2243 2758 2450 2813 habens
2481 2758 2715 2828 percutit
2749 2759 2947 2824 furem,
2978 2767 3032 2814 et
3065 2774 3449 2830 percussorem
3485 2772 3697 2816 sermo-

2111 2863 2233 2902 nem
2268 2848 2565 2904 immutans
2594 2864 2742 2915 eum,
2790 2849 3049 2904 interﬁcit
3077 2865 3224 2912 eum,
3263 2851 3484 2921 quando
3510 2860 3562 2906 et
3601 2851 3687 2905 iu-

2113 2939 2383 2995 terﬁciens
2417 2941 2688 2996 homicida
2721 2956 2830 2996 non
2881 2942 3253 3010 existimatur,
3299 2944 3499 3013 absque
3533 2941 3680 2996 omni

430 3044 648 3103 prapter
682 3034 856 3088 multa
901 3049 1024 3104 quze
1064 3033 1300 3090 sustinet
1337 3031 1394 3087 in
1425 3032 1530 3087 hoc
1581 3031 1806 3094 mundo,
1852 3029 2009 3083 molit
2037 3042 2079 3100 ο
2113 3030 2373 3086 dilatione
2411 3032 2747 3089 interﬁciens
2774 3049 2924 3089 eum.
2957 3034 3013 3089 Si
3050 3043 3235 3089 autem
3284 3051 3387 3090 non
3426 3035 3564 3104 apud
3597 3048 3678 3100 se,

429 3126 484 3179 in
528 3126 670 3178 mola
709 3125 898 3178 mundi
927 3142 943 3182 :
976 3139 1172 3180 sensus
1197 3135 1379 3179 autem
1415 3123 1470 3178 in
1507 3139 1661 3194 agro,
1704 3122 2008 3177 secundum

429 3232 490 3271 ea
520 3231 641 3284 quae
668 3215 930 3280 diximus,
963 3223 1221 3285 operatur
1242 3231 1366 3284 quae
1389 3227 1666 3284 operatur.

500 3307 590 3362 59.
645 3305 892 3377 l’igilate,
927 3307 1053 3377 quia
1083 3306 1296 3360 nescitis
1336 3323 1440 3377 qua
1471 3306 1600 3359 hora
1635 3304 1893 3360 Dominus
1932 3321 2012 3361 ve-

430 3411 534 3455 ster
553 3399 739 3462 veniet,
767 3405 820 3452 et
845 3397 1052 3469 reliqua
1080 3397 1127 3431 ⁸ο
1155 3413 1298 3454 :non
1329 3399 1519 3453 dantes
1552 3413 1805 3454 somnum
1834 3398 2010 3456 oculis

430 3491 625 3545 animm
664 3497 888 3557 nostrae,
924 3505 1103 3560 neque
1143 3489 1587 3546 dormitationem
1618 3491 1912 3561 palpebris,
1949 3500 2012 3546 ut

429 3591 805 3651 exspectemus
835 3581 920 3636 vel
950 3591 1223 3650 nostrum,
1253 3584 1340 3637 vel
1365 3582 1552 3638 saeculi
1583 3583 1768 3648 ﬁnem,
1805 3585 1920 3640 sive
1952 3594 2012 3641 ut

430 3675 493 3730 de
516 3674 621 3729 hac
660 3673 769 3728 vita
796 3672 1163 3742 egrediamur,
1211 3673 1326 3729 sive
1363 3683 1422 3728 ut
1449 3675 1609 3730 nobis
1656 3691 2010 3730 consumme-

430 3776 516 3820 tur
569 3767 657 3821 hic
693 3766 950 3820 mundus.
992 3765 1209 3832 Quaeret
1250 3774 1434 3821 autem
1481 3767 1680 3836 aliquis
1729 3767 2008 3837 quomodo

431 3873 667 3927 praesens
691 3858 848 3927 juxta
878 3856 1180 3927 discipulos
1219 3855 1486 3914 Dominus
1525 3861 1882 3923 constitutus,
1935 3860 2011 3914 ita

431 3953 672 4019 loquitur
697 3951 856 4021 quasi
902 3966 1012 4006 non
1043 3966 1305 4022 praesens,
1351 3952 1445 4005 sed
1477 3958 1743 4007 venturus
1785 3953 1852 4006 ad
1895 3966 2007 4019 eos,

431 4043 616 4098 dicens
661 4060 674 4098 :
728 4043 954 4113 Vigilate
991 4043 1116 4113 quia
1161 4043 1373 4098 nescitis
1417 4058 1523 4113 qua
1565 4041 1696 4096 hora
1750 4043 2010 4097 Dominus

430 4146 597 4190 vester
635 4135 828 4190 ueniet.
871 4134 939 4190 Et
980 4135 1124 4190 dicet
1157 4135 1378 4205 quidem
1417 4135 1512 4204 qui
1558 4133 1861 4204 simplicior
1902 4141 2008 4196 est,

431 4229 688 4296 quoniam
753 4226 820 4281 de
868 4226 1109 4282 secundo
1161 4227 1398 4280 adventu
1451 4225 1507 4280 in
1566 4241 1680 4296 quo
1745 4235 2012 4283 venturus

432 4317 627 4383 fuerat,
670 4317 818 4373 hunc
857 4317 1073 4372 dicebat
1118 4332 1450 4373 sermonem.
1499 4315 1656 4373 Alius
1693 4327 1875 4373 autem
1924 4319 2010 4373 in-

431 4407 762 4478 telligibilem
811 4416 866 4463 et
903 4407 1148 4462 futurum
1206 4407 1265 4464 in
1324 4423 1550 4464 sensum
1606 4409 2007 4480 discipulorum

435 4495 594 4553 Verbi
649 4499 868 4555 dicebat
915 4500 1241 4564 adventum;
1305 4491 1434 4571 quia
1486 4501 1730 4556 nondum
1785 4512 1904 4561 erat
1950 4503 2009 4558 in

429 4609 592 4649 sensu
646 4608 835 4649 eorum
881 4593 1341 4664 quemadmodum
1387 4603 1504 4650 erat
1548 4594 1812 4652 futurus:
1868 4613 2008 4668 quo-

432 4688 600 4753 niam,
639 4687 781 4743 sicut
831 4703 929 4758 per
969 4684 1116 4742 hunc
1155 4686 1336 4742 locum
1376 4687 1739 4755 demonstrat,
1773 4689 1828 4742 in
1863 4689 2005 4759 vigi-

433 4779 673 4834 lantibus
726 4787 986 4848 operatur
1046 4779 1189 4834 diem
1251 4778 1518 4836 adventus
1577 4781 1664 4836 sui
1741 4780 1798 4835 in
1884 4781 2007 4836 ani-

435 4884 576 4923 mam
620 4884 811 4924 eorum
841 4871 934 4940 qui
976 4871 1353 4926 illuminantur
1404 4886 1436 4926 a
1485 4871 1693 4926 lumine
1732 4887 1866 4927 vero
1912 4887 2007 4926 ve-

435 4960 633 5016 nientis
663 4961 729 5014 ad
754 4962 965 5015 animas
989 4961 1254 5031 ipsorum.
1279 4961 1426 5015 Illud
1450 4973 1625 5016 autem
1643 4963 1846 5028 scitote,
1877 4979 2008 5034 quo-

436 5047 582 5100 niam
611 5047 775 5117 877
809 5047 857 5101 si
883 5049 1036 5102 sciret
1075 5050 1464 5118 paterfamilias
1494 5067 1601 5121 qua
1631 5052 1876 5105 custodia
1919 5053 2008 5122 fur

435 5140 593 5204 venit,
624 5139 869 5210 rigilaret
903 5141 1104 5212 utique,
1127 5151 1177 5196 et
1211 5159 1314 5197 non
1343 5144 1538 5197 sineret
1562 5143 1768 5212 perfodi
1794 5144 2009 5198 domum

436 5247 588 5284 suam
633 5225 723 5287 ⁴².’
758 5232 1044 5299 Quomodo
1098 5251 1206 5289 non
1247 5235 1492 5291 sineret?
1535 5234 1666 5291 Sine
1710 5235 1880 5292 dubio
1915 5253 2012 5308 per

437 5324 773 5395 vigilantiam
815 5342 992 5383 suam.
1036 5326 1166 5383 Ideo
1212 5337 1262 5383 et
1297 5345 1385 5383 vos
1433 5338 1598 5384 estote
1644 5331 1842 5399 parati,
1883 5333 2012 5402 quia

2041 4382 2085 4437 D

435 5432 541 5486 qua
583 5420 822 5474 custodia
862 5437 964 5474 non
1005 5421 1251 5490 speratis,
1288 5419 1465 5475 Filius
1496 5421 1723 5476 hominis
1760 5433 2009 5478 uenturus
2049 5470 2064 5485 .

435 5517 512 5559 est
537 5509 601 5560 δ’.
637 5508 741 5563 Sed
772 5508 1059 5568 Matthqu
1086 5512 1306 5580 quidem
1341 5511 1638 5577 indefinite,
1673 5511 1888 5569 Marcus
1914 5529 2014 5567 au-

539 5620 625 5693 ??l
659 5622 814 5693 Joan:
847 5627 1040 5687 lll,15.
1131 5627 1175 5658 ³⁸
1206 5643 1301 5692 xu,
1333 5627 1382 5681 7.
1459 5629 1500 5659 ³⁷
1523 5628 1653 5684 Gen.
1686 5647 1767 5693 ιιι,
1792 5631 1879 5685 19.

438 5690 477 5719 ’⁸¹
511 5689 637 5745 ibid.
675 5693 762 5746 45.
794 5687 808 5702 ’
865 5695 908 5726 ’δ’
960 5696 1146 5751 Matth.
1204 5687 1349 5763 xxiv,
1406 5700 1493 5753 44.

1993 5629 2038 5661 ³⁸
2061 5627 2252 5682 Matth.
2285 5643 2339 5691 ι,
2371 5626 2462 5680 28.

1597 5701 1641 5731 ’⁵³
1678 5717 1797 5762 xm.
1835 5701 1924 5756 35.
2000 5700 2042 5731 ’“
2069 5716 2118 5766 κ,
2150 5699 2198 5752 l.
2276 5698 2320 5730 “
2349 5696 2683 5782 Exodaxxtt,
2706 5697 2761 5764 ‘2,
2789 5696 2839 5749 5.

2114 3125 2206 3178 sed
2241 3125 2384 3194 apud
2413 3140 2540 3179 eum
2582 3125 2677 3195 qui
2724 3126 2939 3181 occulta
2981 3127 3169 3181 omnia
3214 3126 3499 3182 manifesta
3535 3125 3686 3191 iacit,

2113 3217 2593 3287 comprehenderit
2627 3219 2755 3287 quis
2784 3232 2912 3272 eum
2957 3218 3054 3288 qui
3090 3216 3304 3273 furatus
3343 3219 3525 3273 fuerat
3553 3218 3693 3274 bona

2112 3311 2253 3381 ejus,
2305 3321 2359 3365 et
2410 3309 2738 3365 intellexerit
2781 3324 2930 3376 eum,
2978 3316 3033 3365 et
3073 3309 3404 3378 redarguerit
3445 3324 3596 3374 eum,
3641 3309 3696 3364 id

2113 3412 2216 3470 est,
2250 3401 2584 3458 interfecerit
2611 3417 2761 3469 eum,
2797 3401 3003 3456 nullam
3037 3400 3241 3456 veniam
3274 3399 3439 3454 habet
3469 3408 3696 3455 mortuo

2113 3505 2276 3565 atque
2301 3492 2655 3548 manifestato
2697 3490 2806 3545 furi
2841 3509 2854 3545 :
2887 3500 2941 3547 et
2973 3491 3088 3561 ipse
3119 3490 3260 3545 enim
3307 3490 3597 3544 morietur.
3629 3489 3697 3545 Et

2117 3585 2235 3640 vide
2284 3600 2354 3640 ne
2393 3583 2534 3639 forte
2584 3583 2690 3638 tale
2730 3582 2936 3652 aliquid
2968 3582 3240 3652 signiﬁcet
3281 3581 3367 3635 lex
3410 3579 3584 3652 Moysi
3610 3581 3696 3636 di-

2114 3691 2246 3732 cens
2272 3675 2317 3707 ‘5
2349 3694 2361 3729 :
2395 3673 2454 3729 Si
2483 3684 2661 3728 autem
2689 3674 2743 3728 in
2768 3674 2886 3742 ipsa
2913 3674 3239 3743 perfossioue
3265 3674 3502 3728 inuentus
3533 3672 3693 3742 luerit

2113 3769 2223 3838 fur,
2256 3777 2306 3822 et
2339 3783 2615 3837 percussus
2652 3773 2893 3820 mortuus
2925 3766 3107 3835 fuerit,
3142 3783 3247 3820 non
3286 3777 3361 3820 est
3393 3765 3440 3821 ei
3476 3765 3694 3818 homici-

2115 3863 2282 3916 dium.
2312 3861 2464 3925 Quod
2498 3859 2546 3912 si
2573 3868 2722 3913 ortus
2756 3858 2918 3927 fuerit
2950 3859 3028 3912 sol
3057 3873 3215 3927 super
3249 3874 3389 3924 eum,
3423 3874 3541 3912 reus
3568 3871 3640 3912 est
3671 3873 3690 3910 :

2115 3956 2370 4007 morietur
2395 3968 2490 4022 pro
2521 3966 2601 4006 eo.
2626 3951 2731 4018 Qui
2753 3952 2898 4006 enim
2929 3952 3250 4021 priusquam
3278 3949 3440 4006 faciat
3468 3951 3687 4012 malum,

2115 4047 2393 4117 Cognoscit
2434 4045 2636 4100 malum
2675 4053 2732 4100 et
2762 4042 3061 4115 confringit
3101 4045 3158 4099 in
3205 4045 3407 4114 seipso,
3451 4044 3566 4116 ipse
3607 4055 3689 4099 est

2111 4141 2205 4210 qui
2237 4139 2681 4210 comprehendit,
2712 4149 2767 4194 et
2807 4139 3065 4194 interﬁcit
3102 4141 3157 4194 in
3195 4155 3281 4205 eo,
3326 4140 3456 4195 dum
3509 4141 3686 4211 perfo-

2111 4233 2330 4288 deretur
2364 4234 2433 4288 ab
2476 4247 2564 4290 eo.
2612 4232 2717 4301 Qui
2763 4243 2945 4290 autem
2995 4243 3286 4305 postquam
3342 4233 3531 4289 fecerit
3577 4249 3689 4287 ma-

2114 4325 2249 4389 lum,
2305 4325 2559 4395 quamvis
2612 4325 2954 4397 redarguerit
3011 4340 3136 4382 eum
3189 4334 3342 4381 extra
3386 4339 3447 4380 se
3489 4325 3684 4378 malum

2115 4415 2622 4485 comprehendisse,
2677 4423 2732 4471 et
2789 4426 2945 4472 extra
2992 4417 3214 4472 domum
3261 4430 3417 4470 suam
3475 4413 3686 4468 interfe-

2115 4507 2258 4562 cisse
2302 4507 2542 4574 videtur,
2585 4509 2723 4564 nihil
2765 4510 2816 4566 ei
2865 4509 3112 4581 prodest,
3155 4525 3282 4564 reus
3311 4507 3458 4562 enim
3516 4506 3684 4562 factus

2114 4606 2198 4652 est
2274 4598 2488 4654 mortis.
2562 4597 2699 4655 Nam
2778 4616 2996 4658 omnem
3059 4601 3336 4656 hominem
3401 4608 3683 4669 postquam

2113 4688 2422 4758 peccaverit
2460 4703 2738 4745 reversum
2771 4689 2827 4744 in
2859 4705 2939 4754 se,
2979 4706 3177 4747 sensus
3211 4690 3431 4745 divinus
3473 4689 3568 4758 qui
3609 4697 3686 4742 est

2115 4777 2169 4831 in
2201 4777 2382 4840 nobis,
2411 4777 2691 4834 illuminat
2719 4779 2879 4847 quasi
2909 4780 3026 4846 lux,
3057 4789 3118 4834 ut
3147 4779 3519 4850 intelligamus
3547 4777 3682 4849 quod

2113 4869 2385 4939 gessimus
2418 4869 2623 4924 malum
2655 4871 2723 4925 ad
2768 4871 3141 4941 praejudicium
3175 4880 3448 4934 nostrum,
3483 4885 3590 4924 non
3619 4870 3679 4924 ad

2113 4961 2388 5015 salutem:
2417 4967 2599 5014 tamen
2638 4960 2693 5014 in
2734 4969 2885 5015 textu
2913 4961 3016 5016 hoc
3057 4959 3425 5036 Evangelii-in
3458 4973 3568 5028 quo
3604 4957 3678 5012 lo-

2116 5052 2357 5124 quimur,
2394 5066 2502 5107 non
2548 5051 2603 5104 in
2650 5049 2739 5106 die
2783 5050 2873 5106 fur
2913 5053 3080 5117 venit,
3129 5051 3349 5122 quando
3382 5050 3680 5105 illuminata

2115 5153 2201 5198 est
2229 5159 2260 5197 a
2305 5142 2422 5197 sole
2451 5140 2677 5212 justitiae
2718 5141 2900 5196 anima
2934 5141 3172 5197 hominis
3215 5140 3468 5203 studiosi,
3507 5140 3597 5195 sed
3629 5142 3676 5193 in

2118 5243 2296 5300 nocte,
2325 5242 2378 5288 et
2404 5233 2458 5287 in
2484 5242 2726 5302 tempore
2753 5232 2932 5287 adhuc
2961 5232 3180 5287 malitiae
3211 5230 3594 5301 permanentis.
3625 5228 3675 5283 ln

2117 5343 2226 5399 qua
2253 5341 2380 5382 cum
2424 5325 2590 5381 fuerit
2628 5325 2848 5396 aliquis,
2880 5325 3143 5395 possibile
3175 5334 3279 5388 est,
3313 5323 3415 5378 etsi
3453 5339 3560 5377 non
3590 5323 3676 5376 ha-

2116 5422 2291 5474 buerit
2316 5419 2569 5473 virtutem
2605 5417 2758 5484 solis,
2788 5429 2968 5474 tamen
2993 5429 3052 5473 ut
3081 5418 3379 5472 illustretur
3408 5432 3475 5469 ex
3507 5416 3675 5484 aliquo

2119 5511 2407 5581 splendore
2448 5511 2665 5566 modico
2705 5508 2868 5565 Verbi
2915 5510 3059 5580 quod
3113 5517 3196 5563 est
3240 5508 3464 5561 lucerna
3512 5506 3671 5560 adhuc

2539 5626 2582 5659 ”
2615 5625 2747 5680 Luc.
2780 5640 2911 5689 xvu,
2938 5625 3024 5680 δι
3106 5627 3148 5662 ³ο
3189 5623 3378 5679 Matth.
3409 5638 3556 5686 XXIV,
3593 5621 3670 5676 42.
