4052 6304
350 323 487 382 ὶϐὖὸ

1485 313 2139 377 ϐΟΜΜΕΝΤΔΒΙΟΗΕΜ
2179 313 2442 370 δξκξιιιεε.

3466 312 3602 367 1694

346 440 569 515 quidem
593 454 820 495 manens
846 438 901 492 in
932 437 1111 502 malis,
1132 435 1242 505 jam
1273 444 1450 489 tamen
1486 435 1699 490 habens
1721 449 1920 504 propo-
1952 439 1997 496 Α
2027 448 2179 504 spem
2204 432 2405 487 bonam
2430 427 2650 484 habebit
2671 429 2716 484 si
2743 426 3109 498 permanserit
3132 439 3305 496 usque
3330 425 3399 481 ad
3424 442 3604 492 mane,

350 535 517 588 situm
551 531 861 597 meliorum,
902 539 956 585 et
991 529 1356 600 vigilantiam,
1393 535 1453 583 ut
1484 543 1554 583 ne
1586 526 1925 599 per-fodiatur

353 627 691 698 propositum
722 624 843 694 ejus
870 621 937 677 ad
978 621 1207 677 meliora
1248 621 1571 691 respiciens.
1617 618 1753 675 Nam
1785 620 1929 677 sicut

349 721 581 791 legimus
611 717 755 788 apud
794 715 1096 782 Pastorem,
1129 728 1262 770 vasa
1294 714 1455 784 plena
1511 729 1620 771 non
1651 713 1762 769 cito
1798 713 1927 784 quis

347 820 553 883 gustat,
587 825 688 866 nec
709 809 854 865 enim
884 817 1163 865 mutantur
1191 811 1381 878 facile;
1412 809 1709 880 semiplena
1742 817 1926 864 autem

347 905 476 975 quia
505 902 662 958 facile
689 900 990 957 creduntur
1021 903 1245 969 mutari,
1274 900 1587 973 frequenter
1612 909 1925 972 gustantur.

347 994 415 1049 Et
444 995 567 1049 vide
600 994 646 1050 si
680 1003 835 1064 potes
871 993 938 1049 ad
976 994 1136 1048 talem
1174 995 1391 1051 trahere
1430 995 1761 1051 intellectum
1795 993 1927 1049 illud

344 1085 492 1155 quod
521 1085 650 1140 alibi
680 1085 938 1142 scribitur
962 1084 1008 1117 “
1043 1103 1057 1139 :
1089 1084 1210 1141 Sint
1235 1096 1410 1140 autem
1435 1085 1602 1140 lumbi
1626 1087 1784 1141 vestri
1810 1102 1930 1140 suc-

346 1177 529 1242 cincti,
560 1185 612 1230 et
640 1175 870 1232 lucerna.-
899 1178 1164 1243 ardentes,
1194 1187 1243 1233 et
1276 1194 1364 1233 vos
1394 1177 1595 1233 similes
1627 1179 1929 1233 hominibus

344 1266 768 1326 exspectmitibus
810 1267 1085 1323 dominum
1131 1285 1288 1324 suum
1334 1269 1547 1339 quando
1598 1277 1930 1336 revertatur;

266 1356 269 1359 λ
346 1359 606 1428 quoniam
628 1360 718 1429 qui
740 1360 979 1417 nondum
994 1368 1080 1419 est
1101 1362 1155 1416 in
1172 1362 1380 1417 lumine
1397 1372 1452 1417 et
1470 1363 1522 1417 in
1542 1361 1629 1418 die
1643 1362 1928 1428 virtutum,

346 1451 551 1520 praibet
572 1460 754 1506 autem
787 1467 847 1509 se
869 1452 983 1523 jam
1017 1454 1282 1510 doctrinm
1313 1452 1645 1509 illuminanti
1687 1455 1928 1509 animam

349 1558 528 1611 suam,
557 1544 858 1600 secundum
890 1547 1037 1616 quod
1066 1547 1324 1617 possibile
1349 1555 1453 1613 est,
1485 1547 1542 1602 in
1571 1547 1764 1618 primis
1800 1563 1929 1605 suc-

349 1634 561 1691 cinctus
593 1646 708 1700 est,
739 1646 795 1692 et
842 1647 1094 1694 avertens
1135 1639 1376 1709 seipsum
1412 1639 1481 1695 ab
1511 1638 1781 1694 emisione
1818 1654 1934 1695 ma-

350 1726 480 1781 litia:
512 1727 684 1781 utitur
710 1728 953 1785 nondum
982 1730 1202 1800 quidem
1230 1731 1388 1801 quasi
1416 1729 1523 1786 diei
1551 1730 1759 1785 lumine
1784 1729 1933 1785 claro

2032 527 2298 597 incipiens
2328 540 2360 579 a
2391 524 2568 579 media
2606 530 2766 578 nocte
2792 519 3039 591 vigilare,
3071 518 3126 574 id
3157 530 3241 575 est
3267 533 3300 574 a
3325 520 3604 577 virilitate-

2034 618 2090 674 Si
2117 627 2298 673 autem
2333 614 2609 686 perfectus
2641 614 2694 668 in
2731 620 2975 682 tempore
3001 610 3209 667 aestatis
3238 612 3482 681 corporis
3520 610 3606 668 sui

2030 711 2260 768 audiens
2296 708 2538 763 divinam
2572 705 2907 769 doctrinam,
2937 703 3238 773 susceperit
3272 702 3397 758 inde
3427 703 3608 758 lueero

2030 817 2179 866 nam,
2203 800 2360 872 quasi
2385 798 2575 854 volens
2597 797 2780 852 vivere
2803 794 3106 852 secundum
3136 792 3227 849 Dei
3255 803 3604 863 praeceptum,

2029 904 2085 952 et
2116 895 2219 949 iste
2248 893 2458 948 habens
2492 890 2772 945 lucernam
2822 903 2854 943 a
2888 887 3015 959 galli
3059 896 3245 950 cantu,
3276 895 3330 940 et
3357 887 3607 957 vigilans,

2029 998 2084 1046 et
2111 1001 2437 1058 permanens
2464 998 2639 1055 usque
2665 980 2733 1036 ad
2765 996 2947 1047 mane,
2975 995 3084 1035 non
3113 979 3288 1049 perdit
3319 978 3474 1034 bona
3496 993 3613 1033 ser-

2030 1081 2217 1137 vitutis
2246 1078 2554 1134 mercedem
2589 1076 2641 1129 in
2684 1083 2924 1142 tempore
2964 1070 3204 1126 modico.
3243 1069 3300 1124 Si
3346 1069 3613 1140 possibile

2031 1180 2213 1228 autem
2245 1175 2331 1225 est
2369 1175 2424 1223 et
2452 1166 2636 1222 statim
2668 1164 2814 1218 circa
2861 1164 3036 1233 ipsam
3079 1158 3611 1216 consummationem

2033 1263 2231 1329 noctis,
2279 1261 2330 1316 id
2365 1269 2448 1316 est
2496 1266 2787 1328 postquam
2833 1268 2967 1324 pene
3011 1261 3183 1307 totum
3237 1261 3453 1323 tempus
3490 1254 3614 1309 vitm

2033 1369 2147 1411 sua:
2170 1346 2835 1420 consumpseritvmalitia,
2873 1353 2930 1399 ut
2961 1344 3191 1400 credens
3223 1344 3485 1399 accendat
3509 1345 3615 1400 sibi

2035 1446 2335 1510 lucernam,
2372 1448 2427 1497 et
2455 1439 2638 1510 vigilet
2668 1439 2751 1494 vel
2789 1436 3010 1491 residuo
3045 1444 3312 1504 tempore,
3344 1444 3399 1490 et
3432 1435 3480 1490 si
3518 1450 3613 1490 ve-

2036 1535 2180 1591 nerit
2218 1533 2486 1589 Dominus
2515 1531 2712 1585 domus
2746 1543 2870 1583 cum
2916 1527 3091 1598 gratia
3129 1542 3251 1590 sua,
3286 1526 3615 1598 quibusdam

2034 1629 2256 1702 quidem
2301 1642 2332 1681 a
2364 1638 2590 1696 vespere
2630 1621 3065 1679 commorabitur
3110 1636 3284 1691 usque
3322 1620 3389 1675 ad
3431 1635 3614 1687 mane,

2036 1721 2160 1778 aliis
2193 1727 2375 1776 autem
2410 1734 2440 1772 a
2472 1716 2652 1771 media
2688 1724 2870 1779 nocte,
2907 1712 3225 1769 illuminans
3261 1727 3357 1767 eos
3397 1711 3451 1767 in
3486 1711 3617 1767 reli—

349 1818 589 1884 virtutis,
641 1821 734 1876 sed
781 1822 1005 1877 lucerna
1055 1838 1161 1893 qua
1215 1823 1475 1893 possibile
1508 1830 1596 1878 est
1634 1822 1931 1878 illuminari

2037 1827 2228 1883 quum,
2262 1808 2385 1865 aliis
2424 1821 2554 1862 vero
2596 1820 2627 1860 a
2675 1804 2801 1875 galli
2841 1812 3005 1860 cantu
3045 1804 3232 1858 minus
3282 1816 3618 1858 conversaris

348 1913 516 1968 etiam
546 1915 641 1985 qui
672 1917 727 1971 in
759 1917 963 1972 malitia
988 1925 1092 1974 est.
1126 1916 1225 1973 Hic
1251 1934 1381 1988 ergo
1406 1918 1565 1988 cujus
1594 1918 1820 1974 lucerna
1850 1919 1932 1975 sic

349 2018 580 2063 accensa
607 2017 710 2073 est,
745 2018 1069 2079 exspectans
1114 2019 1198 2065 est
1241 2009 1534 2066 Dominum
1566 2025 1726 2066 suum
1758 2009 1930 2066 Deum

351 2097 613 2164 Verbum,
649 2109 708 2154 ut
750 2110 1030 2156 revertens
1063 2101 1249 2156 veniat
1279 2101 1346 2157 ad
1396 2117 1523 2156 eum
1565 2101 1658 2172 qui
1711 2101 1929 2157 interim

353 2187 544 2244 habuit
576 2190 631 2244 in
663 2191 958 2260 semetipso
987 2192 1292 2260 lucernam,
1322 2201 1376 2249 et
1404 2192 1733 2248 illuminavit
1761 2201 1930 2248 totam

351 2287 587 2333 mentem
617 2279 810 2349 ipsius,
840 2281 1091 2339 videlicet
1120 2283 1279 2353 quasi
1319 2283 1421 2339 sol.
1454 2281 1523 2338 Et
1553 2285 1933 2355 unusquisque

351 2370 652 2426 secundum
686 2386 846 2427 suum
882 2373 1188 2443 profectum
1229 2374 1475 2431 incendit
1514 2376 1800 2432 lucernam
1840 2387 1933 2433 aut

354 2459 561 2528 minus,
593 2472 687 2517 aut
709 2464 946 2534 amplius
971 2481 1001 2520 a
1033 2465 1238 2523 lumine
1264 2466 1528 2535 scientiae,
1551 2477 1606 2523 et
1626 2468 1805 2524 oleum
1834 2485 1933 2540 per

354 2553 764 2611 meditationem
797 2555 1059 2623 infundit,
1083 2568 1137 2615 et
1171 2558 1225 2613 in
1259 2559 1378 2630 ipsa
1405 2560 1637 2631 vigilans
1667 2561 1933 2619 adversus

352 2648 678 2715 peccatricia
708 2664 896 2719 opera,
926 2666 1155 2722 sperans
1188 2668 1283 2723 per
1317 2654 1704 2713 abstinentiam
1739 2657 1935 2729 hujus-

354 2740 524 2808 modi,
553 2749 608 2794 et
635 2743 1040 2799 meditationem
1071 2744 1365 2802 Dominum
1389 2748 1672 2818 suscipere
1700 2751 1754 2804 in
1786 2751 1934 2821 seip-

351 2844 497 2884 sum.
539 2829 606 2885 Et
645 2840 822 2887 tamen
846 2834 939 2904 qui
980 2835 1354 2893 abundantius
1395 2839 1628 2909 proficit,
1667 2849 1722 2895 et
1749 2849 1933 2910 poste-

352 2934 499 2975 riora
533 2923 755 2993 quidem
789 2924 1153 2991 obliviscitur,
1204 2927 1259 2983 id
1299 2938 1403 2997 est,
1440 2930 1728 2998 malitiam,
1757 2932 1934 2988 modi-

348 3025 475 3067 cum
503 3022 684 3070 autem
711 3015 832 3085 ejus
855 3017 1036 3074 adhuc
1068 3019 1231 3075 habet
1258 3020 1310 3074 in
1334 3035 1413 3087 se,
1439 3020 1551 3091 jam
1577 3024 1643 3076 ad
1675 3024 1929 3078 virtutem

350 3103 706 3174 propinquat,
749 3109 1140 3166 convenienter
1180 3112 1380 3167 dicitur
1427 3132 1440 3167 :
1483 3112 1603 3166 Nox
1648 3116 1929 3184 promovit,

2038 1920 2165 1961 cum
2195 1903 2296 1960 eis.
2343 1899 2450 1955 Sed
2485 1912 2663 1967 neque
2710 1911 2870 1951 mane
2902 1893 3263 1951 accendentes
3310 1894 3616 1955 lucernam,

2038 2006 2091 2055 et
2126 1997 2415 2069 vigilantes
2444 2003 2666 2067 propter
2690 1993 3154 2064 exspectationem
3191 1990 3430 2057 Domini,
3462 1988 3618 2045 dere-

2040 2091 2269 2162 linquet,
2302 2089 2396 2146 sed
2422 2088 2587 2143 etiam
2618 2087 2755 2142 istos
2785 2085 3070 2140 inveniens
3094 2082 3322 2137 minime
3343 2080 3619 2136 dormien-

2041 2192 2143 2253 tes,
2188 2199 2365 2254 neque
2411 2181 2686 2238 cubilibus
2733 2188 2787 2235 et
2836 2177 3196 2249 impudicitiis
3248 2175 3615 2240 attendentes,

2039 2277 2331 2335 honorabit
2362 2290 2459 2331 eos
2495 2274 2704 2330 honore
2733 2286 2844 2343 quo
2888 2270 3084 2341 dignos
3114 2282 3238 2324 esse
3277 2268 3614 2339 cognoverit.

2040 2370 2105 2424 Et
2144 2369 2233 2424 iur
2258 2383 2388 2439 ergo
2428 2367 2675 2422 custodia
2706 2364 2964 2435 quadam,
3004 2371 3058 2416 et
3103 2362 3239 2416 hora
3286 2358 3468 2415 noctis
3514 2357 3617 2413 ad-

2041 2467 2246 2527 ventat,
2270 2467 2327 2514 et
2358 2456 2596 2529 perfodit
2625 2456 2847 2512 domum
2879 2453 2998 2524 ejus
3031 2466 3194 2523 quem
3222 2466 3328 2506 non
3353 2448 3622 2505 invenerit

2039 2554 2353 2626 vigilantem
2398 2566 2577 2622 neque
2628 2550 2920 2606 habentem
2978 2546 3258 2601 lucernam
3305 2557 3616 2600 accensam.

2041 2646 2108 2702 Et
2136 2642 2466 2717 quihusdam
2499 2643 2720 2713 quidem
2759 2639 3075 2712 supervenit
3100 2651 3344 2707 vespere,
3371 2633 3493 2689 aliis
3517 2647 3619 2687 au-

2044 2748 2152 2794 tem
2187 2736 2363 2792 media
2399 2742 2580 2798 nocte,
2610 2732 2939 2802 quibusdam
2974 2739 3155 2783 autem
3190 2736 3245 2781 et
3274 2724 3399 2797 galli
3430 2730 3618 2788 cantu,

2040 2843 2170 2889 sunt
2207 2841 2388 2886 autem
2418 2836 2474 2881 et
2502 2825 2702 2896 quibus
2733 2837 2913 2878 mane.
2948 2819 3015 2875 Et
3062 2819 3331 2874 Dominus
3369 2812 3620 2871 custodia

2040 2923 2277 2996 quadam
2316 2931 2371 2976 et
2398 2921 2536 2975 hora
2580 2917 2759 2972 noctis
2785 2914 2956 2976 venit,
2990 2920 3045 2967 et
3082 2910 3311 2967 forsitan
3356 2906 3623 2961 Dominus

2040 2995 2119 3071 illi
2148 3015 2300 3071 venit
2330 3013 2419 3068 cui
2450 3011 2539 3065 fur
2578 3009 2802 3065 veniens
2837 3005 2974 3060 nihil
2997 3003 3178 3059 facere
3202 2999 3399 3073 potuit,
3426 2995 3623 3053 videli-

2040 3114 2128 3164 cet
2173 3124 2280 3161 nou
2313 3104 2614 3176 permissus
2645 3098 2931 3171 perfodere
2978 3095 3204 3150 domum
3246 3090 3522 3162 vigilantis
3565 3095 3621 3145 et

350 3201 462 3251 dies
486 3207 661 3251 autem
685 3202 1125 3272 appropinquavit
1151 3204 1216 3257 ⁸⁷.
1253 3202 1590 3273 Signandum
1617 3175 1703 3270 est
1728 3175 1931 3275 autem,
1963 3175 2005 3232 Ο
2038 3175 2319 3255 lucernam
2352 3208 2643 3252 accensam
2685 3189 2958 3246 habentis.
3007 3187 3090 3243 Ad
3131 3201 3256 3242 eum
3294 3192 3478 3240 autem
3522 3179 3621 3251 qui

352 3288 613 3355 quoniam
640 3290 775 3346 dixit
802 3308 817 3347 :
850 3291 978 3348 Dies
1007 3304 1190 3349 autem
1217 3295 1406 3352 instat.
1435 3295 1608 3353 Instat
1636 3298 1783 3354 enim
1810 3315 1919 3371 per-

359 3375 518 3435 fectis
549 3389 603 3435 et
631 3382 840 3437 nullum
865 3384 1196 3442 habentibus
1227 3386 1282 3440 in
1314 3402 1373 3442 se
1401 3389 1691 3459 vestigium
1717 3391 1930 3458 noctis;

350 3472 761 3543 appropinquat
791 3484 974 3530 autem
1021 3477 1326 3546 proficienti
1375 3479 1444 3532 ad
1479 3481 1697 3547 melius,
1727 3490 1781 3535 et
1811 3497 1936 3551 quae

350 3554 459 3610 di‘ei
485 3568 614 3611 sunt
646 3561 951 3626 meditanti,
978 3571 1035 3616 et
1063 3563 1204 3617 sicut
1235 3564 1289 3617 in
1321 3565 1411 3618 die
1439 3565 1781 3621 honestatem
1808 3584 1936 3636 sps-

353 3644 574 3713 cipienti
597 3663 613 3710 ;
639 3657 694 3702 et
724 3663 891 3717 prope
920 3650 1135 3719 estjam
1159 3651 1265 3705 iste
1283 3652 1379 3721 qui
1406 3653 1531 3708 talis
1553 3662 1639 3711 est
1664 3662 1726 3710 ut
1747 3655 1893 3712 dicat
1918 3674 1932 3711 :

354 3728 479 3786 Non
505 3750 688 3788 sumus
716 3738 907 3801 noctis,
940 3754 1100 3811 neque
1132 3741 1465 3796 tenebrarum
1492 3742 1556 3797 ⁸⁸.

422 3826 513 3880 60.
549 3826 820 3894 Quoniam
854 3840 1036 3889 autem
1075 3834 1243 3889 semel
1274 3834 1526 3893 venimus
1575 3835 1630 3891 in
1664 3836 1813 3894 hunc
1855 3838 1938 3893 lo-

353 3931 503 3985 cum,
533 3918 792 3977 debemus
830 3923 973 3978 etde
1010 3926 1279 3981 custodiis
1310 3926 1543 3985 diversis
1588 3929 1817 3985 reddere
1844 3946 1937 3986 ra—

354 4006 582 4063 tionem.
611 4007 769 4065 Alius
799 4013 1021 4082 quidem
1047 4016 1467 4085 reprehenditur
1489 4019 1723 4090 vigilans
1750 4022 1935 4077 statim

353 4098 409 4154 in
441 4116 670 4171 vespere
702 4102 839 4172 ipso,
871 4111 925 4159 et
956 4106 1244 4163 continuat
1265 4109 1481 4181 vigilias
1513 4126 1687 4182 usque
1724 4112 1793 4167 ad
1823 4127 1939 4168 me-

354 4190 503 4247 diam
535 4205 772 4263 noctem,
803 4195 983 4253 adhuc
1012 4210 1196 4253 autem
1231 4215 1406 4270 usque
1434 4201 1501 4256 ad
1531 4201 1661 4273 galli
1690 4211 1934 4271 cantum,

353 4296 410 4342 et
440 4287 620 4343 adhuc
648 4305 820 4359 usque
848 4290 916 4345 ad
946 4305 1130 4349 mane.
1157 4290 1261 4359 Qui
1290 4293 1436 4349 enim
1467 4309 1595 4351 mox
1621 4304 1681 4350 ut
1710 4297 1938 4365 cmperit

355 4377 582 4446 malitia,
614 4379 665 4433 id
696 4390 800 4448 est,
837 4397 965 4439 mox
999 4392 1059 4438 ut
1085 4386 1312 4454 coeperit
1343 4385 1525 4442 infans
1557 4387 1778 4458 plenum
1809 4403 1938 4459 pro-

354 4469 499 4528 ferre
532 4489 864 4540 sermonem,
901 4491 970 4533 ex
1008 4492 1074 4532 eo
1115 4480 1261 4534 enim
1308 4479 1498 4551 incipit
1537 4496 1662 4538 esse
1701 4481 1932 4548 malitia,
1966 4504 2009 4561 ι)

356 4565 500 4631 quod
533 4575 621 4621 est
654 4566 709 4620 in
745 4577 924 4634 nocte,
960 4570 1006 4624 si
1041 4570 1224 4626 statim
1259 4571 1548 4628 tradiderit
1573 4588 1633 4629 se
1662 4581 1725 4629 ut
1757 4572 1855 4629 ﬁat
1880 4581 1937 4629 et

354 4655 573 4710 auditor
617 4659 752 4728 legis
786 4671 841 4714 et
878 4660 1090 4729 factor;
1120 4662 1166 4718 si
1195 4663 1369 4736 878
1416 4665 1637 4736 quidem
1682 4679 1937 4736 permano

354 4747 492 4802 serit
526 4765 699 4820 usque
727 4752 794 4807 ad
838 4752 1003 4809 linem
1034 4754 1090 4809 in
1133 4755 1253 4826 ipso
1280 4759 1586 4830 proposito,
1616 4758 1859 4830 vigilavit
1901 4775 1934 4815 a

359 4858 617 4914 vespere,
673 4854 728 4900 et
783 4849 1126 4905 continuavit
1174 4866 1351 4922 usque
1415 4852 1485 4908 ad
1542 4853 1779 4909 mediam
1834 4868 1933 4909 no-

351 4949 522 5003 .ctem,
582 4946 638 4993 et
693 4955 804 4995 non
857 4942 1006 4997 dedit
1048 4958 1304 4999 somnum
1360 4944 1538 5001 oculis
1580 4945 1697 5001 suis
1751 4961 1933 5016 neque

357 5044 533 5099 usque
586 5030 654 5084 ad
700 5031 828 5101 galli
877 5042 1121 5101 cantum,
1172 5050 1351 5105 neque
1403 5051 1578 5107 usque
1626 5036 1695 5091 ad
1745 5052 1930 5103 mane,

353 5119 499 5175 inter
554 5119 743 5177 beatos
802 5138 990 5180 servos
1041 5123 1355 5195 hujusmodi
1409 5127 1495 5182 vir
1558 5138 1929 5196 computatur.

352 5209 460 5280 Qui
507 5222 690 5267 autem
740 5212 907 5270 fuerit
960 5216 1209 5272 inventus
1239 5226 1368 5288 post
1412 5228 1626 5291 tempus
1658 5220 1935 5277 sermonis

357 5301 564 5372 impleti
615 5315 825 5374 partem
865 5306 1104 5377 aliquam
1140 5310 1318 5365 noctis
1353 5313 1656 5381 transigere
1697 5312 1752 5367 in
1780 5327 1935 5367 com-

358 5395 747 5465 essationibus,
782 5407 838 5453 et
888 5399 1263 5469 ebrietatibus,
1303 5411 1359 5459 et
1398 5404 1690 5469 cubilibus,
1732 5413 1787 5460 et
1826 5403 1933 5458 im-

362 5486 657 5555 pudicitiis,
693 5490 920 5561 eruperit
961 5502 1145 5548 autem
1201 5504 1390 5564 postea
1441 5496 1690 5569 vigilare,
1724 5507 1777 5552 et
1827 5496 1931 5552 iste

437 5695 480 5726 ⁸³
503 5695 632 5753 Luc.
657 5716 758 5759 xu,
789 5701 878 5764 35,
907 5702 994 5757 56.

437 5700 480 5726 ⁸⁵
503 5700 632 5753 Luc.
657 5716 758 5759 xu,
789 5701 878 5764 35,
907 5702 994 5757 56.
1102 5700 1145 5732 ⁸⁷
1183 5702 1342 5760 riom.
1378 5720 1496 5771 xm,
1529 5702 1613 5759 l2.

371 5767 503 5799 δι...
563 5769 615 5799 ιι
723 5771 767 5799 Μ
812 5770 826 5799 Ι
859 5771 967 5799 ΓΛ..
1009 5787 1062 5799 ην
1118 5773 1139 5799 ι
1192 5771 1225 5799 ο

433 5782 526 5831 λιι,
563 5769 647 5823 il.

723 5771 767 5801 "
812 5770 828 5821 l
859 5771 986 5828 Cor.
1009 5787 1082 5839 tv,
1118 5773 1163 5838 Ι,
1192 5771 1246 5826 2.

1725 5701 1770 5734 ⁴⁸
1802 5701 1817 5755 l
1850 5699 2042 5756 Thess.
2077 5715 2129 5763 v,

2035 3290 2262 3345 domum
2320 3285 2483 3340 habet
2550 3280 2857 3354 perfossam
2918 3292 3032 3336 non
3105 3275 3256 3331 venit
3317 3271 3621 3341 Dominus,

2038 3384 2276 3438 maxime
2320 3381 2367 3436 si
2416 3379 2672 3436 didicerit
2714 3375 2913 3447 aliquis
2959 3371 3107 3444 quod
3150 3368 3357 3424 dictum
3391 3373 3476 3421 est
3513 3364 3558 3397 ⁵⁸
3600 3377 3622 3420 :

2037 3473 2158 3530 Sint
2196 3473 2365 3528 lumbi
2397 3471 2554 3526 vestri
2596 3462 2869 3540 praacincti
2912 3472 2963 3520 et
3003 3463 3231 3517 lucerna:
3273 3457 3539 3519 ardentes,
3569 3458 3623 3509 el

2037 3583 2125 3619 vos
2150 3563 2351 3618 similes
2376 3562 2673 3615 horninibus
2702 3555 3126 3627 exspectantibus
3148 3551 3420 3605 dominum
3441 3562 3622 3612 suum,

2037 3665 2092 3707 et
2121 3660 2480 3707 contemnens
2505 3665 2566 3703 ea
2612 3662 2733 3716 quae
2763 3647 2908 3700 dicta
2947 3653 3075 3698 sunt
3118 3639 3329 3694 dederit
3362 3652 3618 3693 somnum

2038 3742 2215 3798 oculis
2239 3741 2355 3797 suis
2377 3748 2432 3796 et
2454 3737 2728 3810 palpebris
2759 3735 2874 3791 suis
2898 3730 3371 3788 dormitationem.
3401 3728 3482 3781 Ad
3513 3742 3625 3780 ma-

2038 3833 2408 3891 nifestandum
2448 3840 2631 3886 autem
2682 3840 2909 3883 sensum
2959 3823 3066 3879 loci
3109 3820 3271 3876 istius
3314 3818 3410 3889 qui
3462 3817 3622 3874 nobis

2039 3928 2291 3992 incurrit,
2318 3924 2413 3980 tali
2440 3931 2660 3978 utamur
2686 3917 2954 3987 exemplo.
2988 3913 3048 3970 ln
3091 3922 3335 3981 tempore
3366 3910 3623 3964 tentatio—

2038 4037 2193 4084 num,
2222 4019 2311 4073 vel
2352 4016 2819 4088 qualiumcunque
2855 4008 3229 4065 calamitatum
3263 4002 3500 4059 maxime
3530 3999 3622 4055 iur

2038 4112 2176 4168 solet
2199 4085 2408 4173 venire,
2429 4104 2620 4161 volens
2664 4098 2952 4172 perfodere
2997 4095 3196 4152 animae
3231 4092 3491 4157 domum;
3522 4085 3619 4143 sed

2038 4202 2289 4259 veniente
2328 4197 2470 4263 fure,
2514 4194 2609 4266 qui
2652 4189 2955 4248 accidentia
3001 4185 3258 4249 sustinet,
3303 4191 3358 4237 et
3402 4188 3622 4251 prepter

2039 4295 2135 4351 Dei
2181 4290 2530 4348 dilectionem
2574 4282 2760 4340 omnia
2803 4280 3016 4346 suffert,
3049 4274 3186 4331 nihil
3224 4286 3420 4344 passus
3444 4269 3514 4325 ab
3551 4282 3621 4324 eo

2038 4382 2331 4442 confestim
2371 4379 2440 4436 ad
2476 4393 2535 4434 se
2578 4376 2885 4432 venientem
2924 4368 3128 4426 videbit
3171 4364 3486 4420 Dominum.
3511 4359 3621 4427 Qui

2038 4485 2223 4533 autem
2260 4489 2293 4528 a
2322 4471 2443 4527 fure
2478 4470 2535 4525 in
2563 4476 2811 4536 tempore
2838 4457 3171 4518 calamitatis
3197 4471 3308 4512 suae
3337 4451 3618 4526 perfossus

2037 4568 2203 4625 fuerit
2235 4566 2485 4628 domum,
2528 4557 2690 4631 quasi
2735 4554 2994 4625 indignus
3029 4550 3264 4606 adventu
3306 4547 3375 4602 ad
3420 4561 3480 4602 se
3519 4543 3621 4598 do—

2037 4662 2174 4719 mini
2201 4659 2312 4725 sui,
2348 4671 2460 4712 non
2494 4654 2600 4711 erit
2621 4652 2819 4721 dignus
2844 4647 3088 4717 aspicere
3114 4656 3254 4697 eum.

2104 4755 2197 4812 61.
2239 4751 2373 4818 Quis
2421 4747 2562 4805 enim
2603 4743 2777 4817 ﬁdelis
2831 4755 3009 4817 servus
3058 4746 3106 4791 et
3150 4748 3408 4805 prudens,
3464 4742 3618 4818 quem

2038 4817 2315 4902 constituit
2341 4839 2587 4895 dominus
2618 4834 2732 4905 ejus
2767 4846 2924 4902 super
2959 4828 3173 4881 domum
3207 4836 3381 4886 suam,
3425 4827 3483 4871 ut
3530 4817 3618 4871 det

2039 4939 2182 4994 cibos
2210 4938 2266 4991 in
2300 4945 2528 5002 tempore
2558 4928 2644 4982 ὀἳ
2681 4924 2838 4992 Quod
2865 4922 2931 4977 ad
2963 4916 3242 4989 aposrolos
3279 4919 3618 4976 canorosque

2036 5029 2324 5101 episcopos
2359 5032 2415 5080 et
2453 5023 2706 5077 doctores
2749 5012 3011 5086 parabola
3047 5010 3151 5064 ista
3184 5004 3456 5076 pertineat
3493 5014 3615 5101 ma:

2039 5086 2299 5178 nifestum
2336 5123 2442 5180 est,
2475 5111 2713 5168 maxime
2748 5123 2817 5163 ex
2863 5119 2929 5160 eo
2963 5100 3110 5173 quod
3151 5097 3292 5169 apud
3335 5095 3537 5149 Lucam
3569 5086 3617 5122 “

2041 5215 2237 5270 Petrus
2267 5213 2563 5279 interrogat
2603 5205 2790 5260 dicens
2834 5220 2847 5256 :
2878 5198 2960 5253 Ad
2992 5212 3086 5252 nos
3115 5191 3425 5266 parabolam
3455 5186 3617 5279 istam

2041 5308 2195 5373 dicis,
2226 5322 2295 5359 an
2324 5303 2391 5358 ad
2423 5276 2597 5356 omnes
2620 5299 2644 5351 Ρ
2671 5296 2777 5351 Sed
2805 5305 2987 5350 tamen
3018 5306 3141 5347 cum
3174 5286 3284 5343 sint
3317 5279 3473 5336 multi
3503 5276 3617 5333 dis-

2040 5407 2390 5472 pensatores,
2416 5393 2637 5451 difficile
2679 5399 2761 5445 est
2802 5385 3047 5442 invenire
3090 5393 3144 5437 et
3171 5377 3463 5472 ﬁdelem-et
3485 5385 3617 5443 pru-

2040 5462 2278 5549 dentem.
2320 5462 2551 5556 Propter
2598 5480 2743 5553 quod
2791 5478 2868 5534 ait
2912 5472 3206 5546 Apostolus
3228 5469 3274 5500 ⁸⁸
3331 5462 3471 5522 :lta
3518 5475 3614 5514 nos

2332 5695 2377 5727 δ’
2404 5693 2537 5748 Luc.
2577 5707 2673 5754 xu,
2716 5689 2806 5755 55,
2833 5687 2921 5742 36.
3026 5685 3070 5715 ⁵⁰
3104 5680 3295 5735 Matth.
3336 5689 3487 5739 xxxv,
