4052 6304
533 322 668 377 1693

1691 313 2014 370 ORIGENIS
2054 312 2120 369 IN
2156 313 2574 374 MATTIUEUM

3710 319 3851 374 1696

526 440 789 494 existimet
823 439 976 493 homo
999 445 1054 490 ut
1093 433 1359 488 ministros
1393 429 1612 499 Christi,
1641 440 1689 485 et
1713 432 2099 502 dispensatores
2130 437 2174 495 Α
2207 434 2383 488 salvat
2408 433 2552 504 quod
2573 433 2854 488 constituti
2888 440 3019 489 sunt
3041 449 3070 488 a
3097 432 3330 488 Domino
3346 448 3533 504 super
3558 431 3849 491 familiam

527 531 899 601 mysteriorum
939 527 1057 580 Dei.
1109 525 1211 578 llic
1233 524 1350 592 jam
1377 523 1638 593 quwritur
1666 524 1803 577 inter
1829 523 2102 592 dispensa-

529 636 691 687 tores,
733 632 789 675 ut
832 619 1005 690 ﬁdelis
1044 619 1160 688 quis
1203 618 1521 671 inveniatur.
1575 614 1771 671 Peccat
1817 626 1998 670 autem
2049 615 2103 669 in

529 713 699 771 Deum
725 714 1038 783 quicunque
1059 710 1348 780 episc0pus
1381 708 1473 780 qui
1501 723 1609 764 non
1633 706 1792 778 quasi
1822 707 2105 762 conservis

528 821 718 864 Servus
766 798 1064 866 ministrat,
1106 802 1199 857 sed
1248 800 1407 871 quasi
1452 799 1728 854 dominus.
1770 797 2108 868 Frequenter

527 909 709 956 autem
732 907 786 952 et
817 897 973 967 quasi
1001 892 1222 951 amarus
1249 894 1507 949 dominus
1533 890 1824 948 dominans
1850 907 1946 962 per
1971 892 2104 957 vim,

528 990 1097 1047 similis'constitutus
1130 986 1405 1058 lEgyptiis
1448 985 1542 1056 qui
1588 983 1906 1055 aiﬂigebant
1942 984 2107 1037 vitam

527 1083 768 1139 ﬁliorum
801 1080 968 1136 Israel
1004 1096 1128 1136 cum
1170 1081 1244 1134 vi.
1274 1078 1414 1158 Ergo
1462 1080 1732 1132 memores
1759 1091 1880 1131 esse
1913 1076 2111 1131 debent

529 1178 820 1232 verborum
852 1174 1055 1229 Christi
1090 1172 1319 1228 dicentis
1341 1171 1388 1203 ⁸⁸
1420 1189 1433 1225 :
1468 1170 1568 1223 Vos
1592 1170 1789 1224 vocatis
1823 1185 1902 1222 me
1942 1168 2111 1238 magi—

532 1280 724 1335 strum,
757 1275 806 1320 et
846 1265 1148 1331 Dominum,
1178 1273 1227 1318 et
1258 1264 1381 1323 bene
1414 1263 1591 1316 dicitis
1616 1277 1636 1317 :
1665 1276 1781 1314 sunt
1802 1261 2013 1319 etenim.
2050 1257 2110 1313 Si

530 1373 650 1429 ergo
675 1354 767 1428 ego
797 1357 903 1411 lavi
932 1356 1084 1426 pedes
1124 1363 1339 1418 vestros,
1370 1363 1418 1407 et
1448 1368 1536 1406 vos
1565 1350 1760 1406 debetis
1792 1351 2111 1406 alterutrum

529 1450 710 1505 lavare
735 1449 908 1519 pedes.
941 1446 1255 1516 Exemplum
1276 1450 1415 1500 enim
1440 1445 1562 1499 dedi
1588 1444 1750 1509 vobis,
1778 1452 1834 1497 ut
1856 1444 1994 1498 sicut
2020 1458 2111 1511 ego

532 1542 654 1613 feci,
690 1543 769 1595 sic
817 1540 1051 1610 faciatis.
1103 1538 1172 1592 Et
1218 1536 1351 1591 illud
1394 1536 1441 1567 ⁵⁸
1495 1555 1507 1590 :
1560 1534 1834 1604 Principes
1881 1519 2111 1603 gentium

531 1633 1139 1692 dominanturearum,
1194 1637 1243 1683 et
1295 1628 1521 1698 majores
1569 1643 1750 1681 eorum
1802 1635 2114 1696 potestatem

532 1720 772 1779 exercent
803 1725 855 1777 in
885 1724 982 1776 eis.
1012 1721 1162 1775 Inter
1186 1737 1272 1775 vos
1302 1730 1477 1774 autem
1502 1735 1606 1773 non
1637 1720 1714 1774 sic
1743 1721 1877 1784 erit;
1914 1720 2004 1773 sed
2025 1720 2113 1790 qui

533 1818 643 1873 vult
679 1819 819 1872 inter
866 1832 955 1870 vos
994 1831 1105 1869 esse
1145 1814 1371 1882 primus,
1411 1813 1511 1866 erit
1552 1812 1868 1866 novissimus
1914 1827 1932 1864 :
1976 1812 2112 1865 sicut

536 1892 716 1962 Filius
752 1908 980 1961 hominis
1007 1923 1110 1960 non
1152 1904 1286 1959 venit
1320 1904 1642 1970 ministrari,
1668 1903 1758 1957 sed
1787 1893 2111 1970 ministrare,

534 2010 585 2054 et
642 2001 772 2054 dare
824 2000 1059 2053 animam
1112 2014 1265 2052 suam
1313 1997 1721 2067 redemptionem
1767 2013 1862 2066 pro
1906 1995 2112 2050 multis.

536 2093 742 2148 Audire
766 2101 949 2147 autem
980 2099 1192 2161 oportet
1219 2098 1273 2143 et
1302 2088 1532 2143 Paulum
1567 2088 1840 2143 dicentem
1864 2088 1910 2121 ⁵⁵
1936 2106 1950 2143 :
1980 2086 2114 2143 Cum

539 2185 796 2256 possimus
820 2183 965 2237 oneri
994 2198 1105 2236 esse
1144 2193 1199 2234 ut
1229 2180 1431 2236 Christi
1468 2181 1715 2252 apostoli,
1760 2180 1891 2250 facti
1931 2196 2114 2234 sumus

531 2274 740 2342 parvuli
781 2276 835 2329 in
876 2275 1047 2328 medio
1079 2283 1327 2342 vestrum,
1360 2273 1801 2344 quemadmbdum
1845 2273 1892 2326 si
1932 2273 2117 2326 nutrix

533 2371 707 2438 foveat
741 2375 895 2420 natos
926 2381 1069 2420 suos.
1108 2363 1200 2420 Sic
1236 2364 1592 2418 desiderantes
1631 2366 1871 2433 cupimus
1897 2363 2117 2433 partici-

531 2458 653 2529 pari
683 2456 947 2512 vobiscum
977 2473 1081 2510 non
1111 2456 1280 2511 solum
1306 2455 1673 2526 Evangelium,
1700 2455 1790 2509 sed
1810 2456 1971 2509 etiant
1999 2455 2118 2508 atti-

531 2565 649 2604 πως
686 2560 918 2602 nostras.
961 2547 1027 2601 Et
1069 2562 1176 2602 non
1220 2555 1436 2618 oportet
1474 2557 1759 2618 percutere
1797 2560 2114 2612 conservos,

531 2640 629 2698 sed
665 2640 925 2707 corripere
956 2639 1235 2709 inquietos,
1263 2637 1529 2692 consolari
1565 2637 1956 2707 pusillanimes,
1998 2654 2118 2693 sus-

531 2733 990 2802 tinereinﬁrmos,
1030 2740 1080 2785 et
1122 2731 1377 2800 patientes
1408 2746 1518 2784 esse
1561 2729 1632 2783 ad
1670 2746 1847 2784 omnes
1871 2731 1938 2798 ³⁵⁸,
1983 2746 2120 2801 quo-

533 2822 680 2879 niam
705 2840 913 2877 servunr
934 2822 1029 2877 Dei
1056 2838 1157 2876 non
1182 2830 1382 2892 oportet
1411 2821 1643 2892 litigare,
1670 2820 1761 2875 sed
1786 2831 2119 2875 mansuetum

537 2930 647 2969 esse
685 2915 755 2968 ad
785 2930 985 2979 omnes,
1029 2930 1148 2967 cum
1182 2913 1437 2966 modestia
1475 2912 1743 2967 docentem
1783 2928 1870 2967 eos
1909 2912 2000 2982 qui
2036 2928 2120 2966 re-

538 3006 732 3062 sistunt
765 3005 831 3060 ⁸⁷.
859 3004 1029 3071 Quasi
1058 3004 1318 3059 recedens
1357 3012 1537 3057 autem
1563 3002 1681 3073 ipse
1706 3020 1737 3058 a
1759 3004 1903 3058 mala
1925 3002 2118 3059 induc-

2206 526 2347 597 ejus,
2384 528 2478 582 sed
2511 527 2640 581 illud
2667 535 2723 581 ut
2757 528 2887 582 dent
2927 528 2980 581 in
3012 535 3258 598 tempore
3290 527 3471 595 cibos,
3509 536 3577 583 et
3616 538 3692 583 ut
3721 530 3851 584 abs-

2209 617 2419 673 tineant
2463 633 2521 673 se
2573 634 2601 673 a
2637 619 3108 689 percussionibus,
3143 628 3195 674 et
3224 634 3254 674 a
3281 620 3847 687 comessationibus,

2208 720 2263 766 et
2290 710 2662 781 potationibus
2705 726 2830 765 cum
2855 711 3110 767 ebriOsis.
3140 709 3198 765 Si
3230 720 3410 765 autem
3449 726 3587 765 non
3627 727 3695 767 se
3726 714 3849 769 abs-

2209 805 2470 860 tinuerint
2535 806 2605 859 ab
2662 805 3013 875 hujusmodi,
3081 811 3134 858 et
3205 818 3477 874 magnum
3544 804 3848 874 sapuerint

2208 904 2494 965 propterea
2527 895 2678 965 quod
2707 894 2994 948 constituit
3025 909 3121 949 eos
3148 882 3411 949 Dominus
3445 883 3645 962 su’per
3686 891 3844 946 fami-

2208 988 2338 1042 liam
2368 1003 2546 1051 suam,
2578 988 2756 1044 sciant
2784 987 3044 1057 quoniam
3071 988 3254 1042 veniet
3287 986 3588 1042 Dominus
3644 999 3841 1040 eorum

2212 1080 2266 1134 in
2318 1079 2407 1134 die
2455 1093 2559 1149 qua
2609 1094 2717 1133 non
2760 1084 2973 1149 putant,
3000 1088 3053 1134 et
3079 1082 3213 1133 hora
3244 1093 3352 1149 qua
3387 1077 3759 1143 nesciunt“,
3791 1086 3841 1133 et

2210 1170 2414 1226 dividet
2447 1185 2565 1233 eos.
2591 1179 2645 1225 et
2675 1182 2882 1241 partem
2915 1178 3106 1225 eorum
3147 1185 3270 1225 cum
3305 1168 3638 1239 hypocritis
3668 1176 3726 1223 et
3758 1168 3839 1221 in-

2212 1261 2465 1317 ﬁdelibus
2499 1270 2704 1331 ponet;
2737 1269 2791 1316 et
2824 1276 2947 1316 cum
2981 1251 3186 1315 fuerint
3216 1260 3361 1314 inter
3392 1259 3744 1331 hypocritas
3785 1267 3836 1313 et

2214 1352 2460 1408 inﬁdeles
2498 1353 2685 1423 positi,
2715 1352 2852 1407 nihil
2883 1352 2964 1408 eis
2998 1351 3243 1423 proderit
3271 1340 3425 1421 quod
3460 1352 3773 1407 constituti
3801 1367 3828 1405 a

2214 1444 2449 1499 Domino
2480 1453 2610 1501 sunt
2634 1441 3088 1516 Super-familiam
3112 1445 3252 1514 ejus.
3285 1443 3357 1499 Ut
3385 1454 3594 1499 autem
3648 1445 3830 1499 timea-

2215 1552 2339 1592 mus
2374 1537 2504 1590 illud
2534 1536 2682 1607 quod
2715 1537 2813 1605 ait,
2845 1536 3043 1590 dividet
3072 1551 3211 1600 eum,
3240 1535 3515 1591 convenit
3549 1535 3828 1591 recordari

2214 1644 2278 1684 ea
2305 1644 2429 1700 qua:
2461 1644 2491 1684 a
2513 1629 2738 1684 Daniele
2771 1638 2901 1684 sunt
2931 1629 3074 1684 dicta
3101 1636 3294 1684 contra
3321 1629 3700 1700 presbyteros
3721 1643 3826 1683 ma-

2218 1721 2323 1789 los,
2356 1720 2877 1792 quoniam-angelus
2917 1720 3130 1775 Domini
3159 1721 3353 1775 habent
3390 1721 3660 1792 gladium
3694 1721 3826 1775 scin-

2217 1813 2302 1867 det
2326 1821 2374 1867 te
2414 1813 2648 1867 medium
2668 1814 2737 1868 ‘3.
2771 1811 3040 1869 Scindens
3074 1822 3253 1868 autem
3274 1813 3507 1868 dividet.
3554 1814 3694 1869 Ausi
3736 1829 3822 1870 su-

2217 1921 2340 1961 mus
2372 1905 2451 1960 uti
2479 1906 2533 1960 in
2559 1905 2663 1960 hoc
2683 1906 2806 1961 loco
2834 1902 3073 1960 Danielis
3099 1906 3372 1975 exemplo,
3407 1920 3532 1960 non
3563 1906 3819 1977 ignoran-

2217 2005 2300 2052 tes
2331 1997 2589 2068 quoniam
2617 1998 2671 2051 in
2701 1996 2929 2052 Hebraeo
2959 1997 3196 2067 positum
3231 2012 3340 2051 non
3373 2004 3489 2062 est,
3538 1996 3640 2052 sed
3684 2010 3812 2066 quo-

2217 2089 2365 2144 niam
2415 2089 2470 2143 in
2503 2089 2763 2145 Ecclesiis
2791 2097 3021 2144 tenetur.
3051 2089 3292 2144 Alterius
3322 2097 3519 2143 autem
3553 2087 3807 2159 temporis

2217 2191 2301 2237 est
2350 2181 2630 2252 requirere
2681 2181 2749 2236 de
2792 2179 3128 2250 hujusmodi.
3168 2179 3406 2235 Attende
3432 2189 3627 2235 autem
3656 2180 3807 2234 etiam

2217 2276 2350 2331 illud
2377 2274 2522 2346 quod
2551 2275 2628 2329 ait
2650 2273 2718 2341 “,
2755 2272 2929 2342 ﬁdelis
2964 2288 3145 2327 servus
3193 2281 3242 2326 et
3289 2272 3558 2341 prudens,
3586 2268 3810 2327 benevo-

2218 2367 2392 2422 lenter
2434 2366 2662 2421 audiens
2716 2363 2941 2418 verbum
2968 2403 2986 2429 ,
3032 2369 3088 2417 et
3131 2361 3497 2432 acquiescens
3549 2359 3804 2416 voluntati

2221 2456 2425 2512 Christi
2475 2470 2538 2511 ea
2590 2455 2843 2521 dicentis,
2868 2461 2922 2509 et
2947 2452 3348 2509 conseribentis
3379 2450 3649 2506 Matthati.
3679 2449 3805 2504 Dili-

2219 2557 2408 2620 genter
2453 2561 2583 2618 ergo
2618 2550 2713 2603 'est
2762 2544 3096 2601 audiendum
3142 2544 3210 2599 de
3256 2543 3405 2599 ﬁdeli
3460 2558 3619 2599 servo
3645 2550 3795 2612 atque

2219 2639 2495 2711 prudenti,
2527 2640 2622 2710 qui
2655 2638 2709 2693 in
2748 2637 2852 2693 ﬁde
2896 2637 3135 2707 proﬁcit.
3168 2634 3277 2691 Aut
3300 2635 3347 2691 si
3377 2635 3624 2690 nondum
3656 2636 3707 2686 in
3739 2647 3797 2687 ea

2222 2731 2494 2804 perfectus
2526 2738 2612 2787 est
2643 2730 2737 2802 qui
2768 2728 3135 2785 communiter
3171 2737 3225 2782 et
3259 2728 3376 2797 ipse
3431 2726 3603 2782 ﬁdelis
3643 2737 3793 2779 voca-

2222 2834 2333 2888 tur,
2362 2831 2418 2879 et
2449 2824 2542 2893 qui
2575 2821 2879 2877 naturalem
2918 2820 3082 2875 habet
3128 2820 3328 2875 mentis
3361 2812 3717 2880 velocitatem,
3740 2824 3791 2870 ct

2221 2916 2422 2971 dicitur
2454 2915 2715 2986 prudens.
2744 2911 2813 2967 Et
2840 2911 3055 2967 villicus
3077 2925 3207 2982 ergo
3241 2909 3544 2981 iniquitatis
3571 2907 3783 2977 prudeno

2222 3017 2304 3064 ter
2326 3007 2476 3075 facit,
2505 3023 2614 3062 non
2644 3006 2864 3077 quidem
2898 3003 3113 3082 faciens.
3134 3000 3435 3060 secundum
3464 2997 3770 3072 prudentiam

536 3100 688 3154 tione
711 3093 1123 3161 conservorum,
1157 3097 1359 3151 Paulus
1382 3095 1565 3165 culpat
1590 3110 1685 3151 eos
1708 3096 1801 3167 qui
1827 3111 1934 3151 non
1961 3106 2118 3152 erant
2144 3120 2186 3178 ο
2222 3116 2290 3156 ex
2331 3100 2647 3166 virtutibus,
2694 3099 2789 3155 sed
2820 3098 2947 3168 quia
2983 3098 3140 3153 velox
3173 3096 3301 3152 erat
3335 3095 3549 3165 ingenio.
3581 3088 3640 3143 Et
3680 3084 3769 3178 ﬁlii

539 3189 696 3255 tales,
727 3188 821 3258 qui
851 3188 1101 3257 superbis
1136 3185 1356 3256 quidem
1387 3195 1546 3240 erant
1571 3186 1828 3257 subjecti,
1866 3195 2116 3243 contem-

538 3281 741 3336 nebant
781 3287 965 3335 autem
997 3291 1333 3345 mansuetos,
1363 3280 1468 3334 hoc
1507 3281 1670 3334 modo
1704 3279 1894 3335 dicens
1933 3297 1947 3334 :
1986 3278 2117 3335 Sus-

538 3376 722 3430 tinetis
752 3374 799 3427 si
820 3374 936 3444 quis
966 3390 1054 3428 vos
1078 3373 1133 3427 in
1162 3374 1464 3427 servitutem
1500 3372 1711 3442 redigit,
1737 3373 1784 3426 si
1810 3373 1931 3443 quis
1965 3373 2119 3428 devo-

539 3477 648 3528 rat.
666 3466 711 3520 si
731 3467 845 3536 quis
869 3467 1085 3535 accipit,
1104 3466 1152 3519 si
1175 3466 1291 3535 quis
1314 3464 1613 3532 extollitur,
1638 3466 1685 3520 si
1707 3468 1824 3535 quis
1848 3466 1904 3519 in
1927 3465 2117 3535 facient

538 3574 627 3616 vos
647 3559 822 3622 credit,
838 3559 992 3627 quasi
1007 3572 1101 3610 nos
1119 3557 1170 3610 in
1177 3557 1320 3626 firmi
1335 3556 1594 3625 fuerimus
1615 3556 1682 3610 ⁵⁸.
1702 3556 2002 3612 Considera
2021 3573 2120 3612 au-

542 3658 651 3707 tem
668 3650 722 3704 in
746 3644 866 3704 istis
886 3644 1163 3719 quomodo
1190 3662 1285 3701 eos
1306 3647 1400 3718 qui
1423 3647 1475 3700 in
1504 3648 1820 3703 servitutem
1844 3648 2117 3719 redigunt,

543 3754 600 3799 et
639 3743 692 3797 in
720 3742 914 3797 faciem
958 3740 1171 3795 caedunt
1198 3750 1418 3810 propter
1455 3739 1601 3809 quod
1642 3740 1887 3795 amaritis
1912 3741 2119 3811 princi-

543 3846 775 3907 pentur,
814 3816 1224 3903 reprehenderit
1253 3832 1371 3901 ipse
1401 3831 1591 3886 dicens
1624 3846 1683 3886 se
1730 3831 2006 3888 abstinere
2050 3833 2121 3888 ab

544 3927 653 3992 cis;
684 3940 792 3980 non
825 3923 956 3993 quia
998 3922 1249 3977 inﬁrmus
1279 3929 1417 3988 erat,
1459 3922 1757 3992 quominus
1791 3921 1997 3978 faceret
2023 3938 2117 3990 ea,

543 4018 638 4075 sed
668 4025 727 4071 ut
758 4015 924 4071 faciat
951 4015 1068 4086 ipsa
1098 4029 1220 4084 qua:
1245 4013 1422 4069 docet.
1456 4013 1624 4069 Docet
1644 4022 1825 4068 autem
1852 4030 1978 4070 cum
2004 4030 2122 4070 mo-

543 4108 718 4164 destia
743 4107 937 4162 docere
966 4120 1060 4162 eos
1084 4105 1179 4176 qui
1206 4106 1493 4161 resistunt.
1524 4104 1756 4176 Propter
1786 4106 1929 4175 quod
1956 4115 2010 4161 et
2035 4106 2124 4161 de-

545 4200 741 4255 ﬁniens
788 4200 977 4269 quales
1015 4199 1248 4254 debeant
1284 4211 1406 4254 esse
1434 4199 1696 4269 episcopi,
1735 4199 1816 4254 sic
1857 4199 1990 4254 dicit
2019 4199 2118 4254 ",:

547 4289 672 4345 Non
719 4290 975 4360 litigiosi,
1028 4306 1131 4344 non
1169 4305 1523 4361 percussores,
1559 4290 1649 4342 sed
1691 4291 1985 4355 mansueti,
2033 4306 2121 4344 er-

548 4382 680 4443 nati,
712 4389 766 4436 et
791 4397 1132 4450 quaecunque
1158 4381 1300 4435 inter
1332 4381 1538 4447 ﬁdeles,
1557 4389 1612 4435 et
1633 4382 1906 4451 sapientes
1936 4397 2122 4439 servos

2220 3191 2405 3250 szcculi
2436 3191 2601 3261 hujus
2624 3190 3001 3261 prudentiores
3053 3196 3183 3244 sunt
3228 3202 3392 3258 quam
3431 3183 3522 3240 ﬁlii
3557 3178 3691 3234 lucis
3713 3176 3769 3230 in

2219 3283 2568 3356 generatione
2618 3296 2740 3348 sua,
2784 3297 2893 3336 non
2940 3279 3069 3351 quia
3115 3278 3414 3334 secundum
3460 3268 3779 3346 prudentiam

2218 3393 2384 3433 uuam
2432 3391 2500 3432 ex
2549 3375 2846 3430 virtutibus
2898 3384 3029 3429 sunt
3078 3372 3385 3442 prudentes,
3416 3375 3508 3423 aut
3535 3364 3658 3434 quia
3687 3358 3780 3414 ﬁlii

2220 3468 2360 3525 lucis
2402 3467 2702 3523 secundum
2748 3464 2895 3520 aliud
2946 3463 3153 3534 aliquid
3198 3471 3319 3516 sunt
3345 3459 3423 3514 eis
3454 3457 3686 3510 minores
3725 3448 3781 3502 in

2222 3560 2508 3630 sapientia,
2539 3566 2635 3614 aut
2677 3558 2733 3611 in
2777 3556 3032 3611 acumine
3060 3551 3291 3609 naturali
3325 3549 3514 3605 mentis
3545 3551 3671 3601 sunt
3697 3542 3783 3596 in-

2222 3651 2486 3717 feriores;
2512 3652 2614 3706 scit
2642 3648 2789 3705 enim
2814 3656 2867 3703 et
2895 3641 3239 3718 prudentiam
3272 3659 3435 3700 unam
3461 3633 3671 3698 esseex
3689 3637 3786 3692 vir-

2223 3744 2429 3800 tutibus
2478 3742 2659 3799 sermo
2702 3741 2942 3806 divinus,
2971 3741 3115 3795 sicut
3155 3740 3209 3793 in
3245 3736 3553 3794 Proverbiis
3568 3734 3611 3765 ⁸⁸
3638 3733 3787 3786 docet

2223 3835 2411 3891 dicens
2442 3833 2593 3888 :Dic
2638 3834 2955 3903 sapientiam
3003 3846 3237 3885 sororem
3285 3840 3430 3883 tuam
3467 3843 3588 3892 esse,
3621 3831 3783 3877 notam

2222 3935 2401 3981 autem
2435 3925 2522 3994 fac
2552 3925 2645 3978 tibi
2677 3926 3035 3994 prudentiam,
3069 3935 3127 3979 ut
3165 3927 3433 3981 custodiat
3465 3937 3512 3980 te
3535 3942 3564 3978 a
3587 3919 3784 3976 muliere

2224 4019 2418 4073 aliena.
2469 4016 2626 4073 Nunc
2666 4026 2848 4072 autem
2891 4019 3257 4074 communiter
3307 4019 3498 4074 audire
3544 4015 3782 4072 debemus

2224 4107 2369 4178 quod
2396 4106 2531 4162 ait“
2558 4125 2570 4162 :
2601 4106 2731 4173 Quis
2751 4117 2829 4162 est
2865 4124 3041 4163 servus
3073 4109 3246 4178 ﬁdelis
3268 4121 3317 4164 et
3347 4107 3614 4180 prudens?
3644 4102 3784 4174 quasi

2223 4199 2443 4270 quidam
2472 4198 2711 4270 quidem,
2755 4200 3055 4255 secundum
3085 4201 3450 4256 communiter
3478 4198 3780 4255 intellectam

2225 4292 2408 4356 ﬁdem,
2433 4291 2545 4349 sint
2573 4291 2780 4360 ﬁdeles,
2816 4306 2927 4346 non
2954 4301 3135 4347 autem
3169 4293 3276 4348 sint
3308 4293 3602 4363 prudentes
3629 4297 3785 4356 neque

2225 4384 2437 4439 veloces
2466 4383 2687 4454 ingenio
2712 4399 2727 4449 ;
2753 4390 2809 4438 et
2839 4382 3034 4437 iterum
3065 4382 3157 4438 alii
3180 4383 3404 4453 quidem
3431 4384 3539 4439 sint
3571 4379 3778 4440 veloces.

541 4472 710 4544 879
746 4472 1115 4537 inveniuntur,
1150 4481 1204 4527 et
1254 4473 1679 4542 dispensatores,
1723 4487 1863 4543 quos
1915 4474 2118 4529 consti-
2150 4465 2194 4521 D
2223 4484 2277 4531 et
2327 4476 2626 4531 secundum
2667 4474 2815 4545 quod
2842 4473 2932 4529 hic
2959 4474 3314 4544 signiﬁcatur,
3339 4474 3647 4545 prudentes,
3683 4478 3779 4520 non

547 4568 650 4622 tuit
681 4565 947 4621 Dominus
975 4581 1137 4635 super
1168 4566 1430 4621 tatniliam
1465 4581 1643 4633 suam,
1680 4567 1822 4622 sicut
1853 4566 1984 4622 dicit
2009 4566 2121 4623 Lu-

541 4674 637 4716 cas
654 4660 719 4713 ‘°.
753 4658 830 4714 Ex
866 4660 950 4715 his
984 4669 1164 4714 autem
1200 4654 1530 4730 Cognoscere
1571 4668 1675 4727 est,
1704 4661 1966 4731 quoniam
2008 4677 2117 4716 non

541 4751 720 4807 solum
755 4751 849 4822 qui
876 4751 1057 4806 ﬁdeles
1089 4760 1217 4806 sunt
1257 4759 1311 4805 ct
1343 4752 1635 4821 sapientes,
1670 4753 1793 4807 illos
1835 4754 2119 4809 constituit

544 4839 810 4898 Dominus
843 4859 1007 4912 super
1032 4842 1254 4898 domum
1283 4859 1463 4912 suam,
1499 4845 1592 4899 sed
1620 4845 1784 4900 etiam
1814 4846 1987 4901 malos
2010 4861 2119 4902 ser-

541 4947 639 4987 vos
666 4932 908 4988 dicentes
941 4933 995 4987 in
1024 4934 1279 4989 cordibus
1311 4934 1428 4989 suis
1459 4951 1472 4988 :
1505 4932 1718 5005 Semper
1750 4950 1952 4988 moram
1984 4932 2115 5003 facit

542 5027 788 5081 dominus
814 5043 967 5107 .meus
1000 5028 1171 5082 venire
1189 5029 1264 5096 ei;
1294 5037 1578 5098 propterea
1626 5028 1937 5098 percutiunt
1985 5042 2116 5082 con-

541 5132 752 5184 servos,
785 5119 1119 5174 manducant
1147 5129 1201 5175 et
1246 5122 1434 5177 bibunt
1465 5136 1589 5176 cum
1627 5120 1792 5176 ebriis
1825 5121 1907 5174 vel
1938 5121 2118 5175 ebrio-

543 5210 620 5266 sis
665 5218 719 5265 et
762 5210 1115 5267 inebriantur.
1146 5211 1203 5266 Si
1246 5214 1464 5283 quando
1505 5230 1633 5284 ergo
1677 5213 2011 5267 arbitrantur
2059 5228 2119 5269 se

541 5317 665 5357 esse
716 5303 769 5357 in
804 5318 1002 5372 magno
1031 5304 1245 5375 fastigio
1278 5306 1371 5375 qui
1398 5314 1642 5375 praesunt
1673 5303 1931 5361 Ecclesiis
1957 5305 2118 5359 Chri-

542 5395 633 5458 sti,
698 5404 981 5466 propterea
1026 5398 1171 5469 quod
1212 5398 1493 5453 constituit
1539 5413 1634 5453 eos
1665 5397 1927 5452 Dominus
1956 5413 2152 5468 super_

542 5485 807 5571 {antiliam
855 5504 1033 5557 suam,
1063 5497 1394 5560 cognoscant
1420 5490 1679 5562 quoniam
1728 5504 1838 5545 non
1872 5490 1976 5547 hoc
2022 5505 2120 5547 eos

601 5655 663 5735 f’
700 5655 1014 5735 Joan._xnt_,
1070 5660 1278 5735 l5;[5._
1326 5662 1373 5694 "
1415 5661 1603 5735 Matth.
1634 5679 1734 5735 ixx,
1766 5663 1837 5717 25
1867 5672 1920 5719 et
1964 5678 2118 5734 seqq.
2174 5661 2499 5735 filThess.
2542 5677 2603 5728 ll,
2648 5663 2756 5735 Ἶρι
2798 5679 2950 5734 seqq.

550 5722 776 5801 Tint._tt_,
816 5728 907 5801 at,
936 5731 1025 5801 es.
1101 5732 1148 5770 ιε
1176 5731 1215 5785 ιι
1242 5733 1368 5788 Cor.
1402 5748 1475 5801 χι,
1501 5732 1594 5797 eo,
1624 5722 1732 5789 ξιξ
1789 5722 2136 5798 ⁸⁹1Τίηι.’ἰι,
2173 5734 2226 5788 5.

1922 5806 1966 5839 ⁶⁶
1989 5804 2178 5863 Matth.
2213 5821 2359 5876 XXIV,
2389 5805 2476 5860 45.
2530 5807 2596 5844 ν⁰⁷
2627 5805 2647 5863 l
2674 5804 2798 5860 Cor.
2829 5821 2867 5870 ι,
2894 5804 2981 5861 27.

556 5796 790 5861 xm,55.
865 5800 907 5831 σῖ
939 5799 1127 5857 Matth.
1162 5818 1309 5868 xxiv,
1337 5802 1425 5858 45.
1461 5796 1469 5801 ⁷
1505 5805 1547 5836 ⁸⁵³
1580 5796 1671 5873 vn,
1705 5806 1757 5874 .i,
1791 5805 1844 5860 5.

2225 4576 2406 4623 autem
2438 4568 2664 4625 omnino
2706 4578 2760 4625 ct
2799 4570 3005 4626 ﬁdeles.
3040 4570 3096 4626 Si
3127 4572 3252 4642 quis
3284 4581 3469 4627 autem
3499 4564 3782 4625 considerat

2225 4661 2626 4717 multitudinem
2674 4663 2971 4719 volentium
3019 4680 3141 4721 esse
3170 4681 3229 4721 se
3261 4665 3622 4725 Christianos,
3649 4659 3780 4712 inve-

2220 4752 2334 4809 niet
2361 4753 2581 4824 quidem
2610 4753 2796 4818 ﬁdeles
2822 4755 3023 4811 multos
3049 4765 3103 4810 et
3128 4744 3377 4812 studium
3398 4755 3520 4811 ﬁdei
3543 4758 3776 4807 exercen-

2221 4854 2322 4910 tes,
2358 4860 2466 4901 non
2497 4849 2759 4903 autemet
2791 4850 3109 4919 prudentes,
3138 4858 3199 4904 ut
3230 4849 3339 4904 sint
3364 4849 3463 4904 ﬁlii
3500 4845 3655 4914 hujus
3684 4851 3774 4893 sae-

2221 4941 2329 4995 culi
2363 4940 2755 5009 prudentiores
2795 4942 2876 4998 eis
2924 4943 2979 4998 in
3018 4941 3367 5014 generatione
3415 4955 3533 5002 sua,
3562 4934 3774 4991 scientes

2222 5035 2479 5102 quoniam
2503 5048 2620 5103 qua:
2653 5042 2775 5087 sunt
2804 5035 2971 5088 stulta
3012 5034 3196 5088 mundi
3224 5034 3381 5105 elegit
3412 5035 3561 5097 Deus,
3585 5034 3637 5082 ut
3657 5036 3772 5076 con-

2223 5124 2415 5194 fundat
2459 5126 2717 5193 sapientes
2734 5125 2799 5180 ‘7.
2832 5124 2899 5181 Et
2928 5125 3130 5181 videbit
3157 5126 3354 5181 iterum
3386 5128 3516 5182 alios
3546 5119 3630 5189 qui
3657 5126 3768 5169 cre-

2223 5218 2425 5274 didisse
2458 5225 2739 5287 putantur,
2774 5218 2990 5274 veloces
3020 5219 3237 5289 quidem
3265 5235 3389 5275 esse
3412 5229 3463 5274 et
3501 5209 3768 5280 sapi‘eutES.

2224 5309 2452 5364 modicae
2477 5317 2656 5363 autem
2688 5309 2810 5364 ﬁdei
2837 5328 2853 5377 ;
2885 5319 2939 5365 ct
2971 5310 3016 5365 si
3046 5326 3153 5366 non
3184 5312 3449 5374 inﬁdeles,
3480 5315 3638 5360 tamen
3671 5292 3766 5348 mi-

2225 5417 2331 5455 nus
2362 5401 2569 5468 ﬁdeles,
2598 5402 2858 5471 quoniam
2892 5401 3056 5457 stulta
3082 5403 3272 5458 mundi
3298 5418 3420 5472 quae
3446 5399 3576 5452 Deus
3598 5382 3765 5454 elegi‘v

2227 5499 2606 5547 contemnunt.
2639 5489 2946 5547 Convenire
2974 5499 3157 5547 autem
3187 5491 3241 5546 in
3279 5504 3446 5546 unum
3473 5479 3666 5541 ﬁdelem
3698 5477 3767 5525 ab

3661 5645 3701 5676 ιτ

3049 5666 3095 5699 ⁵⁸
3124 5664 3141 5721 Ι
3176 5664 3367 5721 Thess.
3408 5679 3458 5725 v,
3486 5656 3564 5712 Η.
3661 5656 3698 5676 ⁹¹
3724 5656 3757 5694 ¹¹

3164 5738 3206 5770 es
3242 5735 3347 5771 tum
3405 5730 3481 5771 te,
3572 5720 3613 5755 ⁸³
3637 5714 3757 5771 Dan.

2315 5736 2359 5766 ⁶⁰
2388 5750 2459 5788 xtl
2483 5775 2498 5802 ,
2533 5735 2621 5789 42.
2718 5734 2759 5771 ⁶¹
2785 5730 3034 5791 ibid-45.
3164 5738 3206 5770 θ’
3239 5735 3368 5792 ibid.
3404 5730 3486 5789 46.
