4052 6304
507 374 640 430 H299

1665 370 1824 426 OillG
1837 369 1987 423 1⁸4δῖεὸ
2019 367 2082 422 lN‘
2120 369 2531 428 ΜΑΪΤΙΜΞΟΜ

3631 373 3790 427 ιτ(ὶο

505 501 675 545 tutem
725 491 916 560 redigit
947 505 1040 544 eos
1066 499 1117 544 et
1149 489 1201 542 in
1231 487 1424 542 faciem
1451 501 1546 542 eos
1573 486 1746 541 caedit.
1783 485 1849 541 Et
1879 502 2074 557 pereu-
2104 493 2149 549 Α
2179 490 2271 556 qui
2321 503 2414 556 per
2460 501 2614 542 suam
2665 485 2972 541 doctrinam
3020 496 3364 542 recesserunt
3417 488 3656 556 quidem
3711 492 3787 542 ab

503 583 644 636 tiens
691 582 981 635 manducat
1023 591 1076 632 et
1122 578 1254 632 bibit
1299 591 1422 631 cum
1477 575 1740 642 ebriosis,
1788 576 2075 631 occasione

501 673 747 743 obsequii
782 671 1162 738 ecclesiastici;
1206 679 1261 724 et
1307 685 1416 724 non
1458 669 1761 724 esurientes
1808 667 2070 736 suscipit,

502 764 600 820 sed
648 763 898 832 epulatur
948 778 1072 817 cum
1123 761 1358 816 ebriosis
1419 768 1475 815 et
1523 748 1710 814 multis
1755 758 2072 829 huiusmodi

499 856 702 926 quibus
748 855 1118 910 ecclesiastica
1170 870 1302 908 cura
1348 853 1641 908 commissa
1693 861 1808 918 est;
1872 852 2073 922 quibus

501 948 680 1002 veniet
724 945 988 1002 Dominus
1042 945 1248 1003 faciens
1307 945 1832 1002 consummationem
1880 960 2070 999 eorum

500 1040 554 1094 in
585 1038 674 1094 die
704 1054 811 1108 qua
848 1037 1117 1102 nesciunt,
1151 1047 1203 1092 et
1226 1038 1358 1092 hora
1385 1053 1491 1108 qua
1527 1053 1634 1090 non
1663 1044 1876 1106 putant,
1907 1047 1961 1090 et
1988 1036 2067 1090 di-

498 1132 642 1187 videt
670 1146 763 1186 eos
792 1131 884 1200 qui
933 1146 1042 1185 non
1094 1131 1392 1185 timuerunt
1437 1145 1560 1184 eum
1607 1130 1701 1201 qui
1751 1139 1944 1200 potens
1989 1136 2073 1182 est

497 1223 735 1276 animam
774 1232 826 1276 et
874 1236 1074 1291 corpus
1119 1222 1343 1290 perdere
1391 1220 1445 1275 in
1497 1221 1822 1291 gehennam.
1875 1219 2072 1274 Dividit

454 1337 457 1341 ⁴
496 1326 678 1370 autem
712 1331 834 1370 eum
859 1356 872 1381 ,
904 1316 1124 1386 quando
1156 1315 1378 1384 spiritus
1417 1314 1635 1385 quidem
1680 1314 1801 1383 ejus
1843 1315 2070 1370 reverti-

497 1417 586 1462 tur
630 1408 697 1461 ad
746 1406 914 1461 Deum
968 1407 1062 1476 qui
1110 1406 1256 1460 dedit
1281 1421 1405 1459 cum
1433 1447 1448 1471 ,
1503 1405 1683 1459 anima
1719 1417 1899 1460 autem
1943 1420 2068 1460 cum

497 1513 726 1568 corpore
753 1513 853 1552 suo
885 1498 1031 1551 vadit
1059 1498 1111 1550 in
1153 1497 1475 1565 gehennam.
1515 1495 1706 1551 Justus
1741 1504 1920 1550 autem
1962 1512 2068 1551 non

496 1590 772 1654 dividitur,
793 1587 886 1642 sed
911 1587 1091 1640 anima
1121 1585 1240 1654 ejus
1263 1585 1410 1638 vadit
1435 1599 1559 1640 cum
1585 1585 1781 1655 spiritu
1807 1585 2070 1655 ad-regna

497 1680 759 1734 ccelestia.
791 1677 1018 1746 Pr0pter
1058 1677 1201 1746 quod
1235 1677 1496 1746 scriptum
1528 1677 1670 1731 est"
1702 1695 1717 1731 :
1748 1676 2068 1744 Benedicite,

496 1771 716 1839 spiritus
738 1778 787 1822 et
815 1769 1007 1822 anima?
1025 1768 1296 1837 justorum
1317 1809 1332 1835 ,
1374 1768 1621 1822 Domino.
1658 1767 1858 1824 Eorum
1888 1779 2068 1824 autem

495 1861 590 1930 qui
641 1861 956 1914 dividuntur
997 1869 1052 1913 ct
1101 1859 1379 1928 deponunt
1411 1860 1662 1930 spiritum
1713 1869 2069 1918 revertentem

497 1955 562 2007 ad
613 1969 736 2007 eum
765 1953 858 2022 qui
889 1952 1114 2007 dederat
1141 1968 1264 2008 eum
1286 1991 1303 2019 ,
1352 1961 1406 2009 et
1442 1970 1550 2010 non
1581 1957 1784 2010 habent
1831 1964 2072 2026 postmo-

496 2046 624 2100 dum
666 2045 718 2098 in
751 2061 809 2100 se
832 2055 1038 2115 partem
1074 2046 1312 2115 aliquam
1346 2062 1468 2116 quae
1500 2057 1616 2103 erat
1642 2063 1709 2104 ex
1741 2047 1872 2114 Deo,
1905 2049 2070 2104 relin-

495 2139 678 2206 quitur
725 2138 805 2193 eis
852 2153 978 2207 pars
1006 2151 1196 2192 eorum
1230 2155 1353 2208 quae
1387 2149 1505 2195 erat
1555 2141 1842 2212 ipsorum,
1893 2143 1947 2197 id
1985 2152 2070 2198 est

493 2228 696 2292 anima,
751 2243 872 2298 qua:
901 2244 1024 2282 cum
1061 2243 1289 2299 corpore
1330 2246 1429 2286 suo
1459 2233 1711 2303 punietur
1757 2249 1789 2289 a
1838 2235 2070 2291 Domino

494 2319 763 2384 veniente,
788 2335 911 2374 cum
943 2319 1253 2376 infidelibus
1276 2328 1330 2376 et
1360 2321 1657 2393 hypocritis
1681 2324 1734 2379 in
1761 2326 2065 2381 tormentis.

495 2408 627 2465 Vide
677 2425 806 2480 ergo
857 2409 1216 2466 differentiam
1273 2428 1555 2469 servorum
1613 2430 1755 2485 quos
1804 2415 2069 2475 Dominus

491 2505 777 2560 constituit
818 2519 981 2573 super
1025 2504 1246 2559 domum
1295 2521 1488 2572 suam,
1537 2509 1802 2577 quoniam
1843 2510 2067 2580 quidam

491 2597 708 2666 quidem
736 2596 890 2665 quasi
925 2595 1110 2651 ﬁdeles
1136 2605 1192 2651 et
1221 2598 1518 2667 prudentes
1541 2598 1950 2669 dispensatores
1973 2602 2068 2673 qui

489 2689 757 2743 dederunt
793 2688 1076 2744 conservis
1105 2689 1286 2743 cibum
1325 2691 1377 2743 in
1409 2700 1670 2761 tempore,
1699 2707 1861 2763 super
1883 2696 2066 2751 omnia

490 2777 631 2829 bona
671 2776 1084 2846 patrisfamilias
1122 2779 1568 2846 constituuntur;
1599 2781 1693 2852 qui
1725 2790 1906 2838 autem
1933 2799 2069 2840 conn

488 2868 654 2922 traria
684 2868 763 2924 eis
793 2878 1040 2940 egerunt,
1071 2883 1226 2925 extra
1261 2872 1408 2942 quod
1433 2873 1750 2928 ceciderunt
1798 2875 1865 2930 de
1891 2876 2066 2946 gloria

487 2969 637 3015 tanta
665 3002 680 3028 ,
709 2962 888 3018 adhuc
913 2963 1241 3031 dividentur,
1275 2971 1328 3019 et
1359 2981 1484 3036 pars
1516 2981 1708 3021 eorum
1741 2984 1865 3024 cum
1895 2969 2066 3041 hypo-

487 3053 640 3109 critis
679 3063 731 3108 et
767 3053 1078 3110 inﬁdelibus
1121 3063 1374 3124 ponetur.
1425 3055 1502 3111 lbi
1530 3059 1635 3114 erit
1666 3058 1824 3115 fletus
1855 3061 1935 3116 eis
1969 3062 2063 3132 qui

2178 579 2442 632 idolorum
2473 579 2707 643 cultura,
2735 576 2817 630 vel
2849 576 3058 630 cultura
3087 576 3480 632 elementorqu
3516 579 3785 633 creatio-

2176 670 2262 724 nis
2290 669 2419 724 Dei:
2445 675 2796 723 accesserunt
2817 676 2997 720 autem
3027 682 3122 736 per
3147 666 3332 722 Jesum
3357 668 3655 722 Christum
3711 669 3786 721 ad

2177 760 2269 816 Dei
2296 761 2561 816 culturam
2596 760 2847 830 quamvis
2876 775 2982 814 non
3012 758 3212 814 fuerint
3256 759 3554 814 subsecuta
3593 774 3786 828 opera

2174 853 2424 924 pietatis,
2459 869 2633 922 neque
2661 853 2730 907 ad
2781 850 3168 906 beatitudinem
3203 849 3634 920 prazparavcrint
3680 865 3784 903 se-

2177 945 2458 1014 metipsos.
2507 943 2660 1000 Sicut
2686 955 2866 999 autem
2915 942 3213 998 secundum
3249 943 3473 995 verbum
3504 943 3781 996 veritatis

2174 1048 2477 1106 sequuntur
2537 1037 2746 1106 seipsas
2799 1038 3121 1091 alterutrum
3173 1035 3400 1088 virtutes
3452 1049 3578 1103 quae
3627 1046 3777 1088 sunt

2175 1130 2478 1197 substantia
2525 1129 2801 1194 Christus,
2860 1130 2933 1182 ita
2985 1140 3043 1183 ut
3093 1128 3184 1197 qui
3245 1141 3406 1180 uuam
3464 1126 3768 1192 habuerit,

2173 1235 2363 1276 omnes
2407 1220 2638 1286 habeat;
2671 1230 2724 1274 et
2760 1219 2852 1288 qui
2885 1233 3051 1272 unam
3097 1219 3281 1272 minus
3327 1216 3616 1282 habuerit,
3657 1233 3769 1271 nec

2173 1330 2336 1369 unam
2369 1314 2598 1379 habeat;
2631 1312 2884 1367 Christus
2914 1311 3060 1366 enim
3091 1327 3120 1364 a
3159 1311 3339 1380 seipse
3371 1311 3762 1365 irreressibilis

2171 1416 2285 1471 est;
2321 1406 2402 1461 sic
2425 1415 2478 1461 et
2502 1421 2698 1460 sensus
2728 1419 2918 1459 omnes
2955 1403 3269 1456 alterutrum
3317 1415 3375 1456 se
3398 1402 3757 1470 subsequun-

2173 1509 2299 1554 tur:
2328 1508 2383 1554 et
2415 1499 2725 1569 ubicunque
2767 1500 2950 1553 minus
2997 1497 3160 1552 fuerit
3201 1511 3342 1550 unus
3385 1496 3452 1549 de
3491 1496 3757 1550 sensibus

2174 1590 2477 1645 secundum
2521 1601 2722 1644 rectam
2758 1588 2921 1643 Verbi
2956 1588 3261 1643 doctrinam
3288 1628 3303 1652 ,
3345 1588 3415 1642 ibi
3441 1587 3673 1642 omnino
3703 1598 3756 1640 et

2173 1696 2363 1736 omnes
2394 1696 2589 1737 sensus
2619 1681 2775 1750 quasi
2821 1681 3054 1735 fraudati
3084 1696 3114 1735 a
3139 1680 3309 1734 verbo
3347 1679 3630 1748 sapientia:
3663 1679 3752 1732 in-

2175 1769 2475 1824 fatuantur.
2534 1769 2743 1826 Sensus
2782 1780 2963 1826 autem
2999 1770 3121 1825 dico
3153 1777 3207 1824 et
3235 1785 3329 1825 eos
3373 1771 3466 1839 qui
3498 1785 3748 1824 commu-

2173 1863 2317 1916 niter
2344 1863 2739 1933 intelliguntur,
2770 1862 2907 1916 visio
2927 1901 2942 1926 ,
2980 1861 3187 1916 auditio
3210 1902 3224 1925 ,
3251 1861 3500 1916 odoratio
3519 1899 3534 1924 ,
3561 1873 3752 1930 gusta-

2173 1953 2273 2017 tio,
2308 1953 2567 2022 palpatio,
2612 1961 2665 2006 et
2708 1967 2802 2007 eos
2831 1951 2925 2022 qui
2969 1953 3020 2006 in
3053 1950 3360 2006 Proverbiis
3403 1952 3749 2020 appellantur

2171 2045 2366 2112 divini,
2400 2046 2504 2101 hoc
2529 2046 2692 2100 modo
2715 2045 3019 2099 dicentibus
3046 2059 3060 2094 :
3094 2042 3314 2097 Sensum
3338 2042 3574 2096 divinum
3602 2044 3745 2097 inveb

2171 2139 2365 2193 nies”.
2408 2136 2607 2192 Iterum
2639 2144 2819 2190 autem
2861 2136 3120 2205 quoniam
3174 2136 3393 2191 verbum
3436 2134 3530 2189 Dei
3577 2151 3743 2190 causa

2170 2238 2255 2286 est
2284 2239 2343 2284 ut
2387 2239 2566 2284 rectus
2610 2229 2703 2282 ﬁat
2732 2244 2992 2283 sensuum
3027 2244 3180 2293 usus,
3223 2237 3278 2283 et
3309 2243 3416 2282 non
3449 2235 3533 2282 est
3567 2227 3744 2296 possi-

2169 2323 2279 2378 bile
2303 2338 2464 2390 eum,
2498 2337 2622 2378 cum
2667 2323 2738 2377 sit
2789 2323 2842 2377 in
2886 2323 3176 2384 sensibus,
3228 2331 3287 2377 ut
3332 2323 3384 2375 in
3417 2321 3740 2390 quibusdam

2169 2415 2386 2487 quidem
2415 2417 2669 2472 sensibus
2696 2424 2970 2486 operetur,
2997 2424 3050 2470 et
3071 2415 3354 2484 diligenter
3387 2414 3591 2467 tribuat
3621 2428 3742 2482 quae

2168 2510 2471 2580 prudentia?
2501 2525 2615 2565 sua:
2641 2518 2801 2571 sunt,
2845 2507 2898 2561 in
2932 2507 3053 2562 aliis
3099 2516 3280 2561 autem
3314 2506 3582 2577 negligat;
3618 2505 3738 2560 ideo

2167 2604 2213 2659 si
2265 2619 2435 2658 unum
2470 2603 2538 2658 de
2583 2602 2836 2658 sensibus
2884 2599 3076 2656 fecerit
3123 2601 3460 2669 sapientem,
3501 2610 3558 2653 ut
3589 2601 3739 2669 virgo

2167 2696 2562 2758 constituatur,
2613 2707 2838 2748 necesse
2879 2702 2962 2748 est
2999 2700 3057 2746 ut
3097 2693 3150 2746 in
3192 2692 3315 2747 aliis
3351 2693 3600 2747 sensibus
3644 2707 3736 2744 sa-

2166 2787 2428 2857 pientiam
2464 2801 2620 2841 suam
2661 2785 2922 2840 effundat.
2966 2785 3260 2854 Propterea
3304 2801 3413 2840 non
3443 2794 3526 2840 est
3555 2787 3735 2840 videre

2165 2879 2234 2933 de
2276 2880 2520 2950 quinque
2565 2879 2818 2933 sensibus
2861 2879 2914 2931 in
2954 2877 3174 2946 aliquo,
3206 2879 3474 2948 quosdam
3519 2877 3727 2947 quidem

2168 2971 2370 3037 fatuos,
2397 2972 2664 3042 quosdam
2692 2979 2872 3025 autem
2902 2971 3228 3040 prudentes;
3277 2969 3373 3025 sed
3408 2982 3618 3024 necesse
3640 2978 3718 3021 est

2169 3073 2226 3117 ut
2271 3071 2365 3117 aut
2406 3079 2597 3119 omnes
2640 3061 2882 3132 quinque
2932 3063 3042 3116 sint
3075 3062 3390 3132 prudentes,
3423 3070 3504 3114 aut
3533 3074 3710 3113 omnes

490 3143 630 3196 male
657 3143 710 3196 in
748 3144 851 3198 hoc
883 3145 1086 3199 mundo
1127 3146 1367 3200 ridentes
1399 3146 1638 3216 fuerunt,
1675 3150 1885 3205 dicente
1917 3150 2064 3207 Scri-
2090 3168 2132 3226 (ς
2167 3153 2324 3208 fatui.
2356 3153 2558 3210 Omnes
2595 3156 2682 3210 isti
2736 3169 2928 3210 sensus
2961 3153 3241 3222 lampades
3280 3169 3404 3208 suas
3435 3151 3716 3219 accipiunl.

486 3233 703 3300 ptura"
743 3251 757 3288 :
817 3235 906 3289 Va:
947 3237 1037 3306 qui
1085 3251 1221 3288 nunc
1254 3237 1478 3303 ridetis,
1511 3243 1760 3311 quoniam
1792 3243 1986 3311 ﬂebitis
2014 3253 2063 3297 et

483 3325 764 3396 plangetis.
805 3327 1212 3397 Cousequcuter
1248 3338 1427 3384 autem
1463 3342 1680 3403 propter
1730 3335 1973 3406 requiem
2010 3347 2065 3392 et

486 3417 872 3472 resolutionem
897 3435 1005 3488 qua
1035 3419 1420 3488 requieverunt
1453 3431 1507 3478 et
1536 3425 1763 3480 resoluti
1793 3437 1945 3492 sunt,
1977 3444 2064 3483 ra-

483 3508 818 3563 tionabiliter
849 3509 952 3563 crit
983 3509 1063 3565 eis
1091 3511 1333 3566 dentium
1366 3513 1594 3568 stridor.
1627 3515 1784 3581 Quod
1813 3517 1916 3574 hoc
1946 3518 2062 3574 for-

483 3602 626 3658 sitan
683 3603 974 3672 signiﬁcat,
1017 3604 1278 3674 quoniam
1306 3605 1396 3675 qui
1432 3607 1733 3675 puniuntur
1760 3610 2064 3679 cogitantes

483 3692 600 3748 fore
629 3696 786 3748 ﬁnem
815 3693 1052 3760 doloris,
1087 3707 1139 3750 et
1189 3704 1409 3765 praptcr
1437 3697 1540 3753 hoc
1561 3698 1805 3756 volentes
1832 3702 2063 3758 viriliter

481 3802 578 3842 eos
629 3787 891 3852 sufferre,
947 3788 1214 3858 compulsi
1263 3789 1546 3845 tormentis
1588 3791 2058 3859 insuﬁ‘eribilibus,

481 3876 736 3930 dentibus
782 3875 1019 3931 stridunt
1063 3894 1079 3932 :
1128 3876 1235 3931 illis
1266 3877 1515 3934 videlicet
1558 3879 1812 3938 dentibus
1859 3883 2062 3954 quibus

484 3965 952 4021 manducaverunt
988 3964 1337 4022 acerbitatem
1373 3968 1593 4024 malitiae
1615 4013 1630 4036 ,
1677 3979 1733 4026 et
1775 3985 2061 4045 propterea

479 4057 762 4126 patiuntur
794 4056 1036 4113 dentium
1072 4059 1296 4129 dignum
1329 4061 1642 4117 stridorem.

543 4149 631 4202 65.
654 4147 837 4203 Simile
852 4159 927 4204 est
944 4167 1156 4221 regnum
1173 4151 1420 4206 caelorum
1434 4156 1608 4209 decem
1627 4157 2058 4230 virginibus,quaz

481 4242 791 4308 accipientes
817 4241 1088 4310 lampades
1121 4259 1244 4296 suas
1265 4281 1281 4309 ,
1305 4245 1546 4300 exierunt
1569 4248 1773 4302 obviam
1794 4266 1983 4319 sponso
2005 4260 2054 4305 et

477 4347 700 4402 sponsa.
725 4332 965 4402 Quinque
999 4346 1174 4388 autem
1212 4349 1277 4388 ca:
1299 4336 1373 4391 eis
1401 4348 1551 4392 erant
1575 4340 1739 4409 fatua:
1759 4353 1807 4396 et
1829 4343 2055 4414 quinque

474 4428 776 4497 prudentes,
814 4435 868 4480 et
903 4428 1199 4498 reliqua".
1227 4429 1286 4483 In
1327 4429 1582 4487 omnibus
1613 4433 1708 4502 qui
1744 4434 2052 4494 didicerunt

2167 3247 2220 3300 id
2249 3259 2334 3302 est
2361 3261 2567 3317 organa
2600 3261 2699 3301 sua
2724 3245 3011 3311 naturalia,
3043 3244 3156 3298 sive
3188 3245 3485 3298 secundum
3508 3241 3728 3296 verbum

2165 3340 2261 3396 Dei
2313 3344 2393 3396 uti
2438 3340 2716 3405 volentes,
2753 3340 2868 3394 sive
2901 3348 3091 3394 contra
3124 3337 3446 3392 voluntatem
3478 3335 3603 3399 Dei,
3646 3343 3699 3386 ta
3720 3363 3732 3371 -

2166 3449 2286 3488 men
2319 3433 2592 3503 accipiunt
2621 3448 2735 3497 eas,
2769 3433 2988 3502 quando
3015 3432 3270 3500 recipiunt
3305 3442 3564 3498 sponsum
3601 3442 3730 3482 esse

2163 3522 2421 3578 Ecclesia)
2449 3520 2683 3577 Verbum
2713 3522 2842 3589 Dei,
2869 3530 2923 3577 et
2950 3521 3150 3575 Filium
3198 3517 3322 3584 Dei;
3351 3528 3404 3571 et
3434 3517 3727 3587 egrediun-

2165 3623 2254 3668 tur
2285 3613 2353 3668 de
2389 3617 2592 3668 mundo
2625 3623 2678 3669 et
2715 3615 2783 3670 de
2815 3614 3098 3669 erroribus
3132 3613 3355 3667 deorum
3391 3612 3688 3664 multorum
3712 3651 3731 3677 ,

2161 3715 2216 3761 et
2239 3706 2464 3760 veniunt
2491 3705 2544 3758 in
2572 3707 2786 3760 obviam
2820 3705 3112 3768 Salvatori,
3145 3705 3238 3774 qui
3269 3718 3481 3772 semper
3509 3711 3730 3772 paratus

2145 3804 2246 3850 .est
2278 3797 2461 3850 venire
2505 3797 2572 3851 ad
2613 3799 2850 3869 virgines
2875 3812 3000 3862 eas,
3058 3805 3117 3851 ut
3166 3796 3331 3850 simul
3365 3795 3728 3864 ingrediantur

2163 3901 2286 3940 cum
2322 3885 2500 3956 dignis
2530 3901 2721 3941 eorum
2757 3887 2822 3942 ad
2857 3887 3070 3941 beatam
3119 3901 3378 3956 sponsam
3409 3883 3725 3939 Ecclesiam.

2162 3976 2266 4033 Sed
2311 3978 2547 4048 quandiu
2583 3978 2802 4048 quidem
2850 3988 2974 4049 post
2997 3979 3223 4034 verbum
3267 3984 3542 4047 receptum
3587 3977 3723 4031 lucet

2160 4066 2342 4122 lumen
2374 4067 2608 4122 ﬁdelium
2633 4083 2815 4122 coram
2846 4069 3180 4134 hominibus,
3208 4076 3265 4122 ut
3296 4068 3538 4123 videntes
3563 4082 3724 4136 opera

2164 4175 2354 4216 eorum
2382 4160 2548 4227 bona,
2595 4161 2898 4232 gloriﬁcent
2921 4159 3134 4215 Patrem
3158 4175 3348 4214 eorum
3381 4160 3474 4230 qui
3498 4161 3549 4214 in
3577 4159 3724 4214 caelis

2161 4252 2328 4317 est",
2356 4252 2439 4307 hae
2471 4262 2526 4307 et
2573 4253 2866 4323 prudentes
2896 4261 3059 4318 sunt,
3095 4261 3149 4307 et
3189 4252 3519 4321 accipientes
3549 4253 3725 4307 oleum

2156 4345 2550 4402 nutrimentum
2581 4343 2820 4399 hominis
2861 4343 2946 4396 sui
2980 4342 3126 4412 quod
3172 4357 3390 4413 semper
3423 4341 3724 4398 infunditur

2157 4439 2367 4492 actibus
2402 4437 2581 4501 bonis,
2615 4436 2668 4492 id
2697 4444 2781 4491 est
2802 4434 3025 4490 verbum
3059 4435 3342 4500 doctrinae,
3371 4445 3424 4491 et
3452 4452 3578 4490 vasa
3603 4436 3721 4490 ani-

473 4520 699 4575 verbum
721 4517 1005 4589 Dci,881
1033 4537 1257 4591 regnum
1277 4523 1538 4578 calorum
1553 4525 2054 4603 assimilaturvirgi-
2085 4511 2128 4566 D
2159 4547 2372 4586 marum
2421 4544 2644 4584 suarum
2677 4528 2745 4582 ab
2772 4527 2874 4582 hoc
2906 4528 3074 4584 verbo
3124 4527 3410 4598 implentes
3437 4546 3466 4582 a
3493 4528 3722 4583 doctori-

475 4611 636 4666 nibus
665 4611 870 4666 decem.
917 4613 981 4666 Et
1013 4613 1057 4668 si
1084 4614 1304 4682 quidem
1338 4615 1392 4670 in
1423 4615 1504 4671 eis
1533 4625 1662 4672 sunt
1688 4619 1780 4688 qui
1820 4628 1964 4676 recte
1997 4632 2052 4678 et

471 4701 703 4756 eredunt
723 4710 775 4755 et
803 4703 1010 4767 vivunt,
1029 4713 1076 4757 ct
1102 4704 1222 4757 ideo
1240 4704 1388 4774 juste
1411 4707 1787 4762 assimilantur
1810 4712 2051 4782 quinque

475 4791 866 4860 prudentibus;
907 4794 998 4862 qui
1019 4803 1197 4848 autem
1217 4795 1540 4864 proﬁtentur
1555 4797 1771 4868 quidem
1797 4799 1956 4855 ﬁdem
1992 4802 2047 4856 in

471 4879 600 4935 Jesu
623 4923 638 4948 ,
691 4900 797 4938 non
840 4894 1020 4939 autem
1063 4897 1374 4957 praeparant
1405 4903 1464 4944 se
1505 4889 1665 4946 bonis
1695 4890 1951 4962 operibus
1984 4895 2052 4949 ad

473 4975 702 5030 salutem
725 5015 743 5043 ,
803 4977 1030 5046 reliquis
1060 4981 1302 5050 quinque
1335 4983 1710 5038 assimilantur
1754 4986 2052 5057 virginibus

474 5064 675 5132 fatuis;
704 5083 810 5120 non
844 5067 1290 5126 irrationabiliter
1321 5073 1558 5130 dicimus
1587 5091 1782 5131 sensus
1805 5078 2048 5132 onmium

469 5160 561 5227 qui
595 5158 900 5214 didicerunt
927 5162 1129 5230 divina,
1157 5167 1649 5237 quomodocunque
1687 5169 1911 5224 verbum
1943 5170 2050 5223 Do-

470 5251 605 5304 mini
637 5263 977 5323 reeeperunt,
1003 5254 1116 5310 sive
1145 5259 1455 5322 occasione,
1485 5261 1600 5315 sive
1625 5261 1874 5325 veritate,
1901 5263 2044 5331 quod

470 5343 709 5410 virgines
761 5353 890 5399 sunt
944 5345 1316 5416 virginiﬁcatas
1371 5364 1466 5420 per
1512 5351 1736 5405 verbum
1788 5350 1885 5407 Dei
1956 5355 2043 5408 cui

467 5432 816 5489 crediderunt
844 5447 934 5492 aut
961 5437 1183 5493 credere
1213 5437 1422 5496 volunt.
1455 5437 1586 5494 Tale
1621 5448 1704 5495 est
1747 5441 1890 5496 enim
1919 5458 2042 5497 ver-

467 5521 594 5576 bum
627 5523 744 5588 Dci,
776 5538 834 5581 ut
861 5527 926 5582 de
956 5543 1055 5583 sua
1090 5531 1360 5586 munditia
1385 5532 1760 5588 accommodet
1785 5532 2041 5588 omnibus

533 5790 576 5820 "
608 5789 740 5846 Dan.
772 5807 854 5855 ιιι,
891 5795 978 5848 86.
1057 5798 1101 5828 ⁷⁸
1137 5795 1270 5851 Luc.
1301 5815 1376 5865 vt,
1407 5799 1496 5854 25.

1575 5801 1620 5832 τ’
1652 5799 1842 5855 Matth.
1876 5815 2002 5869 xxv,
2033 5801 2083 5868 l,
2114 5799 2167 5854 2.
2237 5799 2283 5831 '°
2299 5798 2460 5854 Prov.
2496 5817 2558 5868 ιι,
2594 5803 2644 5858 5.

2157 4624 2260 4678 bus
2283 4631 2337 4677 et
2367 4621 2722 4676 traditoribus
2753 4619 2846 4689 qui
2878 4619 3011 4674 illud
3041 4622 3376 4687 venundaut,
3416 4621 3559 4690 quod
3591 4621 3722 4676 satis

2157 4715 2230 4768 sit
2264 4714 2343 4767 eis
2369 4754 2383 4779 ,
2433 4712 2594 4765 etiam
2643 4711 2890 4765 tardante
2921 4711 3070 4765 exitu
3111 4721 3166 4766 et
3201 4723 3509 4766 remorante
3551 4709 3721 4766 Verbo

2155 4805 2407 4859 veniente
2433 4805 2498 4856 ad
2529 4803 3050 4858 consummationem
3083 4817 3307 4867 eorum,
3357 4811 3416 4855 ut
3467 4817 3706 4856 consum-

2151 4906 2309 4951 mata:
2343 4903 2396 4949 ct
2423 4905 2575 4950 extra
2601 4897 2864 4950 mundum
2899 4895 3054 4950 facta:
3089 4895 3347 4950 festinent
3369 4894 3517 4948 illuc.
3541 4892 3717 4959 Quan-

2151 4990 2219 5043 tis
2242 4997 2423 5043 autem
2453 5004 2559 5042 non
2591 4987 2692 5042 fuit
2715 5004 2847 5043 cura
2879 4997 3003 5058 post
3032 4988 3438 5042 inchoationem
3458 4986 3716 5042 Christiao

2148 5079 2334 5134 nitatis
2381 5088 2584 5133 tantam
2637 5079 2882 5148 accipere
2923 5079 3070 5134 verbi
3121 5079 3469 5144 doctrinam,
3517 5085 3716 5147 quanta

2147 5171 2416 5226 sufﬁceret
2447 5173 2526 5224 eis
2559 5170 2758 5225 durare
2804 5186 2977 5240 usque
3027 5171 3092 5224 ad
3135 5170 3331 5238 ﬁnem,
3383 5171 3715 5242 negligentes

2147 5263 2294 5316 circa
2352 5261 2751 5331 susceptionem
2783 5262 3042 5317 doctrina:
3079 5277 3200 5332 quae
3242 5261 3516 5317 confortat
3561 5262 3713 5315 ﬁdem

2147 5361 2202 5407 et
2229 5353 2496 5407 bonorum
2524 5361 2743 5408 actuum
2776 5352 2957 5406 lumen
3006 5353 3278 5406 illuminat
3324 5351 3488 5422 (quid
3536 5361 3712 5404 autem

2147 5442 2226 5495 sic
2251 5439 2522 5496 confortat
2553 5441 2694 5495 sicut
2722 5443 2946 5497 moralis
2981 5457 3162 5496 sermo
3185 5482 3201 5507 ,
3246 5444 3388 5512 quod
3430 5443 3605 5497 oleum
3635 5441 3710 5494 lu-

2146 5533 2309 5588 minis
2341 5533 2722 5604 appellatur)?
2773 5535 2853 5589 ha:
2905 5532 3069 5590 fatuae
3112 5547 3273 5604 sunt,
3307 5545 3359 5591 et
3392 5543 3710 5604 acceperunt

2724 5805 2768 5836 “
2800 5802 2988 5856 Matth.
3018 5821 3068 5868 ν,
3095 5804 3181 5857 16.
