4052 6304
305 343 439 404 1701

1433 329 2092 388 COMMENTARIORUM
2137 328 2402 385 SEltlES.

3420 342 3554 396 170?.

302 460 578 531 lampades
623 461 678 514 in
729 457 918 529 primis
952 456 1170 527 quidem
1203 469 1491 520 accensas,
1525 454 1617 510 sed
1649 454 1716 510 ad
1754 461 1870 506 tan-
1905 457 1946 511 Λ
1977 449 2165 504 dentes
2191 449 2449 520 quoniam
2478 461 2583 503 non
2617 457 2825 503 tantum
2867 450 3081 518 oleum,
3131 453 3182 508 id
3216 463 3300 509 est
3324 460 3548 517 verbum

301 563 416 609 tum
458 557 561 607 iter
608 551 824 606 obviam
867 547 1100 602 exeundi
1135 543 1339 618 s'ponso
1366 546 1543 601 oleum
1579 559 1688 598 non
1725 559 1875 599 acee-

299 654 516 718 perunt.
539 643 745 698 Moram
773 632 948 694 autem
976 654 1165 708 sponso
1190 637 1434 708 faciente,
1453 637 1872 691 dormitaverunt

304 753 479 793 omnes
525 734 785 803 virgines,
829 741 878 785 et
924 731 1254 784 dormiebant
1288 730 1355 783 ⁸³.
1385 728 1463 784 lta
1506 744 1709 799 sponso
1757 736 1874 783 tare

301 832 461 887 dante
483 870 498 894 ,
548 836 601 880 et
647 839 755 879 non
790 823 900 878 cito
942 823 1192 876 veniente
1226 820 1404 877 Verbo
1437 819 1505 875 ad
1531 833 1878 875 consumma-

303 925 505 979 tionem
533 919 658 974 vitae
705 932 934 980 eorum,
982 915 1111 970 hinc
1154 911 1437 985 patiuntur
1467 913 1670 984 aliquid
1715 912 1874 983 quasi

301 1028 530 1076 sensus,
565 1018 619 1064 et
652 1007 810 1078 quasi
845 1008 898 1061 in
931 1015 1088 1061 nocte
1117 1006 1304 1061 mundi
1335 1015 1554 1076 agentes
1591 1015 1644 1060 et
1669 1003 1877 1058 dormi-

303 1112 500 1157 tantes.
532 1099 880 1154 Dormierunt
905 1096 1122 1166 quidem
1141 1137 1156 1160 ,
1188 1104 1379 1166 utputa
1399 1135 1414 1162 ,
1441 1094 1726 1149 remissius
1752 1107 1874 1163 ege-

301 1201 430 1248 runt
464 1207 494 1245 a
527 1204 691 1246 sensu
725 1187 873 1242 vitali
910 1203 924 1239 :
961 1201 1072 1240 non
1103 1193 1282 1240 tamen
1328 1193 1384 1241 et
1425 1183 1702 1253 lampades
1749 1197 1874 1252 per-

303 1281 591 1344 diderunt,
649 1291 824 1346 neque
867 1275 1292 1344 desperaverunt
1339 1273 1408 1328 de
1461 1271 1878 1328 conservatione

305 1374 404 1430 olei
443 1372 546 1428 illa:
575 1371 886 1442 prudentes.

372 1464 460 1518 64.
506 1464 684 1517 Media
731 1471 904 1517 autem
950 1469 1099 1515 nocte
1136 1460 1338 1516 clamor
1376 1460 1550 1529 factus
1599 1468 1712 1526 est,
1761 1475 1876 1513 ecce

303 1572 521 1626 sponsus
548 1557 684 1610 venit
704 1596 718 1620 ,
742 1554 1007 1625 exsurgite
1030 1555 1232 1609 obuiam
1261 1555 1330 1608 ei.
1361 1552 1506 1608 Tunc
1536 1559 1876 1606 surrexerunt

305 1650 527 1720 virgines
555 1647 665 1702 illa:
691 1664 866 1701 omnes
884 1689 898 1714 ,
921 1659 969 1702 et
1000 1655 1398 1716 composuerunt
1428 1644 1696 1714 lampades
1726 1659 1872 1697 suas.

307 1741 501 1799 Fatua;
534 1751 708 1795 autem
753 1740 1098 1810 prudentibus
1145 1739 1435 1792 dixerunt:
1460 1736 1594 1790 Date
1627 1737 1774 1790 nobis
1813 1735 1877 1789 de

303 1834 413 1886 oleo
458 1842 657 1898 vestro,
705 1834 829 1902 quia
878 1829 1147 1900 lampades
1194 1839 1388 1882 nostrw
1446 1829 1872 1898 exstinguuntur.

303 1923 695 1993 Responderunt
735 1930 909 1975 autem
955 1921 1263 1990 prudentes,
1298 1919 1527 1972 dicentes
1559 1933 1578 1972 :
1611 1917 1696 1972 Ne
1743 1918 1878 1987 forte

302 2033 400 2070 non
425 2016 646 2085 sufﬁciat
676 2013 822 2067 nobis
842 2055 857 2079 ,
887 2021 936 2067 et
965 2013 1106 2066 vobis
1127 2053 1141 2077 ,
1176 2013 1245 2066 ite
1274 2013 1448 2081 potius
1477 2011 1546 2064 ad
1578 2010 1872 2075 uendentes,

300 2116 347 2159 et
388 2106 544 2159 emite
586 2103 750 2158 nobis.
795 2102 1122 2158 Abeuntibus
1151 2113 1323 2156 autem
1358 2102 1468 2156 illis
1505 2117 1708 2168 emere,
1739 2103 1876 2155 venit

307 2210 544 2262 sponsus,
569 2202 618 2247 et
651 2209 767 2262 qua
787 2203 994 2262 parata:
1019 2201 1190 2257 erant,
1219 2193 1546 2245 intraverunt
1570 2207 1690 2244 eum
1711 2207 1770 2246 eo
1805 2191 1876 2245 ad

302 2287 545 2356 nuptias,
587 2295 636 2337 et
658 2284 841 2338 clausa
870 2293 948 2337 est
968 2282 1162 2352 janua.
1192 2282 1490 2337 Novissime
1521 2293 1698 2337 autem
1726 2299 1874 2337 uene-

299 2389 421 2432 runt
447 2386 496 2431 et
521 2378 736 2447 reliqua:
759 2377 983 2447 uirgines
1013 2376 1240 2428 dicentes
1270 2391 1288 2429 :
1318 2375 1541 2430 Domine
1563 2415 1577 2440 ,
1626 2375 1873 2444 Domine,

298 2469 445 2539 aperi
487 2469 654 2522 nobis.
704 2471 769 2522 At
813 2468 902 2521 ille
935 2468 1248 2537 respondens
1280 2468 1356 2520 ait
1383 2482 1402 2521 :
1433 2467 1599 2521 Amen
1639 2467 1756 2521 dico
1788 2485 1877 2522 uo-

299 2561 399 2628 bis,
435 2562 608 2615 nescio
635 2576 720 2614 vos
737 2560 804 2612 ⁸³.
834 2559 1008 2614 Media
1039 2567 1219 2613 autem
1252 2569 1430 2624 nocte,
1465 2559 1516 2614 id
1545 2570 1628 2615 est
1656 2560 1712 2614 in
1749 2561 1873 2616 alti-

301 2653 485 2707 tudine
511 2652 870 2715 remissionis,
903 2660 958 2706 et
987 2652 1040 2706 in
1073 2652 1256 2706 medio
1283 2659 1530 2722 tempore
1555 2651 1668 2721 jam
1697 2662 1874 2708 trans-

298 2745 403 2798 acti
449 2743 672 2799 luminis
703 2744 1027 2812 vespertini,
1073 2751 1130 2799 et
1181 2745 1362 2798 adhuc
1407 2745 1610 2814 sperati
1653 2746 1870 2812 diurni,

297 2835 474 2890 factus
503 2844 584 2890 est
613 2835 818 2890 clamor
848 2851 1039 2891 omnes
1077 2836 1341 2891 suscitare
1366 2836 1660 2891 volentium
1681 2877 1696 2902 ,
1731 2839 1874 2894 sicut

293 2926 582 2990 existimo,
609 2927 960 2996 angelorum,
997 2925 1092 2996 qui
1127 2943 1305 2982 omnes
1339 2936 1463 2981 sunt
1499 2928 1874 2984 ministratorii

292 3017 515 3086 spiritus
536 3057 550 3084 ,
581 3019 670 3087 qui
694 3019 976 3070 mittuntur
1003 3017 1072 3070 ad
1109 3017 1462 3072 ministerium
1500 3029 1712 3088 propter
1743 3036 1869 3090 pos-

1976 541 2268 608 doctrinae,
2300 550 2795 611 congregaverant,
2833 551 2892 596 ut
2925 543 3194 599 sulliceret
3223 555 3274 600 et
3313 549 3446 618 ipsis
3483 555 3550 608 ad

1978 634 2146 688 vitam
2173 641 2227 689 et
2254 633 2374 688 illas
2399 634 2656 688 docerent
2689 649 2886 688 ornare
2927 633 3204 705 lampades
3229 653 3377 694 suas.
3416 641 3482 696 Et
3511 647 3555 700 si

1977 726 2414 780 consideraveris
2435 725 2670 794 aliquem
2699 725 3018 794 aliquando,
3038 729 3182 796 quod
3207 735 3559 803 congregavit

1977 817 2194 887 quidem
2227 817 2529 871 doctrinam
2560 817 2708 871 verbi
2741 817 2885 886 quod
2921 818 3023 872 sibi
3059 820 3289 875 sulliciat
3317 823 3383 876 ad
3421 825 3557 881 bene

1976 906 2267 962 vivendum
2294 945 2309 970 ,
2340 923 2447 962 non
2481 915 2664 961 tamen
2697 907 2942 962 utetiam
2975 908 3166 965 doctor
3206 913 3317 966 lieri
3346 915 3553 982 possit,

1975 997 2186 1053 videbis
2219 998 2364 1053 hunc
2401 999 2562 1052 talem
2605 1000 3021 1069 respondentem
3055 1002 3364 1059 volentibus
3391 1007 3462 1060 ab
3490 1022 3558 1062 eo

1977 1088 2188 1145 discere
2219 1106 2340 1160 qua:
2383 1099 2514 1146 sunt
2551 1090 2681 1157 Dei,
2731 1100 2782 1145 et
2825 1091 3132 1149 dicentem:
3168 1094 3249 1149 Ne
3278 1097 3414 1166 forte
3453 1117 3554 1154 non

1977 1183 2199 1252 suﬂ‘iciat
2246 1183 2396 1237 nobis
2431 1193 2480 1237 et
2512 1183 2678 1241 uobis.
2731 1182 3069 1241 Suﬂicienter
3113 1191 3257 1244 enim
3299 1193 3432 1248 mihi
3486 1195 3553 1249 ad

1977 1277 2115 1333 bene
2142 1277 2432 1332 vivendum
2461 1278 2636 1331 habeo
2659 1277 2964 1332 doctrinam
2987 1321 3002 1344 ,
3051 1295 3159 1335 non
3193 1295 3370 1338 tamen
3412 1294 3471 1340 ut
3502 1296 3558 1340 et

1976 1369 2132 1424 vobis
2168 1368 2372 1439 possim
2419 1369 2833 1424 accommodare
2867 1369 3197 1428 doctrinam.
3232 1373 3297 1427 Et
3329 1391 3557 1446 respon—

1977 1459 2183 1514 debunt
2208 1459 2516 1514 volentibus
2540 1474 2568 1512 a
2608 1474 2667 1512 se
2701 1458 2912 1515 discere
2937 1478 2950 1514 :
2983 1460 3064 1516 Ite
3086 1466 3252 1534 magis
3282 1464 3350 1517 ad
3374 1467 3557 1521 uendi-

1979 1560 2114 1603 tores
2135 1589 2151 1614 ,
2193 1560 2241 1602 et
2287 1549 2441 1603 emite
2472 1549 2650 1614 vobis,
2683 1549 2733 1603 id
2765 1558 2849 1604 est
2878 1550 2943 1604 ad
2972 1552 3223 1609 doctores
3245 1596 3260 1622 ,
3293 1558 3440 1612 etab
3470 1559 3553 1614 eis

1976 1640 2229 1710 accipite.
2259 1639 2327 1694 Et
2353 1639 2518 1695 fatuae
2555 1655 2664 1695 non
2705 1642 2924 1711 quando
2949 1645 3230 1712 oportebat
3257 1658 3448 1704 euntes
3482 1652 3551 1705 ad

1977 1732 2280 1788 doctrinam
2339 1732 2442 1786 sibi
2491 1733 2813 1798 emendam,
2861 1735 3095 1804 perdunt
3136 1745 3350 1808 tempus
3381 1741 3555 1797 intro-

1977 1822 2142 1877 eundi
2175 1836 2300 1876 cnm
2327 1836 2531 1891 sponso
2559 1823 2626 1876 ad
2655 1824 2894 1893 nuptias.
2924 1823 2988 1878 Et
3019 1839 3099 1881 est
3122 1827 3306 1883 videre
3334 1845 3428 1885 eos
3457 1833 3553 1901 qui

1977 1914 2103 1969 talia
2151 1915 2466 1983 patiuntur,
2527 1915 2621 1979 qui
2687 1916 2906 1985 quando
2967 1917 3272 1974 debuerunt
3332 1923 3552 1992 quidem

1977 2006 2222 2071 discere,
2257 2005 2608 2074 neglexerunt
2649 2005 2860 2061 discere
2909 2007 3113 2078 aliquid
3152 2011 3282 2065 utile
3311 2027 3374 2067 ex
3407 2013 3488 2068 eis
3522 2031 3552 2069 a

1976 2098 2177 2168 quibus
2205 2097 2417 2152 discere
2445 2097 2774 2152 debuerunt.
2808 2097 2862 2152 lu
2894 2100 3012 2168 ipso
3042 2109 3221 2155 autem
3247 2103 3396 2158 exitu
3430 2107 3554 2160 vitae

1977 2204 2092 2244 suae
2134 2189 2263 2243 dum
2309 2189 2606 2260 disponunt
2645 2192 2888 2256 discere,
2947 2197 3483 2264 comprehenduntur
3520 2216 3551 2254 a

1977 2288 2152 2334 morte
2177 2317 2194 2344 ,
2228 2288 2283 2334 et
2313 2289 2598 2350 propterea
2648 2297 2756 2336 non
2799 2282 3178 2354 ingrediuntur
3206 2301 3328 2340 cum
3375 2287 3554 2344 Verbo

1975 2372 2042 2426 ad
2075 2386 2334 2440 sponsam
2365 2370 2688 2439 Ecclesium,
2719 2388 2818 2428 nec
2841 2389 2962 2428 cum
2985 2374 3206 2430 Christo
3236 2376 3302 2431 ad
3329 2392 3422 2432 eos
3456 2381 3552 2449 qui

1976 2463 2141 2518 simul
2188 2464 2244 2518 in
2291 2465 2480 2533 requie
2513 2474 2641 2520 sunt
2677 2464 2844 2518 futuri
2890 2474 2944 2520 et
2990 2466 3044 2520 in
3093 2467 3425 2524 beatitudine
3463 2487 3552 2526 re-

1981 2553 2220 2624 gnaturi.
2251 2553 2540 2608 Clauditur
2567 2562 2748 2608 autem
2792 2565 2980 2625 postea
3018 2556 3222 2611 ostium
3262 2560 3442 2615 adhuc
3474 2560 3555 2615 la—

1976 2643 2086 2698 tuis
2122 2643 2426 2714 virginibus
2451 2643 2630 2698 oleum
2662 2645 2970 2712 accepturis
3002 2659 3125 2714 qua:
3154 2655 3207 2700 et
3235 2649 3354 2703 sine
3381 2663 3552 2704 causa

1975 2743 2164 2804 postea
2214 2733 2433 2788 venient
2475 2732 2720 2789 dicentes
2750 2753 2762 2788 :
2793 2733 3048 2801 Domine,
3099 2737 3354 2807 Domine,
3403 2742 3553 2811 aperi

1975 2825 2145 2878 nobis.
2204 2825 2393 2893 Itaque
2441 2825 2780 2894 respondens
2829 2841 3065 2895 sponsus
3111 2829 3242 2883 dicit
3281 2846 3294 2881 :
3355 2829 3552 2886 Nescio

1972 2931 2085 2970 uos.
2116 2913 2302 2985 Itaque
2328 2914 2588 2985 quoniam
2631 2915 2890 2985 parabola
2919 2918 3175 2975 omnibus
3203 2921 3553 2978 audientibus

1971 3006 2290 3074 dicebatur,
2333 3007 2616 3078 subiungit
2665 3009 2732 3062 ad
2781 3010 3078 3079 discipulos
3108 3026 3274 3078 suos,
3308 3015 3496 3072 dicens
3527 3031 3545 3072 :

293 3126 528 3164 cessuros
573 3109 882 3174 salutem”,
929 3111 1022 3180 qui
1053 3120 1106 3165 et
1140 3111 1358 3166 solliciti
1391 3111 1615 3167 fuerunt
1643 3128 1740 3169 eos
1775 3113 1868 3184 qui

1984 3095 2211 3167 Vigilate
2235 3113 2377 3166 ergo,
2409 3097 2533 3165 quia
2560 3098 2770 3150 nescitis
2791 3097 2930 3151 diem
2961 3109 3010 3152 et
3040 3100 3226 3154 horam
3242 3103 3307 3158 ⁸⁵.
3339 3103 3554 3159 Ornan-

293 3209 422 3256 sunt
450 3202 765 3269 sensibiles,
813 3202 1053 3257 excitare
1103 3201 1157 3255 in
1195 3202 1408 3257 obviam
1442 3219 1678 3274 sponso,
1707 3215 1762 3260 et
1791 3205 1874 3260 di-

293 3300 424 3345 cunt
473 3292 622 3345 intus
671 3291 970 3348 clamantes
1028 3292 1082 3346 in
1141 3295 1395 3350 sensibus
1447 3298 1694 3349 omnium
1745 3295 1876 3350 dor-

293 3383 575 3436 mientium
603 3401 616 3437 :
645 3382 778 3438 Ecce
819 3400 1040 3448 sponsus
1073 3386 1245 3453 venit,
1301 3387 1501 3455 surgite
1545 3387 1754 3441 obviam
1802 3387 1869 3440 ei.

292 3474 361 3526 Et
403 3475 803 3544 suggestionem
859 3475 1077 3544 quidem
1120 3486 1374 3544 oportere
1422 3475 1475 3528 in
1525 3477 1740 3530 obviam
1793 3477 1874 3533 ire

293 3580 496 3634 sponso
554 3564 764 3631 Verbo,
815 3573 870 3619 et
931 3564 1188 3619 Ecclesiae
1238 3566 1632 3632 immaculata,
1681 3581 1872 3623 omnes

289 3655 510 3728 quidem
579 3654 870 3707 audierunt
933 3662 990 3708 et
1060 3663 1475 3708 surrexerunt:
1529 3673 1638 3712 non
1689 3666 1869 3713 autem

291 3757 482 3796 omnes
512 3742 791 3796 decentem
826 3743 1207 3812 imposuerunt
1246 3743 1590 3812 lampadibus
1630 3745 1747 3800 suis
1784 3762 1874 3800 or-
1916 3805 1938 3822 ο

292 3843 480 3888 natum
502 3873 517 3896 ,
549 3834 642 3888 sed
677 3847 798 3902 quae
845 3833 1135 3888 audierunt
1165 3834 1507 3904 prudentiam
1540 3850 1636 3891 eas
1667 3851 1872 3892 ornan-

291 3936 423 3980 tem.
467 3925 542 3979 lta
588 3941 695 3980 non
727 3925 782 3979 in
811 3933 1056 3995 tempore
1090 3938 1396 3996 Opportuno
1424 3925 1585 3982 fatua;
1615 3927 1872 3982 dixerunt

289 4015 649 4086 prudentibus
683 4030 698 4067 :
736 4014 873 4068 Date
913 4014 1060 4070 nobis
1105 4015 1171 4070 de
1205 4016 1318 4070 oleo
1361 4026 1552 4081 uestro,
1585 4019 1745 4089 quasi
1777 4019 1870 4089 qui

292 4119 400 4158 non
437 4105 538 4159 sibi
592 4115 1058 4176 congregaverant
1102 4116 1228 4162 ante
1269 4107 1650 4179 prudentiam,
1688 4117 1748 4165 ut
1786 4110 1870 4165 in-

291 4195 534 4264 telligant
578 4194 837 4264 quoniam
887 4210 997 4250 non
1045 4194 1290 4250 omnium
1327 4195 1643 4251 habentium
1687 4196 1867 4251 oleum

287 4295 372 4342 est
403 4288 567 4342 etiam
598 4287 729 4343 dare
761 4302 830 4343 ex
880 4302 948 4343 eo
982 4287 1290 4344 volentibus
1334 4288 1488 4356 aliis,
1542 4288 1637 4344 sed
1675 4304 1867 4344 eorum

288 4383 665 4438 tantummodo
713 4382 805 4451 qui
853 4381 920 4437 ad
960 4383 1062 4438 hoc
1099 4383 1275 4454 ipsum
1328 4384 1486 4454 positi
1527 4394 1658 4440 sunt
1688 4393 1748 4439 ut
1778 4399 1868 4440 ve-

287 4475 567 4539 nnndent,
618 4482 672 4528 et
714 4473 996 4539 tribuant,
1045 4482 1100 4529 et
1150 4475 1420 4546 accipiant
1471 4477 1707 4547 pretium
1758 4477 1860 4531 olei

285 4569 451 4640 882
488 4570 815 4634 venundati,
855 4570 1014 4640 cujus
1056 4571 1290 4641 pretium
1325 4579 1409 4627 est
1437 4574 1859 4641 perseverantia,

285 4669 339 4715 et
369 4661 660 4729 instantia,
690 4670 744 4717 et
769 4677 926 4717 amor
953 4662 1234 4730 discendi,
1265 4671 1320 4718 et
1351 4663 1626 4734 diligentia
1647 4704 1662 4731 ,
1691 4671 1746 4719 et
1777 4665 1859 4719 la-

287 4753 386 4808 bor
424 4754 756 4823 cupientium
795 4755 1022 4811 discere.
1062 4754 1199 4810 Date
1248 4755 1394 4810 nobis
1429 4755 1494 4810 de
1521 4761 1636 4810 oleo
1669 4765 1857 4820 uestro,

285 4845 535 4914 quoniam
578 4844 850 4915 lampades
895 4854 1092 4902 nostra?
1115 4847 1544 4917 exstinguuntur.
1586 4845 1722 4902 Nam
1757 4847 1859 4904 etsi

286 4934 450 4991 latuaa
492 4947 682 5002 erant,
730 4946 910 4993 tamen
977 4939 1081 4994 hoc
1130 4939 1537 5010 intelligebant,
1598 4941 1857 5011 quoniam

284 5038 408 5078 eum
457 5024 664 5080 lumine
705 5025 970 5081 debebant
1011 5027 1225 5082 obviam
1269 5029 1348 5084 ire
1387 5044 1623 5100 sponso,
1665 5046 1861 5087 omnes

286 5115 563 5185 lampades
606 5114 868 5171 sens'uum
899 5117 1232 5176 illuminatas
1273 5120 1555 5177 habentes.
1592 5119 1862 5177 Videbant

285 5214 463 5261 autem
493 5215 548 5262 et
577 5207 707 5263 illud
731 5248 746 5274 ,
791 5208 1048 5279 quoniam
1080 5225 1146 5264 ex
1181 5226 1246 5265 eo
1273 5211 1418 5280 quod
1468 5211 1652 5268 minus
1695 5211 1859 5268 habe-

286 5297 415 5352 bant
460 5299 640 5356 oleum
688 5301 956 5357 rationale
997 5303 1110 5372 jam
1161 5303 1656 5374 propinquantibus
1702 5315 1855 5360 tene-

283 5388 418 5456 bris,
447 5391 722 5463 lampades
752 5410 942 5450 earum
973 5396 1189 5451 fuerant
1213 5397 1596 5452 ohscurandae.
1629 5395 1734 5451 Sed
1763 5411 1854 5453 sa-

283 5483 492 5551 pientes
530 5488 906 5544 transmittunt
941 5489 1119 5546 fatuas
1150 5490 1216 5545 ad
1249 5489 1354 5545 olei
1387 5489 1696 5546 venditores
1717 5529 1733 5557 ,
1769 5489 1852 5544 vi-

1973 3199 2055 3244 tes
2103 3200 2284 3242 antem
2327 3189 2607 3258 lampades
2660 3204 2922 3243 sensuum
2978 3194 3307 3262 evangelicis
3357 3197 3550 3254 usibus

1971 3288 2136 3349 atque
2169 3278 2334 3333 rectis
2354 3319 2370 3345 ,
2402 3287 2459 3333 ut
2489 3279 2534 3333 si
2568 3278 2788 3348 quidem
2831 3279 3118 3335 oculorum
3167 3294 3551 3340 ornamentum

1971 3378 2152 3426 rectus
2183 3385 2317 3425 usus
2351 3369 2568 3424 videndi
2599 3409 2614 3436 ,
2649 3378 2710 3423 ut
2744 3371 2888 3424 oculi
2924 3372 3145 3430 videant
3187 3378 3407 3447 quidem
3450 3379 3556 3434 ad-

1973 3462 2282 3516 mirandum
2333 3460 2632 3526 factorem,
2684 3461 3008 3520 claudantur
3048 3476 3228 3521 autem
3266 3477 3426 3525 utne
3467 3473 3550 3525 vi-

1971 3556 2135 3608 deant
2161 3554 2526 3623 iniquitatem.
2553 3551 2785 3608 Auditus
2821 3565 3000 3609 antem
3029 3567 3112 3611 est
3141 3569 3548 3625 ornamentum,

1971 3647 2192 3716 quando
2233 3645 2357 3715 quis
2403 3647 2738 3703 auditionem
2782 3665 2890 3702 non
2925 3649 3153 3718 suscipit
3184 3666 3414 3716 vanam,
3452 3653 3548 3707 sed

1972 3735 2206 3790 obdurat
2236 3751 2400 3790 aures
2443 3751 2573 3792 suas
2611 3747 2670 3791 ut
2712 3753 2820 3792 non
2863 3739 3088 3793 audiant
3127 3739 3394 3810 judicium
3423 3757 3551 3796 san-

1977 3826 2192 3896 guinis;
2241 3828 2394 3881 audit
2436 3839 2617 3883 autem
2679 3829 2865 3884 Jesum
2895 3830 3160 3885 dicentem
3202 3831 3269 3885 ad
3301 3846 3360 3886 se
3392 3847 3404 3884 :
3441 3833 3553 3886 A1—

1971 3917 2176 3985 aperire
2193 3917 2260 3984 ⁸⁶,
2287 3929 2346 3972 ut
2375 3927 2584 3973 tantum
2614 3921 2680 3974 ad
2701 3921 2864 3976 verba
2895 3921 3152 3976 salutaria
3169 3932 3221 3978 et
3241 3925 3548 3979 necessaria

1969 4011 2334 4078 praebeantur.
2387 4008 2479 4064 Sic
2517 4022 2572 4066 et
2607 4011 2675 4066 de
2707 4021 3031 4068 ornamento
3079 4023 3272 4084 gustus
3305 4017 3430 4086 quis
3467 4017 3549 4070 di.

1969 4115 2092 4156 cere
2133 4109 2344 4168 potest,
2392 4110 2446 4156 et
2489 4101 2556 4156 de
2591 4105 2924 4160 odorationis
2957 4113 3012 4159 et
3061 4106 3389 4175 palpationis
3412 4147 3428 4176 ,
3462 4122 3550 4162 se-

1969 4193 2208 4248 cundum
2259 4209 2321 4250 ea
2371 4211 2494 4265 quae
2541 4196 2686 4251 dicta
2735 4205 2881 4251 sunt.
2932 4197 3200 4262 Quoniam
3260 4198 3355 4268 qui
3407 4199 3549 4254 male

1968 4295 2202 4341 utuntur
2231 4287 2484 4342 sensibus
2511 4288 2647 4354 suis,
2679 4301 2870 4342 eorum
2902 4289 3111 4343 nullum
3144 4299 3230 4344 est
3255 4305 3550 4345 ornamen-

1969 4387 2084 4434 tum
2121 4389 2215 4435 aut
2247 4381 2302 4434 in
2328 4381 2503 4436 oculis
2525 4421 2542 4446 ,
2592 4389 2687 4435 aut
2714 4380 2768 4434 in
2801 4383 3062 4447 auribus,
3105 4392 3198 4437 aut
3229 4383 3284 4437 in
3319 4384 3546 4455 reliquis

1895 4467 1939 4522 Ι)
1969 4474 2240 4530 sensibus.
2291 4475 2701 4532 Observandum
2732 4486 2816 4532 est
2858 4486 3073 4540 autem,
3111 4477 3372 4548 quoniam
3410 4478 3546 4533 seri--

1967 4578 2120 4637 ptum
2147 4577 2230 4625 est
2257 4569 2476 4640 quidem
2503 4569 2682 4626 fatuas
2707 4571 3057 4626 transmissus
3084 4570 3149 4624 ad
3182 4571 3362 4626 oleum
3391 4584 3541 4625 com-

1966 4659 2292 4729 parandum,
2340 4675 2449 4716 non
2479 4670 2659 4716 tamen
2688 4661 3000 4716 referuntur
3027 4662 3226 4717 emisse
3259 4673 3353 4716 aut
3385 4677 3543 4717 acce-

1966 4749 2112 4818 pisse
2157 4767 2170 4803 :
2223 4749 2318 4805 sed
2372 4751 2476 4806 hoc
2527 4751 2582 4806 in
2635 4751 2853 4808 silentio
2905 4753 3306 4822 praetermisso,
3350 4762 3539 4823 postea

1965 4841 2193 4906 dictum,
2213 4841 2469 4911 quoniam
2498 4850 2622 4912 post
2643 4842 2748 4897 hoc
2765 4842 2973 4896 veniunt
3001 4851 3051 4896 et
3077 4843 3291 4912 reliqua:
3315 4844 3539 4914 uirgines

1964 4933 2194 4987 dicentes
2222 4949 2241 4986 :
2270 4931 2492 4987 Domine
2512 4972 2528 4997 ,
2569 4931 2792 4988 Domine
2813 4975 2827 5000 ,
2863 4934 3010 5002 aperi
3058 4934 3225 4987 nobis.
3269 4935 3403 4989 Cum
3436 4951 3537 5006 po-

1963 5025 2158 5080 tuisset
2199 5023 2383 5079 dicere
2423 5041 2436 5077 :
2482 5023 2674 5080 Postea
2716 5034 2976 5079 venerunt
3024 5033 3246 5094 accepto
3289 5025 3409 5079 oleo
3456 5027 3538 5080 vel

1961 5125 2280 5187 comparato
2304 5158 2318 5183 ,
2363 5117 2750 5172 convenienter
2777 5115 2960 5180 siluit,
2996 5125 3057 5171 ut
3094 5133 3162 5171 ne
3213 5117 3539 5172 habentibus

1964 5207 2178 5276 oleum,
2213 5208 2295 5264 vel
2335 5207 2388 5263 in
2423 5217 2669 5265 extremo
2708 5207 3035 5265 ornantibus
3079 5210 3358 5279 lampades
3408 5223 3538 5264 suas

1963 5301 2166 5356 diceret
2198 5316 2211 5353 :
2257 5299 2450 5354 Nescio
2481 5301 2571 5372 qui
2602 5301 2752 5357 estis.
2791 5299 2902 5356 Nec
2928 5301 3071 5356 enim
3104 5300 3363 5355 scribitur
3406 5302 3534 5371 quia

1962 5405 2220 5452 ornantes
2281 5395 2558 5465 lampades
2606 5409 2737 5450 suas
2794 5402 3080 5449 venerunt.
3149 5391 3357 5448 Tamen
3411 5392 3536 5449 linis

1961 5488 2110 5542 verbi
2149 5496 2232 5543 est
2284 5487 2422 5553 iste,
2472 5493 2532 5540 ut
2582 5486 2636 5540 in
2677 5485 2827 5540 omni
2872 5495 3114 5555 tempore
3166 5499 3538 5554 praeparemus

354 5755 401 5787 “
430 5752 618 5808 Matth.
655 5769 778 5820 xw,
820 5753 873 5809 5.
950 5755 996 5790 ⁸⁸
1017 5755 1145 5812 ibid.
1178 5757 1211 5811 6
1241 5766 1294 5813 et
1326 5771 1478 5826 seqq.
1554 5756 1599 5789 “
1635 5755 1796 5811 llebr.
1835 5773 1870 5811 ιη

1970 5757 2002 5811 ι.
2079 5758 2126 5790 ⁸³
2154 5755 2339 5811 Matth,
2375 5771 2516 5820 xxv,
2550 5755 2636 5810 l3.
2712 5757 2757 5787 ⁸⁸
2797 5754 2962 5810 Marc.
2994 5770 3088 5818 vn,
3122 5755 3210 5819 56.
