4052 6304
559 282 699 339 i703

1721 289 2044 348 ORIGENlS
2078 291 2146 348 LV
2183 294 2600 355 MATTIL'EUM

3706 306 3729 360 l
3742 305 3858 362 Ἴθι

555 412 657 453 nos
689 397 764 454 ad
791 398 998 453 exitum
1018 440 1034 465 ,
1074 409 1135 456 ut
1176 416 1284 457 non
1314 400 1507 458 demus
1536 416 1790 459 somnum
1830 406 2005 463 oculis
2036 424 2132 464 no-
2161 416 2206 473 Α
2237 412 2499 484 scriptum
2533 413 2676 484 apud
2708 411 2975 472 Joannem
3020 432 3033 468 :
3073 414 3258 473 Omnis
3287 419 3508 490 spiritus
3544 421 3647 491 qui
3682 422 3860 477 soltit

558 500 707 550 διε-πθ,
741 502 914 555 neque
930 488 1202 557 palpebris
1225 489 1430 544 nostris
1457 490 1900 547 dormitationem
1918 494 1986 561 ⁸⁷,
2003 495 2129 564 quia

556 579 832 633 nescimus
867 578 1011 633 diem
1044 588 1097 634 et
1126 580 1316 634 horam
1344 582 1524 637 exitus
1554 583 1751 638 nostri.

626 670 713 724 65.
778 667 952 723 llomo
1008 672 1225 742 quidam
1272 688 1482 742 peregre
1535 675 1873 743 proﬁciscens
1932 677 2134 731 vocavit

552 779 727 818 servas
766 778 912 827 suos,
953 773 1002 816 et
1040 765 1265 819 tradidit
1303 767 1379 822 eis
1417 768 1552 821 bona
1582 785 1715 832 sua,
1746 776 1797 822 et
1835 770 2041 839 reliqua
2065 770 2129 821 ⁸⁸.

556 855 622 910 Et
665 856 905 926 primum
956 858 1177 926 quidem
1225 858 1508 916 videamus
1559 878 1728 932 quare
1765 864 2131 935 peregrinanti

556 947 764 1002 homini
817 947 1158 1002 assimilatur
1204 947 1471 1006 Dominus
1500 962 1713 1020 noster,
1750 954 1843 1023 qui
1882 970 2026 1010 unus
2051 964 2136 1009 est

556 1036 818 1093 Dominus
846 1049 1055 1103 noster,
1087 1039 1153 1094 de
1176 1056 1286 1110 quo
1311 1041 1386 1096 ait
1411 1042 1708 1112 Apostolus
1729 1044 1775 1075 ⁸⁸
1800 1062 1813 1097 :
1848 1042 2016 1098 Nobis
2043 1061 2138 1098 au-

556 1139 667 1185 tem
693 1146 829 1184 unus
870 1130 1127 1185 Dominus
1149 1132 1303 1187 Jesus
1336 1132 1602 1198 Christus,
1634 1152 1727 1205 per
1748 1152 1899 1207 quem
1932 1138 2131 1203 omnia,

553 1230 603 1273 et
637 1235 731 1274 nos
759 1236 852 1289 per
882 1221 1053 1290 ipsum
1079 1262 1094 1288 ,
1138 1223 1183 1278 si
1213 1231 1393 1278 tamen
1425 1225 1494 1279 ab
1533 1240 1599 1279 eo
1627 1228 2003 1283 tantummodo
2036 1227 2134 1282 do-

554 1298 861 1379 minemur,
911 1321 965 1368 et
1016 1330 1194 1385 neque
1245 1331 1560 1372 mammona
1603 1318 1885 1374 dominum
1933 1320 2136 1374 habea-

556 1418 719 1469 mus,
770 1420 947 1474 neque
1021 1406 1258 1474 aliquem
1311 1406 1658 1463 dominorum
1707 1424 1895 1465 eorum
1925 1450 1940 1475 ,
1994 1427 2134 1481 qttos

555 1497 757 1551 multos
788 1512 908 1552 esse
940 1497 1259 1567 significans
1291 1498 1405 1569 ipse
1428 1500 1745 1569 Apostolus,
1771 1501 1993 1557 dicit”:
2017 1500 2135 1557 Sic-

553 1598 609 1641 ut
657 1589 796 1641 enim
832 1599 954 1642 sunt
982 1590 1059 1642 dii
1090 1590 1280 1657 multi,
1321 1598 1370 1643 et
1413 1591 1612 1646 domini
1645 1592 1822 1646 multi.
1856 1593 1994 1663 Ergo
2025 1594 2135 1663 pri-

554 1696 703 1733 mum
740 1696 1059 1748 quaeramus
1087 1682 1154 1737 de
1179 1683 1617 1752 peregrinatione
1666 1685 1858 1755 ipsius,
1898 1688 2134 1740 maxime

2232 504 2435 568 Jesum,
2463 522 2566 559 non
2600 515 2674 560 est
2700 521 2766 560 ea:
2798 506 2902 561 Deo
2933 509 3012 577 9';
3046 509 3138 563 sed
3162 511 3457 582 unicuique
3495 514 3863 571 substantia:

2233 597 2618 665 proprietatem
2660 612 2966 654 servamus.
3001 599 3059 652 Si
3098 601 3243 655 enim
3268 603 3450 657 omnis
3481 604 3665 658 homo
3713 606 3861 661 ﬁde-

2235 688 2301 742 lis
2348 688 2439 757 qui
2485 689 2824 759 conjungitur
2870 689 3134 758 Domino,
3185 708 3321 745 unus
3367 694 3596 762 spiritus
3643 704 3741 749 est
3771 697 3856 761 ⁶³;

2235 789 2441 849 quanto
2470 781 2645 851 magis
2679 782 2841 836 homo
2870 781 2960 836 ille
2995 797 3157 852 quem
3194 787 3495 839 secundum
3532 787 3861 856 dispensa-

2238 871 2436 924 tionem
2464 871 2647 927 earnis
2674 870 2931 943 Christus
2965 874 3234 944 suscepit,
3271 890 3379 931 non
3409 886 3493 931 est
3522 878 3858 937 solvendus

2235 962 2304 1016 ab
2332 977 2417 1028 eo,
2451 978 2553 1019 nec
2581 964 2719 1019 alter
2761 972 2843 1019 est
2887 964 3152 1021 dicendus
3182 966 3251 1021 ab
3281 968 3379 1022 eo?
3408 967 3475 1022 Et
3506 969 3639 1025 vid‘e
3694 987 3856 1041 quo-

2236 1053 2402 1108 modo
2448 1055 2554 1123 ait,
2610 1056 2745 1109 sicut
2796 1056 2950 1109 homo
3002 1073 3215 1128 peregre
3254 1059 3501 1129 futurus;
3554 1064 3852 1132 quoniam

2236 1159 2346 1199 non
2398 1154 2516 1200 erat
2563 1147 2746 1214 homo,
2794 1149 2885 1204 sed
2926 1148 3070 1203 sicut
3116 1149 3312 1218 homo;
3356 1162 3409 1207 et
3443 1154 3609 1223 quasi
3664 1157 3851 1211 homo

2236 1239 2689 1310 peregrinabitur,
2739 1241 2835 1311 qui
2883 1250 3002 1296 erat
3048 1242 3252 1313 ubique
3293 1248 3599 1302 secundum
3621 1248 3847 1305 divini-

2236 1332 2362 1386 tatis
2396 1345 2666 1387 naturam.
2702 1330 2877 1388 Simul
2915 1336 3200 1391 considera
3229 1338 3488 1407 quoniam
3521 1356 3641 1396 non
3682 1342 3843 1397 vide-

2234 1429 2326 1477 tur
2372 1424 2603 1480 redditio
2643 1426 2916 1482 sermonis
2948 1427 3020 1481 ita
3064 1429 3373 1499 conscripta
3412 1428 3617 1485 :Sicut
3663 1432 3839 1487 homo

2234 1516 2608 1586 peregrinans,
2640 1517 2722 1573 sic
2754 1526 2807 1572 et
2831 1516 3010 1585 Jesus,
3043 1528 3138 1573 aut
3179 1519 3293 1576 ita:
3325 1523 3405 1577 sic
3426 1530 3479 1575 et
3513 1521 3706 1579 Filius
3737 1527 3838 1579 ho-

2235 1607 2399 1662 minis
2433 1625 2446 1661 :
2477 1608 2734 1678 quoniam
2776 1608 2891 1679 ipse
2925 1619 3010 1665 est
3062 1612 3156 1682 qui
3203 1612 3256 1666 in
3309 1613 3574 1683 parabola
3616 1630 3836 1686 propo-

2235 1695 2383 1750 nitur
2411 1698 2764 1767 peregrinans
2790 1700 2947 1769 quasi
2986 1701 3170 1756 homo.
3198 1699 3310 1758 Nec
3332 1704 3476 1757 enim
3506 1714 3595 1759 est
3627 1705 3829 1770 homo,

554 1772 680 1840 quia
733 1773 1157 1842 peregrinationi
1205 1773 1325 1843 ejus
1370 1773 1584 1830 videtur
1627 1790 1750 1830 esse
1795 1776 2130 1830 contrarium
2165 1772 2205 1826 Β
2235 1786 2329 1855 qui
2375 1795 2458 1842 est
2509 1789 2823 1858 ubicunque
2869 1790 2980 1846 duo
3028 1793 3114 1847 vel
3157 1801 3268 1849 [res
3322 1794 3375 1848 in
3432 1797 3666 1851 nomine
3708 1798 3833 1868 ejus

554 1862 700 1932 quod
733 1864 848 1932 ipse
874 1864 941 1919 de
971 1880 1030 1920 se
1065 1865 1352 1936 discipulis
1384 1866 1500 1923 suis
1532 1867 1818 1936 promittit,
1845 1868 2033 1923 dicens
2055 1868 2128 1923 9‘:

560 1954 661 2011 Ubi
702 1957 902 2025 fuerint
941 1956 1047 2010 duo
1077 1957 1155 2011 vel
1184 1965 1287 2012 tres
1332 1959 1635 2029 congregati
1664 1960 1719 2013 in
1755 1960 1964 2014 nomine
1996 1976 2131 2025 meo,

558 2049 631 2103 ibi
672 2062 789 2099 sum
836 2047 889 2099 in
936 2047 1105 2101 medio
1160 2063 1363 2102 eorum.
1408 2047 1537 2103 Item
1587 2049 1718 2103 illud
1746 2051 1829 2101 In:
1863 2048 1998 2105 Ecce
2038 2067 2131 2122 ego

553 2139 819 2192 nobiscum
846 2154 962 2191 sum
990 2138 1231 2194 omnibus
1262 2140 1470 2205 diebus,
1501 2156 1665 2212 usque
1696 2140 1766 2194 ad
1793 2157 2130 2195 consumma-

553 2233 746 2286 tionem
791 2229 998 2286 swculi.
1035 2230 1101 2286 Et
1131 2233 1277 2301 quod
1317 2232 1559 2303 Baptista
1606 2234 1739 2289 dicit
1767 2234 1834 2289 de
1865 2249 1966 2301 eo,
2011 2234 2132 2289 ubi-

551 2339 662 2394 que
693 2338 819 2377 eum
855 2338 980 2379 esse
1029 2323 1445 2391 demonstrans,
1492 2325 1565 2381 ita
1593 2343 1607 2382 :
1636 2324 1705 2380 In
1740 2327 1911 2383 medio
1951 2336 2128 2385 autem

551 2423 779 2468 uestrum
810 2423 917 2468 stat
950 2431 1103 2485 quem
1135 2431 1219 2470 vos
1254 2417 1488 2485 nescitis,
1520 2419 1630 2487 ipse
1662 2427 1739 2473 est
1772 2420 1863 2490 qui
1890 2428 2009 2489 post
2051 2436 2131 2475 me

553 2505 771 2558 venit”.
821 2495 1115 2576 PrOpterea
1143 2507 1288 2563 dicet
1311 2509 1509 2579 aliquis
1540 2527 1552 2563 :
1584 2507 1641 2564 Si
1668 2511 1722 2565 in
1755 2512 1935 2567 medio
1962 2513 2127 2569 etiam

552 2597 911 2655 nescientium
940 2612 999 2653 se
1023 2606 1164 2666 stat,
1187 2598 1232 2654 si
1263 2600 1575 2672 ubicunque
1603 2601 1714 2658 duo
1741 2604 1824 2659 vel
1851 2614 1962 2660 tres
1995 2620 2127 2662 con-

549 2688 756 2760 gregati
793 2688 996 2744 fuerint
1035 2690 1090 2743 in
1126 2692 1349 2748 nomine
1382 2694 1537 2762 ejus,
1569 2694 1712 2750 inter
1749 2711 1846 2752 eos
1874 2696 2126 2766 habetur,

549 2780 597 2836 si
646 2796 744 2850 per
776 2796 968 2839 omnes
1016 2783 1133 2839 dies
1162 2785 1284 2839 vitae
1326 2785 1720 2856 discipulorum
1766 2805 1891 2844 cum
1933 2791 2014 2846 eis
2045 2800 2129 2848 est

546 2888 721 2943 usque
753 2873 820 2928 ad
845 2877 1377 2932 consummationem
1406 2879 1614 2950 saeculi,
1639 2881 1914 2950 quomodo
1936 2883 1992 2938 in
2022 2884 2126 2940 ista

547 2964 804 3033 parabola
827 2967 1152 3036 proponitur
1182 2969 1572 3038 peregrinans?
1597 2969 1915 3029 Tractantes
1942 2982 2126 3031 autem

540 3073 830 3133 assumere
849 3059 1111 3115 debemus
1140 3068 1194 3115 et
1218 3061 1352 3115 illud
1374 3062 1521 3132 quod
1551 3061 1755 3119 Paulus
1787 3065 1863 3119 ait
1885 3065 1956 3121 de
1982 3082 2041 3122 se
2055 3066 2122 3122 ἐς

549 3147 662 3215 bgo
688 3157 865 3201 autem
907 3149 1094 3204 absens
1134 3167 1373 3220 corpore,
1415 3168 1645 3221 praesens
1684 3163 1864 3209 autem
1906 3158 2121 3226 spiritu,

539 3237 659 3307 jam
690 3239 933 3308 judican
960 3248 1017 3292 ut
1061 3256 1291 3310 prcesens
1316 3282 1331 3307 ,
1370 3246 1698 3314 congregatis
1734 3247 1876 3302 vobis
1916 3259 1966 3303 et
2010 3265 2123 3305 meo

545 3329 762 3397 spiritu,
789 3346 911 3383 cum
936 3331 1129 3384 virtute
1158 3330 1375 3386 Domini
1406 3331 1558 3398 Iesu,
1602 3351 1717 3390 eum
1742 3338 1832 3408 qui
1867 3339 1990 3394 talis
2020 3352 2119 3408 est,

545 3419 760 3473 tradere
779 3418 998 3476 Satanae
1024 3422 1081 3474 in
1110 3422 1382 3477 interitum
1425 3427 1722 3492 carnis,~ut
1758 3430 1978 3500 spiritus
2007 3433 2121 3503 ejus

542 3512 718 3564 salvus
740 3513 810 3566 sit
842 3513 898 3565 in
925 3513 1011 3568 die
1044 3513 1256 3569 Domini
1281 3519 1451 3573 nostri
1476 3517 1608 3573 Iesu
1647 3520 1867 3578 Christi.
1894 3522 1953 3578 Si
1973 3526 2120 3580 enim

542 3602 719 3659 virtus
748 3602 878 3659 Jesu
926 3618 1288 3681 congregatur
1318 3625 1444 3666 cum
1481 3611 1567 3668 his
1597 3613 1688 3684 qui
1719 3627 2122 3688 congregantur

541 3693 596 3747 in
625 3696 844 3751 nomine
869 3699 1018 3768 ejus,
1049 3717 1157 3757 non
1218 3706 1595 3775 peregrinatur
1616 3722 1648 3762 a
1676 3709 1812 3778 suis,
1853 3712 1946 3766 sed
1974 3727 2122 3767 sem-

543 3799 636 3855 per
666 3797 866 3856 praesto
910 3800 992 3845 est
1022 3792 1122 3847 eis.
1172 3794 1329 3860 Quod
1378 3797 1425 3851 si
1470 3812 1685 3868 semper
1712 3802 1967 3858 omnibus
2003 3782 2143 3860 suis’

539 3887 626 3933 est
668 3895 907 3948 praesens
928 3922 942 3947 ,
974 3886 1253 3953 quomodo
1283 3888 1637 3948 introducunt
1670 3909 1794 3947 eum
1846 3897 2118 3965 parabolae

536 3968 661 4035 ejus
721 3973 1200 4040 peregrinantem?
1247 3976 1383 4035 Vide
1446 3981 1495 4036 si
1546 3998 1839 4053 possumus
1907 3988 2118 4043 solvere

540 4060 644 4115 hoc
696 4063 860 4118 mo'do
905 4066 1053 4135 quod
1100 4072 1382 4139 quaeritur.
1432 4072 1538 4140 Qui
1580 4078 1727 4132 enim
1771 4078 1904 4133 dicit
1953 4080 2118 4136 disci-

536 4154 680 4223 pulis
747 4158 923 4212 suis:
984 4159 1117 4215 Ecce
1177 4180 1270 4234 ego
1313 4166 1579 4222 uobiscum
1651 4187 1768 4224 sum
1826 4188 1989 4243 usque
2045 4174 2114 4228 ad

534 4251 1036 4305 consummationem
1100 4256 1321 4322 saeculi;
1380 4268 1435 4313 et
1502 4260 1628 4314 item
1686 4279 1700 4315 :
1757 4260 1857 4316 Ubi
1916 4264 2113 4334 fuerint

535 4340 643 4393 duo
690 4341 767 4394 uel
817 4352 922 4398 tres
973 4349 1275 4418 congregati
1337 4351 1393 4404 in
1444 4353 1650 4407 nomine
1709 4369 1859 4420 meo,
1920 4365 1969 4410 et
2017 4373 2110 4427 ego

2235 1878 2431 1934 fuerim
2458 1883 2796 1952 congregati.
2829 1880 3014 1954 Neque
3056 1885 3222 1941 homo
3247 1888 3531 1943 nobiscum
3574 1899 3667 1945 est
3708 1906 3832 1946 om-

2233 1973 2396 2028 nibus
2425 1972 2615 2030 diebus
2653 1990 2826 2046 usque
2867 1977 2932 2032 ad
2973 1981 3503 2036 consummationem
3533 1985 3735 2039 saeculi
3758 1985 3828 2042 ”.

2232 2065 2344 2123 Nec
2390 2069 2735 2139 congregatis
2787 2069 2991 2140 ubique
3040 2069 3292 2129 ﬁdelibus
3336 2073 3502 2128 homo
3541 2084 3630 2131 est
3684 2092 3827 2146 prae-

2232 2172 2382 2223 sens,
2410 2158 2505 2213 sed
2532 2159 2705 2215 virtus
2731 2160 2913 2215 divina
2938 2176 3062 2230 qua:
3091 2170 3211 2217 erat
3242 2162 3299 2218 in
3321 2160 3472 2219 Jesu.
3506 2163 3828 2223 Possumus

2232 2252 2397 2306 etiam
2445 2251 2573 2306 talia
2608 2252 2789 2308 dicere
2838 2253 2905 2308 de
2953 2253 3058 2310 hoc
3101 2255 3271 2311 loco:
3313 2256 3446 2310 nihil
3474 2259 3821 2314 contrarium

2232 2359 2358 2399 eum
2402 2344 2583 2415 ipsum
2650 2343 2835 2400 Jesum
2895 2347 3197 2402 secundum
3249 2350 3546 2418 quemdam
3592 2353 3823 2421 quidem

2232 2435 2566 2493 intellectum
2606 2452 2729 2493 esse
2772 2437 3006 2509 ubique,
3061 2440 3363 2496 secundum
3414 2442 3584 2497 alium
3629 2454 3817 2500 autem

2231 2526 2583 2597 peregrinari.
2621 2525 2679 2581 Si
2702 2525 2847 2581 enim
2874 2542 2974 2583 nos
3001 2527 3129 2581 dum
3157 2545 3340 2584 sumus
3374 2532 3687 2601 incorpore.
3723 2551 3815 2604 pe-

2231 2621 2563 2691 regrinamur
2592 2636 2625 2673 a
2663 2617 2891 2673 Domino
2925 2621 2977 2688 ¹;
3030 2636 3127 2692 per
3166 2621 3327 2677 ﬁdem
3371 2624 3517 2678 enim
3557 2627 3815 2683 ambula-

2228 2728 2377 2782 mus,
2415 2727 2524 2769 non
2562 2727 2659 2784 per
2704 2713 2942 2783 speciem
2991 2729 3004 2766 :
3055 2713 3109 2769 in
3145 2716 3403 2772 omnibus
3437 2718 3531 2788 qui
3579 2732 3712 2775 sunt
3755 2720 3812 2776 in

2228 2820 2458 2878 corpore
2489 2813 2544 2862 et
2586 2804 3006 2877 peregrinantur
3051 2821 3082 2861 a
3131 2805 3386 2876 Domino,
3434 2812 3810 2881 peregrinatur

2228 2898 2297 2954 ab
2317 2897 2397 2953 eis
2427 2906 2482 2953 et
2512 2896 2775 2954 Dominus
2799 2914 2895 2969 per
2935 2897 3092 2954 fidem
3121 2899 3545 2969 ambulantibus,
3574 2918 3678 2957 non
3700 2919 3801 2973 per

2228 2990 2485 3061 speciem.
2535 2988 2593 3044 Si
2626 2999 2807 3046 autem
2853 2991 3269 3062 peregrinantes
3318 3009 3349 3049 a
3404 3009 3612 3063 corpore
3654 3009 3783 3049 cum

2228 3080 2461 3137 Domino
2493 3081 2780 3151 fuerimus,
2809 3091 2863 3137 et
2888 3083 3004 3152 ipse
3035 3093 3164 3139 tunc
3186 3085 3293 3140 erit
3317 3085 3578 3141 nobiscum
3605 3094 3659 3139 et
3683 3101 3783 3155 pro

2227 3186 2293 3228 eo
2319 3173 2462 3242 quod
2486 3188 2582 3242 per
2612 3175 3233 3243 ﬁdemamhulavimus,
3266 3187 3326 3232 ut
3355 3186 3404 3232 et
3428 3193 3519 3248 per
3554 3177 3792 3247 speciem

2225 3273 2413 3335 postea
2439 3264 2802 3322 ambulemus.
2848 3264 3095 3336 Speciem
3137 3275 3315 3323 autem
3356 3270 3592 3325 dicimus
3611 3267 3800 3336 Verbi,

2223 3364 2278 3411 et
2322 3356 2620 3425 sapientiae,
2669 3363 2724 3412 et
2764 3357 3033 3423 veritatis,
3079 3367 3134 3415 et
3160 3358 3403 3428 justitize,
3447 3369 3503 3415 et
3540 3362 3725 3429 pacis,
3752 3371 3808 3418 et

2224 3448 2468 3503 omnium
2515 3448 2780 3519 quidquid
2831 3457 2916 3505 est
2965 3448 3279 3522 Unigenitus
3326 3449 3492 3505 Deus.
3540 3450 3806 3522 Speciem

2223 3545 2404 3592 autem
2431 3536 2619 3604 Verbi,
2659 3545 2714 3592 et
2753 3537 2988 3607 speciem
3035 3540 3310 3609 sapientiae
3346 3539 3643 3611 intelliges.
3673 3558 3804 3599 cum

2221 3628 2554 3684 intellexeris
2596 3629 2742 3700 quod
2790 3630 2868 3685 ait
2911 3630 3209 3701 Apostolus
3240 3635 3260 3664 ²
3296 3648 3310 3684 :
3347 3630 3477 3687 Filii
3511 3635 3643 3697 mei,
3671 3652 3805 3704 quos

2221 3720 2414 3774 iterum
2446 3722 2716 3790 parturio,
2749 3721 2914 3776 donec
2960 3723 3220 3791 formetur
3254 3721 3498 3778 Christus
3542 3724 3593 3777 in
3634 3725 3797 3779 vobis.

2221 3814 2538 3871 Formatum
2565 3814 2710 3869 enim
2747 3812 3026 3870 Christum
3069 3815 3378 3886 intelligens
3403 3816 3457 3870 in
3482 3817 3685 3885 aliquo,
3720 3817 3804 3872 vi-

2219 3908 2373 3964 debis
2413 3917 2813 3978 consequenter
2849 3908 3149 3963 secundum
3184 3907 3565 3963 formationem
3604 3909 3802 3979 hujus-

2219 4000 2367 4055 modi
2411 4000 2573 4054 etiam
2627 3998 2864 4069 speciem
2906 3998 3133 4057 Christi.
3174 4000 3287 4055 Iste
3328 4014 3457 4070 ergo
3494 4000 3585 4070 qui
3637 4000 3799 4070 quasi

2220 4090 2384 4145 homo
2414 4104 2638 4160 peregre
2679 4097 2765 4143 est
2805 4086 3103 4158 profectus,
3147 4088 3364 4145 vocavit
3407 4104 3595 4145 servos
3640 4105 3796 4155 suos,

2216 4191 2269 4237 et
2300 4180 2521 4236 tradidit
2548 4182 2627 4237 eis
2653 4181 2934 4249 probatam
2971 4181 3259 4250 pecuniam
3288 4196 3445 4236 suam
3472 4182 3524 4236 in
3561 4182 3800 4253 eloquiis

2215 4272 2402 4328 castis.
2445 4271 2718 4339 Quoniam
2754 4272 2964 4341 eloquia
3012 4271 3163 4342 ejus,
3190 4274 3400 4344 eloquia
3447 4282 3571 4329 sunt
3619 4285 3800 4342 casta,

2217 4375 2493 4437 argentum
2523 4365 2771 4434 ignitum,
2795 4362 3086 4431 probabile,
3117 4374 3403 4437 purgatum
3428 4367 3615 4435 septies
3640 4367 3686 4421 ³.

531 4448 653 4487 sum
681 4433 737 4487 in
780 4437 952 4490 medio
991 4455 1208 4507 eorum,
1245 4450 1301 4496 et
1343 4452 1567 4512 caetera;
1619 4454 1674 4501 et
1709 4447 1803 4517 qui
1844 4448 1896 4502 in
1944 4450 2109 4522 883
2146 4462 2188 4517 D
2283 4433 2374 4514 66.
2408 4457 2474 4513 Et
2502 4433 2595 4512 uni
2623 4458 2767 4512 dedit
2809 4458 3036 4528 quinque
3077 4433 3297 4521 talenta,
3329 4457 3429 4512 alii
3457 4433 3635 4512 autem
3666 4459 3790 4523 duo,

534 4524 716 4580 medio
780 4528 942 4583 etiam
1001 4532 1360 4588 nescientium
1418 4551 1479 4591 se
1544 4539 1832 4607 consistit,
1898 4539 2105 4614 Unige-

533 4616 680 4672 nitus
717 4617 810 4673 Dei
843 4629 944 4687 est,
977 4619 1119 4678 Deus
1149 4622 1405 4692 Verbum,
1444 4636 1497 4683 et
1539 4629 1827 4699 sapientia,
1852 4640 1907 4687 et
1942 4632 2107 4702 justi-

531 4711 638 4775 tia,
673 4723 729 4768 et
767 4716 974 4782 veritas
996 4757 1011 4778 ,
1062 4718 1157 4788 qui
1204 4735 1310 4775 non
1344 4730 1427 4777 est
1460 4738 1722 4794 corporeo
1760 4726 1968 4782 ambitu
1997 4728 2107 4782 cir-

529 4805 865 4861 cumclusus.
892 4808 1200 4865 Secundum
1229 4812 1369 4868 hanc
1389 4814 1688 4874 divinitatis
1713 4834 1826 4874 suae
1851 4828 2101 4875 naturam

530 4909 639 4949 non
667 4898 1063 4967 peregrinatur,
1103 4904 1196 4957 sed
1244 4907 1950 4977 peregrinatursecundum
1984 4911 2099 4968 dis-

529 4987 903 5056 pensationem
950 4996 1192 5061 corporis
1254 4996 1401 5065 quod
1464 5000 1723 5070 suscepit.
1783 4999 2098 5059 Secundum

528 5076 675 5147 quod
704 5086 758 5133 et
786 5080 1035 5137 turbatus
1078 5093 1180 5152 est,
1223 5097 1277 5142 et
1310 5088 1483 5145 tristis
1519 5089 1695 5149 factus
1719 5104 1822 5159 est,
1857 5096 2046 5152 dicens
2081 5112 2095 5148 :

528 5170 688 5226 Nunc
722 5173 903 5227 anima
929 5190 1043 5229 mea
1077 5177 1322 5232 turbatur
1349 5181 1417 5235 ”.
1448 5180 1513 5237 Et
1538 5184 1733 5239 iterum
1761 5203 1774 5239 :
1803 5185 1995 5242 Tristis
2020 5196 2101 5242 est

524 5265 703 5317 anima
737 5281 853 5320 mea
877 5283 1037 5334 usque
1062 5269 1132 5321 ad
1160 5281 1376 5326 mortem
1399 5275 1466 5327 ".
1500 5273 1625 5330 Haec
1647 5284 1826 5331 autem
1854 5278 2097 5335 dicentes

522 5369 633 5408 non
664 5355 925 5410 solvimus
968 5360 1205 5430 suscepti
1251 5364 1495 5433 corporis
1540 5366 1837 5437 hominem,
1868 5384 1990 5426 cum
2027 5373 2098 5429 sit

590 5515 828 5592 ’χρυ-ον.⁴
853 5534 927 5582 vt,
960 5520 1029 5586 4;
1059 5518 1202 5576 Psal.
1229 5537 1413 5592 cxxxt,
1447 5524 1500 5579 4.
1577 5526 1622 5560 ⁵⁸
1660 5526 1848 5584 Matth,
1879 5544 2006 5591 xxv,
2041 5529 2126 5583 u,

1976 5600 2023 5633 ’ί
2062 5597 2082 5651 1
2114 5600 2241 5655 Cor.
2276 5617 2330 5664 v,
2382 5601 2497 5656 5-5.

1662 5671 1705 5704 ’³
1735 5670 1923 5729 Matth.
1978 5686 2171 5740 xxv'tn,
2210 5671 2298 5726 '20.
2416 5672 2431 5704 ¹
2459 5673 2475 5726 l
2500 5671 2628 5728 Cor.
2674 5689 2725 5741 v,
2762 5672 2814 5726 6.
2894 5669 2913 5699 ¹
2942 5665 3061 5723 Gal.
3090 5683 3160 5737 tv,
3190 5667 3274 5725 19.
3385 5672 3405 5703 ³
3434 5669 3579 5727 Psal.
3607 5690 3689 5744 st,
3718 5675 3777 5732 τ.

518 5589 564 5663 ff
590 5588 793 5663 Matth.
826 5606 994 5663 xxvtu
1018 5631 1032 5655 ,
1083 5593 1174 5663 26.
1208 5660 1233 5663 Α
1265 5592 1311 5625 ’³
1340 5588 1506 5652 Joan.
1548 5614 1598 5662 I.
1628 5598 1720 5663 26,
1774 5600 1864 5654 27.

518 5658 788 5736 utr-"J09".
848 5662 1024 5736 ινδιξᾷ
1075 5661 1119 5694 ⁸³
1150 5660 1167 5713 l
1197 5660 1323 5719 Cor.
1374 5683 1450 5736 vr,
1486 5668 1566 5724 l6.

518 5730 541 5761 ⁸
570 5729 761 5782 Matth.
790 5745 922 5797 uv,
966 5730 1026 5784 l5
1059 5739 1112 5785 et
1146 5747 1297 5803 seqq.

2208 4552 2303 4607 alii
2328 4569 2446 4607 vero
2478 4567 2662 4606 unum.
2695 4550 2986 4622 Unicuique
3006 4559 3183 4605 autem
3205 4551 3491 4605 secundum
3518 4553 3793 4620 propriam

2207 4643 2471 4697 uirtutem.
2507 4640 2576 4695 Et
2620 4641 2888 4711 profectus
2935 4652 3012 4695 est
3051 4641 3255 4695 statim.
3298 4640 3444 4694 Abiit
3480 4651 3662 4695 autem
3703 4642 3792 4712 qui

2207 4735 2434 4805 quinque
2469 4732 2670 4787 talenta
2700 4741 2991 4802 acceperat,
3023 4742 3073 4787 et
3105 4729 3350 4801 operatus
3383 4743 3463 4786 est
3512 4732 3571 4785 in
3615 4734 3716 4795 eis,
3743 4741 3790 4786 et

2209 4815 2446 4881 lucratus
2476 4833 2552 4880 est
2583 4825 2696 4879 alia
2738 4826 2967 4897 quinque
3000 4824 3222 4879 talenta.
3252 4821 3515 4878 Similiter
3553 4824 3647 4893 qui
3684 4824 3789 4879 duo

2208 4919 2427 4988 accepit,
2454 4917 2692 4972 lucratus
2717 4926 2794 4972 est
2817 4918 2871 4971 in
2895 4917 2970 4971 eis
3001 4916 3106 4970 duo
3132 4916 3261 4971 alia.
3294 4915 3399 4981 Qui
3417 4925 3594 4969 autem
3621 4932 3789 4969 unum

2204 5011 2425 5081 accepit,
2455 5009 2635 5064 abiens
2683 5009 2819 5079 fodit
2867 5010 2919 5062 in
2972 5018 3190 5074 terram,
3223 5021 3273 5063 et
3311 5007 3584 5063 abscondit
3620 5024 3755 5077 pecu

2206 5103 2351 5156 niam
2378 5101 2578 5155 domini
2615 5100 2699 5154 sui
2740 5099 2782 5153 ⁵.
2808 5097 2951 5169 Ergo
2995 5098 3040 5153 si
3083 5099 3304 5168 quando
3348 5099 3549 5153 videris
3591 5114 3783 5153 eorum

2206 5193 2301 5264 qui
2341 5201 2668 5262 acceperunt
2706 5207 2735 5246 a
2778 5188 3001 5247 Christo
3038 5190 3497 5260 dispensationem
3532 5191 3787 5260 eloquto-

2207 5301 2326 5341 rum
2374 5284 2491 5350 Dei,
2538 5284 2676 5339 alios
2725 5284 2945 5354 quidem
2999 5282 3202 5338 habere
3251 5282 3504 5352 amplius,
3537 5291 3591 5338 et
3636 5282 3781 5338 divi-

2203 5375 2350 5440 nius,
2388 5382 2443 5429 et
2469 5372 2855 5438 abundantius,
2893 5372 3029 5428 alios
3060 5382 3238 5428 autem
3272 5372 3476 5442 minus,
3498 5383 3570 5440 et,
3609 5382 3673 5429 ut
3701 5375 3779 5432 ita

2203 5530 2247 5563 ⁸⁸
2286 5528 2457 5585 ICor.
2487 5545 2582 5585 vm
2606 5568 2621 5592 ,
2654 5528 2708 5584 6.
2784 5527 2830 5560 ’°
2862 5526 2995 5583 ibid.
3027 5527 3079 5581 5.

2606 5600 2651 5633 ’⁸
2681 5600 2839 5657 Joan.
2866 5612 2965 5656 χιι.
3019 5597 3107 5650 17.

3180 5529 3224 5561 ⁹¹
3258 5528 3445 5585 Matth.
3478 5547 3647 5597 xvm,
3681 5533 3776 5590 20.

3219 5600 3266 5631 "
3287 5601 3477 5655 Matth.
3508 5618 3654 5666 xxvi,
3681 5605 3777 5659 38.
