  <div class='ocr_page' id='page_1' title='image "/cluster/home/n/w/nwhite01/storage/ocr_20150623/13/mdp.39015007036059/856.png"; bbox 0 0 4052 6304; ppageno 0'>
   <div class='ocr_carea' id='block_1_1' title="bbox 279 463 418 517">
    <p class='ocr_par' dir='ltr' id='par_1_1' title="bbox 279 463 418 517">
     <span class='ocr_line' id='line_1_1' title="bbox 279 463 418 517; baseline 0.007 -1"><span class='ocrx_word' id='word_1_1' title='bbox 279 463 418 517; x_wconf 76' lang='lat' dir='ltr'><strong>I705</strong></span> 
     </span>
    </p>
   </div>
   <div class='ocr_carea' id='block_1_2' title="bbox 1420 453 2394 512">
    <p class='ocr_par' dir='ltr' id='par_1_2' title="bbox 1420 453 2394 512">
     <span class='ocr_line' id='line_1_2' title="bbox 1420 453 2394 512; baseline 0.005 -5"><span class='ocrx_word' id='word_1_2' title='bbox 1420 453 2088 511; x_wconf 69' lang='lat' dir='ltr'><strong>COMMENTARIORUM</strong></span> <span class='ocrx_word' id='word_1_3' title='bbox 2133 456 2394 512; x_wconf 80' lang='lat' dir='ltr'><strong>SERIES.</strong></span> 
     </span>
    </p>
   </div>
   <div class='ocr_carea' id='block_1_3' title="bbox 3396 463 3530 519">
    <p class='ocr_par' dir='ltr' id='par_1_3' title="bbox 3396 463 3530 519">
     <span class='ocr_line' id='line_1_3' title="bbox 3396 463 3530 519; baseline 0.03 -3"><span class='ocrx_word' id='word_1_4' title='bbox 3396 463 3530 519; x_wconf 72' lang='grc' dir='ltr'><strong>ιτοδ</strong></span> 
     </span>
    </p>
   </div>
   <div class='ocr_carea' id='block_1_4' title="bbox 274 574 3531 652">
    <p class='ocr_par' dir='ltr' id='par_1_4' title="bbox 274 574 3531 652">
     <span class='ocr_line' id='line_1_4' title="bbox 274 574 3531 652; baseline -0.002 -13"><span class='ocrx_word' id='word_1_5' title='bbox 274 585 476 649; x_wconf 85' lang='lat' dir='ltr'><strong>dicam,</strong></span> <span class='ocrx_word' id='word_1_6' title='bbox 521 598 695 652; x_wconf 88' lang='lat' dir='ltr'><strong>neque</strong></span> <span class='ocrx_word' id='word_1_7' title='bbox 748 581 803 635; x_wconf 91' lang='lat' dir='ltr'><strong>in</strong></span> <span class='ocrx_word' id='word_1_8' title='bbox 851 578 1080 635; x_wconf 91' lang='lat' dir='ltr'><strong>dimidio</strong></span> <span class='ocrx_word' id='word_1_9' title='bbox 1130 578 1494 648; x_wconf 74' lang='lat' dir='ltr'><strong>intelli&#39;gentes</strong></span> <span class='ocrx_word' id='word_1_10' title='bbox 1531 591 1712 630; x_wconf 84' lang='lat' dir='ltr'><strong>rerum</strong></span> <span class='ocrx_word' id='word_1_11' title='bbox 1759 591 1850 630; x_wconf 38' lang='lat' dir='ltr'><strong>ne,</strong></span> <span class='ocrx_word' id='word_1_12' title='bbox 1879 582 1928 636; x_wconf 79' lang='grc' dir='ltr'>Α</span> <span class='ocrx_word' id='word_1_13' title='bbox 1955 574 2003 628; x_wconf 91' lang='lat' dir='ltr'><strong>ei</strong></span> <span class='ocrx_word' id='word_1_14' title='bbox 2033 575 2428 631; x_wconf 78' lang='lat' dir='ltr'><strong>sublimiorem.</strong></span> <span class='ocrx_word' id='word_1_15' title='bbox 2465 576 2589 630; x_wconf 82' lang='lat' dir='ltr'><strong>Erat</strong></span> <span class='ocrx_word' id='word_1_16' title='bbox 2635 586 2815 631; x_wconf 89' lang='lat' dir='ltr'><strong>autem</strong></span> <span class='ocrx_word' id='word_1_17' title='bbox 2863 577 3060 648; x_wconf 83' lang='lat' dir='ltr'><strong>aliquis</strong></span> <span class='ocrx_word' id='word_1_18' title='bbox 3104 594 3384 634; x_wconf 73' lang='lat' dir='ltr'><strong>servorum</strong></span> <span class='ocrx_word' id='word_1_19' title='bbox 3427 583 3531 635; x_wconf 80' lang='lat' dir='ltr'><strong>mi-</strong></span> 
     </span>
    </p>
   </div>
   <div class='ocr_carea' id='block_1_5' title="bbox 276 670 1847 746">
    <p class='ocr_par' dir='ltr' id='par_1_5' title="bbox 276 670 1847 746">
     <span class='ocr_line' id='line_1_5' title="bbox 276 670 1847 746; baseline -0.004 -15"><span class='ocrx_word' id='word_1_20' title='bbox 276 677 422 746; x_wconf 85' lang='lat' dir='ltr'><strong>gotia</strong></span> <span class='ocrx_word' id='word_1_21' title='bbox 446 673 848 745; x_wconf 73' lang='lat' dir='ltr'><strong>comparatione</strong></span> <span class='ocrx_word' id='word_1_22' title='bbox 879 687 1066 726; x_wconf 90' lang='lat' dir='ltr'><strong>eorum</strong></span> <span class='ocrx_word' id='word_1_23' title='bbox 1099 671 1191 741; x_wconf 89' lang='lat' dir='ltr'><strong>qui</strong></span> <span class='ocrx_word' id='word_1_24' title='bbox 1225 670 1394 724; x_wconf 90' lang='lat' dir='ltr'><strong>multo</strong></span> <span class='ocrx_word' id='word_1_25' title='bbox 1420 679 1546 724; x_wconf 92' lang='lat' dir='ltr'><strong>sunt</strong></span> <span class='ocrx_word' id='word_1_26' title='bbox 1571 671 1847 736; x_wconf 82' lang='lat' dir='ltr'><strong>meliores,</strong></span> 
     </span>
    </p>
   </div>
   <div class='ocr_carea' id='block_1_6' title="bbox 274 763 1852 830">
    <p class='ocr_par' dir='ltr' id='par_1_6' title="bbox 274 763 1852 830">
     <span class='ocr_line' id='line_1_6' title="bbox 274 763 1852 830; baseline -0.004 -5"><span class='ocrx_word' id='word_1_27' title='bbox 274 770 410 825; x_wconf 82' lang='lat' dir='ltr'><strong>alios</strong></span> <span class='ocrx_word' id='word_1_28' title='bbox 439 780 617 822; x_wconf 87' lang='lat' dir='ltr'><strong>autem</strong></span> <span class='ocrx_word' id='word_1_29' title='bbox 645 765 822 820; x_wconf 91' lang='lat' dir='ltr'><strong>adhuc</strong></span> <span class='ocrx_word' id='word_1_30' title='bbox 860 764 1043 818; x_wconf 92' lang='lat' dir='ltr'><strong>minus</strong></span> <span class='ocrx_word' id='word_1_31' title='bbox 1088 763 1317 830; x_wconf 88' lang='lat' dir='ltr'><strong>habere;</strong></span> <span class='ocrx_word' id='word_1_32' title='bbox 1370 764 1577 820; x_wconf 91' lang='lat' dir='ltr'><strong>videbis</strong></span> <span class='ocrx_word' id='word_1_33' title='bbox 1606 764 1852 820; x_wconf 77' lang='lat' dir='ltr'><strong>diﬁ‘crcn-</strong></span> 
     </span>
    </p>
   </div>
   <div class='ocr_carea' id='block_1_7' title="bbox 273 855 1841 928">
    <p class='ocr_par' dir='ltr' id='par_1_7' title="bbox 273 855 1841 928">
     <span class='ocr_line' id='line_1_7' title="bbox 273 855 1841 928; baseline -0.004 -11"><span class='ocrx_word' id='word_1_34' title='bbox 273 863 378 917; x_wconf 87' lang='lat' dir='ltr'><strong>tias</strong></span> <span class='ocrx_word' id='word_1_35' title='bbox 413 875 602 915; x_wconf 84' lang='lat' dir='ltr'><strong>eorum</strong></span> <span class='ocrx_word' id='word_1_36' title='bbox 637 857 726 928; x_wconf 88' lang='lat' dir='ltr'><strong>qni</strong></span> <span class='ocrx_word' id='word_1_37' title='bbox 761 856 977 926; x_wconf 88' lang='lat' dir='ltr'><strong>eloquia</strong></span> <span class='ocrx_word' id='word_1_38' title='bbox 1017 855 1111 910; x_wconf 92' lang='lat' dir='ltr'><strong>Dei</strong></span> <span class='ocrx_word' id='word_1_39' title='bbox 1149 867 1508 926; x_wconf 86' lang='lat' dir='ltr'><strong>susceperunt</strong></span> <span class='ocrx_word' id='word_1_40' title='bbox 1537 871 1568 910; x_wconf 89' lang='lat' dir='ltr'><strong>a</strong></span> <span class='ocrx_word' id='word_1_41' title='bbox 1601 855 1841 921; x_wconf 75' lang='lat' dir='ltr'><strong>Christo,</strong></span> 
     </span>
    </p>
   </div>
   <div class='ocr_carea' id='block_1_8' title="bbox 273 946 1846 1021">
    <p class='ocr_par' dir='ltr' id='par_1_8' title="bbox 273 946 1846 1021">
     <span class='ocr_line' id='line_1_8' title="bbox 273 946 1846 1021; baseline -0.003 -16"><span class='ocrx_word' id='word_1_42' title='bbox 273 951 530 1021; x_wconf 87' lang='lat' dir='ltr'><strong>quoniam</strong></span> <span class='ocrx_word' id='word_1_43' title='bbox 561 949 663 1003; x_wconf 90' lang='lat' dir='ltr'><strong>alia</strong></span> <span class='ocrx_word' id='word_1_44' title='bbox 714 947 815 1002; x_wconf 85' lang='lat' dir='ltr'><strong>fuit</strong></span> <span class='ocrx_word' id='word_1_45' title='bbox 848 947 1022 1001; x_wconf 84' lang='lat' dir='ltr'><strong>virtus</strong></span> <span class='ocrx_word' id='word_1_46' title='bbox 1051 961 1238 1000; x_wconf 91' lang='lat' dir='ltr'><strong>eorum</strong></span> <span class='ocrx_word' id='word_1_47' title='bbox 1291 946 1493 1015; x_wconf 90' lang='lat' dir='ltr'><strong>quibus</strong></span> <span class='ocrx_word' id='word_1_48' title='bbox 1545 946 1669 1000; x_wconf 90' lang='lat' dir='ltr'><strong>data</strong></span> <span class='ocrx_word' id='word_1_49' title='bbox 1721 957 1846 1002; x_wconf 89' lang='lat' dir='ltr'><strong>sunt</strong></span> 
     </span>
    </p>
   </div>
   <div class='ocr_carea' id='block_1_9' title="bbox 272 1037 1840 1113">
    <p class='ocr_par' dir='ltr' id='par_1_9' title="bbox 272 1037 1840 1113">
     <span class='ocr_line' id='line_1_9' title="bbox 272 1037 1840 1113; baseline -0.003 -16"><span class='ocrx_word' id='word_1_50' title='bbox 272 1044 514 1113; x_wconf 88' lang='lat' dir='ltr'><strong>quinque</strong></span> <span class='ocrx_word' id='word_1_51' title='bbox 534 1043 753 1107; x_wconf 71' lang='lat' dir='ltr'><strong>talenta,</strong></span> <span class='ocrx_word' id='word_1_52' title='bbox 786 1041 887 1094; x_wconf 90' lang='lat' dir='ltr'><strong>alia</strong></span> <span class='ocrx_word' id='word_1_53' title='bbox 919 1039 1118 1109; x_wconf 87' lang='lat' dir='ltr'><strong>quibus</strong></span> <span class='ocrx_word' id='word_1_54' title='bbox 1145 1037 1274 1101; x_wconf 90' lang='lat' dir='ltr'><strong>duo,</strong></span> <span class='ocrx_word' id='word_1_55' title='bbox 1299 1038 1403 1091; x_wconf 83' lang='lat' dir='ltr'><strong>alia</strong></span> <span class='ocrx_word' id='word_1_56' title='bbox 1425 1038 1622 1108; x_wconf 87' lang='lat' dir='ltr'><strong>quibus</strong></span> <span class='ocrx_word' id='word_1_57' title='bbox 1653 1055 1840 1103; x_wconf 91' lang='lat' dir='ltr'><strong>unum,</strong></span> 
     </span>
    </p>
   </div>
   <div class='ocr_carea' id='block_1_10' title="bbox 269 1127 1842 1198">
    <p class='ocr_par' dir='ltr' id='par_1_10' title="bbox 269 1127 1842 1198">
     <span class='ocr_line' id='line_1_10' title="bbox 269 1127 1842 1198; baseline -0.004 -10"><span class='ocrx_word' id='word_1_58' title='bbox 269 1143 324 1188; x_wconf 92' lang='lat' dir='ltr'><strong>et</strong></span> <span class='ocrx_word' id='word_1_59' title='bbox 355 1133 490 1186; x_wconf 82' lang='lat' dir='ltr'><strong>alter</strong></span> <span class='ocrx_word' id='word_1_60' title='bbox 538 1131 760 1185; x_wconf 85' lang='lat' dir='ltr'><strong>alterius</strong></span> <span class='ocrx_word' id='word_1_61' title='bbox 814 1145 920 1184; x_wconf 92' lang='lat' dir='ltr'><strong>non</strong></span> <span class='ocrx_word' id='word_1_62' title='bbox 967 1128 1212 1198; x_wconf 80' lang='lat' dir='ltr'><strong>capiebat</strong></span> <span class='ocrx_word' id='word_1_63' title='bbox 1264 1142 1595 1181; x_wconf 77' lang='lat' dir='ltr'><strong>mensuram.</strong></span> <span class='ocrx_word' id='word_1_64' title='bbox 1645 1127 1711 1182; x_wconf 91' lang='lat' dir='ltr'><strong>Et</strong></span> <span class='ocrx_word' id='word_1_65' title='bbox 1749 1128 1842 1198; x_wconf 91' lang='lat' dir='ltr'><strong>qui</strong></span> 
     </span>
    </p>
   </div>
   <div class='ocr_carea' id='block_1_11' title="bbox 270 1219 1843 1293">
    <p class='ocr_par' dir='ltr' id='par_1_11' title="bbox 270 1219 1843 1293">
     <span class='ocr_line' id='line_1_11' title="bbox 270 1219 1843 1293; baseline -0.001 -15"><span class='ocrx_word' id='word_1_66' title='bbox 270 1225 478 1293; x_wconf 82' lang='lat' dir='ltr'><strong>accepit</strong></span> <span class='ocrx_word' id='word_1_67' title='bbox 511 1223 772 1276; x_wconf 80' lang='lat' dir='ltr'><strong>talentum</strong></span> <span class='ocrx_word' id='word_1_68' title='bbox 803 1236 992 1284; x_wconf 90' lang='lat' dir='ltr'><strong>unum,</strong></span> <span class='ocrx_word' id='word_1_69' title='bbox 1025 1219 1231 1288; x_wconf 86' lang='lat' dir='ltr'><strong>accepit</strong></span> <span class='ocrx_word' id='word_1_70' title='bbox 1264 1219 1480 1288; x_wconf 88' lang='lat' dir='ltr'><strong>quidem</strong></span> <span class='ocrx_word' id='word_1_71' title='bbox 1515 1221 1699 1274; x_wconf 87' lang='lat' dir='ltr'><strong>datum</strong></span> <span class='ocrx_word' id='word_1_72' title='bbox 1736 1237 1843 1276; x_wconf 90' lang='lat' dir='ltr'><strong>non</strong></span> 
     </span>
    </p>
   </div>
   <div class='ocr_carea' id='block_1_12' title="bbox 268 1311 1841 1382">
    <p class='ocr_par' dir='ltr' id='par_1_12' title="bbox 268 1311 1841 1382">
     <span class='ocr_line' id='line_1_12' title="bbox 268 1311 1841 1382; baseline -0.002 -13"><span class='ocrx_word' id='word_1_73' title='bbox 268 1313 675 1382; x_wconf 81' lang='lat' dir='ltr'><strong>contemptibile</strong></span> <span class='ocrx_word' id='word_1_74' title='bbox 711 1329 724 1364; x_wconf 90' lang='lat'><strong>:</strong></span> <span class='ocrx_word' id='word_1_75' title='bbox 751 1312 982 1364; x_wconf 89' lang='lat' dir='ltr'><strong>multum</strong></span> <span class='ocrx_word' id='word_1_76' title='bbox 1007 1319 1090 1364; x_wconf 86' lang='lat' dir='ltr'><strong>est</strong></span> <span class='ocrx_word' id='word_1_77' title='bbox 1117 1311 1262 1364; x_wconf 87' lang='lat' dir='ltr'><strong>enim</strong></span> <span class='ocrx_word' id='word_1_78' title='bbox 1298 1318 1350 1363; x_wconf 93' lang='lat' dir='ltr'><strong>et</strong></span> <span class='ocrx_word' id='word_1_79' title='bbox 1379 1325 1546 1364; x_wconf 90' lang='lat' dir='ltr'><strong>unum</strong></span> <span class='ocrx_word' id='word_1_80' title='bbox 1583 1311 1841 1366; x_wconf 86' lang='lat' dir='ltr'><strong>talentum</strong></span> 
     </span>
    </p>
   </div>
   <div class='ocr_carea' id='block_1_13' title="bbox 268 1402 1844 1473">
    <p class='ocr_par' dir='ltr' id='par_1_13' title="bbox 268 1402 1844 1473">
     <span class='ocr_line' id='line_1_13' title="bbox 268 1402 1844 1473; baseline -0.003 -12"><span class='ocrx_word' id='word_1_81' title='bbox 268 1407 393 1461; x_wconf 89' lang='lat' dir='ltr'><strong>talis</strong></span> <span class='ocrx_word' id='word_1_82' title='bbox 423 1405 647 1460; x_wconf 88' lang='lat' dir='ltr'><strong>domini.</strong></span> <span class='ocrx_word' id='word_1_83' title='bbox 686 1403 889 1457; x_wconf 90' lang='lat' dir='ltr'><strong>Tamen</strong></span> <span class='ocrx_word' id='word_1_84' title='bbox 937 1411 1047 1456; x_wconf 91' lang='lat' dir='ltr'><strong>tres</strong></span> <span class='ocrx_word' id='word_1_85' title='bbox 1099 1411 1224 1456; x_wconf 89' lang='lat' dir='ltr'><strong>sunt</strong></span> <span class='ocrx_word' id='word_1_86' title='bbox 1275 1402 1476 1470; x_wconf 82' lang='lat' dir='ltr'><strong>proprii</strong></span> <span class='ocrx_word' id='word_1_87' title='bbox 1531 1403 1672 1457; x_wconf 81' lang='lat' dir='ltr'><strong>servi</strong></span> <span class='ocrx_word' id='word_1_88' title='bbox 1724 1404 1844 1473; x_wconf 78' lang='lat' dir='ltr'><strong>ejus</strong></span> 
     </span>
    </p>
   </div>
   <div class='ocr_carea' id='block_1_14' title="bbox 268 1493 1841 1568">
    <p class='ocr_par' dir='ltr' id='par_1_14' title="bbox 268 1493 1841 1568">
     <span class='ocr_line' id='line_1_14' title="bbox 268 1493 1841 1568; baseline -0.001 -17"><span class='ocrx_word' id='word_1_89' title='bbox 268 1497 360 1568; x_wconf 92' lang='lat' dir='ltr'><strong>qui</strong></span> <span class='ocrx_word' id='word_1_90' title='bbox 392 1510 612 1566; x_wconf 80' lang='lat' dir='ltr'><strong>peregre</strong></span> <span class='ocrx_word' id='word_1_91' title='bbox 646 1493 922 1564; x_wconf 88' lang='lat' dir='ltr'><strong>profectus</strong></span> <span class='ocrx_word' id='word_1_92' title='bbox 945 1505 1028 1547; x_wconf 93' lang='lat' dir='ltr'><strong>est</strong></span> <span class='ocrx_word' id='word_1_93' title='bbox 1057 1493 1214 1561; x_wconf 89' lang='lat' dir='ltr'><strong>quasi</strong></span> <span class='ocrx_word' id='word_1_94' title='bbox 1249 1493 1431 1558; x_wconf 90' lang='lat' dir='ltr'><strong>homo,</strong></span> <span class='ocrx_word' id='word_1_95' title='bbox 1474 1493 1617 1548; x_wconf 84' lang='lat' dir='ltr'><strong>sicut</strong></span> <span class='ocrx_word' id='word_1_96' title='bbox 1662 1502 1716 1548; x_wconf 91' lang='lat' dir='ltr'><strong>et</strong></span> <span class='ocrx_word' id='word_1_97' title='bbox 1740 1495 1841 1549; x_wconf 83' lang='lat' dir='ltr'><strong>tria</strong></span> 
     </span>
    </p>
   </div>
   <div class='ocr_carea' id='block_1_15' title="bbox 268 1581 1838 1657">
    <p class='ocr_par' dir='ltr' id='par_1_15' title="bbox 268 1581 1838 1657">
     <span class='ocr_line' id='line_1_15' title="bbox 268 1581 1838 1657; baseline -0.002 -16"><span class='ocrx_word' id='word_1_98' title='bbox 268 1601 464 1657; x_wconf 86' lang='lat' dir='ltr'><strong>genera</strong></span> <span class='ocrx_word' id='word_1_99' title='bbox 510 1593 636 1640; x_wconf 91' lang='lat' dir='ltr'><strong>sunt</strong></span> <span class='ocrx_word' id='word_1_100' title='bbox 667 1598 855 1637; x_wconf 90' lang='lat' dir='ltr'><strong>eorum</strong></span> <span class='ocrx_word' id='word_1_101' title='bbox 906 1583 998 1652; x_wconf 91' lang='lat' dir='ltr'><strong>qui</strong></span> <span class='ocrx_word' id='word_1_102' title='bbox 1046 1581 1281 1636; x_wconf 87' lang='lat' dir='ltr'><strong>fructum</strong></span> <span class='ocrx_word' id='word_1_103' title='bbox 1335 1581 1560 1637; x_wconf 85' lang='lat' dir='ltr'><strong>faciunt.</strong></span> <span class='ocrx_word' id='word_1_104' title='bbox 1594 1583 1838 1649; x_wconf 87' lang='lat' dir='ltr'><strong>Quorum</strong></span> 
     </span>
    </p>
   </div>
   <div class='ocr_carea' id='block_1_16' title="bbox 267 1673 1837 1747">
    <p class='ocr_par' dir='ltr' id='par_1_16' title="bbox 267 1673 1837 1747">
     <span class='ocr_line' id='line_1_16' title="bbox 267 1673 1837 1747; baseline 0 -17"><span class='ocrx_word' id='word_1_105' title='bbox 267 1678 488 1747; x_wconf 91' lang='lat' dir='ltr'><strong>quidam</strong></span> <span class='ocrx_word' id='word_1_106' title='bbox 539 1676 756 1746; x_wconf 89' lang='lat' dir='ltr'><strong>quidem</strong></span> <span class='ocrx_word' id='word_1_107' title='bbox 807 1673 1014 1729; x_wconf 88' lang='lat' dir='ltr'><strong>faciunt</strong></span> <span class='ocrx_word' id='word_1_108' title='bbox 1067 1685 1327 1740; x_wconf 91' lang='lat' dir='ltr'><strong>centum,</strong></span> <span class='ocrx_word' id='word_1_109' title='bbox 1379 1675 1598 1744; x_wconf 91' lang='lat' dir='ltr'><strong>quidam</strong></span> <span class='ocrx_word' id='word_1_110' title='bbox 1657 1686 1837 1730; x_wconf 87' lang='lat' dir='ltr'><strong>autem</strong></span> 
     </span>
    </p>
   </div>
   <div class='ocr_carea' id='block_1_17' title="bbox 267 1764 1839 1839">
    <p class='ocr_par' dir='ltr' id='par_1_17' title="bbox 267 1764 1839 1839">
     <span class='ocr_line' id='line_1_17' title="bbox 267 1764 1839 1839; baseline -0.001 -17"><span class='ocrx_word' id='word_1_111' title='bbox 267 1769 568 1839; x_wconf 77' lang='lat' dir='ltr'><strong>sexaginta,</strong></span> <span class='ocrx_word' id='word_1_112' title='bbox 597 1767 818 1838; x_wconf 89' lang='lat' dir='ltr'><strong>quidam</strong></span> <span class='ocrx_word' id='word_1_113' title='bbox 864 1781 996 1821; x_wconf 87' lang='lat' dir='ltr'><strong>vero</strong></span> <span class='ocrx_word' id='word_1_114' title='bbox 1027 1766 1267 1837; x_wconf 76' lang='lat' dir='ltr'><strong>triginta.</strong></span> <span class='ocrx_word' id='word_1_115' title='bbox 1302 1764 1409 1821; x_wconf 90' lang='lat' dir='ltr'><strong>Sed</strong></span> <span class='ocrx_word' id='word_1_116' title='bbox 1449 1767 1522 1820; x_wconf 91' lang='lat' dir='ltr'><strong>ibi</strong></span> <span class='ocrx_word' id='word_1_117' title='bbox 1555 1767 1716 1821; x_wconf 91' lang='lat' dir='ltr'><strong>etiam</strong></span> <span class='ocrx_word' id='word_1_118' title='bbox 1751 1768 1839 1821; x_wconf 91' lang='lat' dir='ltr'><strong>ille</strong></span> 
     </span>
    </p>
   </div>
   <div class='ocr_carea' id='block_1_18' title="bbox 265 1859 1839 1931">
    <p class='ocr_par' dir='ltr' id='par_1_18' title="bbox 265 1859 1839 1931">
     <span class='ocr_line' id='line_1_18' title="bbox 265 1859 1839 1931; baseline 0.001 -17"><span class='ocrx_word' id='word_1_119' title='bbox 265 1861 356 1930; x_wconf 92' lang='lat' dir='ltr'><strong>qui</strong></span> <span class='ocrx_word' id='word_1_120' title='bbox 389 1861 603 1931; x_wconf 80' lang='lat' dir='ltr'><strong>triginta</strong></span> <span class='ocrx_word' id='word_1_121' title='bbox 637 1861 783 1927; x_wconf 88' lang='lat' dir='ltr'><strong>fecit,</strong></span> <span class='ocrx_word' id='word_1_122' title='bbox 813 1861 1086 1915; x_wconf 89' lang='lat' dir='ltr'><strong>salvatur:</strong></span> <span class='ocrx_word' id='word_1_123' title='bbox 1117 1859 1205 1913; x_wconf 94' lang='lat' dir='ltr'><strong>hic</strong></span> <span class='ocrx_word' id='word_1_124' title='bbox 1235 1867 1414 1915; x_wconf 89' lang='lat' dir='ltr'><strong>autem</strong></span> <span class='ocrx_word' id='word_1_125' title='bbox 1450 1875 1632 1915; x_wconf 87' lang='lat' dir='ltr'><strong>sermo</strong></span> <span class='ocrx_word' id='word_1_126' title='bbox 1661 1861 1839 1931; x_wconf 79' lang='lat' dir='ltr'><strong>arguit</strong></span> 
     </span>
    </p>
   </div>
   <div class='ocr_carea' id='block_1_19' title="bbox 1958 667 3532 742">
    <p class='ocr_par' dir='ltr' id='par_1_19' title="bbox 1958 667 3532 742">
     <span class='ocr_line' id='line_1_19' title="bbox 1958 667 3532 742; baseline 0.005 -22"><span class='ocrx_word' id='word_1_127' title='bbox 1958 682 2144 720; x_wconf 89' lang='lat' dir='ltr'><strong>norem</strong></span> <span class='ocrx_word' id='word_1_128' title='bbox 2179 667 2436 738; x_wconf 76' lang='lat' dir='ltr'><strong>colligens</strong></span> <span class='ocrx_word' id='word_1_129' title='bbox 2477 669 2577 722; x_wconf 89' lang='lat' dir='ltr'><strong>sibi</strong></span> <span class='ocrx_word' id='word_1_130' title='bbox 2627 669 2903 736; x_wconf 78' lang='lat' dir='ltr'><strong>virtutem,</strong></span> <span class='ocrx_word' id='word_1_131' title='bbox 2935 680 3154 740; x_wconf 89' lang='lat' dir='ltr'><strong>propter</strong></span> <span class='ocrx_word' id='word_1_132' title='bbox 3179 686 3342 740; x_wconf 89' lang='lat' dir='ltr'><strong>quam</strong></span> <span class='ocrx_word' id='word_1_133' title='bbox 3375 676 3532 742; x_wconf 82' lang='lat' dir='ltr'><strong>quasi</strong></span> 
     </span>
    </p>
   </div>
   <div class='ocr_carea' id='block_1_20' title="bbox 1957 757 3530 830">
    <p class='ocr_par' dir='ltr' id='par_1_20' title="bbox 1957 757 3530 830">
     <span class='ocr_line' id='line_1_20' title="bbox 1957 757 3530 830; baseline 0.006 -20"><span class='ocrx_word' id='word_1_134' title='bbox 1957 757 2140 812; x_wconf 89' lang='lat' dir='ltr'><strong>minus</strong></span> <span class='ocrx_word' id='word_1_135' title='bbox 2172 760 2376 828; x_wconf 91' lang='lat' dir='ltr'><strong>potenti</strong></span> <span class='ocrx_word' id='word_1_136' title='bbox 2410 775 2579 813; x_wconf 89' lang='lat' dir='ltr'><strong>unum</strong></span> <span class='ocrx_word' id='word_1_137' title='bbox 2621 761 2882 814; x_wconf 79' lang='lat' dir='ltr'><strong>talentum</strong></span> <span class='ocrx_word' id='word_1_138' title='bbox 2911 761 3299 830; x_wconf 85' lang='lat' dir='ltr'><strong>paterfamilias</strong></span> <span class='ocrx_word' id='word_1_139' title='bbox 3331 763 3480 818; x_wconf 86' lang='lat' dir='ltr'><strong>dedit</strong></span> <span class='ocrx_word' id='word_1_140' title='bbox 3515 783 3530 820; x_wconf 90' lang='lat'><strong>:</strong></span> 
     </span>
    </p>
   </div>
   <div class='ocr_carea' id='block_1_21' title="bbox 1955 850 3530 923">
    <p class='ocr_par' dir='ltr' id='par_1_21' title="bbox 1955 850 3530 923">
     <span class='ocr_line' id='line_1_21' title="bbox 1955 850 3530 923; baseline 0.003 -20"><span class='ocrx_word' id='word_1_141' title='bbox 1955 850 2098 918; x_wconf 92' lang='lat' dir='ltr'><strong>quod</strong></span> <span class='ocrx_word' id='word_1_142' title='bbox 2130 850 2401 919; x_wconf 89' lang='lat' dir='ltr'><strong>accipiens</strong></span> <span class='ocrx_word' id='word_1_143' title='bbox 2426 866 2614 906; x_wconf 86' lang='lat' dir='ltr'><strong>servus</strong></span> <span class='ocrx_word' id='word_1_144' title='bbox 2639 851 2845 907; x_wconf 86' lang='lat' dir='ltr'><strong>habens</strong></span> <span class='ocrx_word' id='word_1_145' title='bbox 2873 853 3109 923; x_wconf 90' lang='lat' dir='ltr'><strong>aliquam</strong></span> <span class='ocrx_word' id='word_1_146' title='bbox 3145 862 3342 908; x_wconf 89' lang='lat' dir='ltr'><strong>terram</strong></span> <span class='ocrx_word' id='word_1_147' title='bbox 3373 853 3530 923; x_wconf 85' lang='lat' dir='ltr'><strong>fodit,</strong></span> 
     </span>
    </p>
   </div>
   <div class='ocr_carea' id='block_1_22' title="bbox 1953 941 3528 1012">
    <p class='ocr_par' dir='ltr' id='par_1_22' title="bbox 1953 941 3528 1012">
     <span class='ocr_line' id='line_1_22' title="bbox 1953 941 3528 1012; baseline 0.003 -17"><span class='ocrx_word' id='word_1_148' title='bbox 1953 951 2008 996; x_wconf 91' lang='lat' dir='ltr'><strong>et</strong></span> <span class='ocrx_word' id='word_1_149' title='bbox 2037 941 2092 995; x_wconf 90' lang='lat' dir='ltr'><strong>in</strong></span> <span class='ocrx_word' id='word_1_150' title='bbox 2127 942 2438 997; x_wconf 87' lang='lat' dir='ltr'><strong>altitudines</strong></span> <span class='ocrx_word' id='word_1_151' title='bbox 2470 943 2653 1012; x_wconf 90' lang='lat' dir='ltr'><strong>posuit</strong></span> <span class='ocrx_word' id='word_1_152' title='bbox 2677 943 2816 1012; x_wconf 82' lang='lat' dir='ltr'><strong>ejus.</strong></span> <span class='ocrx_word' id='word_1_153' title='bbox 2852 959 2975 996; x_wconf 90' lang='lat' dir='ltr'><strong>cum</strong></span> <span class='ocrx_word' id='word_1_154' title='bbox 3009 944 3284 1000; x_wconf 90' lang='lat' dir='ltr'><strong>debuisset</strong></span> <span class='ocrx_word' id='word_1_155' title='bbox 3310 960 3528 1002; x_wconf 88' lang='lat' dir='ltr'><strong>sursum</strong></span> 
     </span>
    </p>
   </div>
   <div class='ocr_carea' id='block_1_23' title="bbox 1953 1032 3528 1107">
    <p class='ocr_par' dir='ltr' id='par_1_23' title="bbox 1953 1032 3528 1107">
     <span class='ocr_line' id='line_1_23' title="bbox 1953 1032 3528 1107; baseline 0.004 -21"><span class='ocrx_word' id='word_1_156' title='bbox 1953 1032 2094 1086; x_wconf 91' lang='lat' dir='ltr'><strong>etin</strong></span> <span class='ocrx_word' id='word_1_157' title='bbox 2141 1048 2360 1088; x_wconf 87' lang='lat' dir='ltr'><strong>mensas</strong></span> <span class='ocrx_word' id='word_1_158' title='bbox 2405 1033 2454 1087; x_wconf 91' lang='lat' dir='ltr'><strong>id</strong></span> <span class='ocrx_word' id='word_1_159' title='bbox 2507 1034 2737 1088; x_wconf 88' lang='lat' dir='ltr'><strong>mittere.</strong></span> <span class='ocrx_word' id='word_1_160' title='bbox 2783 1033 3052 1100; x_wconf 85' lang='lat' dir='ltr'><strong>Quoniam</strong></span> <span class='ocrx_word' id='word_1_161' title='bbox 3105 1043 3286 1090; x_wconf 89' lang='lat' dir='ltr'><strong>autem</strong></span> <span class='ocrx_word' id='word_1_162' title='bbox 3325 1040 3528 1107; x_wconf 91' lang='lat' dir='ltr'><strong>proprii</strong></span> 
     </span>
    </p>
   </div>
   <div class='ocr_carea' id='block_1_24' title="bbox 1954 1123 3530 1199">
    <p class='ocr_par' dir='ltr' id='par_1_24' title="bbox 1954 1123 3530 1199">
     <span class='ocr_line' id='line_1_24' title="bbox 1954 1123 3530 1199; baseline 0.003 -21"><span class='ocrx_word' id='word_1_163' title='bbox 1954 1124 2095 1178; x_wconf 82' lang='lat' dir='ltr'><strong>servi</strong></span> <span class='ocrx_word' id='word_1_164' title='bbox 2121 1133 2228 1178; x_wconf 90' lang='lat' dir='ltr'><strong>tres</strong></span> <span class='ocrx_word' id='word_1_165' title='bbox 2251 1123 2557 1180; x_wconf 84' lang='lat' dir='ltr'><strong>referuntur</strong></span> <span class='ocrx_word' id='word_1_166' title='bbox 2582 1126 2726 1180; x_wconf 91' lang='lat' dir='ltr'><strong>illius</strong></span> <span class='ocrx_word' id='word_1_167' title='bbox 2751 1126 3155 1196; x_wconf 82' lang='lat' dir='ltr'><strong>patrisfamilias</strong></span> <span class='ocrx_word' id='word_1_168' title='bbox 3179 1143 3320 1194; x_wconf 88' lang='lat' dir='ltr'><strong>esse,</strong></span> <span class='ocrx_word' id='word_1_169' title='bbox 3345 1145 3530 1199; x_wconf 69' lang='lat' dir='ltr'><strong>qua-ro</strong></span> 
     </span>
    </p>
   </div>
   <div class='ocr_carea' id='block_1_25' title="bbox 1952 1215 3529 1286">
    <p class='ocr_par' dir='ltr' id='par_1_25' title="bbox 1952 1215 3529 1286">
     <span class='ocr_line' id='line_1_25' title="bbox 1952 1215 3529 1286; baseline 0.004 -17"><span class='ocrx_word' id='word_1_170' title='bbox 1952 1215 1998 1269; x_wconf 88' lang='lat' dir='ltr'><strong>si</strong></span> <span class='ocrx_word' id='word_1_171' title='bbox 2027 1224 2260 1284; x_wconf 90' lang='lat' dir='ltr'><strong>possunt</strong></span> <span class='ocrx_word' id='word_1_172' title='bbox 2293 1224 2580 1286; x_wconf 88' lang='lat' dir='ltr'><strong>postquam</strong></span> <span class='ocrx_word' id='word_1_173' title='bbox 2610 1218 2956 1272; x_wconf 90' lang='lat' dir='ltr'><strong>crediderunt</strong></span> <span class='ocrx_word' id='word_1_174' title='bbox 2993 1228 3045 1273; x_wconf 89' lang='lat' dir='ltr'><strong>et</strong></span> <span class='ocrx_word' id='word_1_175' title='bbox 3072 1220 3212 1275; x_wconf 86' lang='lat' dir='ltr'><strong>servi</strong></span> <span class='ocrx_word' id='word_1_176' title='bbox 3247 1219 3374 1275; x_wconf 82' lang='lat' dir='ltr'><strong>facti</strong></span> <span class='ocrx_word' id='word_1_177' title='bbox 3400 1232 3529 1276; x_wconf 89' lang='lat' dir='ltr'><strong>sunt</strong></span> 
     </span>
    </p>
   </div>
   <div class='ocr_carea' id='block_1_26' title="bbox 1952 1307 3526 1380">
    <p class='ocr_par' dir='ltr' id='par_1_26' title="bbox 1952 1307 3526 1380">
     <span class='ocr_line' id='line_1_26' title="bbox 1952 1307 3526 1380; baseline 0.005 -21"><span class='ocrx_word' id='word_1_178' title='bbox 1952 1308 2096 1375; x_wconf 83' lang='lat' dir='ltr'><strong>ejus,</strong></span> <span class='ocrx_word' id='word_1_179' title='bbox 2128 1307 2284 1376; x_wconf 76' lang='lat' dir='ltr'><strong>quasi</strong></span> <span class='ocrx_word' id='word_1_180' title='bbox 2313 1317 2561 1378; x_wconf 91' lang='lat' dir='ltr'><strong>potentes</strong></span> <span class='ocrx_word' id='word_1_181' title='bbox 2591 1309 2878 1378; x_wconf 79' lang='lat' dir='ltr'><strong>negotiari.</strong></span> <span class='ocrx_word' id='word_1_182' title='bbox 2919 1307 3112 1364; x_wconf 88' lang='lat' dir='ltr'><strong>Postea</strong></span> <span class='ocrx_word' id='word_1_183' title='bbox 3145 1322 3469 1380; x_wconf 86' lang='lat' dir='ltr'><strong>acceperunt</strong></span> <span class='ocrx_word' id='word_1_184' title='bbox 3493 1327 3526 1367; x_wconf 89' lang='lat' dir='ltr'><strong>a</strong></span> 
     </span>
    </p>
   </div>
   <div class='ocr_carea' id='block_1_27' title="bbox 1951 1398 3524 1473">
    <p class='ocr_par' dir='ltr' id='par_1_27' title="bbox 1951 1398 3524 1473">
     <span class='ocr_line' id='line_1_27' title="bbox 1951 1398 3524 1473; baseline 0.004 -21"><span class='ocrx_word' id='word_1_185' title='bbox 1951 1398 2342 1468; x_wconf 80' lang='lat' dir='ltr'><strong>patrel‘arnilias</strong></span> <span class='ocrx_word' id='word_1_186' title='bbox 2390 1400 2676 1469; x_wconf 89' lang='lat' dir='ltr'><strong>pecuniam</strong></span> <span class='ocrx_word' id='word_1_187' title='bbox 2725 1400 2866 1470; x_wconf 89' lang='lat' dir='ltr'><strong>ejus,</strong></span> <span class='ocrx_word' id='word_1_188' title='bbox 2921 1410 2980 1456; x_wconf 90' lang='lat' dir='ltr'><strong>ut</strong></span> <span class='ocrx_word' id='word_1_189' title='bbox 3034 1401 3254 1470; x_wconf 91' lang='lat' dir='ltr'><strong>quidam</strong></span> <span class='ocrx_word' id='word_1_190' title='bbox 3305 1403 3524 1473; x_wconf 91' lang='lat' dir='ltr'><strong>quidem</strong></span> 
     </span>
    </p>
   </div>
   <div class='ocr_carea' id='block_1_28' title="bbox 1947 1491 3525 1560">
    <p class='ocr_par' dir='ltr' id='par_1_28' title="bbox 1947 1491 3525 1560">
     <span class='ocr_line' id='line_1_28' title="bbox 1947 1491 3525 1560; baseline 0.004 -18"><span class='ocrx_word' id='word_1_191' title='bbox 1947 1499 2204 1559; x_wconf 89' lang='lat' dir='ltr'><strong>operatus</strong></span> <span class='ocrx_word' id='word_1_192' title='bbox 2235 1491 2306 1546; x_wconf 88' lang='lat' dir='ltr'><strong>sit</strong></span> <span class='ocrx_word' id='word_1_193' title='bbox 2333 1498 2388 1546; x_wconf 91' lang='lat' dir='ltr'><strong>et</strong></span> <span class='ocrx_word' id='word_1_194' title='bbox 2416 1492 2684 1558; x_wconf 91' lang='lat' dir='ltr'><strong>lucratus,</strong></span> <span class='ocrx_word' id='word_1_195' title='bbox 2710 1492 2849 1546; x_wconf 91' lang='lat' dir='ltr'><strong>alius</strong></span> <span class='ocrx_word' id='word_1_196' title='bbox 2883 1501 3062 1546; x_wconf 89' lang='lat' dir='ltr'><strong>autem</strong></span> <span class='ocrx_word' id='word_1_197' title='bbox 3096 1492 3358 1560; x_wconf 88' lang='lat' dir='ltr'><strong>lucratus,</strong></span> <span class='ocrx_word' id='word_1_198' title='bbox 3383 1495 3525 1549; x_wconf 88' lang='lat' dir='ltr'><strong>alius</strong></span> 
     </span>
    </p>
   </div>
   <div class='ocr_carea' id='block_1_29' title="bbox 1946 1583 3526 1652">
    <p class='ocr_par' dir='ltr' id='par_1_29' title="bbox 1946 1583 3526 1652">
     <span class='ocr_line' id='line_1_29' title="bbox 1946 1583 3526 1652; baseline 0.004 -17"><span class='ocrx_word' id='word_1_199' title='bbox 1946 1597 2074 1637; x_wconf 89' lang='lat' dir='ltr'><strong>vero</strong></span> <span class='ocrx_word' id='word_1_200' title='bbox 2107 1599 2216 1652; x_wconf 68' lang='lat' dir='ltr'><strong>pra:</strong></span> <span class='ocrx_word' id='word_1_201' title='bbox 2239 1584 2432 1639; x_wconf 89' lang='lat' dir='ltr'><strong>timore</strong></span> <span class='ocrx_word' id='word_1_202' title='bbox 2462 1597 2568 1638; x_wconf 91' lang='lat' dir='ltr'><strong>non</strong></span> <span class='ocrx_word' id='word_1_203' title='bbox 2601 1584 2733 1640; x_wconf 88' lang='lat' dir='ltr'><strong>satis</strong></span> <span class='ocrx_word' id='word_1_204' title='bbox 2759 1583 2950 1649; x_wconf 86' lang='lat' dir='ltr'><strong>ﬁdelis,</strong></span> <span class='ocrx_word' id='word_1_205' title='bbox 2985 1584 3188 1639; x_wconf 90' lang='lat' dir='ltr'><strong>domini</strong></span> <span class='ocrx_word' id='word_1_206' title='bbox 3224 1585 3309 1641; x_wconf 91' lang='lat' dir='ltr'><strong>sui</strong></span> <span class='ocrx_word' id='word_1_207' title='bbox 3334 1586 3526 1642; x_wconf 77' lang='lat' dir='ltr'><strong>infodit</strong></span> 
     </span>
    </p>
   </div>
   <div class='ocr_carea' id='block_1_30' title="bbox 1945 1674 3521 1746">
    <p class='ocr_par' dir='ltr' id='par_1_30' title="bbox 1945 1674 3521 1746">
     <span class='ocr_line' id='line_1_30' title="bbox 1945 1674 3521 1746; baseline 0.002 -17"><span class='ocrx_word' id='word_1_208' title='bbox 1945 1685 1998 1729; x_wconf 88' lang='lat' dir='ltr'><strong>et</strong></span> <span class='ocrx_word' id='word_1_209' title='bbox 2032 1675 2318 1730; x_wconf 86' lang='lat' dir='ltr'><strong>abscondit</strong></span> <span class='ocrx_word' id='word_1_210' title='bbox 2365 1676 2670 1745; x_wconf 89' lang='lat' dir='ltr'><strong>pecuniam.</strong></span> <span class='ocrx_word' id='word_1_211' title='bbox 2712 1674 2779 1730; x_wconf 87' lang='lat' dir='ltr'><strong>Et</strong></span> <span class='ocrx_word' id='word_1_212' title='bbox 2820 1685 3043 1746; x_wconf 88' lang='lat' dir='ltr'><strong>apparet</strong></span> <span class='ocrx_word' id='word_1_213' title='bbox 3085 1677 3139 1730; x_wconf 89' lang='lat' dir='ltr'><strong>in</strong></span> <span class='ocrx_word' id='word_1_214' title='bbox 3190 1677 3305 1746; x_wconf 81' lang='lat' dir='ltr'><strong>ipsa</strong></span> <span class='ocrx_word' id='word_1_215' title='bbox 3333 1677 3521 1732; x_wconf 75' lang='lat' dir='ltr'><strong>defen-</strong></span> 
     </span>
    </p>
   </div>
   <div class='ocr_carea' id='block_1_31' title="bbox 1945 1766 3519 1843">
    <p class='ocr_par' dir='ltr' id='par_1_31' title="bbox 1945 1766 3519 1843">
     <span class='ocr_line' id='line_1_31' title="bbox 1945 1766 3519 1843; baseline 0 -23"><span class='ocrx_word' id='word_1_216' title='bbox 1945 1766 2097 1820; x_wconf 81' lang='lat' dir='ltr'><strong>sione</strong></span> <span class='ocrx_word' id='word_1_217' title='bbox 2128 1781 2223 1843; x_wconf 81' lang='lat' dir='ltr'><strong>per</strong></span> <span class='ocrx_word' id='word_1_218' title='bbox 2267 1782 2433 1836; x_wconf 85' lang='lat' dir='ltr'><strong>quam</strong></span> <span class='ocrx_word' id='word_1_219' title='bbox 2484 1766 2742 1836; x_wconf 90' lang='lat' dir='ltr'><strong>loquitur,</strong></span> <span class='ocrx_word' id='word_1_220' title='bbox 2783 1767 3043 1837; x_wconf 88' lang='lat' dir='ltr'><strong>quoniam</strong></span> <span class='ocrx_word' id='word_1_221' title='bbox 3089 1767 3271 1821; x_wconf 89' lang='lat' dir='ltr'><strong>timuit</strong></span> <span class='ocrx_word' id='word_1_222' title='bbox 3301 1769 3519 1838; x_wconf 86' lang='lat' dir='ltr'><strong>quidem</strong></span> 
     </span>
    </p>
   </div>
   <div class='ocr_carea' id='block_1_32' title="bbox 1943 1857 3519 1925">
    <p class='ocr_par' dir='ltr' id='par_1_32' title="bbox 1943 1857 3519 1925">
     <span class='ocr_line' id='line_1_32' title="bbox 1943 1857 3519 1925; baseline 0 -13"><span class='ocrx_word' id='word_1_223' title='bbox 1943 1857 2224 1912; x_wconf 89' lang='lat' dir='ltr'><strong>dominum</strong></span> <span class='ocrx_word' id='word_1_224' title='bbox 2269 1858 2474 1913; x_wconf 89' lang='lat' dir='ltr'><strong>habens</strong></span> <span class='ocrx_word' id='word_1_225' title='bbox 2516 1857 2610 1913; x_wconf 90' lang='lat' dir='ltr'><strong>Dei</strong></span> <span class='ocrx_word' id='word_1_226' title='bbox 2658 1859 2906 1913; x_wconf 90' lang='lat' dir='ltr'><strong>timorem</strong></span> <span class='ocrx_word' id='word_1_227' title='bbox 2931 1899 2947 1925; x_wconf 93' lang='lat'><strong>,</strong></span> <span class='ocrx_word' id='word_1_228' title='bbox 2981 1859 3122 1913; x_wconf 91' lang='lat' dir='ltr'><strong>sicut</strong></span> <span class='ocrx_word' id='word_1_229' title='bbox 3158 1858 3297 1913; x_wconf 83' lang='lat' dir='ltr'><strong>alter</strong></span> <span class='ocrx_word' id='word_1_230' title='bbox 3344 1859 3519 1913; x_wconf 88' lang='lat' dir='ltr'><strong>zelum</strong></span> 
     </span>
    </p>
   </div>
   <div class='ocr_carea' id='block_1_33' title="bbox 265 1933 3518 2021">
    <p class='ocr_par' dir='ltr' id='par_1_33' title="bbox 265 1933 3518 2021">
     <span class='ocr_line' id='line_1_33' title="bbox 265 1933 3518 2021; baseline -0.001 -15"><span class='ocrx_word' id='word_1_231' title='bbox 265 1967 390 2006; x_wconf 93' lang='lat' dir='ltr'><strong>eum</strong></span> <span class='ocrx_word' id='word_1_232' title='bbox 434 1952 526 2021; x_wconf 92' lang='lat' dir='ltr'><strong>qui</strong></span> <span class='ocrx_word' id='word_1_233' title='bbox 581 1967 748 2006; x_wconf 91' lang='lat' dir='ltr'><strong>unum</strong></span> <span class='ocrx_word' id='word_1_234' title='bbox 801 1957 1084 2019; x_wconf 88' lang='lat' dir='ltr'><strong>acceperat</strong></span> <span class='ocrx_word' id='word_1_235' title='bbox 1123 1950 1416 2018; x_wconf 89' lang='lat' dir='ltr'><strong>talentum,</strong></span> <span class='ocrx_word' id='word_1_236' title='bbox 1461 1959 1515 2006; x_wconf 91' lang='lat' dir='ltr'><strong>et</strong></span> <span class='ocrx_word' id='word_1_237' title='bbox 1555 1953 1836 2010; x_wconf 87' lang='lat' dir='ltr'><strong>abscondit</strong></span> <span class='ocrx_word' id='word_1_238' title='bbox 1875 1933 1912 1986; x_wconf 69' lang='grc' dir='ltr'>Β</span> <span class='ocrx_word' id='word_1_239' title='bbox 1943 1948 2073 2014; x_wconf 70' lang='lat' dir='ltr'><strong>Dei,</strong></span> <span class='ocrx_word' id='word_1_240' title='bbox 2107 1965 2214 2004; x_wconf 92' lang='lat' dir='ltr'><strong>non</strong></span> <span class='ocrx_word' id='word_1_241' title='bbox 2250 1959 2433 2004; x_wconf 91' lang='lat' dir='ltr'><strong>autem</strong></span> <span class='ocrx_word' id='word_1_242' title='bbox 2476 1950 2774 2004; x_wconf 87' lang='lat' dir='ltr'><strong>secundum</strong></span> <span class='ocrx_word' id='word_1_243' title='bbox 2809 1949 3091 2005; x_wconf 90' lang='lat' dir='ltr'><strong>scientiam</strong></span> <span class='ocrx_word' id='word_1_244' title='bbox 3141 1952 3360 2017; x_wconf 88' lang='lat' dir='ltr'><strong>timens,</strong></span> <span class='ocrx_word' id='word_1_245' title='bbox 3391 1951 3518 2004; x_wconf 85' lang='lat' dir='ltr'><strong>abs-</strong></span> 
     </span>
    </p>
   </div>
   <div class='ocr_carea' id='block_1_34' title="bbox 265 2041 1834 2114">
    <p class='ocr_par' dir='ltr' id='par_1_34' title="bbox 265 2041 1834 2114">
     <span class='ocr_line' id='line_1_34' title="bbox 265 2041 1834 2114; baseline 0.004 -19"><span class='ocrx_word' id='word_1_246' title='bbox 265 2043 319 2095; x_wconf 91' lang='lat' dir='ltr'><strong>in</strong></span> <span class='ocrx_word' id='word_1_247' title='bbox 370 2054 589 2097; x_wconf 88' lang='lat' dir='ltr'><strong>terram.</strong></span> <span class='ocrx_word' id='word_1_248' title='bbox 632 2041 700 2097; x_wconf 83' lang='lat' dir='ltr'><strong>Et</strong></span> <span class='ocrx_word' id='word_1_249' title='bbox 746 2057 932 2114; x_wconf 83' lang='lat' dir='ltr'><strong>quaero</strong></span> <span class='ocrx_word' id='word_1_250' title='bbox 980 2042 1071 2110; x_wconf 92' lang='lat' dir='ltr'><strong>qui</strong></span> <span class='ocrx_word' id='word_1_251' title='bbox 1103 2043 1344 2112; x_wconf 91' lang='lat' dir='ltr'><strong>quinque</strong></span> <span class='ocrx_word' id='word_1_252' title='bbox 1390 2054 1712 2112; x_wconf 89' lang='lat' dir='ltr'><strong>acceperant</strong></span> <span class='ocrx_word' id='word_1_253' title='bbox 1753 2055 1834 2102; x_wconf 89' lang='lat' dir='ltr'><strong>ta-</strong></span> 
     </span>
    </p>
   </div>
   <div class='ocr_carea' id='block_1_35' title="bbox 263 2133 1832 2204">
    <p class='ocr_par' dir='ltr' id='par_1_35' title="bbox 263 2133 1832 2204">
     <span class='ocr_line' id='line_1_35' title="bbox 263 2133 1832 2204; baseline 0.003 -17"><span class='ocrx_word' id='word_1_254' title='bbox 263 2134 428 2197; x_wconf 85' lang='lat' dir='ltr'><strong>lenta,</strong></span> <span class='ocrx_word' id='word_1_255' title='bbox 464 2136 508 2190; x_wconf 92' lang='lat' dir='ltr'><strong>si</strong></span> <span class='ocrx_word' id='word_1_256' title='bbox 539 2147 766 2204; x_wconf 88' lang='lat' dir='ltr'><strong>possunt</strong></span> <span class='ocrx_word' id='word_1_257' title='bbox 807 2133 1032 2203; x_wconf 82' lang='lat' dir='ltr'><strong>intelligi</strong></span> <span class='ocrx_word' id='word_1_258' title='bbox 1061 2134 1431 2204; x_wconf 82' lang='lat' dir='ltr'><strong>perfectiores,</strong></span> <span class='ocrx_word' id='word_1_259' title='bbox 1463 2137 1554 2204; x_wconf 90' lang='lat' dir='ltr'><strong>qui</strong></span> <span class='ocrx_word' id='word_1_260' title='bbox 1599 2137 1832 2192; x_wconf 75' lang='lat' dir='ltr'><strong>divinio~</strong></span> 
     </span>
    </p>
   </div>
   <div class='ocr_carea' id='block_1_36' title="bbox 263 2227 1828 2298">
    <p class='ocr_par' dir='ltr' id='par_1_36' title="bbox 263 2227 1828 2298">
     <span class='ocr_line' id='line_1_36' title="bbox 263 2227 1828 2298; baseline 0.003 -19"><span class='ocrx_word' id='word_1_261' title='bbox 263 2242 374 2280; x_wconf 90' lang='lat' dir='ltr'><strong>rem</strong></span> <span class='ocrx_word' id='word_1_262' title='bbox 410 2236 462 2281; x_wconf 91' lang='lat' dir='ltr'><strong>et</strong></span> <span class='ocrx_word' id='word_1_263' title='bbox 495 2227 867 2281; x_wconf 85' lang='lat' dir='ltr'><strong>sublimiorem</strong></span> <span class='ocrx_word' id='word_1_264' title='bbox 899 2236 1225 2294; x_wconf 88' lang='lat' dir='ltr'><strong>acceperunt</strong></span> <span class='ocrx_word' id='word_1_265' title='bbox 1252 2243 1472 2282; x_wconf 88' lang='lat' dir='ltr'><strong>sensum</strong></span> <span class='ocrx_word' id='word_1_266' title='bbox 1507 2228 1828 2298; x_wconf 68' lang='lat' dir='ltr'><strong>Scripturae;</strong></span> 
     </span>
    </p>
   </div>
   <div class='ocr_carea' id='block_1_37' title="bbox 262 2316 1828 2389">
    <p class='ocr_par' dir='ltr' id='par_1_37' title="bbox 262 2316 1828 2389">
     <span class='ocr_line' id='line_1_37' title="bbox 262 2316 1828 2389; baseline 0.005 -20"><span class='ocrx_word' id='word_1_267' title='bbox 262 2316 355 2384; x_wconf 88' lang='lat' dir='ltr'><strong>qui</strong></span> <span class='ocrx_word' id='word_1_268' title='bbox 389 2317 497 2370; x_wconf 89' lang='lat' dir='ltr'><strong>duo</strong></span> <span class='ocrx_word' id='word_1_269' title='bbox 529 2326 708 2371; x_wconf 91' lang='lat' dir='ltr'><strong>autem</strong></span> <span class='ocrx_word' id='word_1_270' title='bbox 751 2327 1095 2386; x_wconf 87' lang='lat' dir='ltr'><strong>acceperunt,</strong></span> <span class='ocrx_word' id='word_1_271' title='bbox 1136 2335 1298 2388; x_wconf 91' lang='lat' dir='ltr'><strong>super</strong></span> <span class='ocrx_word' id='word_1_272' title='bbox 1327 2319 1560 2374; x_wconf 90' lang='lat' dir='ltr'><strong>litteram</strong></span> <span class='ocrx_word' id='word_1_273' title='bbox 1590 2321 1828 2389; x_wconf 89' lang='lat' dir='ltr'><strong>quidem,</strong></span> 
     </span>
    </p>
   </div>
   <div class='ocr_carea' id='block_1_38' title="bbox 261 2406 1832 2477">
    <p class='ocr_par' dir='ltr' id='par_1_38' title="bbox 261 2406 1832 2477">
     <span class='ocr_line' id='line_1_38' title="bbox 261 2406 1832 2477; baseline 0.006 -19"><span class='ocrx_word' id='word_1_274' title='bbox 261 2406 424 2474; x_wconf 86' lang='lat' dir='ltr'><strong>paulo</strong></span> <span class='ocrx_word' id='word_1_275' title='bbox 458 2417 636 2461; x_wconf 88' lang='lat' dir='ltr'><strong>autem</strong></span> <span class='ocrx_word' id='word_1_276' title='bbox 669 2411 920 2477; x_wconf 90' lang='lat' dir='ltr'><strong>superius</strong></span> <span class='ocrx_word' id='word_1_277' title='bbox 949 2410 1332 2475; x_wconf 89' lang='lat' dir='ltr'><strong>ascenderunt,</strong></span> <span class='ocrx_word' id='word_1_278' title='bbox 1371 2419 1425 2464; x_wconf 93' lang='lat' dir='ltr'><strong>et</strong></span> <span class='ocrx_word' id='word_1_279' title='bbox 1474 2427 1580 2464; x_wconf 90' lang='lat' dir='ltr'><strong>non</strong></span> <span class='ocrx_word' id='word_1_280' title='bbox 1620 2412 1684 2465; x_wconf 87' lang='lat' dir='ltr'><strong>ad</strong></span> <span class='ocrx_word' id='word_1_281' title='bbox 1717 2430 1832 2468; x_wconf 90' lang='lat' dir='ltr'><strong>ma-</strong></span> 
     </span>
    </p>
   </div>
   <div class='ocr_carea' id='block_1_39' title="bbox 261 2496 1828 2570">
    <p class='ocr_par' dir='ltr' id='par_1_39' title="bbox 261 2496 1828 2570">
     <span class='ocr_line' id='line_1_39' title="bbox 261 2496 1828 2570; baseline 0.006 -22"><span class='ocrx_word' id='word_1_282' title='bbox 261 2496 597 2562; x_wconf 74' lang='lat' dir='ltr'><strong>gnitudinem</strong></span> <span class='ocrx_word' id='word_1_283' title='bbox 626 2499 770 2552; x_wconf 88' lang='lat' dir='ltr'><strong>illam</strong></span> <span class='ocrx_word' id='word_1_284' title='bbox 797 2499 1088 2555; x_wconf 86' lang='lat' dir='ltr'><strong>ascendere</strong></span> <span class='ocrx_word' id='word_1_285' title='bbox 1109 2509 1430 2570; x_wconf 88' lang='lat' dir='ltr'><strong>potuerunt;</strong></span> <span class='ocrx_word' id='word_1_286' title='bbox 1462 2502 1603 2556; x_wconf 89' lang='lat' dir='ltr'><strong>tertii</strong></span> <span class='ocrx_word' id='word_1_287' title='bbox 1627 2514 1828 2569; x_wconf 90' lang='lat' dir='ltr'><strong>autem,</strong></span> 
     </span>
    </p>
   </div>
   <div class='ocr_carea' id='block_1_40' title="bbox 260 2585 1829 2662">
    <p class='ocr_par' dir='ltr' id='par_1_40' title="bbox 260 2585 1829 2662">
     <span class='ocr_line' id='line_1_40' title="bbox 260 2585 1829 2662; baseline 0.005 -24"><span class='ocrx_word' id='word_1_288' title='bbox 260 2585 354 2652; x_wconf 88' lang='lat' dir='ltr'><strong>qui</strong></span> <span class='ocrx_word' id='word_1_289' title='bbox 386 2586 522 2639; x_wconf 90' lang='lat' dir='ltr'><strong>nihil</strong></span> <span class='ocrx_word' id='word_1_290' title='bbox 552 2602 713 2656; x_wconf 90' lang='lat' dir='ltr'><strong>super</strong></span> <span class='ocrx_word' id='word_1_291' title='bbox 749 2589 979 2643; x_wconf 88' lang='lat' dir='ltr'><strong>litteram</strong></span> <span class='ocrx_word' id='word_1_292' title='bbox 1003 2605 1165 2660; x_wconf 92' lang='lat' dir='ltr'><strong>quam</strong></span> <span class='ocrx_word' id='word_1_293' title='bbox 1195 2600 1518 2660; x_wconf 80' lang='lat' dir='ltr'><strong>acceperunt</strong></span> <span class='ocrx_word' id='word_1_294' title='bbox 1543 2595 1595 2645; x_wconf 91' lang='lat' dir='ltr'><strong>in</strong></span> <span class='ocrx_word' id='word_1_295' title='bbox 1619 2593 1829 2662; x_wconf 89' lang='lat' dir='ltr'><strong>primis.</strong></span> 
     </span>
    </p>
   </div>
   <div class='ocr_carea' id='block_1_41' title="bbox 260 2673 1832 2753">
    <p class='ocr_par' dir='ltr' id='par_1_41' title="bbox 260 2673 1832 2753">
     <span class='ocr_line' id='line_1_41' title="bbox 260 2673 1832 2753; baseline 0.007 -27"><span class='ocrx_word' id='word_1_296' title='bbox 260 2673 358 2728; x_wconf 87' lang='lat' dir='ltr'><strong>Est</strong></span> <span class='ocrx_word' id='word_1_297' title='bbox 385 2691 514 2744; x_wconf 86' lang='lat' dir='ltr'><strong>ergo</strong></span> <span class='ocrx_word' id='word_1_298' title='bbox 544 2685 597 2730; x_wconf 92' lang='lat' dir='ltr'><strong>et</strong></span> <span class='ocrx_word' id='word_1_299' title='bbox 640 2677 706 2732; x_wconf 91' lang='lat' dir='ltr'><strong>de</strong></span> <span class='ocrx_word' id='word_1_300' title='bbox 752 2679 994 2736; x_wconf 90' lang='lat' dir='ltr'><strong>numeris</strong></span> <span class='ocrx_word' id='word_1_301' title='bbox 1037 2680 1259 2734; x_wconf 93' lang='lat' dir='ltr'><strong>omnino</strong></span> <span class='ocrx_word' id='word_1_302' title='bbox 1300 2681 1352 2734; x_wconf 90' lang='lat' dir='ltr'><strong>in</strong></span> <span class='ocrx_word' id='word_1_303' title='bbox 1395 2679 1479 2734; x_wconf 90' lang='lat' dir='ltr'><strong>his</strong></span> <span class='ocrx_word' id='word_1_304' title='bbox 1510 2682 1832 2753; x_wconf 73' lang='lat' dir='ltr'><strong>quzeloqui-</strong></span> 
     </span>
    </p>
   </div>
   <div class='ocr_carea' id='block_1_42' title="bbox 261 2767 1829 2835">
    <p class='ocr_par' dir='ltr' id='par_1_42' title="bbox 261 2767 1829 2835">
     <span class='ocr_line' id='line_1_42' title="bbox 261 2767 1829 2835; baseline 0.009 -19"><span class='ocrx_word' id='word_1_305' title='bbox 261 2780 387 2817; x_wconf 86' lang='lat' dir='ltr'><strong>mur</strong></span> <span class='ocrx_word' id='word_1_306' title='bbox 414 2767 610 2835; x_wconf 87' lang='lat' dir='ltr'><strong>dignus</strong></span> <span class='ocrx_word' id='word_1_307' title='bbox 657 2783 838 2824; x_wconf 92' lang='lat' dir='ltr'><strong>sermo</strong></span> <span class='ocrx_word' id='word_1_308' title='bbox 883 2771 974 2824; x_wconf 88' lang='lat' dir='ltr'><strong>tali</strong></span> <span class='ocrx_word' id='word_1_309' title='bbox 1020 2780 1206 2826; x_wconf 90' lang='lat' dir='ltr'><strong>nostro</strong></span> <span class='ocrx_word' id='word_1_310' title='bbox 1255 2770 1485 2827; x_wconf 92' lang='lat' dir='ltr'><strong>Domino</strong></span> <span class='ocrx_word' id='word_1_311' title='bbox 1529 2772 1829 2830; x_wconf 89' lang='lat' dir='ltr'><strong>Salvatore.</strong></span> 
     </span>
    </p>
   </div>
   <div class='ocr_carea' id='block_1_43' title="bbox 261 2853 1832 2932">
    <p class='ocr_par' dir='ltr' id='par_1_43' title="bbox 261 2853 1832 2932">
     <span class='ocr_line' id='line_1_43' title="bbox 261 2853 1832 2932; baseline 0.011 -25"><span class='ocrx_word' id='word_1_312' title='bbox 261 2853 393 2910; x_wconf 88' lang='lat' dir='ltr'><strong>Dico</strong></span> <span class='ocrx_word' id='word_1_313' title='bbox 427 2868 608 2912; x_wconf 90' lang='lat' dir='ltr'><strong>autem</strong></span> <span class='ocrx_word' id='word_1_314' title='bbox 649 2860 716 2915; x_wconf 89' lang='lat' dir='ltr'><strong>de</strong></span> <span class='ocrx_word' id='word_1_315' title='bbox 763 2863 1024 2932; x_wconf 88' lang='lat' dir='ltr'><strong>quinque,</strong></span> <span class='ocrx_word' id='word_1_316' title='bbox 1070 2872 1124 2916; x_wconf 92' lang='lat' dir='ltr'><strong>et</strong></span> <span class='ocrx_word' id='word_1_317' title='bbox 1169 2863 1412 2930; x_wconf 90' lang='lat' dir='ltr'><strong>duobus,</strong></span> <span class='ocrx_word' id='word_1_318' title='bbox 1459 2876 1514 2920; x_wconf 92' lang='lat' dir='ltr'><strong>ct</strong></span> <span class='ocrx_word' id='word_1_319' title='bbox 1561 2882 1690 2922; x_wconf 93' lang='lat' dir='ltr'><strong>uno.</strong></span> <span class='ocrx_word' id='word_1_320' title='bbox 1722 2866 1832 2924; x_wconf 87' lang='lat' dir='ltr'><strong>Nos</strong></span> 
     </span>
    </p>
   </div>
   <div class='ocr_carea' id='block_1_44' title="bbox 258 2951 1833 3027">
    <p class='ocr_par' dir='ltr' id='par_1_44' title="bbox 258 2951 1833 3027">
     <span class='ocr_line' id='line_1_44' title="bbox 258 2951 1833 3027; baseline 0.01 -29"><span class='ocrx_word' id='word_1_321' title='bbox 258 2956 440 3001; x_wconf 83' lang='lat' dir='ltr'><strong>autem</strong></span> <span class='ocrx_word' id='word_1_322' title='bbox 493 2951 690 3004; x_wconf 80' lang='lat' dir='ltr'><strong>modici</strong></span> <span class='ocrx_word' id='word_1_323' title='bbox 748 2963 801 3005; x_wconf 91' lang='lat' dir='ltr'><strong>ct</strong></span> <span class='ocrx_word' id='word_1_324' title='bbox 868 2955 991 3008; x_wconf 91' lang='lat' dir='ltr'><strong>talia</strong></span> <span class='ocrx_word' id='word_1_325' title='bbox 1035 2954 1218 3008; x_wconf 90' lang='lat' dir='ltr'><strong>minus</strong></span> <span class='ocrx_word' id='word_1_326' title='bbox 1270 2956 1541 3024; x_wconf 75' lang='lat' dir='ltr'><strong>explicare</strong></span> <span class='ocrx_word' id='word_1_327' title='bbox 1585 2967 1833 3027; x_wconf 88' lang='lat' dir='ltr'><strong>potentes</strong></span> 
     </span>
    </p>
   </div>
   <div class='ocr_carea' id='block_1_45' title="bbox 258 3037 1834 3117">
    <p class='ocr_par' dir='ltr' id='par_1_45' title="bbox 258 3037 1834 3117">
     <span class='ocr_line' id='line_1_45' title="bbox 258 3037 1834 3117; baseline 0.011 -29"><span class='ocrx_word' id='word_1_328' title='bbox 258 3037 662 3105; x_wconf 79' lang='lat' dir='ltr'><strong>existimamus,</strong></span> <span class='ocrx_word' id='word_1_329' title='bbox 711 3059 777 3098; x_wconf 90' lang='lat' dir='ltr'><strong>ne</strong></span> <span class='ocrx_word' id='word_1_330' title='bbox 821 3044 960 3098; x_wconf 78' lang='lat' dir='ltr'><strong>forte</strong></span> <span class='ocrx_word' id='word_1_331' title='bbox 1000 3046 1126 3114; x_wconf 92' lang='lat' dir='ltr'><strong>quia</strong></span> <span class='ocrx_word' id='word_1_332' title='bbox 1178 3047 1361 3100; x_wconf 91' lang='lat' dir='ltr'><strong>omnia</strong></span> <span class='ocrx_word' id='word_1_333' title='bbox 1401 3048 1618 3117; x_wconf 90' lang='lat' dir='ltr'><strong>quidem</strong></span> <span class='ocrx_word' id='word_1_334' title='bbox 1659 3052 1834 3105; x_wconf 91' lang='lat' dir='ltr'><strong>sensi-</strong></span> 
     </span>
    </p>
   </div>
   <div class='ocr_carea' id='block_1_46' title="bbox 256 3131 1831 3204">
    <p class='ocr_par' dir='ltr' id='par_1_46' title="bbox 256 3131 1831 3204">
     <span class='ocr_line' id='line_1_46' title="bbox 256 3131 1831 3204; baseline 0.008 -20"><span class='ocrx_word' id='word_1_335' title='bbox 256 3131 383 3203; x_wconf 65' lang='lat' dir='ltr'><strong>bjlia</strong></span> <span class='ocrx_word' id='word_1_336' title='bbox 413 3133 818 3202; x_wconf 89' lang='lat' dir='ltr'><strong>Scripturarum</strong></span> <span class='ocrx_word' id='word_1_337' title='bbox 849 3145 1080 3204; x_wconf 89' lang='lat' dir='ltr'><strong>possunt</strong></span> <span class='ocrx_word' id='word_1_338' title='bbox 1129 3137 1396 3192; x_wconf 86' lang='lat' dir='ltr'><strong>deducere</strong></span> <span class='ocrx_word' id='word_1_339' title='bbox 1426 3141 1492 3192; x_wconf 90' lang='lat' dir='ltr'><strong>ad</strong></span> <span class='ocrx_word' id='word_1_340' title='bbox 1523 3156 1716 3196; x_wconf 85' lang='lat' dir='ltr'><strong>sensus</strong></span> <span class='ocrx_word' id='word_1_341' title='bbox 1746 3143 1831 3196; x_wconf 91' lang='lat' dir='ltr'><strong>di-</strong></span> 
     </span>
    </p>
   </div>
   <div class='ocr_carea' id='block_1_47' title="bbox 257 3221 1904 3318">
    <p class='ocr_par' dir='ltr' id='par_1_47' title="bbox 257 3221 1904 3318">
     <span class='ocr_line' id='line_1_47' title="bbox 257 3221 1904 3318; baseline 0.009 -44"><span class='ocrx_word' id='word_1_342' title='bbox 257 3221 497 3278; x_wconf 89' lang='lat' dir='ltr'><strong>viniores</strong></span> <span class='ocrx_word' id='word_1_343' title='bbox 533 3241 670 3294; x_wconf 84' lang='lat' dir='ltr'><strong>quos</strong></span> <span class='ocrx_word' id='word_1_344' title='bbox 713 3223 970 3279; x_wconf 81' lang='lat' dir='ltr'><strong>Salomon</strong></span> <span class='ocrx_word' id='word_1_345' title='bbox 1001 3228 1022 3257; x_wconf 88' lang='grc'><strong>¹¹</strong></span> <span class='ocrx_word' id='word_1_346' title='bbox 1055 3226 1269 3281; x_wconf 90' lang='lat' dir='ltr'><strong>divinos</strong></span> <span class='ocrx_word' id='word_1_347' title='bbox 1313 3230 1566 3297; x_wconf 87' lang='lat' dir='ltr'><strong>appellat,</strong></span> <span class='ocrx_word' id='word_1_348' title='bbox 1602 3241 1656 3286; x_wconf 92' lang='lat' dir='ltr'><strong>et</strong></span> <span class='ocrx_word' id='word_1_349' title='bbox 1693 3249 1831 3302; x_wconf 92' lang='lat' dir='ltr'><strong>quos</strong></span> <span class='ocrx_word' id='word_1_350' title='bbox 1859 3259 1904 3318; x_wconf 70' lang='grc' dir='ltr'>ο</span> 
     </span>
    </p>
   </div>
   <div class='ocr_carea' id='block_1_48' title="bbox 256 3313 1830 3388">
    <p class='ocr_par' dir='ltr' id='par_1_48' title="bbox 256 3313 1830 3388">
     <span class='ocr_line' id='line_1_48' title="bbox 256 3313 1830 3388; baseline 0.007 -21"><span class='ocrx_word' id='word_1_351' title='bbox 256 3313 388 3368; x_wconf 91' lang='lat' dir='ltr'><strong>dicit</strong></span> <span class='ocrx_word' id='word_1_352' title='bbox 418 3313 682 3370; x_wconf 81' lang='lat' dir='ltr'><strong>Jeremias</strong></span> <span class='ocrx_word' id='word_1_353' title='bbox 709 3317 729 3346; x_wconf 78' lang='lat'>°</span> <span class='ocrx_word' id='word_1_354' title='bbox 760 3332 956 3372; x_wconf 91' lang='lat' dir='ltr'><strong>sensus</strong></span> <span class='ocrx_word' id='word_1_355' title='bbox 984 3317 1193 3382; x_wconf 86' lang='lat' dir='ltr'><strong>cordis,</strong></span> <span class='ocrx_word' id='word_1_356' title='bbox 1227 3327 1280 3372; x_wconf 92' lang='lat' dir='ltr'><strong>et</strong></span> <span class='ocrx_word' id='word_1_357' title='bbox 1312 3320 1404 3388; x_wconf 89' lang='lat' dir='ltr'><strong>qui</strong></span> <span class='ocrx_word' id='word_1_358' title='bbox 1436 3322 1502 3374; x_wconf 89' lang='lat' dir='ltr'><strong>ad</strong></span> <span class='ocrx_word' id='word_1_359' title='bbox 1532 3319 1787 3378; x_wconf 67' lang='lat' dir='ltr'><strong>Hebraeos</strong></span> <span class='ocrx_word' id='word_1_360' title='bbox 1810 3325 1830 3356; x_wconf 90' lang='grc'><strong>⁷</strong></span> 
     </span>
    </p>
   </div>
   <div class='ocr_carea' id='block_1_49' title="bbox 255 3405 1830 3471">
    <p class='ocr_par' dir='ltr' id='par_1_49' title="bbox 255 3405 1830 3471">
     <span class='ocr_line' id='line_1_49' title="bbox 255 3405 1830 3471; baseline 0.007 -12"><span class='ocrx_word' id='word_1_361' title='bbox 255 3405 515 3462; x_wconf 87' lang='lat' dir='ltr'><strong>dicuntur</strong></span> <span class='ocrx_word' id='word_1_362' title='bbox 537 3423 567 3461; x_wconf 84' lang='lat' dir='ltr'><strong>a</strong></span> <span class='ocrx_word' id='word_1_363' title='bbox 595 3407 763 3464; x_wconf 89' lang='lat' dir='ltr'><strong>Paulo</strong></span> <span class='ocrx_word' id='word_1_364' title='bbox 798 3424 992 3464; x_wconf 90' lang='lat' dir='ltr'><strong>sensus</strong></span> <span class='ocrx_word' id='word_1_365' title='bbox 1021 3409 1300 3464; x_wconf 85' lang='lat' dir='ltr'><strong>exercitati</strong></span> <span class='ocrx_word' id='word_1_366' title='bbox 1330 3411 1395 3464; x_wconf 89' lang='lat' dir='ltr'><strong>ad</strong></span> <span class='ocrx_word' id='word_1_367' title='bbox 1427 3412 1830 3471; x_wconf 88' lang='lat' dir='ltr'><strong>discretionem.</strong></span> 
     </span>
    </p>
   </div>
   <div class='ocr_carea' id='block_1_50' title="bbox 253 3493 1830 3571">
    <p class='ocr_par' dir='ltr' id='par_1_50' title="bbox 253 3493 1830 3571">
     <span class='ocr_line' id='line_1_50' title="bbox 253 3493 1830 3571; baseline 0.006 -22"><span class='ocrx_word' id='word_1_368' title='bbox 253 3493 390 3550; x_wconf 86' lang='lat' dir='ltr'><strong>Boni</strong></span> <span class='ocrx_word' id='word_1_369' title='bbox 439 3513 656 3568; x_wconf 90' lang='lat' dir='ltr'><strong>quoque</strong></span> <span class='ocrx_word' id='word_1_370' title='bbox 699 3508 754 3552; x_wconf 88' lang='lat' dir='ltr'><strong>et</strong></span> <span class='ocrx_word' id='word_1_371' title='bbox 783 3499 835 3552; x_wconf 92' lang='lat' dir='ltr'><strong>hi</strong></span> <span class='ocrx_word' id='word_1_372' title='bbox 865 3507 991 3552; x_wconf 91' lang='lat' dir='ltr'><strong>sunt</strong></span> <span class='ocrx_word' id='word_1_373' title='bbox 1023 3500 1116 3568; x_wconf 85' lang='lat' dir='ltr'><strong>qui</strong></span> <span class='ocrx_word' id='word_1_374' title='bbox 1160 3509 1315 3554; x_wconf 78' lang='lat' dir='ltr'><strong>extra</strong></span> <span class='ocrx_word' id='word_1_375' title='bbox 1351 3502 1593 3571; x_wconf 91' lang='lat' dir='ltr'><strong>quinque</strong></span> <span class='ocrx_word' id='word_1_376' title='bbox 1633 3505 1830 3559; x_wconf 83' lang='lat' dir='ltr'><strong>talenta</strong></span> 
     </span>
    </p>
   </div>
   <div class='ocr_carea' id='block_1_51' title="bbox 253 3589 1834 3663">
    <p class='ocr_par' dir='ltr' id='par_1_51' title="bbox 253 3589 1834 3663">
     <span class='ocr_line' id='line_1_51' title="bbox 253 3589 1834 3663; baseline 0.004 -20"><span class='ocrx_word' id='word_1_377' title='bbox 253 3589 362 3643; x_wconf 85' lang='lat' dir='ltr'><strong>alia</strong></span> <span class='ocrx_word' id='word_1_378' title='bbox 391 3591 630 3658; x_wconf 90' lang='lat' dir='ltr'><strong>quinque</strong></span> <span class='ocrx_word' id='word_1_379' title='bbox 658 3598 787 3643; x_wconf 84' lang='lat' dir='ltr'><strong>sunt</strong></span> <span class='ocrx_word' id='word_1_380' title='bbox 825 3592 1022 3646; x_wconf 85' lang='lat' dir='ltr'><strong>lucrati</strong></span> <span class='ocrx_word' id='word_1_381' title='bbox 1045 3632 1058 3655; x_wconf 95' lang='lat'><strong>,</strong></span> <span class='ocrx_word' id='word_1_382' title='bbox 1088 3601 1377 3658; x_wconf 88' lang='lat' dir='ltr'><strong>operantes</strong></span> <span class='ocrx_word' id='word_1_383' title='bbox 1413 3593 1468 3645; x_wconf 92' lang='lat' dir='ltr'><strong>in</strong></span> <span class='ocrx_word' id='word_1_384' title='bbox 1495 3593 1608 3658; x_wconf 92' lang='lat' dir='ltr'><strong>eis,</strong></span> <span class='ocrx_word' id='word_1_385' title='bbox 1647 3603 1702 3648; x_wconf 91' lang='lat' dir='ltr'><strong>et</strong></span> <span class='ocrx_word' id='word_1_386' title='bbox 1739 3610 1834 3663; x_wconf 90' lang='lat' dir='ltr'><strong>per</strong></span> 
     </span>
    </p>
   </div>
   <div class='ocr_carea' id='block_1_52' title="bbox 254 3680 1827 3753">
    <p class='ocr_par' dir='ltr' id='par_1_52' title="bbox 254 3680 1827 3753">
     <span class='ocr_line' id='line_1_52' title="bbox 254 3680 1827 3753; baseline 0.003 -18"><span class='ocrx_word' id='word_1_387' title='bbox 254 3680 559 3735; x_wconf 82' lang='lat' dir='ltr'><strong>doctrinam</strong></span> <span class='ocrx_word' id='word_1_388' title='bbox 609 3682 971 3736; x_wconf 87' lang='lat' dir='ltr'><strong>exercitantes</strong></span> <span class='ocrx_word' id='word_1_389' title='bbox 1021 3683 1268 3751; x_wconf 90' lang='lat' dir='ltr'><strong>seipsos,</strong></span> <span class='ocrx_word' id='word_1_390' title='bbox 1328 3691 1379 3736; x_wconf 89' lang='lat' dir='ltr'><strong>et</strong></span> <span class='ocrx_word' id='word_1_391' title='bbox 1435 3683 1501 3736; x_wconf 90' lang='lat' dir='ltr'><strong>ad</strong></span> <span class='ocrx_word' id='word_1_392' title='bbox 1565 3684 1827 3753; x_wconf 89' lang='lat' dir='ltr'><strong>majorem</strong></span> 
     </span>
    </p>
   </div>
   <div class='ocr_carea' id='block_1_53' title="bbox 255 3771 1833 3841">
    <p class='ocr_par' dir='ltr' id='par_1_53' title="bbox 255 3771 1833 3841">
     <span class='ocr_line' id='line_1_53' title="bbox 255 3771 1833 3841; baseline 0.003 -15"><span class='ocrx_word' id='word_1_393' title='bbox 255 3771 538 3826; x_wconf 89' lang='lat' dir='ltr'><strong>scientiam</strong></span> <span class='ocrx_word' id='word_1_394' title='bbox 583 3773 870 3841; x_wconf 88' lang='lat' dir='ltr'><strong>erigentes.</strong></span> <span class='ocrx_word' id='word_1_395' title='bbox 898 3772 1217 3826; x_wconf 89' lang='lat' dir='ltr'><strong>Conversati</strong></span> <span class='ocrx_word' id='word_1_396' title='bbox 1253 3773 1396 3826; x_wconf 88' lang='lat' dir='ltr'><strong>enim</strong></span> <span class='ocrx_word' id='word_1_397' title='bbox 1438 3773 1750 3829; x_wconf 88' lang='lat' dir='ltr'><strong>salutariter</strong></span> <span class='ocrx_word' id='word_1_398' title='bbox 1779 3785 1833 3830; x_wconf 91' lang='lat' dir='ltr'><strong>et</strong></span> 
     </span>
    </p>
   </div>
   <div class='ocr_carea' id='block_1_54' title="bbox 256 3862 1829 3931">
    <p class='ocr_par' dir='ltr' id='par_1_54' title="bbox 256 3862 1829 3931">
     <span class='ocr_line' id='line_1_54' title="bbox 256 3862 1829 3931; baseline 0.002 -14"><span class='ocrx_word' id='word_1_399' title='bbox 256 3862 498 3917; x_wconf 89' lang='lat' dir='ltr'><strong>studiose</strong></span> <span class='ocrx_word' id='word_1_400' title='bbox 522 3862 799 3927; x_wconf 88' lang='lat' dir='ltr'><strong>docentes,</strong></span> <span class='ocrx_word' id='word_1_401' title='bbox 831 3865 1033 3931; x_wconf 89' lang='lat' dir='ltr'><strong>operati</strong></span> <span class='ocrx_word' id='word_1_402' title='bbox 1063 3873 1190 3918; x_wconf 91' lang='lat' dir='ltr'><strong>sunt</strong></span> <span class='ocrx_word' id='word_1_403' title='bbox 1231 3873 1286 3918; x_wconf 90' lang='lat' dir='ltr'><strong>et</strong></span> <span class='ocrx_word' id='word_1_404' title='bbox 1326 3865 1522 3918; x_wconf 84' lang='lat' dir='ltr'><strong>lucrati</strong></span> <span class='ocrx_word' id='word_1_405' title='bbox 1565 3876 1693 3920; x_wconf 89' lang='lat' dir='ltr'><strong>sunt</strong></span> <span class='ocrx_word' id='word_1_406' title='bbox 1724 3866 1829 3921; x_wconf 89' lang='lat' dir='ltr'><strong>alia</strong></span> 
     </span>
    </p>
   </div>
   <div class='ocr_carea' id='block_1_55' title="bbox 255 3951 1832 4026">
    <p class='ocr_par' dir='ltr' id='par_1_55' title="bbox 255 3951 1832 4026">
     <span class='ocr_line' id='line_1_55' title="bbox 255 3951 1832 4026; baseline 0.003 -20"><span class='ocrx_word' id='word_1_407' title='bbox 255 3954 539 4023; x_wconf 90' lang='lat' dir='ltr'><strong>quinque;</strong></span> <span class='ocrx_word' id='word_1_408' title='bbox 571 3951 699 4021; x_wconf 91' lang='lat' dir='ltr'><strong>quia</strong></span> <span class='ocrx_word' id='word_1_409' title='bbox 751 3968 910 4006; x_wconf 91' lang='lat' dir='ltr'><strong>nemo</strong></span> <span class='ocrx_word' id='word_1_410' title='bbox 961 3952 1119 4008; x_wconf 78' lang='lat' dir='ltr'><strong>facile</strong></span> <span class='ocrx_word' id='word_1_411' title='bbox 1163 3954 1591 4008; x_wconf 88' lang='lat' dir='ltr'><strong>additamentum</strong></span> <span class='ocrx_word' id='word_1_412' title='bbox 1625 3959 1832 4026; x_wconf 88' lang='lat' dir='ltr'><strong>accepit</strong></span> 
     </span>
    </p>
   </div>
   <div class='ocr_carea' id='block_1_56' title="bbox 252 4044 1821 4118">
    <p class='ocr_par' dir='ltr' id='par_1_56' title="bbox 252 4044 1821 4118">
     <span class='ocr_line' id='line_1_56' title="bbox 252 4044 1821 4118; baseline 0.003 -20"><span class='ocrx_word' id='word_1_413' title='bbox 252 4044 472 4099; x_wconf 81' lang='lat' dir='ltr'><strong>virtutis</strong></span> <span class='ocrx_word' id='word_1_414' title='bbox 503 4044 747 4110; x_wconf 89' lang='lat' dir='ltr'><strong>alterius,</strong></span> <span class='ocrx_word' id='word_1_415' title='bbox 781 4045 883 4098; x_wconf 89' lang='lat' dir='ltr'><strong>nisi</strong></span> <span class='ocrx_word' id='word_1_416' title='bbox 916 4044 1035 4114; x_wconf 90' lang='lat' dir='ltr'><strong>ejus</strong></span> <span class='ocrx_word' id='word_1_417' title='bbox 1062 4053 1226 4115; x_wconf 81' lang='lat' dir='ltr'><strong>qua‘m</strong></span> <span class='ocrx_word' id='word_1_418' title='bbox 1259 4046 1420 4100; x_wconf 89' lang='lat' dir='ltr'><strong>habet</strong></span> <span class='ocrx_word' id='word_1_419' title='bbox 1453 4063 1466 4098; x_wconf 90' lang='lat'><strong>:</strong></span> <span class='ocrx_word' id='word_1_420' title='bbox 1494 4055 1704 4118; x_wconf 87' lang='lat' dir='ltr'><strong>utpnta,</strong></span> <span class='ocrx_word' id='word_1_421' title='bbox 1738 4063 1821 4102; x_wconf 87' lang='lat' dir='ltr'><strong>sa-</strong></span> 
     </span>
    </p>
   </div>
   <div class='ocr_carea' id='block_1_57' title="bbox 255 4133 1824 4204">
    <p class='ocr_par' dir='ltr' id='par_1_57' title="bbox 255 4133 1824 4204">
     <span class='ocr_line' id='line_1_57' title="bbox 255 4133 1824 4204; baseline 0.004 -18"><span class='ocrx_word' id='word_1_422' title='bbox 255 4134 411 4202; x_wconf 90' lang='lat' dir='ltr'><strong>piens</strong></span> <span class='ocrx_word' id='word_1_423' title='bbox 455 4133 508 4188; x_wconf 92' lang='lat' dir='ltr'><strong>in</strong></span> <span class='ocrx_word' id='word_1_424' title='bbox 541 4133 808 4204; x_wconf 87' lang='lat' dir='ltr'><strong>sapientia</strong></span> <span class='ocrx_word' id='word_1_425' title='bbox 847 4135 1062 4198; x_wconf 91' lang='lat' dir='ltr'><strong>crescit,</strong></span> <span class='ocrx_word' id='word_1_426' title='bbox 1097 4135 1269 4190; x_wconf 82' lang='lat' dir='ltr'><strong>fidelis</strong></span> <span class='ocrx_word' id='word_1_427' title='bbox 1310 4136 1364 4189; x_wconf 92' lang='lat' dir='ltr'><strong>in</strong></span> <span class='ocrx_word' id='word_1_428' title='bbox 1403 4135 1527 4192; x_wconf 81' lang='lat' dir='ltr'><strong>ﬁde.</strong></span> <span class='ocrx_word' id='word_1_429' title='bbox 1574 4139 1682 4192; x_wconf 82' lang='lat' dir='ltr'><strong>Aut</strong></span> <span class='ocrx_word' id='word_1_430' title='bbox 1710 4139 1824 4193; x_wconf 82' lang='lat' dir='ltr'><strong>ita:</strong></span> 
     </span>
    </p>
   </div>
   <div class='ocr_carea' id='block_1_58' title="bbox 256 4225 1831 4298">
    <p class='ocr_par' dir='ltr' id='par_1_58' title="bbox 256 4225 1831 4298">
     <span class='ocr_line' id='line_1_58' title="bbox 256 4225 1831 4298; baseline 0.004 -21"><span class='ocrx_word' id='word_1_431' title='bbox 256 4225 376 4280; x_wconf 81' lang='lat' dir='ltr'><strong>Alia</strong></span> <span class='ocrx_word' id='word_1_432' title='bbox 443 4225 729 4295; x_wconf 89' lang='lat' dir='ltr'><strong>acquisivit</strong></span> <span class='ocrx_word' id='word_1_433' title='bbox 792 4227 1066 4296; x_wconf 91' lang='lat' dir='ltr'><strong>quinque,</strong></span> <span class='ocrx_word' id='word_1_434' title='bbox 1136 4227 1392 4296; x_wconf 92' lang='lat' dir='ltr'><strong>quoniam</strong></span> <span class='ocrx_word' id='word_1_435' title='bbox 1455 4228 1831 4298; x_wconf 89' lang='lat' dir='ltr'><strong>unusquisque</strong></span> 
     </span>
    </p>
   </div>
   <div class='ocr_carea' id='block_1_59' title="bbox 255 4316 1831 4389">
    <p class='ocr_par' dir='ltr' id='par_1_59' title="bbox 255 4316 1831 4389">
     <span class='ocr_line' id='line_1_59' title="bbox 255 4316 1831 4389; baseline 0.002 -18"><span class='ocrx_word' id='word_1_436' title='bbox 255 4317 400 4386; x_wconf 91' lang='lat' dir='ltr'><strong>quod</strong></span> <span class='ocrx_word' id='word_1_437' title='bbox 433 4317 546 4386; x_wconf 92' lang='lat' dir='ltr'><strong>ipse</strong></span> <span class='ocrx_word' id='word_1_438' title='bbox 579 4318 701 4382; x_wconf 91' lang='lat' dir='ltr'><strong>scit,</strong></span> <span class='ocrx_word' id='word_1_439' title='bbox 733 4316 837 4372; x_wconf 90' lang='lat' dir='ltr'><strong>hoc</strong></span> <span class='ocrx_word' id='word_1_440' title='bbox 886 4319 1044 4372; x_wconf 90' lang='lat' dir='ltr'><strong>docet</strong></span> <span class='ocrx_word' id='word_1_441' title='bbox 1085 4318 1314 4373; x_wconf 84' lang='lat' dir='ltr'><strong>alterum</strong></span> <span class='ocrx_word' id='word_1_442' title='bbox 1335 4360 1350 4384; x_wconf 88' lang='lat'><strong>,</strong></span> <span class='ocrx_word' id='word_1_443' title='bbox 1395 4329 1449 4374; x_wconf 88' lang='lat' dir='ltr'><strong>et</strong></span> <span class='ocrx_word' id='word_1_444' title='bbox 1483 4330 1682 4389; x_wconf 91' lang='lat' dir='ltr'><strong>quanta</strong></span> <span class='ocrx_word' id='word_1_445' title='bbox 1717 4320 1831 4389; x_wconf 90' lang='lat' dir='ltr'><strong>ipse</strong></span> 
     </span>
    </p>
   </div>
   <div class='ocr_carea' id='block_1_60' title="bbox 255 4408 1829 4480">
    <p class='ocr_par' dir='ltr' id='par_1_60' title="bbox 255 4408 1829 4480">
     <span class='ocr_line' id='line_1_60' title="bbox 255 4408 1829 4480; baseline 0.003 -19"><span class='ocrx_word' id='word_1_446' title='bbox 255 4409 378 4474; x_wconf 91' lang='lat' dir='ltr'><strong>scit,</strong></span> <span class='ocrx_word' id='word_1_447' title='bbox 408 4415 559 4462; x_wconf 86' lang='lat' dir='ltr'><strong>tanta</strong></span> <span class='ocrx_word' id='word_1_448' title='bbox 606 4408 837 4462; x_wconf 90' lang='lat' dir='ltr'><strong>alterum</strong></span> <span class='ocrx_word' id='word_1_449' title='bbox 875 4409 1052 4476; x_wconf 89' lang='lat' dir='ltr'><strong>docet,</strong></span> <span class='ocrx_word' id='word_1_450' title='bbox 1092 4424 1200 4462; x_wconf 88' lang='lat' dir='ltr'><strong>non</strong></span> <span class='ocrx_word' id='word_1_451' title='bbox 1237 4409 1492 4479; x_wconf 88' lang='lat' dir='ltr'><strong>amplius.</strong></span> <span class='ocrx_word' id='word_1_452' title='bbox 1535 4409 1829 4480; x_wconf 83' lang='lat' dir='ltr'><strong>Propterea</strong></span> 
     </span>
    </p>
   </div>
   <div class='ocr_carea' id='block_1_61' title="bbox 254 4498 1826 4570">
    <p class='ocr_par' dir='ltr' id='par_1_61' title="bbox 254 4498 1826 4570">
     <span class='ocr_line' id='line_1_61' title="bbox 254 4498 1826 4570; baseline 0.003 -19"><span class='ocrx_word' id='word_1_453' title='bbox 254 4499 516 4570; x_wconf 89' lang='lat' dir='ltr'><strong>quidquid</strong></span> <span class='ocrx_word' id='word_1_454' title='bbox 545 4498 716 4570; x_wconf 69' lang='grc'><strong>884</strong></span> <span class='ocrx_word' id='word_1_455' title='bbox 769 4499 1020 4554; x_wconf 88' lang='lat' dir='ltr'><strong>habuerit</strong></span> <span class='ocrx_word' id='word_1_456' title='bbox 1070 4501 1194 4569; x_wconf 90' lang='lat' dir='ltr'><strong>quis</strong></span> <span class='ocrx_word' id='word_1_457' title='bbox 1242 4501 1297 4554; x_wconf 92' lang='lat' dir='ltr'><strong>in</strong></span> <span class='ocrx_word' id='word_1_458' title='bbox 1335 4516 1428 4570; x_wconf 89' lang='lat' dir='ltr'><strong>se,</strong></span> <span class='ocrx_word' id='word_1_459' title='bbox 1461 4502 1564 4556; x_wconf 90' lang='lat' dir='ltr'><strong>hoc</strong></span> <span class='ocrx_word' id='word_1_460' title='bbox 1597 4503 1826 4556; x_wconf 82' lang='lat' dir='ltr'><strong>alterum</strong></span> 
     </span>
    </p>
   </div>
   <div class='ocr_carea' id='block_1_62' title="bbox 1935 2041 3516 2098">
    <p class='ocr_par' dir='ltr' id='par_1_62' title="bbox 1935 2041 3516 2098">
     <span class='ocr_line' id='line_1_62' title="bbox 1935 2041 3516 2098; baseline -0.002 -1"><span class='ocrx_word' id='word_1_461' title='bbox 1935 2042 2118 2097; x_wconf 89' lang='lat' dir='ltr'><strong>condit</strong></span> <span class='ocrx_word' id='word_1_462' title='bbox 2164 2041 2424 2096; x_wconf 88' lang='lat' dir='ltr'><strong>talentum</strong></span> <span class='ocrx_word' id='word_1_463' title='bbox 2476 2057 2637 2096; x_wconf 92' lang='lat' dir='ltr'><strong>suum</strong></span> <span class='ocrx_word' id='word_1_464' title='bbox 2681 2042 2734 2096; x_wconf 93' lang='lat' dir='ltr'><strong>in</strong></span> <span class='ocrx_word' id='word_1_465' title='bbox 2783 2051 2946 2097; x_wconf 90' lang='lat' dir='ltr'><strong>terra.</strong></span> <span class='ocrx_word' id='word_1_466' title='bbox 2983 2042 3140 2098; x_wconf 85' lang='lat' dir='ltr'><strong>Tales</strong></span> <span class='ocrx_word' id='word_1_467' title='bbox 3179 2053 3308 2098; x_wconf 91' lang='lat' dir='ltr'><strong>sunt</strong></span> <span class='ocrx_word' id='word_1_468' title='bbox 3336 2051 3516 2098; x_wconf 91' lang='lat' dir='ltr'><strong>autem</strong></span> 
     </span>
    </p>
   </div>
   <div class='ocr_carea' id='block_1_63' title="bbox 1934 2134 3516 2205">
    <p class='ocr_par' dir='ltr' id='par_1_63' title="bbox 1934 2134 3516 2205">
     <span class='ocr_line' id='line_1_63' title="bbox 1934 2134 3516 2205; baseline 0.001 -18"><span class='ocrx_word' id='word_1_469' title='bbox 1934 2135 2031 2204; x_wconf 91' lang='lat' dir='ltr'><strong>qui</strong></span> <span class='ocrx_word' id='word_1_470' title='bbox 2068 2149 2244 2204; x_wconf 87' lang='lat' dir='ltr'><strong>neque</strong></span> <span class='ocrx_word' id='word_1_471' title='bbox 2277 2142 2516 2201; x_wconf 87' lang='lat' dir='ltr'><strong>movent,</strong></span> <span class='ocrx_word' id='word_1_472' title='bbox 2547 2149 2722 2204; x_wconf 90' lang='lat' dir='ltr'><strong>neque</strong></span> <span class='ocrx_word' id='word_1_473' title='bbox 2751 2134 3054 2189; x_wconf 89' lang='lat' dir='ltr'><strong>discutiunt</strong></span> <span class='ocrx_word' id='word_1_474' title='bbox 3087 2150 3208 2205; x_wconf 77' lang='lat' dir='ltr'><strong>qua:</strong></span> <span class='ocrx_word' id='word_1_475' title='bbox 3235 2135 3516 2200; x_wconf 87' lang='lat' dir='ltr'><strong>dicuntur,</strong></span> 
     </span>
    </p>
   </div>
   <div class='ocr_carea' id='block_1_64' title="bbox 1934 2225 3513 2295">
    <p class='ocr_par' dir='ltr' id='par_1_64' title="bbox 1934 2225 3513 2295">
     <span class='ocr_line' id='line_1_64' title="bbox 1934 2225 3513 2295; baseline 0.003 -17"><span class='ocrx_word' id='word_1_476' title='bbox 1934 2240 2113 2294; x_wconf 89' lang='lat' dir='ltr'><strong>neque</strong></span> <span class='ocrx_word' id='word_1_477' title='bbox 2142 2225 2352 2295; x_wconf 86' lang='lat' dir='ltr'><strong>seipsos</strong></span> <span class='ocrx_word' id='word_1_478' title='bbox 2385 2225 2450 2278; x_wconf 87' lang='lat' dir='ltr'><strong>ad</strong></span> <span class='ocrx_word' id='word_1_479' title='bbox 2475 2225 2874 2295; x_wconf 86' lang='lat' dir='ltr'><strong>prodilicandas</strong></span> <span class='ocrx_word' id='word_1_480' title='bbox 2900 2227 3112 2281; x_wconf 88' lang='lat' dir='ltr'><strong>animas</strong></span> <span class='ocrx_word' id='word_1_481' title='bbox 3145 2227 3384 2294; x_wconf 89' lang='lat' dir='ltr'><strong>tradunt,</strong></span> <span class='ocrx_word' id='word_1_482' title='bbox 3420 2229 3513 2283; x_wconf 78' lang='lat' dir='ltr'><strong>sed</strong></span> 
     </span>
    </p>
   </div>
   <div class='ocr_carea' id='block_1_65' title="bbox 1934 2315 3514 2388">
    <p class='ocr_par' dir='ltr' id='par_1_65' title="bbox 1934 2315 3514 2388">
     <span class='ocr_line' id='line_1_65' title="bbox 1934 2315 3514 2388; baseline 0.001 -18"><span class='ocrx_word' id='word_1_483' title='bbox 1934 2315 2104 2372; x_wconf 90' lang='lat' dir='ltr'><strong>latere</strong></span> <span class='ocrx_word' id='word_1_484' title='bbox 2148 2317 2338 2372; x_wconf 89' lang='lat' dir='ltr'><strong>volunt</strong></span> <span class='ocrx_word' id='word_1_485' title='bbox 2386 2331 2507 2385; x_wconf 60' lang='lat' dir='ltr'><strong>quae</strong></span> <span class='ocrx_word' id='word_1_486' title='bbox 2556 2327 2884 2388; x_wconf 83' lang='lat' dir='ltr'><strong>acceperunt</strong></span> <span class='ocrx_word' id='word_1_487' title='bbox 2928 2328 2980 2372; x_wconf 91' lang='lat' dir='ltr'><strong>et</strong></span> <span class='ocrx_word' id='word_1_488' title='bbox 3029 2316 3222 2371; x_wconf 88' lang='lat' dir='ltr'><strong>crediti</strong></span> <span class='ocrx_word' id='word_1_489' title='bbox 3270 2330 3416 2372; x_wconf 90' lang='lat' dir='ltr'><strong>sunt.</strong></span> <span class='ocrx_word' id='word_1_490' title='bbox 3457 2317 3514 2372; x_wconf 89' lang='lat' dir='ltr'><strong>Si</strong></span> 
     </span>
    </p>
   </div>
   <div class='ocr_carea' id='block_1_66' title="bbox 1933 2408 3512 2480">
    <p class='ocr_par' dir='ltr' id='par_1_66' title="bbox 1933 2408 3512 2480">
     <span class='ocr_line' id='line_1_66' title="bbox 1933 2408 3512 2480; baseline -0.001 -17"><span class='ocrx_word' id='word_1_491' title='bbox 1933 2409 2154 2480; x_wconf 86' lang='lat' dir='ltr'><strong>quando</strong></span> <span class='ocrx_word' id='word_1_492' title='bbox 2187 2424 2319 2479; x_wconf 90' lang='lat' dir='ltr'><strong>ergo</strong></span> <span class='ocrx_word' id='word_1_493' title='bbox 2349 2408 2552 2464; x_wconf 90' lang='lat' dir='ltr'><strong>videris</strong></span> <span class='ocrx_word' id='word_1_494' title='bbox 2595 2409 2830 2478; x_wconf 87' lang='lat' dir='ltr'><strong>aliquem</strong></span> <span class='ocrx_word' id='word_1_495' title='bbox 2868 2409 2961 2479; x_wconf 90' lang='lat' dir='ltr'><strong>qui</strong></span> <span class='ocrx_word' id='word_1_496' title='bbox 3006 2409 3262 2464; x_wconf 88' lang='lat' dir='ltr'><strong>virtutem</strong></span> <span class='ocrx_word' id='word_1_497' title='bbox 3291 2409 3512 2479; x_wconf 87' lang='lat' dir='ltr'><strong>quidem</strong></span> 
     </span>
    </p>
   </div>
   <div class='ocr_carea' id='block_1_67' title="bbox 1935 2499 3515 2570">
    <p class='ocr_par' dir='ltr' id='par_1_67' title="bbox 1935 2499 3515 2570">
     <span class='ocr_line' id='line_1_67' title="bbox 1935 2499 3515 2570; baseline 0 -16"><span class='ocrx_word' id='word_1_498' title='bbox 1935 2499 2174 2570; x_wconf 89' lang='lat' dir='ltr'><strong>aliquam</strong></span> <span class='ocrx_word' id='word_1_499' title='bbox 2224 2499 2515 2569; x_wconf 85' lang='lat' dir='ltr'><strong>acquisivit</strong></span> <span class='ocrx_word' id='word_1_500' title='bbox 2562 2508 2617 2556; x_wconf 89' lang='lat' dir='ltr'><strong>et</strong></span> <span class='ocrx_word' id='word_1_501' title='bbox 2669 2499 2834 2554; x_wconf 86' lang='lat' dir='ltr'><strong>habet</strong></span> <span class='ocrx_word' id='word_1_502' title='bbox 2882 2501 3136 2566; x_wconf 89' lang='lat' dir='ltr'><strong>dicendi,</strong></span> <span class='ocrx_word' id='word_1_503' title='bbox 3193 2502 3248 2555; x_wconf 86' lang='lat' dir='ltr'><strong>et</strong></span> <span class='ocrx_word' id='word_1_504' title='bbox 3303 2501 3515 2554; x_wconf 71' lang='lat' dir='ltr'><strong>animas</strong></span> 
     </span>
    </p>
   </div>
   <div class='ocr_carea' id='block_1_68' title="bbox 1933 2591 3512 2664">
    <p class='ocr_par' dir='ltr' id='par_1_68' title="bbox 1933 2591 3512 2664">
     <span class='ocr_line' id='line_1_68' title="bbox 1933 2591 3512 2664; baseline 0.001 -17"><span class='ocrx_word' id='word_1_505' title='bbox 1933 2601 2419 2664; x_wconf 87' lang='lat' dir='ltr'><strong>quantumcunque</strong></span> <span class='ocrx_word' id='word_1_506' title='bbox 2471 2591 2904 2664; x_wconf 87' lang='lat' dir='ltr'><strong>prodilicantem,</strong></span> <span class='ocrx_word' id='word_1_507' title='bbox 2956 2601 3009 2646; x_wconf 90' lang='lat' dir='ltr'><strong>et</strong></span> <span class='ocrx_word' id='word_1_508' title='bbox 3063 2593 3206 2648; x_wconf 87' lang='lat' dir='ltr'><strong>hanc</strong></span> <span class='ocrx_word' id='word_1_509' title='bbox 3259 2593 3512 2648; x_wconf 88' lang='lat' dir='ltr'><strong>virtutem</strong></span> 
     </span>
    </p>
   </div>
   <div class='ocr_carea' id='block_1_69' title="bbox 1935 2683 3512 2748">
    <p class='ocr_par' dir='ltr' id='par_1_69' title="bbox 1935 2683 3512 2748">
     <span class='ocr_line' id='line_1_69' title="bbox 1935 2683 3512 2748; baseline 0.001 -8"><span class='ocrx_word' id='word_1_510' title='bbox 1935 2685 2213 2748; x_wconf 85' lang='lat' dir='ltr'><strong>occultat,</strong></span> <span class='ocrx_word' id='word_1_511' title='bbox 2258 2693 2317 2738; x_wconf 91' lang='lat' dir='ltr'><strong>ut</strong></span> <span class='ocrx_word' id='word_1_512' title='bbox 2371 2684 2744 2738; x_wconf 91' lang='lat' dir='ltr'><strong>tantummodo</strong></span> <span class='ocrx_word' id='word_1_513' title='bbox 2796 2683 2972 2738; x_wconf 89' lang='lat' dir='ltr'><strong>tradat</strong></span> <span class='ocrx_word' id='word_1_514' title='bbox 3027 2685 3249 2739; x_wconf 87' lang='lat' dir='ltr'><strong>verbum</strong></span> <span class='ocrx_word' id='word_1_515' title='bbox 3304 2687 3512 2740; x_wconf 84' lang='lat' dir='ltr'><strong>nudum</strong></span> 
     </span>
    </p>
   </div>
   <div class='ocr_carea' id='block_1_70' title="bbox 1935 2778 3512 2849">
    <p class='ocr_par' dir='ltr' id='par_1_70' title="bbox 1935 2778 3512 2849">
     <span class='ocr_line' id='line_1_70' title="bbox 1935 2778 3512 2849; baseline 0.001 -17"><span class='ocrx_word' id='word_1_516' title='bbox 1935 2779 2081 2848; x_wconf 86' lang='lat' dir='ltr'><strong>quod</strong></span> <span class='ocrx_word' id='word_1_517' title='bbox 2105 2778 2344 2833; x_wconf 89' lang='lat' dir='ltr'><strong>creditus</strong></span> <span class='ocrx_word' id='word_1_518' title='bbox 2375 2786 2538 2832; x_wconf 88' lang='lat' dir='ltr'><strong>estet</strong></span> <span class='ocrx_word' id='word_1_519' title='bbox 2571 2779 2797 2847; x_wconf 76' lang='lat' dir='ltr'><strong>accepit,</strong></span> <span class='ocrx_word' id='word_1_520' title='bbox 2823 2787 2878 2834; x_wconf 91' lang='lat' dir='ltr'><strong>et</strong></span> <span class='ocrx_word' id='word_1_521' title='bbox 2908 2779 3216 2848; x_wconf 89' lang='lat' dir='ltr'><strong>depositum</strong></span> <span class='ocrx_word' id='word_1_522' title='bbox 3253 2779 3375 2849; x_wconf 88' lang='lat' dir='ltr'><strong>ejus</strong></span> <span class='ocrx_word' id='word_1_523' title='bbox 3408 2779 3512 2834; x_wconf 79' lang='lat' dir='ltr'><strong>db-</strong></span> 
     </span>
    </p>
   </div>
   <div class='ocr_carea' id='block_1_71' title="bbox 1934 2867 3508 2939">
    <p class='ocr_par' dir='ltr' id='par_1_71' title="bbox 1934 2867 3508 2939">
     <span class='ocr_line' id='line_1_71' title="bbox 1934 2867 3508 2939; baseline 0.001 -17"><span class='ocrx_word' id='word_1_524' title='bbox 1934 2869 2086 2923; x_wconf 89' lang='lat' dir='ltr'><strong>mino</strong></span> <span class='ocrx_word' id='word_1_525' title='bbox 2117 2883 2238 2934; x_wconf 84' lang='lat' dir='ltr'><strong>suo,</strong></span> <span class='ocrx_word' id='word_1_526' title='bbox 2269 2878 2321 2922; x_wconf 93' lang='lat' dir='ltr'><strong>et</strong></span> <span class='ocrx_word' id='word_1_527' title='bbox 2349 2869 2481 2922; x_wconf 85' lang='lat' dir='ltr'><strong>vivit</strong></span> <span class='ocrx_word' id='word_1_528' title='bbox 2506 2867 2559 2920; x_wconf 92' lang='lat' dir='ltr'><strong>in</strong></span> <span class='ocrx_word' id='word_1_529' title='bbox 2595 2869 2831 2924; x_wconf 79' lang='lat' dir='ltr'><strong>obscuro</strong></span> <span class='ocrx_word' id='word_1_530' title='bbox 2864 2871 3050 2924; x_wconf 92' lang='lat' dir='ltr'><strong>multis</strong></span> <span class='ocrx_word' id='word_1_531' title='bbox 3085 2870 3306 2939; x_wconf 86' lang='lat' dir='ltr'><strong>ignotus</strong></span> <span class='ocrx_word' id='word_1_532' title='bbox 3340 2870 3508 2925; x_wconf 89' lang='lat' dir='ltr'><strong>etiam</strong></span> 
     </span>
    </p>
   </div>
   <div class='ocr_carea' id='block_1_72' title="bbox 1934 2959 3514 3031">
    <p class='ocr_par' dir='ltr' id='par_1_72' title="bbox 1934 2959 3514 3031">
     <span class='ocr_line' id='line_1_72' title="bbox 1934 2959 3514 3031; baseline 0.001 -17"><span class='ocrx_word' id='word_1_533' title='bbox 1934 2973 2130 3027; x_wconf 84' lang='lat' dir='ltr'><strong>magna</strong></span> <span class='ocrx_word' id='word_1_534' title='bbox 2186 2966 2404 3027; x_wconf 91' lang='lat' dir='ltr'><strong>peccata</strong></span> <span class='ocrx_word' id='word_1_535' title='bbox 2455 2959 2810 3025; x_wconf 88' lang='lat' dir='ltr'><strong>habentibus,</strong></span> <span class='ocrx_word' id='word_1_536' title='bbox 2864 2968 2918 3014; x_wconf 91' lang='lat' dir='ltr'><strong>et</strong></span> <span class='ocrx_word' id='word_1_537' title='bbox 2966 2975 3074 3014; x_wconf 88' lang='lat' dir='ltr'><strong>non</strong></span> <span class='ocrx_word' id='word_1_538' title='bbox 3119 2976 3178 3015; x_wconf 90' lang='lat' dir='ltr'><strong>se</strong></span> <span class='ocrx_word' id='word_1_539' title='bbox 3216 2960 3423 3031; x_wconf 84' lang='lat' dir='ltr'><strong>profert</strong></span> <span class='ocrx_word' id='word_1_540' title='bbox 3459 2962 3514 3016; x_wconf 77' lang='lat' dir='ltr'><strong>in.</strong></span> 
     </span>
    </p>
   </div>
   <div class='ocr_carea' id='block_1_73' title="bbox 1934 3046 3510 3119">
    <p class='ocr_par' dir='ltr' id='par_1_73' title="bbox 1934 3046 3510 3119">
     <span class='ocr_line' id='line_1_73' title="bbox 1934 3046 3510 3119; baseline 0.002 -18"><span class='ocrx_word' id='word_1_541' title='bbox 1934 3047 2080 3101; x_wconf 93' lang='lat' dir='ltr'><strong>bono</strong></span> <span class='ocrx_word' id='word_1_542' title='bbox 2107 3047 2251 3116; x_wconf 90' lang='lat' dir='ltr'><strong>quod</strong></span> <span class='ocrx_word' id='word_1_543' title='bbox 2278 3063 2306 3100; x_wconf 88' lang='lat' dir='ltr'><strong>a</strong></span> <span class='ocrx_word' id='word_1_544' title='bbox 2335 3046 2444 3101; x_wconf 88' lang='lat' dir='ltr'><strong>Deo</strong></span> <span class='ocrx_word' id='word_1_545' title='bbox 2473 3048 2698 3118; x_wconf 88' lang='lat' dir='ltr'><strong>accepit,</strong></span> <span class='ocrx_word' id='word_1_546' title='bbox 2726 3049 2976 3118; x_wconf 85' lang='lat' dir='ltr'><strong>quamvis</strong></span> <span class='ocrx_word' id='word_1_547' title='bbox 3004 3049 3200 3103; x_wconf 90' lang='lat' dir='ltr'><strong>habeat</strong></span> <span class='ocrx_word' id='word_1_548' title='bbox 3218 3051 3510 3119; x_wconf 89' lang='lat' dir='ltr'><strong>quamdam</strong></span> 
     </span>
    </p>
   </div>
   <div class='ocr_carea' id='block_1_74' title="bbox 1935 3138 3507 3210">
    <p class='ocr_par' dir='ltr' id='par_1_74' title="bbox 1935 3138 3507 3210">
     <span class='ocr_line' id='line_1_74' title="bbox 1935 3138 3507 3210; baseline 0.003 -19"><span class='ocrx_word' id='word_1_549' title='bbox 1935 3138 2247 3208; x_wconf 86' lang='lat' dir='ltr'><strong>religionem</strong></span> <span class='ocrx_word' id='word_1_550' title='bbox 2282 3139 2714 3195; x_wconf 87' lang='lat' dir='ltr'><strong>conversationis</strong></span> <span class='ocrx_word' id='word_1_551' title='bbox 2737 3157 2843 3195; x_wconf 93' lang='lat' dir='ltr'><strong>non</strong></span> <span class='ocrx_word' id='word_1_552' title='bbox 2870 3141 3274 3210; x_wconf 86' lang='lat' dir='ltr'><strong>vituperabilem</strong></span> <span class='ocrx_word' id='word_1_553' title='bbox 3303 3143 3507 3206; x_wconf 81' lang='lat' dir='ltr'><strong>multis,</strong></span> 
     </span>
    </p>
   </div>
   <div class='ocr_carea' id='block_1_75' title="bbox 1936 3228 3509 3301">
    <p class='ocr_par' dir='ltr' id='par_1_75' title="bbox 1936 3228 3509 3301">
     <span class='ocr_line' id='line_1_75' title="bbox 1936 3228 3509 3301; baseline 0.004 -20"><span class='ocrx_word' id='word_1_554' title='bbox 1936 3243 2046 3282; x_wconf 90' lang='lat' dir='ltr'><strong>non</strong></span> <span class='ocrx_word' id='word_1_555' title='bbox 2087 3228 2302 3283; x_wconf 88' lang='lat' dir='ltr'><strong>dubites</strong></span> <span class='ocrx_word' id='word_1_556' title='bbox 2343 3229 2521 3284; x_wconf 89' lang='lat' dir='ltr'><strong>dicere</strong></span> <span class='ocrx_word' id='word_1_557' title='bbox 2569 3245 2694 3282; x_wconf 88' lang='lat' dir='ltr'><strong>eum</strong></span> <span class='ocrx_word' id='word_1_558' title='bbox 2724 3230 2882 3284; x_wconf 92' lang='lat' dir='ltr'><strong>talem</strong></span> <span class='ocrx_word' id='word_1_559' title='bbox 2920 3247 3040 3286; x_wconf 90' lang='lat' dir='ltr'><strong>esse</strong></span> <span class='ocrx_word' id='word_1_560' title='bbox 3083 3232 3176 3301; x_wconf 91' lang='lat' dir='ltr'><strong>qui</strong></span> <span class='ocrx_word' id='word_1_561' title='bbox 3221 3249 3392 3287; x_wconf 90' lang='lat' dir='ltr'><strong>unum</strong></span> <span class='ocrx_word' id='word_1_562' title='bbox 3425 3243 3509 3288; x_wconf 87' lang='lat' dir='ltr'><strong>ta—</strong></span> 
     </span>
    </p>
   </div>
   <div class='ocr_carea' id='block_1_76' title="bbox 1937 3319 3509 3388">
    <p class='ocr_par' dir='ltr' id='par_1_76' title="bbox 1937 3319 3509 3388">
     <span class='ocr_line' id='line_1_76' title="bbox 1937 3319 3509 3388; baseline 0.006 -17"><span class='ocrx_word' id='word_1_563' title='bbox 1937 3319 2142 3373; x_wconf 91' lang='lat' dir='ltr'><strong>lentum</strong></span> <span class='ocrx_word' id='word_1_564' title='bbox 2186 3321 2413 3388; x_wconf 90' lang='lat' dir='ltr'><strong>accepit,</strong></span> <span class='ocrx_word' id='word_1_565' title='bbox 2458 3326 2512 3374; x_wconf 92' lang='lat' dir='ltr'><strong>et</strong></span> <span class='ocrx_word' id='word_1_566' title='bbox 2546 3319 2832 3375; x_wconf 89' lang='lat' dir='ltr'><strong>abscondit</strong></span> <span class='ocrx_word' id='word_1_567' title='bbox 2865 3321 2918 3374; x_wconf 92' lang='lat' dir='ltr'><strong>id</strong></span> <span class='ocrx_word' id='word_1_568' title='bbox 2950 3322 3003 3374; x_wconf 90' lang='lat' dir='ltr'><strong>in</strong></span> <span class='ocrx_word' id='word_1_569' title='bbox 3041 3332 3205 3376; x_wconf 89' lang='lat' dir='ltr'><strong>terra.</strong></span> <span class='ocrx_word' id='word_1_570' title='bbox 3243 3321 3300 3376; x_wconf 92' lang='lat' dir='ltr'><strong>Si</strong></span> <span class='ocrx_word' id='word_1_571' title='bbox 3327 3333 3509 3379; x_wconf 90' lang='lat' dir='ltr'><strong>autem</strong></span> 
     </span>
    </p>
   </div>
   <div class='ocr_carea' id='block_1_77' title="bbox 1933 3408 3512 3478">
    <p class='ocr_par' dir='ltr' id='par_1_77' title="bbox 1933 3408 3512 3478">
     <span class='ocr_line' id='line_1_77' title="bbox 1933 3408 3512 3478; baseline 0.005 -16"><span class='ocrx_word' id='word_1_572' title='bbox 1933 3417 2152 3478; x_wconf 84' lang='lat' dir='ltr'><strong>propter</strong></span> <span class='ocrx_word' id='word_1_573' title='bbox 2181 3408 2313 3463; x_wconf 90' lang='lat' dir='ltr'><strong>illud</strong></span> <span class='ocrx_word' id='word_1_574' title='bbox 2342 3409 2484 3478; x_wconf 92' lang='lat' dir='ltr'><strong>quod</strong></span> <span class='ocrx_word' id='word_1_575' title='bbox 2511 3411 2772 3478; x_wconf 88' lang='lat' dir='ltr'><strong>scriptum</strong></span> <span class='ocrx_word' id='word_1_576' title='bbox 2799 3420 2904 3474; x_wconf 88' lang='lat' dir='ltr'><strong>est,</strong></span> <span class='ocrx_word' id='word_1_577' title='bbox 2932 3426 3056 3465; x_wconf 90' lang='lat' dir='ltr'><strong>eum</strong></span> <span class='ocrx_word' id='word_1_578' title='bbox 3091 3413 3250 3467; x_wconf 91' lang='lat' dir='ltr'><strong>talem</strong></span> <span class='ocrx_word' id='word_1_579' title='bbox 3285 3414 3426 3469; x_wconf 90' lang='lat' dir='ltr'><strong>mitti</strong></span> <span class='ocrx_word' id='word_1_580' title='bbox 3455 3416 3512 3470; x_wconf 90' lang='lat' dir='ltr'><strong>in</strong></span> 
     </span>
    </p>
   </div>
   <div class='ocr_carea' id='block_1_78' title="bbox 1934 3499 3510 3572">
    <p class='ocr_par' dir='ltr' id='par_1_78' title="bbox 1934 3499 3510 3572">
     <span class='ocr_line' id='line_1_78' title="bbox 1934 3499 3510 3572; baseline 0.004 -19"><span class='ocrx_word' id='word_1_581' title='bbox 1934 3499 2189 3554; x_wconf 88' lang='lat' dir='ltr'><strong>tenebras</strong></span> <span class='ocrx_word' id='word_1_582' title='bbox 2237 3499 2555 3567; x_wconf 80' lang='lat' dir='ltr'><strong>exteriores,</strong></span> <span class='ocrx_word' id='word_1_583' title='bbox 2591 3502 2843 3570; x_wconf 90' lang='lat' dir='ltr'><strong>displicet</strong></span> <span class='ocrx_word' id='word_1_584' title='bbox 2886 3503 2979 3557; x_wconf 91' lang='lat' dir='ltr'><strong>tibi</strong></span> <span class='ocrx_word' id='word_1_585' title='bbox 3029 3505 3175 3572; x_wconf 90' lang='lat' dir='ltr'><strong>quod</strong></span> <span class='ocrx_word' id='word_1_586' title='bbox 3206 3505 3427 3569; x_wconf 77' lang='lat' dir='ltr'><strong>dicitur,</strong></span> <span class='ocrx_word' id='word_1_587' title='bbox 3466 3509 3510 3560; x_wconf 90' lang='lat' dir='ltr'><strong>si</strong></span> 
     </span>
    </p>
   </div>
   <div class='ocr_carea' id='block_1_79' title="bbox 1934 3590 3509 3667">
    <p class='ocr_par' dir='ltr' id='par_1_79' title="bbox 1934 3590 3509 3667">
     <span class='ocr_line' id='line_1_79' title="bbox 1934 3590 3509 3667; baseline 0.008 -27"><span class='ocrx_word' id='word_1_588' title='bbox 1934 3597 2215 3657; x_wconf 86' lang='lat' dir='ltr'><strong>propterea</strong></span> <span class='ocrx_word' id='word_1_589' title='bbox 2248 3590 2392 3656; x_wconf 90' lang='lat' dir='ltr'><strong>quod</strong></span> <span class='ocrx_word' id='word_1_590' title='bbox 2444 3604 2553 3642; x_wconf 91' lang='lat' dir='ltr'><strong>non</strong></span> <span class='ocrx_word' id='word_1_591' title='bbox 2605 3590 2789 3645; x_wconf 91' lang='lat' dir='ltr'><strong>docuit</strong></span> <span class='ocrx_word' id='word_1_592' title='bbox 2837 3592 2998 3660; x_wconf 84' lang='lat' dir='ltr'><strong>quis.</strong></span> <span class='ocrx_word' id='word_1_593' title='bbox 3036 3593 3312 3662; x_wconf 90' lang='lat' dir='ltr'><strong>judicatur</strong></span> <span class='ocrx_word' id='word_1_594' title='bbox 3353 3613 3509 3667; x_wconf 52' lang='lat' dir='ltr'><strong>quasi.</strong></span> 
     </span>
    </p>
   </div>
   <div class='ocr_carea' id='block_1_80' title="bbox 1933 3677 3506 3750">
    <p class='ocr_par' dir='ltr' id='par_1_80' title="bbox 1933 3677 3506 3750">
     <span class='ocr_line' id='line_1_80' title="bbox 1933 3677 3506 3750; baseline 0.008 -20"><span class='ocrx_word' id='word_1_595' title='bbox 1933 3679 2027 3746; x_wconf 89' lang='lat' dir='ltr'><strong>qui</strong></span> <span class='ocrx_word' id='word_1_596' title='bbox 2054 3677 2178 3731; x_wconf 89' lang='lat' dir='ltr'><strong>data</strong></span> <span class='ocrx_word' id='word_1_597' title='bbox 2210 3677 2314 3732; x_wconf 89' lang='lat' dir='ltr'><strong>sibi</strong></span> <span class='ocrx_word' id='word_1_598' title='bbox 2355 3679 2553 3733; x_wconf 90' lang='lat' dir='ltr'><strong>virtute</strong></span> <span class='ocrx_word' id='word_1_599' title='bbox 2587 3681 2653 3734; x_wconf 93' lang='lat' dir='ltr'><strong>ad</strong></span> <span class='ocrx_word' id='word_1_600' title='bbox 2694 3681 3161 3750; x_wconf 83' lang='lat' dir='ltr'><strong>prodilicationcm</strong></span> <span class='ocrx_word' id='word_1_601' title='bbox 3200 3687 3506 3744; x_wconf 89' lang='lat' dir='ltr'><strong>animarum</strong></span> 
     </span>
    </p>
   </div>
   <div class='ocr_carea' id='block_1_81' title="bbox 1936 3770 3506 3848">
    <p class='ocr_par' dir='ltr' id='par_1_81' title="bbox 1936 3770 3506 3848">
     <span class='ocr_line' id='line_1_81' title="bbox 1936 3770 3506 3848; baseline 0.009 -28"><span class='ocrx_word' id='word_1_602' title='bbox 1936 3782 2045 3822; x_wconf 91' lang='lat' dir='ltr'><strong>non</strong></span> <span class='ocrx_word' id='word_1_603' title='bbox 2077 3776 2162 3822; x_wconf 92' lang='lat' dir='ltr'><strong>est</strong></span> <span class='ocrx_word' id='word_1_604' title='bbox 2206 3783 2360 3836; x_wconf 91' lang='lat' dir='ltr'><strong>usus,</strong></span> <span class='ocrx_word' id='word_1_605' title='bbox 2397 3770 2685 3827; x_wconf 90' lang='lat' dir='ltr'><strong>recordare</strong></span> <span class='ocrx_word' id='word_1_606' title='bbox 2727 3774 3084 3841; x_wconf 87' lang='lat' dir='ltr'><strong>apostolicum</strong></span> <span class='ocrx_word' id='word_1_607' title='bbox 3125 3776 3329 3832; x_wconf 89' lang='lat' dir='ltr'><strong>dictum</strong></span> <span class='ocrx_word' id='word_1_608' title='bbox 3362 3783 3506 3848; x_wconf 85' lang='lat' dir='ltr'><strong>quod</strong></span> 
     </span>
    </p>
   </div>
   <div class='ocr_carea' id='block_1_82' title="bbox 1934 3857 3507 3934">
    <p class='ocr_par' dir='ltr' id='par_1_82' title="bbox 1934 3857 3507 3934">
     <span class='ocr_line' id='line_1_82' title="bbox 1934 3857 3507 3934; baseline 0.009 -24"><span class='ocrx_word' id='word_1_609' title='bbox 1934 3859 2010 3912; x_wconf 92' lang='lat' dir='ltr'><strong>ait</strong></span> <span class='ocrx_word' id='word_1_610' title='bbox 2040 3873 2054 3910; x_wconf 87' lang='lat'><strong>:</strong></span> <span class='ocrx_word' id='word_1_611' title='bbox 2099 3857 2190 3913; x_wconf 70' lang='lat' dir='ltr'><strong>Va:</strong></span> <span class='ocrx_word' id='word_1_612' title='bbox 2220 3859 2358 3912; x_wconf 85' lang='lat' dir='ltr'><strong>enim</strong></span> <span class='ocrx_word' id='word_1_613' title='bbox 2383 3860 2513 3913; x_wconf 83' lang='lat' dir='ltr'><strong>mihi</strong></span> <span class='ocrx_word' id='word_1_614' title='bbox 2540 3869 2639 3929; x_wconf 80' lang='lat' dir='ltr'><strong>est,</strong></span> <span class='ocrx_word' id='word_1_615' title='bbox 2671 3861 2719 3916; x_wconf 74' lang='lat' dir='ltr'><strong>si</strong></span> <span class='ocrx_word' id='word_1_616' title='bbox 2743 3878 2844 3916; x_wconf 83' lang='lat' dir='ltr'><strong>non</strong></span> <span class='ocrx_word' id='word_1_617' title='bbox 2871 3865 3289 3934; x_wconf 80' lang='lat' dir='ltr'><strong>evangelizarero</strong></span> <span class='ocrx_word' id='word_1_618' title='bbox 3322 3870 3363 3922; x_wconf 84' lang='grc'><strong>⁸.</strong></span> <span class='ocrx_word' id='word_1_619' title='bbox 3388 3869 3507 3924; x_wconf 82' lang='lat' dir='ltr'><strong>Non</strong></span> 
     </span>
    </p>
   </div>
   <div class='ocr_carea' id='block_1_83' title="bbox 1932 3949 3507 4024">
    <p class='ocr_par' dir='ltr' id='par_1_83' title="bbox 1932 3949 3507 4024">
     <span class='ocr_line' id='line_1_83' title="bbox 1932 3949 3507 4024; baseline 0.01 -23"><span class='ocrx_word' id='word_1_620' title='bbox 1932 3949 2075 4002; x_wconf 89' lang='lat' dir='ltr'><strong>enim</strong></span> <span class='ocrx_word' id='word_1_621' title='bbox 2125 3961 2343 4020; x_wconf 90' lang='lat' dir='ltr'><strong>propter</strong></span> <span class='ocrx_word' id='word_1_622' title='bbox 2393 3953 2554 4008; x_wconf 88' lang='lat' dir='ltr'><strong>aliam</strong></span> <span class='ocrx_word' id='word_1_623' title='bbox 2603 3969 2988 4024; x_wconf 88' lang='lat' dir='ltr'><strong>quamcunque</strong></span> <span class='ocrx_word' id='word_1_624' title='bbox 3035 3961 3507 4018; x_wconf 85' lang='lat' dir='ltr'><strong>conversationem</strong></span> 
     </span>
    </p>
   </div>
   <div class='ocr_carea' id='block_1_84' title="bbox 1933 4042 3505 4118">
    <p class='ocr_par' dir='ltr' id='par_1_84' title="bbox 1933 4042 3505 4118">
     <span class='ocr_line' id='line_1_84' title="bbox 1933 4042 3505 4118; baseline 0.008 -23"><span class='ocrx_word' id='word_1_625' title='bbox 1933 4055 2088 4095; x_wconf 89' lang='lat' dir='ltr'><strong>suam</strong></span> <span class='ocrx_word' id='word_1_626' title='bbox 2121 4042 2552 4112; x_wconf 58' lang='lat' dir='ltr'><strong>\‘ituperabilem,</strong></span> <span class='ocrx_word' id='word_1_627' title='bbox 2589 4046 2682 4100; x_wconf 87' lang='lat' dir='ltr'><strong>sed</strong></span> <span class='ocrx_word' id='word_1_628' title='bbox 2706 4056 2925 4116; x_wconf 87' lang='lat' dir='ltr'><strong>propter</strong></span> <span class='ocrx_word' id='word_1_629' title='bbox 2952 4047 3056 4103; x_wconf 89' lang='lat' dir='ltr'><strong>hoc</strong></span> <span class='ocrx_word' id='word_1_630' title='bbox 3085 4051 3286 4118; x_wconf 90' lang='lat' dir='ltr'><strong>solum,</strong></span> <span class='ocrx_word' id='word_1_631' title='bbox 3320 4052 3367 4106; x_wconf 89' lang='lat' dir='ltr'><strong>si</strong></span> <span class='ocrx_word' id='word_1_632' title='bbox 3396 4069 3505 4107; x_wconf 88' lang='lat' dir='ltr'><strong>non</strong></span> 
     </span>
    </p>
   </div>
   <div class='ocr_carea' id='block_1_85' title="bbox 1932 4131 3508 4205">
    <p class='ocr_par' dir='ltr' id='par_1_85' title="bbox 1932 4131 3508 4205">
     <span class='ocr_line' id='line_1_85' title="bbox 1932 4131 3508 4205; baseline 0.009 -22"><span class='ocrx_word' id='word_1_633' title='bbox 1932 4131 2305 4200; x_wconf 77' lang='lat' dir='ltr'><strong>praedicaverit</strong></span> <span class='ocrx_word' id='word_1_634' title='bbox 2335 4133 2710 4205; x_wconf 85' lang='lat' dir='ltr'><strong>Evangelium,</strong></span> <span class='ocrx_word' id='word_1_635' title='bbox 2752 4151 2834 4190; x_wconf 72' lang='lat' dir='ltr'><strong>vae</strong></span> <span class='ocrx_word' id='word_1_636' title='bbox 2877 4137 2980 4193; x_wconf 87' lang='lat' dir='ltr'><strong>sibi</strong></span> <span class='ocrx_word' id='word_1_637' title='bbox 3030 4141 3317 4196; x_wconf 80' lang='lat' dir='ltr'><strong>confitetur</strong></span> <span class='ocrx_word' id='word_1_638' title='bbox 3358 4141 3508 4196; x_wconf 81' lang='lat' dir='ltr'><strong>futu-</strong></span> 
     </span>
    </p>
   </div>
   <div class='ocr_carea' id='block_1_86' title="bbox 1931 4223 3506 4304">
    <p class='ocr_par' dir='ltr' id='par_1_86' title="bbox 1931 4223 3506 4304">
     <span class='ocr_line' id='line_1_86' title="bbox 1931 4223 3506 4304; baseline 0.009 -28"><span class='ocrx_word' id='word_1_639' title='bbox 1931 4239 2074 4276; x_wconf 88' lang='lat' dir='ltr'><strong>rum.</strong></span> <span class='ocrx_word' id='word_1_640' title='bbox 2108 4223 2393 4280; x_wconf 84' lang='lat' dir='ltr'><strong>Manifeste</strong></span> <span class='ocrx_word' id='word_1_641' title='bbox 2420 4227 2565 4280; x_wconf 88' lang='lat' dir='ltr'><strong>enim</strong></span> <span class='ocrx_word' id='word_1_642' title='bbox 2595 4236 2817 4298; x_wconf 91' lang='lat' dir='ltr'><strong>apparet</strong></span> <span class='ocrx_word' id='word_1_643' title='bbox 2845 4231 3102 4299; x_wconf 92' lang='lat' dir='ltr'><strong>quoniam</strong></span> <span class='ocrx_word' id='word_1_644' title='bbox 3145 4232 3232 4287; x_wconf 90' lang='lat' dir='ltr'><strong>ille</strong></span> <span class='ocrx_word' id='word_1_645' title='bbox 3269 4237 3506 4304; x_wconf 86' lang='lat' dir='ltr'><strong>speravit</strong></span> 
     </span>
    </p>
   </div>
   <div class='ocr_carea' id='block_1_87' title="bbox 1931 4313 3503 4390">
    <p class='ocr_par' dir='ltr' id='par_1_87' title="bbox 1931 4313 3503 4390">
     <span class='ocr_line' id='line_1_87' title="bbox 1931 4313 3503 4390; baseline 0.008 -22"><span class='ocrx_word' id='word_1_646' title='bbox 1931 4313 2120 4368; x_wconf 87' lang='lat' dir='ltr'><strong>audire</strong></span> <span class='ocrx_word' id='word_1_647' title='bbox 2146 4331 2164 4371; x_wconf 70' lang='grc' dir='ltr'><strong>ς</strong></span> <span class='ocrx_word' id='word_1_648' title='bbox 2191 4314 2346 4370; x_wconf 82' lang='lat' dir='ltr'><strong>Serve</strong></span> <span class='ocrx_word' id='word_1_649' title='bbox 2378 4317 2516 4370; x_wconf 84' lang='lat' dir='ltr'><strong>male</strong></span> <span class='ocrx_word' id='word_1_650' title='bbox 2547 4327 2596 4372; x_wconf 85' lang='lat' dir='ltr'><strong>et</strong></span> <span class='ocrx_word' id='word_1_651' title='bbox 2637 4320 2784 4390; x_wconf 82' lang='lat' dir='ltr'><strong>piger</strong></span> <span class='ocrx_word' id='word_1_652' title='bbox 2810 4321 2854 4388; x_wconf 78' lang='lat'><strong>’,</strong></span> <span class='ocrx_word' id='word_1_653' title='bbox 2878 4330 2931 4374; x_wconf 91' lang='lat' dir='ltr'><strong>et</strong></span> <span class='ocrx_word' id='word_1_654' title='bbox 2961 4329 3176 4390; x_wconf 64' lang='lat' dir='ltr'><strong>cmtera,</strong></span> <span class='ocrx_word' id='word_1_655' title='bbox 3198 4324 3301 4379; x_wconf 90' lang='lat' dir='ltr'><strong>nisi</strong></span> <span class='ocrx_word' id='word_1_656' title='bbox 3334 4341 3503 4380; x_wconf 85' lang='lat' dir='ltr'><strong>evan-</strong></span> 
     </span>
    </p>
   </div>
   <div class='ocr_carea' id='block_1_88' title="bbox 1931 4405 3499 4482">
    <p class='ocr_par' dir='ltr' id='par_1_88' title="bbox 1931 4405 3499 4482">
     <span class='ocr_line' id='line_1_88' title="bbox 1931 4405 3499 4482; baseline 0.007 -22"><span class='ocrx_word' id='word_1_657' title='bbox 1931 4405 2238 4476; x_wconf 87' lang='lat' dir='ltr'><strong>gelizasset,</strong></span> <span class='ocrx_word' id='word_1_658' title='bbox 2274 4409 2524 4476; x_wconf 90' lang='lat' dir='ltr'><strong>quamvis</strong></span> <span class='ocrx_word' id='word_1_659' title='bbox 2573 4410 2678 4464; x_wconf 88' lang='lat' dir='ltr'><strong>alia</strong></span> <span class='ocrx_word' id='word_1_660' title='bbox 2727 4412 2850 4466; x_wconf 74' lang='lat' dir='ltr'><strong>vita:</strong></span> <span class='ocrx_word' id='word_1_661' title='bbox 2894 4413 3015 4482; x_wconf 90' lang='lat' dir='ltr'><strong>ejus</strong></span> <span class='ocrx_word' id='word_1_662' title='bbox 3057 4424 3204 4471; x_wconf 91' lang='lat' dir='ltr'><strong>recta</strong></span> <span class='ocrx_word' id='word_1_663' title='bbox 3250 4415 3499 4472; x_wconf 88' lang='lat' dir='ltr'><strong>fuissent.</strong></span> 
     </span>
    </p>
   </div>
   <div class='ocr_carea' id='block_1_89' title="bbox 1935 4495 3502 4560">
    <p class='ocr_par' dir='ltr' id='par_1_89' title="bbox 1935 4495 3502 4560">
     <span class='ocr_line' id='line_1_89' title="bbox 1935 4495 3502 4560; baseline 0.006 -9"><span class='ocrx_word' id='word_1_664' title='bbox 1935 4495 2061 4552; x_wconf 68' lang='lat' dir='ltr'><strong>Haec</strong></span> <span class='ocrx_word' id='word_1_665' title='bbox 2089 4497 2232 4551; x_wconf 92' lang='lat' dir='ltr'><strong>enim</strong></span> <span class='ocrx_word' id='word_1_666' title='bbox 2286 4507 2340 4552; x_wconf 92' lang='lat' dir='ltr'><strong>et</strong></span> <span class='ocrx_word' id='word_1_667' title='bbox 2389 4498 2474 4554; x_wconf 86' lang='lat' dir='ltr'><strong>his</strong></span> <span class='ocrx_word' id='word_1_668' title='bbox 2524 4500 2722 4555; x_wconf 90' lang='lat' dir='ltr'><strong>similia</strong></span> <span class='ocrx_word' id='word_1_669' title='bbox 2768 4502 2965 4558; x_wconf 90' lang='lat' dir='ltr'><strong>debent</strong></span> <span class='ocrx_word' id='word_1_670' title='bbox 2997 4504 3050 4558; x_wconf 92' lang='lat' dir='ltr'><strong>in</strong></span> <span class='ocrx_word' id='word_1_671' title='bbox 3094 4514 3272 4559; x_wconf 90' lang='lat' dir='ltr'><strong>mente</strong></span> <span class='ocrx_word' id='word_1_672' title='bbox 3303 4506 3502 4560; x_wconf 86' lang='lat' dir='ltr'><strong>habere</strong></span> 
     </span>
    </p>
   </div>
   <div class='ocr_carea' id='block_1_90' title="bbox 255 4587 3498 4659">
    <p class='ocr_par' dir='ltr' id='par_1_90' title="bbox 255 4587 3498 4659">
     <span class='ocr_line' id='line_1_90' title="bbox 255 4587 3498 4659; baseline 0.004 -14"><span class='ocrx_word' id='word_1_673' title='bbox 255 4591 499 4645; x_wconf 90' lang='lat' dir='ltr'><strong>docendo</strong></span> <span class='ocrx_word' id='word_1_674' title='bbox 555 4591 789 4659; x_wconf 90' lang='lat' dir='ltr'><strong>acquirit</strong></span> <span class='ocrx_word' id='word_1_675' title='bbox 842 4591 896 4646; x_wconf 91' lang='lat' dir='ltr'><strong>in</strong></span> <span class='ocrx_word' id='word_1_676' title='bbox 951 4591 1144 4658; x_wconf 90' lang='lat' dir='ltr'><strong>altero,</strong></span> <span class='ocrx_word' id='word_1_677' title='bbox 1195 4590 1402 4646; x_wconf 83' lang='lat' dir='ltr'><strong>faciens</strong></span> <span class='ocrx_word' id='word_1_678' title='bbox 1447 4607 1572 4647; x_wconf 91' lang='lat' dir='ltr'><strong>eum</strong></span> <span class='ocrx_word' id='word_1_679' title='bbox 1625 4593 1827 4649; x_wconf 89' lang='lat' dir='ltr'><strong>habere</strong></span> <span class='ocrx_word' id='word_1_680' title='bbox 1858 4598 1902 4652; x_wconf 92' lang='lat' dir='ltr'><strong>D</strong></span> <span class='ocrx_word' id='word_1_681' title='bbox 1933 4587 2168 4641; x_wconf 70' lang='lat' dir='ltr'><strong>maXime</strong></span> <span class='ocrx_word' id='word_1_682' title='bbox 2216 4587 2310 4658; x_wconf 83' lang='lat' dir='ltr'><strong>qui</strong></span> <span class='ocrx_word' id='word_1_683' title='bbox 2356 4589 2573 4643; x_wconf 75' lang='grc' dir='ltr'><strong>ηιίιῑυιιι</strong></span> <span class='ocrx_word' id='word_1_684' title='bbox 2611 4607 2832 4645; x_wconf 71' lang='lat' dir='ltr'><strong>manum</strong></span> <span class='ocrx_word' id='word_1_685' title='bbox 2877 4607 3066 4659; x_wconf 73' lang='lat' dir='ltr'><strong>suam.</strong></span> <span class='ocrx_word' id='word_1_686' title='bbox 3097 4595 3148 4648; x_wconf 76' lang='lat' dir='ltr'><strong>id</strong></span> <span class='ocrx_word' id='word_1_687' title='bbox 3181 4603 3264 4650; x_wconf 65' lang='lat' dir='ltr'><strong>es!</strong></span> <span class='ocrx_word' id='word_1_688' title='bbox 3293 4607 3498 4658; x_wconf 70' lang='lat' dir='ltr'><strong>aetum.</strong></span> 
     </span>
    </p>
   </div>
   <div class='ocr_carea' id='block_1_91' title="bbox 253 4681 1819 4754">
    <p class='ocr_par' dir='ltr' id='par_1_91' title="bbox 253 4681 1819 4754">
     <span class='ocr_line' id='line_1_91' title="bbox 253 4681 1819 4754; baseline 0.003 -19"><span class='ocrx_word' id='word_1_689' title='bbox 253 4681 400 4750; x_wconf 91' lang='lat' dir='ltr'><strong>quod</strong></span> <span class='ocrx_word' id='word_1_690' title='bbox 436 4681 598 4736; x_wconf 89' lang='lat' dir='ltr'><strong>habet</strong></span> <span class='ocrx_word' id='word_1_691' title='bbox 631 4682 764 4751; x_wconf 88' lang='lat' dir='ltr'><strong>ipse.</strong></span> <span class='ocrx_word' id='word_1_692' title='bbox 795 4681 1086 4751; x_wconf 89' lang='lat' dir='ltr'><strong>Propterea</strong></span> <span class='ocrx_word' id='word_1_693' title='bbox 1121 4683 1361 4754; x_wconf 87' lang='lat' dir='ltr'><strong>quinque</strong></span> <span class='ocrx_word' id='word_1_694' title='bbox 1389 4683 1594 4747; x_wconf 88' lang='lat' dir='ltr'><strong>habuit,</strong></span> <span class='ocrx_word' id='word_1_695' title='bbox 1627 4694 1683 4738; x_wconf 90' lang='lat' dir='ltr'><strong>et</strong></span> <span class='ocrx_word' id='word_1_696' title='bbox 1712 4699 1819 4739; x_wconf 90' lang='lat' dir='ltr'><strong>non</strong></span> 
     </span>
    </p>
   </div>
   <div class='ocr_carea' id='block_1_92' title="bbox 254 4774 1821 4846">
    <p class='ocr_par' dir='ltr' id='par_1_92' title="bbox 254 4774 1821 4846">
     <span class='ocr_line' id='line_1_92' title="bbox 254 4774 1821 4846; baseline -0.001 -16"><span class='ocrx_word' id='word_1_697' title='bbox 254 4775 490 4844; x_wconf 90' lang='lat' dir='ltr'><strong>amplius</strong></span> <span class='ocrx_word' id='word_1_698' title='bbox 522 4774 1078 4844; x_wconf 88' lang='lat' dir='ltr'><strong>acquisiissedicitur,</strong></span> <span class='ocrx_word' id='word_1_699' title='bbox 1123 4777 1228 4831; x_wconf 92' lang='lat' dir='ltr'><strong>nisi</strong></span> <span class='ocrx_word' id='word_1_700' title='bbox 1271 4776 1510 4846; x_wconf 88' lang='lat' dir='ltr'><strong>quinque</strong></span> <span class='ocrx_word' id='word_1_701' title='bbox 1555 4791 1679 4846; x_wconf 72' lang='lat' dir='ltr'><strong>qua:</strong></span> <span class='ocrx_word' id='word_1_702' title='bbox 1721 4776 1821 4829; x_wconf 82' lang='lat' dir='ltr'><strong>ha-</strong></span> 
     </span>
    </p>
   </div>
   <div class='ocr_carea' id='block_1_93' title="bbox 254 4864 1822 4935">
    <p class='ocr_par' dir='ltr' id='par_1_93' title="bbox 254 4864 1822 4935">
     <span class='ocr_line' id='line_1_93' title="bbox 254 4864 1822 4935; baseline -0.001 -15"><span class='ocrx_word' id='word_1_703' title='bbox 254 4867 390 4920; x_wconf 93' lang='lat' dir='ltr'><strong>buit.</strong></span> <span class='ocrx_word' id='word_1_704' title='bbox 427 4864 493 4919; x_wconf 90' lang='lat' dir='ltr'><strong>Et</strong></span> <span class='ocrx_word' id='word_1_705' title='bbox 520 4865 614 4935; x_wconf 90' lang='lat' dir='ltr'><strong>qui</strong></span> <span class='ocrx_word' id='word_1_706' title='bbox 645 4865 774 4929; x_wconf 90' lang='lat' dir='ltr'><strong>duo,</strong></span> <span class='ocrx_word' id='word_1_707' title='bbox 805 4881 913 4919; x_wconf 90' lang='lat' dir='ltr'><strong>non</strong></span> <span class='ocrx_word' id='word_1_708' title='bbox 936 4865 1170 4935; x_wconf 90' lang='lat' dir='ltr'><strong>amplius</strong></span> <span class='ocrx_word' id='word_1_709' title='bbox 1196 4865 1302 4920; x_wconf 91' lang='lat' dir='ltr'><strong>nisi</strong></span> <span class='ocrx_word' id='word_1_710' title='bbox 1329 4866 1438 4920; x_wconf 91' lang='lat' dir='ltr'><strong>duo</strong></span> <span class='ocrx_word' id='word_1_711' title='bbox 1466 4881 1586 4933; x_wconf 66' lang='lat' dir='ltr'><strong>quae</strong></span> <span class='ocrx_word' id='word_1_712' title='bbox 1615 4865 1822 4919; x_wconf 89' lang='lat' dir='ltr'><strong>habuit.</strong></span> 
     </span>
    </p>
   </div>
   <div class='ocr_carea' id='block_1_94' title="bbox 256 4957 1821 5022">
    <p class='ocr_par' dir='ltr' id='par_1_94' title="bbox 256 4957 1821 5022">
     <span class='ocr_line' id='line_1_94' title="bbox 256 4957 1821 5022; baseline -0.003 -10"><span class='ocrx_word' id='word_1_713' title='bbox 256 4957 314 5012; x_wconf 91' lang='lat' dir='ltr'><strong>Si</strong></span> <span class='ocrx_word' id='word_1_714' title='bbox 366 4966 546 5011; x_wconf 87' lang='lat' dir='ltr'><strong>autem</strong></span> <span class='ocrx_word' id='word_1_715' title='bbox 580 4957 840 5011; x_wconf 89' lang='lat' dir='ltr'><strong>debemus</strong></span> <span class='ocrx_word' id='word_1_716' title='bbox 881 4964 935 5011; x_wconf 92' lang='lat' dir='ltr'><strong>et</strong></span> <span class='ocrx_word' id='word_1_717' title='bbox 983 4957 1049 5011; x_wconf 91' lang='lat' dir='ltr'><strong>de</strong></span> <span class='ocrx_word' id='word_1_718' title='bbox 1096 4957 1310 5011; x_wconf 93' lang='lat' dir='ltr'><strong>duobus</strong></span> <span class='ocrx_word' id='word_1_719' title='bbox 1360 4957 1577 5012; x_wconf 91' lang='lat' dir='ltr'><strong>talentis</strong></span> <span class='ocrx_word' id='word_1_720' title='bbox 1619 4957 1821 5022; x_wconf 90' lang='lat' dir='ltr'><strong>dicere,</strong></span> 
     </span>
    </p>
   </div>
   <div class='ocr_carea' id='block_1_95' title="bbox 253 5046 1824 5116">
    <p class='ocr_par' dir='ltr' id='par_1_95' title="bbox 253 5046 1824 5116">
     <span class='ocr_line' id='line_1_95' title="bbox 253 5046 1824 5116; baseline -0.003 -12"><span class='ocrx_word' id='word_1_721' title='bbox 253 5057 309 5104; x_wconf 89' lang='lat' dir='ltr'><strong>et</strong></span> <span class='ocrx_word' id='word_1_722' title='bbox 341 5049 409 5102; x_wconf 90' lang='lat' dir='ltr'><strong>de</strong></span> <span class='ocrx_word' id='word_1_723' title='bbox 441 5048 546 5102; x_wconf 92' lang='lat' dir='ltr'><strong>illis</strong></span> <span class='ocrx_word' id='word_1_724' title='bbox 577 5047 831 5113; x_wconf 89' lang='lat' dir='ltr'><strong>dicimus,</strong></span> <span class='ocrx_word' id='word_1_725' title='bbox 856 5046 1109 5116; x_wconf 87' lang='lat' dir='ltr'><strong>quoniam</strong></span> <span class='ocrx_word' id='word_1_726' title='bbox 1140 5047 1232 5116; x_wconf 91' lang='lat' dir='ltr'><strong>qui</strong></span> <span class='ocrx_word' id='word_1_727' title='bbox 1269 5061 1376 5101; x_wconf 92' lang='lat' dir='ltr'><strong>non</strong></span> <span class='ocrx_word' id='word_1_728' title='bbox 1408 5055 1824 5116; x_wconf 90' lang='lat' dir='ltr'><strong>permanserunt</strong></span> 
     </span>
    </p>
   </div>
   <div class='ocr_carea' id='block_1_96' title="bbox 256 5139 1824 5208">
    <p class='ocr_par' dir='ltr' id='par_1_96' title="bbox 256 5139 1824 5208">
     <span class='ocr_line' id='line_1_96' title="bbox 256 5139 1824 5208; baseline -0.003 -15"><span class='ocrx_word' id='word_1_729' title='bbox 256 5139 312 5194; x_wconf 91' lang='lat' dir='ltr'><strong>in</strong></span> <span class='ocrx_word' id='word_1_730' title='bbox 340 5139 540 5204; x_wconf 90' lang='lat' dir='ltr'><strong>littera,</strong></span> <span class='ocrx_word' id='word_1_731' title='bbox 567 5139 660 5193; x_wconf 89' lang='lat' dir='ltr'><strong>sed</strong></span> <span class='ocrx_word' id='word_1_732' title='bbox 689 5147 994 5208; x_wconf 81' lang='lat' dir='ltr'><strong>quaerentes</strong></span> <span class='ocrx_word' id='word_1_733' title='bbox 1019 5139 1308 5194; x_wconf 89' lang='lat' dir='ltr'><strong>ascendere</strong></span> <span class='ocrx_word' id='word_1_734' title='bbox 1332 5153 1495 5192; x_wconf 91' lang='lat' dir='ltr'><strong>sensu</strong></span> <span class='ocrx_word' id='word_1_735' title='bbox 1527 5153 1628 5192; x_wconf 92' lang='lat' dir='ltr'><strong>suo</strong></span> <span class='ocrx_word' id='word_1_736' title='bbox 1659 5151 1824 5206; x_wconf 90' lang='lat' dir='ltr'><strong>super</strong></span> 
     </span>
    </p>
   </div>
   <div class='ocr_carea' id='block_1_97' title="bbox 255 5228 1821 5300">
    <p class='ocr_par' dir='ltr' id='par_1_97' title="bbox 255 5228 1821 5300">
     <span class='ocr_line' id='line_1_97' title="bbox 255 5228 1821 5300; baseline -0.003 -15"><span class='ocrx_word' id='word_1_737' title='bbox 255 5247 396 5297; x_wconf 83' lang='lat' dir='ltr'><strong>eam,</strong></span> <span class='ocrx_word' id='word_1_738' title='bbox 430 5246 536 5284; x_wconf 92' lang='lat' dir='ltr'><strong>non</strong></span> <span class='ocrx_word' id='word_1_739' title='bbox 568 5240 748 5284; x_wconf 90' lang='lat' dir='ltr'><strong>autem</strong></span> <span class='ocrx_word' id='word_1_740' title='bbox 784 5236 1028 5300; x_wconf 78' lang='lat' dir='ltr'><strong>potentes</strong></span> <span class='ocrx_word' id='word_1_741' title='bbox 1057 5228 1338 5299; x_wconf 90' lang='lat' dir='ltr'><strong>pervenire</strong></span> <span class='ocrx_word' id='word_1_742' title='bbox 1379 5242 1542 5297; x_wconf 88' lang='lat' dir='ltr'><strong>super</strong></span> <span class='ocrx_word' id='word_1_743' title='bbox 1573 5228 1821 5281; x_wconf 89' lang='lat' dir='ltr'><strong>ordinem</strong></span> 
     </span>
    </p>
   </div>
   <div class='ocr_carea' id='block_1_98' title="bbox 256 5316 1826 5390">
    <p class='ocr_par' dir='ltr' id='par_1_98' title="bbox 256 5316 1826 5390">
     <span class='ocr_line' id='line_1_98' title="bbox 256 5316 1826 5390; baseline -0.003 -16"><span class='ocrx_word' id='word_1_744' title='bbox 256 5321 631 5390; x_wconf 65' lang='lat' dir='ltr'><strong>praedictorum</strong></span> <span class='ocrx_word' id='word_1_745' title='bbox 659 5321 914 5386; x_wconf 90' lang='lat' dir='ltr'><strong>duorum,</strong></span> <span class='ocrx_word' id='word_1_746' title='bbox 951 5321 1003 5373; x_wconf 90' lang='lat' dir='ltr'><strong>hi</strong></span> <span class='ocrx_word' id='word_1_747' title='bbox 1031 5328 1157 5375; x_wconf 91' lang='lat' dir='ltr'><strong>sunt</strong></span> <span class='ocrx_word' id='word_1_748' title='bbox 1191 5317 1283 5387; x_wconf 93' lang='lat' dir='ltr'><strong>qui</strong></span> <span class='ocrx_word' id='word_1_749' title='bbox 1307 5318 1376 5372; x_wconf 92' lang='lat' dir='ltr'><strong>ab</strong></span> <span class='ocrx_word' id='word_1_750' title='bbox 1405 5332 1471 5372; x_wconf 93' lang='lat' dir='ltr'><strong>eo</strong></span> <span class='ocrx_word' id='word_1_751' title='bbox 1505 5316 1596 5386; x_wconf 91' lang='lat' dir='ltr'><strong>qui</strong></span> <span class='ocrx_word' id='word_1_752' title='bbox 1630 5331 1826 5386; x_wconf 80' lang='lat' dir='ltr'><strong>cogno-</strong></span> 
     </span>
    </p>
   </div>
   <div class='ocr_carea' id='block_1_99' title="bbox 255 5404 1822 5476">
    <p class='ocr_par' dir='ltr' id='par_1_99' title="bbox 255 5404 1822 5476">
     <span class='ocr_line' id='line_1_99' title="bbox 255 5404 1822 5476; baseline -0.003 -12"><span class='ocrx_word' id='word_1_753' title='bbox 255 5409 437 5465; x_wconf 85' lang='lat' dir='ltr'><strong>scebat</strong></span> <span class='ocrx_word' id='word_1_754' title='bbox 490 5410 743 5463; x_wconf 89' lang='lat' dir='ltr'><strong>virtutem</strong></span> <span class='ocrx_word' id='word_1_755' title='bbox 793 5423 1016 5473; x_wconf 91' lang='lat' dir='ltr'><strong>eorum,</strong></span> <span class='ocrx_word' id='word_1_756' title='bbox 1061 5414 1388 5476; x_wconf 87' lang='lat' dir='ltr'><strong>acceperunt</strong></span> <span class='ocrx_word' id='word_1_757' title='bbox 1437 5404 1634 5460; x_wconf 88' lang='lat' dir='ltr'><strong>talenta</strong></span> <span class='ocrx_word' id='word_1_758' title='bbox 1680 5406 1822 5470; x_wconf 87' lang='lat' dir='ltr'><strong>duo,</strong></span> 
     </span>
    </p>
   </div>
   <div class='ocr_carea' id='block_1_100' title="bbox 251 5495 1826 5568">
    <p class='ocr_par' dir='ltr' id='par_1_100' title="bbox 251 5495 1826 5568">
     <span class='ocr_line' id='line_1_100' title="bbox 251 5495 1826 5568; baseline -0.004 -14"><span class='ocrx_word' id='word_1_759' title='bbox 251 5499 586 5568; x_wconf 84' lang='lat' dir='ltr'><strong>corporalem</strong></span> <span class='ocrx_word' id='word_1_760' title='bbox 645 5500 950 5555; x_wconf 87' lang='lat' dir='ltr'><strong>doctrinam</strong></span> <span class='ocrx_word' id='word_1_761' title='bbox 1007 5497 1201 5553; x_wconf 80' lang='lat' dir='ltr'><strong>edocti.</strong></span> <span class='ocrx_word' id='word_1_762' title='bbox 1255 5495 1370 5550; x_wconf 93' lang='lat' dir='ltr'><strong>Duo</strong></span> <span class='ocrx_word' id='word_1_763' title='bbox 1416 5496 1560 5550; x_wconf 89' lang='lat' dir='ltr'><strong>enim</strong></span> <span class='ocrx_word' id='word_1_764' title='bbox 1613 5495 1826 5549; x_wconf 87' lang='lat' dir='ltr'><strong>videtur</strong></span> 
     </span>
    </p>
   </div>
   <div class='ocr_carea' id='block_1_101' title="bbox 252 5587 1822 5658">
    <p class='ocr_par' dir='ltr' id='par_1_101' title="bbox 252 5587 1822 5658">
     <span class='ocr_line' id='line_1_101' title="bbox 252 5587 1822 5658; baseline -0.003 -14"><span class='ocrx_word' id='word_1_765' title='bbox 252 5591 490 5645; x_wconf 79' lang='lat' dir='ltr'><strong>carnalis</strong></span> <span class='ocrx_word' id='word_1_766' title='bbox 529 5606 790 5646; x_wconf 89' lang='lat' dir='ltr'><strong>numerus</strong></span> <span class='ocrx_word' id='word_1_767' title='bbox 821 5606 942 5646; x_wconf 88' lang='lat' dir='ltr'><strong>esse</strong></span> <span class='ocrx_word' id='word_1_768' title='bbox 973 5608 986 5644; x_wconf 89' lang='lat'><strong>:</strong></span> <span class='ocrx_word' id='word_1_769' title='bbox 1028 5597 1082 5644; x_wconf 90' lang='lat' dir='ltr'><strong>et</strong></span> <span class='ocrx_word' id='word_1_770' title='bbox 1123 5604 1286 5658; x_wconf 90' lang='lat' dir='ltr'><strong>super</strong></span> <span class='ocrx_word' id='word_1_771' title='bbox 1323 5590 1437 5643; x_wconf 68' lang='lat' dir='ltr'><strong>haec</strong></span> <span class='ocrx_word' id='word_1_772' title='bbox 1476 5587 1670 5642; x_wconf 90' lang='lat' dir='ltr'><strong>lucrati</strong></span> <span class='ocrx_word' id='word_1_773' title='bbox 1694 5595 1822 5641; x_wconf 92' lang='lat' dir='ltr'><strong>sunt</strong></span> 
     </span>
    </p>
   </div>
   <div class='ocr_carea' id='block_1_102' title="bbox 255 5679 1823 5753">
    <p class='ocr_par' dir='ltr' id='par_1_102' title="bbox 255 5679 1823 5753">
     <span class='ocr_line' id='line_1_102' title="bbox 255 5679 1823 5753; baseline -0.001 -17"><span class='ocrx_word' id='word_1_774' title='bbox 255 5681 384 5750; x_wconf 87' lang='lat' dir='ltr'><strong>duo,</strong></span> <span class='ocrx_word' id='word_1_775' title='bbox 414 5681 466 5736; x_wconf 83' lang='lat' dir='ltr'><strong>id</strong></span> <span class='ocrx_word' id='word_1_776' title='bbox 509 5690 592 5737; x_wconf 85' lang='lat' dir='ltr'><strong>est</strong></span> <span class='ocrx_word' id='word_1_777' title='bbox 626 5682 956 5753; x_wconf 88' lang='lat' dir='ltr'><strong>corporalem</strong></span> <span class='ocrx_word' id='word_1_778' title='bbox 983 5681 1361 5746; x_wconf 89' lang='lat' dir='ltr'><strong>eruditionem,</strong></span> <span class='ocrx_word' id='word_1_779' title='bbox 1392 5691 1445 5735; x_wconf 91' lang='lat' dir='ltr'><strong>et</strong></span> <span class='ocrx_word' id='word_1_780' title='bbox 1471 5681 1630 5734; x_wconf 86' lang='lat' dir='ltr'><strong>aliam</strong></span> <span class='ocrx_word' id='word_1_781' title='bbox 1661 5679 1823 5750; x_wconf 91' lang='lat' dir='ltr'><strong>paulo</strong></span> 
     </span>
    </p>
   </div>
   <div class='ocr_carea' id='block_1_103' title="bbox 1927 4680 3502 4758">
    <p class='ocr_par' dir='ltr' id='par_1_103' title="bbox 1927 4680 3502 4758">
     <span class='ocr_line' id='line_1_103' title="bbox 1927 4680 3502 4758; baseline 0.006 -26"><span class='ocrx_word' id='word_1_782' title='bbox 1927 4680 1994 4733; x_wconf 91' lang='lat' dir='ltr'><strong>ad</strong></span> <span class='ocrx_word' id='word_1_783' title='bbox 2046 4689 2285 4734; x_wconf 90' lang='lat' dir='ltr'><strong>aratrum</strong></span> <span class='ocrx_word' id='word_1_784' title='bbox 2321 4681 2548 4736; x_wconf 90' lang='lat' dir='ltr'><strong>docendi</strong></span> <span class='ocrx_word' id='word_1_785' title='bbox 2589 4681 2890 4738; x_wconf 87' lang='lat' dir='ltr'><strong>doctrinam</strong></span> <span class='ocrx_word' id='word_1_786' title='bbox 2933 4684 3171 4750; x_wconf 90' lang='lat' dir='ltr'><strong>Christi,</strong></span> <span class='ocrx_word' id='word_1_787' title='bbox 3208 4696 3266 4740; x_wconf 93' lang='lat' dir='ltr'><strong>ut</strong></span> <span class='ocrx_word' id='word_1_788' title='bbox 3299 4702 3502 4758; x_wconf 79' lang='lat' dir='ltr'><strong>cogno-</strong></span> 
     </span>
    </p>
   </div>
   <div class='ocr_carea' id='block_1_104' title="bbox 1931 4771 3500 4848">
    <p class='ocr_par' dir='ltr' id='par_1_104' title="bbox 1931 4771 3500 4848">
     <span class='ocr_line' id='line_1_104' title="bbox 1931 4771 3500 4848; baseline 0.006 -25"><span class='ocrx_word' id='word_1_789' title='bbox 1931 4778 2144 4824; x_wconf 88' lang='lat' dir='ltr'><strong>scentes</strong></span> <span class='ocrx_word' id='word_1_790' title='bbox 2180 4771 2380 4840; x_wconf 87' lang='lat' dir='ltr'><strong>quibus</strong></span> <span class='ocrx_word' id='word_1_791' title='bbox 2407 4781 2492 4826; x_wconf 90' lang='lat' dir='ltr'><strong>est</strong></span> <span class='ocrx_word' id='word_1_792' title='bbox 2518 4787 2627 4838; x_wconf 68' lang='lat' dir='ltr'><strong>vae,</strong></span> <span class='ocrx_word' id='word_1_793' title='bbox 2660 4790 2765 4828; x_wconf 90' lang='lat' dir='ltr'><strong>non</strong></span> <span class='ocrx_word' id='word_1_794' title='bbox 2796 4782 3017 4844; x_wconf 83' lang='lat' dir='ltr'><strong>prepter</strong></span> <span class='ocrx_word' id='word_1_795' title='bbox 3056 4775 3200 4830; x_wconf 90' lang='lat' dir='ltr'><strong>aliud</strong></span> <span class='ocrx_word' id='word_1_796' title='bbox 3239 4776 3343 4832; x_wconf 82' lang='lat' dir='ltr'><strong>nisi</strong></span> <span class='ocrx_word' id='word_1_797' title='bbox 3373 4779 3500 4848; x_wconf 89' lang='lat' dir='ltr'><strong>quia</strong></span> 
     </span>
    </p>
   </div>
   <div class='ocr_carea' id='block_1_105' title="bbox 1932 4860 3502 4930">
    <p class='ocr_par' dir='ltr' id='par_1_105' title="bbox 1932 4860 3502 4930">
     <span class='ocr_line' id='line_1_105' title="bbox 1932 4860 3502 4930; baseline 0.006 -18"><span class='ocrx_word' id='word_1_798' title='bbox 1932 4875 2040 4914; x_wconf 91' lang='lat' dir='ltr'><strong>non</strong></span> <span class='ocrx_word' id='word_1_799' title='bbox 2090 4860 2321 4926; x_wconf 89' lang='lat' dir='ltr'><strong>docent,</strong></span> <span class='ocrx_word' id='word_1_800' title='bbox 2375 4862 2705 4930; x_wconf 89' lang='lat' dir='ltr'><strong>repositum,</strong></span> <span class='ocrx_word' id='word_1_801' title='bbox 2754 4880 2859 4919; x_wconf 91' lang='lat' dir='ltr'><strong>non</strong></span> <span class='ocrx_word' id='word_1_802' title='bbox 2921 4874 3309 4922; x_wconf 88' lang='lat' dir='ltr'><strong>convertantur</strong></span> <span class='ocrx_word' id='word_1_803' title='bbox 3355 4879 3502 4924; x_wconf 87' lang='lat' dir='ltr'><strong>retro</strong></span> 
     </span>
    </p>
   </div>
   <div class='ocr_carea' id='block_1_106' title="bbox 1930 4953 3497 5020">
    <p class='ocr_par' dir='ltr' id='par_1_106' title="bbox 1930 4953 3497 5020">
     <span class='ocr_line' id='line_1_106' title="bbox 1930 4953 3497 5020; baseline 0.006 -16"><span class='ocrx_word' id='word_1_804' title='bbox 1930 4960 2218 5020; x_wconf 88' lang='lat' dir='ltr'><strong>postquam</strong></span> <span class='ocrx_word' id='word_1_805' title='bbox 2251 4953 2417 5007; x_wconf 91' lang='lat' dir='ltr'><strong>semel</strong></span> <span class='ocrx_word' id='word_1_806' title='bbox 2447 4953 2696 5008; x_wconf 89' lang='lat' dir='ltr'><strong>miserint</strong></span> <span class='ocrx_word' id='word_1_807' title='bbox 2725 4971 2946 5010; x_wconf 89' lang='lat' dir='ltr'><strong>manum</strong></span> <span class='ocrx_word' id='word_1_808' title='bbox 2978 4973 3134 5013; x_wconf 81' lang='lat' dir='ltr'><strong>suam</strong></span> <span class='ocrx_word' id='word_1_809' title='bbox 3159 4959 3226 5013; x_wconf 91' lang='lat' dir='ltr'><strong>ad</strong></span> <span class='ocrx_word' id='word_1_810' title='bbox 3255 4969 3497 5016; x_wconf 90' lang='lat' dir='ltr'><strong>aratrum</strong></span> 
     </span>
    </p>
   </div>
   <div class='ocr_carea' id='block_1_107' title="bbox 1931 5042 3499 5117">
    <p class='ocr_par' dir='ltr' id='par_1_107' title="bbox 1931 5042 3499 5117">
     <span class='ocr_line' id='line_1_107' title="bbox 1931 5042 3499 5117; baseline 0.007 -24"><span class='ocrx_word' id='word_1_811' title='bbox 1931 5048 2175 5094; x_wconf 85' lang='lat' dir='ltr'><strong>aranteni</strong></span> <span class='ocrx_word' id='word_1_812' title='bbox 2211 5042 2422 5096; x_wconf 88' lang='lat' dir='ltr'><strong>animas</strong></span> <span class='ocrx_word' id='word_1_813' title='bbox 2471 5043 2776 5109; x_wconf 89' lang='lat' dir='ltr'><strong>hominum,</strong></span> <span class='ocrx_word' id='word_1_814' title='bbox 2803 5054 2860 5099; x_wconf 92' lang='lat' dir='ltr'><strong>ut</strong></span> <span class='ocrx_word' id='word_1_815' title='bbox 2892 5060 3014 5117; x_wconf 91' lang='lat' dir='ltr'><strong>post</strong></span> <span class='ocrx_word' id='word_1_816' title='bbox 3059 5049 3165 5104; x_wconf 87' lang='lat' dir='ltr'><strong>hoc</strong></span> <span class='ocrx_word' id='word_1_817' title='bbox 3197 5059 3251 5104; x_wconf 92' lang='lat' dir='ltr'><strong>et</strong></span> <span class='ocrx_word' id='word_1_818' title='bbox 3290 5052 3499 5106; x_wconf 84' lang='lat' dir='ltr'><strong>semina</strong></span> 
     </span>
    </p>
   </div>
   <div class='ocr_carea' id='block_1_108' title="bbox 1931 5133 3498 5213">
    <p class='ocr_par' dir='ltr' id='par_1_108' title="bbox 1931 5133 3498 5213">
     <span class='ocr_line' id='line_1_108' title="bbox 1931 5133 3498 5213; baseline 0.006 -26"><span class='ocrx_word' id='word_1_819' title='bbox 1931 5133 2230 5201; x_wconf 87' lang='lat' dir='ltr'><strong>suscipiant</strong></span> <span class='ocrx_word' id='word_1_820' title='bbox 2254 5135 2428 5188; x_wconf 89' lang='lat' dir='ltr'><strong>verbi.</strong></span> <span class='ocrx_word' id='word_1_821' title='bbox 2456 5135 2560 5190; x_wconf 87' lang='lat' dir='ltr'><strong>lste</strong></span> <span class='ocrx_word' id='word_1_822' title='bbox 2587 5145 2764 5192; x_wconf 86' lang='lat' dir='ltr'><strong>autem</strong></span> <span class='ocrx_word' id='word_1_823' title='bbox 2788 5140 2882 5208; x_wconf 94' lang='lat' dir='ltr'><strong>qui</strong></span> <span class='ocrx_word' id='word_1_824' title='bbox 2909 5140 3049 5195; x_wconf 89' lang='lat' dir='ltr'><strong>sicut</strong></span> <span class='ocrx_word' id='word_1_825' title='bbox 3075 5142 3240 5198; x_wconf 89' lang='lat' dir='ltr'><strong>homo</strong></span> <span class='ocrx_word' id='word_1_826' title='bbox 3273 5157 3498 5213; x_wconf 85' lang='lat' dir='ltr'><strong>peregre</strong></span> 
     </span>
    </p>
   </div>
   <div class='ocr_carea' id='block_1_109' title="bbox 1927 5221 3494 5292">
    <p class='ocr_par' dir='ltr' id='par_1_109' title="bbox 1927 5221 3494 5292">
     <span class='ocr_line' id='line_1_109' title="bbox 1927 5221 3494 5292; baseline 0.008 -18"><span class='ocrx_word' id='word_1_827' title='bbox 1927 5221 2204 5291; x_wconf 87' lang='lat' dir='ltr'><strong>profectus</strong></span> <span class='ocrx_word' id='word_1_828' title='bbox 2237 5227 2450 5280; x_wconf 88' lang='lat' dir='ltr'><strong>vocavit</strong></span> <span class='ocrx_word' id='word_1_829' title='bbox 2483 5242 2670 5282; x_wconf 86' lang='lat' dir='ltr'><strong>servos</strong></span> <span class='ocrx_word' id='word_1_830' title='bbox 2719 5244 2872 5292; x_wconf 88' lang='lat' dir='ltr'><strong>suos.</strong></span> <span class='ocrx_word' id='word_1_831' title='bbox 2904 5241 2957 5286; x_wconf 91' lang='lat' dir='ltr'><strong>et</strong></span> <span class='ocrx_word' id='word_1_832' title='bbox 2997 5233 3217 5289; x_wconf 88' lang='lat' dir='ltr'><strong>tradidit</strong></span> <span class='ocrx_word' id='word_1_833' title='bbox 3239 5235 3320 5288; x_wconf 92' lang='lat' dir='ltr'><strong>eis</strong></span> <span class='ocrx_word' id='word_1_834' title='bbox 3351 5234 3494 5288; x_wconf 86' lang='lat' dir='ltr'><strong>bona</strong></span> 
     </span>
    </p>
   </div>
   <div class='ocr_carea' id='block_1_110' title="bbox 1927 5315 3497 5393">
    <p class='ocr_par' dir='ltr' id='par_1_110' title="bbox 1927 5315 3497 5393">
     <span class='ocr_line' id='line_1_110' title="bbox 1927 5315 3497 5393; baseline 0.006 -27"><span class='ocrx_word' id='word_1_835' title='bbox 1927 5326 2060 5379; x_wconf 87' lang='lat' dir='ltr'><strong>sua,</strong></span> <span class='ocrx_word' id='word_1_836' title='bbox 2090 5325 2215 5382; x_wconf 92' lang='lat' dir='ltr'><strong>post</strong></span> <span class='ocrx_word' id='word_1_837' title='bbox 2259 5315 2488 5370; x_wconf 89' lang='lat' dir='ltr'><strong>multum</strong></span> <span class='ocrx_word' id='word_1_838' title='bbox 2537 5318 2798 5387; x_wconf 90' lang='lat' dir='ltr'><strong>temporis</strong></span> <span class='ocrx_word' id='word_1_839' title='bbox 2844 5321 3030 5389; x_wconf 90' lang='lat' dir='ltr'><strong>venit,</strong></span> <span class='ocrx_word' id='word_1_840' title='bbox 3072 5334 3360 5393; x_wconf 90' lang='lat' dir='ltr'><strong>postquam</strong></span> <span class='ocrx_word' id='word_1_841' title='bbox 3413 5324 3497 5377; x_wconf 82' lang='lat' dir='ltr'><strong>di-</strong></span> 
     </span>
    </p>
   </div>
   <div class='ocr_carea' id='block_1_111' title="bbox 1928 5401 3497 5476">
    <p class='ocr_par' dir='ltr' id='par_1_111' title="bbox 1928 5401 3497 5476">
     <span class='ocr_line' id='line_1_111' title="bbox 1928 5401 3497 5476; baseline 0.006 -22"><span class='ocrx_word' id='word_1_842' title='bbox 1928 5401 2076 5456; x_wconf 89' lang='lat' dir='ltr'><strong>misit</strong></span> <span class='ocrx_word' id='word_1_843' title='bbox 2104 5412 2257 5471; x_wconf 88' lang='lat' dir='ltr'><strong>aptos</strong></span> <span class='ocrx_word' id='word_1_844' title='bbox 2283 5405 2351 5458; x_wconf 90' lang='lat' dir='ltr'><strong>ad</strong></span> <span class='ocrx_word' id='word_1_845' title='bbox 2383 5407 2766 5476; x_wconf 87' lang='lat' dir='ltr'><strong>negotiandum</strong></span> <span class='ocrx_word' id='word_1_846' title='bbox 2794 5409 3097 5466; x_wconf 88' lang='lat' dir='ltr'><strong>animarum</strong></span> <span class='ocrx_word' id='word_1_847' title='bbox 3133 5413 3362 5468; x_wconf 90' lang='lat' dir='ltr'><strong>salutem</strong></span> <span class='ocrx_word' id='word_1_848' title='bbox 3395 5427 3410 5464; x_wconf 87' lang='lat'><strong>:</strong></span> <span class='ocrx_word' id='word_1_849' title='bbox 3443 5422 3497 5464; x_wconf 86' lang='lat' dir='ltr'><strong>et</strong></span> 
     </span>
    </p>
   </div>
   <div class='ocr_carea' id='block_1_112' title="bbox 1927 5489 3493 5570">
    <p class='ocr_par' dir='ltr' id='par_1_112' title="bbox 1927 5489 3493 5570">
     <span class='ocr_line' id='line_1_112' title="bbox 1927 5489 3493 5570; baseline 0.006 -26"><span class='ocrx_word' id='word_1_850' title='bbox 1927 5489 2054 5544; x_wconf 89' lang='lat' dir='ltr'><strong>ideo</strong></span> <span class='ocrx_word' id='word_1_851' title='bbox 2099 5490 2326 5546; x_wconf 79' lang='lat' dir='ltr'><strong>forsitan</strong></span> <span class='ocrx_word' id='word_1_852' title='bbox 2362 5510 2468 5548; x_wconf 94' lang='lat' dir='ltr'><strong>non</strong></span> <span class='ocrx_word' id='word_1_853' title='bbox 2521 5493 2678 5550; x_wconf 89' lang='lat' dir='ltr'><strong>facile</strong></span> <span class='ocrx_word' id='word_1_854' title='bbox 2720 5500 2994 5553; x_wconf 88' lang='lat' dir='ltr'><strong>invenitur</strong></span> <span class='ocrx_word' id='word_1_855' title='bbox 3023 5501 3148 5570; x_wconf 90' lang='lat' dir='ltr'><strong>quis</strong></span> <span class='ocrx_word' id='word_1_856' title='bbox 3179 5516 3247 5554; x_wconf 87' lang='lat' dir='ltr'><strong>ex</strong></span> <span class='ocrx_word' id='word_1_857' title='bbox 3287 5501 3368 5555; x_wconf 92' lang='lat' dir='ltr'><strong>eis</strong></span> <span class='ocrx_word' id='word_1_858' title='bbox 3397 5501 3493 5569; x_wconf 90' lang='lat' dir='ltr'><strong>qui</strong></span> 
     </span>
    </p>
   </div>
   <div class='ocr_carea' id='block_1_113' title="bbox 1927 5582 3494 5656">
    <p class='ocr_par' dir='ltr' id='par_1_113' title="bbox 1927 5582 3494 5656">
     <span class='ocr_line' id='line_1_113' title="bbox 1927 5582 3494 5656; baseline 0.006 -21"><span class='ocrx_word' id='word_1_859' title='bbox 1927 5583 2038 5652; x_wconf 90' lang='lat' dir='ltr'><strong>apti</strong></span> <span class='ocrx_word' id='word_1_860' title='bbox 2072 5582 2274 5638; x_wconf 88' lang='lat' dir='ltr'><strong>fuerint</strong></span> <span class='ocrx_word' id='word_1_861' title='bbox 2301 5585 2369 5638; x_wconf 90' lang='lat' dir='ltr'><strong>ad</strong></span> <span class='ocrx_word' id='word_1_862' title='bbox 2398 5585 2708 5654; x_wconf 91' lang='lat' dir='ltr'><strong>hujusmodi</strong></span> <span class='ocrx_word' id='word_1_863' title='bbox 2741 5603 2899 5656; x_wconf 82' lang='lat' dir='ltr'><strong>Opus,</strong></span> <span class='ocrx_word' id='word_1_864' title='bbox 2929 5599 2989 5645; x_wconf 90' lang='lat' dir='ltr'><strong>ut</strong></span> <span class='ocrx_word' id='word_1_865' title='bbox 3013 5592 3122 5647; x_wconf 92' lang='lat' dir='ltr'><strong>cito</strong></span> <span class='ocrx_word' id='word_1_866' title='bbox 3159 5599 3400 5649; x_wconf 82' lang='lat' dir='ltr'><strong>transeat</strong></span> <span class='ocrx_word' id='word_1_867' title='bbox 3425 5593 3494 5644; x_wconf 90' lang='lat' dir='ltr'><strong>de</strong></span> 
     </span>
    </p>
   </div>
   <div class='ocr_carea' id='block_1_114' title="bbox 1930 5674 3494 5755">
    <p class='ocr_par' dir='ltr' id='par_1_114' title="bbox 1930 5674 3494 5755">
     <span class='ocr_line' id='line_1_114' title="bbox 1930 5674 3494 5755; baseline 0.007 -27"><span class='ocrx_word' id='word_1_868' title='bbox 1930 5674 2032 5730; x_wconf 88' lang='lat' dir='ltr'><strong>hac</strong></span> <span class='ocrx_word' id='word_1_869' title='bbox 2063 5675 2170 5730; x_wconf 90' lang='lat' dir='ltr'><strong>vita</strong></span> <span class='ocrx_word' id='word_1_870' title='bbox 2199 5675 2381 5731; x_wconf 88' lang='lat' dir='ltr'><strong>:sicut</strong></span> <span class='ocrx_word' id='word_1_871' title='bbox 2403 5685 2488 5732; x_wconf 88' lang='lat' dir='ltr'><strong>est</strong></span> <span class='ocrx_word' id='word_1_872' title='bbox 2520 5678 2868 5736; x_wconf 79' lang='lat' dir='ltr'><strong>manifestum</strong></span> <span class='ocrx_word' id='word_1_873' title='bbox 2897 5698 2963 5738; x_wconf 90' lang='lat' dir='ltr'><strong>ex</strong></span> <span class='ocrx_word' id='word_1_874' title='bbox 2996 5699 3062 5740; x_wconf 89' lang='lat' dir='ltr'><strong>eo</strong></span> <span class='ocrx_word' id='word_1_875' title='bbox 3090 5685 3236 5755; x_wconf 90' lang='lat' dir='ltr'><strong>quod</strong></span> <span class='ocrx_word' id='word_1_876' title='bbox 3267 5691 3321 5742; x_wconf 88' lang='lat' dir='ltr'><strong>et</strong></span> <span class='ocrx_word' id='word_1_877' title='bbox 3357 5699 3494 5754; x_wconf 57' lang='lat' dir='ltr'><strong>apoa</strong></span> 
     </span>
    </p>
   </div>
   <div class='ocr_carea' id='block_1_115' title="bbox 321 5851 2786 5924">
    <p class='ocr_par' dir='ltr' id='par_1_115' title="bbox 321 5851 2786 5924">
     <span class='ocr_line' id='line_1_115' title="bbox 321 5851 2786 5924; baseline 0.004 -17"><span class='ocrx_word' id='word_1_878' title='bbox 321 5855 344 5885; x_wconf 80' lang='grc'><strong><em>⁵</em></strong></span> <span class='ocrx_word' id='word_1_879' title='bbox 371 5851 532 5911; x_wconf 76' lang='lat' dir='ltr'><strong>Prov.</strong></span> <span class='ocrx_word' id='word_1_880' title='bbox 566 5873 626 5919; x_wconf 88' lang='lat' dir='ltr'><strong>ll,</strong></span> <span class='ocrx_word' id='word_1_881' title='bbox 652 5856 704 5918; x_wconf 84' lang='lat'><strong>5,</strong></span> <span class='ocrx_word' id='word_1_882' title='bbox 743 5856 824 5910; x_wconf 87' lang='lat' dir='ltr'><strong>l9.</strong></span> <span class='ocrx_word' id='word_1_883' title='bbox 901 5859 921 5890; x_wconf 80' lang='lat'><strong><em>°</em></strong></span> <span class='ocrx_word' id='word_1_884' title='bbox 951 5855 1144 5910; x_wconf 80' lang='lat' dir='ltr'><strong>Jerem.</strong></span> <span class='ocrx_word' id='word_1_885' title='bbox 1177 5872 1250 5920; x_wconf 82' lang='lat' dir='ltr'><strong>tv,</strong></span> <span class='ocrx_word' id='word_1_886' title='bbox 1282 5855 1367 5912; x_wconf 70' lang='lat'><strong>{9.</strong></span> <span class='ocrx_word' id='word_1_887' title='bbox 1442 5857 1460 5890; x_wconf 83' lang='lat'>&#39;</span> <span class='ocrx_word' id='word_1_888' title='bbox 1492 5873 1543 5924; x_wconf 92' lang='lat' dir='ltr'><strong>v,</strong></span> <span class='ocrx_word' id='word_1_889' title='bbox 1576 5856 1659 5910; x_wconf 71' lang='lat' dir='ltr'><strong>l4.</strong></span> <span class='ocrx_word' id='word_1_890' title='bbox 1735 5856 1756 5886; x_wconf 84' lang='lat'>&#39;</span> <span class='ocrx_word' id='word_1_891' title='bbox 1792 5853 1960 5912; x_wconf 86' lang='lat' dir='ltr'><strong>lCor.</strong></span> <span class='ocrx_word' id='word_1_892' title='bbox 1994 5871 2070 5924; x_wconf 83' lang='lat' dir='ltr'><strong>Ix,</strong></span> <span class='ocrx_word' id='word_1_893' title='bbox 2107 5855 2189 5910; x_wconf 88' lang='lat' dir='ltr'><strong>l6.</strong></span> <span class='ocrx_word' id='word_1_894' title='bbox 2265 5856 2286 5888; x_wconf 84' lang='lat'><strong>’</strong></span> <span class='ocrx_word' id='word_1_895' title='bbox 2315 5854 2506 5911; x_wconf 74' lang='lat' dir='ltr'><strong>Matth.</strong></span> <span class='ocrx_word' id='word_1_896' title='bbox 2540 5873 2668 5923; x_wconf 86' lang='lat' dir='ltr'><strong>xxv.</strong></span> <span class='ocrx_word' id='word_1_897' title='bbox 2696 5860 2786 5916; x_wconf 76' lang='lat'><strong>26.</strong></span> 
     </span>
    </p>
   </div>
   <div class='ocr_carea' id='block_1_116' title="bbox 621 5948 1275 6015">
    <p class='ocr_par' dir='ltr' id='par_1_116' title="bbox 621 5948 1275 6015">
     <span class='ocr_line' id='line_1_116' title="bbox 621 5948 1275 6015; baseline 0 -9"><span class='ocrx_word' id='word_1_898' title='bbox 621 5949 892 6009; x_wconf 72' lang='lat' dir='ltr'><strong>PATROL.</strong></span> <span class='ocrx_word' id='word_1_899' title='bbox 947 5948 1061 6006; x_wconf 70' lang='lat' dir='ltr'><strong>(in.</strong></span> <span class='ocrx_word' id='word_1_900' title='bbox 1109 5949 1275 6015; x_wconf 81' lang='grc' dir='ltr'><strong>ΧΙΙΙ.</strong></span> 
     </span>
    </p>
   </div>
  </div>
