4052 6304
612 390 643 442 1
660 391 760 442 ’ῑϋῗ

1802 386 2126 442 ORIGENIS
2169 386 2233 442 IN
2277 386 2691 441 .‘dATTIUEUM

3772 390 3913 441 17m

600 484 743 557 .s‘toli
778 508 1093 566 senuerunt,
1137 515 1205 555 es
1251 501 1447 570 quibus
1493 501 1625 555 dicit
1657 502 1723 555 ad
1754 501 1973 556 Petrum
2003 517 2018 553 :
2052 500 2185 555 Cum
2223 512 2255 564 Α
2291 498 2483 553 Omnia
2509 500 2652 553 enim
2681 499 2754 552 ibi
2777 498 3111 554 delectabilia
3136 508 3189 554 et
3209 500 3394 554 omnia
3416 498 3913 569 gaudia,quando

618 592 869 656 senueris,
918 591 1159 645 extendes
1210 608 1425 645 manum
1471 604 1615 646 tuam
1657 596 1721 660 ",
1763 602 1819 648 et
1862 602 2074 648 caetera.
2114 592 2187 647 De

618 680 788 733 Paulo
816 691 994 735 autem
1026 680 1229 735 dictum
1261 690 1345 735 est
1370 682 1434 736 ad
1462 680 1833 737 Philemonem
1861 697 1875 733 :
1908 679 2064 733 Nunc
2089 696 2188 733 au-

617 783 716 826 tem
756 781 816 825 ut
850 771 1055 825 Paulus
1101 789 1257 827 senex.
1300 774 1362 839 “,
1392 790 1517 828 cum
1564 782 1708 829 esset
1750 773 2187 829 adolescentulus

614 865 834 934 quando
858 864 1170 935 Stephanus
1199 882 1297 935 pro
1330 865 1531 921 Christi
1562 865 1872 920 testimonio
1906 862 2185 934 lapidaba-

610 967 737 1022 tur,
790 964 845 1010 et
897 956 1011 1024 ipse
1058 956 1380 1011 vestimenta
1439 957 1691 1012 servabat
1741 955 2180 1011 interﬁcientium

610 1063 737 1104 eum
768 1050 833 1103 η.
864 1046 981 1102 Hoc
1006 1058 1185 1102 autem
1217 1048 1456 1103 diximus
1476 1060 1760 1119 prapterea
1784 1048 1927 1118 quod
1953 1048 2085 1103 dicit
2104 1046 2178 1099 ηε

614 1140 741 1194 Post
783 1140 1008 1195 multum
1040 1142 1285 1210 temporis
1319 1144 1456 1195 venit
1496 1142 1738 1195 dominus
1769 1156 2034 1194 servorum
2055 1138 2182 1193 illo-

609 1248 747 1285 rum.
785 1230 850 1285 Et
877 1232 1104 1286 observa
1140 1233 1192 1286 in
1242 1232 1346 1287 hoc
1387 1232 1507 1286 loco
1547 1232 1804 1303 quoniam
1844 1247 1951 1286 non
1979 1230 2045 1286 ad
2078 1230 2182 1284 do-

608 1324 816 1377 minum
844 1323 1051 1377 vadunt
1081 1333 1139 1377 ut
1162 1323 1475 1393 judicentnr
1506 1332 1561 1378 et
1601 1325 1763 1393 digna
1808 1323 2018 1378 actibus
2065 1320 2183 1377 suis

607 1414 896 1484 recipiant,
931 1415 1021 1469 sed
1053 1415 1309 1468 dominus
1334 1416 1478 1468 venit
1509 1415 1573 1468 ad
1607 1431 1701 1469 eos
1731 1430 1853 1469 eum
1887 1412 2051 1467 fuerit
2075 1412 2180 1465 im-

606 1507 808 1576 pletum
853 1507 998 1576 quod
1049 1507 1254 1560 dictum
1302 1516 1404 1569 est,
1451 1507 1709 1576 quoniam
1755 1507 1900 1561 venit
1943 1515 2178 1575 tempus.

608 1594 845 1650 Veniens
873 1604 1053 1649 autem
1089 1604 1248 1664 ponet
1272 1593 1538 1649 rationem
1570 1610 1693 1649 cum
1731 1595 1809 1648 eis
1835 1594 1901 1649 de
1926 1592 2181 1648 omnibus

608 1698 947 1751 quzecunque
987 1692 1246 1751 egerunt,
1295 1698 1657 1753 compensans
1709 1683 1859 1738 lucra
1912 1683 2177 1737 bonorum

608 1790 833 1843 cpernm
871 1784 925 1829 et
970 1776 1249 1845 dispendia
1280 1784 1651 1845 peccatorum,
1683 1784 1744 1831 ut
1778 1791 1987 1845 ponens
2011 1776 2181 1831 ratio-

2288 592 2380 661 qui
2416 592 2503 645 hic
2531 590 2679 649 ﬂent.
2730 591 2804 645 ibi
2850 591 3140 657 ridebunt,
3189 600 3243 645 et
3281 594 3377 661 qui
3414 591 3803 647 laudabiliter
3830 596 3908 647 lu-

2287 689 2435 749 gent,
2459 681 2883 737 consolationem
2919 682 3189 751 accipient
3219 682 3465 752 dignam.
3496 681 3681 749 Quod
3714 693 3905 739 autem

2285 773 2418 828 dicit
2447 772 2527 826 vel
2556 772 2609 825 in
2638 787 2706 827 eo
2733 772 2826 842 qui
2858 773 3101 843 quinque
3132 774 3332 827 talenta
3360 782 3706 843 acceperat,
3730 775 3828 829 vel
3855 775 3903 829 in

2287 863 2394 919 isto
2420 864 2514 933 qui
2543 863 2653 919 duo
2672 903 2687 927 ,
2716 854 2966 918 accedens
2987 906 3002 930 ,
3039 865 3275 934 intellige
3307 866 3440 919 mihi
3497 882 3823 922 accessum
3856 880 3900 923 et

2285 957 2573 1010 transitum
2605 956 2673 1011 de
2697 957 2800 1011 hoc
2830 957 3034 1011 mundo
3066 957 3133 1011 ad
3164 957 3339 1023 illum,
3361 967 3419 1014 et
3444 959 3580 1013 vide
3610 961 3896 1029 quonia-

2286 1062 2392 1101 non
2435 1048 2597 1101 aliam
2646 1062 2833 1102 vocem
2878 1048 3133 1102 dominus
3164 1050 3389 1117 protulit
3434 1049 3504 1104 ad
3539 1051 3892 1111 secundum,

2287 1138 2389 1192 nisi
2416 1154 2580 1207 quam
2615 1140 2840 1207 protulit
2871 1140 2937 1193 ad
2978 1144 3212 1209 priorem
3244 1142 3434 1195 dicens
3467 1159 3482 1194 :
3529 1140 3720 1212 Euge,
3749 1160 3894 1197 seru

2284 1229 2412 1282 bone
2435 1239 2483 1283 et
2516 1230 2709 1299 ﬁdelis,
2750 1247 2907 1298 super
2932 1233 3139 1285 modica
3160 1232 3334 1300 ﬁdelis
3355 1232 3536 1301 fuisti,
3561 1249 3743 1301 super
3777 1252 3891 1289 nsa-

2282 1338 2385 1389 gna
2433 1330 2482 1375 te
2530 1323 2869 1376 constituam.
2935 1323 3133 1388 Quaero
3184 1323 3443 1393 quoniam
3475 1323 3693 1377 eadem
3742 1325 3883 1380 dicta

2282 1421 2408 1467 sunt
2435 1414 2725 1477 ambobus,
2762 1429 2830 1468 ne
2853 1413 2992 1469 forte
3016 1423 3071 1468 et
3097 1414 3191 1484 qui
3227 1415 3493 1469 minorem
3532 1415 3746 1470 habuit
3776 1418 3881 1470 vir-

2283 1514 2474 1567 tutem,
2499 1515 2554 1559 et
2583 1517 2749 1559 totam
2787 1505 2934 1559 illam
2968 1522 3131 1576 quam
3165 1506 3356 1561 habuit
3378 1508 3707 1562 secundum
3736 1510 3875 1578 quod

2280 1598 2566 1666 oportebat
2591 1599 2855 1661 exercuit,
2898 1601 3031 1653 nihil
3080 1602 3264 1655 minus
3295 1601 3589 1658 habiturus
3620 1603 3711 1659 sit
3737 1606 3871 1673 apud

2284 1686 2474 1753 Deum,
2515 1704 2679 1758 quam
2710 1690 2799 1744 ille
2823 1690 2916 1759 qui
2951 1690 3049 1745 luit
3076 1692 3128 1745 in
3173 1693 3380 1769 majore
3409 1695 3645 1757 virtute,
3680 1705 3747 1750 ut
3776 1699 3869 1749 in-

2282 1780 2492 1849 pleatur
2520 1780 2573 1832 in
2600 1779 2681 1834 eis
2706 1782 2850 1849 quod
2884 1781 3088 1836 dictum
3116 1782 3295 1836 est":
3324 1782 3429 1847 Qui
3464 1783 3738 1849 multum,
3773 1801 3867 1839 ιιοι

610 1883 754 1931 nem,
786 1877 839 1922 et
870 1868 1155 1939 diligenter
1195 1870 1447 1923 universa
1492 1868 1812 1935 discutiens,
1846 1884 2177 1939 unoquoque
2213 1854 2251 1907 Β
2278 1871 2594 1934 abundavit,
2648 1881 2696 1925 et
2726 1872 2817 1942 qui
2855 1873 3154 1937 modicum,
3212 1889 3316 1927 non
3358 1875 3679 1932 minorarit.
3742 1875 3867 1933 Tale

608 1960 751 2015 sicut
780 1969 991 2029 Oportet
1021 1970 1223 2014 utatur.
1256 1959 1523 2014 Debemus
1565 1974 1695 2029 ergo
1739 1959 1897 2029 quasi
1928 1959 2018 2029 qui
2050 1975 2176 2029 pec-

606 2052 781 2107 cando
812 2052 1070 2106 damnum
1106 2050 1366 2113 fecimus,
1400 2051 1540 2105 bona
1568 2059 1748 2103 autem
1777 2060 2065 2119 operantes
2091 2052 2173 2106 lu-

601 2158 842 2210 cremur,
873 2145 954 2200 sic
979 2144 1127 2198 omni
1158 2143 1405 2198 custodia
1434 2142 1600 2198 corda
1630 2152 1818 2199 nostra
1845 2158 2086 2209 servare,
2119 2153 2179 2199 ut

602 2251 728 2294 eum
757 2236 965 2290 venerit
1009 2235 1272 2291 Dominus
1314 2243 1501 2290 noster
1527 2242 1583 2289 et
1621 2235 1867 2305 posuerit
1908 2235 2175 2290 rationem

605 2327 915 2393 nobiscum,
955 2342 1062 2381 non
1094 2325 1435 2381 inveniamur
1461 2339 1561 2381 nec
1591 2340 1690 2396 pro
1717 2326 1895 2381 ctioso
1926 2341 2178 2382 sermone

602 2418 860 2473 damnum
894 2418 1107 2473 let-isse.
2088 2424 2091 2427 ‘

672 2510 761 2564 67.
812 2508 881 2563 Et
915 2511 1164 2564 accedens
1219 2510 1309 2580 qui
1356 2510 1581 2580 quinque
1634 2507 1833 2563 talenta
1881 2517 2173 2577 acceperat,

601 2600 790 2656 obtulit
835 2602 948 2655 alia
989 2602 1247 2671 quinque,
1277 2601 1455 2655 dicens
1487 2614 1505 2652 :
1537 2599 1782 2665 Domine,
1810 2599 2039 2668 quinque
2088 2608 2175 2652 ta-

599 2691 747 2746 lenta
778 2693 909 2746 mihi
938 2692 1155 2756 dedisti,
1200 2706 1315 2745 ecce
1358 2689 1469 2743 alia
1512 2689 1741 2759 quinque
1781 2688 2173 2756 superlucratus

600 2797 741 2838 sum.
770 2782 862 2837 Ait
893 2784 941 2836 ei
962 2783 1207 2836 dominus
1244 2782 1357 2851 ejus
1386 2796 1405 2834 :
1436 2779 1600 2851 Euge,
1642 2795 1785 2833 serve
1813 2780 1942 2834 bone
1968 2789 2017 2834 et
2043 2780 2175 2847 fide-

598 2874 666 2928 lis
699 2876 867 2945 :quia
894 2890 1049 2943 super
1092 2890 1263 2943 pauca
1305 2874 1456 2941 luisti
1502 2872 1695 2942 ﬁdelis,
1725 2888 1888 2940 supra
1921 2871 2091 2925 multa
2125 2880 2174 2926 te

598 2969 941 3029 constituam,
989 2966 1132 3018 intra
1168 2967 1224 3018 in
1256 2964 1509 3035 gaudium
1538 2964 1740 3018 domini
1775 2964 1872 3018 tui.
1909 2964 2172 3017 Accedens

597 3066 775 3109 autem
813 3067 862 3109 et
902 3057 991 3124 qui
1039 3056 1143 3109 duo
1187 3055 1386 3109 talenta
1436 3063 1734 3123 acceperat,
1766 3052 1841 3107 ait
1875 3069 1893 3107 :
1928 3053 2169 3120 Domine,

599 3147 703 3199 duo
758 3145 958 3199 talenta
1008 3147 1137 3198 milii
1186 3145 1416 3209 dedisti,
1450 3161 1565 3199 ecce
1608 3144 1718 3198 alia
1774 3145 1878 3197 duo
1934 3144 2168 3198 lucratus

599 3252 737 3290 sum.
775 3236 863 3288 Ait
903 3235 987 3288 illi
1026 3235 1271 3288 dominus
1301 3233 1415 3303 ejus
1447 3250 1464 3286 :
1496 3232 1667 3303 Euge,
1697 3249 1839 3287 serve
1871 3234 1999 3287 boue
2027 3243 2077 3287 et
2104 3234 2170 3303 li-

598 3326 729 3379 delis
766 3342 784 3379 :
811 3327 937 3396 quia
965 3340 1119 3393 super
1142 3340 1313 3394 pauca
1342 3324 1492 3392 fuisti
1522 3323 1714 3391 ﬁdelis,
1741 3339 1902 3391 supra
1930 3323 2096 3377 multa
2121 3331 2170 3377 te

598 3420 939 3484 constituam,
968 3419 1113 3472 intra
1133 3418 1188 3471 in
1206 3416 1460 3487 gaudium
1485 3415 1685 3468 domini
1717 3416 1944 3468 tui“°“.
1976 3413 2051 3469 Ita
2077 3429 2169 3470 ac-

599 3509 764 3564 cessit
791 3508 999 3578 primus
1024 3507 1180 3576 quasi
1229 3505 1323 3575 qui
1370 3503 1558 3558 habuit
1608 3503 1860 3558 liduciam
1910 3518 1978 3558 eo
2020 3502 2167 3572 quod

598 3607 851 3670 operatus
877 3597 1055 3653 fuerat
1092 3605 1147 3651 et
1185 3596 1445 3652 lucratus.
1484 3594 1618 3649 Nam
1663 3594 1857 3650 ﬁducia
1896 3595 2012 3663 ipsa
2044 3593 2169 3648 fecit

594 3706 719 3744 eum
771 3689 1002 3754 audere,
1044 3697 1105 3742 ιιι
1142 3687 1210 3743 ad
1246 3688 1527 3744 dominum
1551 3687 1763 3757 primus
1783 3688 2083 3752 accederet,
2115 3695 2167 3741 et

597 3783 856 3838 audacter
882 3781 1087 3837 faceret
1124 3796 1432 3837 sermonem
1463 3781 1652 3837 dicens
1679 3798 1693 3834 :
1732 3781 1981 3847 Domine,
2007 3781 2165 3850 quin-

596 3890 693 3945 que
725 3874 923 3929 talenta
966 3874 1097 3927 mihi
1139 3874 1355 3940 dedisti,
1395 3889 1512 3928 ecce
1553 3874 1666 3927 alia
1711 3873 1936 3943 quinque
1965 3871 2166 3925 talenta

595 3965 761 4036 885
790 3968 1025 4019 lucratus
1054 3981 1171 4019 sum
1190 3981 1348 4035 super
1382 3981 1463 4019 ea.
1488 3964 1567 4019 Ad
1602 3979 1762 4034 quem
1795 3964 2049 4019 dominus
2077 3964 2164 4018 di»

597 4059 677 4111 xit
704 4072 891 4111 vocem
923 4056 1179 4111 omnibus
1203 4057 1363 4111 nobis
1391 4056 1683 4125 optabilem
1705 4098 1719 4121 ,
1763 4071 1886 4110 cum
1922 4058 2166 4125 posuerit

599 4149 863 4203 rationem
897 4148 1061 4202 etiam
1089 4148 1373 4202 nobiseum
1410 4146 1673 4202 Dominus
1708 4155 1892 4202 noster
1923 4145 2111 4202 dicens
2147 4166 2160 4201 :

597 4240 765 4310 Euge,
801 4254 942 4292 serre
965 4238 1092 4291 bone
1114 4248 1160 4290 et
1191 4238 1399 4306 ﬁdelis;
1423 4237 1749 4293 contrariam
1775 4237 1822 4293 ei
1849 4237 1968 4292 voci
1998 4253 2161 4308 quam

594 4329 735 4383 dixit
771 4329 839 4383 ad
890 4327 1105 4383 tertium
1142 4345 1156 4381 :
1187 4326 1343 4381 Serve
1391 4327 1530 4380 male
1562 4336 1612 4380 et
1656 4327 1819 4397 piger.
1885 4325 2018 4392 Quis
2052 4343 2160 4381 non

593 4429 746 4490 optet
768 4420 1199 4474 exhortationem
1230 4418 1502 4487 accipiens
1526 4434 1594 4472 ex
1623 4418 1727 4473 ista
1763 4417 2032 4487 scriptura
2051 4458 2067 4484 ,
2100 4426 2162 4473 ut

2278 1962 2480 2032 aliquid
2516 1962 2820 2017 ostenditur
2843 1971 2898 2018 et
2922 1964 3066 2019 circa
3101 1966 3415 2020 mandatum
3446 1966 3779 2025 dilectionis
3802 1971 3865 2024 ad

2281 2051 2470 2118 Deum,
2502 2053 2586 2107 vel
2612 2052 2679 2106 ad
2707 2053 3242 2121 proximum,diecns
3272 2055 3343 2109 ita
3372 2056 3417 2087 "
3453 2073 3469 2110 :
3508 2055 3725 2128 Diliges
3756 2058 3865 2112 Ds-

2278 2145 2478 2198 minum
2529 2144 2699 2199 Deum
2732 2153 2881 2199 tuum
2912 2161 2979 2199 ea:
3010 2154 3119 2200 toto
3163 2148 3321 2202 corde
3363 2157 3491 2214 tuo,
3528 2158 3582 2203 et
3627 2166 3704 2204 ea:
3751 2160 3863 2206 tota

2275 2235 2455 2288 anima
2501 2243 2627 2302 tua,
2659 2244 2709 2289 et
2733 2251 2799 2290 ea:
2836 2244 2949 2289 tota
2981 2243 3149 2289 mente
3178 2245 3293 2291 tua.
3349 2232 3480 2292 Sine
3506 2238 3685 2294 dubio
3711 2242 3858 2295 enim

2276 2344 2399 2383 cum
2427 2345 2490 2383 ex
2530 2338 2643 2385 toto
2677 2330 2841 2386 corde
2872 2345 2973 2385 suo
3014 2330 3138 2401 quis
3171 2330 3422 2386 dilexerit
3456 2328 3629 2386 Deum
3651 2370 3668 2396 ,
3704 2339 3763 2386 et
3793 2347 3857 2386 ex

2277 2431 2388 2476 tota
2421 2422 2601 2475 anima
2643 2438 2778 2487 sua,
2811 2430 2867 2477 et
2890 2438 2955 2476 ex
2983 2430 3094 2475 tota
3125 2421 3325 2476 virtute
3351 2437 3474 2485 sua,
3524 2422 3694 2477 talem
3722 2424 3855 2477 dile-

2274 2513 2472 2568 ctionis
2505 2513 2667 2568 habet
2694 2514 3017 2579 mercedem,
3048 2514 3266 2583 qualem
3296 2514 3385 2568 ille
3414 2515 3508 2584 qui
3540 2513 3727 2582 majus
3753 2515 3850 2569 ha—

2274 2603 2391 2658 buit
2414 2619 2530 2671 cor,
2580 2605 2665 2659 vel
2689 2603 2785 2674 qui
2809 2604 3223 2658 eminentiorem
3256 2604 3421 2659 habet
3448 2604 3720 2664 animam,
3767 2604 3849 2659 vel

2274 2694 2365 2764 qui
2421 2694 2679 2764 majorem
2715 2692 2922 2764 accepit
2964 2693 3243 2749 virtutem.
3305 2691 3422 2750 Hoc
3469 2695 3612 2749 enim
3666 2697 3846 2751 solum

2274 2784 2534 2853 quieritur
2553 2822 2569 2846 ,
2598 2790 2659 2837 ut
2700 2781 2963 2854 quidquid
2984 2781 3239 2840 habuerit
3263 2784 3431 2840 homo
3456 2800 3524 2840 ex
3548 2783 3680 2849 Deo,
3729 2795 3844 2842 toto

2272 2887 2339 2927 eo
2373 2881 2556 2927 utatur
2581 2872 2648 2926 ad
2673 2872 2903 2942 gloriam
2928 2872 3046 2928 Dei.

2343 2960 2432 3015 68.
2472 2961 2735 3015 Accedens
2766 2970 2939 3015 autem
2979 2971 3028 3017 et
3057 2964 3145 3033 qui
3176 2978 3344 3017 unum
3392 2965 3625 3018 talentum
3666 2977 3825 3015 acca-

2270 3063 2441 3123 perat,
2475 3054 2552 3106 ait
2579 3069 2597 3106 :
2624 3052 2864 3117 Domine,
2898 3053 3010 3108 scio
3034 3055 3159 3123 quia
3180 3054 3338 3109 homo
3362 3056 3509 3108 durus
3532 3070 3605 3119 es,
3638 3063 3684 3106 et
3708 3068 3815 3106 me-

2275 3143 2343 3196 tis
2378 3143 2469 3196 ubi
2495 3159 2599 3196 non
2631 3144 2924 3209 seminasti,
2952 3153 3000 3198 et
3044 3160 3333 3215 congregas
3365 3146 3446 3199 ubi
3486 3160 3592 3199 non
3626 3145 3834 3213 sparsi-

2272 3234 2385 3297 sti;
2434 3241 2485 3288 et
2531 3234 2718 3288 timens
2763 3236 2906 3300 abii,
2938 3244 2989 3290 et
3033 3236 3285 3290 abscondi
3322 3238 3750 3292 tateutumtuum
3777 3235 3835 3288 in

2271 3336 2434 3380 terra.
2470 3324 2604 3379 Ecce
2633 3326 2790 3380 habes
2817 3334 2988 3381 tuum.
3038 3326 3359 3396 Respondeas
3381 3336 3562 3380 autem
3588 3327 3835 3384 domim

2269 3418 2417 3488 ejus,
2464 3418 2601 3471 dixit
2647 3418 2695 3472 ei
2740 3433 2759 3471 :
2807 3416 2950 3472 Male
2988 3434 3131 3474 serve
3167 3428 3214 3473 et
3254 3419 3427 3488 piger,
3457 3418 3667 3472 sciebas
3708 3422 3837 3489 quia

2271 3517 2404 3562 meto
2435 3507 2524 3562 ubi
2567 3523 2671 3560 non
2701 3507 2986 3571 semineci,
3019 3517 3068 3562 et
3098 3524 3344 3578 congrege
3380 3507 3468 3561 ubi
3493 3525 3598 3562 non
3635 3511 3834 3578 sparsi.

2272 3598 2521 3668 Oportuit
2569 3614 2690 3668 ergo
2720 3606 2769 3651 te
2801 3597 3124 3653 committere
3152 3598 3422 3668 pecuniam
3461 3614 3636 3652 meam
3686 3616 3838 3654 πανι-

2268 3690 2542 3755 ηιιιιανῐὶε,
2586 3697 2644 3743 ut
2667 3690 2872 3744 veniens
2904 3690 3212 3758 recepissem
3235 3705 3353 3743 eam
3399 3706 3518 3744 cum
3552 3692 3729 3745 usuris
3765 3691 3829 3743 “.

2270 3779 2494 3835 Videtur
2518 3781 2650 3834 mihi
2676 3780 2778 3835 iste
2803 3781 2897 3851 qui
2926 3796 3091 3835 unum
3113 3780 3373 3835 talentum
3404 3781 3631 3850 accepit,
3664 3781 3833 3841 fuisse

2270 3870 2410 3925 inter
2455 3871 2739 3927 credentes
2786 3872 3025 3941 quidem,
3077 3886 3186 3926 non
3235 3880 3416 3926 autem
3465 3881 3521 3927 et
3569 3873 3835 3929 ﬁduciali—

2268 3970 2348 4016 ter
2376 3971 2598 4033 agentes
2621 3961 2676 4016 in
2706 3962 2829 4030 lide,
2854 3963 2946 4019 sed
2975 3963 3144 4019 latere
3174 3964 3437 4029 volentes,
3466 3973 3521 4020 et
3541 3964 3725 4018 omnia
3749 3964 3831 4017 la—

2265 4052 2468 4108 cientes
2491 4060 2551 4108 ut
2577 4067 2685 4108 non
2711 4062 3111 4122 cognoscantur
3134 4056 3291 4125 quasi
3320 4054 3635 4110 Christiani.
3696 4053 3833 4110 For-

2265 4143 2404 4198 sitan
2425 4153 2607 4199 autem
2631 4152 2685 4200 et
2711 4144 2803 4199 alii
2828 4160 3005 4203 mores
3026 4161 3216 4201 eorum
3243 4162 3352 4201 non
3379 4147 3516 4201 satis
3539 4155 3695 4201 erant
3720 4146 3832 4201 cui-

2265 4232 2489 4303 pahiles,
2513 4241 2569 4288 et
2595 4233 2740 4304 quod
2768 4243 3091 4304 acceperunt
3112 4236 3427 4291 custodiunt
3451 4235 3691 4305 quidem,
3721 4250 3825 4291 non

2265 4332 2445 4378 autem
2479 4332 2533 4378 et
2565 4324 2804 4392 addunt,
2854 4341 3028 4396 neque
3059 4327 3437 4397 negotiantur,
3483 4342 3659 4396 neque
3687 4326 3823 4381 ﬁdu—

2262 4412 2471 4466 cialiter
2515 4422 2684 4484 agunt
2715 4414 2770 4468 in
2795 4430 2860 4471 eo
2890 4434 2903 4470 :
2941 4425 3221 4487 propterea
3254 4418 3477 4473 verbum
3518 4418 3574 4471 in
3610 4419 3693 4473 eis
3718 4433 3819 4473 non

592 4513 779 4566 audiat
809 4526 837 4564 a
881 4510 1110 4565 Domino
1144 4526 1246 4564 suo
1282 4527 1295 4564 :
1334 4508 1581 4563 Fidelis?
1627 4509 1781 4576 Quod
1832 4511 2010 4565 simile
2039 4525 2161 4567 esse
2192 4525 2235 4580 ι)
2264 4502 2497 4572 Ρνοΐθοίι
2525 4504 2591 4558 ad
2626 4506 2840 4574 maius,
2871 4521 3050 4575 neque
3091 4507 3225 4562 alios
3271 4509 3581 4578 acquisivit.
3636 4507 3816 4562 Adhuc

591 4600 845 4653 existimo
873 4598 920 4653 ei
948 4598 1091 4667 quod
1119 4597 1321 4652 dictum
1355 4608 1438 4653 est
1468 4599 1535 4653 de
1570 4599 1867 4665 Abraham,
1901 4600 2157 4671 quoniam

592 4689 816 4742 credidit
856 4687 1125 4741 Abraham
1159 4687 1264 4742 Deo
1290 4728 1304 4752 ,
1344 4697 1393 4742 et
1438 4698 1736 4759 reputatum
1787 4699 1862 4744 est
1900 4691 1947 4745 ei
1974 4690 2043 4743 ad
2066 4690 2156 4760 ju.

590 4779 799 4832 stitiam
823 4779 867 4811 ⁷⁵
892 4818 907 4842 ,
938 4780 1080 4834 sicut
1120 4789 1173 4834 et
1214 4780 1263 4833 ei
1306 4778 1398 4849 qui
1441 4780 1649 4834 audivit
1686 4797 1713 4833 a
1760 4781 1981 4835 domino
2008 4796 2109 4837 suo
2144 4800 2156 4835 :

594 4867 750 4922 Serve
775 4868 966 4936 ﬁdelis.
1018 4870 1147 4925 Sine
1179 4870 1344 4925 dubio
1370 4870 1504 4926 ﬁdes
1535 4872 1655 4942 ejus
1676 4872 1742 4926 ad
1766 4872 2033 4942 justitiam
2068 4888 2156 4927 re-

592 4967 779 5027 putata
826 4970 910 5014 est
953 4961 1037 5024 ei,
1086 4971 1145 5015 ιιι
1186 4970 1430 5030 reputata
1471 4971 1556 5018 est
1600 4964 1667 5017 ad
1704 4964 1972 5033 justitiam
2024 4962 2158 5019 ﬁdes

594 5049 769 5118 ipsius
802 5051 894 5119 qui
926 5051 980 5103 in
1013 5053 1227 5107 modico
1249 5052 1350 5107 fuit
1374 5053 1567 5109 lidelis.
1598 5052 1806 5109 Modica
1830 5063 2011 5109 autem
2034 5063 2163 5110 sunt

592 5141 775 5195 omnia
824 5141 945 5195 vitae
978 5141 1135 5197 istius
1157 5181 1173 5208 ,
1216 5152 1279 5197 ut
1307 5159 1470 5199 omne
1504 5145 1918 5199 resurrectionis
1960 5153 2162 5216 myste-

591 5234 732 5289 rium
766 5234 816 5289 ei
846 5234 1100 5291 credatur
1133 5244 1187 5289 et
1223 5236 1623 5291 administratio
1672 5251 2031 5306 supernorum
2064 5237 2162 5290 bo-

589 5341 806 5381 norum.
864 5325 1158 5382 Videamus
1206 5337 1385 5383 autem
1414 5337 1602 5397 etquo
1628 5328 1929 5398 ingreditur
1968 5343 2159 5385 servus

590 5416 691 5471 iste
723 5417 899 5472 bonus
926 5426 981 5471 et
1007 5417 1178 5473 lidelis
1202 5456 1217 5479 ,
1252 5417 1346 5487 qui
1376 5418 1431 5471 in
1466 5418 1678 5472 modico
1706 5417 1831 5471 vitae
1875 5418 2033 5471 istius
2057 5415 2157 5471 fuit

591 5508 783 5561 lidelis.
869 5506 1063 5573 intra,
1117 5506 1330 5576 inquit,
1383 5509 1436 5560 iu
1484 5507 1741 5577 gaudium
1799 5506 2001 5561 domini
2055 5507 2152 5560 tui.

660 5722 699 5754 ¹⁶
728 5723 882 5778 Joa'i.
920 5745 1026 5792 xxi,
1064 5732 1147 5784 18.
1244 5732 1282 5761 “
1317 5732 1543 5784 Philum.
1581 5732 1634 5785 9.

1730 5733 1772 5762 ¹¹
1805 5734 1924 5785 Act.
1954 5748 2055 5793 vn,
2091 5729 2177 5783 57.

2265 4594 2518 4647 videntur
2566 4594 2696 4647 mihi
2731 4595 2825 4664 qui
2861 4595 3174 4665 hujusmodi
3228 4608 3385 4664 sunt,
3436 4597 3688 4652 timorem
3734 4595 3817 4651 Dei

2264 4682 2462 4737 habere
2503 4693 2556 4737 et
2599 4698 2789 4752 sapere
2835 4685 2902 4739 de
2950 4700 3016 4738 eo
3064 4687 3220 4756 quasi
3266 4688 3449 4757 aliquo
3495 4697 3740 4749 austero,
3771 4694 3819 4739 et

2261 4774 2417 4839 duro,
2454 4786 2507 4830 et
2538 4776 2886 4846 implacabili.
2962 4775 3052 4832 Sic
3080 4779 3226 4832 enim
3263 4780 3423 4835 verba
3459 4780 3576 4849 ipsa
3614 4778 3818 4849 signiti-

2258 4877 2384 4920 cant
2428 4867 2805 4936 respondentis
2825 4906 2840 4932 ,
2870 4877 2924 4922 et
2952 4867 3215 4933 dicentis,
3252 4870 3479 4924 sciebam
3508 4872 3635 4939 quia
3657 4877 3817 4924 durus

2256 4972 2330 5021 es,
2365 4967 2419 5011 et
2448 4957 2605 5027 quasi
2636 4957 2730 5028 qui
2760 4958 2966 5013 sciebat
2989 4974 3115 5015 cum
3144 4969 3345 5014 metere
3396 4960 3486 5015 ubi
3525 4976 3635 5015 non
3662 4963 3820 5015 semi-

2257 5049 2408 5102 navit
2444 5059 2497 5103 et
2528 5063 2860 5121 congregare
2885 5051 2976 5106 ubi
3011 5066 3118 5106 non
3149 5051 3368 5120 sparsit.
3427 5050 3650 5122 Propter
3678 5051 3820 5123 quod

2256 5141 2590 5209 respondens
2616 5141 2666 5195 ei
2689 5141 2943 5198 dominus
2968 5143 3087 5213 ejus
3106 5182 3120 5210 ,
3167 5153 3219 5200 et
3247 5158 3481 5215 arguens
3511 5157 3634 5198 eum
3664 5142 3819 5213 quasi

2256 5234 2461 5287 malum
2496 5248 2714 5289 servum
2762 5241 2817 5289 et
2848 5235 3059 5304 pigrum
3082 5272 3099 5298 ,
3134 5250 3241 5289 non
3279 5234 3495 5304 quidem
3539 5231 3817 5288 confessus

2256 5335 2340 5381 est
2364 5341 2424 5380 se
2450 5340 2570 5381 esse
2598 5324 2874 5380 hominem
2899 5326 3120 5390 durum,
3144 5326 3286 5381 sicut
3315 5326 3406 5380 ille
3431 5325 3814 5388 arbitrabatur,

2260 5415 2470 5471 caeteris
2517 5424 2695 5468 autem
2745 5414 3091 5469 sermonibus
3131 5414 3251 5484 ejus
3280 5415 3561 5470 consensit
3585 5414 3766 5469 dicens
3798 5430 3814 5466 :

2262 5505 2331 5561 Et
2366 5506 2565 5559 sciebas
2597 5505 2723 5575 quia
2754 5516 2889 5561 meto
2915 5505 3005 5559 ubi
3034 5521 3135 5560 non
3160 5507 3410 5567 semineci
3427 5547 3442 5574 ,
3482 5517 3533 5562 et
3571 5523 3818 5578 congrego

3615 5722 3663 5754 "
3692 5719 3827 5778 Gen.

2272 5729 2315 5760 "
2340 5727 2527 5786 Matth.
2559 5744 2683 5791 xxv,
2716 5728 2799 5783 l9.
2896 5725 3006 5765 “5"
3034 5724 3161 5781 ibid.
3190 5725 3262 5781 20
3285 5732 3342 5779 et
3370 5738 3521 5794 seqq.

589 5807 673 5857 xv,
710 5794 762 5846 6.
841 5797 883 5823 ⁷⁸
914 5798 1078 5853 Exod.
1115 5816 1222 5866 xvi,
1258 5802 1340 5857 18.
1418 5802 1460 5832 ⁷⁷
1493 5801 1677 5855 Matth.
1714 5816 1845 5865 xxii,
1877 5802 1964 5855 57.
2043 5802 2088 5832 ⁷⁸
2118 5799 2166 5853 Μ

2272 5816 2307 5852 ι.
2338 5815 2461 5861 xxv,
2488 5798 2558 5851 24
2587 5806 2641 5851 ct
2668 5813 2815 5866 seqq.
