4052 6304
304 438 407 491 709

1425 427 2079 488 COMMENTARIORUM
2122 428 2383 487 SERIES.

3375 433 3513 484 171υ

255 551 354 604 ubi
380 566 485 604 non
513 550 708 620 sparsi.
750 547 1034 616 Quomodo
1075 557 1255 604 autem
1298 549 1663 619 intelligamus
1691 547 1834 617 quod
1864 553 1911 611 Α
1938 554 2265 614 acceperunt
2312 559 2342 597 a
2398 542 2576 598 nobis.
2636 539 2827 611 Omnis
2858 542 3003 597 enim
3040 543 3305 611 pecunia,
3346 544 3396 598 id
3431 559 3515 601 cst

258 653 389 695 vere
438 638 705 697 Dominus
752 646 938 694 noster
991 641 1142 696 metit
1172 640 1261 695 ubi
1290 655 1398 693 non
1427 639 1750 701 seminavit,
1785 648 1840 693 et

258 741 563 802 congregat
590 732 681 787 ubi
711 746 820 786 non
851 732 1089 801 sparsit?
1122 732 1252 786 Mihi
1276 732 1378 787 hoc
1406 731 1618 785 videtur
1642 730 1695 784 in
1718 729 1840 784 loco

265 822 372 880 isto
404 825 663 893 quoniam
706 822 890 892 justus
935 822 1168 878 seminat
1196 826 1249 879 in
1279 825 1474 895 spiritu
1499 862 1514 886 .
1548 838 1615 879 ex
1645 837 1755 893 quo
1787 831 1841 878 et

263 921 433 969 metet
460 914 626 967 vitam
661 923 918 967 aeternam
949 915 1018 968 τ’.
1078 911 1271 969 Omnia
1297 922 1476 969 autem
1510 929 1630 984 quae
1661 915 1728 969 ab
1760 915 1840 968 al-

266 1018 409 1073 tero,
441 1009 493 1063 id
522 1019 602 1065 est
628 1025 659 1064 a
683 1010 834 1079 justo
860 1008 999 1075 viro,
1034 1010 1371 1064 seminantur
1394 1019 1449 1063 et
1474 1018 1748 1064 metuntur
1770 1008 1836 1062 ad

260 1099 430 1154 vitam
461 1108 742 1165 aeternam,
773 1100 925 1154 metit
955 1098 1131 1167 Deus;
1160 1098 1254 1154 Dei
1284 1100 1428 1155 enim
1453 1108 1537 1154 est
1563 1099 1839 1169 possessio

254 1193 446 1262 justus
468 1233 484 1258 ,
514 1193 606 1263 qui
643 1192 797 1246 metit
823 1191 913 1245 ubi
943 1205 1052 1244 non
1084 1192 1200 1260 ipse
1234 1191 1563 1258 seminavit,
1611 1192 1703 1245 sed
1751 1189 1840 1244 illc

255 1285 465 1354 justus.
523 1284 935 1352 Consequenter
976 1291 1032 1338 et
1079 1284 1208 1337 illud
1257 1283 1533 1346 dicemus,
1579 1282 1839 1352 quoniam

255 1373 446 1443 justus
481 1373 758 1442 dispersit,
797 1373 944 1428 dedit
975 1373 1321 1443 pauperibus.
1364 1372 1629 1427 Dominus
1656 1381 1836 1426 autem

265 1465 324 1518 in
371 1478 474 1518 suo
510 1465 728 1534 colliget
760 1466 1012 1520 universa
1055 1474 1479 1536 quantacunque
1517 1464 1698 1534 justus
1728 1464 1841 1518 dis-

265 1556 438 1624 persit
467 1564 521 1611 et
545 1556 695 1611 dedit
727 1557 1077 1627 pauperibus.
1117 1555 1326 1613 Metens
1360 1563 1542 1610 autem
1570 1571 1691 1624 quae
1729 1570 1838 1609 non

262 1648 573 1715 seminavit,
592 1657 646 1703 et
669 1663 1007 1720 congregans
1034 1664 1157 1719 quae
1181 1663 1289 1702 non
1314 1646 1536 1718 sparsit,
1555 1646 1658 1702 sibi
1689 1661 1840 1701 com-

264 1749 420 1809 putat
465 1751 520 1795 et
559 1740 662 1796 sibi
716 1741 1014 1796 arbitratur
1048 1755 1170 1797 esse
1213 1741 1447 1805 collata,
1500 1752 1842 1810 quaecunque

262 1831 596 1901 pauperibus
618 1832 863 1888 fidelibus
892 1831 1093 1887 fuerint
1113 1832 1381 1888 seminata
1409 1831 1491 1885 vel
1515 1845 1726 1900 sparsa,
1755 1828 1841 1884 di-

1938 651 2100 692 omne
2123 636 2345 692 verbum
2376 634 2521 705 quod
2553 633 2715 688 habet
2757 633 2810 687 in
2858 647 2918 688 se
2960 632 3192 687 formam
3233 633 3327 688 Dei
3360 651 3516 707 rega‘

1939 726 2069 791 lem,
2100 734 2156 781 et
2187 726 2478 811 imaginem
2515 722 2672 778 Verbi
2697 723 2836 792 ejus,
2873 722 3171 793 legitimum
3199 732 3304 779 est.
3344 724 3516 781 Nunp

1939 819 2188 874 mulariis
2213 833 2341 888 ergo
2369 816 2503 873 viris
2522 816 2678 888 jubet
2706 816 2929 871 credere
2967 817 3193 871 verbum
3218 857 3233 880 ,
3261 818 3355 888 qui
3385 833 3513 888 pos-

1940 922 2071 967 sunt
2115 911 2237 980 ejus
2281 909 2505 965 reddere
2554 923 2771 963 usuras.
2837 907 3032 962 Reddit
3077 918 3260 963 autem
3310 924 3510 965 usuras

1939 1001 2088 1056 verbi
2111 999 2204 1070 qui
2232 1000 2427 1055 iterum
2455 999 2674 1054 festinat
2704 999 2918 1054 salvare
2948 1014 3071 1053 cum
3098 1013 3186 1062 eo,
3223 998 3367 1053 sicut
3394 999 3509 1068 ipse

1940 1091 2183 1146 salvatus
2229 1098 2312 1146 est
2361 1105 2377 1144 :
2424 1090 2564 1144 sicut
2612 1089 2879 1154 Andreas,
2940 1087 3155 1153 Petrus,
3201 1087 3507 1158 Philippus,

1939 1174 2260 1243 Nathanael,
2290 1175 2578 1231 Matthaius
2615 1177 2959 1247 publicanus.
3024 1177 3090 1231 Et
3125 1178 3227 1232 hoc
3256 1190 3339 1232 est
3367 1179 3510 1248 quod

1940 1267 2073 1322 dicit
2096 1267 2389 1335 Apostolus
2414 1267 2459 1298 ⁸⁸
2492 1284 2504 1321 :
2545 1267 2677 1332 Quae
2699 1268 2899 1320 audisti
2924 1284 2956 1321 a
2982 1284 3063 1320 me
3092 1284 3184 1338 per
3210 1267 3404 1321 mullos
3433 1279 3513 1321 te-

1940 1366 2043 1412 stes
2063 1398 2078 1421 ,
2125 1357 2237 1411 Itan:
2264 1357 2572 1410 commenda
2611 1356 2855 1425 ﬁdelibus
2882 1358 3183 1411 hominibus
3209 1358 3303 1428 qui
3333 1357 3512 1411 idonei

1940 1456 2092 1503 erunt
2120 1458 2168 1501 et
2197 1447 2331 1502 alios
2360 1447 2563 1502 dooere.
2607 1446 2868 1503 Similiter
2900 1459 2952 1503 et
2986 1449 3249 1504 Dominus
3273 1448 3468 1504 dicit“
3494 1464 3509 1503 :

1943 1537 2112 1592 Nemo
2157 1539 2394 1593 accendit
2437 1540 2744 1605 lucernam,
2793 1548 2843 1592 et
2898 1539 3044 1608 ponit
3090 1555 3205 1592 eam
3255 1539 3350 1591 sub
3401 1554 3515 1593 mo-

1940 1626 2062 1693 dio,
2096 1627 2186 1681 sed
2215 1642 2368 1696 super
2412 1628 2823 1696 candelabrum,
2858 1638 2916 1682 ut
2955 1629 3274 1682 introeuntes
3302 1629 3513 1683 videant

1940 1718 2137 1773 lumen.

2011 1810 2099 1866 69.
2145 1809 2336 1866 Tollite
2367 1811 2432 1864 ab
2459 1827 2518 1866 eo
2547 1813 2726 1884 itaque
2754 1813 3010 1868 talentum
3034 1854 3050 1880 ,
3089 1822 3138 1868 et
3166 1812 3322 1867 detur
3348 1811 3396 1865 ei
3419 1811 3511 1882 qui

264 1900 398 1979 mg
432 1923 500 1978 ad
532 1939 626 1979 eos
653 1926 746 1994 qui
783 1926 922 1980 bene
955 1923 1219 1995 proximis
1249 1923 1365 1979 suis
1412 1916 1655 1978 fécemm
1684 1940 1698 1977 τ
1747 1920 1839 1977 γε,
1868 1905 1910 1961 Β
1937 1900 2089 1955 habet
2115 1900 2289 1956 decem
2323 1901 2520 1956 talenta
2544 1902 2610 1956 ⁸⁷.
2672 1902 2832 1959 Vides
2858 1904 2986 1974 quia
3023 1903 3227 1958 tollitur
3249 1903 3510 1958 talentum

263 2016 403 2083 nite,
455 2015 713 2071 benedicti
740 2016 921 2071 Patris
946 2015 1047 2070 mei
1073 2056 1088 2082 ,
1118 2015 1426 2070 haereditate
1453 2030 1667 2085 regnum
1698 2013 1837 2082 quod

262 2104 409 2160 vobis
450 2116 701 2176 paratum
749 2117 850 2162 est.
910 2105 1125 2160 Esuriui
1167 2107 1337 2174 enim,
1370 2115 1419 2160 et
1459 2106 1682 2161 dedistis
1709 2106 1838 2160 mihi

264 2198 589 2252 manducare
610 2239 625 2263 ,
658 2208 714 2255 et
755 2207 953 2254 caetera
981 2199 1050 2255 '°.
1091 2198 1157 2252 Et
1189 2198 1315 2270 quia
1348 2198 1464 2252 vult
1506 2207 1709 2253 metere
1744 2198 1837 2253 ubi

264 2301 376 2341 non
408 2289 730 2354 seminavit,
757 2297 813 2345 et
838 2305 1169 2360 congregare
1209 2289 1300 2344 ubi
1330 2304 1438 2343 non
1465 2288 1689 2358 sparsit,
1711 2303 1836 2344 eum

264 2392 375 2432 non
406 2377 709 2445 invenerit,
741 2380 884 2435 dicet
927 2381 994 2435 ad
1025 2395 1121 2435 eos
1152 2381 1245 2450 qui
1276 2394 1383 2435 non
1414 2379 1762 2448 praebuerunt
1788 2379 1837 2434 ei

263 2479 469 2525 metere
495 2479 549 2525 et
572 2486 902 2542 congregare
934 2490 948 2526 :
983 2470 1246 2526 Discedite
1270 2488 1300 2525 a
1331 2486 1433 2537 me,
1463 2469 1752 2535 maledicti,
1781 2470 1839 2523 in

262 2558 437 2628 ignem
470 2571 725 2614 wternum
749 2600 765 2627 ,
815 2576 965 2630 quem
990 2560 1307 2631 prwparacit
1341 2558 1506 2613 Pater
1547 2576 1690 2614 meus
1718 2560 1837 2613 dia-

265 2647 386 2702 bolo
418 2658 468 2703 et
497 2650 694 2719 angelis
723 2651 857 2720 ejus.
923 2650 1133 2707 Esurivi
1172 2652 1365 2717 enim,
1398 2660 1448 2705 et
1486 2668 1588 2705 non
1621 2649 1838 2704 dedistis

265 2739 398 2792 mihi
430 2741 789 2808 manducare,
822 2751 877 2797 et
908 2757 1101 2797 canora
1128 2743 1194 2796 ⁸³.
1253 2741 1388 2796 Nam
1428 2751 1483 2797 et
1519 2756 1646 2797 vere
1672 2741 1836 2795 durus

264 2838 370 2895 est,
395 2832 695 2886 secundum
721 2833 863 2903 quod
888 2834 965 2888 ait
991 2833 1348 2900 Matthteus”,
1372 2840 1428 2888 et
1459 2840 1725 2893 austeras.
1747 2848 1837 2889 se-

262 2923 503 2977 cundum
531 2926 676 2994 quod
709 2926 786 2979 ait
814 2924 991 2981 Lucas
1019 2926 1087 2981 ⁸³.
1148 2924 1253 2981 Sed
1282 2925 1367 2982 his
1394 2926 1487 2996 qui
1525 2924 1837 2982 misericor-

263 3013 353 3068 dia
383 3013 476 3070 Dei
504 3016 804 3073 abutuntur
853 3019 921 3073 ad
968 3019 1352 3090 negligentiam
1397 3033 1555 3075 suam
1577 3059 1594 3085 ,
1631 3031 1740 3072 non
1767 3015 1837 3071 ad

262 3105 731 3161 conversationem
761 3122 942 3171 suam,
969 3107 1114 3162 sicut
1143 3107 1219 3161 ait
1250 3106 1546 3176 Apostolus
1577 3106 1626 3139 ⁸⁵
1651 3123 1667 3160 :
1710 3102 1840 3159 Vide

263 3193 551 3250 bonitatem
578 3195 674 3250 Dei
703 3207 752 3252 et
779 3198 1133 3261 seueritatem,
1167 3197 1221 3251 in
1245 3211 1342 3253 eos
1370 3197 1590 3268 quidem
1625 3197 1716 3267 qui
1749 3210 1833 3251 ce-

1940 2006 1972 2046 a
2005 1992 2151 2046 malo
2178 2007 2339 2047 servo
2363 2002 2418 2048 et
2448 1993 2637 2065 pigro,
2677 2002 2732 2049 et
2753 1995 2915 2049 datur
2941 1995 2990 2049 ei
3017 1995 3109 2064 qui
3139 1995 3298 2049 habet
3320 1995 3508 2049 decem

1942 2083 2164 2137 talenta.
2233 2080 2520 2148 Quomodo
2565 2091 2746 2137 autem
2795 2084 3001 2138 tollitur
3046 2084 3117 2137 ab
3152 2084 3336 2152 aliquo
3362 2083 3508 2153 quod

1939 2172 2127 2228 datum
2156 2173 2334 2229 fuerat
2361 2174 2434 2242 ei,
2466 2182 2521 2229 et
2545 2175 2705 2230 alteri
2738 2175 2899 2230 datur
2928 2176 3065 2229 bene
3091 2175 3292 2245 agenti,
3324 2184 3386 2229 ut
3412 2175 3511 2230 ha-

1939 2267 2064 2323 beat
2092 2266 2254 2323 etiam
2290 2267 2406 2322 haec
2429 2282 2593 2337 super
2629 2266 2720 2322 illa
2745 2282 2867 2337 qua:
2896 2266 3209 2337 acquisivit,
3237 2282 3345 2320 non
3371 2266 3511 2320 satis
3555 2308 3561 2317 .

1940 2357 2097 2413 facile
2121 2365 2206 2413 est
2230 2358 2504 2428 explicare
2536 2375 2551 2412 :
2585 2366 2763 2413 tamen
2795 2357 3057 2427 possibile
3076 2365 3180 2413 est.
3236 2355 3507 2421 Quoniam

1939 2450 2029 2520 qui
2057 2450 2314 2506 idoneum
2360 2450 2492 2505 facit
2517 2449 2572 2503 in
2607 2449 2792 2519 aliquo
2821 2464 3044 2506 sensum
3086 2450 3140 2511 in
3167 2447 3509 2519 dogmatibus

1941 2542 2186 2598 veritatis
2208 2582 2224 2609 ,
2258 2550 2436 2612 potest
2468 2558 2568 2598 sua
2591 2542 2875 2598 divinitate
2906 2540 3052 2597 Deus
3075 2540 3331 2597 auferens
3361 2540 3510 2596 sulli—

1939 2634 2191 2689 cientiam
2221 2634 2289 2689 ab
2315 2649 2382 2689 eo
2410 2633 2504 2704 qui
2536 2634 2743 2705 pigrius
2765 2649 2830 2689 ea
2852 2644 2939 2690 est
2962 2648 3097 2690 usus
3115 2674 3132 2700 ,
3163 2635 3293 2688 dare
3333 2632 3385 2688 ei
3415 2633 3510 2702 qui

1938 2739 2058 2779 eam
2089 2724 2488 2795 multiplicavit.
2558 2722 2716 2779 Omni
2746 2725 2888 2779 enim
2930 2723 3143 2778 habenti
3175 2722 3427 2789 dabitur,
3460 2733 3510 2777 et

1940 2815 2265 2882 abundabit;
2298 2816 2363 2871 ab
2391 2832 2451 2871 eo
2479 2827 2653 2870 autem
2687 2817 2777 2886 qui
2802 2833 2903 2870 non
2929 2816 3118 2883 habet,
3163 2824 3213 2869 et
3242 2814 3380 2885 quod
3412 2814 3511 2867 ha-

1940 2906 2022 2962 bet
2050 2908 2323 2977 auferetur
2349 2909 2414 2962 ab
2453 2923 2512 2961 eo
2535 2914 2604 2961 ⁸⁸.
2665 2905 2905 2977 Utputa,
2955 2907 3115 2963 fidem
3145 2906 3366 2962 habenti
3391 2920 3514 2975 quae

1939 3007 2023 3053 est
2053 3013 2120 3054 ex
2144 2999 2336 3067 nobis,
2367 3000 2587 3055 dabitur
2615 3000 2791 3072 gratia
2818 2998 2939 3054 fidei
2969 3012 3090 3069 quae
3118 3006 3202 3053 est
3229 3010 3327 3067 per
3351 2996 3514 3066 spiri-

1941 3098 2054 3145 tum
2085 3090 2243 3158 fidei,
2273 3092 2689 3164 ctrabundabit;
2732 3103 2787 3149 et
2813 3089 3075 3162 quidquid
3109 3088 3361 3144 habuerit
3387 3087 3514 3157 quis

1937 3197 2004 3238 ex
2032 3184 2267 3239 naturali
2297 3185 2606 3249 creatione,
2648 3198 2772 3238 cum
2801 3182 3108 3238 exercuerit
3147 3195 3273 3236 eum
3304 3177 3510 3251 [illud],

260 3287 510 3344 ciderunt
542 3288 908 3354 severitatem,
943 3290 998 3343 in
1033 3297 1085 3344 te
1109 3296 1289 3343 autem
1318 3248 1613 3344 boiiitatem
1631 3248 1685 3344 si
1709 3302 1836 3358 per-

1939 3274 2136 3345 accipit
2162 3275 2229 3330 ad
2265 3273 2365 3346 [id]
2400 3277 2661 3345 ipsumet
2685 3287 2752 3329 ex
2796 3274 2969 3345 gratia
3002 3272 3132 3337 Dei,
3183 3280 3243 3327 ut
3272 3248 3515 3327 abundet

261 3379 533 3435 manseris
581 3379 635 3434 in
691 3379 954 3435 bonitate.
1028 3377 1133 3445 Qui
1184 3378 1331 3434 enim
1381 3379 1583 3433 bonum
1627 3378 1839 3448 judicat

262 3469 453 3539 Deum,
490 3471 717 3526 credens
739 3470 1128 3541 indulgentiam
1159 3469 1408 3537 accipere
1440 3470 1487 3523 si
1517 3469 1681 3524 fuerit
1703 3485 1838 3525 con-

259 3571 455 3612 versus
478 3557 543 3611 ad
567 3571 715 3622 eum,
744 3557 821 3610 illi
851 3557 1029 3611 bonus
1057 3566 1140 3611 est
1170 3556 1333 3610 Deus.
1392 3554 1496 3621 Qui
1519 3566 1698 3611 autem
1723 3557 1839 3612 exi-

263 3648 450 3702 stimat
478 3661 603 3701 eum
633 3647 715 3703 sic
739 3646 966 3712 bonum,
1013 3653 1075 3700 ut
1100 3646 1269 3717 886
1296 3661 1404 3699 non
1431 3659 1585 3701 curet
1614 3646 1681 3701 de
1708 3660 1838 3716 pec-

265 3739 406 3794 catis
436 3743 775 3808 peccanUum
797 3775 813 3802 ,
846 3737 923 3791 illi
954 3752 1062 3790 non
1094 3746 1178 3791 est
1203 3737 1380 3792 bonus
1406 3735 1579 3801 Deus,
1620 3737 1715 3792 sed
1739 3753 1837 3792 au-

267 3840 466 3887 sterus.
531 3828 727 3884 Zelans
774 3836 859 3884 est
909 3828 1054 3883 enim
1090 3844 1255 3899 super
1294 3837 1516 3899 peccata
1552 3828 1836 3884 hominum

266 3922 733 3979 contemnentium
781 3936 860 3976 se.
921 3920 1124 3976 Tamen
1175 3921 1329 3992 quasi
1357 3921 1577 3977 Christo
1604 3931 1837 3978 metente

266 4029 391 4085 quae
431 4026 539 4066 non
589 4012 1014 4077 seminavimus,
1062 4020 1118 4068 et
1150 4021 1511 4084 congregante
1555 4028 1679 4084 quae
1725 4028 1836 4068 non

268 4103 605 4174 sparsimus,
653 4102 987 4160 semiuemus
1033 4104 1088 4158 in
1132 4103 1361 4173 spiritu,
1412 4113 1467 4159 et
1517 4119 1836 4175 spargamus

271 4194 632 4263 tauperibus,
673 4203 726 4247 et
758 4193 1018 4247 talentum
1073 4193 1161 4248 Dei
1195 4210 1302 4249 non
1347 4194 1747 4250 abseondamus
1781 4196 1835 4248 in

268 4295 432 4339 terra.
491 4282 602 4340 Nec
623 4285 767 4338 enim
796 4285 973 4340 bonus
1006 4284 1319 4354 hujusmodi
1349 4285 1511 4339 timor
1532 4326 1548 4351 ,
1577 4299 1678 4340 nec
1702 4285 1838 4338 libe-

266 4384 350 4432 rat
398 4391 500 4432 nos
550 4377 673 4431 talis
720 4375 884 4430 timor
933 4376 1002 4431 ab
1044 4376 1409 4432 exterioribus
1454 4375 1691 4431 tenebris
1729 4375 1836 4430 illis

266 4484 390 4524 cum
440 4468 707 4523 fuerimus
745 4466 988 4521 damnati
1039 4467 1197 4536 quasi
1234 4466 1357 4521 mali
1389 4466 1529 4522 servi
1576 4475 1630 4521 et
1672 4466 1830 4536 pigri.

1936 3376 1993 3424 et
2016 3367 2224 3422 ﬁrmior
2251 3368 2324 3423 sit
2350 3368 2403 3422 in
2432 3381 2498 3423 eo
2523 3367 2644 3437 ipso
2690 3367 2837 3437 quod
2870 3366 3052 3422 habet.
3115 3363 3238 3421 Non
3268 3364 3411 3418 enim
3443 3365 3514 3418 de

1937 3461 2204 3532 sapientia
2253 3460 2370 3516 sola
2393 3501 2409 3527 ,
2442 3460 2539 3515 sed
2570 3460 2637 3514 de
2668 3458 2821 3514 omni
2865 3459 3067 3514 virtute
3101 3458 3511 3528 intelligendum

1937 3561 2022 3608 est
2051 3552 2213 3607 nobis
2259 3550 2403 3618 quod
2453 3550 2530 3604 ait
2575 3549 2832 3604 Salomon
2862 3550 2953 3603 8’z
3010 3548 3078 3602 Et
3109 3549 3156 3604 si
3184 3550 3345 3618 fuerit
3391 3554 3512 3623 quis

1937 3643 2199 3713 perfectus
2229 3642 2369 3696 inter
2394 3639 2535 3708 ﬁlios
2563 3640 2856 3705 hominum,
2878 3641 2927 3693 si
2951 3639 3182 3708 abfuerit
3211 3640 3277 3693 ab
3307 3641 3402 3694 illo
3423 3659 3513 3695 suo

1937 3733 2135 3803 pientia
2162 3742 2279 3796 tua,
2306 3731 2361 3784 in
2394 3729 2617 3783 nihilum
2648 3727 3000 3799 reputabitur.
3059 3726 3152 3783 Sic
3177 3736 3232 3783 et
3265 3731 3359 3798 qui
3387 3744 3511 3799 per-

1937 3825 2113 3881 fectus
2134 3823 2300 3878 fuerit
2335 3822 2389 3876 in
2423 3821 2689 3883 castitate,
2717 3826 2814 3873 aut
2843 3819 2898 3872 in
2924 3818 3137 3889 justitia
3159 3859 3174 3885 ,
3209 3829 3303 3873 aut
3337 3819 3389 3872 in
3416 3835 3509 3873 ve-

1939 3916 2120 3982 ritate,
2175 3922 2271 3969 aut
2324 3913 2542 3983 pietate,
2578 3924 2686 3964 non
2716 3909 2883 3965 fuerit
2926 3917 3105 3964 autem
3132 3910 3183 3964 ei
3214 3919 3310 3963 aut
3334 3910 3506 3965 casti-

1937 4018 2055 4071 tas,
2091 4014 2187 4060 aut
2223 4003 2470 4075 justitia,
2520 4011 2614 4057 aut
2639 4002 2834 4068 virtus,
2879 4009 2975 4055 aut
3007 4000 3183 4070 pietas
3209 4016 3332 4071 qua:
3362 4001 3509 4057 venit

1935 4114 2002 4154 ex
2052 4097 2222 4167 gratia
2273 4094 2406 4163 Dei,
2460 4094 2519 4149 in
2565 4093 2796 4148 nihilum
2853 4100 3136 4162 reputatur
3193 4092 3508 4163 hujusmodi

1937 4190 2123 4244 homo.
2174 4185 2468 4255 Propterea
2500 4183 2546 4238 si
2576 4182 2828 4237 volumus
2861 4191 2917 4238 ut
2953 4183 3112 4237 detur
3142 4183 3301 4238 nobis
3330 4183 3509 4240 virtus

1936 4280 2246 4353 perfectior,
2279 4287 2334 4333 et
2362 4277 2601 4332 abundet
2628 4277 2680 4330 in
2705 4276 2885 4341 nobis,
2920 4276 3064 4346 quod
3095 4275 3393 4345 perfectum
3424 4283 3509 4332 est

1935 4374 2079 4427 inter
2123 4370 2369 4426 homines
2417 4383 2512 4438 per
2543 4367 2874 4438 diligentiam
2908 4367 3225 4422 omnimodo
3249 4367 3506 4437 acquira-

1938 4478 2088 4529 mus;
2118 4472 2173 4515 et
2213 4469 2500 4530 postquam
2529 4458 2968 4529 acquisierimus,
2998 4458 3155 4527 quasi
3199 4458 3505 4528 intelligen-

268 4560 393 4614 Mali
418 4559 659 4628 quidem,
710 4556 838 4626 quia
869 4573 974 4612 non
1008 4573 1200 4612 sumus
1236 4558 1320 4613 usi
1367 4558 1586 4627 probata
1618 4558 1705 4612 illa
1740 4572 1835 4627 pe—
1864 4576 1908 4630 ι)
1937 4563 2018 4610 tes
2051 4553 2307 4622 quoniam
2344 4552 2399 4605 in
2426 4550 2652 4605 nihilum
2680 4550 2797 4604 haec
2828 4559 3148 4619 reputantur
3177 4550 3296 4605 sine
3326 4550 3502 4619 gratia

268 4651 429 4707 cunia
469 4649 874 4704 Dominicorum
906 4649 1191 4704 verborum
1238 4664 1361 4704 eum
1403 4649 1601 4718 quibus
1627 4656 1837 4716 potera-

270 4761 391 4800 mus
434 4744 700 4815 negotiari
726 4753 779 4799 ct
811 4744 1081 4798 discutere
1119 4739 1546 4816 Christianitatis
1593 4739 1830 4808 eloquia,

269 4846 324 4892 et
369 4836 653 4905 acquirere
700 4835 959 4891 bonitatis
995 4834 1085 4890 Dei
1126 4834 1319 4889 altiora
1336 4831 1626 4903 .mysteria.
1685 4828 1830 4900 Pigri

269 4939 445 4983 autem
465 4968 480 4994 ,
526 4924 655 4995 quia
698 4940 805 4979 non
837 4926 1039 4981 fuimus
1085 4927 1289 4995 operati
1321 4940 1444 4979 cum
1477 4923 1707 4993 eloquiis
1736 4922 1829 4976 Dei

268 5018 523 5087 salutem,
554 5023 636 5077 vel
667 5032 931 5086 nostram,
967 5021 1051 5076 vel
1074 5020 1328 5082 aliorum,
1363 5030 1486 5070 cum
1513 5014 1834 5069 deberemus

269 5113 482 5166 mittere
514 5112 800 5182 pecuniam
853 5110 1069 5175 Domini
1112 5107 1319 5173 nostri,
1372 5105 1425 5159 id
1471 5114 1554 5160 est
1592 5104 1832 5173 eloquia,

272 5203 609 5258 auditoribus
633 5202 1014 5258 nummulariis
1042 5199 1134 5270 qui
1163 5196 1344 5250 omnia
1375 5201 1606 5258 tentant,
1628 5202 1683 5247 et
1709 5208 1835 5263 pro-

272 5292 431 5358 bant,
480 5303 539 5348 ut
579 5294 782 5349 bonum
815 5293 1032 5364 quidem
1067 5291 1259 5359 dogma
1295 5297 1348 5342 et
1376 5301 1561 5341 verum
1594 5292 1831 5350 teneant,

270 5383 556 5451 reprobum
584 5394 763 5440 autem
791 5394 845 5440 et
872 5384 1066 5438 falsum
1098 5379 1378 5450 repellant,
1427 5386 1489 5432 ut
1512 5391 1636 5431 cum
1668 5390 1832 5430 vene-

274 5472 342 5526 rit
392 5471 690 5541 Dominus,
723 5474 939 5544 eloquia
992 5474 1079 5527 illa
1123 5485 1245 5540 quae
1280 5467 1658 5524 commisimus
1706 5481 1828 5530 nos,

272 5580 393 5618 cum
427 5564 602 5620 usuris
632 5568 881 5637 recipiat,
904 5575 958 5621 et
985 5580 1106 5619 cum
1133 5561 1518 5616 additamentis
1544 5560 1612 5614 ab
1632 5560 1710 5615 eis
1735 5558 1828 5628 qui

339 5698 383 5729 ⁷³
415 5694 589 5750 Galat.
616 5713 691 5763 vi,
725 5700 780 5755 8.

271 5836 309 5868 ἰ
341 5839 358 5888 l
385 5834 523 5891 Tim.
550 5853 585 5889 lt
644 5837 694 5890 8.

873 5698 918 5732 ⁸⁰
946 5696 1135 5752 Matth.
1177 5709 1315 5756 xxv,
1345 5693 1434 5757 54,
1466 5691 1552 5745 55.
1630 5692 1673 5724 ⁸¹
1709 5691 1840 5744 ibid.
1872 5689 1931 5742 41
1961 5730 1976 5754 ,
2013 5687 2101 5742 42.

269 5767 355 5819 22.
433 5768 478 5798 ⁸⁵
505 5769 545 5819 ll
581 5758 721 5822 Tini.
748 5785 806 5834 ιι,
841 5769 895 5822 2.
971 5769 1017 5801 ⁸⁸
1041 5765 1171 5822 Luc.
1199 5779 1316 5829 vni,
1342 5762 1431 5818 iti.
1508 5762 1552 5792 ⁸⁷
1579 5760 1764 5816 Matth.
1795 5776 1919 5827 xxv,
1949 5758 2036 5812 28.

1940 4641 2069 4706 Dei,
2127 4639 2477 4694 humilicmus
2535 4637 2900 4706 nosmetipsos
2961 4639 3065 4693 sub
3118 4653 3282 4692 manu
3323 4639 3503 4693 valida

1937 4730 2031 4785 Dei
2059 4731 2104 4763 ⁹⁰
2126 4768 2141 4794 ,
2174 4737 2228 4782 et
2255 4742 2476 4783 oremus
2503 4727 2616 4781 sine
2659 4726 2743 4779 ira
2792 4734 2842 4780 et
2876 4726 3251 4796 disceptatione
3273 4727 3510 4782 levantes

1932 4838 2094 4892 puras
2133 4836 2320 4875 manus
2346 4819 2390 4852 “
2415 4860 2431 4887 ,
2458 4826 2517 4873 ut
2542 4819 2786 4873 omnium
2822 4819 3088 4872 bonorum
3123 4834 3245 4888 qua:
3287 4828 3415 4873 sunt
3446 4818 3501 4871 in

1935 4913 2094 4967 nobis
2116 4909 2378 4981 perfectio
2399 4909 2556 4963 detur
2582 4924 2648 4963 ex
2678 4907 2810 4972 Deo,
2839 4918 2893 4963 et
2918 4907 3079 4963 faciat
3103 4924 3204 4962 nos
3230 4908 3496 4977 perfectos

1934 5013 1990 5059 ct
2021 5001 2378 5072 acceptabiles
2405 4998 2512 5054 Deo
2539 4998 2696 5068 quasi
2724 4998 2866 5052 filios
2899 4997 3015 5052 Dei.
3059 4996 3163 5052 Iste
3191 5007 3372 5051 autem
3403 4997 3496 5067 qui
3594 5004 3599 5009 “

1936 5111 2105 5152 unum
2142 5102 2425 5163 acceperat
2462 5090 2721 5145 talentum
2767 5098 2822 5145 et
2847 5089 3206 5145 absconderat
3233 5090 3411 5158 ipsum
3451 5093 3505 5147 in

1935 5199 2099 5253 terra,
2125 5202 2233 5241 non
2264 5185 2438 5239 solum
2462 5182 2618 5253 quasi
2648 5180 2827 5237 malus
2852 5190 2907 5234 et
2933 5182 3084 5251 piger
3107 5181 3374 5250 arguitur,
3403 5177 3498 5234 sed

1936 5279 2093 5350 quasi
2140 5277 2347 5332 inutilis
2391 5275 2624 5330 mittitur
2657 5273 2708 5327 in
2741 5272 2993 5327 tenebras
3024 5272 3356 5336 exteriores,
3405 5268 3497 5321 ubi

1937 5372 2084 5427 nulla
2124 5366 2447 5424 illuminatio
2476 5374 2589 5434 est,
2634 5364 2861 5419 forsitan
2888 5379 2989 5420 nec
3022 5361 3324 5432 corporalis
3347 5402 3361 5425 ,
3395 5376 3497 5412 nec

1932 5470 2015 5516 est
2044 5458 2311 5529 respectio
2350 5455 2442 5510 Dei
2471 5456 2616 5522 illic,
2665 5455 2758 5511 sed
2807 5455 2963 5525 quasi
3014 5453 3220 5522 indigni
3251 5451 3499 5519 specula-

1934 5555 2081 5608 tione
2121 5550 2214 5604 Dei
2260 5549 2350 5618 qui
2394 5548 2519 5602 talia
2551 5558 2945 5617 peccaverunt,
2978 5543 3414 5600 condemnantur
3442 5540 3498 5595 in
3564 5598 3589 5616 δ

2187 5687 2231 5718 ⁸²
2258 5685 2387 5740 ibid.
2413 5686 2504 5740 24.
2592 5683 2638 5714 ⁸³
2672 5680 2802 5735 Luc.
2831 5697 2945 5747 XIX,
2978 5679 3066 5733 2|.
3142 5678 3188 5710 3‘
3224 5677 3380 5731 Rom.
3414 5692 3495 5739 xi.

2126 5756 2171 5789 ³⁸
2200 5756 2329 5812 ibid.
2366 5756 2455 5810 29.
2529 5754 2574 5787 ⁸³
2602 5752 2730 5821 Sap.
2767 5767 2841 5816 ix,
2874 5751 2928 5806 6.
3005 5750 3050 5783 θ’
3084 5747 3281 5804 lPetr.
3325 5762 3392 5816 v,
3440 5748 3495 5805 6.
