4052 6304
622 436 753 492 1711

1823 437 2148 497 ORIGENIS
2188 438 2190 489 ἒ

2291 435 2711 494 ΜΑΤΤΙΙᾸΞΠΜ
3864 435 3953 488 TI!

624 555 710 607 his
759 569 879 623 (μεθ’
925 554 1223 611 exteriores
1267 555 1502 611 tenehra
1542 557 1885 626 appellamur
1919 575 1930 610 :
1971 555 2199 611 forsitan
2231 562 2274 616 Α
2304 554 2699 611 rationabiliter
2730 553 3059 625 intelligere,
3105 558 3336 613 multam
3373 556 3756 628 sapientiam
3802 556 3953 607 inve-

625 648 802 702 doncc
837 646 1252 714 intellexerunt,
1287 658 1345 702 ut
1389 657 1773 704 convertantur
1814 658 1868 703 et
1911 649 2056 717 digiti
2087 648 2200 702 elli-

2304 647 2416 702 niet
2443 656 2501 701 et
2522 646 2581 701 in
2613 646 2754 702 istis.
2773 644 2839 698 Et
2869 646 3234 715 periculosum
3262 652 3493 720 quidem
3512 657 3610 705 est
3629 649 3720 702 de
3744 647 3947 718 bujus-

621 737 835 790 ciantur
859 737 1007 792 exire
1040 738 1111 793 ab
1133 738 1214 794 eis
1243 757 1256 791 :
1286 737 1513 795 forsitan
1544 748 1595 793 et
1632 749 1852 810 propter
1876 740 2037 795 aliam
2070 755 2203 795 cau-
2304 735 2452 791 modi
2488 738 2654 792 rebus
2694 751 2966 805 exponere
2989 778 3004 803 ,
3054 739 3148 793 sed
3198 755 3268 795 ne
3311 749 3546 810 propter
3590 738 3947 792 intellectas

620 841 737 880 sam
780 842 944 895 quam
992 843 1093 884 nos
1142 828 1502 900 ignoramus:
1545 830 1802 900 quoniam
1838 830 2070 901 legimus
2097 831 2198 885 ali-

618 934 781 987 quem
838 920 930 990 qui
962 919 1081 975 fuit
1133 931 1257 976 ante
1303 937 1405 977 nos
1452 933 1807 991 exponentem
1856 924 1922 980 de
1960 925 2199 981 tenebris

619 1012 823 1082 abyssi,
844 1021 897 1065 et
920 1012 1189 1068 dicentem
1219 1015 1476 1084 quoniam
1501 1015 1730 1086 abyssus
1755 1026 1839 1071 est
1859 1025 2009 1070 extra
2040 1033 2197 1071 mun-

617 1103 749 1157 dum
786 1102 918 1158 furis
947 1120 1002 1161 et
1029 1106 1281 1161 tenebra.
1347 1105 1770 1161 Consideremns
1797 1122 1927 1178 ergo
1958 1108 2200 1178 sipotest

619 1210 749 1250 vera
784 1210 904 1250 esse
932 1197 1201 1266 expositio
1224 1197 1365 1267 ejus,
1384 1207 1445 1252 ut
1473 1197 1766 1252 exteriores
1799 1199 2050 1254 tenebras
2077 1199 2199 1254 illas

619 1286 1009 1357 intelligamus,
1060 1296 1120 1341 ut
1162 1288 1385 1358 quidam
1432 1288 1591 1358 quasi
1619 1288 1824 1357 indigni
1849 1297 1963 1345 toto
1994 1290 2198 1344 mundo

622 1376 677 1429 in
713 1375 973 1446 abyssum
1016 1378 1162 1433 illam
1192 1395 1355 1449 quam
1387 1381 1476 1435 ille
1507 1382 1760 1452 exposuit
1788 1380 1936 1437 foras
1969 1382 2196 1451 ejician-

620 1478 710 1522 tur
733 1511 747 1534 ,
779 1468 834 1523 in
865 1484 973 1539 qua
1000 1478 1130 1525 sunt
1161 1471 1399 1525 tenebra
1421 1513 1435 1537 ,
1470 1473 1688 1527 nemine
1716 1488 1809 1529 eas
1838 1473 2195 1539 illuminante,

619 1575 743 1614 cum
772 1560 883 1615 sint
905 1568 1059 1614 extra
1092 1568 1262 1614 totum
1293 1560 1577 1615 mundum.

695 1648 785 1704 70.
828 1649 963 1704 Cum
998 1650 1193 1703 venerit
1232 1647 1281 1702 F
1284 1650 1409 1702 ilius
1432 1651 1657 1704 hominis
1702 1652 1756 1703 in
1796 1650 1967 1721 glaria
1995 1667 2114 1717 sua,
2147 1661 2195 1705 et

619 1757 795 1794 omnes
823 1741 996 1809 angeli
1045 1757 1160 1794 cum
1200 1757 1279 1807 eo,
1327 1750 1449 1796 tunc
1479 1740 1675 1796 sedebit
1698 1757 1853 1811 super
1885 1742 2058 1796 sedem
2084 1741 2197 1812 gle-

620 1833 717 1889 ria:
742 1849 876 1899 sum,
909 1842 955 1886 et
987 1835 1444 1905 congregabantur
1478 1843 1599 1890 ante
1634 1850 1753 1890 eum
1781 1851 1956 1890 omnes
1999 1844 2195 1907 gentes,

619 1934 674 1977 et
704 1932 898 1978 catera
926 1927 991 1976 θ’.
1019 1924 1363 1981 lndiscussus
1384 1926 1603 1996 quidem
1629 1941 1811 1983 sermo
1833 1928 2049 1983 videtur
2075 1943 2195 1985 esse

621 2010 963 2076 manifestus,
992 2014 1147 2082 quasi
1179 2014 1473 2070 exhortans
1501 2015 1753 2072 homines
1777 2016 1845 2071 ad
1873 2017 2111 2073 dandum
2143 2028 2197 2074 et

619 2102 956 2172 largiendum
978 2146 993 2167 ,
1047 2113 1101 2159 et
1129 2114 1382 2160 avertens
1429 2106 1499 2160 ab
1528 2106 1673 2160 omni
1716 2106 2115 2163 inhumanitate
2142 2120 2197 2166 et

624 2195 900 2262 parcitate.
944 2193 1236 2250 Videamus
1262 2204 1440 2251 tamen
1472 2196 1600 2267 quid
1631 2210 1875 2267 quarere
1892 2205 2105 2267 oportet
2140 2199 2193 2253 in

618 2299 684 2339 eo
710 2294 931 2356 propter
960 2301 1055 2340 eos
1088 2288 1183 2357 qni
1212 2287 1344 2342 nihil
1371 2287 1703 2343 arbitrantur
1731 2288 1877 2343 aliud
1912 2290 1965 2344 in
1996 2304 2062 2345 eo
2089 2290 2195 2345 nisi

617 2376 1048 2433 exhortationem
1085 2378 1458 2436 humanitatis.
1498 2378 1657 2436 Certe
1685 2381 1983 2437 secundum
2008 2391 2061 2437 et
2088 2382 2197 2452 glo-

617 2466 825 2522 riosum
869 2468 1072 2525 Christi
1107 2470 1397 2526 adventum
1445 2470 1562 2527 fore
1602 2472 1771 2528 credit
1804 2473 1984 2527 omnis
2013 2472 2196 2528 Eccle-

620 2558 735 2620 sia,
784 2560 1005 2628 quando
1046 2569 1101 2615 et
1144 2560 1316 2616 Filius
1369 2562 1459 2618 Dei
1510 2563 1604 2633 qui
1655 2573 1971 2634 assumptus
2017 2573 2101 2619 est
2141 2567 2192 2618 in

618 2648 812 2718 gloria,
832 2650 911 2705 sic
936 2666 1060 2706 cum
1087 2652 1257 2722 gloria
1284 2650 1717 2709 huc'revertctur
1746 2655 1799 2709 in
1822 2654 2001 2725 specie
2023 2671 2121 2710 sna
2143 2666 2196 2710 et

617 2740 1022 2813 priilchritudine
1056 2758 1175 2809 sua,
1206 2751 1265 2798 ut
1288 2759 1487 2813 corpus
1513 2746 1633 2814 ejus
1657 2744 1728 2800 sit
1752 2746 1912 2814 quale
1939 2744 2040 2800 fuit
2068 2762 2191 2801 cum

618 2835 1040 2893 trattslormalus
1078 2833 1271 2890 fuisset
1306 2836 1359 2888 in
1392 2845 1575 2891 monte
1610 2851 1794 2891 coram
1824 2837 2000 2893 tribus
2028 2836 2195 2893 disci-

614 2929 758 3000 pulis
783 2930 1268 2985 conscendentibus
1286 2928 1333 2986 ei
1356 2950 1368 2983 :
1397 2937 1454 2983 ut
1471 2927 1583 3001 jam
1609 2944 1716 2985 non
1740 2918 1935 2994 tribus,
1954 2942 2053 2985 nec
2073 2926 2194 2982 aliis

617 3021 828 3088 paucis,
855 3022 946 3075 sed
982 3022 1250 3078 universis
1272 3022 1522 3092 gentibus
1546 3023 1886 3092 congregatis
1915 3029 2040 3075 ante
2067 3035 2192 3075 eum

618 3123 909 3181 appareat,
965 3124 1018 3168 et
1059 3115 1244 3169 sedeat
1288 3130 1450 3183 super
1503 3114 1683 3169 sedem
1734 3113 1922 3183 gloria
1957 3128 2105 3178 sua,
2140 3122 2195 3167 et

2300 829 2672 885 difﬁcultatem
2699 830 2913 900 plenius
2936 840 3175 887 tacentes
3196 831 3688 901 derelinquamus
3715 847 3833 886 eos
3859 836 3941 900 qui

2302 928 2593 975 moventur
2620 920 2674 974 in
2707 920 2826 975 istis
2851 920 2917 973 ad
2949 920 3347 987 lluctuandum,
3377 936 3558 991 pauca
3585 921 3679 976 de
3713 921 3939 981 multis.

2301 1011 2604 1067 secundum
2629 1012 2776 1080 quod
2807 1011 3066 1081 possibile
3086 1019 3188 1078 est,
3214 1028 3588 1082 exponamus.
3638 1010 3935 1067 Existimo

2299 1118 2429 1174 ergo
2464 1103 2722 1172 quoniam
2754 1105 2858 1158 erit
2880 1113 3092 1172 tempus
3115 1105 3381 1160 adventus
3404 1104 3663 1168 Christi,
3696 1106 3934 1173 quando

2302 1204 2453 1250 tanta
2487 1193 2860 1249 manifestatio
2900 1193 3086 1250 futura
3118 1205 3203 1251 est
3229 1195 3434 1250 Christi
3480 1204 3544 1250 et
3584 1195 3930 1251 divinitatis

2298 1286 2439 1356 ejus,
2475 1294 2533 1340 ut
2562 1301 2669 1340 non
2698 1286 2876 1341 solum
2900 1287 3085 1342 nullus
3109 1288 3408 1356 justorum,
3432 1288 3532 1343 sed
3559 1303 3687 1342 nec
3718 1289 3927 1358 aliquis

2300 1388 2653 1448 peccatorum
2688 1380 2899 1449 ignoret
2926 1380 3205 1435 Christum
3234 1381 3542 1438 secundum
3582 1381 3769 1451 quod
3801 1390 3885 1435 est
3906 1422 3920 1445 .

2300 1468 2519 1537 quando
2548 1475 2603 1521 et
2648 1477 2968 1538 peccatores
2992 1481 3327 1539 cognoscent
3363 1471 3418 1525 in
3447 1480 3795 1541 conspectu
3823 1487 3918 1525 suo

2298 1573 2398 1613 sua
2446 1558 2678 1625 delicta,
2737 1568 2792 1614 et
2837 1558 2972 1628 justi
3030 1559 3318 1617 manifeste
3361 1562 3646 1617 videbunt
3697 1563 3911 1618 semina

2293 1651 2519 1721 justitia
2544 1667 2658 1707 sua
2676 1668 2701 1717 ,‘
2723 1651 2790 1706 ad
2818 1651 3033 1719 qualem
3060 1667 3156 1708 eos
3181 1653 3540 1722 perduxerint
3585 1653 3809 1708 finem.
3848 1651 3906 1706 Et

2299 1743 2403 1798 hoc
2423 1751 2507 1797 est
2533 1744 2679 1812 quod
2704 1742 2842 1798 dixit
2867 1762 2880 1797 :
2909 1744 3378 1815 Congregabuntur
3403 1754 3528 1798 ante
3551 1761 3693 1798 eum
3721 1761 3901 1798 omnes

2298 1845 2494 1907 gentes.
2518 1834 2576 1890 Si
2599 1834 2744 1890 enim
2769 1837 2932 1893 modo
2951 1835 3171 1908 quando
3198 1850 3300 1891 nec
3319 1850 3517 1891 omnes
3538 1846 3903 1907 cognoscunt

2229 1895 2268 1951 η
2296 1892 2577 1982 Christum
2605 1892 2919 1985 secundum
2937 1892 3084 2000 quod
3103 1935 3208 1994 est,
3244 1942 3345 1982 nec
3372 1927 3475 1996 ipsi
3499 1892 3903 1996 quivvidentur

2297 2032 2651 2088 cognoscere,
2674 2018 2854 2088 palam
2883 2035 3008 2076 eum
3034 2026 3388 2089 cognoscunt,
3420 2017 3516 2073 sed
3542 2017 3601 2072 in
3626 2017 3753 2073 ﬁde
3782 2028 3899 2072 tan-

2298 2119 2412 2165 tum
2454 2111 2662 2165 intrant
2703 2111 2954 2166 homines
2995 2112 3047 2166 in
3081 2122 3431 2181 conspectum
3475 2109 3636 2180 ejus,
3662 2112 3898 2181 quando

2297 2199 2631 2269 agnitionem
2663 2201 2784 2271 ejus
2811 2201 3087 2272 accipiunt
3108 2216 3204 2271 per
3226 2201 3405 2265 fidem,
3434 2200 3587 2254 sicut
3610 2203 3894 2271 scriptun!

2296 2299 2380 2347 est
2400 2310 2412 2346 :
2435 2290 2641 2347 Intrate
2657 2293 2713 2346 in
2730 2303 3004 2362 conspectu
3022 2293 3136 2362 ejus
3154 2294 3210 2346 in
3229 2292 3891 2363 exsultatione”,quanto

2299 2385 2475 2455 magis
2519 2392 2666 2439 recte
2694 2384 2953 2440 dicuntur
2986 2398 3176 2438 omnes
3206 2391 3393 2453 gentes
3429 2392 3561 2438 ante
3585 2397 3722 2438 eum
3756 2400 3890 2439 con-

2297 2476 2585 2546 greganda
2610 2483 2665 2530 et
2692 2475 3110 2540 constituendae,
3136 2476 3356 2544 quando
3378 2474 3563 2545 palam
3595 2476 3877 2537 omnibus,

2297 2583 2407 2627 tam
2438 2573 2599 2628 bonis
2626 2588 2788 2643 quam
2826 2572 3006 2637 malis,
3037 2582 3146 2626 tam
3172 2571 3421 2627 fidelibus
3451 2586 3619 2641 quam
3646 2571 3877 2626 infideli-

2296 2664 2400 2719 bus
2446 2663 2609 2719 fuerit
2651 2662 2827 2718 factus
2873 2661 3226 2729 manifestus,
3260 2674 3387 2717 ante
3437 2663 3628 2719 oculos
3675 2665 3871 2718 mentis

2295 2769 2486 2807 eorum
2510 2752 2625 2823 jam
2656 2766 2764 2806 non
2805 2751 2926 2806 fidei
2959 2761 3053 2807 aut
3086 2753 3382 2822 diligentia
3416 2753 3652 2823 alicujus
3684 2753 3867 2823 inqui-

2297 2844 2497 2899 sitione
2540 2853 2788 2913 repertus
2812 2884 2826 2908 ,
2863 2843 2955 2898 sed
2993 2844 3166 2913 ipsius
3212 2844 3514 2899 divinitatis
3543 2860 3657 2899 sua
3686 2844 3863 2899 mani-

2295 2933 2584 2991 festatione
2615 2934 2903 3005 prolatus?
2927 2933 3046 2989 Non
3075 2935 3129 2990 in
3164 2935 3350 3005 aliquo
3378 2937 3591 3006 quidem
3618 2937 3738 2991 loco
3760 2950 3863 3005 ap-

2294 3025 2506 3094 parebit
2530 3024 2703 3079 Filius
2734 3023 2827 3079 Dei
2853 3039 2978 3080 cum
3014 3024 3227 3080 venerit
3251 3026 3306 3079 in
3340 3026 3504 3096 gloria
3532 3040 3642 3089 sua,
3674 3024 3729 3076 in
3757 3027 3849 3078 al-

2297 3125 2412 3171 tero
2438 3126 2622 3172 autem
2655 3130 2763 3170 non
2799 3115 3102 3185 apparebit,
3126 3114 3220 3171 sed
3252 3116 3394 3172 sicut
3416 3117 3517 3184 ipse
3543 3112 3839 3168 secundum

620 3213 749 3257 tunc
815 3205 1117 3273 scgregabit
1184 3205 1357 3258 malos
1422 3219 1454 3258 a
1509 3205 1684 3259 bonis.
1766 3204 1958 3258 Utrum
2011 3215 2191 3259 autem
2219 3229 2263 3287 α
2295 3206 2757 3276 comparationem
2795 3205 3025 3277 fulguris
3065 3207 3319 3262 exeuntis
3363 3207 3640 3261 adventum
3683 3218 3853 3258 suum

614 3308 808 3350 omnes
846 3296 914 3349 ab
945 3296 1200 3350 omnibus
1233 3297 1326 3364 qui
1360 3297 1414 3351 in
1454 3297 1709 3351 omnibus
1753 3296 2193 3366 generationibus

614 3387 782 3458 887
815 3386 1017 3441 fuerint
1038 3428 1052 3453 ,
1088 3395 1182 3441 aut
1207 3387 1311 3442 illa
1352 3394 1565 3441 tantum
1608 3401 1728 3457 qua
1759 3388 1815 3442 in
1843 3402 2193 3444 consumma-

617 3480 762 3534 tione
792 3478 999 3533 fucrint
1030 3478 1300 3534 derelicta
1322 3518 1337 3543 ,
1370 3488 1465 3534 aut
1493 3480 1599 3535 illa
1627 3489 1836 3536 tantum
1867 3498 1989 3552 qua
2018 3482 2193 3537 credi-

616 3571 812 3624 derunt
837 3571 889 3623 in
914 3569 1081 3625 Deum
1104 3586 1200 3641 per
1225 3570 1523 3637 Christum,
1543 3581 1596 3627 et
1620 3572 1751 3643 ipsa
1772 3583 1953 3627 utrum
1976 3588 2190 3639 omnes,

617 3675 685 3713 an
723 3676 830 3714 non
866 3675 1091 3726 omnes,
1137 3677 1244 3716 non
1281 3662 1416 3717 satis
1454 3672 1540 3717 est
1578 3662 1950 3719 manifestum.
1984 3665 2189 3720 Tamen

617 3750 946 3821 quibusdam
982 3751 1190 3806 videtur
1221 3752 1288 3807 de
1313 3752 1617 3807 differentia
1650 3768 1837 3808 earnm
1867 3771 1989 3825 qua
2014 3755 2190 3810 credi-

617 3841 838 3905 derunt,
865 3842 979 3895 hac
1004 3856 1126 3896 esse
1151 3842 1314 3897 dicta.
1339 3841 1614 3908 Quantum
1639 3859 1768 3915 ergo
1792 3844 1860 3898 ad
1887 3845 2187 3915 simplicem

618 3940 851 3995 textum,
880 3947 978 3987 nec
1003 3932 1097 4002 qui
1127 3947 1157 3987 a
1188 3933 1394 3989 dextris
1416 3936 1723 3991 consistunt
1747 3935 1851 3989 alia
1877 3951 2043 3990 causa
2072 3936 2189 3989 lan-

613 4021 851 4088 dantur,
884 4032 938 4077 ct
982 4023 1035 4076 in
1069 4035 1428 4094 praparatutn
1465 4041 1692 4095 regnum
1727 4035 2029 4091 vocantur,
2080 4026 2186 4080 nisi

617 4124 840 4183 propter
869 4114 1040 4169 solam
1084 4115 1517 4183 humanitatem;
1553 4130 1653 4171 nec
1675 4116 1771 4186 qui
1804 4124 1932 4171 sunt
1978 4133 2010 4170 a
2055 4116 2188 4171 sini-

616 4204 749 4257 stris
798 4203 903 4258 alia
951 4220 1118 4259 causa
1172 4204 1585 4260 confunduntur
1635 4215 1690 4262 et
1746 4204 2076 4276 deputantur
2130 4206 2183 4259 in

618 4295 797 4363 ignem
821 4336 836 4360 ,
877 4295 980 4348 nisi
1016 4308 1234 4365 propter
1259 4297 1728 4352 inhumanitatem.
1757 4296 1896 4362 Quid
1920 4297 2093 4368 ergo?
2127 4295 2183 4352 Si

617 4387 703 4438 isti
735 4386 827 4454 qui
861 4386 1083 4439 humani
1122 4386 1345 4443 fuerunt
1395 4388 1541 4443 circa
1572 4388 1799 4442 virtutes
1828 4396 2053 4442 cateras
2084 4403 2182 4442 ne-

602 4474 878 4545 gligentes
906 4475 1146 4542 fuerunt,
1167 4485 1571 4546 consequentur
1593 4478 1718 4531 talia
1742 4477 1856 4531 hac
1879 4477 2185 4546 promissa?

2294 3297 2468 3352 voluit
2517 3298 2925 3363 demonstrare,
2960 3297 3148 3353 dicens
3169 3297 3215 3330 ”
3247 3316 3262 3351 :
3302 3296 3366 3351 Si
3403 3298 3634 3351 dixerint
3676 3296 3859 3351 uobis:

2294 3387 2431 3443 Ecce
2460 3388 2516 3441 in
2546 3389 2751 3442 deserto
2770 3427 2788 3453 ,
2833 3387 2997 3443 nolite
3023 3390 3207 3452 exire;
3240 3404 3352 3442 ecce
3381 3389 3437 3440 in
3469 3386 3632 3441 domo
3651 3428 3670 3454 ,
3704 3387 3863 3442 nolite

2292 3481 2503 3536 credere
2534 3497 2553 3536 :
2586 3482 2724 3536 sicut
2746 3482 2886 3535 enim
2918 3480 3101 3551 fulgur
3143 3479 3396 3550 egreditur
3426 3477 3492 3531 ab
3526 3478 3776 3543 oriente,
3813 3489 3860 3531 et

2290 3584 2512 3643 apparet
2542 3589 2705 3643 usque
2732 3573 2802 3627 ad
2827 3573 3176 3637 occidentem,
3215 3570 3287 3623 sic
3317 3569 3416 3622 erit
3442 3566 3702 3622 aduentus
3737 3566 3862 3621 Filii

2289 3664 2538 3718 hominis.
2573 3662 2729 3719 Sicut
2754 3663 2898 3719 enim
2922 3662 3104 3734 fulgur
3134 3660 3416 3732 egrediens
3440 3659 3510 3714 ab
3540 3659 3785 3724 oriente,
3806 3669 3858 3712 et

2288 3762 2570 3824 propterea
2599 3751 2747 3824 quod
2775 3751 2963 3808 omnia
2986 3752 3193 3822 implet,
3217 3760 3442 3820 apparet
3470 3764 3644 3820 usque
3670 3748 3739 3803 ad
3768 3762 3856 3803 oc-

2295 3846 2586 3910 cidentem,
2625 3846 2707 3901 sic
2735 3861 2860 3902 cum
2889 3844 3102 3902 venerit
3138 3843 3396 3898 Christus
3430 3842 3484 3896 in
3513 3840 3682 3912 gloria
3720 3856 3815 3896 sua
3836 3879 3853 3904 ,

2289 3946 2680 4008 proptereaque
2722 3937 2923 4005 ubique
2967 3934 3187 3989 futurus
3229 3943 3345 3998 est,
3379 3944 3436 3987 et
3462 3932 3580 4002 ipse
3627 3931 3679 3985 in
3721 3946 3853 3985 con-

2288 4038 2473 4098 spectu
2505 4028 2751 4082 omnium
2779 4027 2883 4081 erit
2915 4026 3139 4095 ubique,
3168 4031 3224 4079 et
3246 4039 3438 4079 omnes
3467 4023 3668 4093 ubique
3693 4033 3851 4077 erunt

2288 4119 2341 4172 in
2368 4128 2662 4188 conspectu
2688 4118 2882 4187 ipsius,
2904 4126 2957 4171 et
2980 4116 3060 4171 sic
3085 4115 3490 4171 constituentur
3518 4123 3643 4168 ante
3672 4112 3850 4167 sedem

2285 4210 2469 4279 gloria
2495 4209 2649 4279 ejus,
2680 4210 2785 4264 hoc
2833 4215 2919 4262 est
2958 4214 3084 4261 ante
3122 4217 3349 4275 regnum
3382 4203 3507 4272 ejus
3540 4210 3595 4256 et
3623 4209 3851 4271 potesta-

2288 4311 2391 4355 tem
2422 4298 2812 4355 dominationis
2837 4296 3031 4368 ipsius.
3058 4293 3227 4350 Sedes
3249 4302 3431 4348 autem
3453 4291 3572 4362 ejus
3594 4300 3686 4345 aut
3710 4300 3847 4346 certe

2285 4394 2510 4464 quidam
2536 4390 2890 4462 perfectiores
2916 4397 3229 4445 sanctorum
3265 4384 3545 4451 dicuntur,
3572 4382 3639 4437 de
3657 4381 3844 4452 quibus

2286 4485 2549 4555 scriptum
2576 4493 2660 4539 est
2683 4483 2729 4516 “
2765 4500 2778 4537 :
2817 4481 3079 4547 Quoniam
3115 4479 3228 4533 illic
3247 4477 3497 4531 sederunt
3517 4475 3660 4528 sedes
3687 4475 3746 4527 in
3760 4474 3842 4541 ju-

600 4574 708 4619 aut
731 4564 807 4618 illi
830 4567 924 4635 qui
952 4582 1059 4620 non
1085 4565 1306 4621 luerunt
1327 4568 1574 4633 humani,
1598 4568 1643 4622 si
1673 4568 1808 4622 alias
1828 4568 2185 4638 impleverunt
2216 4572 2258 4625 ι)
2286 4578 2427 4630 dicio
2454 4592 2472 4639 ;
2500 4583 2596 4630 aut
2619 4574 2868 4644 quadam
2896 4572 3125 4627 virtutes
3146 4569 3420 4640 angelica,
3451 4568 3520 4622 de
3544 4566 3745 4636 quibus
3763 4566 3837 4621 di-

604 4656 865 4723 virtutes,
897 4658 1169 4713 maledicti
1199 4668 1361 4713 erunt
1391 4659 1635 4725 omnino,
1666 4669 1720 4715 et
1747 4660 1799 4713 in
1830 4660 2008 4729 ignem
2056 4673 2185 4715 sunt

606 4748 1034 4814 condemnandi,
1062 4757 1117 4804 et
1145 4750 1249 4805 hoc
1276 4766 1400 4805 cum
1426 4752 1545 4821 ipso
1569 4752 1784 4807 diabolo
1812 4752 1836 4805 ?
1866 4749 2028 4807 Vides
2052 4769 2183 4824 ergo

608 4838 738 4905 quia
797 4841 1163 4896 necessariam
1216 4842 1377 4898 habet
1427 4845 1746 4913 sapientiam
1797 4861 1995 4901 sermo.
2048 4845 2179 4901 item

614 4931 956 4983 tractandum
984 4940 1067 4986 est
1090 4941 1271 4988 utrum
1303 4934 1356 4988 in
1381 4934 1501 4989 loco
1526 4933 1743 4991 futurus
1773 4945 1857 4991 est
1885 4936 2181 4993 Salvatoris

613 5016 879 5073 adventus
908 5019 963 5073 in
1006 5022 1234 5091 gloriam
1262 5066 1277 5091 ,
1312 5040 1383 5080 an
1412 5026 1638 5081 alteram
1669 5028 2059 5098 expositionem
2091 5030 2184 5084 de-

596 5110 806 5166 bemus
839 5116 1144 5182 exquirere.
1184 5115 1319 5182 Quis
1360 5119 1507 5173 enim
1539 5119 1643 5173 erit
1675 5119 1964 5186 locusille,
1996 5128 2056 5175 ut
2087 5134 2180 5175 ca-

611 5202 727 5272 piat
748 5201 804 5255 in
830 5217 941 5257 uno
970 5216 1193 5273 aspectu
1218 5216 1273 5261 et
1295 5222 1487 5264 omnes
1511 5209 1731 5280 angelos
1755 5211 2033 5265 venientes
2056 5225 2179 5266 cum

610 5295 833 5353 Christo
877 5306 931 5353 et
975 5312 1166 5356 omnes
1210 5311 1396 5371 gentes
1430 5302 1540 5358 illic
1567 5304 1966 5375 congregatas?
1993 5301 2060 5356 Et
2114 5302 2182 5357 de

610 5390 739 5444 sede
755 5388 941 5459 gloria
956 5391 1076 5460 ejus
1096 5392 1225 5462 quid
1251 5403 1336 5449 est
1358 5394 1647 5450 dicendum
1665 5396 1691 5450 τ
1711 5394 1877 5451 Putas
1900 5395 2182 5464 corporale

614 5480 835 5550 aliquod
870 5481 1189 5539 subsellium
1227 5486 1333 5539 erit
1356 5486 1379 5539 τ
1405 5486 1489 5540 An
1523 5487 1688 5542 etiam
1717 5486 1822 5541 hoc
1857 5500 1995 5555 opus
2027 5485 2187 5540 habet

616 5570 1063 5642 interpretatione
1091 5577 1413 5632 subtiliore?
1434 5575 1720 5648 Propterea
1744 5578 1836 5648 qui
1859 5577 1973 5632 vnit
2002 5576 2183 5632 omnia

616 5785 726 5909 “3"
758 5785 948 5840 Matth.
985 5803 1108 5851 xxv,
1142 5787 1228 5856 3|,
1262 5791 1349 5846 52.
1427 5794 1471 5824 ’³
1502 5792 1645 5850 Psal.
1677 5807 1823 5855 ποις,
1851 5793 1903 5845 2.

2286 4667 2429 4723 citur
2458 4666 2506 4699 “
2539 4683 2553 4720 :
2590 4664 2710 4720 Sive
2746 4664 2926 4727 sedes,
2974 4663 3081 4717 sive
3118 4660 3526 4716 dominationes.
3575 4657 3717 4728 Ergo
3752 4672 3835 4712 res

2288 4757 2610 4816 saculorum
2650 4755 2797 4811 Deus
2838 4753 3074 4810 Verbum
3095 4792 3111 4818 ,
3147 4752 3240 4823 qui
3268 4752 3322 4806 in
3356 4749 3535 4805 forma
3565 4747 3736 4803 factus
3765 4754 3837 4803 est

2287 4850 2545 4916 hominis,
2565 4847 2774 4903 sedebit
2795 4861 2956 4914 super
2976 4842 3288 4914 bujusmodi
3305 4841 3487 4897 sedem
3513 4840 3694 4912 gloria
3707 4852 3836 4899 sua;

2286 4951 2339 4996 et
2368 4939 2843 5010 congregabuntur
2878 4936 2944 4990 ad
2978 4947 3104 4989 eum
3142 4946 3333 4987 omnes
3366 4938 3553 5001 gentes
3583 4928 3695 4999 jam
3738 4942 3834 4982 non

2283 5031 2544 5101 dispersae
2587 5030 2639 5082 in
2673 5025 3015 5097 dogmatibus
3058 5023 3211 5079 falsis
3244 5030 3299 5076 et
3339 5021 3527 5075 multis
3565 5020 3632 5074 de
3658 5032 3761 5081 eo;
3789 5025 3838 5071 et

2284 5121 2366 5176 sic
2405 5125 2569 5173 erunt
2618 5124 2744 5171 ante
2788 5130 2951 5179 eum,
3013 5121 3071 5168 ut
3121 5127 3227 5166 non
3279 5109 3525 5163 localiter
3567 5106 3837 5161 audiamus

2284 5222 2476 5264 omnes
2504 5215 2691 5277 gentes
2718 5204 2832 5259 ﬁeri
2860 5210 2988 5257 aute
3007 5217 3155 5269 eum,
3183 5203 3324 5257 sicut
3354 5215 3456 5254 nec
3488 5196 3723 5251 localiter
3747 5210 3837 5246 au-

2283 5301 2466 5356 dimus
2487 5297 2667 5368 justos
2691 5310 2755 5350 ea
2783 5294 3027 5350 dicturos
3047 5307 3170 5363 qua:
3198 5301 3327 5349 sunt
3353 5288 3575 5345 dicturi.
3597 5283 3833 5352 Quadiu

2284 5404 2416 5461 ergo
2449 5387 2663 5444 confusi
2694 5396 2823 5443 sunt
2856 5384 3052 5454 iniqui,
3088 5400 3188 5439 nec
3216 5399 3277 5438 se
3307 5385 3710 5452 cognoscentes,
3744 5389 3834 5429 nec

2286 5480 2588 5545 Christum,
2621 5476 2716 5533 sed
2752 5476 2807 5530 in
2835 5475 3117 5531 erroribus
3146 5468 3525 5529 intenebricati
3553 5475 3786 5524 tenentur
3815 5482 3831 5518 :

2287 5582 2342 5627 et
2370 5568 2508 5642 justi
2552 5564 2793 5639 quandiu
2837 5579 2933 5635 per
2962 5563 3242 5634 speculum
3287 5572 3342 5617 et
3373 5561 3428 5616 in
3460 5558 3736 5629 anigmate
3761 5555 3830 5606 vi-

2004 5788 2050 5824 "
2077 5787 2267 5845 Matth.
2301 5800 2447 5851 xxiv,
2483 5781 2554 5861 26
2619 5788 2674 5835 et
2699 5788 2852 5845 seqq.
2927 5772 2972 5804 ”
2998 5769 3143 5827 Psal.
3174 5784 3322 5838 cui,
3353 5769 3405 5824 5.
3483 5768 3530 5800 "
3561 5765 3761 5822 Coloss.
3792 5779 3834 5832 ι,
