4052 6304
219 314 369 369 I713

1380 305 2032 366 COMMENTARIORUM
2077 307 2342 363 SERIES.

3343 317 3480 373 17M

223 438 365 493 dent
386 436 454 501 ’⁷,
488 442 543 490 et
571 449 635 490 ex
665 444 817 505 parte
846 433 1056 504 seipsos
1086 443 1441 503 cognoscunt,
1470 449 1578 489 non
1606 448 1796 489 secun-
1830 433 1878 490 Δ
1903 428 2033 485 teris
2059 446 2181 499 quae
2213 440 2441 500 possunt
2470 439 2523 486 et
2554 430 2608 486 in
2648 446 2842 488 manus
2871 432 3154 489 hominum
3183 436 3324 493 male
3357 455 3478 494 mo-

225 528 364 584 dum
410 526 555 597 quod
600 541 726 581 vere
762 533 931 591 sunt;
984 524 1169 579 tandiu
1216 541 1323 580 non
1365 533 1494 579 stant
1539 524 1804 596 segregati

234 618 368 673 boni
400 632 431 672 a
462 617 662 682 ntalis;
699 630 822 671 cum
855 622 1035 668 autem
1067 623 1287 684 propter
1312 613 1803 669 manifestalionem

231 710 332 764 filii
362 709 455 763 Dei
483 722 674 762 omnes
713 705 780 760 ad
812 704 1143 760 intellectum
1186 705 1435 760 venerint
1462 720 1645 768 suum,
1675 714 1806 759 tunc

233 801 489 856 Salvator
514 797 818 870 scgregabit
841 796 1015 852 bonos
1040 812 1071 852 a
1098 797 1275 853 malis.
1310 796 1451 853 Oves
1471 805 1649 851 autem
1676 796 1803 852 dicti

231 904 365 948 sunt
408 892 500 961 qui
551 891 830 946 salvantur
881 898 1099 959 propter
1136 889 1607 944 mansuetudinem
1640 904 1802 959 quam

232 984 548 1038 didicerunt
576 980 646 1035 ab
665 996 731 1035 eo
753 980 844 1050 qui
873 980 1006 1034 dicit
1028 978 1107 1031 '3:
1140 978 1336 1033 Discite
1357 996 1389 1032 α
1414 994 1492 1032 me
1511 980 1638 1049 quia
1662 978 1804 1032 mitis

231 1089 355 1126 sum
380 1082 430 1127 et
458 1071 675 1125 humilis
708 1070 883 1133 corde,
907 1078 961 1125 et
986 1078 1203 1139 propter
1229 1069 1374 1138 quod
1403 1084 1579 1138 usque
1608 1069 1674 1124 ad
1705 1084 1803 1125 oc-

230 1161 497 1217 cisionem
527 1159 703 1229 parati
738 1158 958 1213 fuerunt
988 1158 1172 1213 venire
1202 1158 1476 1212 imitantes
1500 1157 1802 1225 Christum,

230 1255 332 1324 qui
377 1255 520 1310 sicut
547 1253 664 1309 ovis
709 1252 776 1307 ad
816 1252 1144 1308 occisionem
1188 1251 1383 1307 ductus
1414 1259 1531 1317 est,
1566 1261 1619 1307 et
1664 1252 1807 1308 sicut

230 1362 411 1417 agnus
439 1360 625 1401 coram
662 1344 916 1400 tondente
949 1360 1008 1400 se
1038 1344 1157 1400 sine
1181 1361 1346 1412 voce;
1373 1353 1428 1400 et
1457 1360 1564 1400 non
1597 1344 1806 1413 simpli-

230 1439 372 1492 citer
406 1436 525 1491 sine
561 1452 724 1504 voce,
753 1436 847 1491 sed
881 1451 1063 1492 coram
1097 1436 1351 1491 tondente
1382 1451 1442 1492 se
1473 1435 1592 1491 sine
1635 1450 1801 1501 voce,

232 1531 288 1584 id
312 1538 391 1584 est
422 1543 606 1584 coram
632 1527 909 1583 auferente
931 1545 1054 1598 quae
1075 1539 1203 1583 sunt
1224 1528 1397 1599 ipsius
1417 1536 1471 1583 et
1494 1528 1801 1597 diripiente.

232 1620 385 1677 ιιτειιι
407 1630 588 1676 autem
611 1620 867 1675 dicuntur
892 1619 1041 1683 mali,
1062 1620 1188 1690 quia
1212 1634 1404 1690 aspera
1427 1627 1483 1674 et
1502 1619 1642 1674 dura
1668 1634 1803 1674 saxa

232 1714 380 1769 male
412 1710 734 1776 ascendunt,
765 1720 819 1766 et
850 1728 944 1782 per
976 1712 1269 1781 prmeipitia
1297 1726 1489 1767 eorum
1522 1710 1798 1766 incedunt.
1839 1747 1883 1802 Β

232 1806 330 1862 Sic
356 1806 596 1876 intellige
626 1805 757 1859 mihi
790 1812 846 1859 et
877 1813 1098 1860 sanctos
1136 1822 1168 1859 a
1208 1804 1453 1869 dextris,
1490 1803 1582 1873 qui
1612 1802 1801 1858 dextra

230 1910 401 1966 opera
429 1895 640 1967 operati
666 1903 825 1959 sunt,
858 1904 913 1950 et
948 1895 1161 1964 plenius
1192 1905 1321 1951 sunt
1347 1894 1597 1950 conversi
1626 1895 1691 1951 ad
1714 1895 1803 1965 ju-

231 1986 472 2052 stitiam,
518 2001 641 2055 quae
681 1999 895 2055 semper
922 2001 952 2040 a
990 1985 1195 2041 dextris
1236 1995 1320 2042 est
1347 1983 1465 2041 Dei.
1511 1983 1802 2056 Propterea

234 2079 540 2131 secundum
577 2076 890 2146 dignitatem
919 2084 1138 2130 actuum
1169 2091 1391 2131 suorum
1422 2076 1737 2132 dextrorum
1772 2094 1804 2133 a

231 2167 443 2221 dextris
470 2166 797 2233 consistunt,
826 2174 881 2220 et
908 2176 1232 2236 acceperunt
1258 2168 1557 2223 mercedem
1585 2182 1802 2224 suorum

233 2259 578 2324 dextrorum,
606 2258 851 2313 dextram
886 2258 1050 2328 regis,
1082 2258 1134 2312 in
1165 2274 1269 2329 qua
1305 2258 1522 2327 requies
1554 2268 1609 2319 ct
1634 2261 1802 2331 gloria

233 2358 340 2401 est.
378 2346 479 2411 Qui
508 2357 686 2401 autem
722 2346 787 2400 ad
820 2347 1228 2417 perversitatem
1258 2348 1378 2403 vita:
1410 2349 1621 2417 seipsos
1649 2366 1806 2420 sepa-

237 2445 501 2491 raverunt
525 2452 557 2491 a
582 2436 787 2491 dextris
813 2447 1031 2507 propter
1061 2453 1220 2506 opera
1262 2454 1358 2494 sua
1389 2441 1623 2508 pessima
1653 2452 1705 2494 et
1731 2443 1805 2496 si-

235 2530 431 2594 nistra,
462 2527 778 2583 ceciderunt
808 2529 861 2582 in
899 2528 1207 2593 sinistram,
1240 2529 1290 2583 id
1321 2539 1405 2585 est
1442 2531 1495 2585 in
1527 2532 1802 2587 tristitiam

231 2629 633 2676 tormentorum
657 2621 921 2687 damnati,
949 2631 1166 2691 propter
1187 2624 1331 2693 quod
1354 2640 1384 2679 a
1412 2626 1651 2683 sinistris
1675 2644 1804 2683 con-

232 2710 458 2764 sistunt.
493 2709 647 2765 Tunc
678 2710 821 2765 dicet
853 2711 919 2765 ad
945 2725 1042 2764 eos
1066 2712 1160 2781 qui
1184 2720 1312 2767 sunt
1333 2729 1363 2767 a
1383 2714 1553 2786 888
1576 2717 1801 2784 dextris,

241 2799 484 2855 invilaus
514 2816 610 2856 eos
642 2800 708 2855 ad
737 2814 795 2855 se
826 2819 840 2854 :
879 2799 1081 2866 Venite,
1112 2811 1171 2856 ut
1197 2804 1459 2873 quidquid
1488 2806 1669 2861 minus
1688 2805 1803 2862 fue-

231 2898 322 2944 rat
348 2891 429 2946 eis
449 2930 463 2951 ,
514 2906 637 2945 cum
673 2889 966 2960 perfectius
994 2893 1132 2948 uniti
1162 2892 1365 2950 fuerint
1391 2894 1630 2963 Christo,
1668 2914 1804 2953 cou-

232 2990 538 3051 sequantur
565 2983 844 3040 audientes
871 3003 883 3039 :
932 2983 1132 3055 Venite,
1161 2996 1216 3042 et
1245 2987 1524 3045 facientes.
1563 2989 1692 3046 Tale
1723 3002 1807 3047 est

229 3072 379 3143 quod
413 3074 547 3128 dicit
582 3073 956 3166 apudLueam
978 3078 1063 3133 °’:
1098 3079 1317 3148 Auferte
1340 3082 1593 3136 talentum
1624 3084 1689 3137 ab
1720 3101 1801 3150 eo,
1833 3114 1872 3166 ο

229 3175 278 3220 et
305 3165 427 3221 date
452 3166 500 3220 ei
526 3167 616 3237 qui
656 3165 808 3221 habet
849 3167 1045 3222 decem.
1087 3168 1273 3225 Omnis
1306 3173 1445 3225 enim
1485 3174 1576 3243 qui
1612 3174 1800 3242 habet,

231 3256 457 3311 addatur
482 3260 575 3312 ei:
612 3260 702 3329 qui
745 3268 920 3315 autem
951 3276 1056 3313 non
1102 3261 1278 3326 habet,
1320 3273 1371 3317 et
1413 3264 1554 3334 quod
1602 3267 1805 3321 videtur

232 3347 442 3417 habere,
477 3349 747 3420 auferetur
783 3350 846 3410 ab
890 3368 967 3406 eo.
1018 3349 1187 3408 Vocat
1216 3364 1395 3409 autem
1425 3356 1549 3412 illos
1580 3357 1795 3413 benedi-

233 3449 352 3495 ctos
384 3440 580 3509 Patris,
611 3441 795 3496 addito
824 3441 1082 3497 benedicti
1117 3443 1300 3500 Patris
1331 3449 1452 3513 mei,
1478 3458 1539 3503 ut
1561 3450 1806 3505 eminen-

235 3532 312 3586 tia
342 3533 734 3588 benedictionis
759 3550 948 3590 eorum
980 3537 1381 3602 manifestetur,
1411 3540 1503 3607 qui
1539 3539 1805 3596 benedicti

235 3630 365 3677 sunt
409 3638 437 3672 a
491 3619 721 3676 Domino
778 3624 870 3692 qui
926 3623 1054 3678 fecit
1102 3625 1301 3679 cmlum
1362 3636 1416 3679 et
1465 3634 1701 3693 terram;
1752 3638 1807 3683 et

237 3711 466 3767 forsitan
513 3713 640 3781 quia
682 3722 811 3768 sunt
858 3715 1025 3784 aliqui
1069 3716 1355 3772 inferiores
1402 3718 1495 3788 qui
1541 3718 1807 3776 benedicti

236 3804 456 3876 quidem
488 3814 636 3870 sunt,
665 3822 773 3861 non
809 3815 987 3862 autem
1017 3805 1213 3863 Patris.

311 3896 399 3950 71.
434 3896 671 3966 Accipite
704 3913 917 3967 regnum
952 3899 1089 3962 quod
1119 3899 1263 3954 vobis
1293 3912 1652 3971 praeparatum
1674 3914 1751 3959 est
1775 3922 1809 3959 a

239 3990 612 4044 constitutione
628 3990 808 4043 mundi
840 3990 878 4043 ⁸.
904 3988 1056 4057 Quod
1094 3991 1147 4046 in
1180 3992 1376 4049 Latino
1405 3994 1587 4059 habet,
1617 4013 1651 4065 μ
1678 4013 1807 4051 con-

240 4081 516 4135 stitutione
548 4081 752 4148 mundi,
784 4082 836 4137 in
867 4080 1055 4137 Graeco
1087 4084 1168 4140 sic
1197 4085 1397 4141 habet:
1426 4103 1458 4140 α
1486 4087 1808 4155 depositione

243 4172 460 4238 mundi,
508 4174 878 4229 etsecundum
926 4173 1174 4230 Graecum
1227 4191 1532 4232 sermonem
1588 4179 1810 4249 exponit

240 4278 362 4331 qua:
389 4265 688 4320 secundum
713 4264 966 4323 Latinum
996 4281 1104 4321 non
1134 4268 1490 4324 conveniebat
1513 4274 1805 4341 exponere.

240 4353 419 4421 Quare
463 4365 642 4412 autem
688 4360 911 4415 nomine
957 4360 1315 4430 depositionis
1356 4361 1436 4435 de.
1469 4363 1673 4417 mundo
1701 4361 1809 4418 fre-

1907 533 2149 577 ratorum
2178 523 2383 589 venire,
2401 533 2456 579 et
2483 525 3028 592 calumniatorum,ct
3057 527 3308 584 novitatis
3328 546 3480 585 ama-

1907 621 2107 680 torum,
2144 629 2250 669 non
2291 623 2374 670 est
2405 616 2733 686 religiosum,
2780 625 2840 670 ut
2879 631 2947 671 ne
2990 618 3292 687 margaritae
3314 622 3477 678 nimis

1905 712 2210 773 exoperata:
2229 711 2355 760 ante
2382 719 2576 775 porcos
2604 705 2907 769 mittantur,
2928 720 3100 775 neque
3122 715 3309 762 sancta
3336 709 3478 763 eani-

1906 795 2009 851 bus
2037 797 2233 851 dentur
2253 798 2297 849 ².

1977 886 2067 942 72.
2094 886 2339 952 Esurivi,
2374 897 2424 942 et
2452 889 2674 943 dedistis
2716 889 2843 942 mihi
2889 889 3241 954 manducare,
3279 899 3331 945 et
3372 906 3477 944 ca:-

1908 986 2021 1033 tera
2050 978 2092 1034 ³.
2129 975 2354 1033 Videtur
2385 978 2518 1033 mihi
2551 993 2645 1047 per
2670 978 2784 1033 haec
2805 1019 2819 1043 ,
2844 978 2971 1047 quia
2995 993 3102 1032 non
3134 979 3294 1034 unius
3323 979 3477 1049 justi-

1908 1068 1995 1124 tite
2025 1068 2235 1137 species
2283 1078 2696 1132 remuneratur,
2748 1068 2890 1123 sicut
2936 1069 3252 1123 existimant
3295 1070 3473 1124 multi.

1908 1160 2219 1215 Absurdqu
2269 1168 2353 1214 cst
2377 1158 2521 1214 enim
2572 1159 2707 1212 nihil
2741 1159 2885 1213 aliud
2920 1158 3218 1229 intelligere
3262 1160 3474 1216 virtutis

1909 1252 1962 1306 in
1989 1266 2054 1307 eo
2079 1251 2170 1322 qui
2202 1251 2275 1306 ita
2308 1262 2706 1318 remuneratur,
2724 1250 2825 1305 nisi
2864 1258 3071 1304 tantum
3108 1253 3475 1305 communica-

1909 1343 2110 1397 tionem
2136 1342 2511 1398 humanitatis.
2535 1340 2652 1396 Non
2673 1343 2816 1396 enim
2847 1343 2948 1398 hoc
2971 1341 3203 1397 dicimus
3227 1351 3285 1398 ut
3307 1344 3475 1412 negli-

1906 1434 2124 1504 gentius
2152 1434 2469 1489 Studeamus
2502 1433 2918 1498 humanitatem,
2956 1448 3079 1487 cum
3109 1433 3179 1488 sit
3221 1435 3474 1489 omnibus

1906 1525 2156 1579 fidelibus
2181 1525 2452 1596 praecipue
2480 1522 2842 1592 observanda,
2872 1523 2966 1579 sed
2996 1534 3056 1579 ut
3084 1526 3264 1579 omnia
3293 1541 3476 1595 aequa-

1906 1615 2031 1673 liter
2057 1626 2153 1672 aut
2182 1626 2240 1671 ut
2265 1632 2401 1687 pene
2428 1616 2708 1687 aqualiter
2737 1615 3074 1683 studeamus,
3105 1627 3165 1670 ut
3191 1625 3472 1686 propterea

1905 1722 1975 1761 ex
2022 1707 2280 1763 omnibus
2311 1723 2527 1763 omnem
2564 1709 2993 1764 benedictionem
3025 1708 3386 1779 percipiamus
3420 1710 3471 1762 in

1908 1797 2224 1854 caelestibus
2256 1800 2311 1852 in
2354 1798 2575 1854 Christo
2603 1797 2753 1854 Jesu.
2800 1798 3041 1854 Primum
3072 1810 3249 1853 autem
3295 1801 3473 1855 scien-

1887 1887 2037 1942 ‘dum
2068 1897 2151 1944 est
2184 1889 2465 1960 quoniam,
2497 1889 2658 1957 sicut,
2692 1900 2954 1962 quantum
2985 1892 3053 1946 ad
3089 1900 3292 1946 textum
3317 1932 3331 1956 ,
3366 1906 3472 1945 nou

1908 1979 2103 2036 sufﬁcit
2118 1981 2185 2035 ad
2201 1984 2636 2051 consequendam
2660 1981 2807 2053 regni
2827 1982 3063 2038 ctelestis
3085 1983 3471 2045 Inereditatcm,

1907 2070 2039 2126 dare
2063 2071 2434 2127 esurientibus
2469 2072 2820 2138 manducare,
2853 2072 2958 2127 nisi
2988 2082 3040 2127 et
3071 2084 3263 2127 cmtera
3286 2071 3476 2128 feceri-

1909 2175 2032 2214 mus
2056 2175 2179 2231 quae
2199 2160 2627 2231 subsequuntur,
2653 2161 2732 2218 sic
2763 2178 2869 2216 non
2899 2163 3154 2232 possibile
3178 2163 3360 2217 omnia
3386 2164 3472 2216 illa

1909 2252 2209 2307 secundum
2241 2261 2447 2308 textum
2476 2254 2729 2325 implere,
2759 2256 2900 2310 sicut
2930 2256 3244 2314 existimant
3281 2256 3432 2312 multi
3457 2298 3472 2322 ,

1910 2341 2012 2395 nisi
2043 2357 2111 2395 ex
2140 2348 2294 2411 parte
2337 2342 2608 2413 egerimus
2646 2353 2836 2400 contra
2865 2344 2960 2401 Dei
2998 2345 3333 2401 mandatum.
3369 2346 3473 2401 Ne-

1907 2446 2060 2488 cessc
2088 2443 2172 2488 est
2212 2447 2337 2488 eum
2369 2442 2420 2487 et
2455 2444 2821 2503 quaestuosum
2852 2452 3005 2501 esse,
3051 2446 3109 2491 ut
3149 2437 3238 2491 det
3269 2439 3472 2501 cibum,

1909 2533 1962 2578 et
1994 2533 2180 2594 potum
2203 2566 2219 2591 ,
2248 2533 2303 2579 et
2325 2527 2708 2581 vestimentum
2738 2527 2957 2582 Christo
2989 2530 3273 2595 esurienti,
3308 2542 3361 2586 et
3398 2533 3475 2586 si-

1909 2617 2091 2685 tienti,
2126 2627 2180 2673 et
2209 2618 2408 2690 algenti
2443 2620 2496 2674 in
2528 2621 2765 2685 sanctis,
2800 2631 2861 2676 ut
2900 2622 3005 2678 hoc
3038 2624 3201 2678 modo
3234 2635 3286 2679 et
3321 2641 3475 2693 pcre-

1907 2710 2119 2781 grinam
2149 2726 2274 2766 eum
2315 2711 2550 2781 colligat,
2582 2722 2636 2767 et
2662 2713 2936 2769 infirmum
2972 2715 3169 2780 visitet,
3207 2725 3259 2771 et
3287 2728 3371 2773 eat
3409 2719 3475 2772 ad

1909 2817 2037 2857 eum
2074 2802 2127 2856 in
2155 2818 2453 2859 carcerem.
2488 2801 2621 2859 Vere
2653 2814 2833 2859 autem
2870 2806 2985 2861 sive
3018 2808 3313 2861 sectandum
3342 2808 3477 2862 sim—
3526 2818 3527 2821 ‘

1909 2892 2135 2962 pliciora
2173 2901 2229 2947 et
2261 2893 2565 2963 corporalia
2597 2893 2735 2948 bene
2767 2892 2908 2949 facta
2941 2894 3331 2965 intelligamus,
3366 2898 3478 2953 sive

1910 2983 2211 3037 secundum
2245 2984 2511 3053 spiritalia
2536 3024 2551 3049 ,
2578 2995 2782 3040 certum
2812 2995 2894 3041 est
2922 2990 3178 3056 quoniam
3213 2989 3327 3043 sive
3354 2990 3476 3056 hoc,

1910 3073 2025 3129 sive
2068 3074 2161 3129 illo
2206 3079 2368 3131 modo
2414 3076 2539 3146 quis
2584 3075 2748 3131 faciat
2775 3092 2913 3146 opus
2943 3077 3145 3132 bonum
3179 3087 3233 3133 et
3277 3081 3480 3135 nutriat

1907 3164 2119 3223 animas
2134 3168 2468 3238 spiritalibus
2489 3170 2645 3234 cibis,
2661 3170 2775 3226 sive
2792 3171 3223 3242 qualemcunque
3246 3173 3476 3241 speciem

1907 3257 2036 3313 boni
2081 3258 2262 3328 operis
2305 3261 2430 3329 quis
2479 3260 2640 3315 fuerit
2689 3272 2943 3330 operatus
2993 3274 3211 3333 propter
3264 3263 3429 3319 Deum
3460 3309 3507 3337 ,ν

1905 3345 2128 3403 Christo
2170 3348 2431 3404 esurienti
2481 3357 2535 3404 et
2563 3350 2765 3405 sitienti
2813 3351 2905 3406 dat
2955 3352 3134 3406 cibum
3180 3361 3233 3405 et
3267 3362 3475 3420 potum.

1909 3438 2035 3493 Sive
2065 3455 2186 3510 qua:
2218 3438 2450 3497 facimus
2481 3442 2685 3497 sanctis
2717 3443 2810 3512 qui
2843 3452 2970 3498 sunt
3012 3443 3205 3498 divites
3235 3444 3439 3498 meritis
3459 3485 3475 3510 ,

1908 3546 2172 3599 pauperes
2200 3531 2383 3595 rebus,
2409 3531 2525 3586 sive
2548 3534 2599 3586 in
2630 3534 2963 3602 quibuslibet
2991 3535 3082 3603 qui
3110 3534 3320 3590 meritis
3342 3550 3477 3606 pau—

1910 3635 2067 3688 peres
2102 3628 2265 3687 sunt,
2296 3621 2399 3676 etsi
2431 3619 2635 3676 fuerint
2661 3621 2853 3677 divites
2885 3624 3068 3689 rebus,
3104 3625 3216 3679 sive
3257 3627 3307 3679 in
3343 3642 3479 3695 qua-

1912 3707 2276 3776 libuscunquc
2303 3706 2487 3762 causis
2518 3707 2834 3762 mandatum
2871 3709 3071 3764 Christi
3106 3711 3230 3779 quis
3256 3713 3489 3777 fecerit,

1907 3796 2181 3851 Christum
2207 3797 2349 3852 cibat
2373 3807 2425 3851 et
2455 3807 2623 3868 potat,
2648 3800 2739 3869 qui
2766 3799 3003 3855 fidelium
3022 3801 3290 3870 justitiam
3311 3812 3364 3857 et
3387 3820 3476 3858 ve-

1909 3888 2124 3942 ritatem
2155 3889 2450 3943 manducet
2476 3897 2530 3943 et
2563 3890 2719 3944 bibit.
2749 3889 2880 3945 Item
2906 3891 3183 3946 Christum
3210 3893 3473 3961 algentem

1909 3981 2145 4037 teximus
2174 3983 2516 4050 vestimento,
2548 3982 2875 4052 accipientes
2902 3985 3181 4053 sapientiae
3214 3996 3473 4041 tecturam

1908 4089 1937 4126 a
1980 4072 2109 4141 Deo,
2140 4083 2197 4129 ut
2228 4090 2321 4144 per
2358 4075 2665 4130 doctrinam
2710 4075 2925 4145 aliquos
2954 4078 3247 4133 doceamus
3267 4118 3282 4145 ,
3311 4087 3364 4132 ct
3397 4078 3476 4137 ιιι-

1909 4167 2141 4223 duamus
2170 4182 2264 4223 eos
2290 4168 2499 4223 viscera
2529 4168 2938 4234 misericordiat,
2965 4169 3294 4233 castitatem,
3323 4186 3479 4227 man—

1911 4255 2279 4325 suetudinem,
2303 4257 2687 4327 humilitatem,
2708 4268 3041 4330 eanterasque
3063 4260 3286 4317 virtutes
3312 4279 3327 4316 :
3357 4279 3478 4332 quze

1910 4361 2101 4402 omnes
2129 4348 2357 4405 virtutes
2381 4348 2642 4419 spiritalia
2674 4360 2801 4405 sunt
2827 4351 3146 4411 vestimenta
3167 4368 3355 4408 eorum
3383 4356 3478 4423 qui

241 4457 468 4517 quenter
516 4458 743 4503 utuntur
786 4448 1119 4520 Scriptura,
1166 4451 1309 4508 sicut
1349 4460 1404 4506 et
1447 4452 1537 4507 hic
1570 4452 1803 4509 dicens:

1913 4438 2140 4493 audiunt
2165 4439 2466 4496 doctrinam
2496 4442 2806 4498 docentium
2845 4460 2972 4511 eas,
3019 4445 3317 4501 secundum
3351 4464 3475 4501 eum

241 4556 273 4592 ιι
303 4540 625 4609 depositione
646 4541 851 4607 mundi,
878 4549 1090 4611 quaerat
1111 4543 1204 4612 qui
1233 4550 1429 4612 potest,
1459 4543 1640 4599 sciens
1676 4544 1803 4613 quia

240 4646 346 4685 non
372 4646 533 4685 omne
558 4632 702 4702 quod
729 4645 970 4688 creatum
998 4641 1103 4701 est,
1129 4634 1432 4703 depositum
1457 4634 1676 4701 dicitur,
1706 4652 1806 4691 nec

239 4722 500 4792 scriptum
535 4733 621 4778 est
642 4724 863 4789 alicubi,
896 4741 927 4779 a
953 4724 1290 4795 depositione
1321 4725 1558 4792 sedium,
1588 4736 1683 4781 aut
1707 4728 1805 4781 do-

242 4812 594 4868 minationum
617 4855 632 4880 ,
667 4825 758 4871 aut
784 4816 1205 4887 principatuum.
1245 4815 1592 4888 Congregans
1622 4827 1801 4873 autem

238 4921 300 4958 ex
330 4904 587 4961 omnibus
630 4921 826 4961 nomen
858 4906 1233 4976 depositionis,
1267 4905 1315 4961 si
1358 4904 1498 4962 forte
1540 4908 1595 4962 in
1635 4909 1805 4964 altero

240 4996 421 5066 aliquo
461 4996 667 5052 dictum
698 5006 801 5062 est,
831 5007 886 5054 et
926 5012 1251 5068 comparans
1287 5014 1350 5054 ea
1397 5016 1522 5055 cum
1570 5001 1655 5056 his
1682 5017 1804 5073 qua:

240 5087 495 5144 dicuntur
526 5089 593 5145 de
623 5090 811 5145 mundi
839 5089 1197 5161 depositione,
1227 5092 1529 5148 ascendens
1561 5108 1653 5162 per
1685 5109 1804 5148 ver-

242 5179 366 5235 bum
396 5180 464 5237 ad
488 5189 683 5237 caetera
718 5191 897 5238 creata
924 5184 1164 5253 quidem,
1190 5196 1297 5237 non
1324 5192 1505 5238 autem
1538 5185 1804 5255 deposita,

240 5287 303 5324 ex
334 5285 399 5325 eo
431 5272 572 5341 quod
602 5288 709 5328 non
740 5281 824 5329 est
851 5289 1043 5329 eorum
1081 5274 1219 5330 facta
1253 5275 1518 5347 depositio
1537 5318 1551 5343 ,
1602 5277 1807 5332 videbis

242 5376 458 5417 causam
484 5364 775 5419 nominata:
796 5366 1173 5435 depositionis,
1192 5368 1336 5437 quod
1362 5383 1559 5423 nomen
1596 5378 1805 5424 tantum

243 5455 309 5510 de
342 5455 543 5511 mundo
572 5457 887 5528 suscipitur.
925 5458 1159 5515 Credere
1189 5470 1369 5516 autem
1400 5460 1515 5516 haec
1552 5462 1679 5516 talia
1713 5462 1805 5519 lit-

1911 4537 2004 4608 qui
2036 4537 2167 4591 dicit
2196 4555 2209 4591 :
2244 4535 2456 4592 Induite
2477 4554 2565 4593 vos
2591 4538 2789 4592 viscera
2817 4540 3216 4605 misericordia,
3245 4541 3480 4614 benigni-

1913 4639 2075 4684 tatem
2095 4668 2111 4694 ,
2167 4627 2518 4682 humilitatem
2544 4668 2559 4694 ,
2594 4631 3044 4685 mansuetudinem
3067 4671 3082 4695 ,
3128 4641 3184 4687 et
3217 4643 3411 4688 caetera
3434 4634 3476 4688 *.

1912 4720 2087 4791 Magis
2115 4728 2297 4776 autem
2327 4731 2381 4775 et
2406 4720 2585 4791 ipsum
2618 4721 2899 4778 Christum
2930 4723 3024 4793 qui
3062 4723 3179 4780 haec
3201 4725 3385 4780 omnia
3412 4725 3477 4779 fi-

1910 4815 2124 4870 delibus
2153 4824 2259 4879 est,
2286 4816 2585 4871 secundum
2607 4831 2730 4872 eum
2754 4815 2848 4886 qui
2875 4816 3013 4871 dixit
3034 4817 3056 4849 '
3086 4835 3099 4870 :
3129 4814 3343 4872 Induito
3372 4816 3480 4870 Do-

1911 4910 2114 4961 minum
2145 4907 2349 4963 Iesum.
2380 4908 2517 4963 Cum
2548 4923 2677 4978 ergo
2721 4908 2987 4978 ejusmodi
3015 4908 3355 4965 vestimentis
3389 4925 3483 4963 ve-

1911 4999 2192 5056 stierimus
2224 5016 2392 5055 unum
2424 5000 2491 5055 de
2516 4999 2758 5054 minimis
2778 4999 2833 5054 in
2861 4997 3081 5055 Christo
3111 4999 3476 5067 credentibus,

1910 5091 2088 5161 ipsum
2126 5091 2414 5147 Dominum
2446 5090 2692 5145 videmur
2720 5090 3056 5158 vestiisse,ut
3088 5107 3176 5156 ne,
3213 5100 3480 5162 quantum

1913 5184 1979 5238 ad
2018 5196 2140 5247 nos,
2177 5183 2383 5238 nudum
2423 5181 2496 5237 sit
2540 5181 2762 5236 verbum
2797 5180 2894 5235 Dei
2940 5181 2993 5235 in
3025 5181 3250 5237 mundo.
3287 5182 3391 5237 Sed
3427 5192 3481 5236 et

1913 5273 2258 5343 peregrinum
2295 5272 2389 5327 Dei
2420 5270 2617 5327 Filium
2651 5271 3037 5337 constitutum,
3073 5281 3128 5326 et
3154 5271 3480 5327 domesticos

1910 5367 2158 5436 corporis
2177 5366 2299 5436 ejus
2326 5367 2641 5436 peregrinos
2664 5364 2721 5419 in
2745 5364 2951 5420 mundo
2975 5366 3045 5419 ab
3067 5364 3320 5421 omnibus
3348 5363 3482 5417 acti-

1913 5460 2015 5515 bus
2043 5458 2437 5529 corporalibus,
2470 5459 2615 5516 sicut
2635 5458 2750 5528 ipse
2773 5465 2827 5513 et
2852 5457 2919 5512 de
2949 5470 3008 5512 se
3025 5464 3080 5512 et
3108 5455 3174 5510 de
3200 5453 3481 5523 discipulis

347 5659 392 5687 ⁸⁷
419 5657 433 5711 l
462 5659 588 5714 Cor.
623 5676 754 5726 xm,
785 5659 868 5716 12.
980 5659 1024 5692 "
1058 5659 1244 5715 Matth.
1277 5675 1351 5725 xi,
1384 5660 1471 5714 29.
1580 5662 1628 5693 ”
1660 5659 1793 5715 Luc.
1827 5675 1941 5723 xix,
1969 5659 2061 5721 94,
2094 5657 2196 5724 26;
2263 5657 2453 5713 Matth.
2480 5674 2609 5726 xxv,
2638 5655 2728 5725 23,
2758 5657 2850 5713 29.
2963 5656 2981 5689 ί
3012 5652 3204 5713 Matth.
3238 5671 3359 5725 xxv,
3385 5652 3470 5712 δι.

250 5729 476 5785 'Matth.
514 5746 605 5798 vn,
642 5731 696 5785 6.
775 5732 794 5762 ³
824 5730 1014 5789 Matth.
1052 5747 1185 5798 xxv,
1218 5729 1306 5786 35.
1378 5730 1635 5788 ‘Coloss.
1674 5747 1769 5798 ιιι,
1806 5731 1891 5786 12.
1960 5732 1980 5761 ⁸
2010 5729 2169 5787 Rom.
2204 5743 2336 5795 xm,
2373 5727 2459 5785 ιι.
