4052 6304
632 276 772 331 l'il5

1828 261 2151 320 ORICENIS
2182 261 2247 318 IN
2287 258 2698 315 MATTIIA‘LUM

3810 249 3902 303 ΠΜ

626 401 745 458 suis
779 398 911 455 dicit
939 398 993 451 ‘z
1022 395 1088 450 Et
1121 396 1213 449 isti
1248 409 1349 448 non
1375 401 1496 446 sunt
1526 393 1587 445 de
1613 390 1709 445 hoc
1734 389 1952 452 mundo,
1984 388 2119 440 sicut
2146 394 2192 440 et
2224 391 2268 448 Α
2298 385 2521 439 istorum
2567 382 2797 452 fratrum
2831 395 3084 446 meorum,
3134 378 3265 431 mihi
3309 375 3576 446 fecistis.
3642 371 3904 429 Videames

627 510 721 562 ego
748 508 852 545 non
884 505 1001 543 sum
1023 488 1086 542 de
1120 488 1216 540 hoc
1250 486 1464 540 mundo.
1495 484 1560 538 Et
1585 483 1776 553 quaerit
1796 480 2045 535 Christus
2078 492 2201 531 cum

630 585 746 639 suis
775 583 1013 639 animam
1066 580 1158 634 ubi
1193 580 1469 634 succedat.
1504 575 1732 642 Quando
1758 587 1887 644 ergo
1929 586 2201 640 praepara-

626 687 748 727 mus
779 686 874 726 cor
910 679 1157 724 nostrum
1189 669 1419 723 diversis
1445 667 1739 720 virtutibus
1763 665 1830 718 ad
1875 671 2200 730 receptacu-

634 762 745 816 lum
778 762 899 831 ejus
928 760 1011 813 vel
1036 760 1251 814 illorum
1290 760 1382 829 qui
1427 767 1555 813 sunt
1589 755 1791 825 ipsius,
1822 754 1999 824 ipsum
2042 767 2200 821 pere-

621 855 925 924 grinantem
964 851 1295 919 suscipimus
1354 850 1409 903 in
1441 849 1664 903 domum
1717 846 1951 916 pectoris
2005 844 2197 910 nostri,

621 944 885 1001 facientes
928 942 1270 998 coenaeulum
1301 955 1582 1011 magnum,
1613 939 1931 993 mundatum
1959 944 2012 990 et
2036 950 2200 989 orna-

623 1048 736 1093 tum
756 1037 820 1091 ad
841 1034 1239 1105 susceptionem
1258 1032 1457 1088 Christi
1475 1030 1870 1103 peregrinantis
1887 1030 1939 1083 in
1968 1027 2192 1093 mundo,

624 1137 1058 1194 caeterorumque
1102 1125 1495 1195 discipulorum
1529 1124 1721 1193 ipsius.
1768 1122 2010 1188 Quorum
2051 1120 2195 1173 enim

622 1213 849 1268 verbum
881 1211 1234 1281 suscipimus,
1266 1221 1320 1266 et
1353 1213 1501 1282 ipsos
1527 1212 1834 1280 suscepisse
1865 1210 2109 1264 videmur
2141 1208 2195 1262 in

620 1305 800 1370 nobis,
819 1313 875 1359 et
892 1320 988 1375 per
1012 1305 1162 1375 ipsos
1182 1304 1484 1370 Christum,
1501 1306 1657 1374 cujus
1676 1303 1922 1374 bajulant
1942 1302 2190 1357 verbum.

618 1397 755 1451 Item
788 1396 843 1450 in
876 1396 1164 1450 inﬁrmatis
1194 1395 1531 1461 hominibus,
1567 1397 1683 1451 sive
1719 1411 1749 1450 a
1784 1397 1921 1460 ﬁde,
1956 1395 2073 1450 sive
2126 1394 2195 1449 ab

616 1486 800 1557 aliquo
826 1502 991 1556 opere
1014 1487 1306 1548 bono,-ant
1324 1487 1638 1541 scandalum
1659 1488 2010 1558 patientibus,
2035 1488 2193 1543 Chrio

616 1586 736 1632 stus
764 1576 1071 1631 inﬁrmatur
1097 1586 1148 1630 et
1165 1576 1479 1632 scandalum
1514 1579 1735 1648 patitur,
1755 1579 1895 1635 sicut
1922 1580 2037 1649 ipse
2061 1578 2194 1635 dicit

616 1666 685 1720 ad
716 1665 936 1719 Petrum
971 1680 1093 1735 quae
1119 1667 1304 1723 carnis
1333 1677 1461 1723 sunt
1491 1670 1786 1738 sapientem
1815 1688 1828 1724 :
1867 1668 2189 1724 Scandalum

620 1755 751 1808 mihi
786 1771 840 1809 es
860 1756 904 1823 ",
934 1757 1036 1811 hoc
1067 1765 1170 1822 est,
1201 1757 1490 1814 inﬁrmitas
1532 1760 1661 1813 mihi
1684 1774 1763 1815 es.
1798 1758 1900 1814 Sed
1924 1767 1977 1814 et
1998 1773 2188 1815 omnes

617 1846 871 1917 discipuli
904 1847 1024 1915 ejus
1057 1849 1241 1904 dilecti
1271 1850 1434 1905 simul
1467 1867 1591 1905 cum
1620 1852 1818 1907 talibus
1841 1852 2190 1907 inﬁrmantur

615 1947 673 1992 et
700 1939 1017 1993 scandalum
1058 1940 1339 2010 patiuntur
1362 1941 1637 1997 dicentes:
1680 1942 1815 2008 Quis
1848 1942 2186 2007 inﬁrmatur,

612 2037 670 2084 et
725 2045 833 2085 non
881 2032 1271 2085 inﬁrmamur?
1310 2033 1435 2102 quis
1489 2034 1922 2098 scandalizatur,
1976 2041 2031 2088 et
2078 2048 2186 2087 non

615 2120 830 2176 urimur
887 2122 1094 2179 nos“?
1150 2122 1218 2177 Et
1275 2124 1318 2179 si
1379 2124 1632 2194 discipuli
1687 2124 1808 2193 ejus
1856 2122 2188 2179 conﬁrman-

615 2222 706 2267 tur
741 2211 995 2278 inﬁrmis,
1032 2225 1241 2284 quanto
1293 2215 1468 2286 magis
1517 2215 1633 2285 ipse
1670 2213 1919 2270 Salvator
1975 2223 2189 2271 creator

609 2300 782 2373 889
838 2304 1121 2374 ipsbrum?
1173 2304 1309 2360 Nam
1361 2321 1524 2375 quem
1583 2306 1759 2376 major
1813 2303 2187 2361 misericordia

613 2400 758 2446 tenet
793 2392 1074 2447 hominum
1107 2394 1473 2458 inﬁrmorum,
1510 2394 1726 2465 gravior
1755 2392 2080 2464 constringit
2103 2393 2189 2448 in-

611 2481 841 2539 ﬁrmitas
878 2484 1022 2539 talis.
1047 2483 1183 2539 Cum
1215 2501 1347 2556 ergo
1375 2501 1544 2541 unum
1578 2484 1811 2540 fratrum
1843 2485 2185 2541 inﬁrmorum

609 2574 1036 2642 visitaverimus,
1066 2584 1161 2631 aut
1203 2592 1300 2647 per
1337 2578 1665 2642 doctrinam,
1692 2586 1787 2632 aut
1817 2593 1911 2647 per
1932 2578 2184 2648 increpa-

612 2665 837 2733 tionem,
872 2676 968 2723 aut
1008 2682 1107 2738 per
1153 2670 1606 2734 consolationem,
1643 2677 1739 2724 aut
1776 2669 2052 2740 precibus,
2090 2679 2187 2726 aut

612 2765 822 2811 terrore
842 2757 1057 2826 iudicii,
1088 2767 1182 2813 aut
1228 2759 1594 2829 aliqua,bona
1637 2774 1800 2830 opera
1833 2759 2095 2817 facientes
2127 2761 2182 2816 in

606 2865 755 2915 eum,
797 2849 1088 2905 fecerimus
1121 2852 1408 2907 meliorare
1446 2852 1501 2906 in
1532 2850 1772 2918 Christo,
1811 2852 1988 2922 ipsum
2021 2852 2183 2909 Chri-

608 2953 753 2998 stum
777 2942 1144 3006 visitavimus,
1177 2953 1232 2998 et
1274 2942 1706 3001 confortavimus
1737 2945 2097 3011 inﬁrmatum,
2127 2955 2183 2999 et

608 3037 837 3084 caeteros
868 3030 1167 3100 discipulos
1195 3029 1401 3086 Christi
1442 3031 1644 3087 talibus
1667 3033 2016 3102 passionibus
2045 3048 2180 3088 con-
2207 3053 2248 3110 ο

610 3119 890 3173 ﬁrmantes
923 3120 1332 3189 re'frigeramus,
1373 3122 1517 3177 sicut
1557 3123 1760 3179 Paulus
1791 3125 1857 3178 ad
1902 3124 2179 3179 Philemo-

608 3224 731 3263 nem
765 3209 897 3264 dicit
934 3212 955 3243 °
982 3227 996 3264 :
1043 3208 1313 3264 Gaudium
1335 3214 1474 3266 enim
1507 3229 1756 3284 magnum
1800 3213 2100 3278 habuimus,
2131 3223 2181 3268 et

607 3299 1016 3355 consolationem
1037 3301 1093 3354 in
1108 3302 1365 3356 charitate
1391 3313 1503 3370 tua,
1521 3305 1646 3374 quia
1667 3306 1862 3358 viscera
1877 3315 2180 3359 sanctorum

607 3392 967 3462 requieverunt
1013 3408 1107 3461 per
1147 3401 1215 3459 te,
1258 3392 1444 3462 frater.
1483 3393 1548 3450 Et
1581 3411 1649 3450 ne
1676 3402 1834 3465 putes
1863 3410 1986 3451 esse
2027 3396 2177 3452 blas-

609 3486 887 3555 phemum,
916 3485 1192 3541 inﬁrmum
1235 3486 1416 3543 dicere
1458 3487 1760 3549 Christum.
1794 3489 1912 3560 Ipse
1942 3491 2087 3546 enim
2110 3507 2178 3546 ex

607 3578 922 3634 inﬁrmitate
948 3589 1033 3635 est
1062 3580 1356 3637 cruciﬁxus
1379 3591 1600 3651 prapter
1640 3584 2094 3645 misericordiam.
2125 3591 2179 3639 et

607 3672 724 3740 ipse
747 3672 1092 3729 inﬁrmitates
1112 3684 1327 3730 nostras
1349 3683 1548 3745 portat,
1567 3684 1824 3731 etomnes
1851 3678 1961 3731 noti
1980 3677 2170 3746 ipsius.

605 3762 811 3818 Deinde
840 3778 1001 3818 omne
1027 3764 1174 3834 quod
1230 3765 1320 3820 hic
1351 3775 1456 3828 est,
1496 3782 1683 3822 carcer
1737 3774 1822 3821 est
1867 3767 2072 3822 Christi
2121 3777 2175 3822 et

604 3868 794 3907 eorum
823 3855 914 3923 qui
942 3864 1070 3911 sunt
1096 3856 1288 3924 ipsius.
1315 3856 1606 3927 Propterea
1643 3874 1832 3913 eamus
1854 3858 1919 3912 ad
1949 3874 2043 3914 eos
2079 3860 2173 3928 qui

606 3946 661 4000 in
707 3947 872 4002 domo
912 3948 1252 4002 vinculorum
1317 3950 1547 4005 istorum
1606 3949 1873 4005 habentur
1916 3953 2072 4022 quasi
2117 3953 2172 4006 in

605 4052 844 4103 carcere,
881 4046 935 4092 et
961 4047 1090 4093 sunt
1119 4039 1172 4092 in
1201 4039 1306 4094 hoc
1338 4040 1542 4094 mundo
1565 4040 1843 4108 degentes,
1872 4043 2027 4111 quasi
2051 4058 2174 4097 car-

604 4143 728 4183 cere
775 4138 982 4182 natura;
1024 4130 1346 4185 necessitate
1389 4131 1689 4186 constricti.
1722 4132 1859 4186 Cum
1893 4149 2022 4203 ergo
2058 4134 2173 4189 abi-

605 4220 812 4275 erimus
838 4220 901 4274 ad
927 4221 1083 4284 tales,
1113 4230 1167 4275 et
1193 4236 1355 4276 omne
1386 4237 1522 4291 opus
1560 4223 1764 4277 bonum
1801 4222 2088 4280 fecerimus
2116 4226 2169 4279 in

610 4314 706 4376 eis,
736 4312 1079 4367 visitavimus
1118 4327 1212 4368 eos
1243 4312 1295 4366 in
1323 4328 1558 4378 carcere,
1588 4324 1642 4369 et
1666 4314 1944 4371 Christum
1990 4317 2041 4370 in
2068 4318 2166 4373 eis.

2304 490 2450 529 nunc
2495 473 2638 543 quod
2689 471 2821 526 dicit
2858 471 3070 541 justis:
3129 468 3333 533 Venite,
3387 465 3715 520 benedicti
3762 464 3903 517 Ραιπιε

2302 565 2403 618 mei
2451 564 2523 629 “;
2564 562 2784 632 injustis
2823 571 3003 615 autem
3053 579 3066 614 :
3117 557 3381 613 Discedite
3429 574 3473 609 a
3536 570 3638 608 me
3690 554 3771 619 “;
3814 569 3901 608 cas

2301 655 2533 711 fuissent
2561 655 2748 725 utique
2776 654 2982 718 ﬁdeles,
3017 661 3072 706 et
3100 651 3475 720 intelligimus
3533 647 3841 716 impletum
3865 649 3901 698 is

2301 744 2382 801 eis
2406 744 2551 813 quod
2578 744 2840 813 scriptum
2871 750 2953 797 est
2978 740 3021 773 ιδ
3055 759 3070 795 :
3112 740 3269 795 Omni
3303 739 3555 792 habenti
3595 736 3842 795 dabitur,
3867 751 3899 790 tt

2301 833 2630 897 abundabit;
2657 831 2721 885 ab
2752 848 2811 885 eo
2841 844 3018 885 autem
3058 832 3144 898 qui
3181 845 3283 882 non
3322 827 3529 891 habet,
3568 828 3755 879 etiam
3795 828 3897 894 qaut

2297 926 2504 980 videtur
2541 924 2731 977 habere
2762 923 3032 991 auferetur
3055 920 3118 973 ab
3145 936 3224 974 eo.
3248 917 3385 973 Nam
3434 916 3780 989 propinqui
3804 925 3897 969 suat
3936 924 3939 991 λ

2299 1016 2498 1083 Verbo,
2538 1017 2632 1087 qui
2661 1023 2880 1070 servant
2909 1013 3001 1068 Dei
3046 1013 3387 1077 mandatum,
3434 1021 3508 1065 et
3542 1019 3831 1065 vocantur
3858 1024 3897 1061 ut

2297 1110 2475 1164 adhuc
2518 1109 2689 1178 magis
2716 1106 3139 1177 propinquiores
3175 1103 3507 1158 efﬁciantur
3564 1101 3892 1155 audientes:

2312 1197 2506 1261 Venite,
2550 1196 2802 1251 benedicti
2852 1194 3031 1248 Patris
3075 1193 3198 1246 mei.
3245 1192 3434 1261 Longe
3491 1200 3707 1244 autem
3753 1191 3817 1242 ab
3846 1206 3890 1241 ea

2296 1298 2446 1354 sunt,
2492 1288 2596 1344 etsi
2651 1288 2934 1342 videantur
2974 1286 3229 1340 assistere
3275 1284 3349 1348 ei,
3379 1282 3493 1353 qui
3551 1297 3683 1335 non
3716 1280 3888 1334 faciunt
3938 1324 3939 1341 η

2296 1380 2551 1436 mandata
2587 1379 2777 1448 ipsius.
2803 1376 3028 1447 Propter
3061 1378 3165 1430 hoc
3189 1375 3409 1429 tolletur
3440 1375 3531 1428 ab
3564 1375 3664 1429 eis
3688 1382 3749 1426 et
3774 1374 3880 1439 quod

2295 1473 2396 1528 sibi
2426 1472 2750 1528 videbantur
2786 1469 3044 1524 assistere
3070 1469 3142 1532 ei,
3168 1467 3464 1521 audientes
3506 1484 3524 1519 :
3572 1464 3880 1517 Discedit“

2295 1581 2373 1619 me
2396 1581 2415 1629 ;
2446 1572 2505 1617 ut
2531 1563 2623 1633 qui
2647 1561 2810 1616 modo
2832 1560 2915 1615 vel
2939 1560 3190 1615 videntur
3210 1573 3333 1614 esse
3355 1566 3499 1612 ante
3526 1572 3699 1619 eum,
3725 1565 3875 1625 postea

2293 1670 2392 1710 nec
2434 1654 2740 1710 videantur.
2792 1655 3017 1722 Propter
3053 1651 3199 1720 quod
3240 1661 3294 1705 et
3335 1664 3443 1703 nos
3481 1649 3776 1703 debemus
3804 1661 3874 1699 ms

2222 1724 2262 1779 Β
2292 1755 2634 1804 conservare,
2664 1756 2729 1794 ne
2750 1739 3038 1794 audiamus
3057 1745 3112 1794 et
3136 1738 3263 1807 ipsi,
3286 1745 3342 1792 et
3363 1739 3543 1807 quasi
3573 1738 3869 1807 elottganlcs

2290 1847 2391 1888 nos
2428 1832 2574 1902 ipsos
2608 1849 2640 1887 a
2664 1832 2893 1888 Domino
2922 1850 2936 1886 :
2972 1820 3238 1886 Discedite
3265 1847 3299 1884 a
3329 1847 3410 1885 me
3436 1847 3461 1896 ,°
3492 1840 3561 1886 et
3588 1830 3780 1894 omnia
3808 1830 3869 1883 fac

2290 1925 2521 1990 ciamus,
2555 1933 2614 1979 ut
2647 1925 2791 1979 dicat
2825 1924 2893 1979 ad
2938 1937 3039 1978 nos
3071 1940 3087 1976 :
3145 1920 3348 1986 Venite,
3378 1922 3668 1975 benedicti
3714 1921 3863 1974 Patri:

2288 2019 2412 2071 mei.
2458 2017 2932 2073 Considerandum
2972 2025 3057 2070 est
3095 2023 3276 2069 autem
3326 2017 3613 2082 quoniiam
3666 2015 3722 2071 in
3761 2028 3865 2068 san-
3936 2056 3939 2085 λ

2289 2109 2392 2163 ctis
2424 2124 2532 2162 non
2575 2109 2750 2163 solum
2798 2107 3004 2162 dictum
3033 2114 3136 2172 est,
3165 2104 3453 2169 benedicti,
3493 2106 3598 2160 sed
3633 2119 3757 2158 cuin
3782 2103 3858 2155 ad.

2288 2186 2607 2267 ditamento,
2639 2213 2748 2253 non
2795 2197 3231 2267 qualemcunque
3273 2195 3552 2251 honorem
3606 2193 3854 2256 habentis,

2288 2291 2342 2348 id
2378 2301 2462 2347 est
2492 2290 2758 2346 benedicti
2791 2304 2901 2345 non
2953 2288 3189 2358 alicujus
3218 2288 3474 2353 alterius,
3506 2289 3618 2344 nisi
3648 2287 3740 2342 Dei
3764 2284 3849 2338 Pa—

2286 2382 2407 2438 tris.
2434 2382 2669 2438 Econtra
2703 2388 2884 2436 autem
2934 2378 3134 2449 quibus
3172 2380 3396 2444 dicitur,
3422 2379 3725 2441 maledicti,
3753 2388 3845 2428 non

2285 2476 2485 2530 dicitur
2537 2472 2808 2528 maledicti
2856 2470 3036 2526 Patris
3091 2471 3219 2527 mei.
3278 2469 3416 2525 Nam
3468 2467 3836 2527 benedictionis

2285 2565 2504 2635 quidem
2535 2563 2873 2617 ministrator
2898 2569 2983 2617 est
3013 2560 3196 2627 Pater,
3242 2562 3649 2616 maledictionis
3677 2568 3833 2612 autem

2285 2655 2667 2726 unusquisque
2693 2654 2799 2709 sibi
2820 2663 2904 2710 est
2934 2663 3146 2720 auctor,
3173 2654 3267 2723 qui
3293 2653 3672 2708 maledictione
3691 2650 3827 2719 digna

2283 2755 2367 2802 est
2405 2754 2679 2816 operatus.
2730 2745 2834 2812 Qui
2884 2752 3065 2800 autem
3114 2745 3380 2800 recedunt
3425 2746 3496 2800 ab
3528 2744 3673 2809 Iesu,
3701 2740 3827 2797 deci-

2283 2840 2420 2893 dunt
2441 2838 2496 2893 in
2527 2839 2703 2909 ignem
2748 2848 3033 2903 aeternum,
3061 2838 3153 2906 qui
3177 2837 3404 2892 alterius
3439 2838 3641 2908 generis
3662 2843 3735 2889 est
3758 2835 3816 2887 ab

2284 2930 2388 2985 hoc
2428 2931 2552 3001 igne
2583 2946 2744 3002 quem
2781 2930 3048 2986 habemus
3080 2930 3136 2984 in
3165 2946 3290 2985 usu.
3324 2931 3513 2986 Nullus
3536 2930 3660 2985 enim
3683 2923 3805 2995 ignis

2284 3023 2425 3078 inter
2449 3023 2698 3079 homines
2724 3032 2807 3079 est
2832 3033 3089 3088 aeternus,
3122 3022 3214 3077 sed
3251 3038 3355 3078 nec
3388 3023 3530 3077 multi
3555 3015 3790 3086 temporis,

2282 3116 2647 3181 exstinguitur
2689 3115 2833 3169 enim
2879 3114 3009 3169 cito.
3059 3112 3323 3170 Eternus
3369 3125 3535 3169 autem
3569 3108 3700 3181 ignis
3727 3114 3805 3159 est

2281 3204 2393 3268 ille,
2424 3206 2491 3260 de
2521 3222 2630 3276 quo
2666 3216 2720 3261 et
2751 3205 2922 3261 Isaias
2965 3205 3098 3260 dicit
3128 3205 3181 3258 in
3228 3205 3333 3261 ﬁne
3362 3203 3645 3276 prophetia:
3669 3213 3768 3254 sua!
3794 3213 3808 3250 ι

2291 3296 2491 3351 Vermis
2535 3313 2715 3351 eorum
2758 3315 2860 3352 non
2914 3300 3208 3361 morietur,
3245 3308 3294 3353 et
3334 3300 3468 3369 ignis
3511 3310 3689 3350 eorum
3730 3306 3815 3343 non

2277 3392 2636 3462 exstinguetur
2665 3393 2726 3445 ³⁸.
2752 3391 3004 3447 Forsitan
3024 3393 3148 3449 talis
3174 3392 3476 3449 substantia:
3495 3398 3594 3455 est,
3620 3397 3679 3442 ιιι
3702 3385 3801 3439 invi

2278 3484 2456 3539 sibilia
2489 3484 2775 3539 comburat
2816 3485 2933 3554 ipse
2960 3486 3250 3540 invisibilis
3277 3484 3612 3546 constitutus,
3639 3494 3820 3533 secun-

2276 3576 2406 3630 dum
2438 3577 2582 3646 quod
2609 3576 2685 3629 ait
2717 3576 3006 3645 Apostolus
3042 3577 3107 3641 ¹⁰,
3139 3577 3393 3647 quoniam
3432 3590 3544 3646 quae
3572 3573 3809 3630 rideatur,

2278 3667 2587 3737 temporalia
2624 3676 2782 3732 sunt;
2821 3684 2939 3739 qua:
2979 3678 3154 3722 autem
3191 3684 3291 3722 non
3324 3669 3584 3732 uideatur,
3620 3675 3811 3720 interna.

2278 3758 2333 3814 Si
2361 3773 2492 3830 ergo
2535 3775 2655 3830 qua:
2691 3760 2944 3815 videntur
2983 3761 3301 3831 temporalia
3335 3769 3485 3821 sunt,
3513 3774 3630 3830 quae
3656 3766 3808 3808 autem

2274 3866 2382 3906 non
2418 3851 2668 3905 videntur
2696 3860 2897 3906 aeterna
2941 3860 3088 3915 sunt,
3134 3866 3358 3907 necesse
3397 3861 3482 3907 est
3525 3851 3570 3907 si
3615 3843 3811 3901 visibilis

2273 3952 2357 3996 est
2395 3942 2483 3996 ille
2526 3942 2688 4012 ignis,
2742 3950 2798 3997 et
2842 3943 3156 4012 temporalis
3195 3944 3284 3998 sit.
3343 3943 3401 3998 Si
3462 3952 3636 3998 autem
3680 3949 3808 3993 teter-

2273 4048 2378 4087 nus
2429 4041 2554 4097 est,
2612 4041 2667 4087 et
2718 4032 3006 4089 invisibilis
3061 4045 3182 4098 est,
3230 4050 3340 4104 quo
3389 4037 3681 4104 puniuntur
3732 4025 3806 4095 qui

2274 4126 2534 4182 recedunt
2560 4141 2591 4180 a
2635 4126 2933 4180 Salvatore.
2978 4124 3107 4180 Tale
3131 4134 3214 4180 est
3236 4128 3381 4196 quod
3403 4129 3537 4183 dicit
3560 4136 3611 4182 et
3634 4120 3802 4178 Job":

2274 4218 2518 4273 Comedet
2561 4234 2680 4272 eum
2720 4220 2857 4288 ignis
2900 4220 2991 4289 qui
3032 4236 3131 4273 non
3165 4221 3491 4277 accenditur.
3544 4221 3618 4276 Ne
3657 4224 3803 4272 autem

2276 4314 2492 4368 mireris
2532 4314 2759 4385 audiens
2799 4329 2919 4368 esse
2958 4313 3287 4370 invisibilem
3318 4315 3497 4387 ignem
3532 4326 3589 4371 et
3618 4312 3800 4384 punien-

611 4402 901 4459 Videamus
942 4412 1121 4458 autem
1152 4404 1258 4459 nisi
1285 4406 1606 4475 generaliter
1647 4407 1761 4461 haec
1796 4408 2084 4472 intellecta,
2120 4419 2173 4464 et
2205 4400 2251 4459 D
2278 4414 2405 4470 tem,
2432 4420 2555 4460 cum
2584 4405 2768 4459 videas
2799 4406 2938 4459 inter
2969 4406 3216 4463 homines
3242 4409 3480 4463 calorem
3519 4403 3799 4477 corporibus

601 4495 670 4549 ad
715 4496 1014 4565 simplicem
1062 4495 1454 4552 humanitatem
1483 4515 1583 4553 nos
1623 4499 1999 4565 exhortantur,
2024 4512 2078 4555 et
2104 4503 2169 4557 ad

602 4589 785 4643 omnia
836 4588 1127 4643 laudabilia
1178 4589 1361 4654 facta,
1407 4598 1467 4645 ut
1513 4592 1942 4647 benedictionem
1994 4595 2172 4665 dignis

601 4680 870 4734 dicentem
918 4696 932 4734 :
986 4679 1186 4743 Venite,
1234 4680 1490 4735 benedicti
1533 4681 1711 4736 Patris
1760 4684 1881 4750 mei,
1913 4685 2171 4754 consequi

601 4772 728 4842 quis
748 4773 924 4827 valeat
951 4774 1131 4843 digne.
1156 4772 1274 4827 Non
1300 4784 1480 4829 autem
1501 4774 1637 4844 justi
1666 4776 1819 4830 obliti
1840 4791 2026 4831 eorum
2050 4794 2173 4848 quae

600 4874 813 4934 gerunt,
862 4875 990 4918 tunc
1032 4867 1437 4935 respondebunt
1475 4868 1524 4921 ei
1563 4867 1803 4922 dicentes
1855 4887 1868 4922 :
1923 4867 2164 4936 Domine,

600 4956 811 5025 quando
860 4965 907 5009 te
933 4956 1161 5010 vidimus
1206 4959 1560 5012 esurientem?
1603 4967 1657 5013 et
1700 4967 1892 5014 caetera
1927 4960 1970 4991 ¹⁰
2006 4980 2020 5016 :
2074 4961 2167 5016 sed

606 5045 928 5101 humilitatis
959 5061 1122 5100 causa
1156 5047 1311 5103 laude
1335 5049 1740 5104 benefactorum
1762 5065 1986 5105 suorum
2025 5053 2168 5107 indi-

602 5153 740 5208 gnos
765 5154 823 5193 se
863 5139 1279 5208 proclamantes.
1309 5138 1428 5209 Ipse
1457 5147 1637 5194 autem
1669 5141 1856 5195 volens
1881 5142 1961 5197 eis
1984 5152 2168 5198 osten-

602 5232 731 5284 dere
762 5245 915 5284 suam
948 5229 1379 5298 compassionem
1414 5232 1466 5285 in
1497 5231 1634 5295 suis,
1665 5231 1827 5287 etiam
1852 5249 1910 5288 se
1933 5251 2169 5303 pronun-

602 5324 698 5377 tiat
728 5338 849 5376 esse
881 5323 934 5375 in
966 5321 1169 5391 quibus
1200 5319 1403 5376 fuerint
1448 5323 1642 5379 fratres
1669 5323 1811 5393 ejus,
1838 5325 2026 5380 dicens
2068 5325 2109 5355 “
2149 5344 2161 5379 :

605 5420 763 5469 Amen
788 5415 905 5467 dico
936 5414 1101 5477 vobis,
1134 5429 1199 5467 ex
1217 5431 1275 5466 eo
1303 5414 1441 5484 quod
1466 5415 1668 5482 fecistis
1702 5417 1794 5469 uni
1828 5417 2163 5471 minimarum

672 5616 689 5639 ⁸
721 5612 873 5668 Joan.
922 5632 1066 5675 ml,
1114 5618 1199 5671 Μ.

2274 4501 2626 4563 accidentem,
2650 4510 2830 4554 etnon
2861 4501 3204 4557 mediocriter
3221 4503 3588 4564 cruciantem,
3612 4495 3799 4553 maxime

2274 4606 2368 4646 eos
2394 4591 2486 4661 qui
2514 4593 2582 4662 ab
2603 4607 2670 4646 eo
2698 4593 3030 4647 validissime
3057 4594 3436 4648 niolestantur.
3465 4593 3534 4649 Et
3560 4587 3796 4649 considera

2273 4687 2528 4753 quoniam
2590 4700 2813 4755 regnum
2867 4685 3084 4755 quidem
3146 4702 3254 4740 non
3306 4686 3429 4741 aliis
3482 4690 3794 4756 praeparatum

2273 4775 2406 4830 dicit
2443 4791 2471 4829 a
2502 4775 2889 4831 constitutione
2919 4777 3103 4831 mundi
3138 4777 3240 4831 nisi
3266 4776 3451 4845 justis,
3479 4791 3536 4833 et
3571 4777 3683 4830 ideo
3709 4766 3796 4822 reti-

2273 4866 2365 4921 det
2418 4866 2499 4920 eis
2538 4866 2712 4936 ipsum
2757 4881 2850 4920 rex
2892 4880 3080 4921 eorum
3120 4864 3391 4921 Christus.
3437 4866 3614 4937 Ignem
3653 4868 3795 4915 autem

2273 4968 2532 5013 aeternum
2567 4976 2673 5012 non
2716 4959 2821 5014 illis
2852 4960 3052 5029 quibus
3088 4960 3287 5015 dicitur
3319 4980 3331 5014 :
3368 4961 3628 5015 Discedite
3654 4974 3683 5009 a
3718 4964 3796 5009 me,

2275 5049 2565 5117 maledicti,
2608 5059 2856 5120 paratum
2903 5051 3161 5115 ostendit,
3197 5053 3339 5107 sicut
3387 5067 3607 5123 regnum
3644 5042 3791 5115 jIISUS-

2275 5145 2367 5198 sed
2414 5144 2631 5198 diabolo
2659 5154 2712 5198 et
2757 5145 2960 5215 angelis
3005 5145 3144 5215 ejus,
3183 5145 3332 5214 quia,
3364 5158 3620 5216 quantum
3647 5138 3704 5193 ad
3732 5150 3793 5190 Si"

2275 5238 2521 5292 homines
2557 5253 2662 5291 non
2695 5239 2760 5291 ad
2792 5238 3149 5307 perditionem
3179 5239 3403 5304 creavit,
3439 5241 3531 5294 sed
3560 5239 3621 5293 ad
3656 5234 3788 5297 vitam

2272 5341 2327 5383 et
2351 5330 2628 5399 gaudium.
2650 5329 2944 5386 Peccantes
2963 5340 3141 5384 autem
3159 5331 3499 5401 conjungunt
3520 5346 3576 5385 se
3593 5321 3789 5382 diabolo,

2271 5429 2325 5475 et
2353 5421 2495 5476 sicut
2528 5422 2619 5489 qui
2668 5423 2945 5477 salvantur
2982 5421 3186 5477 sanctis
3228 5421 3432 5491 angelis
3458 5423 3784 5489 coaequalium

1287 5618 1307 5694 ξ’
1334 5617 1543 5694 llla_t_tl_i._
1571 5637 1663 5694 _xvt
1692 5664 1703 5683 ,
1753 5623 1841 5677 25.
1880 5691 1891 5694 Α
1910 5624 1930 5654 ⁸
1959 5622 2142 5681 llCor.

2295 5626 2383 5679 εξ).
2460 5624 2812 5679 ’I‘hilctn.7.
2891 5627 2937 5680 to;
2968 5625 3153 5679 Matth.
3194 5643 3319 5694 ιχν,
3349 5625 3435 5680 57.
3512 5610 3784 5680 “ibid.”-

610 5680 647 5708 “
679 5683 914 5739 ibid“.
994 5686 1038 5717 "
1072 5687 1199 5741 ibid.
1239 5687 1327 5741 41.
1406 5688 1449 5719 ¹’⁵
1475 5690 1602 5744 ibid.
1636 5680 1725 5747 29.
1805 5694 1847 5725 ⁸⁵
1879 5691 1976 5747 lsa.
2006 5710 2151 5759 th't,

2284 5734 2295 5747 .
2379 5695 2482 5748 “ll
2509 5697 2633 5750 Cor.
2674 5712 2745 5762 ιν,
2787 5696 2872 5752 18.
2952 5696 2992 5727 ⁸⁷
3028 5711 3117 5761 xx,
3147 5696 3235 5750 26.
