4052 6304
62 1880 97 1917 Α(

52 1977 97 2009 ts:

52 2070 88 2107 ti

51 2164 83 2201 ,ξ

51 2256 87 2292 ut

51 2340 83 2395 ,ιη

51 2428 79 2478 s

52 2526 75 2575 I

52 2614 67 2665 i

51 2720 65 2758 Ι

52 2798 57 2849 i

326 251 486 308 ΙἨἸ

1503 251 2156 310 COMMENTMHORUM
2200 254 2462 310 SElllES.

3468 263 3604 319 lilii

322 377 392 422 et
421 369 558 424 tiunt
582 368 673 423 lilii
702 369 1142 431 resurrectionis,
1180 377 1234 424 et
1261 370 1355 424 filii
1395 369 1512 435 Dei,
1538 379 1591 425 et
1613 371 1814 439 angeli,
1848 369 1927 425 sic
1959 374 1996 427 Α
2030 366 2257 434 fecistis,
2293 368 2369 421 illi
2426 378 2742 422 recusantes
2781 369 2987 439 dicant,
3034 386 3134 429 nec
3169 373 3293 440 hoc,
3339 389 3437 430 nec
3481 375 3604 441 hoc,

323 461 433 530 qui
489 470 747 530 pereunt,
793 462 994 517 diaboli
1040 462 1248 530 angelis
1288 470 1642 532 coaequantur
1681 473 1736 519 et
1785 463 1921 518 fiunt

326 551 437 606 filii
472 551 613 621 ejus.

414 643 502 697 75.
538 641 751 698 Esurivi
788 643 948 706 enim,
972 653 1021 697 et
1050 660 1152 697 non
1176 644 1398 699 dedistis
1424 646 1554 700 mihi
1577 646 1917 709 manducare,

327 741 394 788 et
421 743 612 788 caetera
648 734 712 787 “‘.
754 731 1030 803 Scriptum
1080 743 1165 790 est
1209 736 1275 790 ad
1306 735 1493 792 ﬁdeles
1523 738 1565 771 ¹⁹
1601 756 1615 793 :
1661 737 1760 792 Vos
1792 742 1919 791 estis

327 840 527 894 corpus
551 822 772 886 Christi,
794 833 844 877 et
869 823 1101 878 membra
1123 840 1187 878 ea:
1209 835 1377 894 parte.
1405 825 1559 882 Sicut
1581 842 1711 898 ergo
1737 828 1919 883 anima

328 914 593 969 habitans
642 914 695 968 in
734 929 963 984 corpore
1003 931 1127 971 cum
1161 933 1268 971 non
1299 919 1507 973 esuriat
1535 928 1800 989 quantum
1850 920 1917 974 ad

326 1018 492 1057 suam
533 1003 894 1058 substantiam
929 1006 1252 1074 spiritalem,
1283 1008 1456 1063 esurit
1500 1018 1683 1063 tamen
1721 1026 1918 1063 unum-

322 1108 611 1164 quemque
639 1097 888 1165 corporis
917 1098 1121 1162 cibum,
1149 1099 1276 1168 quia
1315 1100 1564 1169 copulata
1592 1108 1675 1156 est
1702 1101 1916 1170 corpori

322 1201 439 1239 suo
488 1205 502 1240 :
546 1186 626 1240 sic
668 1196 722 1242 et
767 1185 1019 1244 Salvator
1069 1190 1271 1259 patitur
1311 1206 1433 1261 quae
1475 1192 1679 1260 patitur
1719 1207 1918 1261 corpus

319 1275 454 1344 ejus
479 1274 742 1339 Ecclesia,
768 1292 892 1332 cum
925 1280 997 1333 sit
1026 1280 1142 1349 ipse
1169 1281 1527 1350 impassibilis
1557 1291 1823 1352 quantum
1851 1284 1918 1339 ad

322 1381 491 1420 suam
524 1366 886 1423 divinitatem.
926 1369 1146 1427 Sanctis
1192 1373 1337 1427 enim
1376 1372 1742 1442 indigentibus
1774 1374 1915 1438 cibo,

319 1466 382 1510 et
401 1458 515 1526 ipse
546 1460 736 1514 esurit.
772 1460 906 1515 Aliis
927 1472 1108 1516 autem
1131 1464 1392 1519 membris
1415 1465 1530 1520 suis
1552 1464 1917 1520 necessariam

320 1547 658 1604 habentibus
700 1550 1047 1619 medicinam,
1096 1560 1149 1606 et
1192 1554 1308 1623 ipse
1343 1555 1500 1623 quasi
1545 1553 1795 1609 inﬁrmus
1825 1570 1919 1610 ne-

320 1640 624 1694 cessariam
664 1641 848 1696 habet.
869 1640 998 1697 ltcm
1039 1643 1161 1700 aliis
1178 1646 1525 1716 susceptione
1551 1662 1688 1717 opus
1710 1647 1912 1701 haben-

2024 472 2125 513 nec
2166 458 2270 513 hoc
2309 457 2540 513 fecimus
2579 458 2695 512 tibi.
2734 457 2922 528 lnjusti
2964 475 3071 515 non
3120 462 3193 517 ita
3238 479 3335 534 per
3367 463 3603 536 singula,

2024 550 2117 604 sed
2146 548 2352 605 cursim
2381 549 2571 604 dicunt
2603 548 2648 580 ’⁵
2689 567 2702 603 :
2742 549 2966 614 Quando
3010 561 3058 606 te
3097 554 3325 607 vidimus
3369 558 3605 609 esurien-

2025 651 2148 707 tem,
2180 650 2273 695 aut
2303 642 2589 708 sitientem,
2622 651 2715 695 aut
2741 645 3096 713 peregrinum,
3123 655 3215 699 aut
3258 645 3480 711 nudum,
3510 656 3602 701 aut

2021 726 2312 796 infirmant,
2349 739 2440 781 aut
2468 729 2522 781 in
2552 745 2781 796 carcere,
2810 743 2857 785 et
2889 747 2994 785 non
3026 734 3442 789 ministravimus
3471 735 3602 789 tibi?

2021 819 2241 873 Verbum
2281 819 2701 877 ministravimus
2737 824 2833 876 tibi
2876 826 2942 878 ad
2973 825 3158 880 omnia
3202 818 3516 891 referentes,
3551 839 3599 882 ct

2020 911 2175 980 quasi
2207 911 2561 980 prwcidentes
2590 923 2643 967 et.
2682 925 3072 984 praetereuntes
3099 917 3331 972 crimina
3362 919 3600 990 singula,

2021 1015 2081 1057 ut
2111 1018 2218 1057 non
2267 1004 2518 1074 graviora
2555 1005 2838 1061 videantur
2874 1007 3161 1080 diligenter
3189 1020 3244 1065 et
3288 1009 3601 1082 singulatim

2019 1107 2337 1150 enumerata
2371 1114 2385 1150 :
2422 1096 2549 1166 quia
2582 1099 2863 1167 proprium
2896 1099 3166 1155 malorum
3199 1102 3482 1157 hominum
3517 1110 3602 1159 est

2019 1185 2210 1256 culpas
2253 1201 2405 1251 suas,
2450 1190 2822 1247 excusationis
2866 1206 3056 1258 causa,
3097 1200 3189 1247 aut
3235 1195 3414 1251 nullas
3465 1196 3601 1253 velle

2019 1279 2325 1344 ostendere,
2359 1289 2455 1335 aut
2500 1280 2646 1337 leves
2693 1290 2747 1337 et
2793 1297 3017 1353 paucas.
3065 1285 3171 1340 Sed
3220 1294 3275 1342 et
3317 1288 3602 1358 responsio

2019 1368 2222 1424 Christi
2245 1380 2355 1424 tam
2390 1371 2456 1425 ad
2480 1371 2662 1442 justas
2696 1371 2861 1439 facta,
2885 1391 3049 1445 quam
3082 1377 3148 1432 ad
3173 1376 3427 1448 injustas,
3453 1380 3600 1437 hunc

2020 1459 2197 1529 ipsum
2230 1461 2501 1532 signiﬁcat
2528 1461 2883 1519 intellectum.
2920 1465 3120 1524 Volens
3145 1469 3290 1523 enim
3320 1471 3594 1540 justorum

2020 1550 2298 1606 benefacta
2347 1552 2633 1609 ostendere
2691 1556 2946 1626 grandia,
3009 1571 3352 1630 peccatorum
3415 1571 3594 1618 autem

2014 1641 2199 1709 culpas
2221 1656 2328 1694 non
2356 1642 2604 1712 grandes,
2627 1643 2693 1697 ad
2716 1644 2889 1712 justos
2917 1644 3132 1714 quidem
3160 1644 3291 1701 dicit
3314 1646 3359 1678 "
3390 1665 3402 1701 :
3429 1646 3512 1702 Ea:
3529 1664 3589 1702 eo
3612 1672 3618 1685 -

318 1732 494 1799 tibus,
530 1731 645 1803 ipse
674 1735 827 1804 quasi
860 1737 1180 1807 peregrinus
1211 1739 1265 1793 in
1295 1740 1375 1794 eis
1404 1742 1598 1809 quam
1626 1738 1719 1794 ubi
1748 1747 1912 1808 caput
1947 1718 1987 1774 Β
2015 1732 2151 1800 quod
2166 1732 2357 1803 fecistis
2386 1735 2479 1786 uni
2508 1750 2571 1787 ea:
2600 1734 2832 1789 minimis
2860 1735 2972 1789 istis
3003 1736 3254 1806 fratribus
3284 1739 3434 1804 meis,
3461 1740 3589 1793 mihi

319 1837 489 1879 suum
541 1827 786 1882 reclinet.
828 1827 919 1882 Sic
949 1837 1003 1882 et
1035 1829 1089 1883 in
1125 1831 1288 1886 nudis
1322 1831 1484 1902 alget,
1516 1839 1570 1886 et
1613 1831 1667 1885 in
1699 1831 1910 1886 vestitis

321 1915 581 1971 vestitur.
626 1915 691 1971 Et
723 1917 768 1974 si
803 1933 868 1972 ex
911 1918 1204 1975 dilectione
1234 1919 1438 1977 Paulus
1467 1920 1601 1976 dicit
1634 1922 1678 1953 ⁸⁰
1723 1938 1738 1975 :
1775 1919 1907 1985 Quis

316 2005 492 2077 890
521 2007 848 2077 infirmatur,
874 2019 925 2064 et
972 2027 1077 2066 non
1105 2012 1391 2081 inﬁrmor?
1419 2020 1473 2067 et
1502 2012 1605 2068 hoc
1630 2013 1805 2082 magis
1839 2012 1906 2067 ad

318 2097 540 2154 laudem
576 2101 799 2171 respicit
830 2103 1077 2173 Apostoli
1114 2104 1448 2159 ostendentis
1475 2104 1905 2175 magnitudinem

317 2191 607 2247 cbaritatis
650 2208 763 2247 sua:
804 2193 949 2249 circa
997 2194 1182 2251 fideles
1218 2213 1231 2250 :
1280 2196 1556 2266 quomodo
1590 2211 1699 2250 non
1729 2198 1906 2265 magis

316 2295 487 2349 quam
537 2279 741 2337 Paulus
791 2291 849 2339 et
901 2286 1082 2341 omnis
1129 2286 1295 2341 homo
1347 2286 1636 2341 dilectione
1677 2296 1904 2343 ornatus

315 2368 495 2425 Filius
528 2371 811 2428 cbaritatis
843 2372 938 2428 Dei
987 2367 1240 2430 Salvator
1273 2375 1453 2430 dicere
1488 2386 1667 2446 potest
1705 2393 1906 2433 conve-

316 2462 569 2516 nienter:
599 2462 730 2528 Quis
752 2464 1057 2535 inﬁrmatur
1083 2474 1133 2520 et
1159 2482 1265 2520 non
1289 2467 1569 2537 inﬁrmor?
1590 2468 1717 2537 quis‘
1747 2484 1903 2522 scan-

314 2550 616 2617 dalizatur,
641 2563 689 2606 et
714 2570 815 2608 non
840 2571 933 2626 ego
956 2558 1128 2611 uror?
1154 2556 1382 2627 Propter
1414 2557 1560 2627 quod
1597 2558 1732 2613 dicit
1761 2577 1774 2614 :
1808 2558 1903 2613 ln-

316 2641 507 2712 firmus
529 2643 631 2712 fui,
654 2644 734 2698 sic
751 2655 800 2699 et
825 2647 881 2700 in
903 2663 1110 2701 carcere
1126 2647 1230 2717 fui,
1253 2660 1300 2703 et
1326 2664 1427 2702 non
1450 2651 1710 2704 visitastis
1730 2667 1811 2704 me
1831 2652 1897 2705 “.

316 2730 377 2785 In
433 2749 654 2789 carcere
695 2736 840 2790 enim
894 2738 1140 2794 membro
1190 2739 1394 2795 Christi
1436 2742 1753 2810 constituto,
1786 2743 1902 2812 ipse

317 2839 431 2878 non
483 2835 566 2879 est
619 2828 835 2882 solutus
881 2843 912 2884 a
961 2844 1180 2886 carcere
1224 2832 1317 2901 qui
1360 2830 1494 2886 dicit
1527 2832 1594 2887 de
1622 2833 1772 2903 justo
1800 2836 1844 2866 "
1882 2853 1896 2889 :

316 2913 451 2967 Cum
481 2916 595 2985 ipso
629 2934 745 2970 sum
776 2919 833 2971 in
878 2920 1238 2989 tribulatione,
1296 2923 1400 2977 hoc
1442 2932 1528 2977 est
1559 2926 1899 2980 contribulur

313 3004 387 3058 ei.
416 3003 571 3060 Sicut
597 3008 740 3061 enim
772 3010 864 3079 qui
891 3027 1045 3067 meus
1082 3022 1184 3080 est,
1210 3013 1265 3067 iu
1298 3014 1652 3070 tribulatione
1684 3032 1894 3072 mecum

314 3105 419 3163 est,
448 3098 528 3152 sic
555 3106 610 3152 et
648 3113 749 3169 ego
784 3100 836 3153 in
871 3101 1221 3157 tribulatione
1251 3119 1377 3160 cum
1410 3120 1477 3160 eo
1515 3121 1660 3161 sum.
1697 3106 1761 3162 Et
1791 3109 1897 3164 hoc

314 3186 441 3242 dico
484 3202 591 3242 non
625 3187 882 3258 ignorans
926 3190 1290 3262 vulgariorem
1334 3193 1482 3248 illam
1524 3195 1895 3251 traditionem.

313 3275 382 3333 Et
419 3279 522 3334 hoc
564 3281 873 3344 considera,
918 3284 1046 3353 quia
1095 3284 1420 3341 immoratur
1463 3287 1518 3342 in
1569 3303 1899 3360 unoquoque

315 3371 482 3425 verbo
514 3371 744 3442 loquens
769 3372 836 3427 ad
858 3373 1062 3444 justos,
1090 3383 1145 3429 et
1175 3376 1406 3434 laudans
1430 3393 1548 3445 eos,
1580 3388 1634 3433 et
1664 3396 1758 3450 per
1784 3381 1898 3436 sin-

313 3463 467 3531 gulas
498 3464 706 3532 species
747 3479 935 3518 eorum
972 3463 1254 3519 benefacta
1286 3468 1611 3522 dinumerat.
1643 3468 1896 3539 Loquens

314 3562 496 3606 autem
540 3553 607 3607 ad
646 3554 880 3622 injustos
921 3554 1166 3623 praecidit
1210 3558 1625 3625 compendians,
1670 3570 1724 3614 et
1761 3577 1893 3615 con-

314 3649 578 3718 celligens
615 3648 903 3703 malefacta
940 3662 1128 3702 eorum
1164 3649 1218 3702 in
1254 3649 1417 3704 breve
1463 3669 1476 3704 :
1515 3650 1565 3705 id
1602 3663 1685 3708 est
1733 3654 1898 3722 justis

314 3741 529 3812 quidem
557 3742 626 3794 de
658 3739 972 3793 infirmitate
999 3739 1128 3793 dicit
1160 3756 1172 3793 :
1205 3736 1461 3809 Infirmus
1485 3741 1586 3811 fui,
1619 3754 1667 3795 et
1707 3745 1894 3797 visita-

312 3835 407 3888 stis
452 3848 565 3897 me;
610 3830 898 3900 separatim
943 3841 1123 3886 autem
1167 3833 1233 3887 de
1277 3848 1536 3889 carcere:
1589 3833 1655 3888 In
1687 3852 1895 3890 carcere

314 3925 422 3994 fui,
461 3933 512 3977 et
546 3924 762 3977 venistis
795 3921 864 3975 ad
898 3939 995 3976 me.
1035 3920 1114 3976 Ad
1157 3923 1390 3992 injustos
1429 3934 1607 3980 autem
1643 3942 1767 3981 cum
1795 3943 1892 3995 po-

315 4017 512 4072 tuisset
541 4016 795 4070 similiter
833 4015 1011 4071 facere
1036 4034 1050 4071 :
1079 4016 1331 4072 Infirmus
1360 4016 1459 4085 fui,
1488 4028 1542 4073 et
1567 4034 1674 4073 non
1703 4020 1859 4074 visita

314 4108 411 4164 stis
442 4122 561 4174 me;
590 4107 643 4161 in
667 4122 889 4164 carcere
914 4107 1014 4169 fui,
1040 4118 1092 4164 et
1120 4123 1227 4163 non
1259 4108 1490 4166 venistis
1516 4110 1581 4165 ad
1613 4126 1722 4176 me,
1751 4126 1883 4181 prae-

315 4198 496 4253 cidens
520 4198 910 4265 narrationem,
925 4199 1217 4253 subunavit
1234 4207 1545 4270 utrumque,
1563 4201 1777 4257 dicens:
1798 4200 1828 4255 Ι
1831 4220 1892 4256 n-

318 4291 493 4344 ﬁrmus
516 4290 596 4360 fui
620 4302 668 4345 et
694 4291 747 4345 in
769 4307 994 4359 carcere,
1019 4302 1066 4345 et
1092 4307 1194 4345 non
1219 4292 1473 4347 visitastis
1503 4309 1599 4346 me.
1619 4292 1887 4360 Quoniam

2015 1824 2227 1894 fecistis.
2259 1824 2339 1880 Ad
2384 1824 2612 1895 injustos
2653 1836 2833 1881 autem
2867 1827 2945 1882 sic
2985 1829 3030 1860 “
3064 1844 3076 1880 :
3108 1827 3191 1882 Ea:
3222 1844 3280 1882 eo
3319 1830 3457 1899 quod
3486 1847 3589 1885 non

2014 1915 2207 1985 fecistis
2251 1917 2343 1970 uni
2379 1932 2443 1970 ea:
2483 1917 2715 1972 minimis
2756 1919 2888 1983 istis,
2929 1936 3022 1974 nec
3063 1920 3191 1974 mihi
3233 1921 3445 1991 fecistis,
3478 1937 3585 1977 non

2012 2006 2273 2076 adjiciens
2303 2009 2554 2079 fratribus
2580 2011 2728 2072 meis,
2763 2012 3216 2081 quemadmodum
3245 2028 3369 2068 cum
3399 2014 3590 2085 loque-

2014 2107 2165 2153 retur
2181 2099 2246 2154 ad
2265 2099 2467 2170 justos.
2494 2099 2629 2155 Nam
2649 2102 2871 2158 abusive
2890 2103 3108 2174 quidem
3131 2119 3330 2159 nomen
3355 2105 3587 2177 [omnes]

2008 2184 2292 2240 credentes
2336 2185 2390 2240 in
2425 2184 2648 2241 Christo
2692 2186 2888 2243 fratres
2932 2197 3062 2243 sunt
3110 2189 3336 2246 Christi.
3382 2190 3590 2246 Revera

2006 2283 2186 2331 autem
2224 2274 2423 2332 fratres
2444 2277 2564 2347 ejus
2593 2288 2739 2343 sunt,
2769 2279 2864 2351 qui
2894 2280 3118 2349 perfecti
3148 2290 3297 2346 sunt,
3321 2289 3374 2337 et
3404 2282 3587 2336 imita-

2006 2377 2154 2423 tores
2183 2378 2312 2423 sunt
2337 2368 2478 2439 ejus,
2512 2371 2654 2425 sicut
2687 2370 2777 2424 ille
2806 2371 2899 2441 qui
2927 2372 3064 2426 dixit
3096 2389 3110 2427 :
3146 2371 3454 2428 Imitatores
3485 2375 3588 2428 mei

2002 2470 2186 2525 estate,
2213 2460 2352 2514 sicut
2392 2469 2440 2514 et
2474 2476 2567 2534 ego
2609 2460 2810 2516 Christi
2845 2461 2922 2531 '7;
2957 2464 3050 2534 qui
3084 2474 3318 2536 possunt
3343 2465 3524 2521 dicere
3573 2486 3586 2521 :

2004 2551 2169 2606 Pater
2214 2561 2391 2606 noster
2428 2554 2518 2623 qui
2553 2569 2606 2607 es
2640 2554 2697 2607 in
2724 2555 2869 2611 ctelis
2902 2557 2967 2610 ³⁸.
3017 2554 3238 2613 Gratius
3277 2566 3361 2612 est
3406 2568 3588 2614 autem

2002 2641 2146 2712 apud
2192 2639 2363 2695 Deum
2415 2656 2558 2712 opus
2588 2642 2793 2699 bonum
2843 2644 2989 2715 quod
3025 2645 3086 2701 lit
3131 2645 3184 2700 in
3222 2647 3589 2701 sant-tioribus

2002 2751 2173 2806 quam
2203 2735 2256 2789 in
2289 2735 2534 2790 minimis
2569 2735 2797 2804 sanctis,
2821 2746 2877 2791 et
2901 2736 3076 2790 levior
3099 2737 3255 2807 culpa
3290 2747 3376 2793 est
3419 2739 3591 2809 negli-

2001 2844 2128 2898 gere
2145 2827 2330 2882 minus
2355 2836 2572 2882 sanctos
2589 2842 2752 2897 quam
2778 2828 3100 2884 sanctiores.
3126 2827 3380 2885 Minimas
3406 2840 3585 2885 autem

2002 2918 2093 2973 hic
2118 2917 2273 2985 dicit,
2305 2927 2401 2972 aut
2422 2918 2579 2988 quasi
2614 2919 2667 2971 in
2695 2918 2901 2974 mundo
2936 2918 3192 2974 minimos
3224 2920 3585 2988 existimatos,

1999 3018 2095 3064 aut
2118 3010 2246 3080 quia
2273 3009 2418 3080 apud
2455 3010 2664 3080 seipsos
2696 3009 2909 3064 minimi
2938 3019 3114 3066 erant.
3159 3008 3417 3067 Veientes
3439 3012 3587 3065 enim

2002 3101 2146 3171 apud
2170 3101 2343 3157 Deum
2383 3102 2498 3157 fieri
2532 3102 2738 3172 magni,
2767 3102 2979 3173 seipsos
3005 3102 3264 3158 minimos
3295 3102 3586 3158 faciebant.

2000 3193 2158 3263 quasi
2181 3193 2489 3249 charissimi
2518 3194 2772 3263 discipuli
2800 3194 2921 3264 ejus
2950 3194 3046 3263 qui
3074 3193 3212 3248 dixit
3240 3196 3285 3227 ’³
3321 3212 3333 3247 :
3381 3196 3582 3249 Discite

2000 3301 2033 3338 α
2086 3300 2189 3350 me,
2229 3286 2358 3356 quia
2415 3281 2564 3337 mitis
2603 3295 2723 3336 sunt
2757 3291 2810 3336 et
2849 3279 3068 3336 humilis
3138 3286 3315 3341 corde.
3361 3285 3426 3342 Et
3482 3287 3587 3341 hoc

1998 3378 2218 3435 attende
2240 3378 2501 3449 quoniam
2536 3393 2659 3432 cum
2691 3378 2845 3447 prius
2871 3377 3104 3433 dixisset
3135 3395 3149 3433 :
3196 3375 3393 3444 Venite,
3435 3379 3584 3432 bene-

1997 3470 2149 3536 dicti,
2189 3470 2382 3524 deinde
2415 3489 2429 3524 :
2464 3468 2749 3531 Discedite,
2787 3469 3097 3534 maledicti;
3142 3470 3401 3539 quoniam
3453 3484 3580 3539 pro-

1998 3562 2176 3629 prium
2213 3559 2338 3614 boni
2369 3558 2463 3613 Dei
2491 3558 2754 3628 estprius
2790 3559 3067 3613 recordari
3092 3559 3378 3614 benefacta
3412 3561 3582 3615 bono-

1999 3667 2118 3705 rmn
2166 3665 2331 3719 quam
2374 3648 2664 3704 malefacta
2714 3647 2982 3701 malorum
3035 3666 3048 3701 :
3104 3658 3291 3717 postea
3339 3650 3394 3703 in
3428 3650 3578 3704 exitu

1998 3752 2353 3811 utrorumque
2377 3740 2528 3810 prius
2554 3739 2800 3792 nominat
2827 3753 3041 3806 postiam
3066 3739 3359 3804 malorum,
3383 3739 3580 3794 deinde

1998 3834 2164 3887 vitam
2196 3834 2463 3887 bonorum
2497 3830 2687 3886 dicens
2710 3829 2754 3861 ’°
2787 3848 2799 3882 :
2835 3828 2902 3881 Et
2940 3830 3155 3883 abibunt
3180 3828 3265 3884 illi
3289 3829 3346 3882 in
3371 3845 3578 3899 poenam

1995 3937 2266 3991 aeternam,
2303 3925 2358 3978 Ιιὶ
2398 3932 2574 3978 autem
2617 3923 2673 3976 in
2707 3924 2871 3976 vitam
2914 3930 3206 3987 teternam;
3235 3931 3295 3978 ut
3337 3925 3575 3994 primum

1994 4034 2116 4089 qua:
2145 4017 2359 4073 timoris
2388 4027 2516 4073 sunt
2541 4016 2806 4071 evitemus
2835 4015 2996 4082 mala,
3028 4025 3215 4086 postea
3241 4031 3362 4087 qua:
3405 4019 3575 4073 hono-

1996 4110 2070 4165 ris
2102 4117 2250 4173 sunt,
2285 4116 2608 4177 appetamus
2639 4107 2801 4160 bona.

2066 4199 2152 4254 74.
2187 4197 2256 4252 Et
2306 4199 2506 4267 factum
2555 4205 2633 4250 est
2668 4204 2945 4266 postquam
2990 4198 3372 4251 consummavit
3415 4197 3572 4253 Jesus

1995 4308 2171 4348 omnes
2201 4305 2465 4344 sermones
2495 4288 2609 4354 hos,
2642 4288 2779 4341 dixit
2816 4287 3092 4358 discipulis
3135 4291 3245 4344 suis
3273 4290 3337 4342 ³¹.
3375 4289 3572 4347 Voleus

315 4385 684 4451 misericordis
704 4384 908 4455 judicis
927 4382 1345 4439 eratbenefacta
1367 4384 1583 4454 quidem
1606 4386 1885 4441 hominum
1925 4394 1963 4446 n
1993 4382 2278 4438 ostendere
2323 4381 2470 4451 quod
2504 4380 2688 4434 omnia
2734 4379 2786 4433 in
2837 4380 3096 4449 pondere,
3130 4390 3183 4436 et
3221 4398 3467 4449 numero,
3517 4394 3572 4438 et

314 4476 516 4547 largius
562 4477 863 4547 praedicare
915 4484 969 4531 et
1013 4475 1308 4544 ampliare,
1367 4474 1652 4530 malefacta
1704 4487 1882 4530 autem

315 4584 497 4624 eorum
547 4569 863 4625 transitorie
907 4587 1213 4629 memorare
1266 4583 1332 4622 ac
1375 4568 1639 4625 breviare.
1682 4570 1785 4626 Sed
1830 4579 1885 4625 et

313 4659 437 4731 justi
465 4659 829 4716 immorantur
858 4664 912 4718 in
944 4680 1272 4735 unoquoque
1306 4665 1490 4730 verbo,
1532 4664 1774 4718 dicentes
1799 4663 1879 4717 "z

320 4754 537 4820 Quando
569 4765 616 4811 te
650 4757 874 4811 vidimus
915 4758 1228 4813 esurientem
1254 4768 1302 4813 et
1338 4758 1646 4819 cibavimus,
1676 4768 1767 4811 aut
1803 4757 1881 4811 si-

318 4849 522 4902 tientem
561 4856 611 4903 et
637 4849 955 4919 putavimus,
995 4858 1087 4902 aut
1122 4852 1321 4903 nudum
1353 4858 1402 4903 et
1431 4850 1750 4915 vestivimus,
1790 4858 1883 4902 aut

314 4939 636 5010 peregrinum
678 4948 727 4993 et
750 4938 1098 5009 collegimus?
1148 4940 1253 4993 Aut
1300 4939 1511 5009 quando
1565 4948 1612 4993 te
1658 4939 1883 4992 vidimus

315 5031 602 5100 inﬁrmant,
651 5038 746 5083 aut
785 5030 840 5084 in
885 5030 1134 5084 carcere?
1169 5028 1438 5096 Quoniam
1490 5030 1766 5099 proprium
1801 5036 1885 5083 est

314 5121 573 5191 iustorum
606 5122 869 5177 beneficia
913 5138 1013 5180 sua
1052 5123 1216 5178 relata
1254 5122 1358 5177 sibi
1383 5123 1435 5176 in
1472 5121 1629 5187 faeie,
1655 5121 1882 5191 diligen-

319 5223 389 5266 ter
407 5223 463 5269 et
481 5229 575 5285 per
591 5215 803 5285 singula
824 5213 1060 5270 refutare
1076 5230 1240 5270 causa
1257 5215 1576 5270 humilitatis
1593 5233 1603 5268 :
1623 5225 1880 5282 tanquam

320 5306 358 5360 si
382 5307 591 5364 dicente
616 5307 872 5375 Domino,
909 5308 1035 5371 hoc,
1067 5315 1121 5361 et
1146 5308 1329 5371 hoc,et
1361 5307 1462 5362 hoc
1490 5308 1691 5362 bonum
1713 5306 1764 5360 in
1794 5319 1881 5360 me

382 5527 421 5557 ⁸⁸
451 5527 636 5585 Matth.
667 5545 796 5591 xxv,
828 5529 917 5585 4‘2.
1026 5531 1066 5561 "
1099 5530 1116 5584 Ι
1146 5529 1271 5584 Cor.
1300 5544 1397 5596 xu,
1422 5529 1514 5583 27.

320 5597 451 5669 57_r_t
482 5614 633 5669 seqq.
710 5602 758 5632 ’δ
787 5600 914 5655 ibid.
965 5599 1054 5654 Μ.
1133 5601 1176 5632 ’⁵
1206 5600 1337 5655 ibid.
1367 5601 1455 5655 40.

320 5669 356 5700 ³ο
390 5667 572 5725 Matth;
600 5667 732 5735 xxv,
757 5670 825 5725 46
900 5670 941 5703 "
976 5670 1159 5727 Matth.
1188 5685 1337 5737 xxvr,
1371 5673 1421 5726 1.

1534 5600 1576 5629 ²⁶
1612 5598 1739 5654 ibid.
1792 5599 1879 5651 45.

1499 5671 1542 5701 ³¹
1568 5668 1723 5725 Joan.
1767 5685 1828 5734 tt,
1863 5673 1913 5723 4.

1624 5530 1667 5561 ²⁰
1697 5527 1736 5582 ll
1768 5527 1895 5581 Cor.
1924 5543 1996 5585 χι,
2026 5525 2117 5580 ‘29.

1996 4488 2251 4529 mensura
2286 4471 2569 4528 constituit
2610 4468 2776 4534 Deus,
2813 4470 2945 4524 dicit
2974 4470 3027 4524 in
3063 4471 3247 4541 aliquo
3284 4472 3402 4528 loco
3431 4476 3474 4509 ⁸²
3502 4475 3569 4528 ad

1991 4572 2218 4623 matrem
2261 4579 2415 4622 suam
2459 4583 2473 4619 :
2520 4562 2771 4617 Nondum
2803 4562 2941 4617 venit
2977 4563 3106 4617 hora
3142 4580 3275 4620 mea.
3310 4563 3439 4620 item
3469 4566 3515 4597 ³³
3552 4585 3565 4620 :

1993 4658 2149 4713 Nunc
2183 4659 2363 4712 anima
2398 4672 2516 4711 mea
2546 4657 2809 4720 turbatur,
2852 4665 2902 4709 et
2949 4657 3075 4727 quid
3118 4658 3333 4712 dicam?
3380 4658 3566 4725 Pater,

1988 4752 2137 4806 salva
2164 4767 2242 4804 me
2275 4766 2339 4803 ea:
2370 4750 2469 4803 hac
2501 4749 2652 4801 hora.
2686 4747 2789 4803 Sed
2823 4759 3036 4817 propter
3065 4749 3160 4803 hoc
3191 4753 3303 4804 veni
3346 4754 3402 4805 in
3431 4753 3567 4806 hanc

1989 4844 2195 4896 horam.
2227 4841 2357 4896 ltem
2389 4839 2435 4872 “
2462 4857 2475 4894 :
2507 4838 2694 4903 Pater,
2733 4840 2867 4893 venit
2903 4839 3055 4903 hora,
3083 4839 3325 4909 clari/ica
3362 4841 3408 4894 F
3412 4844 3565 4896 ilium

1990 4944 2158 5000 tuum,
2192 4941 2321 4987 utet
2356 4930 2534 4985 Filius
2566 4940 2688 4984 tuus
2719 4930 2979 4999 clariﬁcet
3011 4942 3078 4985 te.
3128 4929 3221 4987 Sic
3269 4941 3323 4987 et
3370 4935 3561 4989 horam

1989 5025 2276 5082 constituit
2326 5023 2597 5094 passionis
2628 5022 2748 5078 Filii
2794 5023 2899 5078 sui.
2931 5023 3059 5078 Ideo
3106 5026 3206 5080 etsi
3250 5023 3565 5096 frequenter

1985 5117 2209 5173 insidias
2234 5130 2429 5187 passus
2456 5124 2540 5171 est
2564 5130 2595 5169 a
2624 5113 2847 5178 Judzeis,
2885 5114 3021 5169 nihil
3046 5117 3220 5185 potuit
3251 5119 3361 5186 pati
3386 5121 3563 5173 disce-

1983 5212 2143 5267 dente
2164 5211 2232 5265 ab
2259 5225 2326 5264 eo
2355 5208 2580 5264 diabolo
2613 5224 2787 5278 usque
2817 5210 2885 5263 ad
2916 5217 3129 5280 tempus
3165 5230 3176 5264 :
3207 5221 3261 5265 et
3286 5211 3419 5265 nihil
3448 5213 3557 5280 pati

1982 5309 2214 5375 poterat,
2245 5302 2418 5358 donec
2445 5312 2851 5359 consummaret
2879 5320 3070 5360 omnes
3102 5320 3381 5360 sermones
3404 5319 3560 5369 suos,

2224 5527 2265 5557 ἰ
2306 5526 2499 5580 Matth.
2534 5542 2660 5587 xxv,
2695 5527 2782 5580 45.
2817 5531 2859 5559 ¹²
2896 5526 3037 5581 Psal.
3073 5544 3157 5591 sc,
3182 5527 3268 5581 15.
3348 5529 3391 5560 ³³
3423 5530 3554 5588 ibid.

1997 5598 2039 5628 ’⁷
2072 5595 2087 5647 l
2121 5596 2251 5650 Cor.
2290 5612 2363 5659 XI,
2408 5596 2456 5651 l.
2571 5598 2614 5627 ³⁸
2640 5595 2826 5651 Matth.
2862 5613 2934 5660 Vl,
2964 5598 3015 5652 9.
3046 5598 3090 5629 ’°
3122 5596 3314 5654 Matth.
3349 5616 3425 5664 XI,
3460 5599 3555 5659 29.

1994 5665 2211 5722 "Joan.
2246 5680 2343 5730 xtl,
2379 5666 2469 5732 ‘27,
2496 5666 2582 5721 98.
2662 5667 2703 5697 ⁸⁵
2731 5666 2888 5723 Joau.
2924 5684 3051 5737 xvu,
3082 5669 3131 5722 1.
