4052 6304
524 448 668 500 ἲῖϋτ

1713 444 2036 500 ORlGENlS
2080 444 2143 499 IN
2188 443 2601 499 MATTIIAEUM

3633 451 3772 503 i708

509 538 652 615 'stoli
686 566 1004 624 senuerunt,
1048 573 1115 613 ex
1162 558 1359 628 quibus
1405 559 1536 613 dicit
1569 560 1634 613 ad
1663 558 1883 614 Petrum
1914 575 1928 611 :
1962 559 2096 613 Cum
2133 570 2165 622 Α
2203 555 2394 611 Omnia
2420 557 2563 611 enim
2591 556 2664 610 ibi
2687 555 3020 612 delectabilia
3047 564 3099 611 et
3120 557 3300 611 omnia
3320 556 3773 629 gaudia,quando

526 650 779 714 semieris,
829 649 1070 703 extendes
1122 665 1336 703 manum
1383 661 1525 704 tuam
1568 653 1632 717 ω,
1675 660 1729 706 et
1774 659 1985 706 caetera.
2025 649 2098 704 De

528 738 698 792 Paulo
727 749 905 793 autem
937 739 1140 793 dictum
1173 747 1256 793 est
1282 740 1345 794 ad
1374 738 1745 794 Philemonem
1773 754 1786 790 :
1818 736 1975 790 Nunc
2001 754 2099 791 au-

529 841 627 884 tem
667 840 727 883 ut
760 830 967 884 Paulus
1013 846 1167 885 senex-
1212 832 1272 898 “,
1304 847 1428 886 cum
1475 839 1620 887 esset
1662 829 2097 886 adolescentulus

525 923 745 992 quando
769 922 1081 993 Stephanus
1109 939 1208 993 pro
1242 923 1442 978 Christi
1473 922 1783 977 testimonio
1815 920 2096 991 lapidaba-

522 1024 648 1080 tur,
700 1022 755 1068 et
808 1014 922 1082 ipse
968 1014 1292 1069 vestimenta
1351 1014 1602 1069 servabat
1652 1012 2091 1068 interficientium

522 1122 649 1162 eum
679 1108 743 1161 ι’.
775 1104 892 1160 Hoc
917 1115 1096 1160 autem
1128 1106 1367 1161 diximus
1387 1117 1671 1176 propterea
1695 1104 1839 1175 quod
1864 1104 1996 1159 dicit
2016 1103 2090 1156 “z

526 1198 652 1253 Post
694 1198 919 1252 multum
952 1199 1196 1268 temporis
1231 1200 1367 1252 venit
1406 1199 1650 1252 dominus
1681 1213 1946 1251 servorum
1966 1195 2094 1249 illo-

521 1305 659 1343 rum.
696 1288 761 1343 Et
789 1290 1016 1344 observa
1051 1290 1104 1343 in
1153 1290 1258 1344 hoc
1298 1290 1419 1343 loco
1459 1289 1716 1360 quoniam
1754 1303 1863 1343 non
1891 1286 1957 1342 ad
1990 1286 2094 1341 do-

520 1383 726 1435 minum
755 1381 961 1435 vadunt
993 1390 1051 1435 ut
1074 1381 1387 1451 judiceutur
1418 1388 1473 1435 et
1514 1381 1675 1451 digna
1720 1379 1931 1436 actibus
1978 1377 2094 1434 suis

519 1472 807 1542 recipiant,
842 1473 932 1527 sed
965 1472 1221 1525 dominus
1246 1473 1389 1526 venit
1420 1472 1484 1525 ad
1518 1487 1613 1527 eos
1643 1487 1765 1527 cum
1799 1469 1963 1525 fuerit
1987 1469 2092 1522 im-

518 1565 719 1633 pletum
765 1565 909 1634 quod
959 1564 1164 1618 dictum
1212 1573 1315 1627 est,
1362 1564 1621 1634 quoniam
1667 1565 1813 1618 venit
1856 1573 2089 1632 tempus.

520 1652 755 1708 Veniens
783 1662 963 1707 autem
1000 1661 1159 1723 ponet
1183 1652 1450 1707 rationem
1482 1668 1604 1707 cum
1642 1652 1720 1706 eis
1747 1652 1813 1706 de
1839 1650 2092 1706 omnibus

518 1756 858 1810 quaecunque
897 1750 1157 1809 egerunt,
1207 1756 1568 1811 compensans
1620 1741 1770 1796 lucra
1823 1741 2089 1795 bonorum

518 1849 743 1902 cperum
781 1842 835 1887 et
880 1833 1161 1903 dispendia
1193 1842 1562 1904 peccatorum,
1595 1843 1656 1889 ut
1690 1849 1899 1903 ponens
1922 1833 2092 1888 ratio-

519 1942 664 1989 nem,
695 1934 749 1980 et
780 1926 1066 1997 diligenter
1106 1928 1359 1982 universa
1404 1927 1724 1993 discutiens,
1758 1941 2088 1996 unoquoque
2124 1910 2162 1964 Β

517 2018 662 2073 sicut
691 2027 903 2088 oportet
931 2028 1134 2072 utatur.
1168 2017 1434 2073 Debemus
1477 2033 1607 2087 ergo
1650 2017 1809 2087 quasi
1839 2017 1930 2087 qui
1961 2033 2088 2086 pec-

517 2111 691 2165 cando
722 2110 982 2164 damnum
1017 2109 1277 2171 l‘ccimus,
1313 2109 1451 2163 bona
1480 2117 1660 2162 autem
1687 2118 1976 2176 operantes
2002 2110 2084 2163 lu-

512 2216 754 2269 cremur,
786 2203 866 2258 sic
890 2202 1039 2257 omni
1070 2201 1317 2256 custodia
1346 2200 1511 2255 corda
1541 2210 1730 2256 nostra
1757 2215 1996 2266 servare,
2030 2210 2091 2256 ut

514 2309 640 2351 cum
668 2294 878 2348 venerit
921 2292 1184 2348 Dominus
1226 2300 1413 2347 noster
1439 2299 1495 2346 et
1532 2292 1779 2369 posuerit
1819 2292 2085 2347 rationem

516 2385 827 2450 nobiscum,
868 2400 974 2438 non
1005 2382 1347 2438 inveniamur
1373 2397 1474 2438 nec
1503 2397 1602 2452 pro
1629 2382 1807 2438 otioso
1838 2397 2089 2439 sermone

514 2476 772 2531 damnum
807 2475 1020 2530 iecisse.
1998 2479 2004 2484 ‘

585 2568 674 2622 67.
725 2566 794 2621 Et
828 2568 1076 2621 accedens
1132 2567 1220 2637 qui
1269 2567 1495 2637 quinque
1547 2564 1745 2620 talenta
1793 2573 2084 2634 acceperat,

514 2658 703 2713 obtulit
747 2659 860 2712 alia
901 2659 1159 2729 quinque,
1190 2658 1368 2712 dicens
1399 2672 1417 2710 :
1450 2656 1694 2721 Domine,
1723 2656 1951 2725 quinque
2000 2665 2086 2709 ta-

511 2749 659 2805 lenta
690 2750 821 2803 milii
850 2749 1068 2813 dedisti,
1113 2764 1228 2802 ecce
1270 2746 1382 2800 alia
1424 2746 1653 2816 quinque
1693 2745 2085 2813 supei'lucratus

512 2855 654 2896 sum.
682 2840 774 2895 Ait
806 2842 853 2894 ei
875 2841 1120 2894 dominus
1157 2839 1270 2909 ejus
1298 2854 1317 2891 .'
1347 2837 1512 2908 Euge,
1555 2852 1698 2890 serve
1725 2838 1854 2891 bone
1880 2845 1929 2891 et
1956 2837 2088 2904 ﬁde-

510 2932 579 2985 lis
612 2947 631 2986 :
655 2933 780 3002 quia
807 2948 962 3002 super
1005 2947 1176 3001 pauca
1217 2931 1369 2999 luisti
1415 2928 1608 2999 ﬁdelis,
1639 2944 1801 2997 supra
1833 2927 2004 2981 multa
2037 2937 2086 2983 te

511 3026 854 3087 constituam,
901 3023 1044 3076 intra
1080 3025 1136 3076 in
1168 3021 1422 3093 gaudium
1451 3020 1653 3075 domini
1688 3020 1785 3074 tui.
1821 3020 2083 3074 Accedens

510 3124 688 3167 autem
725 3125 774 3167 et
814 3114 903 3182 qui
952 3114 1056 3166 duo
1099 3113 1298 3167 talenta
1348 3119 1646 3179 acceperat,
1678 3109 1753 3164 ait
1787 3125 1806 3164 :
1840 3109 2081 3177 Domine,

511 3205 615 3257 duo
670 3204 870 3257 talenta
919 3204 1049 3256 mihi
1098 3203 1327 3266 dedisti,
1361 3218 1477 3256 ecce
1519 3201 1630 3255 alia
1685 3201 1790 3254 duo
1846 3201 2080 3255 lucratus

511 3309 649 3348 sum.
686 3294 775 3347 Ait
814 3292 898 3346 illi
937 3292 1182 3346 dominus
1211 3291 1326 3361 ejus
1358 3307 1376 3344 :
1407 3289 1578 3361 Euge,
1609 3306 1750 3344 serve
1782 3290 1910 3344 boue
1939 3299 1989 3344 et
2016 3291 2082 3360 ﬁ-

510 3384 642 3437 delis
678 3400 696 3437 :
723 3384 849 3454 quia
876 3398 1031 3451 super
1053 3398 1223 3452 pauca
1253 3382 1403 3450 fuisti
1434 3379 1626 3449 ﬁdelis,
1653 3396 1814 3448 supra
1842 3379 2008 3434 multa
2033 3388 2082 3433 te

511 3478 851 3542 constituam,
880 3477 1025 3530 intra
1044 3476 1099 3528 in
1119 3473 1372 3545 gaudium
1396 3472 1597 3525 domini
1629 3472 1857 3525 tui“°“.
1888 3470 1962 3525 Ita
1989 3486 2081 3527 ac-

511 3566 676 3622 cessit
703 3566 911 3636 primus
936 3565 1092 3634 quasi
1140 3563 1235 3633 qui
1282 3561 1470 3615 habuit
1521 3561 1772 3615 ﬁduciam
1823 3574 1890 3615 eo
1932 3557 2078 3629 quod

511 3665 764 3728 operatus
790 3655 967 3711 fuerat
1005 3662 1060 3709 et
1098 3653 1358 3709 lucratus.
1397 3651 1531 3706 Nam
1576 3650 1770 3706 ﬁducia
1808 3651 1925 3719 ipsa
1956 3649 2081 3705 fecit

507 3763 633 3802 eum
684 3747 914 3810 audere,
957 3754 1017 3800 ut
1055 3745 1122 3801 ad
1157 3746 1439 3801 dominum
1464 3744 1676 3814 primus
1696 3744 1995 3809 accederet,
2027 3751 2079 3797 et

511 3840 768 3895 audacter
795 3838 1000 3894 faceret
1037 3853 1344 3894 sermonem
1375 3838 1605 3893 dicens:
1644 3837 1894 3902 Domine,
1920 3837 2077 3906 quin-

508 3948 606 4002 que
639 3931 836 3985 talenta
879 3931 1010 3985 mihi
1053 3931 1267 3997 dedisti,
1307 3946 1424 3984 ecce
1466 3930 1578 3983 alia
1624 3929 1849 3999 quinque
1877 3927 2078 3982 talenta

507 4022 674 4094 885
703 4025 939 4077 lucratus
966 4039 1084 4076 sum
1104 4038 1260 4091 super
1294 4038 1376 4076 ea.
1400 4020 1480 4076 Ad
1514 4035 1674 4090 quem
1708 4020 1961 4075 dominus
1990 4020 2075 4075 di»

511 4116 590 4168 xit
618 4128 805 4168 vocem
836 4113 1092 4168 omnibus
1116 4114 1275 4168 nobis
1305 4112 1596 4181 optabilem
1618 4155 1632 4178 ,
1676 4127 1799 4167 cum
1834 4114 2078 4181 posuerit

513 4206 776 4260 rationem
810 4205 974 4259 etiam
1002 4204 1286 4258 nobiseum
1322 4202 1585 4258 Dominus
1620 4212 1805 4258 noster
1835 4202 2023 4259 dicens
2059 4222 2072 4258 :

511 4297 678 4367 Euge,
715 4311 855 4349 serve
877 4295 1005 4349 bone
1027 4304 1073 4347 et
1104 4294 1312 4363 ﬁdelis;
1336 4294 1662 4349 contrariam
1688 4294 1736 4349 ei
1763 4294 1881 4349 voci
1909 4310 2073 4365 quam

508 4386 648 4441 dixit
685 4385 753 4440 ad
802 4385 1018 4439 tertium
1055 4402 1068 4438 :
1100 4382 1256 4438 Serve
1303 4383 1443 4437 male
1474 4393 1524 4436 et
1569 4384 1732 4454 piger.
1797 4381 1931 4450 Quis
1965 4400 2071 4438 non

504 4487 659 4548 optet
682 4476 1112 4531 exhortationem
1143 4474 1415 4543 accipiens
1439 4490 1506 4528 ex
1537 4475 1641 4529 ista
1676 4474 1944 4543 scriptura
1964 4515 1979 4541 ,
2012 4482 2074 4529 ut

2199 650 2290 718 qui
2325 649 2414 702 hic
2442 648 2590 707 llent.
2640 647 2713 703 ibi
2760 648 3050 714 ridebunt,
3099 656 3153 702 et
3193 651 3286 717 qui
3320 650 3661 707 laudabiliter
3686 654 3770 708 lu-

2198 746 2345 806 gent,
2369 739 2793 794 consolationem
2829 739 3099 808 accipient
3131 739 3371 808 dignam.
3401 739 3558 807 Quod
3587 752 3767 800 autem

2197 831 2328 885 dicit
2356 829 2437 884 vel
2466 830 2519 883 in
2548 845 2616 885 eo
2643 829 2735 899 qui
2769 830 3011 900 quinque
3043 830 3242 884 talenta
3271 841 3579 901 acceperat,
3602 835 3688 889 vel
3713 835 3766 889 in

2198 920 2304 976 isto
2331 921 2424 991 qui
2455 921 2597 985 duo,
2626 912 2876 975 accedens
2896 962 2911 988 ,
2949 922 3186 992 intelligo
3217 922 3349 977 mihi
3403 939 3683 981 accessum
3715 937 3768 984 et

2196 1009 2484 1067 transitum
2515 1013 2583 1068 de
2607 1014 2711 1068 hoc
2740 1013 2944 1067 mundo
2976 1013 3043 1067 ad
3075 1014 3250 1081 illum,
3274 1026 3329 1071 et
3354 1017 3478 1072 vide
3505 1020 3763 1088 quoniam

2197 1119 2303 1158 non
2346 1105 2507 1158 aliam
2557 1119 2743 1159 vocem
2788 1104 3044 1159 dominus
3075 1106 3302 1174 protulit
3344 1108 3412 1162 ad
3442 1110 3761 1172 secundum,

2198 1195 2300 1250 nisi
2327 1210 2490 1264 quam
2526 1196 2751 1264 protulit
2782 1196 2847 1249 ad
2889 1200 3123 1265 priorem
3156 1198 3344 1253 dicens
3378 1216 3393 1252 :
3434 1198 3597 1270 Euge,
3624 1217 3764 1257 serve

2196 1285 2324 1339 bone
2347 1295 2394 1340 et
2427 1286 2621 1355 fidelis,
2660 1302 2817 1355 super
2842 1289 3050 1341 modica
3071 1289 3244 1357 ﬁdelis
3267 1290 3439 1358 fuisti,
3463 1307 3618 1360 super
3650 1309 3764 1349 ma-

2194 1394 2296 1446 gna
2344 1386 2393 1431 te
2442 1379 2780 1432 constituam.
2845 1379 3043 1445 Quium
3095 1380 3354 1449 quoniam
3388 1381 3575 1435 eadem
3620 1383 3761 1439 dicta

2194 1478 2319 1523 sunt
2346 1469 2637 1533 ainbobus,
2673 1486 2741 1524 ne
2764 1469 2902 1526 forte
2927 1479 2981 1525 et
3007 1470 3102 1540 qui
3139 1472 3403 1527 minorem
3436 1473 3625 1528 habuit
3652 1474 3761 1528 vir-

2195 1570 2385 1623 tutem,
2410 1570 2465 1615 et
2494 1572 2660 1615 totam
2698 1561 2845 1615 illam
2879 1578 3043 1632 quam
3077 1563 3267 1618 habuit
3290 1565 3590 1619 secundum
3616 1566 3757 1635 quod

2192 1655 2478 1722 oportebat
2503 1655 2766 1718 exercuit,
2808 1657 2941 1709 nihil
2992 1658 3174 1711 minus
3206 1658 3492 1715 habiturus
3518 1660 3594 1715 sit
3619 1660 3756 1729 apud

2194 1742 2385 1810 Deum,
2426 1761 2590 1815 quam
2621 1746 2709 1800 ille
2734 1746 2829 1815 qui
2861 1746 2960 1802 fuit
2987 1748 3039 1801 in
3084 1749 3292 1818 majore
3321 1752 3541 1814 virtute,
3571 1761 3629 1806 ut
3656 1754 3755 1806 im-

2192 1836 2402 1905 pleatur
2430 1836 2484 1888 in
2511 1836 2592 1891 eis
2618 1838 2761 1906 quod
2796 1837 2998 1892 dictum
3027 1847 3113 1893 est
3126 1839 3206 1893 πε
3236 1818 3341 1903 Qui
3377 1839 3623 1906 multum,
3657 1857 3757 1896 non

2189 1927 2505 1991 abundavit,
2559 1937 2607 1981 et
2637 1928 2728 1999 qui
2766 1929 3065 1993 ntedicum,
3124 1945 3227 1984 non
3270 1932 3572 1988 minoravit.
3627 1930 3757 1989 Tale

2188 2019 2391 2088 aliquid
2427 2019 2731 2074 ostenditur
2755 2028 2809 2074 et
2834 2020 2977 2075 circa
3013 2023 3326 2076 mandatum
3357 2023 3664 2080 dilectionis
3688 2026 3757 2080 ad

2193 2108 2381 2174 Deum,
2412 2111 2496 2164 vel
2522 2108 2590 2163 ad
2618 2110 3154 2177 proximum,diceus
3183 2111 3253 2166 ita
3284 2113 3327 2144 "
3363 2129 3377 2166 :
3415 2111 3612 2183 Diliges
3642 2113 3759 2167 Do-

2188 2202 2389 2256 minum
2441 2201 2610 2255 Deum
2644 2210 2792 2255 tuum
2824 2218 2890 2256 ea:
2921 2210 3030 2256 toto
3075 2204 3231 2258 corde
3273 2213 3399 2271 tuo,
3435 2214 3485 2259 et
3528 2220 3594 2260 ex
3641 2214 3758 2263 tota

2187 2292 2366 2345 anima
2413 2300 2538 2358 tua,
2571 2301 2621 2346 et
2644 2307 2711 2346 ea:
2747 2300 2860 2346 tota
2892 2301 3060 2346 mente
3090 2302 3204 2348 tua.
3260 2288 3390 2349 Sine
3416 2294 3583 2350 dubio
3607 2295 3755 2350 enim

2187 2401 2310 2440 cum
2339 2402 2402 2441 ex
2440 2395 2554 2442 toto
2588 2387 2752 2443 corde
2784 2401 2885 2441 suo
2925 2387 3049 2457 quis
3081 2386 3334 2442 dilexerit
3366 2385 3534 2442 Deum
3555 2425 3571 2451 ,
3602 2394 3657 2441 et
3686 2400 3757 2441 ex

2188 2488 2299 2533 tota
2333 2478 2513 2533 anima
2555 2494 2689 2543 sua,
2723 2487 2779 2534 et
2802 2494 2867 2533 ex
2895 2486 3005 2533 tota
3036 2477 3235 2533 virtute
3262 2494 3383 2542 sua,
3433 2477 3593 2533 talem
3620 2478 3757 2533 dile-

2186 2569 2383 2625 ctionis
2417 2570 2578 2625 habet
2605 2570 2929 2635 mercedem,
2960 2570 3175 2640 qualem
3206 2570 3293 2624 ille
3322 2571 3415 2640 qui
3446 2568 3625 2638 majus
3650 2570 3755 2624 ba-

2186 2660 2302 2715 buit
2326 2676 2442 2727 cor,
2491 2662 2576 2715 vel
2601 2660 2695 2731 qui
2721 2661 3130 2715 eminentiorem
3164 2660 3327 2715 habet
3354 2660 3622 2720 animam.
3669 2659 3756 2714 vel

2186 2750 2278 2821 qui
2333 2750 2591 2820 majorem
2627 2749 2835 2820 accepit
2864 2751 3151 2805 virtutem.
3212 2747 3328 2806 Hoc
3376 2751 3522 2804 enim
3575 2751 3754 2806 solum

2186 2840 2446 2909 qumritur
2464 2879 2480 2903 ,
2510 2847 2571 2894 ut
2612 2838 2876 2911 quidquid
2896 2838 3149 2897 habuerit
3172 2840 3339 2896 homo
3366 2855 3435 2896 ex
3461 2838 3593 2905 Deo,
3639 2849 3753 2896 toto

2184 2943 2251 2984 eo
2285 2938 2469 2984 utatur
2494 2929 2560 2983 ad
2585 2928 2815 2999 gloriam
2841 2928 2958 2985 Dei.

2255 3017 2343 3072 68.
2384 3017 2647 3072 Accedens
2678 3027 2851 3072 autem
2891 3028 2940 3074 et
2968 3021 3056 3090 qui
3087 3035 3253 3073 unum
3302 3020 3551 3074 talentum
3594 3033 3747 3072 acce-

2182 3119 2354 3179 perat,
2387 3110 2463 3163 ait
2490 3125 2509 3163 :
2536 3108 2776 3172 Domine,
2811 3110 2921 3164 scio
2946 3112 3070 3180 quia
3090 3110 3246 3164 homo
3271 3111 3432 3165 durus
3459 3127 3533 3177 cs,
3568 3120 3614 3163 et
3637 3125 3744 3163 nte-

2187 3200 2255 3253 tis
2290 3199 2380 3253 ubi
2407 3215 2510 3253 non
2543 3201 2837 3265 seminasti,
2864 3210 2913 3254 et
2956 3216 3241 3271 congregas
3275 3202 3362 3255 ubi
3406 3217 3514 3255 non
3548 3203 3753 3270 sparsi-

2183 3291 2297 3353 sti;
2345 3298 2396 3344 et
2443 3290 2630 3344 timens
2675 3292 2818 3357 abii,
2850 3300 2902 3345 et
2944 3292 3195 3346 abscondi
3235 3293 3493 3347 talentum
3516 3302 3663 3346 tuum
3692 3291 3750 3345 in

2182 3393 2345 3437 terra.
2381 3380 2516 3435 Ecce
2545 3381 2701 3436 habes
2729 3390 2899 3437 tuum.
2950 3381 3277 3451 Respondens
3301 3392 3480 3437 autem
3505 3383 3748 3441 dominus

2180 3474 2329 3544 ejus,
2375 3474 2513 3527 dixit
2558 3474 2607 3527 ei
2652 3489 2671 3526 :
2719 3472 2862 3528 Male
2899 3490 3041 3529 serve
3079 3483 3129 3529 et
3172 3474 3347 3545 piger,
3380 3474 3582 3529 sciebas
3619 3477 3752 3545 quia

2183 3573 2316 3618 meto
2347 3563 2436 3618 ubi
2479 3579 2583 3617 non
2612 3562 2899 3628 seminavi,
2931 3572 2980 3617 et
3010 3579 3260 3634 congrege
3298 3563 3387 3617 ubi
3411 3582 3515 3619 non
3551 3567 3748 3635 sparsi.

2184 3654 2433 3725 Oportuit
2481 3670 2602 3724 ergo
2633 3662 2681 3707 te
2713 3653 3037 3708 committere
3065 3654 3336 3723 pecuniam
3377 3671 3549 3710 meam
3598 3672 3753 3710 num-

2180 3746 2453 3812 mulariis,
2497 3753 2555 3798 ut
2579 3745 2784 3800 veniens
2816 3745 3125 3814 recepissem
3148 3762 3264 3799 eam
3310 3762 3431 3801 cum
3466 3748 3640 3801 usuris
3677 3747 3743 3801 ".

2176 3835 2406 3891 .Videtur
2430 3837 2562 3891 mihi
2587 3837 2690 3891 iste
2715 3836 2808 3907 qui
2838 3852 3004 3891 unum
3026 3836 3284 3891 talentum
3314 3837 3542 3906 accepit,
3578 3836 3749 3896 fuisse

2181 3927 2322 3980 inter
2367 3928 2651 3983 credentes
2698 3928 2938 3997 quidem,
2990 3943 3099 3981 non
3147 3937 3327 3982 autem
3377 3937 3432 3983 et
3482 3928 3750 3986 ﬁduciali-

2178 4027 2260 4072 ter
2288 4026 2510 4090 agentes
2533 4018 2588 4073 in
2618 4018 2740 4086 ﬁde,
2765 4019 2858 4075 sed
2887 4019 3057 4076 latere
3086 4020 3348 4084 volentes,
3378 4028 3432 4076 et
3454 4020 3636 4073 omnia
3661 4019 3744 4072 iac

2177 4109 2380 4164 cientes
2402 4117 2462 4164 ut
2489 4123 2597 4164 non
2624 4118 3024 4178 cognoscantur
3047 4111 3202 4181 quasi
3231 4110 3547 4167 Christiani.
3609 4108 3747 4165 For-

2177 4200 2316 4255 sitan
2338 4210 2519 4256 autem
2542 4209 2597 4256 et
2623 4200 2715 4255 alii
2741 4217 2918 4258 mores
2939 4217 3127 4258 eorum
3153 4217 3261 4256 non
3289 4202 3425 4256 satis
3450 4209 3607 4256 erant
3633 4201 3748 4256 cul—

2176 4289 2401 4359 pabiles,
2425 4298 2481 4345 et
2507 4289 2652 4360 quod
2679 4299 3003 4360 acceperunt
3024 4291 3334 4346 cusrodiunt
3359 4289 3600 4359 quidem,
3632 4306 3743 4346 non

2177 4389 2357 4434 autem
2391 4388 2445 4435 et
2477 4380 2716 4448 addunt,
2766 4396 2941 4451 neque
2971 4382 3343 4452 negotiantur,
3390 4396 3566 4450 neque
3596 4380 3744 4436 ﬁdu-

2174 4468 2383 4522 cialiter
2427 4468 2596 4539 agunt
2627 4470 2682 4524 in
2707 4485 2772 4527 eo
2801 4489 2815 4525 :
2852 4480 3131 4542 propterea
3163 4471 3384 4526 verbum
3425 4472 3482 4525 in
3518 4472 3602 4527 eis
3628 4487 3740 4528 non

506 4571 693 4623 audiat
722 4583 750 4621 a
793 4567 1023 4622 Domino
1057 4582 1158 4621 suo
1194 4583 1208 4620 :
1247 4565 1494 4619 Fidelis?
1541 4565 1695 4632 Quod
1745 4568 1923 4622 simile
1952 4582 2073 4623 esse
2104 4581 2147 4636 ι)
2176 4558 2408 4629 ντοΐθεὶι
2437 4560 2504 4614 ad
2539 4561 2752 4630 majliS,
2783 4577 2962 4631 neque
3004 4562 3138 4617 alios
3184 4562 3491 4633 acquisivit.
3548 4561 3737 4616 Adhuc

505 4657 759 4710 existimo
786 4655 833 4709 ei
862 4654 1004 4724 quod
1031 4654 1234 4708 dictum
1268 4664 1350 4709 est
1381 4655 1448 4709 de
1483 4655 1780 4720 Abraham,
1815 4656 2069 4726 quoniam

497 4746 729 4799 credidit
769 4744 1039 4798 Abraham
1071 4743 1178 4798 Deo
1203 4785 1217 4809 ,
1257 4753 1306 4797 et
1350 4753 1650 4814 reputatum
1700 4754 1775 4799 est
1813 4746 1859 4798 ei
1887 4746 1955 4798 ad
1978 4746 2068 4815 ju-

503 4836 711 4889 stitiam
736 4836 781 4867 ’³⁸
805 4875 820 4898 ,
852 4837 993 4891 sicut
1033 4845 1086 4890 et
1127 4835 1176 4889 ei
1219 4834 1310 4904 qui
1354 4836 1562 4889 audivit
1599 4852 1628 4889 a
1674 4835 1894 4890 domino
1921 4852 2022 4892 suo
2057 4856 2069 4890 :

506 4925 662 4979 Serve
688 4925 879 4994 ﬁdelis.
932 4926 1060 4981 Sine
1093 4926 1257 4981 dubio
1283 4926 1416 4981 ﬁdes
1448 4927 1568 4997 ejus
1589 4928 1656 4982 ad
1680 4927 1946 4997 justitiam
1982 4943 2069 4982 re-

504 5024 691 5085 putata
738 5027 823 5071 cst
866 5018 950 5081 ei,
998 5026 1058 5071 ut
1099 5025 1343 5086 reputata
1384 5026 1469 5073 est
1514 5019 1580 5073 ad
1618 5019 1885 5088 justitiam
1937 5018 2071 5074 ﬁdes

508 5107 681 5176 ipsius
715 5109 806 5176 qui
838 5107 892 5160 in
926 5109 1140 5163 modico
1162 5109 1263 5163 fuit
1286 5108 1481 5164 ﬁdelis.
1511 5108 1720 5164 Modica
1744 5118 1924 5164 autem
1947 5117 2076 5165 sunt

505 5197 688 5252 omnia
736 5198 858 5252 vitae
890 5197 1049 5253 istius
1070 5238 1086 5264 ,
1130 5207 1192 5253 ut
1220 5214 1384 5254 omne
1416 5199 1831 5254 resurrectionis
1873 5208 2074 5271 myste-

504 5290 645 5345 rium
680 5291 728 5345 ei
758 5291 1014 5347 credatur
1047 5299 1100 5345 et
1136 5291 1537 5347 administratio
1585 5307 1944 5362 supernorum
1978 5292 2074 5346 bo—

502 5398 720 5437 norum.
776 5381 1072 5438 Videamus
1119 5392 1298 5438 autem
1327 5393 1515 5453 etquo
1542 5384 1842 5454 ingreditur
1881 5399 2072 5440 servus

504 5474 605 5527 iste
637 5473 813 5528 bonus
841 5481 895 5526 et
920 5472 1092 5527 lidelis
1116 5512 1130 5534 .
1165 5472 1258 5542 qui
1288 5473 1343 5526 in
1378 5473 1592 5528 modico
1620 5473 1744 5528 vitae
1788 5473 1945 5528 istius
1970 5471 2070 5527 fuit

504 5564 697 5617 ﬁdelis.
783 5562 977 5627 Intra,
1031 5562 1243 5631 inquit,
1296 5564 1350 5615 in
1397 5563 1654 5633 gaudium
1713 5562 1914 5617 domini
1968 5563 2065 5616 tui.

573 5778 613 5810 "
641 5780 797 5834 Joutt.
832 5801 940 5849 xxx,
976 5786 1060 5839 l8.
1157 5787 1196 5816 “
1230 5787 1456 5839 Philem.
1495 5788 1549 5841 9.

501 5864 587 5913 xv,
622 5850 674 5903 6.
754 5853 796 5879 ⁷⁸
827 5853 993 5909 Exod.
1027 5871 1136 5921 xvt,
1171 5857 1252 5912 18.
1331 5857 1374 5887 ⁷⁷
1406 5857 1591 5911 Matth.
1627 5871 1759 5921 xxtt,
1791 5857 1878 5910 57.

1644 5789 1687 5818 ¹¹
1719 5789 1837 5840 Act.
1867 5773 1969 5847 vlt,
2005 5785 2090 5839 57.

1956 5857 2001 5887 ⁷⁸
2032 5848 2220 5908 Matth.
2252 5870 2373 5915 xxv,
2400 5852 2470 5904 24
2499 5859 2552 5903 ct
2578 5866 2725 5919 seqq.

2177 4650 2430 4703 videntur
2478 4650 2609 4703 mihi
2643 4651 2736 4720 qui
2773 4650 3087 4721 hujusmodi
3141 4663 3298 4718 sunt,
3348 4652 3598 4707 timorem
3644 4649 3737 4706 Dei

2175 4738 2375 4793 habere
2415 4748 2469 4792 et
2511 4754 2702 4808 sapere
2748 4741 2814 4795 de
2862 4756 2928 4794 eo
2976 4742 3133 4810 quasi
3179 4743 3362 4812 aliquo
3409 4750 3650 4802 austero,
3685 4748 3740 4793 et

2173 4830 2330 4895 duro,
2366 4842 2419 4886 et
2450 4832 2799 4902 implacabili.
2874 4831 2963 4887 Sic
2992 4834 3139 4887 enim
3177 4835 3338 4888 verba
3373 4834 3490 4905 ipsa
3528 4831 3736 4904 signiﬁ-

2171 4932 2297 4975 cant
2340 4923 2718 4991 respondentis
2738 4963 2753 4988 ,
2784 4934 2837 4978 et
2864 4923 3128 4988 dicentis,
3165 4925 3393 4979 sciebant
3423 4926 3548 4995 quia
3571 4930 3736 4977 durus

2169 5027 2243 5076 es,
2278 5023 2332 5067 et
2361 5013 2517 5082 quasi
2549 5013 2643 5084 qui
2673 5014 2878 5070 sciebat
2903 5029 3027 5069 cum
3056 5023 3259 5069 metere
3310 5015 3399 5071 ubi
3439 5030 3548 5069 non
3577 5015 3741 5070 semi-

2169 5105 2321 5157 navit
2357 5114 2410 5158 et
2441 5119 2774 5176 congregare
2798 5106 2889 5162 ubi
2924 5120 3032 5161 non
3063 5105 3282 5175 sparsit.
3340 5104 3564 5174 Propter
3592 5104 3743 5177 quod

2169 5196 2504 5264 respondens
2530 5197 2580 5251 ei
2603 5197 2856 5254 dominus
2881 5198 3000 5267 ejus
3019 5238 3033 5264 ,
3080 5207 3133 5255 et
3161 5211 3392 5268 arguens
3423 5210 3547 5251 eum
3578 5197 3741 5266 quasi

2170 5289 2374 5343 malum
2410 5304 2628 5345 servum
2676 5298 2730 5346 et
2762 5291 2972 5359 pigrum
2995 5326 3013 5352 ,
3048 5303 3154 5342 non
3193 5287 3406 5357 quidem
3450 5284 3742 5340 confessus

2169 5391 2253 5436 est
2277 5397 2338 5436 se
2363 5396 2483 5437 esse
2510 5380 2788 5437 hominem
2813 5382 3033 5445 durum,
3058 5379 3199 5434 sicut
3228 5378 3317 5432 ille
3343 5377 3736 5441 arbitrabatur,

2173 5471 2383 5527 caeteris
2430 5481 2608 5525 autem
2659 5469 3005 5525 sermonibus
3045 5468 3165 5538 ejus
3194 5467 3474 5522 consensit
3499 5466 3686 5521 dicens
3722 5483 3737 5519 :

2176 5561 2245 5617 Et
2280 5562 2478 5615 sciebas
2511 5561 2637 5631 quia
2667 5572 2802 5616 meto
2828 5560 2918 5614 ubi
2948 5576 3049 5614 non
3074 5560 3324 5622 seminavi
3341 5599 3359 5627 ,
3398 5569 3447 5614 et
3487 5575 3743 5630 congrego

3530 5774 3577 5806 τ’
3606 5770 3754 5830 Gen.

2186 5783 2228 5815 ιο
2253 5782 2439 5837 Matth.
2473 5797 2595 5845 xxv,
2630 5782 2710 5836 19.
2808 5780 2918 5819 ιι-τι
2947 5779 3077 5836 ibid.
3106 5779 3179 5836 20
3203 5787 3260 5835 et
3289 5793 3439 5848 seqq.
