4052 6304
222 368 251 421 1
264 368 374 421 709

1393 352 2047 414 COMMENTARIORUM
2090 351 2352 412 SERIES.

3345 354 3482 405 Πιυ

211 480 321 534 ubi
348 495 451 533 non
480 479 675 549 sparsi.
716 475 1003 544 Quomodo
1044 484 1225 531 autem
1267 474 1632 545 intelligamus
1660 472 1803 543 quod
1833 479 1881 535 Α
1907 478 2233 539 acceperunt
2281 483 2311 520 a
2367 465 2545 521 nobis.
2606 461 2796 520 Omnis
2828 464 2973 519 enim
3010 464 3276 533 pecunia,
3315 466 3365 519 id
3400 479 3484 521 est

215 583 357 624 vere
406 566 673 625 Dominus
720 575 906 622 noster
959 567 1112 623 metit
1141 567 1231 621 ubi
1260 581 1368 620 non
1396 564 1719 626 seminavit,
1754 572 1809 618 et

215 669 531 731 congregat
557 660 648 715 ubi
679 675 789 715 non
820 659 1058 730 sparsit?
1091 658 1222 712 Mihi
1246 658 1348 713 hoc
1375 657 1587 711 videtur
1611 656 1664 709 in
1688 655 1809 708 loco

222 752 341 808 isto
371 753 631 822 quoniam
675 750 860 820 justus
905 750 1138 805 seminat
1166 752 1220 805 in
1249 750 1444 821 spiritu
1468 789 1483 812 ,
1519 764 1585 804 ex
1615 763 1725 819 quo
1757 757 1811 803 et

220 851 402 898 metet
431 843 595 896 vitam
630 850 887 897 atternam
918 842 988 896 ’9.
1049 838 1242 895 Omnia
1267 849 1447 895 autem
1480 855 1600 909 qua:
1631 840 1699 894 ab
1730 839 1811 893 al-

225 947 379 1003 tero,
411 939 463 993 id
492 947 573 994 est
599 953 629 993 a
653 938 804 1008 justo
830 937 968 1002 viro,
1003 936 1342 991 seminantur
1365 945 1419 989 et
1445 944 1719 990 metuntur
1740 933 1807 988 ad

221 1029 401 1084 vitam
432 1037 713 1094 aeternam,
743 1028 895 1082 metit
924 1025 1102 1094 Deus;
1131 1025 1224 1081 Dei
1255 1026 1399 1081 enim
1423 1034 1508 1080 est
1534 1023 1809 1095 possessio

216 1122 417 1192 justus
439 1162 455 1187 ,
484 1122 577 1192 qui
614 1121 767 1175 metit
793 1120 882 1174 ubi
912 1132 1022 1172 non
1054 1118 1171 1187 ipse
1205 1117 1534 1184 seminavit,
1582 1118 1674 1171 sed
1723 1114 1811 1169 ille

218 1215 436 1284 justus.
494 1213 905 1281 Consequenter
946 1218 1003 1265 et
1048 1211 1180 1264 illud
1229 1209 1504 1272 dicemus,
1550 1207 1809 1278 quoniam

219 1303 417 1373 justus
452 1302 730 1371 dispersit,
767 1300 914 1356 dedit
946 1300 1292 1371 pauperibus.
1335 1298 1600 1353 Dominus
1627 1307 1807 1352 autem

228 1395 292 1448 in
341 1407 446 1449 suo
481 1394 699 1463 colliget
730 1395 983 1448 universa
1027 1400 1450 1463 quantacunque
1489 1389 1669 1460 justus
1700 1389 1812 1444 dis-

228 1485 410 1554 persit
438 1492 492 1540 et
517 1485 666 1541 dedit
697 1484 1048 1555 pauperibus.
1089 1481 1297 1539 Metens
1331 1490 1514 1536 autem
1542 1497 1663 1550 qua:
1700 1495 1810 1534 non

227 1576 545 1644 seminavit,
565 1585 618 1631 et
641 1591 979 1647 congregans
1006 1590 1128 1645 que
1153 1589 1261 1629 non
1286 1573 1509 1644 sparsit,
1527 1572 1630 1627 sibi
1662 1586 1811 1627 coms

229 1678 393 1739 putat
437 1680 492 1724 et
532 1669 634 1724 sibi
688 1668 985 1723 arbitratur
1020 1682 1143 1724 esse
1185 1667 1418 1730 collata,
1472 1677 1813 1735 quaecunque

230 1761 568 1831 pauperibus
590 1760 836 1816 fidelibus
864 1758 1065 1815 fuerint
1085 1758 1353 1814 seminata
1380 1757 1464 1811 vel
1488 1770 1699 1826 sparsa,
1728 1753 1813 1809 di-

232 1867 372 1908 cens
405 1851 472 1906 ad
505 1867 600 1907 eos
626 1854 719 1923 qui
756 1853 895 1908 bene
929 1850 1193 1921 proximis
1222 1849 1338 1905 suis
1386 1842 1628 1904 fecerunt
1656 1865 1670 1901 :
1719 1845 1811 1901 Ve-

232 1944 377 2011 nite,
429 1943 685 1999 benedicti
714 1943 894 1998 Patris
919 1942 1021 1997 mei
1046 1983 1062 2009 ,
1092 1941 1399 1997 haereditate
1425 1956 1640 2011 regnum
1671 1938 1810 2007 quod

230 2034 383 2089 vobis
424 2045 675 2105 paratum
723 2045 822 2089 est.
884 2032 1099 2088 Esuriui
1140 2033 1311 2099 enim,
1343 2041 1393 2086 et
1432 2032 1656 2086 dedistis
1682 2031 1811 2085 mihi

234 2126 562 2181 manducare
584 2167 599 2190 ,
632 2136 688 2183 et
728 2135 926 2181 caatera
954 2127 1023 2182 ⁸ο.
1065 2124 1131 2179 Et
1162 2125 1289 2195 quia
1322 2124 1438 2178 vult
1480 2133 1682 2178 metere
1717 2123 1810 2178 ubi

234 2231 350 2271 non
382 2218 703 2282 seminavit,
731 2226 786 2273 et
811 2232 1142 2288 congregare
1182 2215 1274 2270 ubi
1304 2230 1411 2269 non
1439 2213 1662 2284 sparsit,
1684 2227 1809 2269 eum

236 2322 348 2361 non
380 2306 683 2372 invenerit,
715 2308 859 2363 dicet
901 2308 968 2363 ad
999 2322 1095 2363 eos
1125 2307 1219 2377 qui
1250 2321 1357 2361 non
1388 2305 1736 2374 praebuerunt
1761 2304 1811 2359 ei

235 2409 444 2453 metere
469 2408 523 2454 et
546 2414 875 2470 congregare
908 2417 922 2454 :
956 2397 1220 2453 Discedite
1244 2415 1273 2451 a
1305 2412 1407 2463 me,
1437 2395 1725 2460 maledicti,
1756 2395 1812 2448 in

236 2487 412 2558 ignem
445 2499 700 2543 teternum
724 2529 740 2555 ,
790 2504 939 2558 quem
964 2487 1281 2558 prwpararit
1314 2484 1480 2540 Pater
1521 2501 1663 2538 meus
1692 2485 1811 2538 dia-

239 2577 362 2632 bolo
393 2587 442 2633 et
472 2579 670 2647 angelis
698 2579 831 2648 ejus.
897 2577 1107 2634 Esuriri
1147 2579 1319 2643 enim,
1372 2586 1422 2632 et
1461 2594 1562 2631 non
1595 2575 1812 2629 dedistis

239 2669 373 2722 mihi
405 2669 764 2737 manducare,
797 2678 852 2725 et
883 2684 1076 2724 caetera
1102 2670 1169 2723 ⁸³.
1228 2667 1363 2723 Nam
1402 2676 1457 2723 et
1494 2681 1621 2722 vere
1646 2666 1811 2720 durus

238 2768 345 2824 est,
371 2760 671 2814 secundum
697 2761 838 2830 quod
863 2761 939 2815 ait
966 2760 1322 2826 Matthaeus”,
1347 2767 1403 2815 et
1434 2766 1700 2819 austerus.
1721 2773 1810 2814 se-

237 2852 478 2907 cundum
506 2854 651 2923 quod
683 2854 761 2907 ait
789 2852 967 2909 Lucas
995 2853 1062 2908 3'.
1124 2851 1228 2908 Sed
1257 2852 1342 2908 his
1369 2851 1463 2922 qui
1499 2851 1812 2907 misericor-

240 2943 330 2998 dia
360 2942 452 2999 Dei
480 2945 779 3001 abutuntur
828 2946 896 3001 ad
944 2945 1328 3017 negligentiam
1373 2959 1568 3011 suam,
1606 2957 1714 2998 non
1741 2940 1814 2996 ad

239 3034 708 3089 conversationem
737 3050 919 3098 suam,
945 3035 1090 3089 sicut
1119 3033 1196 3088 ait
1226 3032 1522 3103 Apostolus
1552 3031 1601 3064 ⁸⁵
1626 3048 1642 3086 :
1686 3028 1815 3085 Vide

240 3123 529 3179 bonitatem
555 3124 651 3179 Dei
681 3136 729 3180 et
757 3126 1110 3188 seueritatem,
1144 3124 1198 3178 in
1223 3138 1319 3180 eos
1347 3123 1565 3194 quidem
1601 3122 1693 3193 qui
1725 3135 1808 3176 ce-

239 3217 488 3273 ciderunt
520 3217 887 3282 severitatem,
921 3217 975 3271 in
1011 3225 1061 3271 te
1087 3224 1267 3270 autem
1295 3213 1591 3270 bonitatem
1618 3213 1663 3269 si
1686 3227 1813 3283 per-

241 3308 511 3365 manseris
560 3307 613 3362 in
669 3307 933 3363 bonitate.
1006 3305 1111 3372 Qui
1162 3306 1308 3361 enim
1358 3305 1561 3359 bonum
1605 3303 1816 3373 iudicat

240 3399 431 3468 Deum,
468 3400 695 3456 credens
717 3398 1106 3468 indulgentiam
1137 3396 1385 3464 accipere
1417 3396 1464 3449 si
1495 3395 1658 3449 fuerit
1680 3410 1815 3451 con-

240 3500 433 3541 versus
456 3486 521 3540 ad
545 3500 693 3550 eum,
723 3485 799 3538 illi
830 3485 1007 3539 bonus
1035 3492 1118 3538 est
1148 3483 1311 3537 Deus.
1369 3480 1472 3547 Qui
1496 3492 1675 3536 autem
1701 3482 1817 3537 exi-

243 3577 428 3631 stimat
456 3590 581 3630 eum
611 3575 692 3630 sic
717 3574 942 3641 bonum,
991 3581 1052 3628 ut
1077 3573 1247 3644 886
1274 3588 1380 3626 non
1407 3584 1562 3627 curet
1591 3572 1658 3626 de
1685 3586 1815 3641 pec-

246 3668 385 3724 catis
414 3672 753 3737 peccanttum
775 3703 791 3731 ,
824 3665 900 3719 illi
931 3680 1039 3719 non
1071 3673 1156 3719 est
1181 3664 1357 3719 bonus
1383 3660 1556 3726 Deus,
1597 3662 1692 3718 sed
1716 3678 1814 3717 au-

247 3770 444 3816 stertis.
510 3757 705 3813 Zelaus
753 3764 837 3812 est
887 3756 1031 3810 enim
1067 3771 1232 3826 super
1271 3763 1492 3825 peccata
1529 3754 1814 3809 hominum

247 3851 712 3909 eontemnentium
760 3864 838 3904 se.
898 3847 1102 3903 Tamen
1153 3848 1307 3918 quasi
1335 3847 1555 3903 Christo
1582 3855 1815 3902 metente

248 3959 369 4014 qua:
409 3956 518 3996 non
567 3941 992 4004 seminavimus,
1041 3947 1097 3995 et
1128 3947 1489 4010 congregante
1534 3953 1657 4009 qua:
1703 3952 1814 3992 non

250 4033 584 4104 sparsimus,
633 4031 966 4087 semiuemus
1012 4031 1067 4084 in
1111 4030 1340 4099 spiritu,
1390 4039 1445 4083 et
1495 4043 1815 4100 spargamus

252 4123 611 4192 jauperibus,
652 4132 705 4176 et
737 4121 997 4176 talentum
1052 4120 1140 4175 Dei
1174 4136 1281 4175 non
1327 4120 1726 4175 abscondamus
1758 4120 1814 4172 in

250 4224 412 4269 terra.
470 4211 582 4268 Nec
603 4213 747 4267 enim
775 4212 952 4267 bonus
985 4211 1299 4281 hujusmodi
1328 4210 1490 4264 timor
1511 4251 1528 4277 ,
1556 4224 1657 4265 nec
1682 4209 1817 4263 libe-

250 4314 331 4362 rat
379 4320 481 4361 nos
530 4305 653 4360 talis
700 4304 865 4359 timor
913 4303 982 4358 ab
1025 4302 1389 4358 exterioribus
1433 4300 1671 4356 tenebris
1709 4299 1816 4355 illis

250 4414 372 4454 eum
420 4397 687 4452 fuerimus
725 4394 969 4449 damnati
1020 4393 1177 4463 quasi
1214 4392 1338 4446 mali
1370 4392 1511 4448 servi
1556 4399 1611 4447 et
1652 4390 1811 4461 pigri.

1907 575 2069 617 omne
2092 559 2314 616 verbum
2345 558 2491 628 quod
2522 556 2685 611 habet
2726 556 2780 610 in
2828 569 2888 610 se
2928 554 3161 609 formam
3203 555 3297 610 Dei
3331 572 3485 628 rega-

1908 651 2038 715 lem,
2069 658 2125 706 et
2156 649 2448 735 imaginem
2485 645 2642 701 Verbi
2667 646 2806 715 ejus,
2842 644 3141 715 legitimum
3169 652 3274 700 est.
3314 645 3485 701 Num’

1910 744 2157 799 mulariis
2182 757 2311 813 ergo
2338 740 2472 796 viris
2492 740 2647 810 jubet
2676 738 2899 794 credere
2937 739 3163 792 verbum
3189 778 3203 801 ,
3231 739 3326 808 qui
3354 754 3483 809 pos-

1910 846 2041 892 sunt
2085 836 2206 904 ejus
2251 833 2475 889 reddere
2524 846 2741 887 usuras.
2808 829 3003 884 Reddit
3046 839 3230 885 autem
3279 844 3481 885 usuras

1909 926 2058 979 verbi
2082 924 2174 994 qui
2202 924 2397 979 iterum
2425 923 2645 977 festinat
2674 922 2888 976 salt-are
2918 935 3041 976 cum
3069 934 3156 984 eo,
3193 919 3337 974 sicut
3363 920 3479 989 ipse

1911 1016 2154 1071 salvatus
2199 1022 2283 1070 est
2331 1029 2347 1068 :
2393 1013 2535 1068 sicut
2583 1012 2850 1076 Andreas,
2911 1009 3126 1074 Petrus,
3172 1009 3478 1080 Philippus,

1909 1099 2230 1167 Nathanael,
2261 1099 2549 1154 Matthaeus
2586 1100 2929 1170 publicanus.
2994 1099 3061 1152 Et
3095 1100 3197 1154 hoc
3226 1111 3309 1153 eSt
3338 1100 3480 1169 quod

1911 1192 2043 1246 dicit
2068 1190 2360 1260 Apostolus
2385 1190 2430 1221 ⁸⁸
2463 1207 2475 1244 :
2517 1190 2647 1255 Quae
2670 1190 2871 1243 audisti
2895 1206 2927 1243 a
2954 1206 3034 1242 me
3063 1206 3154 1259 per
3182 1188 3375 1242 multos
3404 1199 3484 1242 te-

1911 1291 2014 1336 stes
2034 1322 2048 1346 ,
2096 1281 2207 1335 hazc
2235 1280 2543 1335 commenda
2583 1279 2827 1348 ﬁdelibus
2853 1280 3154 1333 hominibus
3181 1279 3274 1350 qui
3304 1278 3484 1332 idonei

1911 1380 2063 1427 erunt
2090 1382 2139 1425 et
2167 1371 2302 1425 alios
2331 1371 2534 1426 docere.
2579 1369 2840 1425 Similiter
2872 1380 2924 1426 et
2959 1371 3220 1425 Dominus
3244 1370 3439 1424 dicit“
3464 1386 3481 1424 :

1915 1462 2084 1516 Nemo
2128 1463 2365 1517 accendit
2408 1463 2716 1528 lucernam,
2764 1470 2815 1515 et
2871 1461 3017 1530 ponit
3062 1476 3177 1513 eam
3227 1460 3321 1512 sub
3372 1475 3486 1514 nio—

1912 1551 2033 1617 dio,
2067 1551 2157 1605 sed
2186 1565 2339 1620 super
2384 1550 2796 1618 candelabrum,
2830 1560 2888 1603 ut
2928 1551 3246 1604 introeuntes
3275 1550 3485 1604 videant

1912 1643 2109 1697 lumen.

1983 1734 2071 1791 69.
2116 1734 2309 1790 Tollite
2340 1734 2404 1788 ab
2431 1751 2490 1790 eo
2520 1736 2699 1807 itaque
2728 1735 2984 1790 talentum
3007 1775 3023 1801 ,
3061 1742 3112 1789 et
3139 1733 3295 1788 detur
3321 1732 3368 1786 ei
3392 1731 3483 1802 qui

1840 1830 1882 1886 B
1909 1824 2061 1880 habet
2087 1825 2261 1879 decem
2296 1825 2493 1880 talenta
2517 1825 2583 1880 ⁸⁷.
2645 1824 2806 1882 Vides
2832 1826 2960 1895 quia
2995 1824 3201 1878 tollitur
3222 1824 3483 1879 talentum

1912 1931 1944 1971 a
1977 1916 2123 1971 malo
2151 1930 2312 1972 servo
2336 1925 2391 1971 et
2421 1917 2610 1988 pigro,
2650 1925 2704 1972 et
2726 1918 2889 1971 datur
2915 1916 2964 1971 ei
2990 1916 3083 1986 qui
3112 1916 3271 1970 habet
3293 1915 3481 1969 decem

1914 2007 2137 2061 talenta.
2205 2004 2494 2072 Quomodo
2538 2014 2721 2060 autem
2768 2006 2975 2060 tollitur
3019 2004 3090 2059 ab
3126 2004 3309 2073 aliquo
3335 2002 3481 2072 quod

1911 2098 2099 2154 datum
2129 2097 2308 2153 fuerat
2334 2098 2408 2166 ei,
2440 2106 2495 2153 et
2519 2097 2679 2152 alteri
2711 2097 2873 2152 datur
2901 2098 3039 2151 bene
3065 2095 3266 2166 agenti,
3298 2103 3358 2149 ut
3386 2094 3484 2149 ha-

1912 2192 2038 2247 beat
2065 2191 2228 2247 etiam
2263 2191 2380 2246 haec
2403 2205 2567 2260 super
2603 2189 2693 2244 illa
2719 2204 2841 2259 qua:
2870 2188 3182 2259 acquisivit,
3211 2201 3318 2240 non
3344 2186 3484 2239 satis
3530 2227 3536 2233 .

1913 2281 2070 2338 facile
2094 2290 2180 2337 est
2204 2281 2477 2351 explicare
2510 2298 2525 2336 :
2559 2289 2737 2335 tamen
2769 2279 3030 2350 possibile
3049 2286 3154 2334 est.
3209 2275 3481 2341 Quoniam

1912 2375 2003 2445 qui
2030 2374 2288 2429 idoneum
2334 2373 2465 2428 facit
2491 2371 2547 2426 in
2581 2371 2766 2442 aliquo
2796 2386 3018 2427 sensum
3060 2371 3114 2432 in
3141 2368 3483 2439 dogmatibus

1914 2466 2160 2522 veritatis
2181 2506 2199 2534 ,
2232 2474 2410 2536 potest
2442 2481 2542 2521 sua
2565 2464 2848 2521 divinitate
2880 2462 3026 2518 Deus
3049 2461 3304 2518 auferens
3335 2459 3485 2516 δυσὶ-

1913 2558 2165 2614 cientiam
2195 2557 2263 2612 ab
2290 2572 2357 2612 eo
2385 2556 2479 2627 qui
2512 2556 2717 2628 pigrius
2740 2571 2804 2611 ea
2826 2564 2912 2612 est
2936 2569 3071 2610 usus
3090 2595 3106 2621 ,
3137 2555 3267 2609 dare
3307 2553 3359 2609 ei
3389 2553 3484 2622 qui

1913 2663 2033 2703 eam
2063 2647 2463 2719 multiplicavit.
2533 2645 2691 2701 Omni
2721 2647 2862 2701 enim
2904 2644 3118 2699 habenti
3150 2643 3402 2709 dabitur,
3434 2652 3485 2697 et

1914 2739 2239 2805 abundabit;
2273 2739 2337 2794 ab
2366 2755 2426 2794 eo
2454 2749 2628 2793 autem
2662 2739 2752 2808 qui
2777 2754 2877 2792 non
2903 2737 3094 2804 habet,
3138 2745 3187 2789 et
3216 2735 3355 2806 quod
3386 2734 3486 2787 ha-

1915 2830 1996 2887 bet
2025 2832 2298 2901 auferetur
2324 2832 2390 2886 ab
2428 2846 2487 2884 eo
2510 2837 2579 2883 οε.
2641 2827 2845 2899 Utputa
2863 2870 2881 2898 ,
2930 2828 3091 2885 fidem
3120 2827 3340 2882 babenti
3366 2840 3489 2895 qua:

1914 2931 1998 2978 est
2029 2938 2095 2978 ex
2119 2923 2312 2991 nobis,
2342 2923 2562 2979 dabitur
2591 2923 2765 2995 gratia
2794 2919 2915 2976 fidei
2944 2934 3067 2990 qua:
3093 2926 3178 2974 est
3204 2931 3302 2988 per
3325 2916 3488 2987 spiri-

1917 3023 2030 3070 tum
2060 3014 2220 3082 fidei,
2249 3015 2664 3087 etrabundabit;
2708 3025 2762 3073 et
2788 3010 3052 3083 quidquid
3086 3009 3337 3065 habuerit
3363 3008 3490 3077 quis

1914 3122 1981 3163 ex
2009 3108 2243 3163 naturali
2274 3107 2547 3162 creatione
2566 3143 2582 3172 ,
2624 3121 2748 3160 cum
2777 3102 3085 3160 exercuerit
3124 3116 3250 3157 eum
3281 3098 3486 3172 [illud],

1915 3199 2113 3270 accipit
2139 3199 2206 3255 ad
2242 3197 2343 3270 [id]
2378 3200 2556 3268 ipsum
2584 3205 2639 3252 et
2662 3209 2729 3251 ex
2773 3195 2946 3267 gratia
2979 3193 3109 3258 Dei,
3160 3201 3220 3248 ut
3249 3192 3491 3247 abundet

1914 3300 1970 3348 et
1992 3292 2201 3347 ﬁrmior
2229 3292 2301 3347 sit
2327 3291 2380 3345 in
2409 3304 2476 3346 eo
2501 3290 2622 3360 ipso
2668 3288 2814 3359 quod
2846 3288 3029 3343 habet.
3093 3284 3216 3340 Non
3245 3285 3388 3339 enim
3421 3285 3491 3337 de

1914 3385 2182 3457 sapientia
2231 3384 2347 3440 sola
2370 3423 2386 3449 ,
2420 3382 2516 3438 sed
2547 3382 2615 3436 de
2645 3379 2798 3436 omni
2843 3381 3044 3434 virtute
3078 3378 3489 3448 intelligendum

1914 3485 2000 3532 est
2027 3476 2190 3531 nobis
2237 3473 2380 3541 quod
2430 3472 2507 3527 ait
2552 3471 2809 3526 Salomon
2839 3471 2930 3524 ⁸ος
2988 3468 3055 3522 Ει
3087 3470 3133 3523 si
3162 3470 3324 3539 fuerit
3368 3473 3489 3542 quis

1914 3567 2177 3638 perfectus
2207 3566 2347 3619 inter
2371 3562 2512 3630 ﬁlios
2541 3562 2832 3626 hominum,
2855 3562 2903 3614 si
2928 3560 3160 3629 abfuerit
3189 3560 3254 3613 ab
3286 3561 3380 3614 illo
3402 3578 3491 3616 sa-

1915 3657 2112 3728 pientia
2140 3665 2256 3719 tua,
2284 3654 2339 3707 in
2371 3652 2594 3705 nihilum
2625 3648 2977 3720 reputabitur.
3037 3648 3130 3704 Sic
3154 3656 3209 3704 et
3243 3651 3337 3719 qui
3365 3663 3489 3718 per-

1915 3750 2091 3805 fectus
2112 3746 2278 3802 fuerit
2313 3745 2366 3799 in
2401 3743 2666 3805 castitate,
2695 3748 2791 3795 aut
2820 3740 2875 3795 in
2901 3739 3116 3810 justitia
3136 3779 3152 3806 ,
3187 3749 3281 3794 aut
3314 3739 3367 3792 in
3394 3755 3487 3793 ve-

1916 3841 2098 3907 ritate,
2154 3845 2249 3893 aut
2302 3836 2520 3906 pietate,
2556 3846 2665 3886 non
2694 3830 2861 3886 fuerit
2903 3839 3084 3885 autem
3111 3831 3161 3885 ei
3192 3838 3288 3884 aut
3313 3830 3485 3886 casti-

1915 3942 2033 3994 tas,
2070 3937 2165 3985 aut
2201 3926 2448 3999 justitia,
2499 3932 2593 3979 aut
2616 3923 2812 3989 virtus,
2858 3930 2953 3977 aut
2985 3921 3161 3991 pietas
3188 3937 3310 3992 quae
3341 3921 3488 3977 venit

1914 4038 1981 4079 ex
2031 4021 2201 4090 gratia
2250 4017 2386 4084 Dei,
2440 4016 2498 4071 in
2543 4014 2774 4069 nihilum
2832 4022 3115 4083 reputatur
3172 4013 3486 4083 hujusmodi

1916 4114 2102 4169 homo.
2154 4108 2447 4178 Propterea
2479 4105 2525 4161 si
2555 4104 2807 4159 volumus
2840 4112 2896 4159 ut
2932 4104 3092 4158 detur
3120 4105 3280 4159 nobis
3310 4105 3488 4160 virtus

1914 4204 2225 4277 perfectior,
2258 4211 2314 4257 et
2341 4200 2580 4255 abundet
2606 4199 2660 4252 in
2685 4199 2864 4262 nobis,
2899 4197 3044 4267 quod
3075 4196 3373 4266 perfectum
3403 4204 3489 4252 est

1915 4299 2059 4352 inter
2103 4294 2349 4350 homines
2397 4307 2492 4362 per
2522 4289 2854 4361 diligentiam
2888 4289 3205 4343 omnimodo
3229 4288 3486 4358 acquira-

1917 4403 2068 4453 mus;
2097 4396 2152 4439 et
2193 4393 2481 4454 postquam
2509 4381 2949 4452 acquisierimus,
2979 4381 3136 4449 quasi
3180 4378 3485 4448 intelligen-

252 4490 374 4545 Mali
399 4489 640 4557 quidem,
691 4485 819 4554 quia
848 4500 955 4540 non
989 4500 1180 4540 sumus
1217 4484 1300 4538 usi
1348 4484 1568 4553 probata
1599 4483 1686 4537 illa
1721 4496 1816 4552 pe-
1845 4500 1889 4554 ι)
1917 4488 1999 4534 tes
2031 4476 2287 4547 quoniam
2325 4476 2379 4529 in
2407 4474 2633 4528 nihilum
2660 4473 2778 4527 haec
2810 4481 3129 4542 reputautur
3158 4472 3277 4526 sine
3306 4470 3482 4539 gratia

253 4580 410 4637 cuuia
450 4577 855 4633 Dominicorum
886 4577 1172 4631 verborum
1218 4591 1342 4631 cum
1383 4574 1583 4643 quibus
1609 4580 1818 4642 potera-

255 4690 372 4730 mus
417 4672 682 4744 negotiari
708 4681 760 4728 et
792 4672 1063 4727 discutere
1100 4664 1528 4723 Christianitatis
1574 4663 1812 4733 eloquia,

255 4776 307 4822 et
351 4765 634 4834 acquirere
682 4763 940 4819 bonitatis
977 4762 1066 4817 Dei
1107 4756 1609 4829 altioramysteria.
1668 4753 1812 4825 Pigri

255 4868 462 4923 autem,
508 4853 637 4924 quia
680 4868 787 4907 non
819 4854 1021 4909 fuimus
1068 4854 1271 4923 operati
1304 4866 1427 4906 cum
1460 4849 1690 4919 eloquiis
1720 4847 1812 4901 Dei

255 4948 504 5015 salutem,
536 4952 618 5005 vel
649 4960 913 5013 nostram,
950 4948 1033 5003 vel
1056 4947 1311 5009 aliorum,
1345 4957 1469 4997 cum
1496 4939 1816 4994 deberemus

256 5042 465 5095 mittere
498 5040 782 5111 pecuniam
835 5037 1051 5103 Domini
1094 5035 1301 5099 nostri,
1356 5031 1408 5086 id
1453 5039 1538 5086 est
1576 5029 1815 5098 eloquia,

259 5132 592 5186 auditoribus
616 5129 996 5185 nummulariis
1025 5126 1117 5196 qui
1146 5122 1327 5178 omnia
1358 5127 1590 5183 tentant,
1612 5127 1667 5173 et
1692 5133 1820 5188 pro-

259 5221 414 5287 bant,
464 5231 523 5276 ut
563 5222 765 5277 bonum
797 5220 1015 5291 quidem
1049 5217 1242 5285 dogma
1278 5223 1331 5269 et
1359 5227 1546 5266 verum
1579 5217 1814 5275 teneant,

257 5312 539 5381 reprobum
568 5321 746 5368 autem
774 5321 828 5366 et
855 5310 1050 5364 falsum
1080 5306 1362 5376 repellant,
1411 5311 1473 5357 ut
1496 5317 1621 5357 cum
1653 5315 1817 5355 vene-

261 5401 325 5456 rit
376 5401 673 5468 Dominus,
707 5401 922 5471 eloquia
975 5401 1063 5453 illa
1107 5412 1229 5467 quae
1264 5393 1642 5450 commisimus
1691 5406 1812 5455 nos,

260 5509 375 5548 cum
410 5493 586 5548 usuris
616 5495 864 5564 recipiat,
887 5501 941 5547 et
968 5506 1090 5546 cum
1117 5486 1503 5543 additamentis
1529 5484 1598 5539 ab
1616 5485 1695 5540 eis
1721 5483 1813 5552 qui

322 5628 365 5658 ⁷³
397 5624 571 5679 Galat.
598 5641 674 5691 vt,
709 5627 764 5683 8.

259 5767 294 5798 ⁹¹
324 5769 341 5819 l
367 5764 506 5821 Tim.
534 5782 568 5819 ll
627 5765 677 5819 8.

857 5625 902 5659 ⁸⁸
929 5623 1120 5680 Matth.
1162 5636 1265 5677 xxv
1286 5659 1300 5683 ,
1330 5619 1419 5684 54,
1451 5616 1539 5670 35.
1614 5617 1658 5649 ⁸⁸
1694 5615 1825 5669 ibid.
1856 5613 1917 5667 41
1946 5611 2087 5684 ,_-i°2.

257 5696 337 5749 ea.
415 5682 879 5763 ⁸⁸11Τίηἶ.ιί,2.
955 5682 1416 5757 "Luc.vut,1ti.
1493 5687 1537 5717 ετ
1564 5686 1750 5743 Matth.
1780 5701 1904 5750 xxv,
1933 5682 2021 5735 es.

1921 4565 2051 4631 Dei,
2106 4562 2458 4618 bumiliemus
2516 4561 2882 4630 nosmetipsos
2943 4561 3046 4615 sub
3099 4574 3263 4614 manu
3304 4559 3483 4614 valida

1918 4654 2012 4709 Dei
2041 4655 2085 4686 ⁸ο
2107 4692 2123 4718 ,
2155 4662 2210 4706 et
2236 4665 2457 4706 oremus
2484 4650 2597 4705 sine
2641 4650 2724 4702 ira
2774 4658 2823 4702 et
2857 4650 3232 4718 disceptatione
3254 4648 3491 4702 levantes

1915 4762 2076 4817 puras
2115 4760 2301 4799 manus
2328 4742 2371 4775 “
2397 4782 2413 4809 ,
2440 4749 2499 4795 ut
2524 4741 2768 4796 omnium
2804 4741 3069 4795 bonorum
3104 4755 3226 4810 qua:
3268 4749 3397 4794 sunt
3427 4739 3482 4792 in

1917 4836 2076 4891 nobis
2098 4832 2360 4905 perfectio
2381 4832 2538 4886 detur
2565 4846 2630 4885 ex
2660 4829 2793 4894 Deo,
2822 4840 2875 4884 et
2900 4829 3061 4884 faciat
3085 4845 3186 4884 nos
3212 4829 3477 4899 perfectos

1917 4938 1973 4984 et
2003 4924 2361 4995 acceptabiles
2387 4920 2495 4976 Deo
2522 4920 2679 4990 quasi
2706 4919 2848 4974 filios
2882 4918 2998 4973 Dei.
3041 4918 3146 4974 Iste
3173 4928 3354 4973 autem
3384 4918 3478 4987 qui
3574 4924 3579 4928 ’

1919 5035 2088 5076 unum
2125 5025 2407 5086 acceperat
2444 5013 2705 5067 talentum
2750 5020 2805 5066 et
2831 5011 3189 5067 absconderat
3216 5010 3392 5079 ipsum
3433 5013 3487 5067 in

1919 5123 2082 5177 terra,
2108 5126 2215 5164 non
2246 5108 2421 5163 solum
2445 5104 2602 5175 quasi
2631 5101 2810 5158 malus
2836 5111 2890 5156 et
2918 5103 3066 5173 piger
3090 5102 3357 5172 arguitur,
3385 5097 3481 5155 sed

1920 5202 2076 5274 quasi
2124 5200 2331 5256 inutilis
2373 5198 2608 5253 mittitur
2641 5196 2692 5249 in
2724 5193 2977 5249 tenebras
3008 5201 3144 5247 extet
3161 5193 3339 5258 iores,
3387 5188 3481 5242 ubi

1921 5295 2068 5350 nulla
2108 5288 2430 5347 illuminatio
2460 5297 2574 5356 est,
2618 5286 2845 5342 forsitan
2872 5300 2972 5340 nec
3005 5282 3307 5353 corporalis
3330 5323 3345 5347 ,
3380 5297 3480 5334 nec

1917 5393 2000 5440 est
2028 5383 2295 5452 respectio
2335 5378 2427 5433 Dei
2456 5378 2600 5444 illic,
2649 5376 2743 5433 sed
2791 5375 2947 5446 quasi
2997 5373 3205 5444 indigni
3234 5372 3482 5440 specula-

1919 5477 2066 5533 tione
2106 5473 2198 5527 Dei
2244 5472 2335 5542 qui
2378 5470 2504 5524 talia
2536 5479 2931 5539 peccaverunt,
2963 5465 3398 5522 condemnamur
3426 5461 3483 5516 in
3549 5520 3574 5537 Α

2171 5610 2216 5642 δ’
2243 5608 2372 5663 ibid.
2398 5608 2489 5662 24.
2576 5604 2622 5635 ⁸³
2656 5601 2787 5657 Luc.
2818 5619 2931 5669 δικ,
2963 5601 3052 5655 21.
3128 5600 3175 5633 ⁸³
3210 5599 3366 5655 Rom.
3400 5615 3481 5661 ιι,

2111 5681 2156 5713 ⁸³
2185 5679 2314 5736 ibid.
2351 5678 2440 5733 9.9.
2513 5676 2558 5708 ⁸⁹
2588 5673 2715 5743 Sap.
2753 5689 2827 5738 tv,
2860 5673 2915 5729 6.
2992 5674 3037 5706 θ’
3072 5670 3268 5728 lPetr.
3312 5686 3380 5740 v,
3426 5671 3482 5729 6.
