4052 6304
593 356 722 412 ΠΗ

1795 357 2116 416 ORIGENIS
2158 357 2222 409 IN
2261 354 2679 412 llATTll/EUM
3743 357 3842 410 ,7η

593 476 678 528 his
729 491 848 544 quze
894 475 1192 531 exteriores
1236 475 1471 531 tenebm
1513 477 1854 545 appellantur
1889 495 1900 529 :
1941 476 2168 530 forsitan
2201 481 2242 535 Α
2274 473 2668 529 rationabiliter
2700 472 3028 542 intelligere,
3075 476 3300 530 multam
3337 475 3677 547 sapientiam
3713 477 3842 528 inve-

595 569 770 622 doncc
807 567 1222 634 intellexerunt,
1257 579 1314 622 ut
1359 578 1742 624 convertantur
1784 578 1836 622 et
1881 568 2025 635 digni
2057 567 2169 621 elli-

591 659 804 710 eiantur
829 657 977 712 exire
1011 658 1080 712 ab
1104 658 1183 713 eis
1213 677 1226 712 :
1256 657 1483 714 forsitan
1513 669 1564 713 et
1603 669 1822 729 propter
1846 660 2006 714 aliam
2040 675 2172 714 cau-

591 762 706 800 sam
751 763 914 816 quant
963 763 1062 803 nos
1112 749 1471 820 ignoramus:
1515 750 1772 820 quoniam
1808 749 2039 820 legimus
2067 750 2167 804 ali-

589 855 751 907 quem
809 840 900 910 qui
933 840 1051 895 fuit
1103 852 1226 896 ante
1273 857 1374 897 nos
1423 853 1776 911 exponentem
1826 844 1892 899 de
1931 845 2168 899 tenebris

590 933 794 1002 abyssi,
815 942 866 986 et
891 933 1159 988 dicentem
1189 936 1446 1004 quoniam
1471 936 1700 1005 abyssus
1725 946 1808 990 est
1829 945 1979 990 extra
2010 953 2167 990 ninn-

589 1024 719 1076 dnm
758 1023 888 1078 furis
918 1041 972 1080 et
999 1027 1250 1080 tenebrae.
1317 1025 1740 1081 Consideremus
1767 1042 1897 1097 ergo
1929 1028 2169 1097 sipotest

591 1131 718 1170 vera
755 1131 873 1170 esse
903 1117 1170 1185 expositio
1195 1118 1334 1187 ejus,
1355 1127 1414 1171 ut
1443 1117 1736 1172 exteriores
1769 1119 2019 1173 tenebras
2048 1119 2168 1174 illas

591 1206 979 1276 intelligamus,
1031 1217 1090 1261 ut
1133 1209 1355 1278 quidam
1403 1207 1561 1277 quasi
1589 1208 1794 1277 indigni
1819 1217 1933 1265 toto
1964 1210 2167 1264 mundo

594 1297 647 1349 in
683 1295 944 1366 abyssum
986 1298 1132 1352 illam
1163 1315 1325 1368 quam
1357 1301 1446 1354 ille
1478 1303 1730 1371 exposuit
1759 1300 1906 1356 foras
1939 1302 2166 1370 eiician-

592 1399 680 1442 tur
705 1431 717 1453 ,
750 1389 804 1442 in
836 1405 943 1458 qua
971 1399 1100 1445 sunt
1132 1391 1368 1445 tenebrae
1392 1433 1405 1456 ,
1442 1393 1658 1447 nemine
1687 1409 1780 1448 cas
1809 1393 2165 1459 illuminante,

590 1496 712 1534 cum
744 1480 852 1535 sint
875 1488 1028 1534 extra
1063 1489 1232 1534 totum
1264 1481 1548 1535 mundum.

667 1569 755 1624 70.
799 1569 933 1624 Cum
968 1570 1162 1623 venerit
1203 1567 1378 1622 Filius
1403 1571 1628 1624 hominis
1674 1572 1726 1622 in
1767 1571 1936 1640 gloria
1967 1587 2084 1637 sua,
2118 1581 2166 1625 et

591 1677 765 1714 omnes
793 1661 966 1729 angeli
1015 1678 1130 1713 cum
1171 1677 1249 1727 eo,
1297 1671 1420 1716 tunc
1451 1661 1645 1716 sedebit
1669 1678 1824 1730 super
1857 1663 2028 1716 sedem
2057 1662 2168 1732 glo-

591 1755 686 1810 ria:
711 1769 845 1819 suae,
878 1763 924 1806 et
957 1755 1414 1824 congregabantur
1450 1764 1569 1809 ante
1606 1771 1723 1809 eum
1752 1771 1927 1810 omnes
1971 1765 2166 1825 gentes,

589 1855 643 1896 et
674 1853 867 1898 czetera
895 1847 960 1896 ⁹².
989 1844 1334 1900 lndiscussus
1355 1846 1574 1916 quidem
1601 1861 1782 1903 sermo
1805 1848 2020 1902 videtur
2046 1863 2166 1904 esse

593 1931 933 1995 manifestus,
963 1934 1118 2002 quasi
1149 1934 1444 1989 exhortans
1473 1935 1723 1991 homines
1749 1935 1815 1991 ad
1845 1937 2082 1992 dandum
2115 1947 2167 1993 et

591 2023 926 2092 largiendum
949 2065 962 2086 ,
1018 2033 1070 2078 et
1100 2033 1353 2080 avertens
1400 2027 1469 2080 ah
1499 2025 1644 2080 omni
1687 2027 2086 2082 inhumanitate
2113 2039 2168 2085 et

595 2115 870 2181 parcitate.
915 2113 1207 2169 Videamus
1234 2123 1411 2170 tamen
1443 2116 1571 2185 quid
1603 2130 1846 2186 qumrere
1864 2125 2077 2185 oportet
2113 2118 2164 2171 in

589 2219 654 2257 eo
681 2214 902 2275 propter
931 2221 1025 2259 cos
1060 2207 1154 2276 qui
1184 2207 1316 2260 nihil
1343 2207 1674 2262 arbitrantur
1703 2208 1848 2262 aliud
1884 2210 1936 2263 in
1969 2223 2034 2263 eo
2062 2209 2166 2263 nisi

587 2295 1019 2350 exhortationem
1056 2298 1429 2354 humanitatis.
1471 2297 1629 2354 Certe
1657 2301 1954 2355 secundum
1981 2311 2033 2355 et
2060 2301 2169 2370 glo-

589 2386 796 2440 riosum
841 2387 1043 2443 Christi
1080 2389 1368 2444 adventum
1417 2389 1533 2446 fore
1575 2391 1743 2446 credit
1777 2393 1956 2446 omnis
1985 2391 2168 2446 Eccle-

591 2477 706 2539 sia,
755 2479 976 2547 quando
1018 2488 1072 2534 et
1117 2479 1288 2535 Filius
1342 2481 1430 2536 Dei
1482 2482 1576 2552 qui
1627 2492 1942 2552 assumptus
1990 2492 2072 2537 est
2113 2486 2163 2536 in

591 2568 784 2636 gloria,
804 2569 882 2624 sic
909 2585 1031 2624 cum
1059 2571 1229 2641 gloria
1257 2571 1363 2627 huc
1379 2569 1689 2628 revertetur
1719 2575 1771 2628 in
1794 2573 1972 2644 specie
1995 2591 2092 2629 sua
2115 2585 2167 2628 et

589 2660 994 2732 pulchritudine
1028 2677 1146 2727 sua,
1179 2670 1236 2716 ut
1261 2678 1459 2732 corpus
1487 2665 1605 2733 ejus
1630 2665 1700 2718 sit
1724 2665 1884 2733 quale
1911 2663 2012 2718 fuit
2041 2682 2162 2719 cum

592 2755 1012 2812 lransiormaltis
1051 2753 1243 2809 fuisset
1280 2755 1331 2806 in
1365 2765 1546 2810 monte
1583 2771 1766 2810 coram
1797 2756 1971 2811 tribus
2001 2755 2166 2811 disci-

587 2849 730 2918 pulis
755 2850 1242 2903 conscendentibus
1259 2848 1305 2903 ei
1329 2869 1340 2902 :
1370 2857 1426 2902 ut
1443 2847 1555 2919 jam
1581 2862 1688 2903 non
1713 2837 1907 2912 tribus,
1927 2861 2024 2902 nec
2046 2846 2165 2901 aliis

590 2941 800 3007 paucis,
827 2941 918 2994 sed
955 2941 1222 2996 universis
1245 2942 1493 3011 gentibus
1518 2941 1858 3010 congregatis
1887 2949 2011 2994 ante
2039 2955 2163 2993 eum

591 3044 881 3102 appareat,
937 3043 990 3088 et
1031 3035 1215 3088 sedeat
1261 3050 1422 3102 super
1475 3033 1654 3088 sedem
1707 3033 1894 3102 gloriae
1929 3047 2076 3096 suae,
2113 3042 2166 3086 et

2274 567 2384 620 niet
2413 575 2469 620 et
2493 565 2550 619 in
2583 565 2722 620 istis.
2743 562 2808 616 Et
2838 565 3204 633 periculosum
3233 570 3452 638 quidem
3473 568 3651 623 estde
3670 567 3838 637 hujus-

2273 655 2420 709 modi
2458 656 2623 710 rebus
2663 671 2973 723 exponere,
3024 658 3118 711 sed
3169 673 3237 712 ne
3280 668 3506 728 propter
3553 658 3840 712 intellectus

2270 748 2641 803 d-ilIicultatem
2669 749 2882 819 plenius
2906 759 3145 805 tacentes
3167 750 3628 820 derelinquamus
3651 766 3740 806 eos
3762 753 3838 820 qui

2271 848 2562 894 moventur
2590 840 2643 892 in
2677 839 2795 894 istis
2822 839 2886 892 ad
2919 839 3315 906 lluetuandum,
3347 856 3522 909 pauca
3550 841 3621 894 de
3649 841 3838 903 multis,

2271 930 2573 986 secundum
2598 931 2745 998 quod
2777 931 3034 999 possibile
3055 938 3158 996 est,
3185 947 3552 1000 exponamus.
3594 930 3838 986 Existimo

2269 1038 2398 1092 ergo
2434 1023 2690 1091 quoniam
2723 1025 2827 1076 erit
2851 1032 3061 1091 tempus
3085 1023 3350 1078 adventus
3373 1022 3611 1087 Christi,
3638 1025 3836 1091 quando

2273 1123 2420 1169 tanta
2458 1112 2828 1168 manifestatio
2871 1113 3056 1168 futura
3089 1125 3172 1169 est
3199 1113 3401 1168 Christi
3451 1123 3512 1168 et
3553 1115 3835 1169 divinitatis

2269 1207 2408 1275 ejus,
2445 1214 2503 1259 ut
2533 1221 2638 1258 non
2667 1206 2844 1260 solum
2870 1206 3054 1260 nullus
3079 1207 3377 1275 juslorum,
3401 1207 3500 1260 sed
3529 1222 3632 1260 nec
3657 1207 3836 1276 aliquis

2271 1309 2623 1368 peccatorum
2658 1300 2868 1368 ignoret
2897 1299 3176 1354 Christum
3205 1300 3511 1356 secundum
3552 1299 3696 1369 quod
3725 1309 3831 1363 est,

2271 1389 2489 1457 quando
2519 1395 2572 1441 et
2618 1396 2938 1457 peccatores
2962 1400 3296 1458 cognoscent
3334 1390 3387 1443 in
3418 1399 3720 1459 conspectu
3746 1404 3832 1444 suo

2268 1494 2368 1534 sua
2417 1479 2648 1544 delicta,
2707 1488 2761 1534 et
2807 1478 2941 1547 justi
3000 1478 3288 1535 manifeste
3332 1480 3604 1536 videbunt
3645 1479 3828 1535 semina

2265 1571 2488 1641 justitite
2515 1587 2626 1626 sum
2646 1588 2670 1636 ,‘
2693 1571 2758 1624 ad
2788 1570 3002 1638 qualem
3031 1587 3126 1626 eos
3152 1572 3511 1640 perduxerint
3556 1571 3737 1626 linem.
3771 1569 3824 1623 Et

2271 1663 2373 1717 hoc
2394 1671 2477 1716 est
2503 1663 2648 1731 quod
2674 1662 2811 1716 dixit
2837 1681 2849 1716 :
2879 1663 3348 1733 Congregabuntur
3373 1673 3500 1716 ante
3525 1679 3644 1716 eum
3667 1678 3821 1714 omnes

2269 1765 2463 1826 gentes.
2489 1754 2546 1808 Si
2569 1754 2713 1808 enim
2739 1756 2900 1811 modo
2921 1753 3141 1826 quando
3169 1769 3269 1809 nec
3290 1769 3489 1808 omnes
3511 1762 3826 1824 cognoscunt

2201 1815 2238 1870 η
2268 1811 2546 1900 Christum
2575 1849 2876 1902 secundum
2907 1811 3053 1918 qitod
3074 1854 3179 1911 est,
3215 1860 3315 1900 nec
3343 1845 3446 1914 ipsi
3473 1811 3827 1914 quivvidentur

2269 1951 2621 2006 cognoscere,
2645 1937 2823 2006 palam
2854 1953 2977 1994 eum
3004 1944 3358 2006 cognoscunt,
3391 1935 3488 1990 sed
3516 1935 3570 1990 in
3595 1935 3695 1988 ﬁde
3722 1943 3825 1988 tan-

2270 2037 2382 2083 tum
2425 2029 2632 2084 intrant
2674 2029 2923 2084 homines
2965 2030 3017 2083 in
3052 2041 3400 2098 conspectum
3446 2027 3824 2098 ejus,quaodo

2269 2119 2601 2188 agnitionem
2634 2119 2754 2189 ejus
2782 2119 3056 2189 accipiunt
3079 2135 3174 2189 per
3198 2119 3376 2181 fidem,
3405 2117 3554 2172 sicut
3579 2120 3825 2186 scriptum

2267 2219 2351 2265 est
2371 2229 2383 2264 :
2408 2209 2611 2265 Intrate
2628 2211 2683 2264 in
2702 2221 2974 2280 conspectu
2993 2211 3106 2279 ejus
3125 2213 3180 2264 in
3201 2209 3823 2279 exsultatione”,quanto

2271 2303 2446 2372 magis
2491 2311 2636 2356 recte
2665 2302 2922 2358 dicuntur
2956 2316 3146 2355 omnes
3178 2309 3363 2370 gentes
3400 2310 3529 2354 ante
3553 2315 3674 2354 eum
3704 2313 3824 2352 con-

2269 2395 2556 2464 gregandae
2582 2402 2635 2448 et
2663 2393 3080 2458 constituendze,
3107 2394 3326 2461 quando
3349 2392 3528 2462 palam
3561 2390 3816 2450 omnibus,

2269 2503 2378 2545 tam
2411 2491 2570 2545 bonis
2597 2507 2758 2560 quam
2798 2489 2976 2554 malis,
3008 2499 3117 2543 tam
3144 2489 3391 2544 fidelibus
3420 2504 3579 2558 quam
3609 2484 3819 2539 inlideli-

2267 2583 2371 2636 bus
2418 2582 2579 2637 fuerit
2623 2581 2797 2636 factus
2844 2580 3197 2645 manifestus,
3232 2591 3357 2634 ante
3406 2580 3587 2634 oculos
3633 2578 3816 2631 mentis

2268 2687 2457 2725 eorum
2482 2671 2594 2741 jam
2627 2685 2735 2724 non
2777 2669 2896 2724 fidei
2930 2680 3023 2724 aut
3057 2671 3351 2738 diligentiae
3385 2670 3612 2738 alicujus
3643 2668 3814 2735 inqui-

2269 2763 2468 2817 sitione
2513 2771 2759 2830 repertus
2783 2803 2797 2825 ,
2835 2761 2925 2814 sed
2964 2762 3137 2830 ipsius
3183 2761 3482 2815 divinitatis
3511 2777 3620 2815 suae
3648 2757 3810 2812 niani-

2267 2852 2555 2908 festatione
2586 2852 2873 2923 prolatus?
2898 2851 3016 2906 Non
3046 2853 3099 2907 in
3137 2853 3319 2922 aliquo
3347 2854 3558 2922 quidem
3585 2852 3696 2905 loco
3718 2863 3780 2917 ap
3803 2876 3811 2885 -

2267 2943 2477 3012 parebit
2501 2941 2673 2997 Filius
2707 2941 2798 2996 Dei
2825 2957 2949 2996 cum
2985 2942 3196 2996 venerit
3223 2943 3274 2995 in
3309 2942 3476 3013 gloria
3507 2955 3615 3005 sua,
3646 2940 3694 2990 in
3723 2939 3803 2990 al-

2269 3044 2383 3088 tero
2410 3044 2592 3089 autem
2627 3049 2733 3088 non
2771 3032 3072 3102 apparebit,
3098 3032 3190 3088 sed
3223 3033 3364 3088 sicut
3389 3034 3494 3101 ipse
3522 3027 3799 3084 secundum

593 3135 721 3178 tunc
787 3126 1088 3194 scgregabit
1156 3125 1328 3178 malos
1393 3140 1424 3178 a
1481 3125 1655 3178 bonis.
1738 3123 1928 3178 Utrum
1983 3134 2161 3178 autem
2191 3148 2233 3206 ο
2267 3125 2726 3194 comparationem
2767 3123 2996 3194 fulguris
3037 3125 3286 3179 exeuntis
3334 3125 3611 3177 adventum
3656 3131 3807 3172 suum

586 3231 780 3272 omnes
819 3218 886 3270 ab
917 3218 1170 3271 omnibus
1204 3219 1296 3285 qui
1332 3218 1384 3271 in
1425 3217 1680 3271 omnibus
1725 3217 2164 3286 generationibus

587 3310 754 3380 887
788 3308 1023 3375 iuerint,
1059 3318 1153 3363 aut
1178 3310 1282 3364 illae
1323 3317 1535 3362 tantum
1579 3323 1699 3378 quae
1731 3308 1784 3362 in
1814 3323 2164 3363 consumma-

591 3403 734 3456 tione
765 3400 969 3454 fuerint
1002 3401 1270 3456 derelicta:
1295 3440 1309 3465 ,
1341 3410 1436 3455 aut
1465 3402 1569 3456 illa:
1599 3411 1808 3456 tantum
1839 3418 1960 3472 qua:
1990 3402 2164 3457 credi-

589 3493 784 3546 derunt
810 3493 860 3544 in
888 3491 1053 3546 Deum
1077 3509 1172 3562 per
1197 3493 1495 3559 Christum,
1516 3503 1568 3548 et
1593 3494 1723 3564 ipsa:
1745 3504 1925 3548 utrum
1949 3509 2162 3558 omnes,

591 3598 658 3635 an
697 3599 802 3636 non
839 3598 1063 3648 omnes,
1111 3599 1216 3638 non
1255 3585 1388 3639 satis
1428 3594 1512 3638 est
1551 3584 1922 3639 manifestum.
1957 3585 2161 3639 Tamen

591 3673 918 3743 quibusdam
955 3673 1164 3728 videtur
1195 3675 1261 3728 de
1287 3673 1590 3728 dilfercntia
1623 3690 1810 3729 earum
1841 3691 1962 3744 quas
1987 3675 2163 3729 credi-

591 3763 811 3826 derunt,
839 3764 952 3816 haec
978 3778 1099 3817 esse
1125 3765 1288 3818 dicta.
1313 3762 1587 3829 Quantum
1613 3779 1741 3834 ergo
1765 3763 1832 3818 ad
1861 3764 2159 3834 simplicem

593 3863 824 3917 textum,
854 3869 951 3907 nec
977 3853 1070 3923 qui
1100 3869 1129 3908 a
1161 3855 1366 3909 dextris
1389 3857 1695 3911 consistunt
1721 3855 1823 3908 alia
1850 3870 2015 3909 causa
2045 3855 2162 3908 lau-

587 3943 824 4010 dantur,
858 3955 911 3998 et
956 3945 1008 3998 in
1043 3957 1402 4016 praeparatum
1439 3962 1664 4016 regnum
1699 3955 1964 4000 vocantur
1987 3985 2001 4009 ,
2054 3945 2158 3999 nisi

590 4046 813 4104 propter
843 4036 1014 4090 solam
1058 4037 1490 4103 humanitatem;
1527 4051 1626 4091 nec
1649 4035 1743 4105 qui
1777 4043 1904 4090 sunt
1952 4052 1982 4089 a
2028 4035 2161 4090 siui-

591 4125 722 4179 stris
772 4125 876 4179 alia
925 4141 1090 4180 causa
1147 4125 1558 4180 confunduntur
1609 4135 1663 4181 et
1719 4125 2049 4196 deputantur
2103 4126 2155 4178 in

592 4217 770 4284 ignem
795 4259 809 4282 ,
851 4217 954 4269 nisi
990 4229 1208 4286 propter
1233 4218 1702 4272 inhumanitatem.
1731 4216 1869 4282 Quid
1894 4217 2066 4287 ergo?
2101 4215 2156 4271 Si

592 4310 677 4360 isti
709 4308 800 4376 qui
835 4308 1056 4360 humani
1095 4308 1319 4362 fuerunt
1369 4309 1513 4362 circa
1546 4309 1772 4362 virtutes
1801 4316 2026 4362 caeteras
2059 4323 2156 4361 ne-

579 4396 852 4466 ‘giigenttts
880 4397 1118 4462 fuerunt,
1141 4406 1544 4466 consequentur
1568 4399 1692 4451 talia
1716 4397 1829 4451 haec
1853 4397 2158 4466 promissa?

2265 3216 2438 3270 voluit
2489 3217 2895 3280 demonstrare,
2931 3215 3185 3270 dicens”
3219 3233 3233 3268 :
3274 3214 3336 3268 Si
3375 3215 3599 3268 dixerint
3643 3210 3809 3264 vobis:

2266 3307 2402 3362 Ecce
2431 3307 2486 3359 in
2517 3307 2721 3360 deserto
2742 3346 2758 3370 ,
2805 3306 2968 3360 nolite
2995 3308 3178 3370 exire;
3215 3322 3326 3360 ecce
3357 3307 3411 3358 in
3445 3304 3597 3357 domo
3618 3345 3636 3370 ,
3668 3301 3815 3354 nolite

2265 3401 2473 3454 credere
2505 3415 2523 3454 :
2557 3401 2694 3454 sicut
2718 3400 2855 3453 enim
2890 3399 3072 3468 fulgur
3114 3398 3372 3468 egreditur
3404 3396 3468 3449 ab
3502 3395 3733 3456 oriente,
3770 3401 3812 3444 et

2263 3502 2482 3562 apparet
2515 3507 2676 3561 usque
2704 3492 2773 3544 ad
2799 3491 3148 3554 occidentem,
3188 3489 3260 3541 sic
3291 3488 3390 3540 erit
3419 3485 3668 3539 aduentus
3701 3479 3814 3536 Filii

2262 3583 2510 3636 hominis.
2545 3580 2700 3636 Sicut
2727 3581 2870 3636 enim
2895 3580 3076 3651 fulgur
3105 3579 3388 3649 egrediens
3414 3578 3483 3632 ab
3514 3576 3745 3638 oriente,
3766 3581 3813 3624 et

2262 3680 2542 3742 propterea
2571 3669 2719 3741 quod
2748 3670 2934 3726 omnia
2959 3670 3166 3739 implet,
3190 3678 3414 3737 apparet
3443 3681 3615 3736 usque
3641 3663 3704 3718 ad
3731 3676 3812 3715 oc-

2268 3765 2558 3828 cidentem,
2597 3765 2678 3819 sic
2707 3779 2832 3820 cum
2862 3763 3075 3819 venerit
3111 3761 3368 3816 Christus
3401 3760 3455 3813 in
3487 3757 3652 3830 gloria
3688 3769 3810 3816 sua,

2262 3864 2652 3926 proptereaque
2695 3855 2895 3923 ubique
2941 3851 3160 3906 futurus
3202 3860 3317 3915 est,
3353 3862 3407 3904 et
3435 3849 3551 3918 ipse
3601 3849 3652 3901 in
3691 3861 3813 3900 con-

2261 3957 2446 4016 spectu
2479 3946 2723 3999 omnium
2753 3946 2856 3999 erit
2889 3943 3110 4012 ubique,
3141 3950 3196 3996 et
3219 3956 3410 3996 omnes
3440 3941 3642 4010 uhique
3666 3944 3811 3992 erunt

2261 4038 2314 4090 in
2341 4047 2634 4107 conspectu
2662 4036 2854 4105 ipsius,
2879 4045 2930 4088 et
2954 4034 3032 4088 sic
3057 4033 3461 4088 constituentur
3491 4041 3618 4084 ante
3648 4027 3812 4082 sedem

2259 4130 2443 4198 gloriae
2469 4129 2622 4197 ejus,
2654 4128 2758 4182 hoc
2807 4133 2892 4179 est
2931 4132 3056 4178 ante
3095 4136 3322 4192 regnum
3356 4121 3478 4189 ejus
3513 4127 3569 4172 et
3601 4123 3815 4188 potesta-

2261 4231 2364 4274 tem
2396 4216 2786 4274 dominationis
2811 4214 3004 4285 ipsius.
3031 4211 3200 4266 Sedes
3223 4220 3403 4264 autem
3427 4209 3544 4278 ejus
3570 4217 3663 4262 aut
3687 4213 3814 4260 certe

2260 4313 2483 4383 quidam
2511 4309 2863 4380 perfectiores
2891 4315 3201 4362 sanctorum
3238 4302 3518 4367 dicuntur,
3547 4301 3617 4354 de
3636 4296 3814 4368 quibus

2260 4405 2522 4474 scriptum
2549 4412 2633 4458 est
2658 4403 2702 4434 ⁸⁵
2738 4419 2751 4454 :
2790 4399 3052 4464 Quoniam
3089 4397 3200 4450 illic
3221 4395 3468 4448 sederunt
3491 4393 3639 4446 sedes
3667 4391 3721 4443 in
3736 4388 3814 4454 ju-

575 4497 681 4540 θυι
706 4487 780 4539 illi
805 4489 898 4557 qui
927 4503 1031 4541 non
1059 4487 1279 4542 fuerunt
1301 4489 1548 4553 humani,
1572 4489 1617 4542 si
1647 4489 1781 4542 alias
1802 4489 2159 4558 impleverunt
2192 4491 2232 4544 D
2261 4497 2401 4548 dicio
2428 4511 2446 4558 ,°
2474 4503 2570 4548 aut
2593 4492 2841 4561 quaedam
2871 4490 3098 4544 virtutes
3120 4486 3394 4556 angelicae,
3425 4485 3492 4539 de
3517 4484 3720 4553 quibus
3740 4479 3813 4534 die

580 4579 839 4644 virtutes,
872 4579 1142 4634 maledicti
1173 4589 1334 4633 erunt
1365 4580 1608 4646 omnino,
1641 4590 1694 4635 et
1721 4581 1773 4632 in
1804 4581 1982 4649 ignem
2031 4595 2159 4634 sunt

581 4670 1008 4735 condemnandi,
1037 4679 1091 4724 et
1120 4672 1223 4726 hoc
1251 4687 1374 4726 cum
1401 4688 1518 4742 lpSO
1543 4673 1758 4727 diabolo
1787 4673 1809 4724 ?
1841 4670 2002 4726 Vides
2027 4689 2157 4743 ergo

585 4760 712 4826 quia
773 4763 1138 4816 necessariam
1192 4764 1351 4818 habet
1401 4766 1720 4833 sapientiam
1772 4781 1969 4820 sermo.
2024 4765 2153 4820 Item

589 4853 930 4905 tractandum
959 4862 1042 4907 est
1065 4863 1246 4908 utrum
1279 4855 1330 4907 in
1355 4855 1475 4910 loco
1501 4855 1717 4911 futurus
1748 4865 1832 4910 est
1859 4856 2156 4912 Salvator-is

588 4938 854 4994 adventus
884 4941 937 4994 in
981 4944 1209 5012 gloriam
1238 4987 1252 5011 ,
1288 4961 1357 5000 an
1387 4948 1612 5002 alteram
1644 4948 2034 5017 expositionem
2066 4950 2158 5003 de-

572 5032 780 5086 bemus
813 5037 1120 5103 exquirere.
1159 5036 1294 5102 Quis
1336 5040 1481 5092 enim
1513 5040 1617 5092 erit
1649 5040 1801 5095 locus
1831 5039 1938 5105 ille,
1971 5047 2031 5093 ut
2062 5054 2156 5094 ca-

586 5123 702 5193 piat
724 5122 778 5176 in
806 5139 916 5178 uno
945 5137 1168 5194 aspectu
1193 5137 1247 5180 et
1270 5142 1462 5184 omnes
1486 5129 1705 5199 angelos
1730 5131 2008 5184 venientes
2032 5145 2154 5184 cum

585 5217 809 5273 Christo
852 5229 906 5274 et
951 5235 1141 5276 omnes
1185 5232 1371 5291 gentes
1406 5223 1515 5277 illic
1543 5223 1941 5293 congregatas?
1969 5221 2036 5276 Et
2090 5221 2158 5276 de

587 5311 714 5364 sede
732 5310 916 5380 glorite
933 5313 1051 5381 ejus
1073 5313 1200 5382 quid
1227 5323 1310 5368 est
1333 5314 1622 5369 dicendum
1641 5315 1667 5368 ‘t
1687 5313 1853 5371 Putas
1876 5315 2158 5384 corporale

590 5402 811 5471 aliquod
846 5403 1164 5459 subsellium
1203 5407 1308 5460 erit
1333 5407 1354 5447 ⁷
1382 5406 1464 5460 An
1499 5407 1663 5461 etiam
1693 5406 1797 5461 hoc
1833 5421 1972 5476 opus
2003 5405 2163 5460 habet

593 5492 1039 5562 interpretatione
1067 5497 1388 5553 subtiliore?
1410 5496 1695 5568 Propterea
1719 5499 1812 5569 qui
1836 5498 1949 5552 vult
1979 5496 2159 5551 omnia

591 5708 702 5831 ᾔδη
733 5707 923 5761 Matth.
960 5725 1084 5770 xxv,
1118 5708 1204 5775 3|,
1239 5712 1324 5767 52.

1403 5716 1446 5745 ³³
1478 5713 1620 5770 Psal.
1653 5728 1798 5775 xmx,
1827 5714 1879 5766 2.

1969 5709 2025 5742 ’τι
2054 5707 2242 5763 Matth.
2278 5719 2424 5769 xxw,
2460 5700 2529 5754 26
2595 5706 2649 5752 et
2675 5707 2828 5761 seqq-

2261 4587 2402 4641 citur
2433 4586 2480 4617 "
2514 4603 2527 4638 :
2565 4583 2683 4638 Sive
2721 4582 2899 4644 sedes,
2948 4580 3054 4634 sire
3092 4577 3499 4632 dominationes.
3550 4575 3694 4645 Ergo
3729 4583 3812 4626 res

2263 4677 2584 4734 seculorum
2627 4674 2771 4728 Deus
2813 4671 3047 4727 Verbum
3069 4709 3085 4734 ,
3121 4669 3213 4739 qui
3243 4669 3296 4723 in
3331 4667 3507 4721 forma
3538 4665 3714 4721 factus
3744 4666 3816 4715 est

2262 4769 2520 4834 hominis,
2541 4765 2748 4822 sedebit
2769 4779 2930 4831 super
2950 4759 3262 4830 hujusmodi
3281 4758 3462 4814 sedem
3488 4757 3674 4828 gloriae
3687 4764 3815 4813 suae;

2261 4871 2314 4914 et
2343 4857 2817 4928 congregabuntur
2852 4854 2918 4907 ad
2953 4866 3077 4906 eum
3117 4863 3307 4903 omnes
3342 4856 3526 4917 gentes
3560 4846 3675 4916 jam
3719 4853 3814 4896 non

2258 4951 2518 5019 dispersa:
2563 4949 2614 5000 in
2648 4943 2989 5015 dogmatibus
3033 4941 3185 4996 falsis
3219 4947 3274 4992 et
3315 4937 3500 4991 multis
3541 4938 3612 4991 de
3639 4947 3743 4995 eo;
3773 4936 3819 4982 et

2259 5040 2341 5095 sic
2381 5045 2544 5092 erunt
2594 5043 2719 5089 ante
2763 5048 2926 5096 eum,
2988 5039 3046 5085 ut
3095 5045 3202 5083 non
3254 5027 3500 5080 localiter
3543 5023 3818 5078 audiamus

2260 5141 2451 5183 onmes
2479 5133 2666 5195 gentes
2695 5123 2806 5177 ﬁeri
2836 5128 2962 5174 ante
2983 5135 3130 5185 eum,
3159 5120 3300 5173 sicut
3331 5133 3430 5170 nec
3465 5114 3705 5168 localiter
3732 5125 3820 5160 at.-

2259 5221 2441 5275 dimus
2462 5217 2642 5287 justus
2667 5230 2730 5268 ea
2760 5213 3002 5268 dicturos
3023 5225 3145 5280 qua:
3174 5219 3302 5266 sunt
3331 5206 3549 5262 dicturi.
3575 5197 3817 5269 Quandiu

2261 5324 2391 5380 ergo
2425 5307 2638 5362 confusi
2671 5315 2798 5362 sunt
2832 5302 3027 5371 iniqui,
3065 5318 3163 5357 nec
3192 5317 3252 5356 se
3283 5302 3694 5369 cognoscentes,
3731 5302 3819 5341 nec

2263 5399 2563 5465 Christum,
2597 5395 2691 5451 sed
2729 5395 2783 5448 in
2811 5393 3092 5449 erroribus
3123 5385 3500 5446 intenebricati
3531 5390 3776 5440 tenentur
3804 5393 3816 5429 :

2263 5502 2317 5546 et
2347 5489 2484 5560 justi
2528 5485 2768 5558 quandiu
2813 5497 2908 5552 per
2939 5482 3218 5552 speculum
3264 5491 3318 5534 et
3351 5479 3404 5532 in
3437 5475 3720 5545 tnnigmate
3750 5467 3816 5519 Vi-

2904 5690 2949 5722 ”
2975 5687 3120 5744 Psal.
3152 5702 3299 5755 cui,
3330 5687 3381 5741 5.
3460 5685 3506 5716 ’⁸
3539 5682 3747 5739 Coloss.
3780 5691 3818 5741 ιι
