4052 6304
237 333 375 389 ιτιδ

1387 323 2039 384 COMMENTARIORUM
2085 325 2350 381 SERIES.

3350 334 3487 392 1714

240 458 372 512 dent
393 454 461 519 ’⁷,
495 459 550 509 et
577 466 642 507 ex
671 462 823 523 parte
852 451 1063 521 seipsos
1094 461 1449 521 cognoscunt,
1479 467 1587 506 non
1613 466 1804 507 secun-
1837 450 1885 507 Α
1910 446 2041 502 teris
2067 463 2189 517 quae
2221 458 2449 518 possunt
2478 457 2531 504 et
2563 448 2616 504 in
2656 464 2849 505 manus
2879 450 3160 507 hominum
3190 454 3332 511 male
3364 473 3485 512 mo-

241 548 371 603 dum
416 543 563 615 quod
607 558 732 599 vere
768 550 938 608 sunt;
991 542 1177 597 tandiu
1224 559 1331 597 non
1373 551 1502 596 sunt
1547 541 1811 614 segregati

248 636 374 691 boni
406 651 437 689 a
467 634 627 689 ntalis
653 651 669 701 ;
706 647 830 689 cum
862 639 1043 686 autem
1074 640 1295 702 propter
1321 630 1810 686 manifestationem

244 729 337 782 filii
367 726 461 780 Dei
490 740 681 779 omnes
720 723 787 777 ad
820 722 1151 778 intellectum
1194 723 1443 778 venerint
1471 737 1653 785 suum,
1683 732 1814 776 tunc

244 819 496 873 Salvator
521 816 826 887 segregabit
849 814 1023 870 bonos
1048 830 1079 869 a
1106 814 1283 870 malis.
1318 814 1459 870 Oves
1479 823 1657 869 autem
1683 813 1810 870 dicti

241 921 369 966 sunt
413 910 508 979 qui
559 909 838 965 salvantur
888 915 1107 976 propter
1144 907 1615 961 mansuetudinem
1648 921 1810 976 quam

241 1002 557 1056 didicerunt
584 999 653 1054 ab
672 1013 740 1053 eo
760 998 852 1067 qui
881 997 1013 1052 dicit
1035 996 1115 1048 ":
1148 995 1344 1050 Discite
1365 1013 1397 1049 a
1422 1011 1500 1049 me
1520 997 1646 1067 quia
1670 996 1812 1050 mitis

242 1107 359 1145 sum
384 1099 435 1145 et
466 1089 683 1144 humilis
715 1088 891 1151 corde,
915 1097 969 1143 et
993 1095 1211 1157 propter
1237 1086 1383 1156 quod
1411 1102 1587 1156 usque
1616 1086 1682 1141 ad
1713 1101 1810 1142 oc-

240 1180 506 1235 cisionem
536 1177 710 1247 parati
746 1175 965 1230 fuerunt
996 1175 1180 1231 venire
1210 1175 1484 1229 imitantes
1509 1175 1809 1242 Christum,

241 1272 336 1343 qui
382 1273 529 1328 sicut
554 1270 671 1327 ovis
717 1270 784 1324 ad
824 1270 1152 1325 occisionem
1196 1268 1391 1324 ductus
1422 1277 1539 1334 est,
1574 1278 1627 1324 et
1673 1269 1815 1324 sicut

240 1381 418 1435 agnus
446 1378 633 1419 coram
670 1362 924 1418 tondente
957 1377 1017 1418 se
1046 1361 1165 1417 sine
1189 1377 1354 1429 voce;
1380 1371 1436 1418 et
1465 1377 1573 1417 non
1605 1361 1814 1430 simpli—

240 1457 379 1510 citer
413 1454 533 1510 sine
569 1470 732 1521 νοτε,
761 1454 855 1509 sed
888 1469 1070 1509 coram
1105 1453 1359 1509 tondente
1390 1469 1450 1509 se
1480 1452 1599 1508 sine
1644 1468 1809 1518 voce,

244 1549 296 1602 id
319 1556 399 1601 est
430 1561 615 1602 coram
640 1544 917 1601 auferente
939 1561 1062 1616 quae
1083 1556 1211 1600 sunt
1232 1545 1404 1616 ipsius
1424 1552 1478 1600 et
1502 1545 1809 1614 diripiente.

242 1638 392 1694 llredi
415 1648 596 1694 autem
619 1637 875 1693 dicuntur
899 1637 1049 1700 mali,
1070 1638 1195 1707 quia
1219 1651 1412 1708 aspera
1436 1644 1491 1691 et
1509 1637 1649 1692 dura
1676 1652 1811 1691 saxa

244 1732 388 1787 male
420 1728 742 1793 ascendunt,
773 1737 828 1783 et
858 1745 953 1799 per
983 1729 1277 1799 praecipitia
1304 1744 1496 1784 eorum
1529 1728 1806 1783 incedunt.
1846 1764 1890 1820 Β

242 1823 337 1879 Sic
364 1823 604 1893 intelligo
635 1822 766 1877 mihi
799 1830 855 1877 et
885 1830 1106 1877 sanctos
1144 1839 1175 1876 a
1216 1821 1461 1888 dextris,
1497 1820 1590 1891 qui
1619 1819 1807 1875 dextra

241 1927 410 1983 opera
437 1912 648 1984 operati
674 1921 833 1977 sunt,
866 1921 920 1967 et
956 1912 1169 1981 plenius
1200 1922 1329 1968 sunt
1354 1912 1604 1968 conversi
1633 1913 1698 1968 ad
1722 1913 1811 1983 ju-

241 2003 481 2069 stitiam,
527 2018 649 2072 quae
690 2017 904 2072 semper
931 2018 961 2057 a
998 2002 1203 2058 dextris
1244 2012 1328 2059 est
1356 2000 1473 2058 Dei.
1518 2001 1809 2073 Propterea

244 2096 549 2149 secundum
585 2093 898 2163 dignitatem
928 2101 1146 2147 actuum
1178 2108 1399 2148 suorum
1430 2093 1744 2149 dextrorum
1780 2112 1811 2150 a

240 2184 452 2238 dextris
478 2183 806 2250 consistunt,
835 2193 890 2237 et
916 2192 1240 2253 acceperunt
1266 2185 1565 2240 mercedem
1593 2199 1809 2241 suorum

242 2276 586 2341 dextrorum,
615 2276 860 2330 dextram
894 2275 1058 2345 regis,
1090 2275 1142 2329 in
1172 2291 1277 2346 qua
1314 2276 1529 2345 requies
1561 2286 1616 2335 et
1642 2278 1809 2348 gloria

243 2375 348 2418 est.
386 2363 488 2429 Qui
516 2374 695 2419 autem
730 2363 794 2417 ad
829 2363 1235 2434 perversitatem
1266 2365 1385 2420 vitae
1417 2367 1629 2435 seipsos
1657 2383 1813 2437 sepa-

247 2462 509 2509 raverunt
533 2469 566 2508 a
590 2453 795 2509 dextris
820 2465 1039 2524 propter
1068 2470 1228 2524 opera
1270 2471 1365 2511 sua
1397 2458 1631 2526 pessima
1661 2469 1711 2512 et
1739 2460 1813 2513 si-

244 2546 439 2611 nistra,
470 2544 787 2601 ceciderunt
816 2546 869 2599 in
907 2545 1214 2611 sinistram,
1248 2546 1298 2601 id
1328 2556 1413 2602 est
1449 2549 1503 2602 in
1534 2549 1809 2604 tristitiam

239 2647 641 2693 tormentorum
665 2638 929 2704 damnati,
956 2648 1174 2709 propter
1194 2641 1338 2710 quod
1363 2657 1391 2695 a
1420 2643 1658 2700 sinistris
1682 2660 1811 2699 con-

241 2727 466 2782 sistunt.
502 2726 656 2783 Tunc
686 2727 829 2782 dicet
861 2728 928 2782 ad
954 2742 1049 2782 eos
1073 2728 1167 2799 qui
1191 2738 1319 2784 sunt
1342 2746 1370 2784 a
1391 2731 1560 2803 888
1583 2734 1808 2801 dextris,

250 2816 492 2873 invitans
522 2833 618 2873 eos
650 2818 716 2873 ad
745 2832 803 2872 se
834 2837 849 2871 :
887 2817 1088 2883 Venite,
1119 2828 1179 2873 ut
1204 2821 1467 2890 quidquid
1496 2823 1676 2878 minus
1695 2822 1809 2879 fue-

240 2915 330 2961 rat
356 2908 438 2963 eis
458 2947 473 2969 .
523 2923 645 2963 cum
681 2907 973 2977 perfectius
1001 2910 1140 2965 uniti
1170 2910 1373 2967 fuerint
1398 2911 1637 2979 Christo,
1675 2930 1811 2970 con-

241 3008 547 3069 sequantur
574 3001 852 3056 audientes
879 3020 891 3056 :
939 3000 1141 3071 Venite,
1169 3013 1224 3059 et
1253 3004 1532 3062 facientes.
1570 3006 1699 3063 Tale
1730 3019 1815 3065 est

1915 551 2157 595 ratorum
2186 541 2390 606 venire,
2409 551 2463 596 et
2492 542 2963 610 calumniatorum,
2982 552 3034 597 et
3064 545 3316 602 novitatis
3335 563 3488 603 ama-

1915 638 2115 698 torum,
2153 646 2258 686 non
2299 641 2382 688 est
2413 634 2741 703 religiosum,
2787 642 2847 688 ut
2887 649 2954 688 ne
2998 636 3299 706 tuargarita:
3321 639 3484 696 nimis

1913 729 2218 790 exoperatae
2237 729 2363 777 ante
2390 737 2585 793 porcos
2612 723 2915 786 mittantur,
2935 737 3107 792 neque
3129 732 3316 780 sancta
3342 728 3486 781 eani-

1913 812 2017 868 bus
2045 814 2241 868 dentur
2262 814 2306 867 ’.

1985 904 2074 959 72.
2103 904 2347 970 Esurivi,
2382 915 2432 959 et
2460 907 2682 961 dedistis
2724 907 2851 959 milii
2897 906 3248 971 manducare,
3286 916 3339 962 et
3379 924 3485 962 caeo

1915 1004 2029 1049 tera
2058 995 2100 1051 ⁸.
2138 993 2362 1051 Videtur
2394 995 2527 1051 mihi
2559 1011 2653 1065 per
2678 996 2792 1050 lucc
2813 1037 2827 1061 ,
2851 994 2979 1065 quia
3003 1010 3110 1050 non
3141 995 3301 1051 unius
3330 996 3485 1066 justi-

1916 1086 2003 1141 tize
2033 1085 2243 1155 species
2291 1095 2703 1148 remuneratur,
2755 1085 2897 1140 sicut
2943 1086 3260 1141 existimant
3303 1086 3480 1141 multi.

1915 1177 2228 1232 Absurdum
2278 1185 2361 1231 est
2386 1176 2529 1231 enim
2581 1176 2714 1229 nihil
2749 1176 2893 1230 aliud
2928 1175 3225 1246 intelligere
3270 1176 3482 1233 virtutis

1917 1269 1971 1323 in
1997 1283 2062 1324 eo
2088 1268 2178 1339 qui
2210 1268 2284 1323 ita
2316 1267 2833 1335 remuneratur,nisi
2872 1276 3078 1321 tantum
3116 1268 3483 1322 communica-

1917 1360 2118 1414 tionem
2144 1358 2519 1415 humanitatis.
2543 1356 2660 1413 Non
2681 1358 2824 1413 enim
2854 1360 2956 1416 hoc
2979 1358 3210 1413 dicimus
3234 1368 3292 1414 ut
3315 1360 3483 1428 negli-

1914 1450 2133 1522 gentius
2161 1451 2477 1507 studeamus
2510 1450 2926 1514 humanitatem,
2964 1464 3086 1504 cum
3115 1451 3187 1504 sit
3228 1451 3482 1505 omnibus

1915 1541 2163 1596 fidelibus
2189 1542 2460 1613 praecipue
2488 1539 2850 1608 observanda,
2880 1540 2973 1595 sed
3003 1551 3063 1595 ut
3091 1542 3271 1596 omnia
3300 1558 3484 1611 aequa-

1914 1633 2039 1690 liter
2065 1643 2161 1688 aut
2190 1643 2249 1688 ut
2273 1649 2409 1704 pene
2436 1633 2717 1704 aequaliter
2746 1631 3082 1699 studeamus,
3112 1643 3172 1687 ut
3198 1641 3480 1702 propterea

1913 1739 1982 1779 ex
2029 1725 2288 1780 omnibus
2319 1740 2535 1780 omnem
2571 1725 3000 1780 benedictionem
3032 1724 3394 1795 percipiamns
3429 1726 3480 1778 in

1915 1814 2231 1871 caelestibus
2265 1817 2318 1869 in
2362 1815 2583 1871 Christo
2610 1814 2761 1871 Jesu.
2808 1814 3049 1871 Primum
3080 1827 3257 1870 autem
3303 1817 3481 1871 scien-

1894 1905 2045 1961 ‘dum
2076 1914 2158 1962 est
2191 1906 2473 1977 quoniam,
2505 1906 2666 1973 sicut,
2700 1916 2961 1979 quantum
2993 1908 3060 1962 ad
3097 1916 3301 1962 textum
3325 1949 3339 1973 ,
3375 1922 3480 1962 non

1915 1996 2111 2053 sullicit
2125 1998 2192 2052 ad
2209 2002 2644 2068 consequendam
2668 1997 2815 2069 regni
2835 1999 3070 2054 ctelestis
3093 1999 3480 2060 haereditatem.

1914 2087 2047 2143 dare
2070 2088 2442 2144 esurientibus
2477 2089 2827 2155 manducare,
2861 2089 2965 2144 nisi
2995 2099 3048 2144 et
3078 2101 3271 2143 cratera
3294 2088 3484 2145 feceri-

1916 2193 2039 2231 mus
2064 2192 2185 2248 qute
2206 2177 2635 2248 subsequuntur,
2661 2178 2740 2234 sic
2770 2194 2877 2233 non
2906 2179 3162 2249 possibile
3185 2180 3369 2234 omnia
3394 2180 3480 2233 illa

1916 2269 2216 2324 secundum
2249 2278 2455 2325 textum
2484 2271 2737 2341 implere,
2768 2272 2907 2327 sicut
2938 2272 3252 2330 existimant
3290 2274 3480 2339 multi,

1917 2358 2020 2412 nisi
2050 2373 2119 2412 ex
2147 2365 2302 2427 parte
2345 2359 2616 2430 egerimus
2654 2370 2843 2416 contra
2873 2360 2968 2417 Dei
3006 2362 3342 2418 tnandatum.
3377 2363 3481 2418 Ne-

1914 2464 2067 2505 cesse
2096 2460 2179 2505 est
2219 2464 2345 2504 eum
2376 2459 2427 2504 et
2462 2461 2829 2520 quaestuosum
2860 2468 3012 2519 esse,
3058 2463 3117 2509 ut
3157 2453 3246 2508 det
3278 2455 3480 2518 cibum,

1915 2550 1969 2595 et
2003 2550 2187 2611 potum
2211 2583 2227 2608 ,
2256 2550 2311 2596 et
2334 2543 2715 2597 vestimentum
2746 2543 2965 2599 Christo
2998 2546 3282 2611 esurienti,
3316 2558 3368 2602 et
3406 2550 3483 2603 si-

1917 2634 2099 2702 tienti,
2134 2644 2188 2690 et
2217 2635 2415 2707 algenti
2450 2636 2503 2690 in
2536 2637 2773 2701 sanctis,
2808 2647 2869 2693 ut
2909 2639 3013 2694 hoc
3046 2641 3209 2696 modo
3242 2652 3293 2695 et
3329 2657 3482 2709 pere-

1914 2727 2127 2797 grinum
2157 2743 2281 2783 eum
2321 2727 2558 2798 colligat,
2589 2738 2643 2784 et
2670 2729 2945 2785 infirmum
2981 2732 3178 2797 visitet,
3215 2742 3267 2787 et
3295 2744 3379 2789 eat
3416 2735 3483 2788 ad

1916 2834 2044 2874 eum
2081 2819 2135 2874 in
2162 2834 2460 2876 carcerem.
2495 2818 2629 2875 Vere
2661 2830 2841 2876 autem
2879 2822 2993 2877 sive
3026 2824 3320 2878 secundum
3349 2824 3484 2878 siui-

1916 2909 2142 2979 pliciora
2180 2918 2236 2964 et
2269 2910 2573 2979 corporalia
2605 2910 2743 2965 bene
2776 2908 2916 2966 facta
2950 2911 3338 2981 intelligamus,
3373 2914 3485 2969 sive

1917 3000 2218 3054 secundum
2252 3001 2519 3070 spiritalia
2544 3040 2559 3066 ,
2586 3012 2791 3056 certum
2820 3011 2903 3058 est
2931 3007 3186 3073 quoniam
3221 3006 3334 3059 sivo
3362 3007 3483 3072 hoc,

239 3090 388 3160 quod
423 3091 556 3146 dicit
591 3094 732 3163 apud
761 3091 965 3149 Lucam
986 3095 1072 3151 ’νε
1107 3096 1324 3165 Auferte
1347 3099 1600 3153 talentum
1632 3101 1696 3155 ab
1728 3117 1809 3167 eo,
1841 3132 1880 3183 0
1917 3090 2033 3146 sive
2075 3091 2168 3147 illo
2213 3096 2376 3147 modo
2422 3093 2548 3163 quis
2592 3092 2756 3148 faciat
2784 3108 2922 3163 Opus
2952 3094 3153 3149 bonum
3187 3104 3241 3149 et
3284 3097 3488 3151 nutriat

238 3192 287 3237 et
314 3183 437 3239 date
462 3184 509 3238 ei
535 3185 625 3255 qui
666 3183 818 3239 habet
858 3184 1054 3239 decem.
1096 3185 1280 3242 Omnis
1315 3190 1453 3243 enim
1493 3191 1585 3260 qui
1620 3190 1808 3259 liabet,

240 3273 540 3329 addeturei
565 3290 584 3327 :
621 3277 711 3346 qui
754 3285 931 3333 autem
961 3293 1064 3330 non
1111 3278 1287 3343 habet,
1329 3290 1380 3334 et
1422 3282 1562 3351 quod
1610 3283 1813 3338 videtur

240 3364 451 3434 habere,
486 3366 756 3437 auferetur
792 3367 855 3427 ab
898 3385 976 3424 eo.
1028 3367 1195 3425 Vocat
1226 3381 1405 3427 autem
1433 3373 1558 3430 illos
1588 3375 1804 3431 benedi-

241 3467 362 3513 ctos
394 3457 589 3526 Patris,
620 3459 804 3514 addito
833 3458 1092 3513 benedicti
1128 3460 1309 3517 Patris
1340 3466 1460 3529 mei,
1487 3476 1547 3520 ut
1569 3468 1815 3523 eminen-

243 3548 320 3602 tia
350 3550 743 3605 benedictionts
768 3567 956 3607 eorum
989 3554 1390 3618 manifestctur,
1419 3556 1512 3624 qui
1546 3557 1813 3613 benedicti

242 3648 374 3692 sunt
419 3655 447 3689 a
500 3637 730 3693 Domino
786 3641 879 3709 qui
935 3640 1063 3696 fecit
1110 3642 1308 3696 caelum
1370 3653 1424 3696 et
1472 3651 1709 3710 terram;
1759 3656 1815 3701 et

243 3727 474 3783 forsitan
521 3730 648 3798 quia
691 3740 820 3785 sunt
866 3733 1033 3801 aliqui
1077 3732 1363 3789 inferiores
1410 3735 1503 3804 qui
1549 3735 1814 3793 benedicti

242 3821 465 3892 quidem
496 3831 644 3887 sunt,
673 3839 781 3879 non
816 3833 996 3879 autem
1025 3822 1221 3880 Patris.

317 3911 408 3967 7i.
443 3912 679 3983 Accipite
712 3930 925 3985 regnum
960 3917 1097 3979 quod
1127 3916 1271 3971 vobis
1301 3929 1660 3989 praeparatum
1682 3932 1758 3976 est
1782 3940 1816 3975 a

242 4007 621 4061 constitutione
636 4008 817 4060 mundi
848 4008 886 4061 ⁸.
912 4005 1064 4073 Quod
1102 4008 1155 4063 in
1188 4009 1384 4067 Latino
1413 4011 1595 4076 habet,
1625 4030 1659 4081 ιι
1686 4030 1815 4068 con—

243 4097 525 4153 stitutione
556 4098 761 4164 mundi,
792 4099 845 4154 in
875 4097 1063 4153 Grmco
1096 4102 1176 4157 sic
1206 4102 1405 4157 habet:
1434 4120 1466 4156 α
1493 4104 1816 4171 depositione

244 4189 469 4256 mundi,
516 4202 570 4245 et
591 4191 887 4246 secundum
934 4190 1182 4247 Graecum
1235 4208 1540 4249 sermonem
1595 4196 1818 4266 exponit

243 4294 370 4348 quae
397 4282 697 4338 secundum
722 4281 975 4340 Latinum
1005 4298 1113 4338 non
1143 4285 1499 4341 conveniebat
1521 4301 1812 4358 exponere.

245 4370 429 4438 Quare
472 4383 651 4429 autem
697 4377 920 4431 nomine
965 4377 1323 4447 depositionis
1364 4378 1444 4451 de.
1477 4379 1681 4434 mundo
1710 4378 1817 4434 fre-

1915 3182 2127 3240 animas
2142 3184 2477 3255 spiritalibus
2498 3186 2654 3251 cibis,
2670 3187 2784 3243 sive
2801 3188 3231 3259 qualemcunque
3254 3190 3484 3258 speciem

1914 3274 2044 3330 boni
2090 3275 2270 3345 operis
2313 3278 2438 3346 quis
2487 3276 2648 3332 fuerit
2699 3288 2952 3347 Operatus
3002 3290 3219 3349 prepter
3272 3279 3438 3335 Deum
3469 3325 3515 3355 ,_

1912 3363 2136 3420 Christo
2178 3364 2440 3421 esurienti
2489 3374 2543 3420 et
2572 3367 2775 3421 sitienti
2822 3368 2914 3423 dat
2964 3368 3142 3423 Cibum
3188 3378 3241 3421 et
3274 3378 3484 3437 potum.

1917 3455 2043 3510 Sive
2073 3472 2195 3527 qua:
2226 3455 2459 3514 facimus
2490 3458 2693 3513 sanctis
2726 3460 2819 3529 qui
2852 3469 2978 3515 sunt
3021 3460 3213 3514 divites
3243 3461 3447 3515 meritis
3468 3502 3483 3527 ,

1916 3563 2180 3617 pauperes
2207 3548 2391 3612 rebus,
2418 3548 2533 3603 sive
2557 3551 2608 3603 in
2638 3550 2971 3619 quibuslibet
3000 3552 3090 3619 qui
3118 3551 3328 3607 meritis
3349 3567 3486 3622 pau~

1917 3652 2075 3705 peres
2109 3646 2273 3704 sunt,
2304 3637 2407 3693 etsi
2439 3636 2643 3693 fuerint
2670 3639 2862 3694 divites
2894 3640 3076 3706 rebus,
3113 3641 3224 3695 sive
3265 3644 3315 3695 in
3351 3658 3488 3711 qua-

1919 3724 2284 3793 libuscunque
2312 3723 2495 3779 causis
2526 3724 2842 3779 mandatum
2880 3725 3079 3780 Christi
3114 3727 3238 3796 quis
3264 3729 3497 3794 fecerit,

1914 3814 2189 3868 Christum
2216 3814 2356 3869 cibat
2380 3823 2433 3868 et
2463 3824 2631 3885 potat,
2657 3817 2747 3886 qui
2773 3816 3011 3872 ﬁdelium
3031 3818 3299 3887 justitiam
3319 3828 3373 3873 et
3395 3836 3485 3874 νει

1916 3905 2132 3959 ritatem
2162 3906 2457 3960 manducat
2484 3914 2538 3959 et
2571 3906 2727 3961 bibit.
2758 3905 2888 3962 Item
2915 3907 3192 3962 Christum
3219 3909 3482 3977 algentem

1917 3998 2152 4053 teximus
2181 3999 2524 4067 vestimento,
2556 3999 2883 4069 accipientes
2911 4000 3190 4069 sapientiae
3223 4012 3482 4056 tecturam

1915 4106 1945 4143 a
1988 4088 2117 4157 Deo,
2148 4100 2206 4146 ut
2236 4107 2329 4161 per
2366 4091 2673 4146 doctrinam
2719 4091 2933 4161 aliquos
2962 4094 3255 4148 doceamus
3276 4134 3291 4161 ,
3319 4103 3373 4148 ct
3406 4093 3485 4152 in.-

1916 4184 2149 4239 duamus
2178 4199 2272 4239 eos
2298 4184 2507 4240 viscera
2536 4185 2946 4251 misericordiae,
2974 4185 3303 4248 castitatem,
3332 4202 3488 4242 man-

1919 4271 2287 4341 suetudinem,
2312 4274 2694 4343 bumilitatem,
2716 4285 3049 4346 catterasque
3072 4276 3295 4334 virtutes
3321 4295 3335 4332 :
3366 4295 3487 4348 quae

1919 4377 2110 4419 omnes
2138 4364 2365 4421 virtutes
2389 4365 2650 4435 spiritalia
2682 4378 2810 4422 sunt
2834 4368 3155 4427 vestimenta
3176 4385 3364 4424 eorum
3393 4372 3487 4439 qui

246 4474 477 4534 quenter
525 4475 751 4521 utuntur
795 4465 1128 4537 Scriptum,
1175 4468 1317 4524 sicut
1357 4477 1412 4523 et
1455 4468 1546 4524 hic
1578 4468 1811 4526 dicens:

1921 4456 2148 4510 audiunt
2173 4456 2475 4513 doctrinam
2505 4460 2814 4515 docentium
2854 4477 2981 4529 eas,
3027 4462 3326 4517 secundum
3360 4480 3485 4517 eum

247 4572 280 4608 a
312 4556 634 4625 depositione
656 4559 860 4623 mundi,
887 4566 1098 4627 quaerat
1120 4559 1213 4629 qui
1241 4567 1437 4629 potest,
1467 4559 1649 4615 sciens
1684 4561 1812 4629 quia

246 4663 356 4702 non
381 4662 542 4701 omne
567 4650 710 4719 quod
738 4662 979 4704 creatum
1007 4658 1111 4718 est,
1138 4650 1441 4720 depositum
1466 4650 1685 4719 dicitur,
1715 4668 1814 4708 nec

246 4739 509 4809 scriptum
544 4749 631 4795 est
651 4741 872 4806 alicubi,
905 4758 936 4796 a
962 4741 1299 4812 depositione
1330 4742 1567 4808 sedium,
1597 4752 1691 4797 aut
1716 4744 1813 4798 do-

247 4829 603 4885 minationum
626 4871 642 4897 ,
676 4841 768 4886 aut
792 4833 1214 4904 principatuum.
1253 4832 1600 4904 Congregans
1631 4844 1810 4890 autem

243 4938 308 4976 ex
340 4921 595 4978 omnibus
640 4938 835 4977 nomen
867 4923 1242 4993 depositionis,
1276 4922 1325 4978 si
1367 4921 1507 4979 forte
1550 4924 1603 4978 in
1644 4925 1814 4981 altero

244 5014 430 5083 aliquo
471 5013 676 5069 dictum
707 5023 810 5079 est,
840 5022 895 5070 et
935 5029 1261 5085 comparans
1297 5030 1360 5071 ea
1406 5032 1531 5072 cum
1580 5017 1664 5073 his
1692 5034 1813 5090 quae

243 5105 505 5161 dicuntur
534 5106 602 5161 de
632 5107 819 5161 mundi
848 5106 1206 5177 depositione,
1236 5109 1538 5164 ascendens
1570 5125 1663 5179 per
1695 5125 1813 5165 ver-

244 5198 375 5253 bum
406 5197 473 5253 ad
498 5206 693 5253 caetera
727 5208 906 5255 creata
932 5200 1174 5270 quidem,
1200 5213 1307 5254 non
1333 5208 1514 5255 autem
1547 5202 1813 5272 deposita,

242 5305 310 5342 ex
342 5302 409 5342 eo
440 5289 581 5358 quod
612 5304 719 5344 non
749 5297 833 5346 est
860 5305 1051 5345 eorum
1090 5291 1229 5347 facta
1263 5292 1561 5364 depositio,
1611 5294 1816 5349 videbis

245 5393 467 5434 causam
493 5381 784 5436 nominata:
805 5382 1182 5451 depositionis,
1202 5384 1345 5454 quod
1372 5400 1567 5440 nomen
1605 5395 1814 5442 tantum

245 5473 317 5527 de
351 5472 552 5527 mundo
582 5474 897 5544 suscipitur.
935 5475 1168 5532 Credere
1198 5486 1379 5533 autem
1409 5477 1525 5534 haec
1563 5479 1688 5534 talia
1724 5479 1814 5536 lit-

1919 4554 2012 4625 qui
2045 4554 2175 4608 dicit
2203 4572 2217 4608 :
2252 4552 2465 4609 lnduite
2486 4571 2573 4609 vos
2599 4556 2798 4610 viscera
2825 4558 3224 4622 misericordiae,
3252 4558 3490 4631 benigni-

1921 4657 2082 4700 tatem
2103 4685 2120 4711 ,
2175 4644 2527 4700 humilitatem
2554 4685 2568 4710 ,
2603 4649 3052 4702 mansuetudinem
3075 4687 3090 4711 ,
3137 4658 3192 4704 et
3225 4660 3420 4705 caetera
3444 4651 3485 4705 ⁸.

1921 4737 2095 4809 Magis
2123 4745 2305 4793 autem
2336 4748 2390 4792 et
2416 4737 2594 4807 ipsum
2627 4739 2908 4795 Christum
2939 4740 3033 4811 qui
3071 4740 3187 4796 haec
3210 4741 3394 4797 omnia
3421 4741 3486 4795 li-

1919 4832 2133 4887 delibus
2161 4841 2267 4896 est,
2294 4833 2594 4888 secundum
2616 4849 2740 4889 eum
2763 4832 2857 4903 qui
2884 4833 3022 4888 dixit
3042 4834 3064 4866 '
3094 4851 3107 4887 :
3138 4831 3352 4889 Induite
3382 4833 3489 4887 Do-

1920 4926 2123 4978 minum
2154 4924 2357 4979 Iesum.
2389 4925 2526 4981 Cum
2557 4940 2687 4995 ergo
2730 4925 2996 4995 ejusmodi
3024 4925 3364 4982 vestimentis
3399 4943 3491 4981 ve-

1920 5015 2201 5072 stierimus
2233 5032 2400 5072 unum
2432 5017 2500 5071 de
2524 5015 2767 5071 minimis
2787 5016 2841 5070 in
2870 5013 3090 5071 Christo
3120 5016 3485 5083 credentibus,

1920 5107 2097 5177 ipsum
2135 5107 2423 5163 Dominum
2455 5107 2701 5163 videmur
2729 5107 3065 5175 vestiisse,ut
3097 5124 3185 5173 ne,
3222 5118 3489 5179 quantum

1921 5201 1988 5254 ad
2028 5213 2149 5264 nos,
2186 5199 2392 5254 nudum
2432 5197 2505 5254 sit
2548 5198 2771 5253 verbum
2807 5196 2902 5251 Dei
2949 5198 3002 5252 in
3034 5198 3259 5254 mundo.
3297 5199 3400 5254 Sed
3436 5209 3491 5254 et

1922 5289 2267 5360 peregrinum
2305 5289 2398 5344 Dei
2431 5286 2626 5343 Filium
2659 5288 3046 5353 constitutum,
3083 5297 3138 5343 et
3163 5288 3490 5344 domesticos

1919 5384 2167 5453 corporis
2187 5383 2308 5453 ejus
2336 5383 2650 5452 peregrinos
2672 5381 2731 5436 in
2754 5381 2959 5437 mundo
2984 5382 3054 5437 ab
3076 5381 3330 5439 omnibus
3357 5381 3492 5435 acti-

1922 5476 2024 5531 bus
2052 5475 2447 5545 corporalibus,
2480 5476 2625 5533 sicut
2644 5475 2759 5545 ipse
2782 5482 2837 5529 et-
2861 5474 2928 5529 de
2958 5487 3017 5529 se
3035 5481 3090 5529 et
3118 5472 3184 5529 de
3210 5471 3491 5543 discipulis

356 5677 400 5705 θ’
427 5675 440 5729 l
470 5677 597 5732 Cor.
632 5693 763 5742 xm,
795 5675 877 5748 l2.
989 5677 1034 5711 ⁸⁸
1067 5676 1361 5748 Matthrst.
1394 5678 1481 5748 29.
1518 5747 1523 5748 ί
1590 5679 1638 5710 ⁸⁸
1671 5676 1803 5732 Luc.

1916 5694 1950 5737 ι,
1978 5676 2070 5748 94,
2104 5673 2206 5742 Ξ6;
2272 5674 2462 5748 Matth.
2490 5692 2618 5744 xxv,
2648 5673 2739 5742 28,
2768 5675 2859 5731 ΞΘ.
2972 5674 2990 5708 ί
3022 5672 3215 5735 Matth.
3250 5693 3371 5748 xxv,
3396 5672 3482 5733 τιὸ,

253 5746 483 5803 ’Matth.
521 5764 614 5815 vn,
651 5748 706 5803 6.
784 5749 803 5779 ³
833 5747 1023 5806 Matth.
1061 5764 1195 5816 xxv,
1228 5747 1317 5803 35.
1388 5747 1644 5805 ‘Coloss.
1684 5762 1779 5815 ιιι,
1816 5748 1902 5803 i2.
1970 5748 1990 5778 '
2020 5746 2179 5804 Rom.
2214 5761 2345 5812 aut,
2383 5745 2469 5801 Η.
