4052 6304
561 340 700 395 HIS

1757 322 2079 383 ORICENIS
2110 323 2176 379 IN
2215 318 2628 377 MATTIIA'LUM

2522 90 2629 133 Ἢ...-

3673 308 3829 362 17ης

556 466 674 522 suis
707 463 840 520 dicit
867 462 921 516 δε
950 460 1016 514 Et
1050 460 1141 513 isti
1177 473 1278 511 non
1304 464 1425 510 sunt
1454 456 1516 508 de
1542 453 1638 507 hoc
1663 451 1880 514 mundo,
1913 450 2048 502 sicut
2074 457 2122 501 et
2153 452 2197 509 Α
2227 447 2449 500 istorum
2496 443 2727 514 fratrum
2762 454 3014 505 meorum,
3064 437 3193 491 mihi
3238 435 3456 505 fecistis.
3508 432 3830 487 Videamus

556 574 650 627 ego
677 572 781 610 non
813 569 929 608 sum
951 552 1015 606 de
1049 552 1145 604 hoc
1179 549 1393 603 mundo.
1424 547 1489 601 Et
1513 545 1705 616 quaerit
1724 542 1974 597 Christus
2007 553 2131 593 cum

559 650 676 704 suis
705 648 942 703 animam
995 643 1087 698 ubi
1122 643 1398 697 succedat.
1433 637 1661 705 Quando
1686 649 1816 706 ergo
1859 647 2130 702 praepara-

555 751 679 792 mus
709 751 804 790 cor
840 742 1087 788 nostrum
1118 732 1347 786 diversis
1374 729 1667 783 virtutibus
1692 727 1760 780 ad
1805 733 2131 792 receptacu-

564 827 676 880 lum
709 826 830 895 ejus
859 825 940 877 vel
967 825 1181 878 illorum
1219 823 1312 892 qui
1356 828 1484 876 sunt
1518 818 1720 888 ipsius,
1752 817 1929 886 ipsum
1971 828 2130 883 pere-

552 919 855 988 grinantem
895 915 1224 982 suscipimus
1283 913 1339 967 in
1371 912 1592 966 domum
1647 908 1881 979 pectoris
1934 905 2127 973 nostri,

551 1009 816 1064 facientes
858 1005 1199 1061 cmnaculum
1231 1018 1511 1074 magnum,
1542 1002 1860 1055 mundatum
1889 1007 1942 1053 et
1966 1012 2130 1051 orna-

554 1112 668 1156 tum
687 1101 751 1155 ad
772 1098 1169 1168 susceptionem
1188 1096 1387 1151 Christi
1406 1094 1801 1166 peregrinantis
1817 1093 1869 1145 in
1899 1088 2122 1155 mundo,

556 1201 988 1258 cmterorumque
1032 1188 1425 1258 discipulorum
1460 1187 1651 1256 ipsius.
1699 1185 1941 1250 Quorum
1981 1183 2124 1235 enim

554 1278 780 1332 verbum
812 1274 1164 1344 suscipimus,
1196 1284 1251 1328 et
1284 1275 1432 1345 ipsos
1458 1273 1765 1343 suscepisse
1796 1272 2040 1326 videmur
2072 1271 2125 1323 in

551 1368 732 1434 nobis,
751 1376 806 1422 et
824 1383 919 1438 per
943 1368 1093 1438 ipsos
1113 1367 1415 1432 Christum,
1432 1368 1588 1437 cujus
1607 1365 1854 1435 bajulant
1874 1364 2121 1418 verbum.

551 1462 686 1515 Item
720 1460 774 1513 in
806 1459 1095 1513 inﬁrmatis
1124 1458 1462 1523 hominibus,
1498 1460 1615 1513 sive
1651 1473 1680 1512 a
1715 1458 1852 1522 ﬁde,
1888 1456 2005 1511 sive
2057 1455 2126 1509 ab

549 1550 733 1620 aliquo
758 1564 922 1619 opere
944 1551 1129 1611 bono,-
1144 1562 1238 1603 aut
1255 1550 1569 1604 scandalum
1591 1550 1942 1620 patientibus,
1966 1548 2124 1604 Chrio

548 1651 668 1696 stus
696 1640 1002 1694 inﬁrmatur
1028 1649 1079 1693 et
1096 1639 1411 1695 scandalum
1445 1642 1666 1710 patitur,
1686 1641 1825 1697 sicut
1853 1642 1968 1711 ipse
1992 1640 2126 1696 dicit

548 1730 616 1784 ad
648 1729 867 1783 Petrum
902 1744 1024 1799 quae
1050 1731 1235 1785 carnis
1264 1739 1393 1785 sunt
1422 1733 1716 1801 sapientem
1746 1751 1759 1785 :
1798 1730 2121 1785 Scandalum

551 1819 682 1873 mihi
717 1835 771 1873 es
791 1820 834 1886 ⁷,
865 1820 967 1875 hoc
998 1828 1101 1885 est,
1132 1820 1422 1876 inﬁrmitas
1463 1821 1593 1875 mihi
1615 1836 1695 1877 es.
1728 1821 1831 1876 Sed
1855 1829 1908 1876 et
1929 1834 2120 1876 omnes

547 1910 802 1982 discipuli
835 1911 956 1980 ejus
989 1912 1172 1968 dilecti
1203 1913 1366 1969 simul
1399 1929 1523 1968 cum
1553 1914 1750 1969 talibus
1773 1913 2123 1968 inflrmantur

547 2013 603 2057 et
630 2003 949 2058 scandalum
991 2004 1271 2074 patiuntur
1293 2004 1569 2060 dicentes:
1611 2003 1746 2070 Quis
1780 2004 2118 2069 inﬁrmatur,

543 2101 601 2148 et
655 2110 764 2149 non
813 2095 1203 2149 inﬁrmamur?
1243 2096 1367 2165 quis
1420 2097 1854 2159 scandalizatur,
1908 2102 1963 2149 et
2010 2109 2118 2149 non

546 2185 762 2240 urimur
819 2186 1026 2243 nos'?
1082 2186 1150 2241 Et
1207 2186 1251 2242 si
1312 2187 1564 2257 discipuli
1619 2186 1740 2256 ejus
1789 2185 2120 2241 conﬁrman-

548 2287 638 2331 tur
672 2277 927 2342 inﬁrmis,
965 2288 1174 2348 quanto
1226 2278 1400 2349 magis
1449 2278 1565 2347 ipse
1603 2275 1852 2332 Salvator
1907 2284 2122 2332 creator

542 2365 715 2438 889
771 2368 1054 2439 ipsorum?
1107 2367 1242 2423 Nam
1294 2384 1458 2439 quem
1516 2368 1692 2438 major
1744 2366 2120 2423 misericordia

547 2465 692 2510 tenet
726 2456 1008 2511 hominum
1040 2457 1407 2520 inﬁrmorum,
1443 2456 1659 2528 gravior
1689 2454 2014 2526 constringit
2037 2455 2121 2510 in—

544 2546 775 2602 ﬁrmitas
811 2548 955 2603 talis.
980 2548 1116 2603 Cum
1149 2564 1280 2619 ergo
1309 2564 1478 2603 unum
1511 2546 1744 2603 fratrum
1778 2547 2119 2602 inﬁrmorum

543 2638 969 2705 visitaverimus,
999 2648 1094 2695 aut
1137 2655 1233 2710 per
1270 2641 1598 2705 doctrinam,
1625 2649 1720 2695 aut
1751 2655 1845 2709 per
1866 2640 2118 2710 increpa-

546 2730 770 2797 tionem,
805 2740 902 2786 aut
942 2746 1039 2802 per
1087 2733 1540 2796 consolationem,
1577 2740 1672 2787 aut
1710 2732 1986 2803 precibus,
2024 2741 2122 2788 aut

546 2830 755 2875 terrore
777 2822 991 2891 judicii,
1021 2830 1116 2876 aut
1162 2823 1367 2891 aliqua,
1387 2823 1528 2877 bona
1571 2836 1734 2892 opera
1767 2821 2030 2878 facientes
2061 2823 2117 2877 in

541 2929 689 2980 eum,
731 2913 1022 2969 fecerimus
1054 2915 1343 2970 meliorare
1380 2914 1435 2968 in
1466 2912 1706 2980 Christo,
1746 2914 1923 2984 ipsum
1954 2914 2117 2970 Chri-

543 3016 688 3062 stum
711 3006 1077 3069 visitavimus,
1112 3016 1166 3060 et
1208 3004 1641 3062 confortavimus
1673 3007 2031 3073 inﬁrmatam,
2061 3017 2117 3062 et

543 3101 771 3148 caeteros
803 3094 1100 3163 discipulos
1129 3093 1336 3149 Christi
1376 3093 1579 3149 talibus
1601 3095 1951 3164 passionibus
1980 3110 2115 3149 con-
2142 3114 2184 3172 ο

545 3183 824 3237 firmantes
857 3184 1266 3252 re'frigeramus,
1306 3184 1451 3240 sicut
1491 3185 1694 3241 Paulus
1726 3186 1792 3240 ad
1838 3185 2114 3240 Philemo-

542 3288 665 3327 nem
698 3274 831 3328 dicit
868 3276 889 3306 ⁸
915 3291 929 3327 :
976 3272 1246 3328 Gaudium
1269 3276 1408 3329 enim
1440 3292 1690 3346 magnum
1734 3275 2034 3339 habuimus,
2065 3285 2116 3329 et

541 3363 949 3439 consolationem
970 3365 1027 3417 in
1041 3366 1298 3418 charitate
1325 3376 1437 3433 tua,
1454 3367 1580 3436 quia
1601 3368 1797 3420 viscera
1813 3376 2114 3421 sanctorum

542 3456 901 3527 requieverunt
947 3471 1040 3524 per
1081 3464 1148 3522 te,
1192 3455 1378 3525 frater.
1416 3456 1483 3512 Et
1516 3474 1584 3512 ne
1610 3464 1768 3527 putes
1798 3471 1921 3513 esse
1963 3458 2113 3513 blas-

542 3550 821 3619 phemum,
851 3548 1126 3604 inﬁrmum
1169 3549 1350 3605 dicere
1392 3549 1695 3611 Christum.
1729 3551 1847 3622 lpse
1878 3553 2022 3608 enim
2046 3568 2113 3608 ex

542 3642 857 3698 inﬁrmitate
883 3652 969 3698 est
997 3643 1291 3699 cruciﬁxus
1314 3653 1535 3713 propter
1577 3645 2031 3707 misericordiam.
2060 3652 2115 3700 et

541 3736 659 3805 ipse
682 3736 1027 3793 inﬁrmitates
1049 3747 1263 3793 nostras
1285 3745 1484 3807 portat,
1503 3746 1558 3791 et
1573 3754 1761 3793 omnes
1788 3739 1897 3792 noti
1917 3739 2106 3807 ipsius.

541 3826 747 3882 Deinde
776 3842 937 3882 omne
963 3828 1110 3897 quod
1166 3828 1255 3883 hic
1287 3837 1392 3890 est,
1432 3844 1620 3884 carcer
1674 3836 1759 3883 est
1803 3829 2008 3884 Christi
2058 3838 2111 3884 et

539 3933 730 3971 eorum
758 3918 851 3987 qui
877 3927 1006 3974 sunt
1032 3919 1223 3987 ipsius.
1251 3919 1543 3990 Propterea
1579 3936 1769 3975 eamus
1791 3920 1856 3974 ad
1885 3935 1981 3976 eos
2016 3920 2109 3990 qui

542 4010 597 4064 in
643 4011 808 4066 domo
849 4011 1188 4066 vinculorum
1253 4012 1483 4068 istorum
1543 4012 1810 4067 habentur
1853 4014 2009 4083 quasi
2054 4014 2109 4067 in

541 4115 781 4167 carcere,
818 4109 871 4155 et
897 4110 1026 4156 sunt
1054 4102 1108 4155 in
1136 4102 1242 4157 hoc
1274 4103 1478 4157 mundo
1502 4102 1780 4171 degentes,
1810 4103 1964 4172 quasi
1988 4119 2111 4158 car-

540 4208 665 4246 cere
711 4202 919 4246 natura:
960 4193 1283 4247 necessitate
1325 4192 1626 4248 constricti.
1659 4194 1796 4248 Cum
1830 4210 1959 4265 ergo
1995 4195 2109 4249 abi-

541 4284 749 4338 erimus
774 4283 838 4337 ad
863 4283 1019 4346 tales,
1049 4292 1104 4337 et
1129 4299 1291 4338 omne
1323 4299 1460 4353 opus
1496 4286 1702 4340 bonum
1738 4284 2025 4341 fecerimus
2052 4287 2105 4340 in

547 4378 643 4440 eis,
673 4375 1015 4429 visitavimus
1056 4390 1149 4430 eos
1179 4374 1232 4429 in
1260 4390 1496 4439 carcere,
1526 4386 1580 4431 et
1603 4376 1882 4433 Christum
1927 4378 1978 4431 in
2005 4379 2104 4433 eis.

2233 551 2379 590 nunc
2423 535 2568 604 quod
2619 531 2751 587 dicit
2788 531 2999 602 justis:
3059 527 3261 593 Venite,
3316 526 3574 580 benedicti
3619 524 3825 579 Patris

2232 626 2332 679 mei
2380 625 2452 690 ¹²;
2494 623 2715 693 injustis
2753 631 2932 676 autem
2982 638 2995 674 :
3047 617 3309 673 Discedite
3351 633 3383 669 a
3427 631 3506 668 me
3552 615 3628 677 ¹³;
3680 628 3818 667 cum

2230 717 2463 772 fuissent
2490 716 2679 785 utique
2706 714 2911 779 ﬁdeles,
2947 721 3001 767 et
3030 710 3384 780 intelligimus
3427 706 3714 776 impletum
3748 706 3814 758 in

2230 805 2312 862 eis
2336 805 2480 874 quod
2508 804 2770 874 scriptum
2799 811 2883 857 est
2906 801 2950 833 “
2983 819 2998 855 :
3041 799 3197 855 Omni
3232 798 3443 851 habenti
3474 796 3718 858 dabitur,
3751 806 3811 849 et

2230 894 2560 958 abundabit;
2587 892 2651 945 ab
2682 908 2741 945 eo
2771 904 2948 945 autent
2987 892 3073 959 qui
3111 905 3213 941 non
3252 886 3425 950 habet,
3455 887 3617 940 etiam
3659 884 3811 955 quod

2226 987 2434 1042 videtur
2472 984 2660 1038 habere
2692 984 2961 1052 auferetur
2984 980 3047 1033 ab
3073 996 3154 1034 eo.
3177 977 3312 1032 Nam
3357 975 3642 1049 propinqui
3671 983 3815 1029 sunt

2229 1078 2428 1143 Verbo,
2469 1077 2563 1148 qui
2591 1083 2811 1131 servant
2840 1074 2931 1128 Dei
2975 1073 3316 1137 mandatum,
3356 1080 3411 1124 et
3437 1078 3707 1124 vocantur
3743 1079 3813 1121 ut

2228 1171 2405 1226 adhuc
2447 1169 2620 1239 magis
2646 1166 3068 1238 propinquiores
3105 1163 3427 1218 efﬁciantur
3453 1161 3742 1214 audientes
3785 1176 3803 1212 :

2241 1259 2436 1322 Venite,
2480 1257 2733 1311 benedicti
2782 1254 2961 1308 Patris
3005 1254 3126 1306 mei.
3175 1251 3358 1320 Longe
3400 1259 3578 1303 autem
3623 1249 3695 1301 ab
3734 1264 3808 1302 eo

2227 1359 2377 1415 sunt,
2422 1349 2526 1406 etsi
2582 1348 2864 1402 videantur
2904 1345 3158 1400 assistere
3206 1343 3279 1408 ei,
3309 1341 3402 1412 qui
3446 1355 3555 1394 non
3588 1339 3806 1393 faciunt

2227 1442 2481 1497 mandata
2517 1440 2707 1509 ipsius.
2733 1437 2959 1507 Propter
2991 1437 3094 1489 hoc
3120 1435 3335 1488 tolletur
3363 1433 3432 1487 ab
3459 1432 3543 1487 eis
3565 1440 3622 1485 ct
3649 1432 3801 1499 quod

2226 1534 2327 1589 sibi
2357 1532 2681 1588 videbantur
2717 1529 2975 1584 assistere
3000 1528 3072 1591 ei,
3099 1526 3382 1581 audientes
3414 1542 3428 1578 :
3466 1522 3734 1576 Discedite
3759 1539 3801 1574 α

2226 1642 2304 1679 me
2327 1642 2346 1689 ;
2378 1632 2436 1678 ut
2462 1624 2555 1693 qui
2579 1622 2741 1677 modo
2762 1620 2846 1675 vel
2869 1620 3120 1675 videntur
3141 1632 3263 1673 esse
3286 1625 3411 1670 ante
3432 1630 3580 1676 eum,
3605 1623 3796 1684 postea

2225 1730 2324 1771 nec
2365 1715 2671 1770 videantur.
2723 1714 2948 1782 Propter
2984 1710 3129 1781 quod
3169 1719 3223 1765 et
3265 1723 3366 1763 nos
3399 1708 3659 1762 debemus
3694 1721 3797 1759 nos

2153 1784 2193 1839 Β
2223 1815 2566 1865 conservare,
2595 1816 2660 1854 ne
2681 1799 2970 1854 audiamus
2989 1804 3042 1853 et
3066 1797 3192 1867 ipsi,
3216 1805 3271 1851 et
3294 1796 3449 1867 quasi
3474 1796 3795 1865 elongantes

2222 1908 2322 1949 nos
2360 1893 2506 1963 ipsos
2540 1909 2572 1947 a
2595 1892 2824 1948 Domino
2854 1910 2868 1946 :
2903 1890 3168 1945 Discedite
3195 1906 3230 1943 a
3259 1906 3338 1944 me
3363 1905 3382 1954 ;
3410 1897 3464 1943 et
3489 1889 3675 1953 omnia
3709 1890 3795 1944 fa-

2222 1986 2453 2050 ciamus,
2486 1993 2546 2039 ut
2578 1985 2723 2040 dicat
2757 1984 2825 2038 ad
2869 1996 2970 2038 nos
3002 1999 3017 2036 :
3076 1979 3276 2044 Venite,
3308 1980 3563 2033 benedicti
3611 1979 3794 2034 Patris

2220 2079 2344 2132 mei.
2390 2077 2864 2134 Considerandum
2903 2084 2987 2130 est
3027 2083 3207 2128 autem
3257 2074 3516 2141 quoniam
3565 2072 3620 2131 in
3661 2087 3797 2128 san-

2221 2170 2324 2224 ctis
2358 2185 2464 2223 non
2506 2169 2682 2223 solum
2730 2167 2935 2222 dictum
2964 2172 3069 2231 est,
3097 2163 3376 2228 benedicti,
3413 2164 3507 2218 sed
3538 2178 3665 2217 eum
3694 2163 3796 2216 ad-

2220 2248 2538 2327 ditamenta,
2571 2273 2680 2313 non
2728 2257 3163 2327 qualemcunque
3203 2254 3466 2309 honorem
3515 2253 3789 2319 habentis,

2220 2353 2274 2409 id
2311 2362 2395 2407 est
2425 2350 2690 2407 benedicti
2723 2365 2833 2404 non
2885 2346 3121 2418 alicujus
3149 2347 3399 2412 alterius,
3427 2347 3531 2402 nisi
3563 2345 3657 2401 Dei
3682 2344 3794 2400 Pa-

2220 2444 2339 2500 tris.
2367 2443 2601 2500 Econtra
2635 2448 2817 2496 autem
2865 2439 3066 2509 quibus
3104 2439 3327 2504 dicitur,
3354 2436 3642 2502 maledicti,
3674 2448 3790 2493 non

2218 2537 2417 2592 dicitur
2470 2533 2741 2589 maledicti
2788 2530 2967 2586 Patris
3023 2530 3150 2586 mei.
3211 2527 3347 2584 Nam
3395 2529 3789 2585 benedictionis

2218 2626 2436 2697 quidem
2467 2624 2805 2679 ministrator
2829 2630 2915 2677 est
2945 2619 3128 2686 Pater,
3174 2620 3569 2675 maledictionis
3600 2629 3786 2673 autem

2218 2717 2600 2787 unusquisque
2625 2714 2731 2771 sibi
2753 2723 2835 2770 est
2866 2722 3077 2779 auctor,
3105 2713 3199 2783 qui
3225 2712 3601 2767 maledictione
3622 2710 3789 2781 digna

2217 2816 2301 2864 est
2339 2815 2612 2876 operatus.
2662 2806 2767 2873 Qui
2816 2813 2997 2861 autem
3046 2804 3311 2859 recedunt
3355 2804 3425 2859 ab
3457 2802 3607 2870 Iesu,
3639 2804 3789 2859 deci—

2217 2900 2354 2954 dunt
2375 2900 2431 2954 in
2461 2900 2637 2971 ignem
2681 2909 2965 2964 aeternum,
2993 2897 3086 2967 qui
3110 2896 3333 2951 alterius
3370 2897 3580 2967 generis
3604 2905 3685 2951 est
3713 2899 3785 2952 ab

2218 2992 2322 3046 hoc
2363 2992 2486 3062 igne
2517 3008 2676 3063 quem
2714 2991 2980 3047 habemus
3013 2989 3068 3044 in
3098 3005 3222 3045 usu.
3254 2990 3445 3044 Nullus
3471 2989 3607 3045 enim
3635 2989 3777 3058 ignis

2218 3085 2359 3138 inter
2384 3084 2632 3140 homines
2657 3093 2740 3140 est
2765 3093 3022 3148 aeternus,
3055 3082 3147 3136 sed
3185 3097 3287 3137 nec
3318 3081 3468 3136 multi
3498 3080 3771 3149 temporis,

2217 3176 2581 3242 exstinguitur
2623 3175 2766 3230 enim
2811 3175 2941 3229 cito.
2991 3171 3255 3229 .‘Eternus
3301 3182 3477 3227 autem
3516 3171 3656 3242 ignis
3689 3179 3781 3225 est

2216 3266 2327 3329 ille,
2358 3267 2426 3320 de
2456 3282 2565 3335 quo
2601 3277 2654 3321 et
2684 3265 2855 3321 Isaias
2898 3265 3030 3320 dicit
3061 3265 3113 3317 in
3159 3265 3265 3320 ﬁne
3294 3264 3591 3335 prophetiae
3620 3278 3732 3317 sua:
3767 3280 3783 3317 :

2227 3357 2425 3412 Vermis
2470 3373 2649 3412 eorum
2692 3375 2792 3411 non
2847 3360 3141 3421 morietur,
3176 3367 3225 3411 et
3266 3359 3404 3427 ignis
3451 3373 3636 3410 eorum
3680 3372 3785 3409 non

2213 3453 2570 3522 exstinguetur
2599 3452 2661 3505 ⁸³.
2688 3450 2938 3507 Forsitan
2957 3453 3081 3508 talis
3107 3451 3542 3517 substatitiazest,
3569 3459 3631 3505 ut
3653 3451 3769 3504 invi

2213 3544 2392 3599 sibilia
2424 3545 2710 3599 comburat
2751 3545 2866 3613 ipse
2894 3545 3181 3600 invisibilis
3208 3544 3558 3607 constitutus,
3587 3558 3789 3597 secun—

2212 3636 2340 3691 dum
2373 3637 2517 3706 quod
2544 3636 2620 3689 ait
2651 3636 2940 3706 Apostolus
2976 3637 3040 3701 ",
3073 3635 3327 3707 quoniam
3366 3650 3485 3704 qua:
3514 3634 3778 3698 ridentur,

2214 3727 2522 3797 temporalia
2560 3736 2716 3792 sunt;
2755 3744 2873 3798 qua:
2912 3737 3088 3781 autem
3124 3744 3225 3780 non
3257 3727 3523 3792 videatur,
3560 3736 3777 3780 (eterna.

2215 3818 2269 3875 Si
2297 3834 2427 3891 ergo
2471 3835 2590 3889 qua:
2626 3821 2879 3874 videntur
2916 3820 3235 3890 temporalia
3269 3827 3419 3880 sunt,
3448 3834 3569 3888 quae
3597 3828 3778 3872 autem

2210 3927 2318 3966 non
2354 3912 2604 3965 videntur
2632 3919 2832 3966 aeterna
2875 3919 3021 3974 sunt,
3067 3924 3291 3965 necesse
3330 3919 3415 3965 est
3458 3910 3505 3965 si
3553 3909 3778 3963 visibilis

2209 4012 2292 4057 est
2331 4003 2418 4056 ille
2462 4002 2623 4072 ignis,
2678 4010 2734 4057 et
2777 4002 3089 4071 temporalis
3128 4002 3218 4056 sit.
3277 4001 3334 4056 Si
3396 4010 3574 4056 autem
3622 4012 3777 4055 aster-

2209 4108 2314 4147 nus
2365 4101 2490 4158 est,
2548 4102 2603 4147 et
2654 4092 2940 4148 invisibilis
2995 4103 3116 4156 est,
3164 4108 3274 4162 quo
3323 4095 3621 4162 puniuntur
3680 4092 3775 4160 qui

2210 4186 2470 4242 recedunt
2497 4201 2527 4240 a
2572 4186 2867 4240 Salvatore.
2912 4183 3041 4239 Tale
3064 4192 3149 4239 est
3170 4186 3315 4254 quod
3337 4186 3468 4241 dicit
3490 4195 3543 4240 et
3569 4183 3724 4240 Job"
3756 4202 3773 4240 :

2211 4278 2455 4333 Comedet
2498 4294 2617 4332 eum
2656 4280 2793 4348 ignis
2836 4280 2925 4347 qui
2966 4294 3066 4331 non
3100 4279 3424 4335 accenditur.
3472 4278 3550 4335 Ne
3593 4287 3772 4333 autem

2212 4374 2429 4428 mireris
2468 4374 2695 4444 audiens
2735 4388 2854 4427 esse
2893 4372 3222 4428 invisibilem
3253 4374 3430 4445 ignem
3464 4382 3517 4427 et
3550 4374 3773 4443 punien-

547 4466 838 4522 Videamus
878 4475 1057 4520 autem
1089 4467 1195 4523 nisi
1221 4469 1544 4538 generaliter
1585 4469 1698 4522 haec
1734 4470 2022 4532 intellecta,
2057 4480 2111 4524 et
2142 4460 2188 4519 D
2216 4475 2342 4530 tem,
2368 4480 2492 4520 cum
2520 4465 2704 4519 videas
2735 4464 2874 4518 inter
2903 4465 3152 4520 homines
3178 4466 3414 4520 calorem
3454 4466 3772 4535 corporibus

539 4559 607 4613 ad
653 4559 951 4629 simplicem
997 4559 1392 4615 humanitatem
1419 4577 1520 4615 nos
1561 4562 1936 4627 exhortantur,
1962 4573 2015 4617 et
2041 4564 2107 4617 ad

540 4653 723 4706 omnia
774 4650 1064 4707 laudabilia
1117 4652 1298 4717 facta,
1344 4661 1404 4707 ut
1450 4654 1879 4708 benedictionem
1931 4655 2109 4726 dignis

538 4745 807 4798 dicentem
856 4760 869 4798 :
923 4743 1123 4807 Venite,
1172 4744 1428 4798 benedicti
1471 4743 1648 4797 Patris
1698 4745 1819 4811 mei,
1851 4745 2109 4815 consequi

538 4837 666 4907 quis
687 4837 862 4891 valeat
888 4837 1069 4907 digne.
1094 4835 1212 4889 Non
1237 4847 1418 4891 autem
1438 4836 1574 4906 justi
1602 4837 1756 4892 obliti
1778 4853 1964 4892 eorum
1987 4854 2110 4909 quae

537 4937 750 4999 gerunt,
800 4939 927 4982 tunc
971 4930 1374 4998 respondebunt
1412 4930 1461 4983 ei
1501 4928 1741 4984 dicentes
1793 4949 1806 4983 :
1860 4929 2102 4997 Domine,

538 5020 749 5089 quando
798 5028 844 5073 te
871 5019 1099 5073 vidimus
1144 5021 1497 5074 esurientem?
1541 5029 1594 5074 et
1637 5030 1831 5075 caetera
1866 5021 1908 5052 '°
1945 5042 1957 5076 :
2011 5022 2105 5076 sed

544 5110 866 5164 humilitatis
896 5124 1059 5163 causa
1093 5110 1249 5165 laude
1273 5111 1677 5165 benefactorum
1700 5126 1925 5166 suorum
1964 5113 2107 5167 indi-

541 5217 678 5272 gnos
703 5217 761 5257 se
801 5202 1217 5271 proclamantes.
1246 5200 1366 5270 Ipse
1395 5207 1575 5255 autem
1607 5202 1795 5256 volens
1820 5203 1900 5257 eis
1922 5212 2107 5257 osten-

541 5296 670 5349 dere
700 5308 853 5347 suam
886 5291 1317 5361 compassionem
1351 5293 1405 5346 in
1435 5292 1573 5356 suis,
1605 5292 1765 5347 etiam
1791 5310 1849 5348 se
1873 5311 2107 5363 pronun-

541 5387 637 5440 tiat
666 5401 787 5439 esse
820 5385 873 5438 in
905 5383 1107 5454 quibus
1138 5382 1341 5437 fuerint
1386 5385 1580 5439 fratres
1608 5383 1750 5453 ejus,
1777 5385 1965 5440 dicens
2006 5385 2047 5415 “
2088 5404 2100 5439 :

544 5483 701 5532 Amen
727 5478 844 5530 dico
874 5476 1040 5538 vobis,
1073 5491 1136 5529 ea:
1156 5492 1213 5529 eo
1242 5475 1379 5545 quod
1404 5476 1607 5545 fecistis
1641 5478 1733 5530 uni
1766 5477 2102 5531 minimarum

610 5679 627 5704 “
658 5676 812 5731 Joan.
860 5694 1005 5737 ml.
1052 5679 1137 5732 let.

549 5744 584 5772 “
616 5746 852 5800 ibid.34.
933 5748 976 5780 "
1011 5749 1137 5803 ibid.
1178 5748 1266 5802 Η.
1344 5749 1387 5781 ¹⁸
1413 5752 1542 5806 ibid.
1576 5754 1665 5809 29.

1225 5680 1245 5709 "
1272 5678 1459 5733 Matth.
1517 5699 1603 5737 XVI
1632 5725 1643 5743 ,
1692 5684 1781 5738 23.
1850 5686 1869 5715 ⁸
1899 5684 2081 5740 llCor.
2129 5699 2205 5743 xi.
2234 5685 2321 5737 99.
2398 5685 2418 5714 θ
2454 5683 2678 5737 Philem.
2703 5684 2752 5736 7.

1225 5749 1266 5802 Ι.
1344 5749 1542 5806 “ibid.
1576 5754 1665 5807 29.
1745 5755 1786 5786 ¹⁸
1819 5754 1915 5807 lsa.
1946 5770 2090 5807 LXVI.
2147 5754 2233 5807 2i.
2318 5754 2420 5806 "ll
2448 5755 2571 5807 Cor.
2613 5770 2684 5807 tv.
2728 5757 2747 5807 l

1840 5772 1915 5808 sa.
1946 5770 2090 5820 LXVI,
2147 5766 2233 5807 24.

2211 4561 2563 4623 accidentem,
2587 4568 2766 4614 etnon
2797 4559 3139 4614 mediocriter
3156 4560 3517 4621 cruciantcm,
3543 4558 3776 4613 maxime

2210 4666 2305 4707 eos
2331 4651 2423 4721 qui
2450 4652 2519 4722 ab
2540 4667 2606 4706 eo
2634 4651 2965 4707 validissime
2993 4651 3373 4706 molestantur.
3400 4650 3466 4704 Et
3491 4649 3772 4705 considera

2211 4747 2465 4813 quoniam
2527 4759 2751 4814 regnum
2803 4745 3020 4814 quidem
3081 4759 3190 4799 non
3242 4744 3365 4798 aliis
3417 4754 3773 4812 praeparatum

2211 4835 2343 4890 dicit
2380 4851 2408 4889 a
2439 4836 2826 4890 constitutione
2855 4835 3038 4889 mundi
3074 4835 3176 4889 nisi
3203 4834 3387 4903 justis,
3414 4846 3469 4888 et
3504 4834 3626 4888 ideo
3657 4834 3774 4886 red-

2211 4926 2303 4981 det
2356 4926 2436 4980 eis
2475 4927 2650 4995 ipsum
2694 4941 2788 4978 rex
2829 4939 3016 4980 eorum
3055 4922 3327 4979 Christus.
3374 4922 3553 4995 Ignem
3595 4931 3774 4976 autem

2210 5029 2470 5073 aeternum
2505 5034 2611 5071 non
2653 5018 2758 5072 illis
2790 5019 2989 5088 quibus
3024 5019 3224 5074 dicitur
3256 5038 3268 5072 :
3305 5017 3569 5072 Discedite
3597 5034 3629 5070 a
3673 5033 3773 5082 me,

2213 5110 2502 5177 maledicti,
2547 5118 2793 5180 paratum
2841 5110 3098 5172 ostendit,
3134 5110 3277 5165 sicut
3325 5125 3548 5180 regnum
3590 5109 3769 5176 justis,

2213 5205 2305 5258 sed
2352 5204 2568 5258 diabolo
2597 5212 2651 5257 et
2695 5204 2898 5273 angelis
2942 5203 3081 5272 ejus,
3120 5203 3270 5272 quia,
3301 5214 3564 5273 quantum
3594 5202 3659 5255 ad
3694 5218 3772 5265 se,

2214 5297 2460 5351 homines
2496 5312 2599 5350 non
2633 5298 2697 5351 ad
2732 5297 3086 5365 perditionem
3118 5297 3341 5361 creavit,
3377 5298 3469 5350 sed
3499 5297 3566 5351 ad
3606 5298 3772 5359 vitam

2211 5401 2266 5442 et
2288 5389 2566 5458 gaudium.
2588 5388 2881 5444 Peccantes
2901 5399 3079 5442 autem
3097 5389 3437 5458 conjungunt
3458 5403 3517 5443 se
3536 5387 3772 5456 diabolo,

2210 5489 2263 5535 et
2292 5480 2433 5535 sicut
2466 5480 2558 5547 qui
2606 5481 2884 5536 salvantur
2920 5480 3124 5535 sanctis
3168 5479 3372 5550 angelis
3398 5489 3771 5549 coaequantur,

2831 5686 2875 5717 ¹⁰
2908 5684 3092 5738 Matth.
3134 5701 3261 5753 xxv,
3289 5684 3377 5739 57.
3454 5686 3495 5717 “
3524 5683 3653 5740 ibid.
3681 5682 3777 5741 40.

2318 5754 2420 5806 "ll
2448 5755 2571 5808 Cor.
2613 5770 2684 5821 tv,
2728 5755 2812 5811 l8.
2892 5756 2930 5787 ⁸⁷
2968 5770 3057 5819 xx,
3087 5755 3176 5809 26.
