4052 6304
368 256 510 313 1717

1528 257 2180 316 εολιλιεκτληιοηωι
2224 259 2486 315 SElllES.

3491 269 3628 325 ms

365 382 419 427 et
444 374 581 430 tlunt
605 374 697 429 lilii
726 375 1167 438 resurrectionis,
1205 383 1259 429 et
1285 375 1380 429 filii
1419 374 1536 441 Dei,
1562 385 1615 431 et
1638 376 1838 445 angeli,
1872 375 1951 431 sic
1983 380 2021 433 Λ
2055 372 2281 440 fecistis,
2318 373 2393 427 illi
2449 384 2766 428 recusantes
2804 374 3011 444 dicant,
3058 392 3158 435 nec
3192 380 3317 446 hoc,
3362 394 3461 436 nec
3504 381 3627 447 huc,

365 466 457 535 qui
513 475 770 535 pereunt,
817 467 1019 522 diaboli
1065 468 1273 536 angelis
1313 477 1667 538 coaequantur
1705 478 1760 525 et
1809 469 1945 524 fiunt

365 556 460 611 ﬁlii
495 557 635 627 ejus.

437 648 525 703 73.
560 646 775 703 Esurivi
813 648 973 711 enim,
998 657 1045 702 et
1074 665 1177 702 non
1201 649 1422 704 dedistis
1449 651 1578 705 milii
1602 652 1941 715 manducare,

364 746 418 793 et
444 748 637 793 caetera
671 739 736 793 “‘.
778 736 1055 808 Scriptum
1105 749 1190 795 est
1234 742 1300 796 ad
1332 740 1518 798 fideles
1548 744 1590 777 ¹⁹
1626 762 1639 798 :
1686 743 1785 798 Vos
1817 748 1943 797 estis

363 845 551 899 corpus
575 826 797 892 Christi,
819 838 868 882 et
894 829 1126 883 membra
1148 845 1212 883 ea:
1233 840 1403 899 parte.
1429 831 1584 887 Sicut
1606 848 1736 903 ergo
1761 834 1943 888 anima

363 918 619 974 habitans
666 919 720 973 in
758 935 987 989 corpore
1027 937 1151 976 cum
1186 938 1293 976 non
1324 924 1532 978 esuriat
1560 934 1824 995 quantum
1875 925 1941 979 ad

362 1023 517 1062 suam
558 1008 919 1064 substantiam
953 1012 1277 1080 spiritalem,
1308 1014 1481 1068 esurit
1526 1022 1708 1069 tamen
1745 1031 1943 1069 unum-

360 1114 636 1169 quemque
664 1103 912 1171 corporis
941 1103 1145 1168 cibum,
1174 1104 1301 1173 quia
1340 1105 1588 1175 copulata
1616 1115 1700 1161 est
1727 1107 1940 1175 corpori

361 1206 464 1245 suo
513 1209 527 1246 :
572 1191 651 1246 sic
692 1202 746 1247 et
792 1191 1044 1249 Salvator
1093 1196 1295 1264 patitur
1335 1211 1457 1266 qua:
1500 1198 1704 1265 patitur
1743 1213 1942 1267 corpus

357 1279 478 1349 ejus
504 1279 766 1344 Ecclesia,
793 1298 916 1338 cum
949 1285 1021 1338 sit
1050 1285 1167 1354 ipse
1194 1286 1552 1356 impassibilis
1581 1297 1847 1357 quantum
1875 1289 1942 1344 ad

358 1387 516 1425 suam
549 1371 911 1428 divinitatem.
950 1374 1170 1432 Sanctis
1216 1378 1361 1432 enim
1400 1378 1765 1448 indigentibus
1797 1379 1939 1444 cibo,

356 1471 407 1516 et
427 1463 540 1532 ipse
571 1465 760 1519 esurit.
796 1465 930 1521 Aliis
951 1477 1132 1522 autem
1156 1469 1417 1525 membris
1438 1470 1554 1526 suis
1576 1470 1941 1525 necessariam

356 1552 682 1609 habentibus
725 1555 1071 1623 medicinam,
1119 1566 1173 1611 et
1216 1559 1332 1629 ipse
1367 1560 1524 1629 quasi
1570 1559 1819 1615 infirmus
1849 1575 1943 1616 ne-

355 1645 649 1699 cessariam
688 1647 872 1701 habet.
895 1645 1022 1702 ltem
1063 1649 1184 1704 aliis
1202 1652 1549 1722 susceptione
1575 1668 1711 1722 opus
1734 1652 1937 1707 haben-

353 1737 519 1805 tibus,
554 1737 669 1808 ipse
698 1740 851 1809 quasi
885 1742 1204 1812 peregrinus
1235 1744 1289 1798 in
1319 1745 1398 1800 eis
1428 1748 1622 1815 quzerit
1651 1744 1743 1800 ubi
1772 1753 1937 1814 caput
1972 1724 2012 1779 Β

352 1842 514 1885 suum
567 1832 810 1888 reclinet.
852 1831 944 1887 Sic
973 1842 1027 1888 et
1059 1834 1113 1888 in
1151 1836 1312 1891 nudis
1347 1836 1509 1907 alget,
1540 1846 1595 1891 et
1638 1837 1691 1891 in
1723 1837 1934 1892 vestitis

354 1920 606 1976 veStitur.
651 1920 716 1976 Et
748 1922 793 1979 si
827 1938 892 1978 ex
935 1924 1229 1980 dilectione
1258 1924 1463 1983 Paulus
1491 1925 1626 1981 dicit
1658 1927 1703 1959 ⁸ο
1748 1945 1762 1981 :
1798 1925 1931 1991 Quis

348 2011 517 2082 890
546 2012 872 2082 inﬁrmatur,
898 2024 949 2070 et
997 2032 1101 2070 non
1130 2017 1416 2087 inﬁrmor?
1443 2026 1498 2073 et
1526 2018 1630 2074 hoc
1655 2018 1829 2088 magis
1862 2018 1930 2072 ad

350 2102 565 2159 laudem
602 2106 824 2176 respicit
855 2108 1101 2178 Apostoli
1138 2109 1473 2165 ostendentis
1500 2109 1928 2180 magnitudinem

348 2196 633 2252 charitatis
675 2213 787 2252 suae
828 2198 974 2254 circa
1021 2199 1206 2257 fideles
1242 2219 1256 2256 :
1304 2202 1580 2272 quomodo
1615 2217 1724 2256 non
1753 2204 1931 2271 magis

347 2301 512 2355 quam
562 2285 765 2343 Paulus
815 2297 873 2344 et
925 2291 1106 2346 omnis
1154 2291 1320 2347 homo
1371 2292 1659 2347 dilectione
1701 2303 1929 2348 ornatus

345 2373 519 2430 Filius
552 2376 835 2433 charitatis
867 2377 962 2434 Dei
1012 2372 1264 2435 Salvator
1297 2380 1477 2436 dicere
1513 2391 1691 2451 potest
1729 2398 1929 2438 conve-

346 2467 593 2522 nienter:
623 2467 754 2534 Quis
776 2470 1082 2540 inﬁrmatur
1107 2479 1158 2525 et
1183 2487 1288 2525 non
1313 2472 1593 2542 inﬁrmor?
1615 2473 1741 2543 quis‘
1771 2489 1926 2528 scan-

343 2556 640 2622 dalizatur,
665 2568 713 2612 et
737 2575 838 2613 non
864 2577 958 2632 ego
980 2578 1109 2615 uror
1127 2564 1153 2616 1’
1178 2560 1406 2632 Propter
1438 2562 1584 2632 quod
1621 2563 1756 2619 dicit
1785 2583 1798 2618 :
1832 2563 1927 2618 In-

344 2647 531 2717 ﬁrmus
554 2649 655 2718 fui,
678 2649 758 2704 sic
775 2660 824 2704 et
849 2652 905 2705 in
927 2668 1134 2706 carcere
1151 2652 1254 2722 fui,
1277 2666 1324 2709 et
1350 2669 1451 2707 non
1473 2656 1734 2709 visitastis
1754 2672 1836 2710 me
1856 2657 1921 2710 “.

343 2735 402 2790 In
456 2754 678 2795 carcere
719 2741 865 2795 enim
918 2743 1164 2799 membro
1214 2743 1418 2801 Christi
1460 2747 1777 2815 constituto,
1810 2748 1926 2817 ipse

344 2844 455 2883 non
506 2840 590 2884 est
642 2833 858 2887 solutus
905 2849 936 2889 a
984 2850 1204 2891 carcere
1247 2837 1340 2905 qui
1384 2835 1518 2891 dicit
1551 2838 1619 2892 de
1646 2839 1796 2908 justo
1823 2841 1868 2871 "
1906 2859 1919 2894 :

343 2918 475 2973 Cum
505 2921 618 2990 ipso
653 2939 768 2975 sum
800 2924 855 2976 in
901 2924 1262 2994 tribulatione,
1319 2928 1423 2983 hoc
1466 2937 1552 2983 est
1583 2931 1923 2985 contribulor

340 3009 411 3063 ei.
439 3008 594 3065 Sicut
621 3013 765 3067 enim
796 3015 888 3084 qui
915 3032 1068 3072 meus
1105 3027 1208 3085 est,
1234 3019 1289 3072 in
1322 3019 1676 3075 tribulatione
1707 3037 1918 3077 mecum

339 3110 443 3167 est,
472 3102 552 3157 sic
580 3111 634 3157 et
672 3118 773 3174 ego
808 3105 860 3158 in
895 3106 1246 3162 tribulatione
1275 3124 1402 3165 cum
1434 3126 1501 3166 eo
1540 3126 1684 3167 sum.
1720 3111 1785 3167 Et
1816 3113 1921 3169 hoc

339 3191 465 3248 dico
508 3208 615 3247 non
649 3192 907 3263 ignorans
950 3196 1315 3266 vulgariorem
1358 3198 1507 3253 illam
1548 3201 1920 3256 traditionem.

338 3280 407 3338 Et
443 3284 546 3340 hoc
589 3287 898 3349 considera,
942 3289 1071 3357 quia
1120 3288 1445 3345 immoratur
1488 3292 1543 3346 in
1594 3308 1924 3365 unoquoque

339 3376 507 3430 verbo
538 3376 768 3447 loquens
793 3377 860 3433 ad
883 3378 1087 3449 justos,
1115 3388 1170 3434 et
1199 3381 1431 3438 laudans
1455 3398 1573 3450 eos,
1605 3394 1659 3438 et
1689 3401 1783 3455 per
1810 3387 1923 3441 sin-

337 3468 491 3537 gulas
523 3469 730 3537 species
773 3483 960 3523 eorum
996 3467 1279 3524 benefacta
1310 3473 1636 3527 dinumerat.
1668 3474 1921 3544 Loquens

336 3566 520 3611 autem
563 3558 631 3612 ad
670 3559 905 3627 injustas
945 3559 1190 3629 praecidit
1235 3563 1650 3631 compendians,
1695 3575 1749 3618 et
1785 3582 1917 3620 eon-

336 3654 602 3723 eolligens
640 3652 927 3709 malefacta
964 3668 1151 3708 eorum
1188 3654 1242 3707 in
1280 3655 1441 3710 breve
1487 3675 1500 3710 :
1539 3656 1590 3711 id
1626 3668 1710 3713 est
1757 3659 1921 3727 justis

335 3746 553 3818 quidem
581 3748 649 3799 de
682 3744 995 3799 infirmitate
1024 3744 1152 3799 dicit
1183 3762 1196 3799 :
1229 3741 1485 3815 Inﬁrmus
1509 3746 1610 3817 fui,
1643 3758 1691 3801 et
1731 3750 1917 3803 visita-

333 3841 431 3894 stis
476 3854 588 3903 me;
634 3835 923 3906 separatim
966 3845 1147 3892 autem
1191 3838 1257 3893 de
1301 3854 1561 3894 carcere:
1613 3838 1679 3893 In
1712 3857 1920 3895 carcere

333 3930 445 4000 fui,
485 3939 535 3984 et
570 3930 786 3982 venistis
818 3927 888 3981 ad
922 3945 1019 3982 me.
1059 3926 1138 3981 Ad
1180 3929 1414 3998 injustos
1452 3940 1631 3985 autem
1667 3948 1791 3986 cum
1819 3949 1916 4001 po-

334 4022 535 4077 tuisset
564 4022 819 4077 similiter
857 4021 1035 4077 facere
1061 4040 1074 4076 :
1102 4021 1355 4077 Infirmus
1383 4022 1482 4090 fui,
1512 4034 1565 4079 et
1592 4040 1698 4078 non
1727 4026 1883 4079 visita
1909 4058 1913 4061 —

333 4115 434 4170 stis
467 4128 585 4180 me;
614 4113 667 4167 in
691 4128 912 4171 carcere
938 4112 1038 4175 fui.
1065 4123 1117 4169 et
1143 4128 1251 4167 non
1283 4114 1514 4171 venistis
1541 4116 1605 4170 ad
1637 4132 1746 4180 me,
1775 4131 1907 4186 pra:-

333 4203 520 4259 cidens
544 4204 935 4270 narrationem,
949 4204 1241 4259 subunavit
1258 4212 1570 4275 utrumque,
1588 4207 1802 4262 dicens:
1822 4205 1916 4261 In-

336 4297 518 4350 ﬁrmus
541 4296 621 4366 fui
645 4307 694 4351 et
718 4296 771 4351 in
793 4313 1018 4364 carcere,
1043 4308 1090 4350 et
1116 4312 1217 4351 non
1242 4297 1498 4351 visitastis
1527 4314 1623 4351 me.
1642 4298 1911 4365 Quoniam

1948 3073 1992 3133 C

2048 479 2149 519 nec
2190 464 2294 518 hoc
2333 462 2563 519 fecimus
2603 463 2719 518 tibi.
2757 463 2945 534 lnjusti
2988 481 3095 521 non
3144 468 3217 523 ita
3262 485 3359 541 per
3391 469 3627 542 singula,

2048 556 2140 610 sed
2171 554 2376 610 cursim
2405 555 2595 609 dicunt
2627 554 2672 586 "‘
2713 573 2726 609 :
2766 554 2990 620 Quando
3034 567 3082 612 te
3121 560 3348 613 vidimus
3393 564 3628 615 esurien-

2049 657 2172 712 tem,
2205 656 2297 700 aut
2326 648 2612 714 sitientem,
2646 658 2738 701 aut
2765 650 3120 719 peregrinum,
3147 660 3239 704 aut
3282 651 3504 718 nudum,
3534 663 3626 706 aut

2046 732 2336 801 inﬁrmant,
2372 744 2465 786 aut
2493 734 2545 786 in
2576 751 2805 802 carcere,
2834 748 2881 791 et
2913 753 3017 792 non
3050 740 3465 795 ministravimus
3494 741 3625 795 tibi?

2046 824 2264 879 verbum
2305 825 2725 881 ministravimus
2761 830 2856 881 tibi
2900 831 2966 883 ad
2997 831 3182 886 omnia
3225 830 3540 897 referentes,
3574 845 3623 889 ct

2044 917 2199 986 quasi
2231 917 2585 985 prmcidcntes
2614 928 2667 972 et
2706 930 3097 990 praetereuntes
3123 922 3353 979 crimina
3385 925 3623 996 singula,

2045 1020 2104 1063 ut
2134 1023 2242 1062 non
2291 1009 2543 1080 graviora
2578 1010 2862 1067 videantur
2898 1013 3185 1086 diligenter
3212 1025 3268 1070 et
3311 1015 3624 1087 singulatim

2042 1112 2360 1155 enumerata
2395 1120 2409 1155 :
2446 1101 2573 1172 quia
2606 1105 2887 1173 preprium
2921 1105 3190 1161 malorum
3224 1107 3506 1163 hominum
3540 1116 3626 1165 cst

2043 1191 2233 1260 culpas
2277 1206 2429 1257 suas,
2475 1196 2846 1252 excusationis
2889 1212 3080 1263 causa,
3120 1206 3213 1253 aut
3259 1200 3438 1257 nullas
3488 1202 3625 1258 velle

2043 1284 2349 1350 ostendere,
2384 1294 2479 1340 aut
2524 1286 2670 1342 leves
2716 1297 2771 1343 et
2817 1303 3041 1358 paucas.
3089 1290 3194 1345 Sed
3242 1300 3299 1348 et
3341 1294 3625 1365 responsio

2043 1374 2246 1429 Christi
2268 1385 2379 1429 tam
2414 1376 2479 1431 ad
2504 1376 2686 1447 justos
2720 1376 2885 1445 facta,
2909 1396 3072 1450 quam
3105 1382 3171 1437 ad
3196 1383 3451 1454 injustas,
3476 1386 3624 1442 hunc

2044 1464 2221 1535 ipsum
2254 1466 2525 1537 significat
2552 1467 2907 1524 intellectum.
2943 1470 3143 1530 Volens
3169 1475 3313 1529 enim
3343 1476 3617 1547 justorum

2043 1556 2323 1612 benefacta
2371 1558 2657 1614 ostendere
2714 1562 2970 1631 grandia,
3033 1576 3375 1635 peccatorum
3438 1576 3618 1624 autem

2038 1646 2222 1714 culpas
2244 1662 2352 1700 non
2380 1648 2628 1718 grandes,
2651 1649 2716 1703 ad
2740 1650 2913 1717 justos
2941 1650 3156 1720 quidem
3183 1650 3315 1706 dicit
3338 1651 3383 1684 "
3413 1670 3425 1706 :
3453 1651 3535 1707 Ea:
3553 1670 3612 1707 eo
3635 1677 3642 1690 ι

2039 1738 2175 1806 quod
2190 1738 2381 1808 fecistis
2411 1740 2504 1792 uni
2533 1755 2595 1793 ea:
2624 1740 2855 1795 minimis
2884 1741 2997 1795 istis
3027 1741 3278 1811 fratribus
3308 1745 3458 1810 meis,
3484 1745 3613 1799 mihi

2039 1829 2251 1899 fecistis.
2284 1829 2363 1885 Ad
2408 1830 2636 1900 injustas
2677 1841 2857 1887 autem
2891 1832 2969 1887 sic
3010 1834 3055 1865 “
3088 1850 3100 1885 :
3132 1833 3215 1887 Ea:
3245 1849 3304 1887 eo
3344 1835 3481 1905 quod
3509 1852 3613 1891 non

2038 1921 2231 1991 fecistis
2275 1922 2366 1975 uni
2403 1938 2468 1976 ea:
2506 1922 2738 1978 minimis
2779 1925 2911 1988 istis,
2953 1942 3045 1979 nec
3087 1926 3216 1979 mihi
3257 1926 3469 1996 fecistis,
3502 1943 3609 1982 non

2037 2012 2297 2081 adjiciens
2328 2014 2579 2084 fratribus
2603 2017 2751 2078 meis,
2786 2017 3241 2087 quemadmodum
3269 2033 3394 2073 cum
3423 2019 3614 2090 loque-

2039 2112 2189 2159 retur
2204 2104 2271 2159 ad
2290 2105 2491 2176 justos.
2518 2105 2652 2161 Nam
2673 2107 2895 2163 abusive
2914 2108 3131 2179 quidem
3154 2124 3354 2165 nomen
3378 2109 3611 2182 [omnes]

2032 2189 2316 2246 credentes
2361 2191 2414 2245 in
2449 2189 2671 2247 Christo
2716 2192 2911 2248 fratres
2956 2202 3086 2248 sunt
3134 2193 3360 2252 Christi.
3406 2195 3613 2252 Revera

2030 2289 2211 2336 autem
2249 2280 2446 2337 fratres
2468 2282 2587 2353 ejus
2616 2293 2763 2349 sunt,
2792 2284 2887 2354 qui
2917 2285 3142 2354 perfecti
3171 2295 3320 2352 sunt,
3344 2293 3398 2342 et
3427 2287 3610 2342 imita-

2029 2382 2178 2429 tores
2207 2383 2335 2428 sunt
2361 2374 2501 2445 ejus,
2536 2376 2678 2431 sicut
2710 2375 2800 2430 ille
2830 2376 2922 2446 qui
2950 2377 3087 2432 dixit
3119 2395 3133 2432 :
3170 2375 3476 2433 lmitatores
3509 2380 3612 2434 mei

2026 2475 2211 2530 estote,
2237 2465 2375 2519 sicut
2415 2475 2463 2520 et
2497 2481 2590 2539 ego
2632 2465 2833 2521 Christi
2868 2466 2946 2536 ’7;
2980 2468 3074 2539 qui
3108 2479 3342 2540 possunt
3366 2470 3547 2526 dicere
3596 2491 3609 2525 :

2028 2556 2192 2611 Pater
2237 2566 2415 2611 noster
2450 2559 2542 2628 qui
2577 2574 2629 2612 es
2663 2559 2719 2613 in
2747 2559 2892 2616 caelis
2925 2561 2990 2615 ³⁸.
3040 2559 3261 2618 Gratius
3300 2571 3383 2617 est
3430 2573 3612 2619 autem

2026 2646 2169 2717 apud
2215 2644 2387 2700 Deum
2438 2661 2580 2717 opus
2611 2647 2816 2704 bonum
2866 2649 3012 2720 quod
3048 2650 3110 2705 tit
3154 2651 3207 2704 in
3246 2652 3613 2707 sanctioribus

2026 2756 2197 2811 quam
2226 2740 2279 2794 in
2314 2740 2557 2795 minimis
2592 2741 2820 2810 sanctis,
2844 2752 2899 2796 et
2924 2741 3099 2796 levior
3122 2742 3279 2812 culpa
3313 2752 3398 2798 est
3443 2744 3615 2814 negli-

2025 2849 2152 2903 gere
2169 2832 2353 2887 minus
2378 2842 2595 2888 sanctos
2613 2847 2776 2902 quam
2801 2834 3123 2889 sanctiores.
3150 2832 3403 2890 Minimas
3429 2845 3609 2889 autem

2024 2923 2116 2978 hic
2141 2922 2297 2991 dicit,
2329 2932 2424 2977 aut
2446 2923 2603 2993 quasi
2638 2924 2690 2977 in
2719 2924 2924 2979 mundo
2959 2923 3215 2979 minimos
3247 2925 3608 2993 existimatos,

2022 3023 2119 3070 aut
2141 3015 2271 3085 quia
2297 3014 2442 3085 apud
2479 3015 2688 3085 seipsos
2719 3014 2933 3069 minimi
2961 3025 3137 3071 erant.
3182 3013 3440 3072 Volentes
3463 3017 3611 3071 enim

2026 3107 2170 3176 apud
2194 3106 2367 3162 Deum
2407 3107 2522 3162 fieri
2556 3108 2761 3177 magni,
2790 3107 3003 3178 seipsos
3029 3108 3288 3163 minimos
3317 3107 3610 3163 faciebant.

2024 3198 2182 3268 quasi
2204 3198 2514 3254 cbarissimi
2543 3198 2796 3269 discipuli
2824 3199 2945 3270 ejus
2974 3199 3070 3268 qui
3097 3198 3236 3254 dixit
3264 3201 3309 3232 ”
3344 3218 3357 3253 :
3404 3200 3607 3254 Discite

2025 3307 2058 3343 a
2111 3306 2213 3355 me,
2253 3290 2383 3361 quia
2440 3285 2589 3342 mitis
2627 3300 2747 3341 sum
2782 3296 2833 3341 et
2873 3284 3091 3341 humilis
3162 3291 3339 3346 corde.
3385 3291 3450 3347 Et
3506 3292 3611 3347 hoc

2023 3384 2243 3440 attende
2265 3382 2525 3454 quoniam
2560 3398 2683 3438 cum
2714 3384 2869 3452 prius
2895 3382 3129 3438 dixisset
3159 3400 3173 3438 :
3220 3380 3417 3450 Venite,
3458 3384 3609 3438 bene-

2021 3475 2174 3540 dicti,
2213 3475 2407 3530 deinde
2439 3493 2453 3529 :
2489 3474 2773 3536 Discedite,
2812 3475 3121 3540 maledicti;
3165 3475 3425 3544 quoniam
3476 3490 3604 3544 pro-

2022 3567 2200 3634 prium
2237 3564 2362 3619 boni
2394 3564 2487 3618 Dei
2514 3574 2598 3619 est
2625 3564 2777 3633 prius
2813 3564 3090 3619 recordari
3115 3565 3402 3620 benefacta
3436 3565 3606 3620 bono-

2023 3673 2142 3710 rum
2190 3671 2354 3724 quam
2398 3653 2688 3709 malefacta
2737 3653 3005 3706 malorum
3058 3672 3071 3707 :
3127 3663 3314 3722 postea
3363 3656 3418 3709 in
3452 3656 3602 3709 exitu

2022 3758 2377 3816 utrorumque
2400 3746 2552 3816 prius
2577 3745 2823 3797 nominat
2851 3758 3064 3812 poenam
3090 3744 3383 3809 malorum,
3407 3745 3603 3801 deinde

2022 3840 2188 3892 vitam
2220 3839 2486 3891 bonorum
2520 3835 2711 3891 dicens
2733 3834 2777 3866 '°
2809 3853 2823 3887 :
2858 3833 2925 3886 Et
2963 3836 3178 3888 abibunt
3203 3834 3288 3889 illi
3312 3835 3370 3887 in
3395 3851 3601 3905 poenam

2019 3943 2290 3995 aeternam,
2326 3930 2382 3983 Iri
2422 3937 2598 3983 autem
2640 3928 2696 3981 in
2729 3928 2894 3981 vitam
2937 3937 3230 3993 aeternam;
3259 3936 3318 3983 ut
3360 3931 3598 3999 primum

2018 4040 2140 4094 qua:
2169 4023 2383 4078 timoris
2411 4033 2539 4077 sunt
2564 4021 2830 4077 evitemus
2858 4020 3021 4087 mala,
3051 4030 3238 4090 postea
3264 4037 3386 4093 quae
3429 4024 3598 4079 hono-

2020 4116 2094 4169 ris
2125 4121 2273 4178 sunt,
2309 4121 2631 4182 appetamus
2663 4111 2824 4165 bona.

2090 4204 2176 4258 74.
2211 4202 2280 4257 Et
2330 4204 2530 4273 factum
2578 4210 2656 4255 est
2691 4210 2968 4271 postquam
3013 4203 3395 4256 consummavit
3439 4202 3596 4257 Iesus

2019 4313 2195 4354 omnes
2224 4309 2488 4349 sermones
2519 4293 2632 4359 Icos,
2666 4293 2802 4347 dixit
2840 4293 3116 4362 discipulis
3158 4296 3269 4348 suis
3297 4295 3362 4348 ³¹.
3399 4294 3596 4352 Volens

333 4390 709 4457 misericordis
728 4390 932 4461 judicis
952 4388 1369 4444 eratbenefacta
1390 4389 1608 4459 quidem
1630 4391 1909 4445 hominum
1949 4399 1987 4451 l)
2017 4387 2302 4443 ostendere
2347 4386 2493 4456 quod
2528 4385 2712 4439 omnia
2757 4385 2810 4438 in
2861 4386 3120 4454 pondere,
3154 4395 3208 4441 et
3244 4403 3490 4455 numero,
3540 4399 3596 4443 et

331 4482 540 4553 largius
586 4483 887 4552 praedicare
939 4490 993 4536 et
1037 4480 1332 4550 ampliare,
1391 4479 1678 4536 malefacta
1728 4491 1906 4536 autem

330 4590 522 4630 eorum
570 4575 887 4630 transitorie
931 4592 1237 4635 memorare
1290 4588 1356 4628 ac
1400 4573 1664 4629 breviare.
1707 4575 1810 4631 Sed
1855 4584 1910 4629 et

327 4664 461 4737 justi
489 4665 853 4721 immorantur
883 4669 936 4723 in
969 4685 1296 4741 unoquoque
1330 4670 1515 4734 verbo,
1557 4670 1799 4723 dicentes
1822 4668 1904 4721 "z

335 4760 561 4826 Quando
592 4770 641 4816 te
674 4762 899 4817 vidimus
939 4764 1252 4818 esurientem
1277 4773 1326 4818 et
1362 4763 1671 4824 cibavimus,
1700 4772 1792 4816 aut
1828 4762 1905 4816 si—

332 4855 546 4907 tientem
585 4861 635 4907 et
661 4855 980 4924 potarimus,
1020 4864 1112 4908 aut
1147 4857 1345 4909 nudum
1377 4864 1427 4909 et
1456 4856 1775 4920 restivimus,
1815 4862 1908 4907 aut

328 4944 660 5016 peregrinum
702 4953 751 4999 et
775 4943 1122 5015 collegimus?
1172 4946 1277 4999 Aut
1324 4945 1536 5015 quando
1589 4953 1637 4999 te
1683 4945 1907 4998 vidimus

328 5036 627 5105 inﬁrmum,
676 5044 770 5089 aut
810 5035 865 5089 in
909 5036 1158 5089 carcere?
1193 5033 1462 5103 Quoniam
1515 5036 1790 5105 proprium
1826 5043 1910 5088 est

326 5127 598 5196 justorum
631 5127 893 5183 beneficia
938 5143 1036 5184 sua
1076 5129 1241 5183 relata
1278 5128 1383 5183 sibi
1407 5129 1460 5181 in
1496 5127 1653 5191 facie,
1680 5125 1907 5196 diligen-

332 5228 412 5272 ter
431 5228 487 5274 et
506 5234 601 5290 per
616 5220 828 5290 singula
848 5219 1084 5275 refutare
1100 5236 1264 5275 causa
1281 5220 1628 5275 humilitatis:
1648 5230 1904 5287 tanquam

332 5311 376 5365 si
404 5312 617 5369 dicente
642 5312 896 5379 Domino,
933 5313 1059 5376 hoc,
1091 5321 1146 5366 et
1170 5313 1354 5376 hoc,et
1385 5313 1487 5368 hoc
1514 5313 1716 5368 bonum
1737 5312 1789 5366 in
1819 5325 1906 5366 me

404 5532 444 5563 ⁸⁸
475 5531 663 5589 Matth.
693 5550 821 5597 xxv,
854 5534 942 5589 42.
1050 5536 1091 5567 ¹⁹
1123 5535 1141 5590 Ι
1171 5534 1296 5589 Cor.
1326 5549 1422 5600 xu,
1446 5534 1539 5589 27.

331 5602 396 5655 37
420 5613 475 5673 et
507 5619 659 5673 seqq.
736 5607 782 5636 ’δ
813 5605 939 5660 ibid.
990 5604 1078 5660 Η.
1158 5607 1201 5637 ’⁸
1231 5605 1362 5660 ibid.
1392 5606 1480 5661 40.

329 5674 372 5706 ³⁸
412 5672 599 5729 Matth.
628 5672 757 5740 ω,
783 5676 851 5730 46
926 5676 966 5708 ³³
1001 5675 1186 5733 Matth.
1215 5689 1363 5741 xxvr,
1396 5678 1446 5731 l.

1559 5606 1601 5634 ³⁸
1637 5604 1763 5658 ibid.
1818 5604 1904 5657 eiii.

1524 5676 1567 5705 ³²
1594 5672 1749 5729 Joun.
1792 5689 1853 5739 tl,
1888 5678 1938 5728 .l.

1649 5534 1693 5566 ²⁰
1723 5532 1761 5586 ΙΙ
1793 5533 1920 5586 Cor.
1947 5549 2021 5589 XI.
2050 5530 2142 5586 29.

2020 4493 2274 4533 mensura
2309 4476 2593 4533 constituit
2634 4474 2799 4539 Dens,
2837 4475 2969 4529 dicit
2998 4474 3050 4529 in
3087 4477 3271 4546 aliquo
3308 4477 3427 4533 loco
3455 4481 3498 4513 “
3525 4480 3592 4533 ad

2016 4576 2242 4627 matrem
2284 4585 2439 4627 suam
2483 4588 2496 4624 :
2544 4567 2795 4622 Nondum
2826 4568 2965 4622 venit
3000 4569 3129 4623 hora
3165 4585 3299 4625 mea.
3334 4568 3463 4625 Item
3493 4571 3539 4603 ³³
3576 4590 3588 4625 :

2016 4663 2173 4718 Nunc
2207 4665 2387 4717 anima
2423 4678 2540 4716 mea
2569 4662 2834 4726 turbatur,
2876 4670 2927 4714 et
2971 4662 3099 4732 quid
3142 4663 3358 4717 dicam."
3403 4663 3590 4730 Pater,

2013 4757 2161 4811 salva
2189 4773 2266 4810 me
2298 4771 2363 4809 ea:
2394 4755 2493 4809 hac
2525 4754 2676 4807 hora.
2710 4752 2813 4809 Sed
2848 4766 3060 4823 propter
3088 4755 3185 4809 hoc
3214 4758 3328 4810 ueni
3370 4760 3427 4810 in
3455 4758 3590 4811 hanc

2013 4849 2219 4901 horam.
2252 4846 2381 4901 Item
2412 4844 2459 4878 ”
2487 4863 2499 4898 :
2531 4844 2718 4908 Pater,
2756 4846 2890 4898 venit
2926 4845 3079 4909 hora,
3107 4845 3349 4915 clari/ica
3386 4847 3588 4902 Filium

2014 4949 2183 5005 tuum,
2216 4947 2345 4992 utet
2380 4936 2559 4991 Filius
2590 4946 2712 4990 tuus
2743 4936 3002 5005 clariﬁcet
3035 4947 3102 4990 te.
3153 4935 3246 4993 Sic
3292 4947 3348 4993 et
3394 4940 3585 4994 horam

2013 5030 2300 5087 constituit
2350 5028 2621 5099 passionis
2652 5028 2772 5083 Filii
2819 5029 2923 5084 sui.
2956 5029 3084 5085 [deo
3130 5032 3231 5086 etsi
3275 5029 3588 5102 frequenter

2010 5122 2234 5178 insidias
2259 5136 2454 5192 passus
2481 5130 2564 5176 est
2588 5137 2619 5174 a
2648 5118 2871 5185 Iudaeis,
2908 5120 3045 5174 nihil
3069 5123 3244 5190 potuit
3276 5125 3385 5193 pati
3410 5126 3586 5179 disce-

2008 5218 2168 5273 dente
2189 5216 2257 5270 ab
2284 5230 2350 5270 eo
2379 5214 2603 5270 diabolo
2637 5230 2811 5283 usque
2841 5215 2909 5268 ad
2941 5222 3153 5286 tempus
3189 5235 3201 5270 :
3231 5227 3285 5271 et
3310 5217 3444 5270 nihil
3473 5218 3581 5286 pati

2008 5315 2239 5380 poterat,
2270 5307 2443 5363 donec
2469 5318 2875 5364 consummaret
2903 5325 3095 5366 omnes
3127 5325 3405 5366 sermones
3430 5325 3584 5374 suos,

2249 5532 2290 5563 ¹¹
2331 5531 2523 5585 Matth.
2558 5547 2684 5592 xxv,
2720 5532 2807 5585 45.
2841 5536 2883 5563 ²²
2921 5532 3061 5587 Psal.
3098 5534 3293 5596 xc,15.
3373 5535 3417 5567 ’³
3448 5537 3579 5594 ibid.

2022 5600 2111 5671 "l
2146 5601 2275 5656 Cor.
2315 5617 2388 5664 xu,
2432 5601 2480 5656 l.
2595 5603 2638 5633 ’⁸
2664 5600 2850 5655 Matth.
2886 5618 2958 5663 vr,
2988 5602 3040 5657 9.
3071 5605 3115 5635 ’⁸
3147 5602 3340 5662 Matth.
3374 5623 3453 5671 χι,
3485 5606 3580 5665 ‘29.

2018 5670 2236 5727 "Joan.
2272 5686 2367 5735 xtl,
2404 5671 2493 5736 ‘27,
2520 5671 2606 5725 28.
2686 5672 2727 5701 ⁸⁵
2755 5671 2911 5726 loau.
2948 5689 3077 5743 .vvu,
3107 5675 3156 5728 l.
