  <div class='ocr_page' id='page_1' title='image "/cluster/home/n/w/nwhite01/storage/ocr_20150623/13/mdp.39015007036059/869.png"; bbox 0 0 4052 6304; ppageno 0'>
   <div class='ocr_carea' id='block_1_1' title="bbox 496 262 632 319">
    <p class='ocr_par' dir='ltr' id='par_1_1' title="bbox 496 262 632 319">
     <span class='ocr_line' id='line_1_1' title="bbox 496 262 632 319; baseline -0.007 0"><span class='ocrx_word' id='word_1_1' title='bbox 496 262 632 319; x_wconf 78' lang='grc' dir='ltr'><strong>1ἳ19</strong></span> 
     </span>
    </p>
   </div>
   <div class='ocr_carea' id='block_1_2' title="bbox 1672 263 2556 324">
    <p class='ocr_par' dir='ltr' id='par_1_2' title="bbox 1672 263 2556 324">
     <span class='ocr_line' id='line_1_2' title="bbox 1672 263 2556 324; baseline 0.003 -6"><span class='ocrx_word' id='word_1_2' title='bbox 1672 263 1996 320; x_wconf 78' lang='lat' dir='ltr'><strong>ORIGENIS</strong></span> <span class='ocrx_word' id='word_1_3' title='bbox 2031 264 2101 319; x_wconf 82' lang='grc' dir='ltr'><strong>ΙΝ</strong></span> <span class='ocrx_word' id='word_1_4' title='bbox 2142 266 2556 324; x_wconf 73' lang='grc' dir='ltr'><strong>ΜΑΤΤΗᾸΞΠΜ</strong></span> 
     </span>
    </p>
   </div>
   <div class='ocr_carea' id='block_1_3' title="bbox 3644 266 3793 324">
    <p class='ocr_par' dir='ltr' id='par_1_3' title="bbox 3644 266 3793 324">
     <span class='ocr_line' id='line_1_3' title="bbox 3644 266 3793 324; baseline 0.027 -4"><span class='ocrx_word' id='word_1_5' title='bbox 3644 266 3793 324; x_wconf 70' lang='grc'><strong>1720</strong></span> 
     </span>
    </p>
   </div>
   <div class='ocr_carea' id='block_1_4' title="bbox 491 381 3792 459">
    <p class='ocr_par' dir='ltr' id='par_1_4' title="bbox 491 381 3792 459">
     <span class='ocr_line' id='line_1_4' title="bbox 491 381 3792 459; baseline 0.002 -22"><span class='ocrx_word' id='word_1_6' title='bbox 491 396 634 453; x_wconf 86' lang='lat' dir='ltr'><strong>quos</strong></span> <span class='ocrx_word' id='word_1_7' title='bbox 674 389 1033 453; x_wconf 74' lang='lat' dir='ltr'><strong>proposuerat</strong></span> <span class='ocrx_word' id='word_1_8' title='bbox 1061 381 1243 438; x_wconf 83' lang='lat' dir='ltr'><strong>dicere</strong></span> <span class='ocrx_word' id='word_1_9' title='bbox 1279 381 1563 454; x_wconf 82' lang='lat' dir='ltr'><strong>discipulis</strong></span> <span class='ocrx_word' id='word_1_10' title='bbox 1593 384 1728 441; x_wconf 84' lang='lat' dir='ltr'><strong>suis.</strong></span> <span class='ocrx_word' id='word_1_11' title='bbox 1768 384 2061 456; x_wconf 77' lang='lat' dir='ltr'><strong>Propterea</strong></span> <span class='ocrx_word' id='word_1_12' title='bbox 2091 392 2136 450; x_wconf 77' lang='grc' dir='ltr'>Λ</span> <span class='ocrx_word' id='word_1_13' title='bbox 2164 386 2383 453; x_wconf 87' lang='lat' dir='ltr'><strong>Judam,</strong></span> <span class='ocrx_word' id='word_1_14' title='bbox 2419 388 2642 443; x_wconf 89' lang='lat' dir='ltr'><strong>tradidit</strong></span> <span class='ocrx_word' id='word_1_15' title='bbox 2674 402 2823 442; x_wconf 90' lang='lat' dir='ltr'><strong>eum.</strong></span> <span class='ocrx_word' id='word_1_16' title='bbox 2859 387 2963 444; x_wconf 87' lang='lat' dir='ltr'><strong>Sed</strong></span> <span class='ocrx_word' id='word_1_17' title='bbox 3000 396 3053 443; x_wconf 92' lang='lat' dir='ltr'><strong>et</strong></span> <span class='ocrx_word' id='word_1_18' title='bbox 3082 388 3357 459; x_wconf 88' lang='lat' dir='ltr'><strong>principes</strong></span> <span class='ocrx_word' id='word_1_19' title='bbox 3392 385 3792 444; x_wconf 76' lang='lat' dir='ltr'><strong>sacerdotum</strong></span> 
     </span>
    </p>
   </div>
   <div class='ocr_carea' id='block_1_5' title="bbox 494 473 2064 546">
    <p class='ocr_par' dir='ltr' id='par_1_5' title="bbox 494 473 2064 546">
     <span class='ocr_line' id='line_1_5' title="bbox 494 473 2064 546; baseline 0.004 -20"><span class='ocrx_word' id='word_1_20' title='bbox 494 482 775 546; x_wconf 78' lang='lat' dir='ltr'><strong>postquam</strong></span> <span class='ocrx_word' id='word_1_21' title='bbox 810 473 1188 527; x_wconf 76' lang='lat' dir='ltr'><strong>consummavit</strong></span> <span class='ocrx_word' id='word_1_22' title='bbox 1228 488 1404 528; x_wconf 90' lang='lat' dir='ltr'><strong>omnes</strong></span> <span class='ocrx_word' id='word_1_23' title='bbox 1441 490 1705 532; x_wconf 81' lang='lat' dir='ltr'><strong>sermones</strong></span> <span class='ocrx_word' id='word_1_24' title='bbox 1757 477 1872 540; x_wconf 82' lang='lat' dir='ltr'><strong>hes,</strong></span> <span class='ocrx_word' id='word_1_25' title='bbox 1935 491 2064 534; x_wconf 88' lang='lat' dir='ltr'><strong>tunc</strong></span> 
     </span>
    </p>
   </div>
   <div class='ocr_carea' id='block_1_6' title="bbox 493 561 2065 639">
    <p class='ocr_par' dir='ltr' id='par_1_6' title="bbox 493 561 2065 639">
     <span class='ocr_line' id='line_1_6' title="bbox 493 561 2065 639; baseline 0.006 -26"><span class='ocrx_word' id='word_1_26' title='bbox 493 566 631 618; x_wconf 72' lang='lat' dir='ltr'><strong>dixit</strong></span> <span class='ocrx_word' id='word_1_27' title='bbox 655 564 930 633; x_wconf 78' lang='lat' dir='ltr'><strong>discipulis</strong></span> <span class='ocrx_word' id='word_1_28' title='bbox 958 564 1091 617; x_wconf 87' lang='lat' dir='ltr'><strong>suis.</strong></span> <span class='ocrx_word' id='word_1_29' title='bbox 1134 561 1201 618; x_wconf 86' lang='lat' dir='ltr'><strong>Et</strong></span> <span class='ocrx_word' id='word_1_30' title='bbox 1240 563 1363 619; x_wconf 91' lang='lat' dir='ltr'><strong>vide</strong></span> <span class='ocrx_word' id='word_1_31' title='bbox 1391 566 1520 635; x_wconf 89' lang='lat' dir='ltr'><strong>quia</strong></span> <span class='ocrx_word' id='word_1_32' title='bbox 1548 581 1658 621; x_wconf 92' lang='lat' dir='ltr'><strong>non</strong></span> <span class='ocrx_word' id='word_1_33' title='bbox 1688 567 1824 622; x_wconf 83' lang='lat' dir='ltr'><strong>dixit</strong></span> <span class='ocrx_word' id='word_1_34' title='bbox 1856 568 2065 639; x_wconf 88' lang='lat' dir='ltr'><strong>simpli-</strong></span> 
     </span>
    </p>
   </div>
   <div class='ocr_carea' id='block_1_7' title="bbox 491 657 2063 728">
    <p class='ocr_par' dir='ltr' id='par_1_7' title="bbox 491 657 2063 728">
     <span class='ocr_line' id='line_1_7' title="bbox 491 657 2063 728; baseline 0.004 -18"><span class='ocrx_word' id='word_1_35' title='bbox 491 657 647 720; x_wconf 82' lang='lat' dir='ltr'><strong>citer,</strong></span> <span class='ocrx_word' id='word_1_36' title='bbox 694 665 969 726; x_wconf 80' lang='lat' dir='ltr'><strong>postquam</strong></span> <span class='ocrx_word' id='word_1_37' title='bbox 998 658 1383 710; x_wconf 83' lang='lat' dir='ltr'><strong>consummavit</strong></span> <span class='ocrx_word' id='word_1_38' title='bbox 1413 674 1590 713; x_wconf 85' lang='lat' dir='ltr'><strong>omnes</strong></span> <span class='ocrx_word' id='word_1_39' title='bbox 1638 676 1931 728; x_wconf 77' lang='lat' dir='ltr'><strong>sermones,</strong></span> <span class='ocrx_word' id='word_1_40' title='bbox 1968 660 2063 716; x_wconf 89' lang='lat' dir='ltr'><strong>sed</strong></span> 
     </span>
    </p>
   </div>
   <div class='ocr_carea' id='block_1_8' title="bbox 492 747 2060 820">
    <p class='ocr_par' dir='ltr' id='par_1_8' title="bbox 492 747 2060 820">
     <span class='ocr_line' id='line_1_8' title="bbox 492 747 2060 820; baseline 0.001 -17"><span class='ocrx_word' id='word_1_41' title='bbox 492 747 699 803; x_wconf 85' lang='lat' dir='ltr'><strong>addidit</strong></span> <span class='ocrx_word' id='word_1_42' title='bbox 721 747 816 801; x_wconf 84' lang='lat' dir='ltr'><strong>hos</strong></span> <span class='ocrx_word' id='word_1_43' title='bbox 863 764 1063 812; x_wconf 84' lang='lat' dir='ltr'><strong>omnes,</strong></span> <span class='ocrx_word' id='word_1_44' title='bbox 1099 748 1153 802; x_wconf 91' lang='lat' dir='ltr'><strong>id</strong></span> <span class='ocrx_word' id='word_1_45' title='bbox 1187 756 1273 803; x_wconf 83' lang='lat' dir='ltr'><strong>est</strong></span> <span class='ocrx_word' id='word_1_46' title='bbox 1301 764 1440 819; x_wconf 90' lang='lat' dir='ltr'><strong>quos</strong></span> <span class='ocrx_word' id='word_1_47' title='bbox 1461 749 1574 820; x_wconf 84' lang='lat' dir='ltr'><strong>jam</strong></span> <span class='ocrx_word' id='word_1_48' title='bbox 1610 750 1824 806; x_wconf 90' lang='lat' dir='ltr'><strong>locutus</strong></span> <span class='ocrx_word' id='word_1_49' title='bbox 1865 750 2060 818; x_wconf 89' lang='lat' dir='ltr'><strong>fuerat,</strong></span> 
     </span>
    </p>
   </div>
   <div class='ocr_carea' id='block_1_9' title="bbox 491 837 2064 914">
    <p class='ocr_par' dir='ltr' id='par_1_9' title="bbox 491 837 2064 914">
     <span class='ocr_line' id='line_1_9' title="bbox 491 837 2064 914; baseline 0.002 -20"><span class='ocrx_word' id='word_1_50' title='bbox 491 854 601 894; x_wconf 92' lang='lat' dir='ltr'><strong>non</strong></span> <span class='ocrx_word' id='word_1_51' title='bbox 626 854 764 909; x_wconf 91' lang='lat' dir='ltr'><strong>quos</strong></span> <span class='ocrx_word' id='word_1_52' title='bbox 792 837 972 895; x_wconf 90' lang='lat' dir='ltr'><strong>adhuc</strong></span> <span class='ocrx_word' id='word_1_53' title='bbox 996 839 1173 894; x_wconf 83' lang='lat' dir='ltr'><strong>fuerat</strong></span> <span class='ocrx_word' id='word_1_54' title='bbox 1192 840 1496 896; x_wconf 89' lang='lat' dir='ltr'><strong>locuturus.</strong></span> <span class='ocrx_word' id='word_1_55' title='bbox 1521 841 1715 898; x_wconf 87' lang='lat' dir='ltr'><strong>Adhuc</strong></span> <span class='ocrx_word' id='word_1_56' title='bbox 1737 842 1880 897; x_wconf 84' lang='lat' dir='ltr'><strong>e&#39;nim</strong></span> <span class='ocrx_word' id='word_1_57' title='bbox 1904 859 2064 914; x_wconf 82' lang='lat' dir='ltr'><strong>Opor-</strong></span> 
     </span>
    </p>
   </div>
   <div class='ocr_carea' id='block_1_10' title="bbox 490 931 2063 1005">
    <p class='ocr_par' dir='ltr' id='par_1_10' title="bbox 490 931 2063 1005">
     <span class='ocr_line' id='line_1_10' title="bbox 490 931 2063 1005; baseline 0.004 -21"><span class='ocrx_word' id='word_1_58' title='bbox 490 931 640 986; x_wconf 84' lang='lat' dir='ltr'><strong>tebat</strong></span> <span class='ocrx_word' id='word_1_59' title='bbox 685 945 811 986; x_wconf 90' lang='lat' dir='ltr'><strong>eum</strong></span> <span class='ocrx_word' id='word_1_60' title='bbox 861 932 1025 987; x_wconf 89' lang='lat' dir='ltr'><strong>etiam</strong></span> <span class='ocrx_word' id='word_1_61' title='bbox 1069 933 1208 988; x_wconf 78' lang='lat' dir='ltr'><strong>alios</strong></span> <span class='ocrx_word' id='word_1_62' title='bbox 1254 932 1405 1002; x_wconf 89' lang='lat' dir='ltr'><strong>loqui</strong></span> <span class='ocrx_word' id='word_1_63' title='bbox 1438 949 1742 1000; x_wconf 91' lang='lat' dir='ltr'><strong>sermones,</strong></span> <span class='ocrx_word' id='word_1_64' title='bbox 1773 944 2063 1005; x_wconf 86' lang='lat' dir='ltr'><strong>postquam</strong></span> 
     </span>
    </p>
   </div>
   <div class='ocr_carea' id='block_1_11' title="bbox 490 1026 2064 1093">
    <p class='ocr_par' dir='ltr' id='par_1_11' title="bbox 490 1026 2064 1093">
     <span class='ocr_line' id='line_1_11' title="bbox 490 1026 2064 1093; baseline 0.002 -12"><span class='ocrx_word' id='word_1_65' title='bbox 490 1026 814 1093; x_wconf 85' lang='lat' dir='ltr'><strong>traderetur,</strong></span> <span class='ocrx_word' id='word_1_66' title='bbox 847 1036 900 1082; x_wconf 90' lang='lat' dir='ltr'><strong>et</strong></span> <span class='ocrx_word' id='word_1_67' title='bbox 943 1027 997 1082; x_wconf 91' lang='lat' dir='ltr'><strong>in</strong></span> <span class='ocrx_word' id='word_1_68' title='bbox 1052 1029 1313 1083; x_wconf 83' lang='lat' dir='ltr'><strong>Bethania</strong></span> <span class='ocrx_word' id='word_1_69' title='bbox 1365 1029 1421 1084; x_wconf 93' lang='lat' dir='ltr'><strong>in</strong></span> <span class='ocrx_word' id='word_1_70' title='bbox 1468 1029 1630 1084; x_wconf 88' lang='lat' dir='ltr'><strong>domo</strong></span> <span class='ocrx_word' id='word_1_71' title='bbox 1677 1028 1917 1085; x_wconf 91' lang='lat' dir='ltr'><strong>Simonis</strong></span> <span class='ocrx_word' id='word_1_72' title='bbox 1961 1029 2064 1084; x_wconf 89' lang='lat' dir='ltr'><strong>Le-</strong></span> 
     </span>
    </p>
   </div>
   <div class='ocr_carea' id='block_1_12' title="bbox 488 1118 2063 1191">
    <p class='ocr_par' dir='ltr' id='par_1_12' title="bbox 488 1118 2063 1191">
     <span class='ocr_line' id='line_1_12' title="bbox 488 1118 2063 1191; baseline 0.003 -19"><span class='ocrx_word' id='word_1_73' title='bbox 488 1118 636 1191; x_wconf 88' lang='lat' dir='ltr'><strong>prosi</strong></span> <span class='ocrx_word' id='word_1_74' title='bbox 666 1118 733 1173; x_wconf 90' lang='lat' dir='ltr'><strong>de</strong></span> <span class='ocrx_word' id='word_1_75' title='bbox 765 1118 992 1175; x_wconf 85' lang='lat' dir='ltr'><strong>muliere</strong></span> <span class='ocrx_word' id='word_1_76' title='bbox 1022 1121 1311 1176; x_wconf 88' lang='lat' dir='ltr'><strong>accedente</strong></span> <span class='ocrx_word' id='word_1_77' title='bbox 1354 1121 1420 1176; x_wconf 93' lang='lat' dir='ltr'><strong>ad</strong></span> <span class='ocrx_word' id='word_1_78' title='bbox 1456 1136 1515 1176; x_wconf 89' lang='lat' dir='ltr'><strong>se</strong></span> <span class='ocrx_word' id='word_1_79' title='bbox 1548 1140 1562 1175; x_wconf 89' lang='lat'><strong>:</strong></span> <span class='ocrx_word' id='word_1_80' title='bbox 1601 1121 1727 1175; x_wconf 84' lang='lat' dir='ltr'><strong>item</strong></span> <span class='ocrx_word' id='word_1_81' title='bbox 1755 1129 1810 1176; x_wconf 94' lang='lat' dir='ltr'><strong>et</strong></span> <span class='ocrx_word' id='word_1_82' title='bbox 1852 1120 2063 1176; x_wconf 86' lang='lat' dir='ltr'><strong>Pascha</strong></span> 
     </span>
    </p>
   </div>
   <div class='ocr_carea' id='block_1_13' title="bbox 388 1197 2059 1282">
    <p class='ocr_par' dir='ltr' id='par_1_13' title="bbox 388 1197 2059 1282">
     <span class='ocr_line' id='line_1_13' title="bbox 388 1197 2059 1282; baseline 0.003 -19"><span class='ocrx_word' id='word_1_83' title='bbox 388 1197 394 1202; x_wconf 66' lang='grc'><strong>’</strong></span> <span class='ocrx_word' id='word_1_84' title='bbox 485 1208 666 1266; x_wconf 86' lang='lat' dir='ltr'><strong>facere</strong></span> <span class='ocrx_word' id='word_1_85' title='bbox 686 1225 810 1265; x_wconf 89' lang='lat' dir='ltr'><strong>cum</strong></span> <span class='ocrx_word' id='word_1_86' title='bbox 836 1209 1119 1280; x_wconf 90' lang='lat' dir='ltr'><strong>discipulis</strong></span> <span class='ocrx_word' id='word_1_87' title='bbox 1142 1213 1278 1274; x_wconf 85' lang='lat' dir='ltr'><strong>suis,</strong></span> <span class='ocrx_word' id='word_1_88' title='bbox 1306 1218 1360 1267; x_wconf 92' lang='lat' dir='ltr'><strong>et</strong></span> <span class='ocrx_word' id='word_1_89' title='bbox 1381 1212 1704 1267; x_wconf 84' lang='lat' dir='ltr'><strong>convincere</strong></span> <span class='ocrx_word' id='word_1_90' title='bbox 1727 1212 2059 1282; x_wconf 90' lang='lat' dir='ltr'><strong>proditorem</strong></span> 
     </span>
    </p>
   </div>
   <div class='ocr_carea' id='block_1_14' title="bbox 484 1302 2059 1375">
    <p class='ocr_par' dir='ltr' id='par_1_14' title="bbox 484 1302 2059 1375">
     <span class='ocr_line' id='line_1_14' title="bbox 484 1302 2059 1375; baseline 0.001 -19"><span class='ocrx_word' id='word_1_91' title='bbox 484 1302 761 1365; x_wconf 84' lang='lat' dir='ltr'><strong>latentem.</strong></span> <span class='ocrx_word' id='word_1_92' title='bbox 793 1314 846 1360; x_wconf 91' lang='lat' dir='ltr'><strong>et</strong></span> <span class='ocrx_word' id='word_1_93' title='bbox 887 1305 1089 1375; x_wconf 79' lang='lat' dir='ltr'><strong>gratias</strong></span> <span class='ocrx_word' id='word_1_94' title='bbox 1116 1320 1296 1375; x_wconf 85' lang='lat' dir='ltr'><strong>agere,</strong></span> <span class='ocrx_word' id='word_1_95' title='bbox 1328 1312 1383 1359; x_wconf 92' lang='lat' dir='ltr'><strong>et</strong></span> <span class='ocrx_word' id='word_1_96' title='bbox 1416 1305 1692 1375; x_wconf 82' lang='lat' dir='ltr'><strong>porrigere</strong></span> <span class='ocrx_word' id='word_1_97' title='bbox 1735 1305 1816 1359; x_wconf 90' lang='lat' dir='ltr'><strong>eis</strong></span> <span class='ocrx_word' id='word_1_98' title='bbox 1865 1320 2059 1373; x_wconf 90' lang='lat' dir='ltr'><strong>panem</strong></span> 
     </span>
    </p>
   </div>
   <div class='ocr_carea' id='block_1_15' title="bbox 481 1392 2060 1467">
    <p class='ocr_par' dir='ltr' id='par_1_15' title="bbox 481 1392 2060 1467">
     <span class='ocr_line' id='line_1_15' title="bbox 481 1392 2060 1467; baseline 0.003 -20"><span class='ocrx_word' id='word_1_99' title='bbox 481 1400 538 1449; x_wconf 82' lang='lat' dir='ltr'><strong>et</strong></span> <span class='ocrx_word' id='word_1_100' title='bbox 577 1394 825 1450; x_wconf 89' lang='lat' dir='ltr'><strong>calicem.</strong></span> <span class='ocrx_word' id='word_1_101' title='bbox 862 1392 1161 1466; x_wconf 89' lang='lat' dir='ltr'><strong>Oportebat</strong></span> <span class='ocrx_word' id='word_1_102' title='bbox 1197 1412 1322 1451; x_wconf 93' lang='lat' dir='ltr'><strong>eum</strong></span> <span class='ocrx_word' id='word_1_103' title='bbox 1361 1404 1415 1451; x_wconf 91' lang='lat' dir='ltr'><strong>et</strong></span> <span class='ocrx_word' id='word_1_104' title='bbox 1459 1397 1750 1467; x_wconf 84' lang='lat' dir='ltr'><strong>praedicere</strong></span> <span class='ocrx_word' id='word_1_105' title='bbox 1777 1397 2060 1467; x_wconf 90' lang='lat' dir='ltr'><strong>discipulis</strong></span> 
     </span>
    </p>
   </div>
   <div class='ocr_carea' id='block_1_16' title="bbox 480 1485 2061 1560">
    <p class='ocr_par' dir='ltr' id='par_1_16' title="bbox 480 1485 2061 1560">
     <span class='ocr_line' id='line_1_16' title="bbox 480 1485 2061 1560; baseline 0.003 -20"><span class='ocrx_word' id='word_1_106' title='bbox 480 1485 598 1541; x_wconf 82' lang='lat' dir='ltr'><strong>suis</strong></span> <span class='ocrx_word' id='word_1_107' title='bbox 631 1485 779 1557; x_wconf 91' lang='lat' dir='ltr'><strong>quod</strong></span> <span class='ocrx_word' id='word_1_108' title='bbox 805 1495 991 1543; x_wconf 88' lang='lat' dir='ltr'><strong>essent</strong></span> <span class='ocrx_word' id='word_1_109' title='bbox 1025 1487 1467 1555; x_wconf 87' lang='lat' dir='ltr'><strong>scandalizandi;</strong></span> <span class='ocrx_word' id='word_1_110' title='bbox 1502 1496 1557 1542; x_wconf 90' lang='lat' dir='ltr'><strong>et</strong></span> <span class='ocrx_word' id='word_1_111' title='bbox 1584 1486 1765 1555; x_wconf 90' lang='lat' dir='ltr'><strong>Petro,</strong></span> <span class='ocrx_word' id='word_1_112' title='bbox 1800 1489 2061 1560; x_wconf 89' lang='lat' dir='ltr'><strong>quoniam</strong></span> 
     </span>
    </p>
   </div>
   <div class='ocr_carea' id='block_1_17' title="bbox 480 1576 2061 1651">
    <p class='ocr_par' dir='ltr' id='par_1_17' title="bbox 480 1576 2061 1651">
     <span class='ocr_line' id='line_1_17' title="bbox 480 1576 2061 1651; baseline 0.005 -22"><span class='ocrx_word' id='word_1_113' title='bbox 480 1585 607 1630; x_wconf 89' lang='lat' dir='ltr'><strong>aute</strong></span> <span class='ocrx_word' id='word_1_114' title='bbox 635 1576 761 1646; x_wconf 80' lang='lat' dir='ltr'><strong>galli</strong></span> <span class='ocrx_word' id='word_1_115' title='bbox 807 1587 1028 1632; x_wconf 90' lang='lat' dir='ltr'><strong>cantum</strong></span> <span class='ocrx_word' id='word_1_116' title='bbox 1061 1587 1144 1634; x_wconf 91' lang='lat' dir='ltr'><strong>ter</strong></span> <span class='ocrx_word' id='word_1_117' title='bbox 1183 1578 1362 1634; x_wconf 84' lang='lat' dir='ltr'><strong>fuerat</strong></span> <span class='ocrx_word' id='word_1_118' title='bbox 1389 1588 1707 1651; x_wconf 85' lang='lat' dir='ltr'><strong>negaturus.</strong></span> <span class='ocrx_word' id='word_1_119' title='bbox 1735 1580 1930 1637; x_wconf 87' lang='lat' dir='ltr'><strong>Adhuc</strong></span> <span class='ocrx_word' id='word_1_120' title='bbox 1962 1596 2061 1637; x_wconf 87' lang='lat' dir='ltr'><strong>au-</strong></span> 
     </span>
    </p>
   </div>
   <div class='ocr_carea' id='block_1_18' title="bbox 480 1670 2059 1744">
    <p class='ocr_par' dir='ltr' id='par_1_18' title="bbox 480 1670 2059 1744">
     <span class='ocr_line' id='line_1_18' title="bbox 480 1670 2059 1744; baseline 0.006 -23"><span class='ocrx_word' id='word_1_121' title='bbox 480 1676 588 1721; x_wconf 90' lang='lat' dir='ltr'><strong>tem</strong></span> <span class='ocrx_word' id='word_1_122' title='bbox 646 1670 932 1739; x_wconf 88' lang='lat' dir='ltr'><strong>oportebat</strong></span> <span class='ocrx_word' id='word_1_123' title='bbox 984 1686 1110 1726; x_wconf 92' lang='lat' dir='ltr'><strong>eum</strong></span> <span class='ocrx_word' id='word_1_124' title='bbox 1168 1671 1305 1726; x_wconf 89' lang='lat' dir='ltr'><strong>hora</strong></span> <span class='ocrx_word' id='word_1_125' title='bbox 1363 1672 1837 1744; x_wconf 88' lang='lat' dir='ltr'><strong>appropinquante</strong></span> <span class='ocrx_word' id='word_1_126' title='bbox 1884 1673 2059 1744; x_wconf 87' lang='lat' dir='ltr'><strong>magis</strong></span> 
     </span>
    </p>
   </div>
   <div class='ocr_carea' id='block_1_19' title="bbox 479 1742 2134 1835">
    <p class='ocr_par' dir='ltr' id='par_1_19' title="bbox 479 1742 2134 1835">
     <span class='ocr_line' id='line_1_19' title="bbox 479 1742 2134 1835; baseline 0.005 -23"><span class='ocrx_word' id='word_1_127' title='bbox 479 1772 661 1828; x_wconf 89' lang='lat' dir='ltr'><strong>orare,</strong></span> <span class='ocrx_word' id='word_1_128' title='bbox 712 1775 823 1815; x_wconf 92' lang='lat' dir='ltr'><strong>non</strong></span> <span class='ocrx_word' id='word_1_129' title='bbox 874 1761 1062 1826; x_wconf 88' lang='lat' dir='ltr'><strong>semel,</strong></span> <span class='ocrx_word' id='word_1_130' title='bbox 1108 1778 1208 1819; x_wconf 91' lang='lat' dir='ltr'><strong>nec</strong></span> <span class='ocrx_word' id='word_1_131' title='bbox 1247 1763 1411 1835; x_wconf 74' lang='lat'><strong>891</strong></span> <span class='ocrx_word' id='word_1_132' title='bbox 1458 1764 1564 1830; x_wconf 88' lang='lat' dir='ltr'><strong>bis,</strong></span> <span class='ocrx_word' id='word_1_133' title='bbox 1602 1765 1696 1821; x_wconf 90' lang='lat' dir='ltr'><strong>sed</strong></span> <span class='ocrx_word' id='word_1_134' title='bbox 1741 1774 1843 1832; x_wconf 92' lang='lat' dir='ltr'><strong>ter,</strong></span> <span class='ocrx_word' id='word_1_135' title='bbox 1887 1766 2061 1823; x_wconf 91' lang='lat' dir='ltr'><strong>donec</strong></span> <span class='ocrx_word' id='word_1_136' title='bbox 2093 1742 2134 1797; x_wconf 71' lang='grc' dir='ltr'>Β</span> 
     </span>
    </p>
   </div>
   <div class='ocr_carea' id='block_1_20' title="bbox 480 1849 1915 1921">
    <p class='ocr_par' dir='ltr' id='par_1_20' title="bbox 480 1849 1915 1921">
     <span class='ocr_line' id='line_1_20' title="bbox 480 1849 1915 1921; baseline 0.01 -16"><span class='ocrx_word' id='word_1_137' title='bbox 480 1849 617 1905; x_wconf 85' lang='lat' dir='ltr'><strong>hora</strong></span> <span class='ocrx_word' id='word_1_138' title='bbox 647 1850 865 1921; x_wconf 87' lang='lat' dir='ltr'><strong>plenius</strong></span> <span class='ocrx_word' id='word_1_139' title='bbox 887 1853 1186 1911; x_wconf 85' lang='lat' dir='ltr'><strong>adveniret.</strong></span> <span class='ocrx_word' id='word_1_140' title='bbox 1912 1904 1915 1905; x_wconf 49' lang='grc' dir='ltr'><em>ν</em></span> 
     </span>
    </p>
   </div>
   <div class='ocr_carea' id='block_1_21' title="bbox 552 1941 2056 2020">
    <p class='ocr_par' dir='ltr' id='par_1_21' title="bbox 552 1941 2056 2020">
     <span class='ocr_line' id='line_1_21' title="bbox 552 1941 2056 2020; baseline 0.006 -24"><span class='ocrx_word' id='word_1_141' title='bbox 552 1942 640 1997; x_wconf 83' lang='lat'><strong>75.</strong></span> <span class='ocrx_word' id='word_1_142' title='bbox 684 1941 845 1998; x_wconf 80' lang='lat' dir='ltr'><strong>Scitis</strong></span> <span class='ocrx_word' id='word_1_143' title='bbox 881 1946 1004 2016; x_wconf 88' lang='lat' dir='ltr'><strong>quia</strong></span> <span class='ocrx_word' id='word_1_144' title='bbox 1029 1955 1148 2016; x_wconf 88' lang='lat' dir='ltr'><strong>post</strong></span> <span class='ocrx_word' id='word_1_145' title='bbox 1178 1947 1397 2002; x_wconf 85' lang='lat' dir='ltr'><strong>biduum</strong></span> <span class='ocrx_word' id='word_1_146' title='bbox 1421 1947 1630 2005; x_wconf 83' lang='lat' dir='ltr'><strong>Pascha</strong></span> <span class='ocrx_word' id='word_1_147' title='bbox 1660 1951 1774 2020; x_wconf 82' lang='lat' dir='ltr'><strong>ﬁet,</strong></span> <span class='ocrx_word' id='word_1_148' title='bbox 1797 1960 1846 2004; x_wconf 88' lang='lat' dir='ltr'><strong>et</strong></span> <span class='ocrx_word' id='word_1_149' title='bbox 1885 1950 2056 2007; x_wconf 79' lang='lat' dir='ltr'><strong>Filius</strong></span> 
     </span>
    </p>
   </div>
   <div class='ocr_carea' id='block_1_22' title="bbox 479 2030 2055 2112">
    <p class='ocr_par' dir='ltr' id='par_1_22' title="bbox 479 2030 2055 2112">
     <span class='ocr_line' id='line_1_22' title="bbox 479 2030 2055 2112; baseline 0.009 -28"><span class='ocrx_word' id='word_1_150' title='bbox 479 2030 707 2087; x_wconf 77' lang='lat' dir='ltr'><strong>hominis</strong></span> <span class='ocrx_word' id='word_1_151' title='bbox 753 2035 998 2090; x_wconf 83' lang='lat' dir='ltr'><strong>tradetur</strong></span> <span class='ocrx_word' id='word_1_152' title='bbox 1048 2037 1120 2090; x_wconf 88' lang='lat' dir='ltr'><strong>ad</strong></span> <span class='ocrx_word' id='word_1_153' title='bbox 1170 2041 1608 2109; x_wconf 75' lang='lat' dir='ltr'><strong>cruciﬁgendum,</strong></span> <span class='ocrx_word' id='word_1_154' title='bbox 1658 2050 1713 2096; x_wconf 88' lang='lat' dir='ltr'><strong>et</strong></span> <span class='ocrx_word' id='word_1_155' title='bbox 1754 2042 1962 2112; x_wconf 88' lang='lat' dir='ltr'><strong>reliqua</strong></span> <span class='ocrx_word' id='word_1_156' title='bbox 1989 2042 2055 2096; x_wconf 81' lang='grc'><strong>³⁸.</strong></span> 
     </span>
    </p>
   </div>
   <div class='ocr_carea' id='block_1_23' title="bbox 482 2118 2058 2204">
    <p class='ocr_par' dir='ltr' id='par_1_23' title="bbox 482 2118 2058 2204">
     <span class='ocr_line' id='line_1_23' title="bbox 482 2118 2058 2204; baseline 0.008 -26"><span class='ocrx_word' id='word_1_157' title='bbox 482 2125 540 2178; x_wconf 97' lang='lat' dir='ltr'><strong>Si</strong></span> <span class='ocrx_word' id='word_1_158' title='bbox 572 2142 705 2197; x_wconf 88' lang='lat' dir='ltr'><strong>ergo</strong></span> <span class='ocrx_word' id='word_1_159' title='bbox 735 2128 901 2182; x_wconf 89' lang='lat' dir='ltr'><strong>etiam</strong></span> <span class='ocrx_word' id='word_1_160' title='bbox 935 2132 1072 2184; x_wconf 91' lang='lat' dir='ltr'><strong>hora</strong></span> <span class='ocrx_word' id='word_1_161' title='bbox 1098 2131 1278 2186; x_wconf 81' lang='lat' dir='ltr'><strong>fuerat</strong></span> <span class='ocrx_word' id='word_1_162' title='bbox 1300 2118 1546 2198; x_wconf 80' lang='lat' dir='ltr'><strong>definita,</strong></span> <span class='ocrx_word' id='word_1_163' title='bbox 1590 2134 1887 2189; x_wconf 90' lang='lat' dir='ltr'><strong>secundum</strong></span> <span class='ocrx_word' id='word_1_164' title='bbox 1912 2133 2058 2204; x_wconf 91' lang='lat' dir='ltr'><strong>quod</strong></span> 
     </span>
    </p>
   </div>
   <div class='ocr_carea' id='block_1_24' title="bbox 478 2214 2056 2291">
    <p class='ocr_par' dir='ltr' id='par_1_24' title="bbox 478 2214 2056 2291">
     <span class='ocr_line' id='line_1_24' title="bbox 478 2214 2056 2291; baseline 0.008 -25"><span class='ocrx_word' id='word_1_165' title='bbox 478 2214 741 2281; x_wconf 77' lang='lat' dir='ltr'><strong>diximus,</strong></span> <span class='ocrx_word' id='word_1_166' title='bbox 772 2226 832 2273; x_wconf 92' lang='lat' dir='ltr'><strong>ut</strong></span> <span class='ocrx_word' id='word_1_167' title='bbox 864 2233 971 2274; x_wconf 90' lang='lat' dir='ltr'><strong>non</strong></span> <span class='ocrx_word' id='word_1_168' title='bbox 1007 2219 1312 2277; x_wconf 86' lang='lat' dir='ltr'><strong>traderetur</strong></span> <span class='ocrx_word' id='word_1_169' title='bbox 1337 2230 1464 2278; x_wconf 85' lang='lat' dir='ltr'><strong>ante</strong></span> <span class='ocrx_word' id='word_1_170' title='bbox 1494 2238 1709 2278; x_wconf 89' lang='lat' dir='ltr'><strong>omnem</strong></span> <span class='ocrx_word' id='word_1_171' title='bbox 1731 2223 2056 2291; x_wconf 88' lang='lat' dir='ltr'><strong>doctrinam,</strong></span> 
     </span>
    </p>
   </div>
   <div class='ocr_carea' id='block_1_25' title="bbox 476 2307 2061 2385">
    <p class='ocr_par' dir='ltr' id='par_1_25' title="bbox 476 2307 2061 2385">
     <span class='ocr_line' id='line_1_25' title="bbox 476 2307 2061 2385; baseline 0.009 -27"><span class='ocrx_word' id='word_1_172' title='bbox 476 2307 757 2375; x_wconf 85' lang='lat' dir='ltr'><strong>quomodo</strong></span> <span class='ocrx_word' id='word_1_173' title='bbox 809 2326 919 2365; x_wconf 89' lang='lat' dir='ltr'><strong>non</strong></span> <span class='ocrx_word' id='word_1_174' title='bbox 968 2313 1140 2383; x_wconf 89' lang='lat' dir='ltr'><strong>magis</strong></span> <span class='ocrx_word' id='word_1_175' title='bbox 1172 2322 1227 2369; x_wconf 93' lang='lat' dir='ltr'><strong>et</strong></span> <span class='ocrx_word' id='word_1_176' title='bbox 1260 2313 1376 2370; x_wconf 89' lang='lat' dir='ltr'><strong>dies</strong></span> <span class='ocrx_word' id='word_1_177' title='bbox 1429 2313 1610 2370; x_wconf 87' lang='lat' dir='ltr'><strong>fuerat</strong></span> <span class='ocrx_word' id='word_1_178' title='bbox 1665 2316 1957 2385; x_wconf 84' lang='lat' dir='ltr'><strong>definitus,</strong></span> <span class='ocrx_word' id='word_1_179' title='bbox 2003 2328 2061 2373; x_wconf 89' lang='lat' dir='ltr'><strong>ut</strong></span> 
     </span>
    </p>
   </div>
   <div class='ocr_carea' id='block_1_26' title="bbox 477 2401 2059 2476">
    <p class='ocr_par' dir='ltr' id='par_1_26' title="bbox 477 2401 2059 2476">
     <span class='ocr_line' id='line_1_26' title="bbox 477 2401 2059 2476; baseline 0.009 -25"><span class='ocrx_word' id='word_1_180' title='bbox 477 2401 681 2467; x_wconf 81' lang='lat' dir='ltr'><strong>pascha</strong></span> <span class='ocrx_word' id='word_1_181' title='bbox 713 2410 963 2457; x_wconf 89' lang='lat' dir='ltr'><strong>nostrum</strong></span> <span class='ocrx_word' id='word_1_182' title='bbox 1009 2403 1261 2461; x_wconf 89' lang='lat' dir='ltr'><strong>Christus</strong></span> <span class='ocrx_word' id='word_1_183' title='bbox 1303 2406 1712 2476; x_wconf 86' lang='lat' dir='ltr'><strong>immolaretur,</strong></span> <span class='ocrx_word' id='word_1_184' title='bbox 1756 2407 2059 2465; x_wconf 84' lang='lat' dir='ltr'><strong>dissolvens</strong></span> 
     </span>
    </p>
   </div>
   <div class='ocr_carea' id='block_1_27' title="bbox 476 2491 2058 2563">
    <p class='ocr_par' dir='ltr' id='par_1_27' title="bbox 476 2491 2058 2563">
     <span class='ocr_line' id='line_1_27' title="bbox 476 2491 2058 2563; baseline 0.006 -18"><span class='ocrx_word' id='word_1_185' title='bbox 476 2491 763 2547; x_wconf 83' lang='lat' dir='ltr'><strong>Judaicum</strong></span> <span class='ocrx_word' id='word_1_186' title='bbox 809 2496 1048 2563; x_wconf 85' lang='lat' dir='ltr'><strong>pascha,</strong></span> <span class='ocrx_word' id='word_1_187' title='bbox 1105 2506 1159 2551; x_wconf 92' lang='lat' dir='ltr'><strong>et</strong></span> <span class='ocrx_word' id='word_1_188' title='bbox 1227 2498 1447 2554; x_wconf 89' lang='lat' dir='ltr'><strong>tradens</strong></span> <span class='ocrx_word' id='word_1_189' title='bbox 1492 2500 1791 2555; x_wconf 90' lang='lat' dir='ltr'><strong>secundum</strong></span> <span class='ocrx_word' id='word_1_190' title='bbox 1846 2498 2058 2556; x_wconf 91' lang='lat' dir='ltr'><strong>Novum</strong></span> 
     </span>
    </p>
   </div>
   <div class='ocr_carea' id='block_1_28' title="bbox 480 2578 2060 2658">
    <p class='ocr_par' dir='ltr' id='par_1_28' title="bbox 480 2578 2060 2658">
     <span class='ocr_line' id='line_1_28' title="bbox 480 2578 2060 2658; baseline 0.008 -24"><span class='ocrx_word' id='word_1_191' title='bbox 480 2578 892 2637; x_wconf 83' lang='lat' dir='ltr'><strong>Testamentum</strong></span> <span class='ocrx_word' id='word_1_192' title='bbox 913 2585 1197 2655; x_wconf 86' lang='lat' dir='ltr'><strong>discipulis</strong></span> <span class='ocrx_word' id='word_1_193' title='bbox 1228 2587 1378 2643; x_wconf 89' lang='lat' dir='ltr'><strong>suis?</strong></span> <span class='ocrx_word' id='word_1_194' title='bbox 1401 2587 1696 2658; x_wconf 85' lang='lat' dir='ltr'><strong>Oportebat</strong></span> <span class='ocrx_word' id='word_1_195' title='bbox 1717 2591 1880 2646; x_wconf 91' lang='lat' dir='ltr'><strong>etiam</strong></span> <span class='ocrx_word' id='word_1_196' title='bbox 1906 2606 2060 2647; x_wconf 87' lang='lat' dir='ltr'><strong>men-</strong></span> 
     </span>
    </p>
   </div>
   <div class='ocr_carea' id='block_1_29' title="bbox 478 2677 2056 2753">
    <p class='ocr_par' dir='ltr' id='par_1_29' title="bbox 478 2677 2056 2753">
     <span class='ocr_line' id='line_1_29' title="bbox 478 2677 2056 2753; baseline 0.006 -24"><span class='ocrx_word' id='word_1_197' title='bbox 478 2692 594 2730; x_wconf 85' lang='lat' dir='ltr'><strong>sem</strong></span> <span class='ocrx_word' id='word_1_198' title='bbox 624 2691 747 2732; x_wconf 89' lang='lat' dir='ltr'><strong>esse</strong></span> <span class='ocrx_word' id='word_1_199' title='bbox 780 2678 1064 2733; x_wconf 83' lang='lat' dir='ltr'><strong>definitum</strong></span> <span class='ocrx_word' id='word_1_200' title='bbox 1107 2677 1352 2735; x_wconf 69' lang='lat' dir='ltr'><strong>Paschae.</strong></span> <span class='ocrx_word' id='word_1_201' title='bbox 1388 2680 1500 2751; x_wconf 86' lang='lat' dir='ltr'><strong>Ego</strong></span> <span class='ocrx_word' id='word_1_202' title='bbox 1529 2691 1707 2737; x_wconf 89' lang='lat' dir='ltr'><strong>autem</strong></span> <span class='ocrx_word' id='word_1_203' title='bbox 1738 2692 1871 2753; x_wconf 92' lang='lat' dir='ltr'><strong>puto</strong></span> <span class='ocrx_word' id='word_1_204' title='bbox 1893 2683 2056 2739; x_wconf 91' lang='lat' dir='ltr'><strong>etiam</strong></span> 
     </span>
    </p>
   </div>
   <div class='ocr_carea' id='block_1_30' title="bbox 479 2768 2060 2841">
    <p class='ocr_par' dir='ltr' id='par_1_30' title="bbox 479 2768 2060 2841">
     <span class='ocr_line' id='line_1_30' title="bbox 479 2768 2060 2841; baseline 0.006 -20"><span class='ocrx_word' id='word_1_205' title='bbox 479 2783 684 2821; x_wconf 85' lang='lat' dir='ltr'><strong>annum</strong></span> <span class='ocrx_word' id='word_1_206' title='bbox 709 2809 727 2835; x_wconf 95' lang='lat'><strong>,</strong></span> <span class='ocrx_word' id='word_1_207' title='bbox 760 2768 828 2824; x_wconf 87' lang='lat' dir='ltr'><strong>de</strong></span> <span class='ocrx_word' id='word_1_208' title='bbox 877 2784 989 2840; x_wconf 92' lang='lat' dir='ltr'><strong>quo</strong></span> <span class='ocrx_word' id='word_1_209' title='bbox 1043 2781 1097 2824; x_wconf 89' lang='lat' dir='ltr'><strong>et</strong></span> <span class='ocrx_word' id='word_1_210' title='bbox 1129 2771 1390 2841; x_wconf 84' lang='lat' dir='ltr'><strong>propheta</strong></span> <span class='ocrx_word' id='word_1_211' title='bbox 1448 2772 1699 2828; x_wconf 90' lang='lat' dir='ltr'><strong>dicebat:</strong></span> <span class='ocrx_word' id='word_1_212' title='bbox 1756 2772 2060 2831; x_wconf 62' lang='lat' dir='ltr'><strong>Praedicare</strong></span> 
     </span>
    </p>
   </div>
   <div class='ocr_carea' id='block_1_31' title="bbox 478 2859 2058 2932">
    <p class='ocr_par' dir='ltr' id='par_1_31' title="bbox 478 2859 2058 2932">
     <span class='ocr_line' id='line_1_31' title="bbox 478 2859 2058 2932; baseline 0.006 -20"><span class='ocrx_word' id='word_1_213' title='bbox 478 2876 680 2914; x_wconf 85' lang='lat' dir='ltr'><strong>annum</strong></span> <span class='ocrx_word' id='word_1_214' title='bbox 733 2859 951 2915; x_wconf 87' lang='lat' dir='ltr'><strong>Domini</strong></span> <span class='ocrx_word' id='word_1_215' title='bbox 992 2871 1284 2932; x_wconf 83' lang='lat' dir='ltr'><strong>acceptum,</strong></span> <span class='ocrx_word' id='word_1_216' title='bbox 1313 2873 1362 2916; x_wconf 88' lang='lat' dir='ltr'><strong>et</strong></span> <span class='ocrx_word' id='word_1_217' title='bbox 1399 2863 1538 2917; x_wconf 87' lang='lat' dir='ltr'><strong>diem</strong></span> <span class='ocrx_word' id='word_1_218' title='bbox 1582 2866 1775 2919; x_wconf 88' lang='lat' dir='ltr'><strong>salutis</strong></span> <span class='ocrx_word' id='word_1_219' title='bbox 1802 2864 1868 2919; x_wconf 76' lang='grc'><strong>³⁵.</strong></span> <span class='ocrx_word' id='word_1_220' title='bbox 1908 2863 2058 2921; x_wconf 72' lang='lat' dir='ltr'><strong>Prte-</strong></span> 
     </span>
    </p>
   </div>
   <div class='ocr_carea' id='block_1_32' title="bbox 478 2953 2057 3023">
    <p class='ocr_par' dir='ltr' id='par_1_32' title="bbox 478 2953 2057 3023">
     <span class='ocr_line' id='line_1_32' title="bbox 478 2953 2057 3023; baseline -0.001 -12"><span class='ocrx_word' id='word_1_221' title='bbox 478 2953 619 3011; x_wconf 86' lang='lat' dir='ltr'><strong>dicit</strong></span> <span class='ocrx_word' id='word_1_222' title='bbox 646 2968 776 3022; x_wconf 89' lang='lat' dir='ltr'><strong>ergo</strong></span> <span class='ocrx_word' id='word_1_223' title='bbox 815 2953 1099 3022; x_wconf 88' lang='lat' dir='ltr'><strong>discipulis</strong></span> <span class='ocrx_word' id='word_1_224' title='bbox 1144 2953 1291 3017; x_wconf 87' lang='lat' dir='ltr'><strong>suis,</strong></span> <span class='ocrx_word' id='word_1_225' title='bbox 1322 2954 1688 3022; x_wconf 64' lang='lat' dir='ltr'><strong>praemuniens</strong></span> <span class='ocrx_word' id='word_1_226' title='bbox 1717 2969 1832 3019; x_wconf 83' lang='lat' dir='ltr'><strong>eos,</strong></span> <span class='ocrx_word' id='word_1_227' title='bbox 1873 2964 1932 3009; x_wconf 92' lang='lat' dir='ltr'><strong>ut</strong></span> <span class='ocrx_word' id='word_1_228' title='bbox 1968 2970 2057 3023; x_wconf 92' lang='lat' dir='ltr'><strong>ne,</strong></span> 
     </span>
    </p>
   </div>
   <div class='ocr_carea' id='block_1_33' title="bbox 481 3044 2056 3117">
    <p class='ocr_par' dir='ltr' id='par_1_33' title="bbox 481 3044 2056 3117">
     <span class='ocr_line' id='line_1_33' title="bbox 481 3044 2056 3117; baseline 0.003 -20"><span class='ocrx_word' id='word_1_229' title='bbox 481 3046 802 3117; x_wconf 86' lang='lat' dir='ltr'><strong>priusquam</strong></span> <span class='ocrx_word' id='word_1_230' title='bbox 839 3045 1066 3100; x_wconf 87' lang='lat' dir='ltr'><strong>audiant</strong></span> <span class='ocrx_word' id='word_1_231' title='bbox 1110 3061 1233 3114; x_wconf 64' lang='lat' dir='ltr'><strong>quae</strong></span> <span class='ocrx_word' id='word_1_232' title='bbox 1275 3044 1491 3100; x_wconf 84' lang='lat' dir='ltr'><strong>fuerant</strong></span> <span class='ocrx_word' id='word_1_233' title='bbox 1532 3055 1825 3114; x_wconf 79' lang='lat' dir='ltr'><strong>eventura,</strong></span> <span class='ocrx_word' id='word_1_234' title='bbox 1875 3046 2056 3102; x_wconf 84' lang='lat' dir='ltr'><strong>subito</strong></span> 
     </span>
    </p>
   </div>
   <div class='ocr_carea' id='block_1_34' title="bbox 478 3135 2057 3206">
    <p class='ocr_par' dir='ltr' id='par_1_34' title="bbox 478 3135 2057 3206">
     <span class='ocr_line' id='line_1_34' title="bbox 478 3135 2057 3206; baseline -0.001 -14"><span class='ocrx_word' id='word_1_235' title='bbox 478 3135 724 3192; x_wconf 76' lang='lat' dir='ltr'><strong>videntes</strong></span> <span class='ocrx_word' id='word_1_236' title='bbox 754 3135 893 3190; x_wconf 90' lang='lat' dir='ltr'><strong>tradi</strong></span> <span class='ocrx_word' id='word_1_237' title='bbox 929 3136 994 3190; x_wconf 92' lang='lat' dir='ltr'><strong>ad</strong></span> <span class='ocrx_word' id='word_1_238' title='bbox 1043 3151 1259 3190; x_wconf 87' lang='lat' dir='ltr'><strong>crucem</strong></span> <span class='ocrx_word' id='word_1_239' title='bbox 1300 3135 1642 3206; x_wconf 82' lang='lat' dir='ltr'><strong>Magistrum,</strong></span> <span class='ocrx_word' id='word_1_240' title='bbox 1672 3137 2057 3206; x_wconf 84' lang='lat' dir='ltr'><strong>obstupescant</strong></span> 
     </span>
    </p>
   </div>
   <div class='ocr_carea' id='block_1_35' title="bbox 483 3227 2057 3297">
    <p class='ocr_par' dir='ltr' id='par_1_35' title="bbox 483 3227 2057 3297">
     <span class='ocr_line' id='line_1_35' title="bbox 483 3227 2057 3297; baseline 0.003 -17"><span class='ocrx_word' id='word_1_241' title='bbox 483 3242 683 3297; x_wconf 88' lang='lat' dir='ltr'><strong>pavore</strong></span> <span class='ocrx_word' id='word_1_242' title='bbox 710 3238 931 3297; x_wconf 82' lang='lat' dir='ltr'><strong>propter</strong></span> <span class='ocrx_word' id='word_1_243' title='bbox 961 3227 1269 3295; x_wconf 82' lang='lat' dir='ltr'><strong>passionem</strong></span> <span class='ocrx_word' id='word_1_244' title='bbox 1294 3227 1526 3281; x_wconf 86' lang='lat' dir='ltr'><strong>Domino</strong></span> <span class='ocrx_word' id='word_1_245' title='bbox 1555 3228 1907 3283; x_wconf 88' lang='lat' dir='ltr'><strong>accidentem.</strong></span> <span class='ocrx_word' id='word_1_246' title='bbox 1932 3227 2057 3284; x_wconf 85' lang='lat' dir='ltr'><strong>Ideo</strong></span> 
     </span>
    </p>
   </div>
   <div class='ocr_carea' id='block_1_36' title="bbox 482 3316 2056 3387">
    <p class='ocr_par' dir='ltr' id='par_1_36' title="bbox 482 3316 2056 3387">
     <span class='ocr_line' id='line_1_36' title="bbox 482 3316 2056 3387; baseline -0.001 -13"><span class='ocrx_word' id='word_1_247' title='bbox 482 3319 623 3375; x_wconf 81' lang='lat' dir='ltr'><strong>dixit</strong></span> <span class='ocrx_word' id='word_1_248' title='bbox 649 3319 769 3373; x_wconf 86' lang='lat' dir='ltr'><strong>eis:</strong></span> <span class='ocrx_word' id='word_1_249' title='bbox 825 3316 988 3372; x_wconf 85' lang='lat' dir='ltr'><strong>Scitis</strong></span> <span class='ocrx_word' id='word_1_250' title='bbox 1034 3318 1160 3387; x_wconf 87' lang='lat' dir='ltr'><strong>quia</strong></span> <span class='ocrx_word' id='word_1_251' title='bbox 1193 3328 1309 3387; x_wconf 87' lang='lat' dir='ltr'><strong>post</strong></span> <span class='ocrx_word' id='word_1_252' title='bbox 1344 3318 1559 3372; x_wconf 87' lang='lat' dir='ltr'><strong>biduum</strong></span> <span class='ocrx_word' id='word_1_253' title='bbox 1593 3317 1803 3372; x_wconf 80' lang='lat' dir='ltr'><strong>Pascha</strong></span> <span class='ocrx_word' id='word_1_254' title='bbox 1850 3320 1963 3387; x_wconf 77' lang='lat' dir='ltr'><strong>fiet,</strong></span> <span class='ocrx_word' id='word_1_255' title='bbox 2007 3329 2056 3374; x_wconf 88' lang='lat' dir='ltr'><strong>et</strong></span> 
     </span>
    </p>
   </div>
   <div class='ocr_carea' id='block_1_37' title="bbox 484 3408 2054 3479">
    <p class='ocr_par' dir='ltr' id='par_1_37' title="bbox 484 3408 2054 3479">
     <span class='ocr_line' id='line_1_37' title="bbox 484 3408 2054 3479; baseline -0.001 -14"><span class='ocrx_word' id='word_1_256' title='bbox 484 3410 660 3465; x_wconf 83' lang='lat' dir='ltr'><strong>Filius</strong></span> <span class='ocrx_word' id='word_1_257' title='bbox 712 3409 939 3465; x_wconf 79' lang='lat' dir='ltr'><strong>hominis</strong></span> <span class='ocrx_word' id='word_1_258' title='bbox 986 3409 1226 3462; x_wconf 86' lang='lat' dir='ltr'><strong>tradetur</strong></span> <span class='ocrx_word' id='word_1_259' title='bbox 1279 3410 1347 3461; x_wconf 90' lang='lat' dir='ltr'><strong>ad</strong></span> <span class='ocrx_word' id='word_1_260' title='bbox 1393 3409 1806 3479; x_wconf 82' lang='lat' dir='ltr'><strong>cruciﬁgendum</strong></span> <span class='ocrx_word' id='word_1_261' title='bbox 1830 3409 1894 3464; x_wconf 86' lang='grc'><strong>³⁷.</strong></span> <span class='ocrx_word' id='word_1_262' title='bbox 1938 3408 2054 3463; x_wconf 84' lang='grc' dir='ltr'><strong>Νοη</strong></span> 
     </span>
    </p>
   </div>
   <div class='ocr_carea' id='block_1_38' title="bbox 481 3500 2059 3571">
    <p class='ocr_par' dir='ltr' id='par_1_38' title="bbox 481 3500 2059 3571">
     <span class='ocr_line' id='line_1_38' title="bbox 481 3500 2059 3571; baseline -0.006 -7"><span class='ocrx_word' id='word_1_263' title='bbox 481 3514 664 3564; x_wconf 77' lang='lat' dir='ltr'><strong>autem</strong></span> <span class='ocrx_word' id='word_1_264' title='bbox 693 3544 710 3569; x_wconf 88' lang='lat'><strong>,</strong></span> <span class='ocrx_word' id='word_1_265' title='bbox 769 3503 909 3558; x_wconf 92' lang='lat' dir='ltr'><strong>sicut</strong></span> <span class='ocrx_word' id='word_1_266' title='bbox 956 3500 1363 3557; x_wconf 89' lang='lat' dir='ltr'><strong>arbitrabantur</strong></span> <span class='ocrx_word' id='word_1_267' title='bbox 1413 3500 1675 3571; x_wconf 86' lang='lat' dir='ltr'><strong>quidam,</strong></span> <span class='ocrx_word' id='word_1_268' title='bbox 1726 3501 1832 3556; x_wconf 89' lang='lat' dir='ltr'><strong>hoc</strong></span> <span class='ocrx_word' id='word_1_269' title='bbox 1876 3500 2059 3556; x_wconf 88' lang='lat' dir='ltr'><strong>dicere</strong></span> 
     </span>
    </p>
   </div>
   <div class='ocr_carea' id='block_1_39' title="bbox 484 3591 2057 3668">
    <p class='ocr_par' dir='ltr' id='par_1_39' title="bbox 484 3591 2057 3668">
     <span class='ocr_line' id='line_1_39' title="bbox 484 3591 2057 3668; baseline -0.003 -16"><span class='ocrx_word' id='word_1_270' title='bbox 484 3599 602 3654; x_wconf 90' lang='lat' dir='ltr'><strong>vult</strong></span> <span class='ocrx_word' id='word_1_271' title='bbox 632 3596 755 3668; x_wconf 86' lang='lat' dir='ltr'><strong>quia</strong></span> <span class='ocrx_word' id='word_1_272' title='bbox 803 3603 929 3666; x_wconf 91' lang='lat' dir='ltr'><strong>post</strong></span> <span class='ocrx_word' id='word_1_273' title='bbox 979 3593 1204 3648; x_wconf 88' lang='lat' dir='ltr'><strong>biduum</strong></span> <span class='ocrx_word' id='word_1_274' title='bbox 1236 3592 1461 3648; x_wconf 71' lang='lat' dir='ltr'><strong>Pascha:</strong></span> <span class='ocrx_word' id='word_1_275' title='bbox 1502 3592 1620 3647; x_wconf 87' lang='lat' dir='ltr'><strong>dies</strong></span> <span class='ocrx_word' id='word_1_276' title='bbox 1651 3591 1921 3658; x_wconf 88' lang='lat' dir='ltr'><strong>adveniet,</strong></span> <span class='ocrx_word' id='word_1_277' title='bbox 1961 3592 2057 3647; x_wconf 91' lang='lat' dir='ltr'><strong>sed</strong></span> 
     </span>
    </p>
   </div>
   <div class='ocr_carea' id='block_1_40' title="bbox 481 3682 2055 3760">
    <p class='ocr_par' dir='ltr' id='par_1_40' title="bbox 481 3682 2055 3760">
     <span class='ocr_line' id='line_1_40' title="bbox 481 3682 2055 3760; baseline -0.002 -17"><span class='ocrx_word' id='word_1_278' title='bbox 481 3690 610 3760; x_wconf 85' lang='lat' dir='ltr'><strong>quia</strong></span> <span class='ocrx_word' id='word_1_279' title='bbox 655 3696 779 3759; x_wconf 84' lang='lat' dir='ltr'><strong>post</strong></span> <span class='ocrx_word' id='word_1_280' title='bbox 829 3687 1056 3741; x_wconf 88' lang='lat' dir='ltr'><strong>biduum</strong></span> <span class='ocrx_word' id='word_1_281' title='bbox 1115 3700 1315 3739; x_wconf 88' lang='lat' dir='ltr'><strong>novum</strong></span> <span class='ocrx_word' id='word_1_282' title='bbox 1346 3682 1555 3738; x_wconf 83' lang='lat' dir='ltr'><strong>Pascha</strong></span> <span class='ocrx_word' id='word_1_283' title='bbox 1604 3683 1714 3739; x_wconf 85' lang='lat' dir='ltr'><strong>flet.</strong></span> <span class='ocrx_word' id='word_1_284' title='bbox 1756 3682 1869 3739; x_wconf 90' lang='lat' dir='ltr'><strong>Nec</strong></span> <span class='ocrx_word' id='word_1_285' title='bbox 1910 3684 2055 3740; x_wconf 90' lang='lat' dir='ltr'><strong>enim</strong></span> 
     </span>
    </p>
   </div>
   <div class='ocr_carea' id='block_1_41' title="bbox 480 3775 2059 3851">
    <p class='ocr_par' dir='ltr' id='par_1_41' title="bbox 480 3775 2059 3851">
     <span class='ocr_line' id='line_1_41' title="bbox 480 3775 2059 3851; baseline -0.001 -18"><span class='ocrx_word' id='word_1_286' title='bbox 480 3781 639 3844; x_wconf 81' lang='lat' dir='ltr'><strong>dixit,</strong></span> <span class='ocrx_word' id='word_1_287' title='bbox 677 3788 802 3851; x_wconf 90' lang='lat' dir='ltr'><strong>post</strong></span> <span class='ocrx_word' id='word_1_288' title='bbox 833 3779 1059 3834; x_wconf 88' lang='lat' dir='ltr'><strong>biduum</strong></span> <span class='ocrx_word' id='word_1_289' title='bbox 1108 3776 1320 3832; x_wconf 87' lang='lat' dir='ltr'><strong>Pascha</strong></span> <span class='ocrx_word' id='word_1_290' title='bbox 1354 3775 1478 3842; x_wconf 88' lang='lat' dir='ltr'><strong>erit,</strong></span> <span class='ocrx_word' id='word_1_291' title='bbox 1524 3783 1620 3830; x_wconf 92' lang='lat' dir='ltr'><strong>aut</strong></span> <span class='ocrx_word' id='word_1_292' title='bbox 1655 3775 1858 3842; x_wconf 91' lang='lat' dir='ltr'><strong>veniet,</strong></span> <span class='ocrx_word' id='word_1_293' title='bbox 1888 3786 1949 3832; x_wconf 93' lang='lat' dir='ltr'><strong>ut</strong></span> <span class='ocrx_word' id='word_1_294' title='bbox 1991 3791 2059 3831; x_wconf 91' lang='lat' dir='ltr'><strong>ne</strong></span> 
     </span>
    </p>
   </div>
   <div class='ocr_carea' id='block_1_42' title="bbox 480 3867 2060 3937">
    <p class='ocr_par' dir='ltr' id='par_1_42' title="bbox 480 3867 2060 3937">
     <span class='ocr_line' id='line_1_42' title="bbox 480 3867 2060 3937; baseline -0.001 -13"><span class='ocrx_word' id='word_1_295' title='bbox 480 3874 797 3929; x_wconf 85' lang='lat' dir='ltr'><strong>ostenderet</strong></span> <span class='ocrx_word' id='word_1_296' title='bbox 823 3870 955 3926; x_wconf 90' lang='lat' dir='ltr'><strong>illud</strong></span> <span class='ocrx_word' id='word_1_297' title='bbox 990 3869 1204 3925; x_wconf 86' lang='lat' dir='ltr'><strong>Pascha</strong></span> <span class='ocrx_word' id='word_1_298' title='bbox 1234 3867 1479 3922; x_wconf 88' lang='lat' dir='ltr'><strong>futurum</strong></span> <span class='ocrx_word' id='word_1_299' title='bbox 1511 3868 1656 3937; x_wconf 91' lang='lat' dir='ltr'><strong>quod</strong></span> <span class='ocrx_word' id='word_1_300' title='bbox 1697 3868 1812 3922; x_wconf 87' lang='lat' dir='ltr'><strong>fieri</strong></span> <span class='ocrx_word' id='word_1_301' title='bbox 1851 3867 2060 3923; x_wconf 83' lang='lat' dir='ltr'><strong>solebat</strong></span> 
     </span>
    </p>
   </div>
   <div class='ocr_carea' id='block_1_43' title="bbox 483 3960 2060 4034">
    <p class='ocr_par' dir='ltr' id='par_1_43' title="bbox 483 3960 2060 4034">
     <span class='ocr_line' id='line_1_43' title="bbox 483 3960 2060 4034; baseline -0.003 -12"><span class='ocrx_word' id='word_1_302' title='bbox 483 3964 783 4024; x_wconf 84' lang='lat' dir='ltr'><strong>secundum</strong></span> <span class='ocrx_word' id='word_1_303' title='bbox 817 3965 1023 4034; x_wconf 82' lang='lat' dir='ltr'><strong>legem,</strong></span> <span class='ocrx_word' id='word_1_304' title='bbox 1071 3962 1164 4017; x_wconf 90' lang='lat' dir='ltr'><strong>sed</strong></span> <span class='ocrx_word' id='word_1_305' title='bbox 1214 3960 1424 4016; x_wconf 86' lang='lat' dir='ltr'><strong>Pascha</strong></span> <span class='ocrx_word' id='word_1_306' title='bbox 1471 3963 1582 4033; x_wconf 78' lang='lat' dir='ltr'><strong>ﬁet,</strong></span> <span class='ocrx_word' id='word_1_307' title='bbox 1621 3960 1725 4018; x_wconf 93' lang='lat' dir='ltr'><strong>hoc</strong></span> <span class='ocrx_word' id='word_1_308' title='bbox 1772 3969 1858 4017; x_wconf 91' lang='lat' dir='ltr'><strong>est</strong></span> <span class='ocrx_word' id='word_1_309' title='bbox 1898 3962 2060 4031; x_wconf 87' lang='lat' dir='ltr'><strong>quale</strong></span> 
     </span>
    </p>
   </div>
   <div class='ocr_carea' id='block_1_44' title="bbox 483 4054 2057 4128">
    <p class='ocr_par' dir='ltr' id='par_1_44' title="bbox 483 4054 2057 4128">
     <span class='ocr_line' id='line_1_44' title="bbox 483 4054 2057 4128; baseline -0.001 -16"><span class='ocrx_word' id='word_1_310' title='bbox 483 4073 763 4128; x_wconf 86' lang='lat' dir='ltr'><strong>nunquam</strong></span> <span class='ocrx_word' id='word_1_311' title='bbox 797 4055 975 4111; x_wconf 88' lang='lat' dir='ltr'><strong>fuerat</strong></span> <span class='ocrx_word' id='word_1_312' title='bbox 1000 4054 1228 4118; x_wconf 83' lang='lat' dir='ltr'><strong>factum,</strong></span> <span class='ocrx_word' id='word_1_313' title='bbox 1262 4062 1323 4109; x_wconf 90' lang='lat' dir='ltr'><strong>ut</strong></span> <span class='ocrx_word' id='word_1_314' title='bbox 1352 4071 1447 4124; x_wconf 88' lang='lat' dir='ltr'><strong>per</strong></span> <span class='ocrx_word' id='word_1_315' title='bbox 1480 4056 1585 4111; x_wconf 88' lang='lat' dir='ltr'><strong>hoc</strong></span> <span class='ocrx_word' id='word_1_316' title='bbox 1617 4072 1816 4110; x_wconf 88' lang='lat' dir='ltr'><strong>novum</strong></span> <span class='ocrx_word' id='word_1_317' title='bbox 1846 4054 2057 4112; x_wconf 85' lang='lat' dir='ltr'><strong>Pascha</strong></span> 
     </span>
    </p>
   </div>
   <div class='ocr_carea' id='block_1_45' title="bbox 484 4146 2057 4218">
    <p class='ocr_par' dir='ltr' id='par_1_45' title="bbox 484 4146 2057 4218">
     <span class='ocr_line' id='line_1_45' title="bbox 484 4146 2057 4218; baseline -0.003 -10"><span class='ocrx_word' id='word_1_318' title='bbox 484 4150 615 4208; x_wconf 83' lang='lat' dir='ltr'><strong>illud</strong></span> <span class='ocrx_word' id='word_1_319' title='bbox 677 4148 923 4205; x_wconf 88' lang='lat' dir='ltr'><strong>succidat</strong></span> <span class='ocrx_word' id='word_1_320' title='bbox 978 4148 1285 4218; x_wconf 89' lang='lat' dir='ltr'><strong>antiquum.</strong></span> <span class='ocrx_word' id='word_1_321' title='bbox 1340 4146 1582 4218; x_wconf 86' lang='lat' dir='ltr'><strong>Denique</strong></span> <span class='ocrx_word' id='word_1_322' title='bbox 1635 4148 1716 4204; x_wconf 90' lang='lat' dir='ltr'><strong>sic</strong></span> <span class='ocrx_word' id='word_1_323' title='bbox 1765 4147 2057 4203; x_wconf 81' lang='lat' dir='ltr'><strong>additzEt</strong></span> 
     </span>
    </p>
   </div>
   <div class='ocr_carea' id='block_1_46' title="bbox 487 4237 2059 4309">
    <p class='ocr_par' dir='ltr' id='par_1_46' title="bbox 487 4237 2059 4309">
     <span class='ocr_line' id='line_1_46' title="bbox 487 4237 2059 4309; baseline -0.001 -13"><span class='ocrx_word' id='word_1_324' title='bbox 487 4239 665 4297; x_wconf 81' lang='lat' dir='ltr'><strong>Filius</strong></span> <span class='ocrx_word' id='word_1_325' title='bbox 689 4240 916 4294; x_wconf 81' lang='lat' dir='ltr'><strong>hominis</strong></span> <span class='ocrx_word' id='word_1_326' title='bbox 949 4239 1190 4295; x_wconf 84' lang='lat' dir='ltr'><strong>tradetur</strong></span> <span class='ocrx_word' id='word_1_327' title='bbox 1209 4239 1279 4292; x_wconf 90' lang='lat' dir='ltr'><strong>ad</strong></span> <span class='ocrx_word' id='word_1_328' title='bbox 1307 4238 1739 4309; x_wconf 84' lang='lat' dir='ltr'><strong>cruci/igendum.</strong></span> <span class='ocrx_word' id='word_1_329' title='bbox 1764 4237 1896 4293; x_wconf 85' lang='lat' dir='ltr'><strong>Post</strong></span> <span class='ocrx_word' id='word_1_330' title='bbox 1922 4238 2059 4294; x_wconf 86' lang='lat' dir='ltr'><strong>duos</strong></span> 
     </span>
    </p>
   </div>
   <div class='ocr_carea' id='block_1_47' title="bbox 484 4327 2058 4400">
    <p class='ocr_par' dir='ltr' id='par_1_47' title="bbox 484 4327 2058 4400">
     <span class='ocr_line' id='line_1_47' title="bbox 484 4327 2058 4400; baseline -0.001 -14"><span class='ocrx_word' id='word_1_331' title='bbox 484 4339 665 4386; x_wconf 86' lang='lat' dir='ltr'><strong>autem</strong></span> <span class='ocrx_word' id='word_1_332' title='bbox 715 4332 831 4387; x_wconf 87' lang='lat' dir='ltr'><strong>dies</strong></span> <span class='ocrx_word' id='word_1_333' title='bbox 876 4330 1078 4386; x_wconf 78' lang='lat' dir='ltr'><strong>factum</strong></span> <span class='ocrx_word' id='word_1_334' title='bbox 1134 4338 1218 4386; x_wconf 90' lang='lat' dir='ltr'><strong>est</strong></span> <span class='ocrx_word' id='word_1_335' title='bbox 1265 4327 1513 4395; x_wconf 88' lang='lat' dir='ltr'><strong>Pascha,</strong></span> <span class='ocrx_word' id='word_1_336' title='bbox 1560 4331 1857 4385; x_wconf 87' lang='lat' dir='ltr'><strong>secundum</strong></span> <span class='ocrx_word' id='word_1_337' title='bbox 1911 4329 2058 4400; x_wconf 87' lang='lat' dir='ltr'><strong>quod</strong></span> 
     </span>
    </p>
   </div>
   <div class='ocr_carea' id='block_1_48' title="bbox 2164 480 3792 551">
    <p class='ocr_par' dir='ltr' id='par_1_48' title="bbox 2164 480 3792 551">
     <span class='ocr_line' id='line_1_48' title="bbox 2164 480 3792 551; baseline 0.001 -17"><span class='ocrx_word' id='word_1_338' title='bbox 2164 490 2218 535; x_wconf 86' lang='lat' dir='ltr'><strong>et</strong></span> <span class='ocrx_word' id='word_1_339' title='bbox 2243 483 2483 537; x_wconf 87' lang='lat' dir='ltr'><strong>seniores</strong></span> <span class='ocrx_word' id='word_1_340' title='bbox 2517 481 2854 536; x_wconf 88' lang='lat' dir='ltr'><strong>tradiderunt</strong></span> <span class='ocrx_word' id='word_1_341' title='bbox 2885 496 3033 537; x_wconf 88' lang='lat' dir='ltr'><strong>eum.</strong></span> <span class='ocrx_word' id='word_1_342' title='bbox 3078 480 3368 551; x_wconf 81' lang='lat' dir='ltr'><strong>PrOpterca</strong></span> <span class='ocrx_word' id='word_1_343' title='bbox 3398 482 3512 536; x_wconf 85' lang='lat' dir='ltr'><strong>hic</strong></span> <span class='ocrx_word' id='word_1_344' title='bbox 3564 481 3792 551; x_wconf 88' lang='lat' dir='ltr'><strong>imper-</strong></span> 
     </span>
    </p>
   </div>
   <div class='ocr_carea' id='block_1_49' title="bbox 2165 572 3790 644">
    <p class='ocr_par' dir='ltr' id='par_1_49' title="bbox 2165 572 3790 644">
     <span class='ocr_line' id='line_1_49' title="bbox 2165 572 3790 644; baseline 0 -16"><span class='ocrx_word' id='word_1_345' title='bbox 2165 574 2425 628; x_wconf 90' lang='lat' dir='ltr'><strong>sonaliter</strong></span> <span class='ocrx_word' id='word_1_346' title='bbox 2454 574 2637 644; x_wconf 91' lang='lat' dir='ltr'><strong>posuit</strong></span> <span class='ocrx_word' id='word_1_347' title='bbox 2679 573 2937 640; x_wconf 83' lang='lat' dir='ltr'><strong>tradetur,</strong></span> <span class='ocrx_word' id='word_1_348' title='bbox 2980 590 3090 628; x_wconf 90' lang='lat' dir='ltr'><strong>non</strong></span> <span class='ocrx_word' id='word_1_349' title='bbox 3126 574 3362 629; x_wconf 89' lang='lat' dir='ltr'><strong>dicensa</strong></span> <span class='ocrx_word' id='word_1_350' title='bbox 3400 588 3584 643; x_wconf 90' lang='lat' dir='ltr'><strong>quo:</strong></span> <span class='ocrx_word' id='word_1_351' title='bbox 3636 572 3790 643; x_wconf 86' lang='lat' dir='ltr'><strong>quod</strong></span> 
     </span>
    </p>
   </div>
   <div class='ocr_carea' id='block_1_50' title="bbox 2163 664 3792 735">
    <p class='ocr_par' dir='ltr' id='par_1_50' title="bbox 2163 664 3792 735">
     <span class='ocr_line' id='line_1_50' title="bbox 2163 664 3792 735; baseline 0.001 -19"><span class='ocrx_word' id='word_1_352' title='bbox 2163 665 2389 719; x_wconf 47' lang='lat' dir='ltr'><strong>rei-bum</strong></span> <span class='ocrx_word' id='word_1_353' title='bbox 2423 673 2598 734; x_wconf 88' lang='lat' dir='ltr'><strong>potest</strong></span> <span class='ocrx_word' id='word_1_354' title='bbox 2633 667 2699 719; x_wconf 90' lang='lat' dir='ltr'><strong>ad</strong></span> <span class='ocrx_word' id='word_1_355' title='bbox 2731 680 2925 720; x_wconf 87' lang='lat' dir='ltr'><strong>omnes</strong></span> <span class='ocrx_word' id='word_1_356' title='bbox 2964 666 3233 735; x_wconf 83' lang='lat' dir='ltr'><strong>respicere</strong></span> <span class='ocrx_word' id='word_1_357' title='bbox 3263 664 3357 735; x_wconf 90' lang='lat' dir='ltr'><strong>qui</strong></span> <span class='ocrx_word' id='word_1_358' title='bbox 3398 665 3792 720; x_wconf 80' lang='lat' dir='ltr'><strong>tradiderunt</strong></span> 
     </span>
    </p>
   </div>
   <div class='ocr_carea' id='block_1_51' title="bbox 2163 756 3786 826">
    <p class='ocr_par' dir='ltr' id='par_1_51' title="bbox 2163 756 3786 826">
     <span class='ocr_line' id='line_1_51' title="bbox 2163 756 3786 826; baseline -0.001 -14"><span class='ocrx_word' id='word_1_359' title='bbox 2163 771 2311 812; x_wconf 91' lang='lat' dir='ltr'><strong>eum.</strong></span> <span class='ocrx_word' id='word_1_360' title='bbox 2350 757 2456 812; x_wconf 90' lang='lat' dir='ltr'><strong>Sed</strong></span> <span class='ocrx_word' id='word_1_361' title='bbox 2484 772 2593 811; x_wconf 93' lang='lat' dir='ltr'><strong>non</strong></span> <span class='ocrx_word' id='word_1_362' title='bbox 2625 772 2817 812; x_wconf 89' lang='lat' dir='ltr'><strong>omnes</strong></span> <span class='ocrx_word' id='word_1_363' title='bbox 2842 757 3034 812; x_wconf 90' lang='lat' dir='ltr'><strong>eodem</strong></span> <span class='ocrx_word' id='word_1_364' title='bbox 3066 756 3347 826; x_wconf 88' lang='lat' dir='ltr'><strong>preposito</strong></span> <span class='ocrx_word' id='word_1_365' title='bbox 3375 756 3786 811; x_wconf 84' lang='lat' dir='ltr'><strong>tradiderunt.</strong></span> 
     </span>
    </p>
   </div>
   <div class='ocr_carea' id='block_1_52' title="bbox 2164 847 3787 920">
    <p class='ocr_par' dir='ltr' id='par_1_52' title="bbox 2164 847 3787 920">
     <span class='ocr_line' id='line_1_52' title="bbox 2164 847 3787 920; baseline 0.002 -18"><span class='ocrx_word' id='word_1_366' title='bbox 2164 847 2309 905; x_wconf 87' lang='lat' dir='ltr'><strong>Deus</strong></span> <span class='ocrx_word' id='word_1_367' title='bbox 2330 849 2472 904; x_wconf 84' lang='lat' dir='ltr'><strong>enim</strong></span> <span class='ocrx_word' id='word_1_368' title='bbox 2498 849 2720 904; x_wconf 86' lang='lat' dir='ltr'><strong>tradidit</strong></span> <span class='ocrx_word' id='word_1_369' title='bbox 2746 864 2870 904; x_wconf 90' lang='lat' dir='ltr'><strong>cum</strong></span> <span class='ocrx_word' id='word_1_370' title='bbox 2892 857 3114 920; x_wconf 88' lang='lat' dir='ltr'><strong>propter</strong></span> <span class='ocrx_word' id='word_1_371' title='bbox 3142 849 3606 903; x_wconf 81' lang='lat' dir='ltr'><strong>misericordiam</strong></span> <span class='ocrx_word' id='word_1_372' title='bbox 3631 849 3787 905; x_wconf 85' lang='lat' dir='ltr'><strong>circa</strong></span> 
     </span>
    </p>
   </div>
   <div class='ocr_carea' id='block_1_53' title="bbox 2163 941 3783 1013">
    <p class='ocr_par' dir='ltr' id='par_1_53' title="bbox 2163 941 3783 1013">
     <span class='ocr_line' id='line_1_53' title="bbox 2163 941 3783 1013; baseline -0.001 -17"><span class='ocrx_word' id='word_1_373' title='bbox 2163 958 2334 1013; x_wconf 86' lang='lat' dir='ltr'><strong>genus</strong></span> <span class='ocrx_word' id='word_1_374' title='bbox 2370 943 2702 1008; x_wconf 89' lang='lat' dir='ltr'><strong>humanum,</strong></span> <span class='ocrx_word' id='word_1_375' title='bbox 2740 942 2884 1013; x_wconf 90' lang='lat' dir='ltr'><strong>quod</strong></span> <span class='ocrx_word' id='word_1_376' title='bbox 2929 943 3084 997; x_wconf 87' lang='lat' dir='ltr'><strong>unico</strong></span> <span class='ocrx_word' id='word_1_377' title='bbox 3134 941 3279 996; x_wconf 87' lang='lat' dir='ltr'><strong>Filio</strong></span> <span class='ocrx_word' id='word_1_378' title='bbox 3323 959 3427 995; x_wconf 84' lang='lat' dir='ltr'><strong>non</strong></span> <span class='ocrx_word' id='word_1_379' title='bbox 3479 941 3783 1013; x_wconf 82' lang='lat' dir='ltr'><strong>pepercit.</strong></span> 
     </span>
    </p>
   </div>
   <div class='ocr_carea' id='block_1_54' title="bbox 2162 1031 3782 1101">
    <p class='ocr_par' dir='ltr' id='par_1_54' title="bbox 2162 1031 3782 1101">
     <span class='ocr_line' id='line_1_54' title="bbox 2162 1031 3782 1101; baseline 0.001 -16"><span class='ocrx_word' id='word_1_380' title='bbox 2162 1031 2253 1086; x_wconf 86' lang='lat' dir='ltr'><strong>sed</strong></span> <span class='ocrx_word' id='word_1_381' title='bbox 2278 1047 2373 1101; x_wconf 90' lang='lat' dir='ltr'><strong>pro</strong></span> <span class='ocrx_word' id='word_1_382' title='bbox 2415 1033 2562 1086; x_wconf 89' lang='lat' dir='ltr'><strong>nobis</strong></span> <span class='ocrx_word' id='word_1_383' title='bbox 2611 1033 2851 1086; x_wconf 89' lang='lat' dir='ltr'><strong>omnibus</strong></span> <span class='ocrx_word' id='word_1_384' title='bbox 2893 1032 3118 1087; x_wconf 89' lang='lat' dir='ltr'><strong>tradidit</strong></span> <span class='ocrx_word' id='word_1_385' title='bbox 3158 1049 3297 1101; x_wconf 70' lang='lat' dir='ltr'><strong>eum,</strong></span> <span class='ocrx_word' id='word_1_386' title='bbox 3336 1031 3553 1087; x_wconf 65' lang='lat' dir='ltr'><strong>Crateri</strong></span> <span class='ocrx_word' id='word_1_387' title='bbox 3584 1040 3782 1087; x_wconf 86' lang='lat' dir='ltr'><strong>autem</strong></span> 
     </span>
    </p>
   </div>
   <div class='ocr_carea' id='block_1_55' title="bbox 2162 1123 3781 1195">
    <p class='ocr_par' dir='ltr' id='par_1_55' title="bbox 2162 1123 3781 1195">
     <span class='ocr_line' id='line_1_55' title="bbox 2162 1123 3781 1195; baseline 0.001 -17"><span class='ocrx_word' id='word_1_388' title='bbox 2162 1123 2507 1179; x_wconf 88' lang='lat' dir='ltr'><strong>tradiderunt</strong></span> <span class='ocrx_word' id='word_1_389' title='bbox 2555 1139 2680 1179; x_wconf 89' lang='lat' dir='ltr'><strong>eum</strong></span> <span class='ocrx_word' id='word_1_390' title='bbox 2738 1125 2925 1195; x_wconf 91' lang='lat' dir='ltr'><strong>iniquo</strong></span> <span class='ocrx_word' id='word_1_391' title='bbox 2981 1124 3292 1194; x_wconf 90' lang='lat' dir='ltr'><strong>proposito,</strong></span> <span class='ocrx_word' id='word_1_392' title='bbox 3355 1124 3781 1194; x_wconf 86' lang='lat' dir='ltr'><strong>unusquisque</strong></span> 
     </span>
    </p>
   </div>
   <div class='ocr_carea' id='block_1_56' title="bbox 2163 1216 3780 1287">
    <p class='ocr_par' dir='ltr' id='par_1_56' title="bbox 2163 1216 3780 1287">
     <span class='ocr_line' id='line_1_56' title="bbox 2163 1216 3780 1287; baseline -0.001 -15"><span class='ocrx_word' id='word_1_393' title='bbox 2163 1217 2464 1272; x_wconf 89' lang='lat' dir='ltr'><strong>secundum</strong></span> <span class='ocrx_word' id='word_1_394' title='bbox 2513 1217 2775 1272; x_wconf 89' lang='lat' dir='ltr'><strong>malitiam</strong></span> <span class='ocrx_word' id='word_1_395' title='bbox 2829 1232 3028 1272; x_wconf 89' lang='lat' dir='ltr'><strong>suam:</strong></span> <span class='ocrx_word' id='word_1_396' title='bbox 3083 1216 3253 1272; x_wconf 84' lang='lat' dir='ltr'><strong>Judas</strong></span> <span class='ocrx_word' id='word_1_397' title='bbox 3293 1226 3541 1287; x_wconf 86' lang='lat' dir='ltr'><strong>propter</strong></span> <span class='ocrx_word' id='word_1_398' title='bbox 3589 1216 3780 1271; x_wconf 84' lang='lat' dir='ltr'><strong>avari-</strong></span> 
     </span>
    </p>
   </div>
   <div class='ocr_carea' id='block_1_57' title="bbox 2160 1307 3777 1379">
    <p class='ocr_par' dir='ltr' id='par_1_57' title="bbox 2160 1307 3777 1379">
     <span class='ocr_line' id='line_1_57' title="bbox 2160 1307 3777 1379; baseline 0.001 -19"><span class='ocrx_word' id='word_1_399' title='bbox 2160 1308 2327 1373; x_wconf 89' lang='lat' dir='ltr'><strong>tiam;</strong></span> <span class='ocrx_word' id='word_1_400' title='bbox 2347 1307 2656 1363; x_wconf 90' lang='lat' dir='ltr'><strong>sacerdotes</strong></span> <span class='ocrx_word' id='word_1_401' title='bbox 2678 1318 2898 1378; x_wconf 89' lang='lat' dir='ltr'><strong>propter</strong></span> <span class='ocrx_word' id='word_1_402' title='bbox 2924 1307 3214 1375; x_wconf 83' lang='lat' dir='ltr'><strong>invidiam;</strong></span> <span class='ocrx_word' id='word_1_403' title='bbox 3238 1307 3502 1363; x_wconf 85' lang='lat' dir='ltr'><strong>diabolus</strong></span> <span class='ocrx_word' id='word_1_404' title='bbox 3536 1317 3777 1379; x_wconf 86' lang='lat' dir='ltr'><strong>propter</strong></span> 
     </span>
    </p>
   </div>
   <div class='ocr_carea' id='block_1_58' title="bbox 2161 1398 3774 1469">
    <p class='ocr_par' dir='ltr' id='par_1_58' title="bbox 2161 1398 3774 1469">
     <span class='ocr_line' id='line_1_58' title="bbox 2161 1398 3774 1469; baseline 0.001 -16"><span class='ocrx_word' id='word_1_405' title='bbox 2161 1398 2439 1464; x_wconf 89' lang='lat' dir='ltr'><strong>timorem,</strong></span> <span class='ocrx_word' id='word_1_406' title='bbox 2485 1414 2553 1454; x_wconf 90' lang='lat' dir='ltr'><strong>ne</strong></span> <span class='ocrx_word' id='word_1_407' title='bbox 2589 1399 2910 1454; x_wconf 73' lang='lat' dir='ltr'><strong>avelleretur</strong></span> <span class='ocrx_word' id='word_1_408' title='bbox 2941 1399 3008 1454; x_wconf 87' lang='lat' dir='ltr'><strong>de</strong></span> <span class='ocrx_word' id='word_1_409' title='bbox 3053 1414 3215 1454; x_wconf 88' lang='lat' dir='ltr'><strong>manu</strong></span> <span class='ocrx_word' id='word_1_410' title='bbox 3249 1399 3368 1469; x_wconf 88' lang='lat' dir='ltr'><strong>ejus</strong></span> <span class='ocrx_word' id='word_1_411' title='bbox 3419 1414 3623 1469; x_wconf 83' lang='lat' dir='ltr'><strong>genus</strong></span> <span class='ocrx_word' id='word_1_412' title='bbox 3671 1401 3774 1454; x_wconf 89' lang='lat' dir='ltr'><strong>hu-</strong></span> 
     </span>
    </p>
   </div>
   <div class='ocr_carea' id='block_1_59' title="bbox 2161 1488 3769 1561">
    <p class='ocr_par' dir='ltr' id='par_1_59' title="bbox 2161 1488 3769 1561">
     <span class='ocr_line' id='line_1_59' title="bbox 2161 1488 3769 1561; baseline 0.002 -18"><span class='ocrx_word' id='word_1_413' title='bbox 2161 1503 2385 1544; x_wconf 90' lang='lat' dir='ltr'><strong>manum</strong></span> <span class='ocrx_word' id='word_1_414' title='bbox 2416 1504 2514 1559; x_wconf 93' lang='lat' dir='ltr'><strong>per</strong></span> <span class='ocrx_word' id='word_1_415' title='bbox 2544 1488 2847 1545; x_wconf 89' lang='lat' dir='ltr'><strong>doctrinam</strong></span> <span class='ocrx_word' id='word_1_416' title='bbox 2885 1489 3078 1559; x_wconf 90' lang='lat' dir='ltr'><strong>ipsius,</strong></span> <span class='ocrx_word' id='word_1_417' title='bbox 3125 1506 3232 1545; x_wconf 91' lang='lat' dir='ltr'><strong>non</strong></span> <span class='ocrx_word' id='word_1_418' title='bbox 3274 1490 3592 1546; x_wconf 87' lang='lat' dir='ltr'><strong>advertens</strong></span> <span class='ocrx_word' id='word_1_419' title='bbox 3625 1506 3769 1561; x_wconf 87' lang='lat' dir='ltr'><strong>quo-</strong></span> 
     </span>
    </p>
   </div>
   <div class='ocr_carea' id='block_1_60' title="bbox 2160 1579 3764 1652">
    <p class='ocr_par' dir='ltr' id='par_1_60' title="bbox 2160 1579 3764 1652">
     <span class='ocr_line' id='line_1_60' title="bbox 2160 1579 3764 1652; baseline 0.001 -19"><span class='ocrx_word' id='word_1_420' title='bbox 2160 1579 2307 1634; x_wconf 88' lang='lat' dir='ltr'><strong>niam</strong></span> <span class='ocrx_word' id='word_1_421' title='bbox 2354 1580 2528 1651; x_wconf 90' lang='lat' dir='ltr'><strong>magis</strong></span> <span class='ocrx_word' id='word_1_422' title='bbox 2583 1580 2923 1650; x_wconf 91' lang='lat' dir='ltr'><strong>eripiendum</strong></span> <span class='ocrx_word' id='word_1_423' title='bbox 2989 1580 3169 1636; x_wconf 86' lang='lat' dir='ltr'><strong>fuerat</strong></span> <span class='ocrx_word' id='word_1_424' title='bbox 3218 1596 3390 1652; x_wconf 83' lang='lat' dir='ltr'><strong>genus</strong></span> <span class='ocrx_word' id='word_1_425' title='bbox 3454 1583 3764 1637; x_wconf 86' lang='lat' dir='ltr'><strong>hominum</strong></span> 
     </span>
    </p>
   </div>
   <div class='ocr_carea' id='block_1_61' title="bbox 2162 1670 3768 1743">
    <p class='ocr_par' dir='ltr' id='par_1_61' title="bbox 2162 1670 3768 1743">
     <span class='ocr_line' id='line_1_61' title="bbox 2162 1670 3768 1743; baseline 0.001 -18"><span class='ocrx_word' id='word_1_426' title='bbox 2162 1686 2257 1742; x_wconf 91' lang='lat' dir='ltr'><strong>per</strong></span> <span class='ocrx_word' id='word_1_427' title='bbox 2293 1680 2523 1726; x_wconf 89' lang='lat' dir='ltr'><strong>mortem</strong></span> <span class='ocrx_word' id='word_1_428' title='bbox 2568 1670 2760 1741; x_wconf 91' lang='lat' dir='ltr'><strong>ipsius,</strong></span> <span class='ocrx_word' id='word_1_429' title='bbox 2793 1687 2956 1742; x_wconf 91' lang='lat' dir='ltr'><strong>quam</strong></span> <span class='ocrx_word' id='word_1_430' title='bbox 3000 1670 3180 1728; x_wconf 87' lang='lat' dir='ltr'><strong>fuerat</strong></span> <span class='ocrx_word' id='word_1_431' title='bbox 3213 1681 3467 1743; x_wconf 86' lang='lat' dir='ltr'><strong>ereptum</strong></span> <span class='ocrx_word' id='word_1_432' title='bbox 3507 1688 3621 1743; x_wconf 87' lang='lat' dir='ltr'><strong>per</strong></span> <span class='ocrx_word' id='word_1_433' title='bbox 3668 1673 3768 1727; x_wconf 80' lang='lat' dir='ltr'><strong>do-</strong></span> 
     </span>
    </p>
   </div>
   <div class='ocr_carea' id='block_1_62' title="bbox 2161 1761 3766 1820">
    <p class='ocr_par' dir='ltr' id='par_1_62' title="bbox 2161 1761 3766 1820">
     <span class='ocr_line' id='line_1_62' title="bbox 2161 1761 3766 1820; baseline 0.001 -4"><span class='ocrx_word' id='word_1_434' title='bbox 2161 1761 2391 1816; x_wconf 86' lang='lat' dir='ltr'><strong>ctrinam</strong></span> <span class='ocrx_word' id='word_1_435' title='bbox 2435 1771 2491 1817; x_wconf 91' lang='lat' dir='ltr'><strong>et</strong></span> <span class='ocrx_word' id='word_1_436' title='bbox 2530 1762 2823 1817; x_wconf 87' lang='lat' dir='ltr'><strong>mirabilia.</strong></span> <span class='ocrx_word' id='word_1_437' title='bbox 2858 1761 3118 1818; x_wconf 90' lang='lat' dir='ltr'><strong>Traditus</strong></span> <span class='ocrx_word' id='word_1_438' title='bbox 3142 1771 3226 1818; x_wconf 91' lang='lat' dir='ltr'><strong>est</strong></span> <span class='ocrx_word' id='word_1_439' title='bbox 3259 1764 3405 1818; x_wconf 91' lang='lat' dir='ltr'><strong>enim</strong></span> <span class='ocrx_word' id='word_1_440' title='bbox 3454 1764 3533 1819; x_wconf 84' lang='lat' dir='ltr'><strong>ad</strong></span> <span class='ocrx_word' id='word_1_441' title='bbox 3580 1765 3766 1820; x_wconf 88' lang='lat' dir='ltr'><strong>cruci-</strong></span> 
     </span>
    </p>
   </div>
   <div class='ocr_carea' id='block_1_63' title="bbox 2162 1852 3763 1925">
    <p class='ocr_par' dir='ltr' id='par_1_63' title="bbox 2162 1852 3763 1925">
     <span class='ocr_line' id='line_1_63' title="bbox 2162 1852 3763 1925; baseline 0.002 -19"><span class='ocrx_word' id='word_1_442' title='bbox 2162 1852 2458 1921; x_wconf 83' lang='lat' dir='ltr'><strong>figendum,</strong></span> <span class='ocrx_word' id='word_1_443' title='bbox 2490 1862 2549 1908; x_wconf 93' lang='lat' dir='ltr'><strong>ut</strong></span> <span class='ocrx_word' id='word_1_444' title='bbox 2576 1868 2783 1909; x_wconf 83' lang='lat' dir='ltr'><strong>exuens</strong></span> <span class='ocrx_word' id='word_1_445' title='bbox 2810 1854 3148 1924; x_wconf 88' lang='lat' dir='ltr'><strong>principatus</strong></span> <span class='ocrx_word' id='word_1_446' title='bbox 3174 1863 3228 1910; x_wconf 92' lang='lat' dir='ltr'><strong>et</strong></span> <span class='ocrx_word' id='word_1_447' title='bbox 3250 1863 3592 1925; x_wconf 85' lang='lat' dir='ltr'><strong>potestates,</strong></span> <span class='ocrx_word' id='word_1_448' title='bbox 3622 1856 3763 1911; x_wconf 85' lang='lat' dir='ltr'><strong>fidu-</strong></span> 
     </span>
    </p>
   </div>
   <div class='ocr_carea' id='block_1_64' title="bbox 2160 1946 3098 2017">
    <p class='ocr_par' dir='ltr' id='par_1_64' title="bbox 2160 1946 3098 2017">
     <span class='ocr_line' id='line_1_64' title="bbox 2160 1946 3098 2017; baseline 0.001 -16"><span class='ocrx_word' id='word_1_449' title='bbox 2160 1946 2374 2001; x_wconf 89' lang='lat' dir='ltr'><strong>cialiter</strong></span> <span class='ocrx_word' id='word_1_450' title='bbox 2402 1947 2701 2017; x_wconf 88' lang='lat' dir='ltr'><strong>triumphet</strong></span> <span class='ocrx_word' id='word_1_451' title='bbox 2727 1962 2823 2002; x_wconf 88' lang='lat' dir='ltr'><strong>eos</strong></span> <span class='ocrx_word' id='word_1_452' title='bbox 2850 1947 2904 2002; x_wconf 90' lang='lat' dir='ltr'><strong>in</strong></span> <span class='ocrx_word' id='word_1_453' title='bbox 2928 1947 3098 2017; x_wconf 88' lang='lat' dir='ltr'><strong>ligno.</strong></span> 
     </span>
    </p>
   </div>
   <div class='ocr_carea' id='block_1_65' title="bbox 2231 2036 3759 2109">
    <p class='ocr_par' dir='ltr' id='par_1_65' title="bbox 2231 2036 3759 2109">
     <span class='ocr_line' id='line_1_65' title="bbox 2231 2036 3759 2109; baseline 0.002 -20"><span class='ocrx_word' id='word_1_454' title='bbox 2231 2036 2317 2090; x_wconf 87' lang='lat'><strong>76.</strong></span> <span class='ocrx_word' id='word_1_455' title='bbox 2364 2036 2508 2091; x_wconf 87' lang='lat' dir='ltr'><strong>Tunc</strong></span> <span class='ocrx_word' id='word_1_456' title='bbox 2537 2037 2837 2108; x_wconf 87' lang='lat' dir='ltr'><strong>congregati</strong></span> <span class='ocrx_word' id='word_1_457' title='bbox 2869 2046 2990 2091; x_wconf 87' lang='lat' dir='ltr'><strong>sunt</strong></span> <span class='ocrx_word' id='word_1_458' title='bbox 3014 2038 3272 2109; x_wconf 85' lang='lat' dir='ltr'><strong>principes</strong></span> <span class='ocrx_word' id='word_1_459' title='bbox 3296 2036 3675 2103; x_wconf 81' lang='lat' dir='ltr'><strong>sacerdotum,</strong></span> <span class='ocrx_word' id='word_1_460' title='bbox 3706 2047 3759 2092; x_wconf 84' lang='lat' dir='ltr'><strong>et</strong></span> 
     </span>
    </p>
   </div>
   <div class='ocr_carea' id='block_1_66' title="bbox 2162 2124 3754 2199">
    <p class='ocr_par' dir='ltr' id='par_1_66' title="bbox 2162 2124 3754 2199">
     <span class='ocr_line' id='line_1_66' title="bbox 2162 2124 3754 2199; baseline 0 -19"><span class='ocrx_word' id='word_1_461' title='bbox 2162 2124 2382 2194; x_wconf 80' lang='lat' dir='ltr'><strong>Scribre,</strong></span> <span class='ocrx_word' id='word_1_462' title='bbox 2405 2137 2454 2181; x_wconf 86' lang='lat' dir='ltr'><strong>et</strong></span> <span class='ocrx_word' id='word_1_463' title='bbox 2483 2129 2712 2182; x_wconf 82' lang='lat' dir='ltr'><strong>seniores</strong></span> <span class='ocrx_word' id='word_1_464' title='bbox 2736 2127 2919 2199; x_wconf 82' lang='lat' dir='ltr'><strong>populi</strong></span> <span class='ocrx_word' id='word_1_465' title='bbox 2950 2128 3006 2181; x_wconf 89' lang='lat' dir='ltr'><strong>in</strong></span> <span class='ocrx_word' id='word_1_466' title='bbox 3035 2129 3232 2182; x_wconf 87' lang='lat' dir='ltr'><strong>atrium</strong></span> <span class='ocrx_word' id='word_1_467' title='bbox 3271 2130 3539 2199; x_wconf 87' lang='lat' dir='ltr'><strong>principis</strong></span> <span class='ocrx_word' id='word_1_468' title='bbox 3573 2144 3754 2182; x_wconf 85' lang='lat' dir='ltr'><strong>sacer-</strong></span> 
     </span>
    </p>
   </div>
   <div class='ocr_carea' id='block_1_67' title="bbox 2158 2218 3748 2289">
    <p class='ocr_par' dir='ltr' id='par_1_67' title="bbox 2158 2218 3748 2289">
     <span class='ocr_line' id='line_1_67' title="bbox 2158 2218 3748 2289; baseline -0.001 -18"><span class='ocrx_word' id='word_1_469' title='bbox 2158 2218 2343 2272; x_wconf 88' lang='lat' dir='ltr'><strong>dotum</strong></span> <span class='ocrx_word' id='word_1_470' title='bbox 2369 2221 2461 2288; x_wconf 89' lang='lat' dir='ltr'><strong>qui</strong></span> <span class='ocrx_word' id='word_1_471' title='bbox 2488 2219 2763 2274; x_wconf 85' lang='lat' dir='ltr'><strong>dicebatur</strong></span> <span class='ocrx_word' id='word_1_472' title='bbox 2800 2218 3051 2288; x_wconf 87' lang='lat' dir='ltr'><strong>Caiphas,</strong></span> <span class='ocrx_word' id='word_1_473' title='bbox 3083 2228 3136 2273; x_wconf 83' lang='lat' dir='ltr'><strong>et</strong></span> <span class='ocrx_word' id='word_1_474' title='bbox 3158 2221 3445 2275; x_wconf 81' lang='lat' dir='ltr'><strong>consilium</strong></span> <span class='ocrx_word' id='word_1_475' title='bbox 3478 2220 3748 2289; x_wconf 79' lang='lat' dir='ltr'><strong>feceram,</strong></span> 
     </span>
    </p>
   </div>
   <div class='ocr_carea' id='block_1_68' title="bbox 2159 2310 3746 2370">
    <p class='ocr_par' dir='ltr' id='par_1_68' title="bbox 2159 2310 3746 2370">
     <span class='ocr_line' id='line_1_68' title="bbox 2159 2310 3746 2370; baseline -0.002 -4"><span class='ocrx_word' id='word_1_476' title='bbox 2159 2321 2219 2366; x_wconf 85' lang='lat' dir='ltr'><strong>ut</strong></span> <span class='ocrx_word' id='word_1_477' title='bbox 2240 2310 2423 2366; x_wconf 71' lang='lat' dir='ltr'><strong>Iesum</strong></span> <span class='ocrx_word' id='word_1_478' title='bbox 2446 2312 2567 2366; x_wconf 88' lang='lat' dir='ltr'><strong>dolo</strong></span> <span class='ocrx_word' id='word_1_479' title='bbox 2591 2322 2817 2367; x_wconf 83' lang='lat' dir='ltr'><strong>tenentes</strong></span> <span class='ocrx_word' id='word_1_480' title='bbox 2857 2315 3171 2370; x_wconf 87' lang='lat' dir='ltr'><strong>occiderent.</strong></span> <span class='ocrx_word' id='word_1_481' title='bbox 3213 2314 3474 2368; x_wconf 83' lang='lat' dir='ltr'><strong>Dicebant</strong></span> <span class='ocrx_word' id='word_1_482' title='bbox 3522 2321 3746 2366; x_wconf 76' lang='lat' dir='ltr'><strong>autem:</strong></span> 
     </span>
    </p>
   </div>
   <div class='ocr_carea' id='block_1_69' title="bbox 2162 2400 3740 2476">
    <p class='ocr_par' dir='ltr' id='par_1_69' title="bbox 2162 2400 3740 2476">
     <span class='ocr_line' id='line_1_69' title="bbox 2162 2400 3740 2476; baseline 0.004 -21"><span class='ocrx_word' id='word_1_483' title='bbox 2162 2400 2285 2457; x_wconf 87' lang='lat' dir='ltr'><strong>Non</strong></span> <span class='ocrx_word' id='word_1_484' title='bbox 2324 2404 2380 2468; x_wconf 77' lang='lat' dir='ltr'><strong>in</strong></span> <span class='ocrx_word' id='word_1_485' title='bbox 2419 2403 2503 2456; x_wconf 89' lang='lat' dir='ltr'><strong>die</strong></span> <span class='ocrx_word' id='word_1_486' title='bbox 2542 2404 2697 2472; x_wconf 82' lang='lat' dir='ltr'><strong>festo,</strong></span> <span class='ocrx_word' id='word_1_487' title='bbox 2733 2415 2884 2459; x_wconf 82' lang='lat' dir='ltr'><strong>utne</strong></span> <span class='ocrx_word' id='word_1_488' title='bbox 2925 2406 3180 2461; x_wconf 87' lang='lat' dir='ltr'><strong>tumultus</strong></span> <span class='ocrx_word' id='word_1_489' title='bbox 3216 2407 3314 2475; x_wconf 79' lang='lat' dir='ltr'><strong>ﬁat</strong></span> <span class='ocrx_word' id='word_1_490' title='bbox 3362 2408 3419 2460; x_wconf 85' lang='lat' dir='ltr'><strong>in</strong></span> <span class='ocrx_word' id='word_1_491' title='bbox 3456 2404 3740 2476; x_wconf 79' lang='lat' dir='ltr'><strong>populo“.</strong></span> 
     </span>
    </p>
   </div>
   <div class='ocr_carea' id='block_1_70' title="bbox 2159 2494 3738 2566">
    <p class='ocr_par' dir='ltr' id='par_1_70' title="bbox 2159 2494 3738 2566">
     <span class='ocr_line' id='line_1_70' title="bbox 2159 2494 3738 2566; baseline 0.002 -17"><span class='ocrx_word' id='word_1_492' title='bbox 2159 2494 2319 2562; x_wconf 87' lang='lat' dir='ltr'><strong>Quod</strong></span> <span class='ocrx_word' id='word_1_493' title='bbox 2351 2495 2489 2550; x_wconf 86' lang='lat' dir='ltr'><strong>dixit</strong></span> <span class='ocrx_word' id='word_1_494' title='bbox 2507 2494 2778 2565; x_wconf 85' lang='lat' dir='ltr'><strong>Propheta</strong></span> <span class='ocrx_word' id='word_1_495' title='bbox 2803 2495 2844 2528; x_wconf 72' lang='grc' dir='ltr'>δ’</span> <span class='ocrx_word' id='word_1_496' title='bbox 2877 2515 2889 2550; x_wconf 92' lang='lat'><strong>:</strong></span> <span class='ocrx_word' id='word_1_497' title='bbox 2921 2495 2993 2549; x_wconf 88' lang='lat' dir='ltr'><strong>Et</strong></span> <span class='ocrx_word' id='word_1_498' title='bbox 3016 2497 3276 2566; x_wconf 88' lang='lat' dir='ltr'><strong>principes</strong></span> <span class='ocrx_word' id='word_1_499' title='bbox 3302 2508 3655 2551; x_wconf 79' lang='lat' dir='ltr'><strong>convenerunt</strong></span> <span class='ocrx_word' id='word_1_500' title='bbox 3683 2498 3738 2553; x_wconf 87' lang='lat' dir='ltr'><strong>in</strong></span> 
     </span>
    </p>
   </div>
   <div class='ocr_carea' id='block_1_71' title="bbox 2159 2585 3734 2656">
    <p class='ocr_par' dir='ltr' id='par_1_71' title="bbox 2159 2585 3734 2656">
     <span class='ocr_line' id='line_1_71' title="bbox 2159 2585 3734 2656; baseline 0 -16"><span class='ocrx_word' id='word_1_501' title='bbox 2159 2601 2322 2640; x_wconf 84' lang='lat' dir='ltr'><strong>unum</strong></span> <span class='ocrx_word' id='word_1_502' title='bbox 2344 2587 2593 2641; x_wconf 83' lang='lat' dir='ltr'><strong>adversus</strong></span> <span class='ocrx_word' id='word_1_503' title='bbox 2616 2586 2922 2651; x_wconf 89' lang='lat' dir='ltr'><strong>Dominum,</strong></span> <span class='ocrx_word' id='word_1_504' title='bbox 2946 2598 2995 2641; x_wconf 87' lang='lat' dir='ltr'><strong>et</strong></span> <span class='ocrx_word' id='word_1_505' title='bbox 3022 2587 3270 2641; x_wconf 89' lang='lat' dir='ltr'><strong>adversus</strong></span> <span class='ocrx_word' id='word_1_506' title='bbox 3303 2585 3573 2641; x_wconf 79' lang='lat' dir='ltr'><strong>Christum</strong></span> <span class='ocrx_word' id='word_1_507' title='bbox 3595 2588 3734 2656; x_wconf 80' lang='lat' dir='ltr'><strong>ejus,</strong></span> 
     </span>
    </p>
   </div>
   <div class='ocr_carea' id='block_1_72' title="bbox 2158 2678 3730 2749">
    <p class='ocr_par' dir='ltr' id='par_1_72' title="bbox 2158 2678 3730 2749">
     <span class='ocr_line' id='line_1_72' title="bbox 2158 2678 3730 2749; baseline 0.001 -17"><span class='ocrx_word' id='word_1_508' title='bbox 2158 2686 2290 2734; x_wconf 93' lang='lat' dir='ltr'><strong>tunc</strong></span> <span class='ocrx_word' id='word_1_509' title='bbox 2346 2678 2626 2748; x_wconf 88' lang='lat' dir='ltr'><strong>impletum</strong></span> <span class='ocrx_word' id='word_1_510' title='bbox 2657 2678 2872 2734; x_wconf 90' lang='lat' dir='ltr'><strong>videtur</strong></span> <span class='ocrx_word' id='word_1_511' title='bbox 2910 2694 3036 2734; x_wconf 92' lang='lat' dir='ltr'><strong>cum</strong></span> <span class='ocrx_word' id='word_1_512' title='bbox 3076 2678 3351 2749; x_wconf 88' lang='lat' dir='ltr'><strong>principes</strong></span> <span class='ocrx_word' id='word_1_513' title='bbox 3385 2678 3730 2735; x_wconf 88' lang='lat' dir='ltr'><strong>sacerdotum</strong></span> 
     </span>
    </p>
   </div>
   <div class='ocr_carea' id='block_1_73' title="bbox 2159 2769 3733 2841">
    <p class='ocr_par' dir='ltr' id='par_1_73' title="bbox 2159 2769 3733 2841">
     <span class='ocr_line' id='line_1_73' title="bbox 2159 2769 3733 2841; baseline -0.002 -16"><span class='ocrx_word' id='word_1_514' title='bbox 2159 2781 2213 2825; x_wconf 90' lang='lat' dir='ltr'><strong>et</strong></span> <span class='ocrx_word' id='word_1_515' title='bbox 2239 2770 2487 2826; x_wconf 91' lang='lat' dir='ltr'><strong>seniores</strong></span> <span class='ocrx_word' id='word_1_516' title='bbox 2521 2769 2706 2841; x_wconf 93' lang='lat' dir='ltr'><strong>populi</strong></span> <span class='ocrx_word' id='word_1_517' title='bbox 2734 2770 3045 2841; x_wconf 72' lang='lat' dir='ltr'><strong>congregati</strong></span> <span class='ocrx_word' id='word_1_518' title='bbox 3085 2780 3213 2825; x_wconf 90' lang='lat' dir='ltr'><strong>sunt</strong></span> <span class='ocrx_word' id='word_1_519' title='bbox 3244 2770 3298 2823; x_wconf 90' lang='lat' dir='ltr'><strong>in</strong></span> <span class='ocrx_word' id='word_1_520' title='bbox 3333 2771 3558 2825; x_wconf 88' lang='lat' dir='ltr'><strong>domum</strong></span> <span class='ocrx_word' id='word_1_521' title='bbox 3586 2769 3733 2840; x_wconf 82' lang='lat' dir='ltr'><strong>prin-</strong></span> 
     </span>
    </p>
   </div>
   <div class='ocr_carea' id='block_1_74' title="bbox 2159 2857 3725 2929">
    <p class='ocr_par' dir='ltr' id='par_1_74' title="bbox 2159 2857 3725 2929">
     <span class='ocr_line' id='line_1_74' title="bbox 2159 2857 3725 2929; baseline -0.002 -15"><span class='ocrx_word' id='word_1_522' title='bbox 2159 2858 2297 2929; x_wconf 91' lang='lat' dir='ltr'><strong>cipis</strong></span> <span class='ocrx_word' id='word_1_523' title='bbox 2344 2859 2692 2915; x_wconf 88' lang='lat' dir='ltr'><strong>sacerdotum</strong></span> <span class='ocrx_word' id='word_1_524' title='bbox 2720 2858 2983 2914; x_wconf 89' lang='lat' dir='ltr'><strong>adversus</strong></span> <span class='ocrx_word' id='word_1_525' title='bbox 3038 2857 3328 2914; x_wconf 87' lang='lat' dir='ltr'><strong>Dominum</strong></span> <span class='ocrx_word' id='word_1_526' title='bbox 3374 2869 3431 2915; x_wconf 88' lang='lat' dir='ltr'><strong>et</strong></span> <span class='ocrx_word' id='word_1_527' title='bbox 3470 2861 3725 2916; x_wconf 85' lang='lat' dir='ltr'><strong>adversus</strong></span> 
     </span>
    </p>
   </div>
   <div class='ocr_carea' id='block_1_75' title="bbox 2158 2947 3719 3022">
    <p class='ocr_par' dir='ltr' id='par_1_75' title="bbox 2158 2947 3719 3022">
     <span class='ocr_line' id='line_1_75' title="bbox 2158 2947 3719 3022; baseline -0.001 -20"><span class='ocrx_word' id='word_1_528' title='bbox 2158 2947 2441 3005; x_wconf 84' lang='lat' dir='ltr'><strong>Christum</strong></span> <span class='ocrx_word' id='word_1_529' title='bbox 2470 2949 2611 3020; x_wconf 90' lang='lat' dir='ltr'><strong>ejus.</strong></span> <span class='ocrx_word' id='word_1_530' title='bbox 2646 2947 2765 3004; x_wconf 84' lang='lat' dir='ltr'><strong>Non</strong></span> <span class='ocrx_word' id='word_1_531' title='bbox 2792 2949 2908 3003; x_wconf 91' lang='lat' dir='ltr'><strong>veri</strong></span> <span class='ocrx_word' id='word_1_532' title='bbox 2941 2950 3272 3018; x_wconf 86' lang='lat' dir='ltr'><strong>sacerdotes,</strong></span> <span class='ocrx_word' id='word_1_533' title='bbox 3308 2952 3401 3007; x_wconf 91' lang='lat' dir='ltr'><strong>sed</strong></span> <span class='ocrx_word' id='word_1_534' title='bbox 3444 2951 3638 3022; x_wconf 87' lang='lat' dir='ltr'><strong>populi,</strong></span> <span class='ocrx_word' id='word_1_535' title='bbox 3666 2959 3719 3003; x_wconf 88' lang='lat' dir='ltr'><strong>et</strong></span> 
     </span>
    </p>
   </div>
   <div class='ocr_carea' id='block_1_76' title="bbox 2162 3044 3711 3115">
    <p class='ocr_par' dir='ltr' id='par_1_76' title="bbox 2162 3044 3711 3115">
     <span class='ocr_line' id='line_1_76' title="bbox 2162 3044 3711 3115; baseline -0.004 -14"><span class='ocrx_word' id='word_1_536' title='bbox 2162 3045 2406 3102; x_wconf 83' lang='lat' dir='ltr'><strong>seniores</strong></span> <span class='ocrx_word' id='word_1_537' title='bbox 2437 3061 2546 3100; x_wconf 92' lang='lat' dir='ltr'><strong>non</strong></span> <span class='ocrx_word' id='word_1_538' title='bbox 2586 3045 2853 3110; x_wconf 85' lang='lat' dir='ltr'><strong>aliorum,</strong></span> <span class='ocrx_word' id='word_1_539' title='bbox 2887 3044 2981 3099; x_wconf 91' lang='lat' dir='ltr'><strong>sed</strong></span> <span class='ocrx_word' id='word_1_540' title='bbox 3021 3044 3171 3099; x_wconf 91' lang='lat' dir='ltr'><strong>illius</strong></span> <span class='ocrx_word' id='word_1_541' title='bbox 3189 3046 3281 3115; x_wconf 90' lang='lat' dir='ltr'><strong>qui</strong></span> <span class='ocrx_word' id='word_1_542' title='bbox 3310 3046 3579 3101; x_wconf 75' lang='lat' dir='ltr'><strong>videbatur</strong></span> <span class='ocrx_word' id='word_1_543' title='bbox 3618 3056 3711 3111; x_wconf 93' lang='lat' dir='ltr'><strong>po-</strong></span> 
     </span>
    </p>
   </div>
   <div class='ocr_carea' id='block_1_77' title="bbox 2158 3136 3719 3208">
    <p class='ocr_par' dir='ltr' id='par_1_77' title="bbox 2158 3136 3719 3208">
     <span class='ocr_line' id='line_1_77' title="bbox 2158 3136 3719 3208; baseline -0.002 -17"><span class='ocrx_word' id='word_1_544' title='bbox 2158 3138 2320 3208; x_wconf 82' lang='lat' dir='ltr'><strong>pulus</strong></span> <span class='ocrx_word' id='word_1_545' title='bbox 2366 3136 2492 3203; x_wconf 90' lang='lat' dir='ltr'><strong>Dei,</strong></span> <span class='ocrx_word' id='word_1_546' title='bbox 2544 3153 2670 3193; x_wconf 91' lang='lat' dir='ltr'><strong>vere</strong></span> <span class='ocrx_word' id='word_1_547' title='bbox 2710 3147 2893 3193; x_wconf 88' lang='lat' dir='ltr'><strong>autem</strong></span> <span class='ocrx_word' id='word_1_548' title='bbox 2949 3137 3180 3207; x_wconf 90' lang='lat' dir='ltr'><strong>populus</strong></span> <span class='ocrx_word' id='word_1_549' title='bbox 3231 3146 3350 3193; x_wconf 87' lang='lat' dir='ltr'><strong>erat</strong></span> <span class='ocrx_word' id='word_1_550' title='bbox 3392 3136 3719 3198; x_wconf 69' lang='lat' dir='ltr'><strong>Gomorrhae,</strong></span> 
     </span>
    </p>
   </div>
   <div class='ocr_carea' id='block_1_78' title="bbox 2157 3227 3720 3298">
    <p class='ocr_par' dir='ltr' id='par_1_78' title="bbox 2157 3227 3720 3298">
     <span class='ocr_line' id='line_1_78' title="bbox 2157 3227 3720 3298; baseline -0.003 -15"><span class='ocrx_word' id='word_1_551' title='bbox 2157 3227 2414 3298; x_wconf 83' lang='lat' dir='ltr'><strong>quoniam</strong></span> <span class='ocrx_word' id='word_1_552' title='bbox 2442 3227 2734 3283; x_wconf 83' lang='lat' dir='ltr'><strong>dixerunt:</strong></span> <span class='ocrx_word' id='word_1_553' title='bbox 2767 3227 3050 3298; x_wconf 81' lang='lat' dir='ltr'><strong>Cruciﬁge,</strong></span> <span class='ocrx_word' id='word_1_554' title='bbox 3094 3227 3342 3298; x_wconf 81' lang='lat' dir='ltr'><strong>cruciﬁge</strong></span> <span class='ocrx_word' id='word_1_555' title='bbox 3377 3228 3583 3291; x_wconf 75' lang='lat' dir='ltr'><strong>eunt“,</strong></span> <span class='ocrx_word' id='word_1_556' title='bbox 3632 3234 3720 3280; x_wconf 87' lang='lat' dir='ltr'><strong>et:</strong></span> 
     </span>
    </p>
   </div>
   <div class='ocr_carea' id='block_1_79' title="bbox 2161 3317 3726 3390">
    <p class='ocr_par' dir='ltr' id='par_1_79' title="bbox 2161 3317 3726 3390">
     <span class='ocr_line' id='line_1_79' title="bbox 2161 3317 3726 3390; baseline -0.002 -16"><span class='ocrx_word' id='word_1_557' title='bbox 2161 3319 2307 3374; x_wconf 85' lang='lat' dir='ltr'><strong>Tolle</strong></span> <span class='ocrx_word' id='word_1_558' title='bbox 2352 3319 2511 3373; x_wconf 87' lang='lat' dir='ltr'><strong>talem</strong></span> <span class='ocrx_word' id='word_1_559' title='bbox 2547 3324 2612 3374; x_wconf 88' lang='lat' dir='ltr'><strong>de</strong></span> <span class='ocrx_word' id='word_1_560' title='bbox 2652 3329 2793 3374; x_wconf 87' lang='lat' dir='ltr'><strong>terra</strong></span> <span class='ocrx_word' id='word_1_561' title='bbox 2820 3318 2882 3374; x_wconf 71' lang='lat'><strong>&quot;.</strong></span> <span class='ocrx_word' id='word_1_562' title='bbox 2914 3317 2978 3373; x_wconf 86' lang='lat' dir='ltr'><strong>Et</strong></span> <span class='ocrx_word' id='word_1_563' title='bbox 3018 3319 3162 3390; x_wconf 92' lang='lat' dir='ltr'><strong>quod</strong></span> <span class='ocrx_word' id='word_1_564' title='bbox 3195 3319 3405 3373; x_wconf 84' lang='lat' dir='ltr'><strong>dixerat</strong></span> <span class='ocrx_word' id='word_1_565' title='bbox 3447 3319 3624 3374; x_wconf 83' lang='lat' dir='ltr'><strong>Isaias</strong></span> <span class='ocrx_word' id='word_1_566' title='bbox 3646 3317 3726 3371; x_wconf 76' lang='lat'><strong>“2</strong></span> 
     </span>
    </p>
   </div>
   <div class='ocr_carea' id='block_1_80' title="bbox 2156 3408 3731 3481">
    <p class='ocr_par' dir='ltr' id='par_1_80' title="bbox 2156 3408 3731 3481">
     <span class='ocr_line' id='line_1_80' title="bbox 2156 3408 3731 3481; baseline -0.003 -16"><span class='ocrx_word' id='word_1_567' title='bbox 2156 3412 2350 3465; x_wconf 83' lang='lat' dir='ltr'><strong>Audite</strong></span> <span class='ocrx_word' id='word_1_568' title='bbox 2371 3412 2579 3466; x_wconf 82' lang='lat' dir='ltr'><strong>verbum</strong></span> <span class='ocrx_word' id='word_1_569' title='bbox 2605 3410 2844 3477; x_wconf 90' lang='lat' dir='ltr'><strong>Domini,</strong></span> <span class='ocrx_word' id='word_1_570' title='bbox 2868 3412 3131 3481; x_wconf 88' lang='lat' dir='ltr'><strong>principes</strong></span> <span class='ocrx_word' id='word_1_571' title='bbox 3161 3408 3522 3472; x_wconf 77' lang='lat' dir='ltr'><strong>Sodomorum,</strong></span> <span class='ocrx_word' id='word_1_572' title='bbox 3553 3416 3731 3462; x_wconf 82' lang='lat' dir='ltr'><strong>atten-</strong></span> 
     </span>
    </p>
   </div>
   <div class='ocr_carea' id='block_1_81' title="bbox 2158 3499 3733 3573">
    <p class='ocr_par' dir='ltr' id='par_1_81' title="bbox 2158 3499 3733 3573">
     <span class='ocr_line' id='line_1_81' title="bbox 2158 3499 3733 3573; baseline -0.002 -18"><span class='ocrx_word' id='word_1_573' title='bbox 2158 3503 2266 3556; x_wconf 90' lang='lat' dir='ltr'><strong>dite</strong></span> <span class='ocrx_word' id='word_1_574' title='bbox 2289 3504 2450 3573; x_wconf 89' lang='lat' dir='ltr'><strong>legem</strong></span> <span class='ocrx_word' id='word_1_575' title='bbox 2490 3501 2607 3565; x_wconf 88' lang='lat' dir='ltr'><strong>Dei,</strong></span> <span class='ocrx_word' id='word_1_576' title='bbox 2651 3502 2795 3572; x_wconf 87' lang='lat' dir='ltr'><strong>plebs</strong></span> <span class='ocrx_word' id='word_1_577' title='bbox 2829 3501 3160 3570; x_wconf 70' lang='lat' dir='ltr'><strong>Gomorrhm,</strong></span> <span class='ocrx_word' id='word_1_578' title='bbox 3190 3501 3439 3557; x_wconf 87' lang='lat' dir='ltr'><strong>convenit</strong></span> <span class='ocrx_word' id='word_1_579' title='bbox 3482 3501 3598 3556; x_wconf 88' lang='lat' dir='ltr'><strong>illis</strong></span> <span class='ocrx_word' id='word_1_580' title='bbox 3647 3499 3733 3552; x_wconf 85' lang='lat' dir='ltr'><strong>in-</strong></span> 
     </span>
    </p>
   </div>
   <div class='ocr_carea' id='block_1_82' title="bbox 2159 3593 3731 3663">
    <p class='ocr_par' dir='ltr' id='par_1_82' title="bbox 2159 3593 3731 3663">
     <span class='ocr_line' id='line_1_82' title="bbox 2159 3593 3731 3663; baseline -0.003 -14"><span class='ocrx_word' id='word_1_581' title='bbox 2159 3594 2488 3649; x_wconf 89' lang='lat' dir='ltr'><strong>sidiantibus</strong></span> <span class='ocrx_word' id='word_1_582' title='bbox 2520 3593 2723 3649; x_wconf 67' lang='lat' dir='ltr'><strong>Judaais</strong></span> <span class='ocrx_word' id='word_1_583' title='bbox 2752 3593 2844 3663; x_wconf 90' lang='lat' dir='ltr'><strong>qui</strong></span> <span class='ocrx_word' id='word_1_584' title='bbox 2881 3593 3105 3649; x_wconf 89' lang='lat' dir='ltr'><strong>fuerunt</strong></span> <span class='ocrx_word' id='word_1_585' title='bbox 3132 3594 3187 3648; x_wconf 91' lang='lat' dir='ltr'><strong>in</strong></span> <span class='ocrx_word' id='word_1_586' title='bbox 3227 3594 3574 3663; x_wconf 83' lang='lat' dir='ltr'><strong>generatione</strong></span> <span class='ocrx_word' id='word_1_587' title='bbox 3595 3599 3731 3646; x_wconf 88' lang='lat' dir='ltr'><strong>tem-</strong></span> 
     </span>
    </p>
   </div>
   <div class='ocr_carea' id='block_1_83' title="bbox 2158 3681 3730 3757">
    <p class='ocr_par' dir='ltr' id='par_1_83' title="bbox 2158 3681 3730 3757">
     <span class='ocr_line' id='line_1_83' title="bbox 2158 3681 3730 3757; baseline -0.005 -15"><span class='ocrx_word' id='word_1_588' title='bbox 2158 3688 2310 3757; x_wconf 90' lang='lat' dir='ltr'><strong>poris</strong></span> <span class='ocrx_word' id='word_1_589' title='bbox 2341 3686 2567 3741; x_wconf 91' lang='lat' dir='ltr'><strong>Christi.</strong></span> <span class='ocrx_word' id='word_1_590' title='bbox 2605 3685 2670 3740; x_wconf 84' lang='lat' dir='ltr'><strong>Et</strong></span> <span class='ocrx_word' id='word_1_591' title='bbox 2694 3686 2841 3756; x_wconf 93' lang='lat' dir='ltr'><strong>quod</strong></span> <span class='ocrx_word' id='word_1_592' title='bbox 2886 3684 3018 3739; x_wconf 92' lang='lat' dir='ltr'><strong>dicit</strong></span> <span class='ocrx_word' id='word_1_593' title='bbox 3050 3683 3299 3740; x_wconf 86' lang='lat' dir='ltr'><strong>Ezechiel</strong></span> <span class='ocrx_word' id='word_1_594' title='bbox 3324 3684 3369 3717; x_wconf 79' lang='grc'><strong>’⁸⁸</strong></span> <span class='ocrx_word' id='word_1_595' title='bbox 3403 3685 3469 3739; x_wconf 89' lang='lat' dir='ltr'><strong>ad</strong></span> <span class='ocrx_word' id='word_1_596' title='bbox 3511 3681 3730 3739; x_wconf 79' lang='lat' dir='ltr'><strong>Jerusa-</strong></span> 
     </span>
    </p>
   </div>
   <div class='ocr_carea' id='block_1_84' title="bbox 2159 3774 3728 3853">
    <p class='ocr_par' dir='ltr' id='par_1_84' title="bbox 2159 3774 3728 3853">
     <span class='ocr_line' id='line_1_84' title="bbox 2159 3774 3728 3853; baseline -0.004 -20"><span class='ocrx_word' id='word_1_597' title='bbox 2159 3779 2306 3837; x_wconf 87' lang='lat' dir='ltr'><strong>lem:</strong></span> <span class='ocrx_word' id='word_1_598' title='bbox 2363 3778 2675 3849; x_wconf 80' lang='lat' dir='ltr'><strong>Justiﬁcata</strong></span> <span class='ocrx_word' id='word_1_599' title='bbox 2718 3789 2795 3833; x_wconf 83' lang='lat' dir='ltr'><strong>est</strong></span> <span class='ocrx_word' id='word_1_600' title='bbox 2832 3781 3001 3853; x_wconf 77' lang='lat' dir='ltr'><strong>magis</strong></span> <span class='ocrx_word' id='word_1_601' title='bbox 3052 3779 3282 3834; x_wconf 87' lang='lat' dir='ltr'><strong>Sodoma</strong></span> <span class='ocrx_word' id='word_1_602' title='bbox 3324 3793 3391 3832; x_wconf 81' lang='lat' dir='ltr'><strong>ea:</strong></span> <span class='ocrx_word' id='word_1_603' title='bbox 3432 3787 3511 3843; x_wconf 89' lang='lat' dir='ltr'><strong>te,</strong></span> <span class='ocrx_word' id='word_1_604' title='bbox 3560 3774 3728 3843; x_wconf 77' lang='lat' dir='ltr'><strong>magis</strong></span> 
     </span>
    </p>
   </div>
   <div class='ocr_carea' id='block_1_85' title="bbox 2158 3867 3729 3940">
    <p class='ocr_par' dir='ltr' id='par_1_85' title="bbox 2158 3867 3729 3940">
     <span class='ocr_line' id='line_1_85' title="bbox 2158 3867 3729 3940; baseline -0.007 -12"><span class='ocrx_word' id='word_1_605' title='bbox 2158 3873 2413 3928; x_wconf 88' lang='lat' dir='ltr'><strong>convenit</strong></span> <span class='ocrx_word' id='word_1_606' title='bbox 2439 3872 2547 3927; x_wconf 93' lang='lat' dir='ltr'><strong>dici</strong></span> <span class='ocrx_word' id='word_1_607' title='bbox 2593 3872 2661 3927; x_wconf 90' lang='lat' dir='ltr'><strong>ad</strong></span> <span class='ocrx_word' id='word_1_608' title='bbox 2710 3869 3010 3927; x_wconf 84' lang='lat' dir='ltr'><strong>Jerusalem</strong></span> <span class='ocrx_word' id='word_1_609' title='bbox 3058 3886 3221 3940; x_wconf 89' lang='lat' dir='ltr'><strong>super</strong></span> <span class='ocrx_word' id='word_1_610' title='bbox 3251 3885 3418 3940; x_wconf 88' lang='lat' dir='ltr'><strong>quam</strong></span> <span class='ocrx_word' id='word_1_611' title='bbox 3469 3867 3729 3923; x_wconf 86' lang='lat' dir='ltr'><strong>Dominus</strong></span> 
     </span>
    </p>
   </div>
   <div class='ocr_carea' id='block_1_86' title="bbox 2158 3956 3725 4034">
    <p class='ocr_par' dir='ltr' id='par_1_86' title="bbox 2158 3956 3725 4034">
     <span class='ocr_line' id='line_1_86' title="bbox 2158 3956 3725 4034; baseline -0.007 -15"><span class='ocrx_word' id='word_1_612' title='bbox 2158 3964 2332 4030; x_wconf 85' lang='lat' dir='ltr'><strong>flevit,</strong></span> <span class='ocrx_word' id='word_1_613' title='bbox 2393 3979 2557 4034; x_wconf 89' lang='lat' dir='ltr'><strong>quam</strong></span> <span class='ocrx_word' id='word_1_614' title='bbox 2619 3964 2687 4019; x_wconf 89' lang='lat' dir='ltr'><strong>ad</strong></span> <span class='ocrx_word' id='word_1_615' title='bbox 2749 3972 2964 4034; x_wconf 87' lang='lat' dir='ltr'><strong>tempus</strong></span> <span class='ocrx_word' id='word_1_616' title='bbox 2997 3963 3298 4033; x_wconf 65' lang='lat' dir='ltr'><strong>prophetae.</strong></span> <span class='ocrx_word' id='word_1_617' title='bbox 3345 3959 3545 4032; x_wconf 86' lang='lat' dir='ltr'><strong>Pejora</strong></span> <span class='ocrx_word' id='word_1_618' title='bbox 3589 3956 3725 4013; x_wconf 91' lang='lat' dir='ltr'><strong>enim</strong></span> 
     </span>
    </p>
   </div>
   <div class='ocr_carea' id='block_1_87' title="bbox 2158 4053 3727 4125">
    <p class='ocr_par' dir='ltr' id='par_1_87' title="bbox 2158 4053 3727 4125">
     <span class='ocr_line' id='line_1_87' title="bbox 2158 4053 3727 4125; baseline -0.008 -14"><span class='ocrx_word' id='word_1_619' title='bbox 2158 4054 2414 4111; x_wconf 89' lang='lat' dir='ltr'><strong>Sodomis</strong></span> <span class='ocrx_word' id='word_1_620' title='bbox 2445 4064 2806 4125; x_wconf 83' lang='lat' dir='ltr'><strong>peccaverunt</strong></span> <span class='ocrx_word' id='word_1_621' title='bbox 2851 4054 3124 4125; x_wconf 89' lang='lat' dir='ltr'><strong>principes</strong></span> <span class='ocrx_word' id='word_1_622' title='bbox 3179 4053 3401 4124; x_wconf 83' lang='lat' dir='ltr'><strong>pepuli,</strong></span> <span class='ocrx_word' id='word_1_623' title='bbox 3449 4053 3583 4123; x_wconf 88' lang='lat' dir='ltr'><strong>quia</strong></span> <span class='ocrx_word' id='word_1_624' title='bbox 3626 4062 3727 4102; x_wconf 90' lang='lat' dir='ltr'><strong>non</strong></span> 
     </span>
    </p>
   </div>
   <div class='ocr_carea' id='block_1_88' title="bbox 2159 4135 3729 4217">
    <p class='ocr_par' dir='ltr' id='par_1_88' title="bbox 2159 4135 3729 4217">
     <span class='ocr_line' id='line_1_88' title="bbox 2159 4135 3729 4217; baseline -0.008 -16"><span class='ocrx_word' id='word_1_625' title='bbox 2159 4146 2520 4217; x_wconf 88' lang='lat' dir='ltr'><strong>intelligentes</strong></span> <span class='ocrx_word' id='word_1_626' title='bbox 2573 4161 2850 4201; x_wconf 90' lang='lat' dir='ltr'><strong>summum</strong></span> <span class='ocrx_word' id='word_1_627' title='bbox 2914 4144 3261 4200; x_wconf 89' lang='lat' dir='ltr'><strong>Sacerdotem</strong></span> <span class='ocrx_word' id='word_1_628' title='bbox 3313 4143 3442 4209; x_wconf 86' lang='lat' dir='ltr'><strong>Dei,</strong></span> <span class='ocrx_word' id='word_1_629' title='bbox 3497 4135 3729 4197; x_wconf 77' lang='lat' dir='ltr'><strong>insidiati</strong></span> 
     </span>
    </p>
   </div>
   <div class='ocr_carea' id='block_1_89' title="bbox 2159 4229 3732 4306">
    <p class='ocr_par' dir='ltr' id='par_1_89' title="bbox 2159 4229 3732 4306">
     <span class='ocr_line' id='line_1_89' title="bbox 2159 4229 3732 4306; baseline -0.003 -13"><span class='ocrx_word' id='word_1_630' title='bbox 2159 4247 2287 4294; x_wconf 91' lang='lat' dir='ltr'><strong>sunt</strong></span> <span class='ocrx_word' id='word_1_631' title='bbox 2322 4237 2405 4304; x_wconf 90' lang='lat' dir='ltr'><strong>ei;</strong></span> <span class='ocrx_word' id='word_1_632' title='bbox 2436 4246 2492 4293; x_wconf 90' lang='lat' dir='ltr'><strong>et</strong></span> <span class='ocrx_word' id='word_1_633' title='bbox 2536 4236 2778 4293; x_wconf 90' lang='lat' dir='ltr'><strong>seniores</strong></span> <span class='ocrx_word' id='word_1_634' title='bbox 2810 4236 2997 4306; x_wconf 91' lang='lat' dir='ltr'><strong>populi</strong></span> <span class='ocrx_word' id='word_1_635' title='bbox 3046 4252 3152 4291; x_wconf 90' lang='lat' dir='ltr'><strong>non</strong></span> <span class='ocrx_word' id='word_1_636' title='bbox 3198 4246 3599 4305; x_wconf 83' lang='lat' dir='ltr'><strong>cognoscentes</strong></span> <span class='ocrx_word' id='word_1_637' title='bbox 3628 4229 3732 4302; x_wconf 85' lang='lat' dir='ltr'><strong>pri-</strong></span> 
     </span>
    </p>
   </div>
   <div class='ocr_carea' id='block_1_90' title="bbox 2159 4319 3731 4400">
    <p class='ocr_par' dir='ltr' id='par_1_90' title="bbox 2159 4319 3731 4400">
     <span class='ocr_line' id='line_1_90' title="bbox 2159 4319 3731 4400; baseline -0.006 -16"><span class='ocrx_word' id='word_1_638' title='bbox 2159 4328 2492 4400; x_wconf 79' lang='lat' dir='ltr'><strong>mogenitum</strong></span> <span class='ocrx_word' id='word_1_639' title='bbox 2526 4327 2793 4382; x_wconf 69' lang='lat' dir='ltr'><strong>universa:</strong></span> <span class='ocrx_word' id='word_1_640' title='bbox 2823 4334 3086 4381; x_wconf 64' lang='lat' dir='ltr'><strong>creatura:</strong></span> <span class='ocrx_word' id='word_1_641' title='bbox 3109 4364 3125 4390; x_wconf 94' lang='lat'><strong>,</strong></span> <span class='ocrx_word' id='word_1_642' title='bbox 3160 4333 3215 4379; x_wconf 87' lang='lat' dir='ltr'><strong>et</strong></span> <span class='ocrx_word' id='word_1_643' title='bbox 3244 4324 3524 4380; x_wconf 90' lang='lat' dir='ltr'><strong>seniorem</strong></span> <span class='ocrx_word' id='word_1_644' title='bbox 3564 4319 3731 4378; x_wconf 89' lang='lat' dir='ltr'><strong>omni-</strong></span> 
     </span>
    </p>
   </div>
   <div class='ocr_carea' id='block_1_91' title="bbox 485 4414 3733 4495">
    <p class='ocr_par' dir='ltr' id='par_1_91' title="bbox 485 4414 3733 4495">
     <span class='ocr_line' id='line_1_91' title="bbox 485 4414 3733 4495; baseline -0.004 -17"><span class='ocrx_word' id='word_1_645' title='bbox 485 4425 664 4479; x_wconf 77' lang='lat' dir='ltr'><strong>fuerat</strong></span> <span class='ocrx_word' id='word_1_646' title='bbox 708 4423 1089 4495; x_wconf 85' lang='lat' dir='ltr'><strong>prophetatum</strong></span> <span class='ocrx_word' id='word_1_647' title='bbox 1123 4424 1192 4477; x_wconf 90' lang='lat' dir='ltr'><strong>ab</strong></span> <span class='ocrx_word' id='word_1_648' title='bbox 1235 4437 1320 4489; x_wconf 90' lang='lat' dir='ltr'><strong>eo,</strong></span> <span class='ocrx_word' id='word_1_649' title='bbox 1355 4422 1574 4492; x_wconf 85' lang='lat' dir='ltr'><strong>quando</strong></span> <span class='ocrx_word' id='word_1_650' title='bbox 1606 4422 1836 4477; x_wconf 87' lang='lat' dir='ltr'><strong>traditus</strong></span> <span class='ocrx_word' id='word_1_651' title='bbox 1874 4431 1958 4477; x_wconf 89' lang='lat' dir='ltr'><strong>est</strong></span> <span class='ocrx_word' id='word_1_652' title='bbox 1996 4422 2051 4476; x_wconf 90' lang='lat' dir='ltr'><strong>in</strong></span> <span class='ocrx_word' id='word_1_653' title='bbox 2087 4436 2130 4490; x_wconf 78' lang='grc' dir='ltr'><strong>ι)</strong></span> <span class='ocrx_word' id='word_1_654' title='bbox 2157 4422 2261 4478; x_wconf 90' lang='lat' dir='ltr'><strong>bus</strong></span> <span class='ocrx_word' id='word_1_655' title='bbox 2284 4420 2572 4485; x_wconf 89' lang='lat' dir='ltr'><strong>creaturis,</strong></span> <span class='ocrx_word' id='word_1_656' title='bbox 2595 4417 2863 4474; x_wconf 88' lang='lat' dir='ltr'><strong>consiliati</strong></span> <span class='ocrx_word' id='word_1_657' title='bbox 2896 4425 3025 4472; x_wconf 92' lang='lat' dir='ltr'><strong>sunt</strong></span> <span class='ocrx_word' id='word_1_658' title='bbox 3047 4425 3236 4472; x_wconf 87' lang='lat' dir='ltr'><strong>contra</strong></span> <span class='ocrx_word' id='word_1_659' title='bbox 3261 4414 3496 4472; x_wconf 87' lang='lat' dir='ltr'><strong>eum.Et</strong></span> <span class='ocrx_word' id='word_1_660' title='bbox 3523 4419 3733 4486; x_wconf 86' lang='lat' dir='ltr'><strong>propter</strong></span> 
     </span>
    </p>
   </div>
   <div class='ocr_carea' id='block_1_92' title="bbox 484 4505 3731 4593">
    <p class='ocr_par' dir='ltr' id='par_1_92' title="bbox 484 4505 3731 4593">
     <span class='ocr_line' id='line_1_92' title="bbox 484 4505 3731 4593; baseline -0.004 -25"><span class='ocrx_word' id='word_1_661' title='bbox 484 4522 665 4578; x_wconf 87' lang='lat' dir='ltr'><strong>nocte,</strong></span> <span class='ocrx_word' id='word_1_662' title='bbox 709 4524 763 4568; x_wconf 89' lang='lat' dir='ltr'><strong>et</strong></span> <span class='ocrx_word' id='word_1_663' title='bbox 801 4513 938 4567; x_wconf 79' lang='lat' dir='ltr'><strong>dixit</strong></span> <span class='ocrx_word' id='word_1_664' title='bbox 961 4511 1228 4568; x_wconf 87' lang='lat' dir='ltr'><strong>osculanti</strong></span> <span class='ocrx_word' id='word_1_665' title='bbox 1270 4526 1329 4567; x_wconf 91' lang='lat' dir='ltr'><strong>se</strong></span> <span class='ocrx_word' id='word_1_666' title='bbox 1375 4508 1567 4567; x_wconf 79' lang='lat' dir='ltr'><strong>Judae:</strong></span> <span class='ocrx_word' id='word_1_667' title='bbox 1603 4513 1804 4577; x_wconf 82' lang='lat' dir='ltr'><strong>Amice,</strong></span> <span class='ocrx_word' id='word_1_668' title='bbox 1838 4512 1907 4566; x_wconf 89' lang='lat' dir='ltr'><strong>ad</strong></span> <span class='ocrx_word' id='word_1_669' title='bbox 1935 4512 2061 4593; x_wconf 75' lang='lat' dir='ltr'><strong>quid</strong></span> <span class='ocrx_word' id='word_1_670' title='bbox 2158 4513 2359 4567; x_wconf 90' lang='lat' dir='ltr'><strong>atrium</strong></span> <span class='ocrx_word' id='word_1_671' title='bbox 2416 4519 2547 4581; x_wconf 89' lang='lat' dir='ltr'><strong>puto</strong></span> <span class='ocrx_word' id='word_1_672' title='bbox 2598 4508 2729 4564; x_wconf 91' lang='lat' dir='ltr'><strong>illud</strong></span> <span class='ocrx_word' id='word_1_673' title='bbox 2780 4509 2833 4562; x_wconf 92' lang='lat' dir='ltr'><strong>in</strong></span> <span class='ocrx_word' id='word_1_674' title='bbox 2884 4523 2996 4579; x_wconf 93' lang='lat' dir='ltr'><strong>quo</strong></span> <span class='ocrx_word' id='word_1_675' title='bbox 3042 4508 3327 4564; x_wconf 87' lang='lat' dir='ltr'><strong>consilium</strong></span> <span class='ocrx_word' id='word_1_676' title='bbox 3374 4505 3628 4562; x_wconf 88' lang='lat' dir='ltr'><strong>fecerunt</strong></span> <span class='ocrx_word' id='word_1_677' title='bbox 3677 4506 3731 4553; x_wconf 82' lang='lat' dir='ltr'><strong>ut</strong></span> 
     </span>
    </p>
   </div>
   <div class='ocr_carea' id='block_1_93' title="bbox 488 4602 2060 4676">
    <p class='ocr_par' dir='ltr' id='par_1_93' title="bbox 488 4602 2060 4676">
     <span class='ocr_line' id='line_1_93' title="bbox 488 4602 2060 4676; baseline 0.001 -18"><span class='ocrx_word' id='word_1_678' title='bbox 488 4607 674 4661; x_wconf 65' lang='lat' dir='ltr'><strong>venisti</strong></span> <span class='ocrx_word' id='word_1_679' title='bbox 700 4606 779 4663; x_wconf 74' lang='lat' dir='ltr'><strong>&quot;‘i</strong></span> <span class='ocrx_word' id='word_1_680' title='bbox 805 4604 860 4660; x_wconf 92' lang='lat' dir='ltr'><strong>Si</strong></span> <span class='ocrx_word' id='word_1_681' title='bbox 887 4613 1065 4660; x_wconf 87' lang='lat' dir='ltr'><strong>autem</strong></span> <span class='ocrx_word' id='word_1_682' title='bbox 1089 4614 1214 4676; x_wconf 88' lang='lat' dir='ltr'><strong>post</strong></span> <span class='ocrx_word' id='word_1_683' title='bbox 1234 4603 1460 4659; x_wconf 91' lang='lat' dir='ltr'><strong>biduum</strong></span> <span class='ocrx_word' id='word_1_684' title='bbox 1488 4602 1694 4659; x_wconf 88' lang='lat' dir='ltr'><strong>Pascha</strong></span> <span class='ocrx_word' id='word_1_685' title='bbox 1724 4603 1926 4659; x_wconf 86' lang='lat' dir='ltr'><strong>factum</strong></span> <span class='ocrx_word' id='word_1_686' title='bbox 1955 4616 2060 4669; x_wconf 85' lang='lat' dir='ltr'><strong>est,</strong></span> 
     </span>
    </p>
   </div>
   <div class='ocr_carea' id='block_1_94' title="bbox 2155 4596 3732 4666">
    <p class='ocr_par' dir='ltr' id='par_1_94' title="bbox 2155 4596 3732 4666">
     <span class='ocr_line' id='line_1_94' title="bbox 2155 4596 3732 4666; baseline -0.008 -9"><span class='ocrx_word' id='word_1_687' title='bbox 2155 4602 2340 4659; x_wconf 87' lang='lat' dir='ltr'><strong>Jesum</strong></span> <span class='ocrx_word' id='word_1_688' title='bbox 2364 4603 2489 4657; x_wconf 90' lang='lat' dir='ltr'><strong>dolo</strong></span> <span class='ocrx_word' id='word_1_689' title='bbox 2520 4609 2788 4666; x_wconf 90' lang='lat' dir='ltr'><strong>tenerent,</strong></span> <span class='ocrx_word' id='word_1_690' title='bbox 2823 4599 3065 4656; x_wconf 88' lang='lat' dir='ltr'><strong>desolata</strong></span> <span class='ocrx_word' id='word_1_691' title='bbox 3098 4609 3181 4656; x_wconf 92' lang='lat' dir='ltr'><strong>est</strong></span> <span class='ocrx_word' id='word_1_692' title='bbox 3204 4598 3537 4656; x_wconf 86' lang='lat' dir='ltr'><strong>Jerusalem.</strong></span> <span class='ocrx_word' id='word_1_693' title='bbox 3563 4596 3732 4664; x_wconf 86' lang='lat' dir='ltr'><strong>Opor-</strong></span> 
     </span>
    </p>
   </div>
   <div class='ocr_carea' id='block_1_95' title="bbox 488 4691 3729 4766">
    <p class='ocr_par' dir='ltr' id='par_1_95' title="bbox 488 4691 3729 4766">
     <span class='ocr_line' id='line_1_95' title="bbox 488 4691 3729 4766; baseline -0.002 -14"><span class='ocrx_word' id='word_1_694' title='bbox 488 4707 685 4766; x_wconf 88' lang='lat' dir='ltr'><strong>quarta</strong></span> <span class='ocrx_word' id='word_1_695' title='bbox 725 4696 934 4752; x_wconf 91' lang='lat' dir='ltr'><strong>decima</strong></span> <span class='ocrx_word' id='word_1_696' title='bbox 966 4696 1120 4761; x_wconf 89' lang='lat' dir='ltr'><strong>luna,</strong></span> <span class='ocrx_word' id='word_1_697' title='bbox 1155 4692 1503 4748; x_wconf 89' lang='lat' dir='ltr'><strong>manifestum</strong></span> <span class='ocrx_word' id='word_1_698' title='bbox 1541 4702 1625 4747; x_wconf 87' lang='lat' dir='ltr'><strong>est</strong></span> <span class='ocrx_word' id='word_1_699' title='bbox 1669 4693 1794 4763; x_wconf 91' lang='lat' dir='ltr'><strong>quia</strong></span> <span class='ocrx_word' id='word_1_700' title='bbox 1841 4696 2063 4763; x_wconf 85' lang='lat' dir='ltr'><strong>quando</strong></span> <span class='ocrx_word' id='word_1_701' title='bbox 2155 4696 2305 4750; x_wconf 88' lang='lat' dir='ltr'><strong>tebat</strong></span> <span class='ocrx_word' id='word_1_702' title='bbox 2335 4695 2479 4748; x_wconf 86' lang='lat' dir='ltr'><strong>enim</strong></span> <span class='ocrx_word' id='word_1_703' title='bbox 2504 4694 2614 4763; x_wconf 91' lang='lat' dir='ltr'><strong>jam</strong></span> <span class='ocrx_word' id='word_1_704' title='bbox 2649 4707 2757 4747; x_wconf 89' lang='lat' dir='ltr'><strong>non</strong></span> <span class='ocrx_word' id='word_1_705' title='bbox 2800 4706 2922 4748; x_wconf 91' lang='lat' dir='ltr'><strong>esse</strong></span> <span class='ocrx_word' id='word_1_706' title='bbox 2973 4691 3281 4757; x_wconf 87' lang='lat' dir='ltr'><strong>civitatem,</strong></span> <span class='ocrx_word' id='word_1_707' title='bbox 3323 4706 3445 4760; x_wconf 66' lang='lat' dir='ltr'><strong>quae</strong></span> <span class='ocrx_word' id='word_1_708' title='bbox 3471 4691 3729 4745; x_wconf 71' lang='lat' dir='ltr'><strong>adversus</strong></span> 
     </span>
    </p>
   </div>
   <div class='ocr_carea' id='block_1_96' title="bbox 484 4785 2059 4854">
    <p class='ocr_par' dir='ltr' id='par_1_96' title="bbox 484 4785 2059 4854">
     <span class='ocr_line' id='line_1_96' title="bbox 484 4785 2059 4854; baseline -0.004 -9"><span class='ocrx_word' id='word_1_709' title='bbox 484 4791 591 4845; x_wconf 85' lang='lat' dir='ltr'><strong>ista</strong></span> <span class='ocrx_word' id='word_1_710' title='bbox 616 4789 852 4852; x_wconf 89' lang='lat' dir='ltr'><strong>dicebat,</strong></span> <span class='ocrx_word' id='word_1_711' title='bbox 884 4787 1182 4843; x_wconf 89' lang='lat' dir='ltr'><strong>secundum</strong></span> <span class='ocrx_word' id='word_1_712' title='bbox 1207 4785 1425 4842; x_wconf 72' lang='lat' dir='ltr'><strong>Judteos</strong></span> <span class='ocrx_word' id='word_1_713' title='bbox 1448 4786 1735 4841; x_wconf 90' lang='lat' dir='ltr'><strong>undecima</strong></span> <span class='ocrx_word' id='word_1_714' title='bbox 1767 4795 1884 4840; x_wconf 91' lang='lat' dir='ltr'><strong>erat</strong></span> <span class='ocrx_word' id='word_1_715' title='bbox 1909 4788 2059 4854; x_wconf 88' lang='lat' dir='ltr'><strong>luna,</strong></span> 
     </span>
    </p>
   </div>
   <div class='ocr_carea' id='block_1_97' title="bbox 491 4879 2055 4950">
    <p class='ocr_par' dir='ltr' id='par_1_97' title="bbox 491 4879 2055 4950">
     <span class='ocr_line' id='line_1_97' title="bbox 491 4879 2055 4950; baseline -0.001 -16"><span class='ocrx_word' id='word_1_716' title='bbox 491 4882 714 4950; x_wconf 87' lang='lat' dir='ltr'><strong>quando</strong></span> <span class='ocrx_word' id='word_1_717' title='bbox 752 4892 805 4936; x_wconf 91' lang='lat' dir='ltr'><strong>et</strong></span> <span class='ocrx_word' id='word_1_718' title='bbox 853 4880 1141 4950; x_wconf 87' lang='lat' dir='ltr'><strong>parabolas</strong></span> <span class='ocrx_word' id='word_1_719' title='bbox 1186 4879 1526 4950; x_wconf 87' lang='lat' dir='ltr'><strong>supradictas</strong></span> <span class='ocrx_word' id='word_1_720' title='bbox 1553 4879 1823 4948; x_wconf 83' lang='lat' dir='ltr'><strong>exposuit.</strong></span> <span class='ocrx_word' id='word_1_721' title='bbox 1862 4879 1905 4931; x_wconf 86' lang='lat' dir='ltr'><strong>A</strong></span> <span class='ocrx_word' id='word_1_722' title='bbox 1945 4894 2055 4948; x_wconf 89' lang='lat' dir='ltr'><strong>quo</strong></span> 
     </span>
    </p>
   </div>
   <div class='ocr_carea' id='block_1_98' title="bbox 488 4968 2056 5040">
    <p class='ocr_par' dir='ltr' id='par_1_98' title="bbox 488 4968 2056 5040">
     <span class='ocr_line' id='line_1_98' title="bbox 488 4968 2056 5040; baseline -0.002 -15"><span class='ocrx_word' id='word_1_723' title='bbox 488 4980 670 5026; x_wconf 89' lang='lat' dir='ltr'><strong>autem</strong></span> <span class='ocrx_word' id='word_1_724' title='bbox 708 4971 939 5025; x_wconf 90' lang='lat' dir='ltr'><strong>traditus</strong></span> <span class='ocrx_word' id='word_1_725' title='bbox 979 4979 1081 5036; x_wconf 90' lang='lat' dir='ltr'><strong>est,</strong></span> <span class='ocrx_word' id='word_1_726' title='bbox 1118 4970 1205 5024; x_wconf 93' lang='lat' dir='ltr'><strong>hie</strong></span> <span class='ocrx_word' id='word_1_727' title='bbox 1244 4985 1351 5026; x_wconf 89' lang='lat' dir='ltr'><strong>non</strong></span> <span class='ocrx_word' id='word_1_728' title='bbox 1382 4978 1466 5024; x_wconf 89' lang='lat' dir='ltr'><strong>est</strong></span> <span class='ocrx_word' id='word_1_729' title='bbox 1499 4970 1781 5039; x_wconf 90' lang='lat' dir='ltr'><strong>scriptum.</strong></span> <span class='ocrx_word' id='word_1_730' title='bbox 1815 4968 2056 5040; x_wconf 82' lang='lat' dir='ltr'><strong>Congre-</strong></span> 
     </span>
    </p>
   </div>
   <div class='ocr_carea' id='block_1_99' title="bbox 486 5057 2056 5134">
    <p class='ocr_par' dir='ltr' id='par_1_99' title="bbox 486 5057 2056 5134">
     <span class='ocr_line' id='line_1_99' title="bbox 486 5057 2056 5134; baseline -0.003 -16"><span class='ocrx_word' id='word_1_731' title='bbox 486 5064 644 5134; x_wconf 80' lang='lat' dir='ltr'><strong>gabis</strong></span> <span class='ocrx_word' id='word_1_732' title='bbox 671 5071 851 5118; x_wconf 90' lang='lat' dir='ltr'><strong>autem</strong></span> <span class='ocrx_word' id='word_1_733' title='bbox 879 5062 946 5116; x_wconf 88' lang='lat' dir='ltr'><strong>de</strong></span> <span class='ocrx_word' id='word_1_734' title='bbox 996 5058 1311 5129; x_wconf 90' lang='lat' dir='ltr'><strong>Scripturis,</strong></span> <span class='ocrx_word' id='word_1_735' title='bbox 1365 5058 1624 5130; x_wconf 90' lang='lat' dir='ltr'><strong>quoniam</strong></span> <span class='ocrx_word' id='word_1_736' title='bbox 1655 5067 1710 5114; x_wconf 92' lang='lat' dir='ltr'><strong>et</strong></span> <span class='ocrx_word' id='word_1_737' title='bbox 1760 5057 1919 5114; x_wconf 88' lang='lat' dir='ltr'><strong>Pater</strong></span> <span class='ocrx_word' id='word_1_738' title='bbox 1946 5069 2056 5114; x_wconf 87' lang='lat' dir='ltr'><strong>tra-</strong></span> 
     </span>
    </p>
   </div>
   <div class='ocr_carea' id='block_1_100' title="bbox 486 5141 2057 5220">
    <p class='ocr_par' dir='ltr' id='par_1_100' title="bbox 486 5141 2057 5220">
     <span class='ocr_line' id='line_1_100' title="bbox 486 5141 2057 5220; baseline -0.004 -10"><span class='ocrx_word' id='word_1_739' title='bbox 486 5156 625 5210; x_wconf 87' lang='lat' dir='ltr'><strong>didit</strong></span> <span class='ocrx_word' id='word_1_740' title='bbox 667 5169 815 5217; x_wconf 91' lang='lat' dir='ltr'><strong>cum,</strong></span> <span class='ocrx_word' id='word_1_741' title='bbox 871 5141 1170 5208; x_wconf 86' lang='lat' dir='ltr'><strong>secundum</strong></span> <span class='ocrx_word' id='word_1_742' title='bbox 1214 5150 1359 5220; x_wconf 89' lang='lat' dir='ltr'><strong>quod</strong></span> <span class='ocrx_word' id='word_1_743' title='bbox 1408 5150 1670 5220; x_wconf 90' lang='lat' dir='ltr'><strong>scriptum</strong></span> <span class='ocrx_word' id='word_1_744' title='bbox 1712 5160 1796 5207; x_wconf 89' lang='lat' dir='ltr'><strong>est</strong></span> <span class='ocrx_word' id='word_1_745' title='bbox 1817 5150 1904 5206; x_wconf 73' lang='lat'><strong>&#39;9:</strong></span> <span class='ocrx_word' id='word_1_746' title='bbox 1951 5150 2057 5216; x_wconf 84' lang='lat' dir='ltr'><strong>Qui</strong></span> 
     </span>
    </p>
   </div>
   <div class='ocr_carea' id='block_1_101' title="bbox 487 5244 2056 5314">
    <p class='ocr_par' dir='ltr' id='par_1_101' title="bbox 487 5244 2056 5314">
     <span class='ocr_line' id='line_1_101' title="bbox 487 5244 2056 5314; baseline -0.001 -13"><span class='ocrx_word' id='word_1_747' title='bbox 487 5248 644 5304; x_wconf 85' lang='lat' dir='ltr'><strong>unico</strong></span> <span class='ocrx_word' id='word_1_748' title='bbox 681 5244 823 5303; x_wconf 80' lang='lat' dir='ltr'><strong>Filio</strong></span> <span class='ocrx_word' id='word_1_749' title='bbox 858 5260 953 5298; x_wconf 89' lang='lat' dir='ltr'><strong>suo</strong></span> <span class='ocrx_word' id='word_1_750' title='bbox 985 5260 1083 5297; x_wconf 87' lang='lat' dir='ltr'><strong>non</strong></span> <span class='ocrx_word' id='word_1_751' title='bbox 1117 5244 1365 5314; x_wconf 87' lang='lat' dir='ltr'><strong>pepercit,</strong></span> <span class='ocrx_word' id='word_1_752' title='bbox 1395 5244 1606 5313; x_wconf 80' lang='lat' dir='ltr'><strong>sed‘pro</strong></span> <span class='ocrx_word' id='word_1_753' title='bbox 1643 5244 1789 5298; x_wconf 88' lang='lat' dir='ltr'><strong>nobis</strong></span> <span class='ocrx_word' id='word_1_754' title='bbox 1817 5244 2056 5300; x_wconf 77' lang='lat' dir='ltr'><strong>erunibus</strong></span> 
     </span>
    </p>
   </div>
   <div class='ocr_carea' id='block_1_102' title="bbox 490 5332 2057 5405">
    <p class='ocr_par' dir='ltr' id='par_1_102' title="bbox 490 5332 2057 5405">
     <span class='ocr_line' id='line_1_102' title="bbox 490 5332 2057 5405; baseline 0.001 -15"><span class='ocrx_word' id='word_1_755' title='bbox 490 5337 716 5391; x_wconf 84' lang='lat' dir='ltr'><strong>tradidit</strong></span> <span class='ocrx_word' id='word_1_756' title='bbox 764 5335 941 5390; x_wconf 88' lang='lat' dir='ltr'><strong>illum.</strong></span> <span class='ocrx_word' id='word_1_757' title='bbox 981 5332 1289 5389; x_wconf 91' lang='lat' dir='ltr'><strong>Secundum</strong></span> <span class='ocrx_word' id='word_1_758' title='bbox 1334 5333 1470 5388; x_wconf 90' lang='lat' dir='ltr'><strong>alias</strong></span> <span class='ocrx_word' id='word_1_759' title='bbox 1513 5344 1695 5389; x_wconf 84' lang='lat' dir='ltr'><strong>autem</strong></span> <span class='ocrx_word' id='word_1_760' title='bbox 1746 5334 2057 5405; x_wconf 87' lang='lat' dir='ltr'><strong>Scripturas</strong></span> 
     </span>
    </p>
   </div>
   <div class='ocr_carea' id='block_1_103' title="bbox 485 5425 2054 5497">
    <p class='ocr_par' dir='ltr' id='par_1_103' title="bbox 485 5425 2054 5497">
     <span class='ocr_line' id='line_1_103' title="bbox 485 5425 2054 5497; baseline 0 -14"><span class='ocrx_word' id='word_1_761' title='bbox 485 5429 657 5486; x_wconf 82' lang='lat' dir='ltr'><strong>Judas</strong></span> <span class='ocrx_word' id='word_1_762' title='bbox 693 5428 912 5485; x_wconf 86' lang='lat' dir='ltr'><strong>tradidit</strong></span> <span class='ocrx_word' id='word_1_763' title='bbox 938 5427 1113 5483; x_wconf 88' lang='lat' dir='ltr'><strong>illum.</strong></span> <span class='ocrx_word' id='word_1_764' title='bbox 1146 5425 1252 5481; x_wconf 88' lang='lat' dir='ltr'><strong>Sed</strong></span> <span class='ocrx_word' id='word_1_765' title='bbox 1283 5435 1336 5480; x_wconf 90' lang='lat' dir='ltr'><strong>ct</strong></span> <span class='ocrx_word' id='word_1_766' title='bbox 1370 5425 1602 5483; x_wconf 88' lang='lat' dir='ltr'><strong>Satanas</strong></span> <span class='ocrx_word' id='word_1_767' title='bbox 1630 5427 1721 5497; x_wconf 89' lang='lat' dir='ltr'><strong>qui</strong></span> <span class='ocrx_word' id='word_1_768' title='bbox 1748 5427 1968 5483; x_wconf 87' lang='lat' dir='ltr'><strong>intravit</strong></span> <span class='ocrx_word' id='word_1_769' title='bbox 2002 5429 2054 5484; x_wconf 94' lang='lat' dir='ltr'><strong>in</strong></span> 
     </span>
    </p>
   </div>
   <div class='ocr_carea' id='block_1_104' title="bbox 558 5629 2184 5699">
    <p class='ocr_par' dir='ltr' id='par_1_104' title="bbox 558 5629 2184 5699">
     <span class='ocr_line' id='line_1_104' title="bbox 558 5629 2184 5699; baseline 0.004 -16"><span class='ocrx_word' id='word_1_770' title='bbox 558 5633 601 5663; x_wconf 80' lang='grc'>³³</span> <span class='ocrx_word' id='word_1_771' title='bbox 637 5630 825 5687; x_wconf 78' lang='lat' dir='ltr'><strong>Matth.</strong></span> <span class='ocrx_word' id='word_1_772' title='bbox 853 5647 1001 5697; x_wconf 71' lang='lat' dir='ltr'><strong>xxvi,</strong></span> <span class='ocrx_word' id='word_1_773' title='bbox 1040 5629 1093 5687; x_wconf 77' lang='grc'><strong>2.</strong></span> <span class='ocrx_word' id='word_1_774' title='bbox 1172 5630 1216 5661; x_wconf 79' lang='grc'><strong>³⁸</strong></span> <span class='ocrx_word' id='word_1_775' title='bbox 1242 5629 1339 5686; x_wconf 88' lang='lat' dir='ltr'><strong>lsa.</strong></span> <span class='ocrx_word' id='word_1_776' title='bbox 1372 5647 1483 5697; x_wconf 75' lang='lat' dir='ltr'><strong>ut,</strong></span> <span class='ocrx_word' id='word_1_777' title='bbox 1513 5630 1564 5685; x_wconf 72' lang='grc'><strong>2.</strong></span> <span class='ocrx_word' id='word_1_778' title='bbox 1642 5631 1687 5664; x_wconf 74' lang='grc'><strong>³⁷</strong></span> <span class='ocrx_word' id='word_1_779' title='bbox 1721 5631 1910 5688; x_wconf 81' lang='lat' dir='ltr'><strong>Matth.</strong></span> <span class='ocrx_word' id='word_1_780' title='bbox 1945 5649 2093 5699; x_wconf 78' lang='lat' dir='ltr'><strong>xxvi,</strong></span> <span class='ocrx_word' id='word_1_781' title='bbox 2130 5635 2184 5689; x_wconf 76' lang='lat'><strong>2.</strong></span> 
     </span>
    </p>
   </div>
   <div class='ocr_carea' id='block_1_105' title="bbox 2158 4773 3729 4854">
    <p class='ocr_par' dir='ltr' id='par_1_105' title="bbox 2158 4773 3729 4854">
     <span class='ocr_line' id='line_1_105' title="bbox 2158 4773 3729 4854; baseline -0.006 -14"><span class='ocrx_word' id='word_1_782' title='bbox 2158 4787 2328 4841; x_wconf 88' lang='lat' dir='ltr'><strong>totius</strong></span> <span class='ocrx_word' id='word_1_783' title='bbox 2360 4785 2548 4839; x_wconf 90' lang='lat' dir='ltr'><strong>mundi</strong></span> <span class='ocrx_word' id='word_1_784' title='bbox 2604 4792 2793 4854; x_wconf 86' lang='lat' dir='ltr'><strong>egerat</strong></span> <span class='ocrx_word' id='word_1_785' title='bbox 2826 4780 3209 4837; x_wconf 77' lang='lat' dir='ltr'><strong>fundatorem.</strong></span> <span class='ocrx_word' id='word_1_786' title='bbox 3250 4797 3371 4852; x_wconf 64' lang='lat' dir='ltr'><strong>quae</strong></span> <span class='ocrx_word' id='word_1_787' title='bbox 3429 4782 3587 4851; x_wconf 91' lang='lat' dir='ltr'><strong>prius</strong></span> <span class='ocrx_word' id='word_1_788' title='bbox 3615 4773 3729 4846; x_wconf 85' lang='lat' dir='ltr'><strong>qui-</strong></span> 
     </span>
    </p>
   </div>
   <div class='ocr_carea' id='block_1_106' title="bbox 2160 4866 3725 4944">
    <p class='ocr_par' dir='ltr' id='par_1_106' title="bbox 2160 4866 3725 4944">
     <span class='ocr_line' id='line_1_106' title="bbox 2160 4866 3725 4944; baseline -0.01 -10"><span class='ocrx_word' id='word_1_789' title='bbox 2160 4879 2281 4935; x_wconf 91' lang='lat' dir='ltr'><strong>dem</strong></span> <span class='ocrx_word' id='word_1_790' title='bbox 2319 4876 2595 4931; x_wconf 85' lang='lat' dir='ltr'><strong>occiderat</strong></span> <span class='ocrx_word' id='word_1_791' title='bbox 2640 4874 2963 4944; x_wconf 88' lang='lat' dir='ltr'><strong>prophetas,</strong></span> <span class='ocrx_word' id='word_1_792' title='bbox 3017 4874 3364 4943; x_wconf 85' lang='lat' dir='ltr'><strong>postmodum</strong></span> <span class='ocrx_word' id='word_1_793' title='bbox 3407 4883 3587 4927; x_wconf 87' lang='lat' dir='ltr'><strong>autem</strong></span> <span class='ocrx_word' id='word_1_794' title='bbox 3631 4866 3725 4919; x_wconf 90' lang='lat' dir='ltr'><strong>Do-</strong></span> 
     </span>
    </p>
   </div>
   <div class='ocr_carea' id='block_1_107' title="bbox 2162 4958 3723 5039">
    <p class='ocr_par' dir='ltr' id='par_1_107' title="bbox 2162 4958 3723 5039">
     <span class='ocr_line' id='line_1_107' title="bbox 2162 4958 3723 5039; baseline -0.011 -13"><span class='ocrx_word' id='word_1_795' title='bbox 2162 4971 2372 5027; x_wconf 90' lang='lat' dir='ltr'><strong>minum</strong></span> <span class='ocrx_word' id='word_1_796' title='bbox 2408 4968 2817 5039; x_wconf 88' lang='lat' dir='ltr'><strong>prophetarum.</strong></span> <span class='ocrx_word' id='word_1_797' title='bbox 2880 4966 2949 5021; x_wconf 85' lang='lat' dir='ltr'><strong>Ut</strong></span> <span class='ocrx_word' id='word_1_798' title='bbox 2999 4967 3121 5020; x_wconf 88' lang='lat' dir='ltr'><strong>dolo</strong></span> <span class='ocrx_word' id='word_1_799' title='bbox 3148 4982 3264 5020; x_wconf 87' lang='lat' dir='ltr'><strong>eum</strong></span> <span class='ocrx_word' id='word_1_800' title='bbox 3311 4974 3560 5018; x_wconf 84' lang='lat' dir='ltr'><strong>tenerent.</strong></span> <span class='ocrx_word' id='word_1_801' title='bbox 3606 4958 3723 5013; x_wconf 88' lang='lat' dir='ltr'><strong>Ideo</strong></span> 
     </span>
    </p>
   </div>
   <div class='ocr_carea' id='block_1_108' title="bbox 2162 5049 3720 5127">
    <p class='ocr_par' dir='ltr' id='par_1_108' title="bbox 2162 5049 3720 5127">
     <span class='ocr_line' id='line_1_108' title="bbox 2162 5049 3720 5127; baseline -0.014 -8"><span class='ocrx_word' id='word_1_802' title='bbox 2162 5061 2550 5119; x_wconf 90' lang='lat' dir='ltr'><strong>convenienter</strong></span> <span class='ocrx_word' id='word_1_803' title='bbox 2595 5059 2662 5114; x_wconf 92' lang='lat' dir='ltr'><strong>de</strong></span> <span class='ocrx_word' id='word_1_804' title='bbox 2710 5057 2791 5114; x_wconf 89' lang='lat' dir='ltr'><strong>eis</strong></span> <span class='ocrx_word' id='word_1_805' title='bbox 2838 5057 2978 5113; x_wconf 84' lang='lat' dir='ltr'><strong>dixit</strong></span> <span class='ocrx_word' id='word_1_806' title='bbox 3023 5056 3287 5127; x_wconf 87' lang='lat' dir='ltr'><strong>Propheta</strong></span> <span class='ocrx_word' id='word_1_807' title='bbox 3310 5055 3393 5110; x_wconf 73' lang='lat'><strong>“:</strong></span> <span class='ocrx_word' id='word_1_808' title='bbox 3452 5049 3720 5124; x_wconf 87' lang='lat' dir='ltr'><strong>Disperdat</strong></span> 
     </span>
    </p>
   </div>
   <div class='ocr_carea' id='block_1_109' title="bbox 2159 5136 3717 5207">
    <p class='ocr_par' dir='ltr' id='par_1_109' title="bbox 2159 5136 3717 5207">
     <span class='ocr_line' id='line_1_109' title="bbox 2159 5136 3717 5207; baseline -0.007 0"><span class='ocrx_word' id='word_1_809' title='bbox 2159 5155 2419 5207; x_wconf 89' lang='lat' dir='ltr'><strong>Dominus</strong></span> <span class='ocrx_word' id='word_1_810' title='bbox 2461 5136 2703 5206; x_wconf 78' lang='lat' dir='ltr'><strong>universa</strong></span> <span class='ocrx_word' id='word_1_811' title='bbox 2749 5150 2895 5203; x_wconf 89' lang='lat' dir='ltr'><strong>labia</strong></span> <span class='ocrx_word' id='word_1_812' title='bbox 2947 5149 3153 5205; x_wconf 89' lang='lat' dir='ltr'><strong>dolosa.</strong></span> <span class='ocrx_word' id='word_1_813' title='bbox 3212 5147 3347 5203; x_wconf 88' lang='lat' dir='ltr'><strong>Dolo</strong></span> <span class='ocrx_word' id='word_1_814' title='bbox 3378 5157 3558 5202; x_wconf 85' lang='lat' dir='ltr'><strong>autem</strong></span> <span class='ocrx_word' id='word_1_815' title='bbox 3601 5151 3717 5197; x_wconf 88' lang='lat' dir='ltr'><strong>eum</strong></span> 
     </span>
    </p>
   </div>
   <div class='ocr_carea' id='block_1_110' title="bbox 2157 5229 3715 5307">
    <p class='ocr_par' dir='ltr' id='par_1_110' title="bbox 2157 5229 3715 5307">
     <span class='ocr_line' id='line_1_110' title="bbox 2157 5229 3715 5307; baseline -0.008 -9"><span class='ocrx_word' id='word_1_816' title='bbox 2157 5252 2343 5299; x_wconf 89' lang='lat' dir='ltr'><strong>tenere</strong></span> <span class='ocrx_word' id='word_1_817' title='bbox 2375 5251 2428 5298; x_wconf 90' lang='lat' dir='ltr'><strong>et</strong></span> <span class='ocrx_word' id='word_1_818' title='bbox 2455 5241 2704 5297; x_wconf 87' lang='lat' dir='ltr'><strong>occidere</strong></span> <span class='ocrx_word' id='word_1_819' title='bbox 2734 5241 3043 5307; x_wconf 90' lang='lat' dir='ltr'><strong>voluerunt,</strong></span> <span class='ocrx_word' id='word_1_820' title='bbox 3073 5248 3134 5293; x_wconf 93' lang='lat' dir='ltr'><strong>ut</strong></span> <span class='ocrx_word' id='word_1_821' title='bbox 3168 5255 3235 5294; x_wconf 91' lang='lat' dir='ltr'><strong>ne</strong></span> <span class='ocrx_word' id='word_1_822' title='bbox 3261 5239 3529 5294; x_wconf 88' lang='lat' dir='ltr'><strong>tumultus</strong></span> <span class='ocrx_word' id='word_1_823' title='bbox 3553 5236 3640 5290; x_wconf 87' lang='lat' dir='ltr'><strong>fiat</strong></span> <span class='ocrx_word' id='word_1_824' title='bbox 3664 5229 3715 5282; x_wconf 89' lang='lat' dir='ltr'><strong>in</strong></span> 
     </span>
    </p>
   </div>
   <div class='ocr_carea' id='block_1_111' title="bbox 2159 5322 3721 5408">
    <p class='ocr_par' dir='ltr' id='par_1_111' title="bbox 2159 5322 3721 5408">
     <span class='ocr_line' id='line_1_111' title="bbox 2159 5322 3721 5408; baseline -0.01 -17"><span class='ocrx_word' id='word_1_825' title='bbox 2159 5337 2360 5408; x_wconf 92' lang='lat' dir='ltr'><strong>populo</strong></span> <span class='ocrx_word' id='word_1_826' title='bbox 2395 5336 2490 5391; x_wconf 92' lang='lat' dir='ltr'><strong>illo</strong></span> <span class='ocrx_word' id='word_1_827' title='bbox 2522 5334 2614 5406; x_wconf 91' lang='lat' dir='ltr'><strong>qui</strong></span> <span class='ocrx_word' id='word_1_828' title='bbox 2654 5334 2820 5388; x_wconf 90' lang='lat' dir='ltr'><strong>multa</strong></span> <span class='ocrx_word' id='word_1_829' title='bbox 2855 5332 3008 5403; x_wconf 85' lang='lat' dir='ltr'><strong>signa</strong></span> <span class='ocrx_word' id='word_1_830' title='bbox 3051 5340 3105 5387; x_wconf 91' lang='lat' dir='ltr'><strong>et</strong></span> <span class='ocrx_word' id='word_1_831' title='bbox 3135 5331 3380 5402; x_wconf 89' lang='lat' dir='ltr'><strong>prodigia</strong></span> <span class='ocrx_word' id='word_1_832' title='bbox 3419 5328 3602 5385; x_wconf 82' lang='lat' dir='ltr'><strong>Jesum</strong></span> <span class='ocrx_word' id='word_1_833' title='bbox 3647 5322 3721 5376; x_wconf 90' lang='lat' dir='ltr'><strong>vi-</strong></span> 
     </span>
    </p>
   </div>
   <div class='ocr_carea' id='block_1_112' title="bbox 2159 5418 3716 5497">
    <p class='ocr_par' dir='ltr' id='par_1_112' title="bbox 2159 5418 3716 5497">
     <span class='ocr_line' id='line_1_112' title="bbox 2159 5418 3716 5497; baseline -0.01 -12"><span class='ocrx_word' id='word_1_834' title='bbox 2159 5430 2309 5485; x_wconf 87' lang='lat' dir='ltr'><strong>derat</strong></span> <span class='ocrx_word' id='word_1_835' title='bbox 2344 5427 2655 5483; x_wconf 89' lang='lat' dir='ltr'><strong>facientem.</strong></span> <span class='ocrx_word' id='word_1_836' title='bbox 2683 5425 2749 5481; x_wconf 86' lang='lat' dir='ltr'><strong>Et</strong></span> <span class='ocrx_word' id='word_1_837' title='bbox 2783 5435 3065 5497; x_wconf 88' lang='lat' dir='ltr'><strong>propterea</strong></span> <span class='ocrx_word' id='word_1_838' title='bbox 3097 5425 3247 5480; x_wconf 91' lang='lat' dir='ltr'><strong>multi</strong></span> <span class='ocrx_word' id='word_1_839' title='bbox 3287 5424 3504 5495; x_wconf 86' lang='lat' dir='ltr'><strong>quidem</strong></span> <span class='ocrx_word' id='word_1_840' title='bbox 3538 5436 3603 5477; x_wconf 88' lang='lat' dir='ltr'><strong>ex</strong></span> <span class='ocrx_word' id='word_1_841' title='bbox 3642 5418 3716 5474; x_wconf 86' lang='lat' dir='ltr'><strong>his</strong></span> 
     </span>
    </p>
   </div>
   <div class='ocr_carea' id='block_1_113' title="bbox 3724 5555 3733 5609">
    <p class='ocr_par' dir='ltr' id='par_1_113' title="bbox 3724 5555 3733 5609">
     <span class='ocr_line' id='line_1_113' title="bbox 3724 5555 3733 5609; baseline 0 0"><span class='ocrx_word' id='word_1_842' title='bbox 3724 5555 3733 5609; x_wconf 65' lang='grc' dir='ltr'>ξ</span> 
     </span>
    </p>
   </div>
   <div class='ocr_carea' id='block_1_114' title="bbox 2285 5629 3713 5693">
    <p class='ocr_par' dir='ltr' id='par_1_114' title="bbox 2285 5629 3713 5693">
     <span class='ocr_line' id='line_1_114' title="bbox 2285 5629 3713 5693; baseline -0.002 -6"><span class='ocrx_word' id='word_1_843' title='bbox 2285 5634 2327 5666; x_wconf 82' lang='grc'><strong>³⁸</strong></span> <span class='ocrx_word' id='word_1_844' title='bbox 2356 5633 2484 5689; x_wconf 92' lang='lat' dir='ltr'><strong>ibid.</strong></span> <span class='ocrx_word' id='word_1_845' title='bbox 2521 5633 2608 5689; x_wconf 79' lang='lat'><strong>50.</strong></span> <span class='ocrx_word' id='word_1_846' title='bbox 2709 5634 2751 5664; x_wconf 77' lang='lat'><strong><em>”</em></strong></span> <span class='ocrx_word' id='word_1_847' title='bbox 2780 5630 2937 5688; x_wconf 80' lang='lat' dir='ltr'><strong>Rom.</strong></span> <span class='ocrx_word' id='word_1_848' title='bbox 2974 5646 3092 5693; x_wconf 89' lang='lat' dir='ltr'><strong>vm,</strong></span> <span class='ocrx_word' id='word_1_849' title='bbox 3118 5630 3205 5684; x_wconf 75' lang='grc'><strong>52.</strong></span> <span class='ocrx_word' id='word_1_850' title='bbox 3284 5629 3328 5661; x_wconf 74' lang='grc'><strong>⁸⁸</strong></span> <span class='ocrx_word' id='word_1_851' title='bbox 3356 5629 3542 5687; x_wconf 78' lang='lat' dir='ltr'><strong>Matth.</strong></span> <span class='ocrx_word' id='word_1_852' title='bbox 3580 5640 3713 5685; x_wconf 72' lang='lat' dir='ltr'><strong>xm.</strong></span> 
     </span>
    </p>
   </div>
   <div class='ocr_carea' id='block_1_115' title="bbox 483 5699 2062 5790">
    <p class='ocr_par' dir='ltr' id='par_1_115' title="bbox 483 5699 2062 5790">
     <span class='ocr_line' id='line_1_115' title="bbox 483 5699 2062 5790; baseline 0.001 -33"><span class='ocrx_word' id='word_1_853' title='bbox 483 5703 600 5759; x_wconf 62' lang='lat'><strong>5-5.</strong></span> <span class='ocrx_word' id='word_1_854' title='bbox 677 5702 718 5734; x_wconf 74' lang='lat'>“</span> <span class='ocrx_word' id='word_1_855' title='bbox 747 5700 889 5757; x_wconf 85' lang='lat' dir='ltr'><strong>Psal.</strong></span> <span class='ocrx_word' id='word_1_856' title='bbox 921 5717 981 5769; x_wconf 80' lang='grc' dir='ltr'><strong>η,</strong></span> <span class='ocrx_word' id='word_1_857' title='bbox 1012 5701 1067 5756; x_wconf 78' lang='lat'><strong>2.</strong></span> <span class='ocrx_word' id='word_1_858' title='bbox 1141 5701 1188 5736; x_wconf 73' lang='lat'>“</span> <span class='ocrx_word' id='word_1_859' title='bbox 1215 5699 1347 5758; x_wconf 82' lang='lat' dir='ltr'><strong>Luc.</strong></span> <span class='ocrx_word' id='word_1_860' title='bbox 1377 5718 1559 5785; x_wconf 32' lang='grc' dir='ltr'><strong>χχιιι).</strong></span> <span class='ocrx_word' id='word_1_861' title='bbox 1586 5703 1674 5761; x_wconf 75' lang='lat' dir='ltr'><strong>2i.</strong></span> <span class='ocrx_word' id='word_1_862' title='bbox 1753 5704 1798 5736; x_wconf 78' lang='lat'><strong>“</strong></span> <span class='ocrx_word' id='word_1_863' title='bbox 1828 5705 1957 5790; x_wconf 75' lang='lat' dir='ltr'><strong>ibid.</strong></span> <span class='ocrx_word' id='word_1_864' title='bbox 2002 5704 2062 5759; x_wconf 88' lang='lat' dir='ltr'><strong>l8</strong></span> 
     </span>
    </p>
   </div>
   <div class='ocr_carea' id='block_1_116' title="bbox 2161 5699 3247 5790">
    <p class='ocr_par' dir='ltr' id='par_1_116' title="bbox 2166 5700 3247 5773">
     <span class='ocr_line' id='line_1_116' title="bbox 2166 5700 3247 5773; baseline -0.004 -15"><span class='ocrx_word' id='word_1_865' title='bbox 2166 5704 2208 5738; x_wconf 67' lang='lat'><strong>“</strong></span> <span class='ocrx_word' id='word_1_866' title='bbox 2238 5720 2275 5770; x_wconf 84' lang='grc' dir='ltr'><strong>ι,</strong></span> <span class='ocrx_word' id='word_1_867' title='bbox 2312 5704 2396 5762; x_wconf 79' lang='grc'><strong>10.</strong></span> <span class='ocrx_word' id='word_1_868' title='bbox 2474 5704 2516 5737; x_wconf 77' lang='grc'><strong>’⁸⁸</strong></span> <span class='ocrx_word' id='word_1_869' title='bbox 2543 5720 2651 5773; x_wconf 73' lang='grc' dir='ltr'><strong>χιιι,</strong></span> <span class='ocrx_word' id='word_1_870' title='bbox 2682 5703 2770 5759; x_wconf 75' lang='grc'><strong>52.</strong></span> <span class='ocrx_word' id='word_1_871' title='bbox 2846 5702 2892 5734; x_wconf 77' lang='grc'><strong>⁵⁸</strong></span> <span class='ocrx_word' id='word_1_872' title='bbox 2919 5700 3064 5758; x_wconf 82' lang='lat' dir='ltr'><strong>Psal.</strong></span> <span class='ocrx_word' id='word_1_873' title='bbox 3097 5716 3171 5769; x_wconf 70' lang='lat' dir='ltr'><strong>XI,</strong></span> <span class='ocrx_word' id='word_1_874' title='bbox 3195 5700 3247 5756; x_wconf 65' lang='grc' dir='ltr'><strong>ὃ.</strong></span> 
     </span>
    </p>
   </div>
  </div>
