4052 6304
320 336 451 392 172!

1452 326 2109 384 COMMENTARIORUM
2151 326 2418 383 SERIES.

3371 298 3393 317 ⁹
3430 327 3570 382 1722

316 466 473 512 erant
501 468 600 530 pro
629 471 718 523 eo,
748 453 841 526 qui
875 452 1013 509 forte
1047 451 1322 518 dixerant,
1349 448 1477 519 quia
1513 464 1736 519 magnus
1764 464 1890 517 pro-
1920 452 1965 510 Α
1993 447 2361 518 evangelista.
2391 461 2516 503 cum
2554 456 2739 503 essent
2770 444 3135 502 consummati
3176 444 3230 500 in
3261 444 3452 501 eodem
3487 446 3573 501 in-

314 548 470 617 pheta
496 546 727 601 surrexit
766 544 820 597 in
856 540 1027 597 Israel
1048 541 1115 595 ".
1147 538 1275 606 (Διὶὶ
1296 545 1478 593 autem
1516 546 1675 592 erant
1702 537 1894 591 adver-

318 654 413 693 sus
452 653 616 702 eum,
655 634 750 706 qui
794 633 1085 688 dixerant;
1122 629 1223 686 Hic
1265 645 1369 683 non
1411 628 1559 697 ejicit
1605 628 1891 692 dwmonia,

319 730 425 784 nisi
453 731 505 783 iu
541 724 829 782 Beelzebub
861 724 1102 793 principe
1150 722 1533 776 daemoniorum
1556 720 1623 776 ⁸⁸.
1658 718 1894 774 Necesse

320 836 452 892 ergo
501 828 620 876 erat
668 817 962 872 tumultum
1018 813 1134 870 fieri
1194 813 1426 868 Domino
1479 812 1895 882 comprehenso,

320 920 541 985 propter
581 911 800 966 diversa
847 907 1027 962 studia
1073 906 1261 977 populi
1310 903 1585 976 diligentis
1617 902 1898 958 Christum

321 1012 379 1058 et
409 1001 704 1066 audientis,
733 999 1005 1056 credentis
1029 1006 1082 1054 et
1108 1012 1216 1053 non
1241 994 1535 1051 credentis.
1563 992 1724 1049 Stetit
1754 991 1899 1046 enim

322 1092 613 1148 consilium
647 1106 837 1146 eorum
866 1088 1025 1159 quasi
1072 1087 1311 1153 ﬁrmum,
1336 1102 1460 1142 eum
1495 1085 1599 1156 ipsi
1642 1086 1735 1155 qui
1769 1098 1903 1139 con~

324 1186 650 1242 siliabantur
683 1181 877 1239 staturi
916 1196 1024 1235 non
1054 1188 1268 1246 essent,
1301 1188 1361 1233 ιιι
1403 1193 1509 1232 non
1549 1179 1603 1232 in
1633 1179 1721 1232 die
1765 1176 1903 1232 festo

324 1277 684 1342 occideretur,
734 1275 828 1330 sed
871 1273 925 1327 in
971 1273 1080 1328 alio
1120 1272 1247 1327 die:
1300 1272 1552 1327 videlicet
1592 1281 1653 1325 ut
1697 1270 1901 1340 pascha

325 1375 577 1422 nostrum
638 1365 1015 1420 immolaretur
1067 1362 1365 1430 Christus,
1419 1372 1481 1417 ut
1535 1363 1903 1433 relinquentes

326 1473 517 1530 azyma
538 1456 848 1512 Judatorum
883 1455 1204 1512 festinemus
1234 1455 1287 1510 in
1316 1455 1656 1525 spiritalibus
1693 1456 1902 1525 azymis

325 1558 380 1603 et
410 1549 574 1603 veris.
603 1547 902 1603 Considera
939 1554 1143 1611 autem,
1184 1546 1229 1601 si
1259 1554 1448 1616 potes,
1483 1560 1644 1599 omne
1679 1545 1905 1600 verbum

325 1639 471 1709 quod
496 1638 781 1709 proﬁtetur
808 1652 1140 1708 quocunque
1176 1636 1342 1707 892
1385 1636 1551 1692 modo
1595 1636 1905 1691 doctrinam

325 1730 450 1799 Dei,
491 1732 674 1786 dicere
718 1730 1015 1800 principem
1052 1744 1176 1785 esse
1221 1728 1566 1784 sacerdotum
1616 1726 1733 1783 Dei.
1765 1727 1901 1783 Cum

325 1821 438 1878 sint
469 1832 650 1878 autem
682 1798 852 1876 multa
888 1798 1151 1876 falsorum
1194 1821 1509 1892 dogmatum
1544 1821 1709 1876 verba
1743 1822 1902 1890 quasi
1935 1798 1977 1854 Β

327 1915 638 1970 sacerdotes
667 1912 784 1978 Dei,
807 1928 916 1967 non
944 1921 1125 1967 autem
1170 1911 1288 1978 Dei,
1327 1911 1421 1966 sed
1464 1911 1650 1982 populi
1678 1911 1772 1981 qui
1818 1925 1907 1967 se-

327 2007 526 2061 ductus
571 2005 639 2060 ah
670 2005 751 2061 eis
796 2012 901 2070 est,
931 2004 1299 2060 consiliantur
1341 2003 1606 2058 adversus
1643 2017 1813 2057 unum
1853 2011 1907 2057 et

328 2112 518 2152 verum
576 2095 672 2152 Dei
723 2094 980 2152 Verbum.
1043 2093 1281 2150 Verbum
1334 2102 1518 2149 autem
1568 2092 1665 2149 Dci
1704 2095 1909 2164 praebet

329 2188 546 2259 quidem
597 2202 658 2243 se
712 2186 1139 2252 insidiantibus,
1193 2185 1548 2240 nihilominus
1598 2194 1781 2239 tamen
1814 2200 1904 2241 re-

330 2282 536 2347 surget,
569 2292 679 2333 non
711 2276 1077 2342 immutatum,
1108 2291 1285 2346 neque
1318 2283 1637 2345 corruptum
1681 2276 1751 2329 ab
1781 2276 1904 2342 eis;

328 2379 383 2425 et
422 2370 477 2423 in
510 2368 712 2423 coelum
746 2367 1023 2433 ascendet,
1066 2375 1127 2422 ut
1156 2366 1419 2437 suscipiat
1447 2380 1544 2420 eos
1569 2365 1661 2433 qui
1710 2366 1910 2421 tollunt

328 2475 546 2516 crucem
578 2473 735 2515 suam
766 2465 821 2513 et
846 2465 1153 2527 sequuntur
1179 2472 1327 2511 eum.

399 2550 489 2604 77.
521 2548 653 2603 Cum
681 2557 857 2601 autem
892 2555 1021 2601 esset
1064 2545 1221 2601 Iesus
1256 2547 1311 2599 in
1344 2545 1626 2609 Bethania,
1663 2545 1719 2598 in
1753 2546 1908 2600 domo

331 2638 562 2698 Simonis
613 2638 855 2710 Leprosi,
905 2638 1123 2691 accessit
1177 2638 1247 2691 ad
1302 2653 1421 2692 eum
1473 2636 1663 2690 mulier
1713 2636 1908 2691 habens

332 2730 663 2785 alabastrum
688 2731 941 2798 unguenti
978 2729 1216 2799 pretiosi,
1258 2736 1309 2783 et
1333 2728 1519 2798 effudit
1548 2743 1703 2797 super
1751 2735 1911 2796 caput

330 2821 466 2888 ejus,
498 2822 827 2875 recumbente
856 2838 937 2875 eo.
982 2820 1221 2875 Videntes
1265 2829 1440 2875 autem
1477 2818 1726 2888 discipuli
1771 2818 1907 2886 ejus,

331 2911 602 2982 indignati
657 2920 818 2981 sunt,
876 2921 931 2967 et
962 2920 1158 2967 cetera
1183 2912 1251 2967 δ’.
1280 2910 1433 2966 Multi
1467 2910 1686 2982 quidem
1721 2910 1912 2965 existi-

333 3011 484 3055 mant
532 3003 599 3057 de
631 3018 738 3056 una
771 3003 1072 3072 eademque
1125 3003 1356 3057 muliere
1401 3014 1638 3072 quatuor
1670 3016 1908 3074 evange-

334 3092 487 3147 listas
516 3093 863 3162 exposuisse,
896 3093 1024 3163 quia
1060 3093 1503 3162 conscripserunt
1550 3094 1658 3149 tale
1702 3092 1909 3164 aliquid
1937 3123 1980 3181 ς

330 3182 399 3237 de
432 3181 681 3247 muliere,
708 3190 762 3235 et
788 3195 981 3235 omnes
1010 3181 1267 3236 similiter
1291 3182 1622 3237 alabastrum
1649 3183 1910 3254 unguenti

334 3270 771 3325 nominaverunt.
803 3268 1040 3327 Joannes
1070 3281 1250 3327 autem
1272 3274 1319 3305 ⁸ο
1360 3288 1459 3343 pro
1495 3273 1773 3328 alabastro
1817 3289 1914 3343 po-

333 3361 442 3415 suit
471 3360 663 3414 libram
695 3361 965 3431 unguenti.
1013 3360 1118 3416 Sed
1159 3370 1214 3416 et
1254 3362 1399 3432 quod
1446 3362 1688 3418 dicitur:
1727 3360 1909 3418 Potuit

333 3452 428 3505 hoc
455 3452 765 3515 venundari,
799 3464 848 3506 et
877 3452 1198 3522 pauperibus
1233 3454 1355 3507 dari
1377 3454 1445 3519 ",
1482 3455 1738 3509 dixerunt
1776 3453 1914 3508 Mat-

335 3546 531 3610 thzeus,
559 3553 614 3599 et
653 3543 890 3608 Marcus,
920 3538 1295 3598 et'Joannes:
1341 3552 1395 3597 et
1432 3546 1693 3613 quoniam
1729 3545 1797 3597 ad
1828 3560 1916 3599 se-

335 3632 611 3701 pulturam
652 3646 807 3685 suam
835 3640 1172 3701 unguentum
1207 3631 1339 3684 illud
1375 3631 1630 3686 Christus
1668 3647 1915 3700 pronun-

338 3717 491 3775 tiavit
512 3718 766 3783 elfusum,
796 3718 896 3788 ipsi
919 3727 1325 3788 exposuerunt;
1360 3728 1414 3774 et
1434 3720 1690 3790 quoniam
1718 3720 1772 3774 in
1807 3720 1911 3776 Be-

336 3810 522 3865 thania
550 3811 603 3864 in
639 3810 802 3865 domo
824 3808 1064 3864 Simonis
1081 3808 1302 3880 Leprosi
1325 3808 1528 3866 factum
1553 3820 1656 3878 est,
1676 3810 1780 3881 ipsi
1802 3820 1914 3866 tres

337 3901 815 3971 conscripserunt:
843 3898 1083 3958 Joannes
1122 3912 1305 3958 autem
1347 3901 1666 3957 Bethaniam
1695 3901 1911 3970 quidem

337 3993 508 4056 dixit,
543 3991 635 4045 ubi
678 3991 911 4061 fecerunt
944 3993 994 4046 ei
1025 4009 1225 4047 omnem
1246 4034 1263 4059 ,
1294 4003 1349 4049 et
1381 3992 1596 4047 Martha
1632 3994 1914 4047 ministra-

338 4087 467 4150 bat,
517 4092 572 4138 et
603 4081 844 4138 Lazarus
872 4100 1008 4138 unus
1060 4093 1175 4139 erat
1231 4100 1297 4140 ea:
1336 4085 1807 4152 diseumbentibus,
1860 4094 1915 4141 et

341 4172 518 4227 Maria
576 4174 778 4243 accepit
819 4173 1013 4228 libram
1054 4175 1309 4244 unguenti
1374 4176 1534 4229 nardi
1581 4176 1755 4245 pistici
1796 4192 1915 4245 pre-

338 4264 483 4330 tiost',
512 4272 567 4318 et
610 4273 803 4319 caetera
825 4262 892 4318 ⁸³.
944 4252 1023 4317 Ex
1060 4264 1263 4334 quibus
1301 4274 1528 4335 apparet
1566 4265 1693 4335 quia
1731 4266 1831 4335 ipsi
1861 4266 1912 4321 ei

336 4353 584 4409 fecerunt
628 4369 864 4409 comam.
919 4353 1098 4409 Lucas
1140 4362 1345 4422 autem,
1376 4356 1627 4426 quamvis
1673 4372 1782 4411 non
1832 4356 1912 4411 le-

2003 539 2249 605 tellectu,
2301 547 2356 593 et
2405 538 2457 593 in
2510 539 2701 594 eodem
2745 540 2977 610 spiritu,
3019 548 3072 596 et
3117 541 3174 594 in
3215 541 3404 596 eadem
3449 556 3573 595 sen-

2002 631 2191 697 tentia,
2218 631 2313 701 qui
2358 628 2572 685 fuerant
2617 631 2977 686 ministraturi
3027 632 3259 687 salutem
3304 630 3573 687 Ecclesia-

1999 738 2158 786 rum,
2210 722 2484 776 contraria
2543 722 2647 777 sibi
2705 723 2992 777 dixissent.
3038 723 3095 777 Si
3149 731 3330 777 autem
3376 723 3575 792 aliquis

1999 812 2298 867 arbitratur
2343 812 2517 881 ipsam
2565 811 2738 869 fuisse
2783 829 2904 883 qua:
2950 814 3108 867 unxit
3142 820 3420 883 unguento
3469 811 3577 867 Do-

1998 902 2133 955 mini
2167 902 2331 972 pedes
2358 902 2501 973 apud
2536 901 2740 956 Lucam
2770 912 2823 956 et
2853 901 3142 968 Joannem,
3166 902 3313 957 dicat
3338 902 3494 957 nobis
3527 902 3576 957 si

1999 989 2169 1045 Maria
2198 991 2315 1061 ipsa
2341 1000 2459 1046 erat
2478 1006 2601 1062 qua:
2635 991 2777 1061 apud
2806 989 3009 1045 Lucam
3042 990 3211 1046 fuisse
3236 989 3493 1044 scribitur
3521 988 3576 1042 in

2000 1081 2220 1136 civitate
2240 1082 2535 1152 peccatrix,
2561 1096 2682 1151 quae
2717 1081 2937 1136 discens
2960 1081 3222 1150 quoniam
3247 1079 3500 1134 recubuit
3519 1079 3573 1132 in

2000 1173 2164 1229 domo
2205 1171 2501 1238 Pharisaei,
2552 1172 2735 1226 attulit
2785 1172 3121 1227 alabastrum
3174 1171 3475 1242 unguenti',
3518 1181 3574 1227 et

2003 1273 2156 1320 stans
2207 1276 2354 1319 retro
2406 1278 2565 1320 secus
2620 1264 2784 1332 pedes
2839 1264 2960 1335 ejus
3006 1263 3268 1333 plorans,
3320 1262 3578 1333 lacrymis

2006 1357 2219 1412 lavabat
2246 1357 2410 1426 pedes
2435 1355 2576 1425 ejus.
2602 1354 2713 1411 Nec
2750 1356 2895 1410 enim
2928 1356 3189 1411 credibile
3215 1366 3301 1411 est
3324 1363 3382 1410 ut
3409 1355 3577 1409 Maria

2003 1463 2166 1519 quam
2196 1447 2455 1518 diligebat
2480 1446 2662 1508 Jesus.
2692 1462 2851 1503 soror
2874 1446 3108 1503 Marthae
3136 1463 3260 1517 quae
3293 1448 3577 1503 meliorem

2004 1540 2240 1612 elegerat
2260 1550 2489 1610 partem,
2517 1540 2793 1609 peccatrix
2816 1538 2871 1591 in
2900 1538 3120 1593 civitate
3143 1536 3314 1593 fuisse
3343 1539 3577 1594 dicatur.

2005 1630 2073 1686 Et
2102 1640 2262 1701 putas
2288 1630 2415 1699 quia
2442 1630 2639 1684 mulier
2666 1644 2789 1699 quae
2835 1628 3136 1684 secundum
3186 1628 3497 1684 Matthzeum
3528 1638 3576 1682 et

2008 1722 2247 1778 Marcum
2291 1719 2478 1776 effudit
2529 1736 2693 1791 super
2740 1728 2904 1790 caput
2950 1719 3080 1776 Jesu
3129 1720 3431 1790 pretiosum
3477 1735 3580 1775 un-

2007 1821 2303 1883 guentum,
2344 1821 2540 1866 eventu
2588 1826 2695 1866 non
2744 1811 3004 1866 scribitur
3044 1809 3216 1867 fuisse
3266 1811 3581 1881 peccatrix?

2008 1904 2141 1971 Quae
2192 1913 2378 1959 autem
2431 1904 2731 1959 secundum
2768 1901 2969 1959 Lucam
3006 1903 3283 1973 peccatrix
3325 1903 3582 1971 refertur,

2007 2012 2117 2051 non
2141 1994 2245 2050 fuit
2271 2010 2405 2050 ausa
2439 1995 2506 2049 ad
2541 2003 2707 2065 caput
2730 1995 2934 2050 Christi
2959 1996 3168 2060 venire,
3193 1994 3288 2050 sed
3325 1995 3583 2066 lacrymis

2008 2088 2173 2157 pedes
2199 2086 2318 2156 ejus
2345 2087 2495 2150 lavit,
2526 2087 2682 2156 quasi
2708 2086 2795 2140 vix
2836 2087 3001 2141 etiam
3028 2087 3163 2157 ipsis
3206 2086 3433 2156 pedibus
3464 2086 3584 2155 eius

2008 2179 2192 2249 digna,
2218 2192 2330 2247 prae
2356 2168 2578 2232 tristitia
2607 2176 2984 2246 ptenitentiam
3027 2176 3082 2231 in
3124 2176 3301 2231 salute
3332 2175 3582 2231 stabilem

2010 2276 2288 2340 operante.
2325 2266 2389 2323 Et
2424 2283 2546 2336 quae
2590 2268 2893 2323 secundum
2938 2265 3143 2322 Lucam
3168 2276 3281 2333 est,
3324 2267 3503 2337 plorat
3531 2275 3584 2321 et

2010 2360 2239 2414 multum
2295 2359 2558 2431 lacrymat
2607 2368 2668 2414 ut
2708 2359 2873 2429 pedes
2910 2357 3038 2413 Jesu
3087 2358 3343 2429 lacrymis
3394 2357 3581 2412 lavet:

2009 2466 2132 2520 quae
2169 2460 2350 2504 autem
2386 2450 2688 2505 secundum
2730 2448 2996 2503 Joannem
3034 2458 3119 2504 est
3149 2447 3319 2502 Maria
3346 2488 3362 2511 ,
3409 2464 3585 2519 neque

2010 2538 2304 2609 peccatrix,
2344 2553 2519 2608 neque
2547 2538 2857 2609 lacrymans
2896 2535 3283 2591 introducitur.
3331 2534 3581 2590 Forsitan

2009 2643 2139 2699 ergo
2159 2629 2284 2700 quis
2312 2630 2455 2685 dicet
2492 2635 2729 2700 qhatuor
2757 2628 2929 2685 fuisse
2973 2629 3247 2691 mulieres,
3273 2627 3340 2682 de
3381 2626 3584 2697 quibus

2010 2721 2455 2791 conscripserunt
2484 2721 2866 2792 evangelista:
2904 2734 3004 2791 ego
3031 2728 3213 2774 autem
3251 2718 3426 2789 magis
3446 2732 3574 2774 con-

2011 2809 2190 2865 sentio
2227 2819 2339 2866 tres
2369 2810 2560 2875 fuisse,
2583 2820 2637 2866 et
2667 2825 2832 2864 unam
2865 2810 3084 2879 quidem
3119 2809 3187 2863 de
3211 2823 3317 2878 qua
3345 2805 3577 2862 conscri-

2012 2912 2242 2974 pserunt
2285 2902 2574 2960 Matthaaus
2600 2912 2656 2959 et
2690 2903 2928 2968 Marcus,
2974 2903 3181 2957 nullam
3224 2899 3581 2956 dill'nrentiam

2011 2998 2371 3066 expositionis
2401 3013 2516 3054 suae
2538 2996 2800 3053 facientes
2830 2997 2883 3051 in
2914 3012 3025 3051 uno
3050 2993 3321 3064 capitulo;
3359 2991 3584 3048 alteram

2012 3099 2195 3144 autem
2227 3088 2401 3144 fuisse
2423 3090 2491 3144 de
2517 3104 2626 3158 qua
2663 3087 2886 3158 scripsit
2929 3086 3147 3152 Lucas;
3198 3086 3362 3140 aliam
3405 3093 3585 3138 autem

2014 3178 2081 3233 de
2106 3195 2213 3248 qua
2257 3180 2478 3250 scripsit
2505 3177 2787 3234 Joannes:
2829 3177 3091 3247 quoniam
3138 3175 3319 3231 dill‘ert
3347 3175 3418 3228 ab
3465 3175 3591 3228 aliis

2013 3271 2358 3337 mulieribus,
2396 3286 2509 3325 non
2542 3270 2720 3325 solum
2759 3268 2815 3323 in
2861 3269 2946 3325 his
2969 3283 3091 3338 qua:
3128 3267 3330 3337 scripta
3366 3275 3496 3321 sunt
3521 3265 3591 3321 de

2015 3370 2331 3432 unguento;
2365 3362 2460 3417 sed
2498 3362 2760 3431 quoniam
2790 3367 2845 3415 et
2881 3360 3142 3431 diligebat
3174 3357 3333 3414 Jesus
3362 3357 3587 3412 Mariam

2012 3460 2067 3506 et
2093 3452 2362 3508 Martbam
2391 3472 2404 3507 :
2432 3454 2684 3522 quamvis
2709 3461 2763 3508 et
2790 3452 2908 3520 ipsa
2948 3453 3003 3505 in
3032 3451 3290 3506 Bethania
3322 3449 3590 3505 referatur

2013 3540 2220 3611 fuisse,
2245 3542 2389 3596 sicut
2435 3549 2491 3595 et
2522 3543 2719 3596 mulier
2743 3541 2811 3596 de
2840 3556 2948 3610 qua
2975 3548 3258 3610 exponunt
3301 3539 3588 3597 Matthazus

2013 3642 2068 3687 et
2094 3631 2329 3688 Marcus.
2354 3629 2538 3687 Tertia
2569 3632 2871 3687 differentia
2894 3639 2998 3695 est,
3016 3632 3276 3701 quoniam
3299 3631 3589 3688 Matthaeus

2013 3722 2233 3792 quidem
2261 3732 2316 3777 et
2363 3722 2578 3777 Marcus
2622 3723 2676 3776 iu
2728 3722 2892 3777 domo
2936 3721 3175 3779 Simonis
3226 3721 3451 3793 Leprosi
3484 3725 3589 3780 hoc

2013 3812 2218 3868 factum
2248 3812 2418 3869 fuisse
2449 3821 2766 3882 exponunt;
2802 3811 3039 3867 Joannes
3079 3824 3284 3879 autem,
3322 3813 3583 3883 quoniam

2012 3901 2174 3958 Jesus
2205 3910 2333 3957 ante
2366 3917 2458 3957 sex
2492 3901 2609 3956 dies
2633 3900 2859 3956 Pascha:
2879 3902 3027 3957 venit
3058 3902 3113 3956 in
3142 3902 3461 3957 Bethaniam
3494 3903 3588 3958 ubi

2013 4001 2131 4047 erat
2162 3990 2404 4046 Lazarus
2429 4005 2592 4061 quem
2632 3990 2994 4046 suscitaverat
3021 3989 3202 4056 Jesus.
3236 4000 3292 4047 et
3343 3991 3589 4048 fecerunt

2013 4082 2062 4136 ei
2098 4097 2353 4138 ctenam:
2402 4090 2457 4137 et
2502 4099 2612 4137 non
2646 4083 2840 4150 simul,
2887 4085 2980 4140 sed
3030 4083 3200 4138 Maria
3248 4095 3305 4141 et
3338 4085 3586 4150 Martha,

2015 4173 2155 4228 forte
2186 4182 2241 4229 et
2285 4171 2562 4241 Lazarus;
2596 4183 2652 4229 et
2695 4174 2905 4230 Martha
2949 4175 3317 4243 ministrabat,
3344 4176 3588 4234 Lazarus

2012 4273 2193 4320 autem
2224 4275 2343 4318 erat
2375 4279 2521 4318 unus
2550 4278 2620 4318 ex
2654 4264 3142 4320 discumbentihus.
3186 4265 3377 4321 Adhuc
3403 4273 3585 4321 autem

2015 4356 2313 4413 secundum
2348 4355 2614 4412 Joannem
2654 4367 2785 4412 ante
2814 4372 2910 4412 sex
2942 4357 3058 4414 dies
3098 4357 3321 4413 Pascha:
3354 4359 3501 4412 venit
3532 4359 3585 4414 iu

336 4460 560 4514 prosum
591 4447 774 4516 posuit
826 4444 1130 4513 Simonem,
1182 4453 1363 4500 tamen
1396 4445 1730 4502 Pharisaaum
1765 4447 1904 4502 dixit
1936 4454 1980 4509 D
2007 4448 2348 4516 Bethaniam,
2388 4450 2609 4519 quando
2667 4458 2723 4505 et
2768 4448 3017 4505 fecerunt
3061 4450 3112 4506 ei
3169 4464 3379 4505 coenam
3415 4448 3588 4504 Maria

336 4538 530 4603 fuisse,
553 4538 647 4607 qui
673 4546 956 4606 rogaverat
980 4535 1166 4592 Jesum
1195 4545 1256 4592 ut
1282 4538 1637 4594 manducaret
1661 4554 1785 4595 cum
1819 4554 1907 4607 eo,

335 4629 479 4682 sicut
502 4628 570 4682 de
596 4627 818 4682 nomine
852 4627 971 4697 ejus
1001 4626 1263 4684 Dominus
1296 4629 1413 4699 ipse
1438 4637 1691 4696 testatur,
1720 4629 1911 4686 dicens

335 4718 405 4774 ad
438 4733 563 4773 eum
599 4718 674 4772 ibi
697 4718 785 4772 ":
822 4717 1028 4786 Simon,
1079 4717 1294 4786 Simon,
1327 4720 1489 4775 habeo
1523 4722 1652 4791 quid
1695 4722 1790 4775 tibi
1825 4722 1914 4776 di-

335 4826 471 4864 cere.
509 4808 677 4864 Multa
714 4825 846 4882 ergo
872 4812 1174 4868 similitudo
1199 4823 1253 4868 et
1282 4815 1535 4884 cognatio
1565 4816 1813 4886 quaedam
1843 4815 1910 4871 de

337 4901 563 4958 muliere
597 4903 737 4972 apud
786 4912 1023 4973 quatuor
1074 4907 1457 4977 evangelistas.
1506 4906 1690 4962 Dicam
1724 4916 1906 4962 tamen

334 4994 400 5048 a.l
439 5008 534 5049 eos
573 4994 667 5064 qui
714 4996 1048 5051 arbitrantur
1079 5013 1242 5051 unam
1295 4999 1465 5054 fuisse
1513 5000 1795 5054 mulierem
1840 5000 1909 5054 de

332 5100 441 5154 qua
490 5100 680 5141 omnes
712 5087 1057 5157 evangelista
1112 5089 1489 5158 scripserunt:
1546 5089 1713 5146 Putas
1761 5091 1907 5161 quod

335 5176 451 5231 haec
496 5176 695 5231 mulier
745 5192 869 5246 quae
927 5178 1117 5233 elludit
1166 5194 1330 5248 super
1387 5191 1551 5249 caput
1598 5179 1725 5236 Jesu
1785 5198 1909 5252 pre-

336 5267 536 5320 tiosum
589 5277 967 5338 unguentum,
1042 5269 1185 5324 sicut
1234 5268 1518 5327 Matthazus
1578 5281 1631 5326 et
1693 5271 1908 5326 Marcus

334 5368 744 5425 exposuerunt,
802 5358 918 5428 ipsa
960 5368 1015 5414 et
1069 5360 1290 5430 myrrha
1322 5361 1479 5415 unxit
1521 5361 1683 5430 pedes
1711 5361 1908 5431 ipsius,

335 5449 476 5503 sicut
512 5449 685 5505 Lucas
717 5458 772 5506 et
795 5451 1033 5507 Joannes
1074 5455 1484 5521 exposuerunt?
1535 5450 1652 5507 Non
1683 5462 1766 5508 est
1810 5468 1909 5508 au-

288 5549 442 5611 ,tem
502 5543 758 5610 possibile
813 5555 871 5599 ut
927 5546 995 5601 de
1049 5546 1236 5602 eadem
1302 5547 1527 5601 muliere
1575 5557 1907 5616 exponentes

408 5653 451 5726 ‘1
481 5651 612 5726 Luc.
634 5671 735 5726 _vtt.
769 5657 852 5712 i6.
930 5659 977 5694 ⁸³
1011 5659 1201 5719 Matth.
1231 5677 1328 5725 xu,
1367 5660 1458 5718 24.
1537 5661 1580 5693 ⁸³
1618 5659 1807 5716 Matth.
1835 5675 1983 5726 xxv't,
2015 5660 2130 5717 6-8.

334 5724 387 5788 2.
423 5724 476 5780 5.
550 5724 596 5757 ⁵⁸
629 5724 761 5783 Luc.
790 5745 882 5795 vn,
914 5730 1001 5788 40.

2011 4549 2066 4595 et
2110 4539 2342 4595 Martha.
2393 4539 2492 4596 Hie
2532 4549 2715 4595 autem
2755 4542 2974 4611 quando
3031 4542 3382 4597 recumbente
3420 4556 3486 4596 eo
3532 4541 3585 4595 in

2010 4629 2175 4684 domo
2217 4628 2459 4685 Simonis
2512 4629 2736 4701 Leprosi
2762 4670 2778 4695 ,
2814 4632 3045 4687 accessit
3095 4633 3162 4687 ad
3201 4648 3325 4687 eum
3367 4633 3583 4697 mulier,

2012 4730 2137 4790 post
2185 4721 2410 4776 biduum
2458 4720 2667 4778 Pascha
2702 4732 2821 4778 erat
2855 4724 3135 4789 futurum,
3179 4725 3323 4779 sicut
3374 4724 3583 4780 dictum

2010 4823 2096 4868 est
2142 4829 2328 4885 supra.
2378 4814 2566 4870 Restat
2612 4825 2672 4870 ut
2717 4816 2915 4886 aliquis
2947 4816 3131 4870 dicat:
3187 4813 3245 4870 Si
3296 4816 3364 4870 de
3412 4816 3583 4870 altera

2013 4905 2237 4960 muliere
2275 4904 2558 4962 Matthasus
2593 4915 2649 4961 et
2683 4905 2897 4962 Marcus
2928 4908 3286 4977 scripserunt,
3319 4908 3384 4961 de
3416 4907 3583 4961 altera

2011 5010 2191 5052 autem
2223 4997 2485 5064 Joannes,
2520 5000 2587 5053 de
2615 5001 2770 5056 tertia
2810 5016 2936 5056 vero
2970 4999 3182 5067 Lucas,
3219 5000 3495 5070 quomodo
3528 5000 3582 5053 in

2011 5104 2244 5159 persona
2283 5091 2446 5145 unius
2502 5090 2746 5146 mulieris
2791 5091 2957 5146 semel
2993 5106 3021 5144 a
3068 5090 3287 5145 Christo
3321 5089 3583 5159 iucrcpati

2010 5179 2260 5249 discipuli
2292 5180 2450 5250 quasi
2491 5182 2631 5235 male
2668 5181 3012 5252 indignantes
3039 5182 3106 5236 de
3147 5182 3291 5236 facto
3320 5182 3581 5247 mulieris,

2011 5286 2119 5323 non
2152 5287 2211 5326 se
2249 5273 2698 5337 emendaverunt,
2733 5282 2790 5325 nt
2826 5288 2891 5326 ne
2928 5288 3091 5342 super
3126 5274 3352 5327 alterum
3392 5272 3585 5325 mulieo

2011 5378 2125 5418 rem
2174 5363 2425 5418 similiter
2464 5363 2750 5419 facientem
2804 5365 3248 5434 indignarentur?
3292 5362 3583 5433 Propterea

2010 5454 2150 5508 sciat
2181 5454 2309 5525 quia
2335 5456 2476 5525 apud
2504 5455 2815 5517 Matthaeum
2850 5465 2904 5509 et
2939 5455 3179 5509 Marcum
3210 5454 3459 5523 discipuli
3501 5454 3585 5508 in-

2009 5546 2304 5616 dignantur
2335 5561 2399 5600 ex
2435 5546 2578 5601 bono
2610 5547 2917 5617 proposito;
2953 5547 3091 5616 apud
3113 5545 3374 5602 Joannem
3405 5558 3582 5605 autem

2237 5662 2283 5695 ”
2308 5677 2404 5728 λιι,
2439 5661 2492 5717 5.
2599 5662 2641 5694 ⁸⁸
2680 5660 2866 5719 Matth.
2897 5678 3043 5731 xxvi,
3077 5662 3128 5718 9.
3224 5665 3269 5696 ⁵²
3299 5663 3453 5722 Joan.
3491 5680 3583 5732 xu,
