  <div class='ocr_page' id='page_1' title='image "/cluster/home/n/w/nwhite01/storage/ocr_20150623/13/mdp.39015007036059/871.png"; bbox 0 0 4052 6304; ppageno 0'>
   <div class='ocr_carea' id='block_1_1' title="bbox 545 272 682 328">
    <p class='ocr_par' dir='ltr' id='par_1_1' title="bbox 545 272 682 328">
     <span class='ocr_line' id='line_1_1' title="bbox 545 272 682 328; baseline 0 0"><span class='ocrx_word' id='word_1_1' title='bbox 545 272 682 328; x_wconf 71' lang='grc'><strong>1725</strong></span> 
     </span>
    </p>
   </div>
   <div class='ocr_carea' id='block_1_2' title="bbox 1739 268 2621 325">
    <p class='ocr_par' dir='ltr' id='par_1_2' title="bbox 1739 268 2621 325">
     <span class='ocr_line' id='line_1_2' title="bbox 1739 268 2621 325; baseline -0.001 -2"><span class='ocrx_word' id='word_1_2' title='bbox 1739 269 2063 325; x_wconf 76' lang='lat' dir='ltr'><strong>OllIGENlS</strong></span> <span class='ocrx_word' id='word_1_3' title='bbox 2106 269 2173 324; x_wconf 79' lang='lat' dir='ltr'><strong>IN</strong></span> <span class='ocrx_word' id='word_1_4' title='bbox 2209 268 2621 324; x_wconf 72' lang='lat' dir='ltr'><strong>MATTILEUM</strong></span> 
     </span>
    </p>
   </div>
   <div class='ocr_carea' id='block_1_3' title="bbox 3673 275 3825 328">
    <p class='ocr_par' dir='ltr' id='par_1_3' title="bbox 3673 275 3825 328">
     <span class='ocr_line' id='line_1_3' title="bbox 3673 275 3825 328; baseline -0.007 0"><span class='ocrx_word' id='word_1_5' title='bbox 3673 275 3825 328; x_wconf 65' lang='grc' dir='ltr'><strong>ΠΜ</strong></span> 
     </span>
    </p>
   </div>
   <div class='ocr_carea' id='block_1_4' title="bbox 540 391 3823 464">
    <p class='ocr_par' dir='ltr' id='par_1_4' title="bbox 540 391 3823 464">
     <span class='ocr_line' id='line_1_4' title="bbox 540 391 3823 464; baseline -0.002 -11"><span class='ocrx_word' id='word_1_6' title='bbox 540 398 697 455; x_wconf 84' lang='lat' dir='ltr'><strong>solus</strong></span> <span class='ocrx_word' id='word_1_7' title='bbox 734 393 916 451; x_wconf 72' lang='lat' dir='ltr'><strong>ludas</strong></span> <span class='ocrx_word' id='word_1_8' title='bbox 959 393 1177 450; x_wconf 80' lang='lat' dir='ltr'><strong>furandi</strong></span> <span class='ocrx_word' id='word_1_9' title='bbox 1221 392 1446 461; x_wconf 75' lang='lat' dir='ltr'><strong>aﬂ‘eetu;</strong></span> <span class='ocrx_word' id='word_1_10' title='bbox 1494 395 1636 464; x_wconf 87' lang='lat' dir='ltr'><strong>apud</strong></span> <span class='ocrx_word' id='word_1_11' title='bbox 1681 393 1884 449; x_wconf 86' lang='lat' dir='ltr'><strong>Lucam</strong></span> <span class='ocrx_word' id='word_1_12' title='bbox 1933 401 2119 449; x_wconf 89' lang='lat' dir='ltr'><strong>autem</strong></span> <span class='ocrx_word' id='word_1_13' title='bbox 2145 399 2189 451; x_wconf 79' lang='grc' dir='ltr'><strong>Δ</strong></span> <span class='ocrx_word' id='word_1_14' title='bbox 2218 392 2411 448; x_wconf 84' lang='lat' dir='ltr'><strong>Adhuc</strong></span> <span class='ocrx_word' id='word_1_15' title='bbox 2440 393 2587 449; x_wconf 84' lang='lat' dir='ltr'><strong>enim</strong></span> <span class='ocrx_word' id='word_1_16' title='bbox 2618 392 2800 448; x_wconf 88' lang='lat' dir='ltr'><strong>minus</strong></span> <span class='ocrx_word' id='word_1_17' title='bbox 2835 391 3086 457; x_wconf 91' lang='lat' dir='ltr'><strong>habebat,</strong></span> <span class='ocrx_word' id='word_1_18' title='bbox 3114 401 3174 445; x_wconf 90' lang='lat' dir='ltr'><strong>ut</strong></span> <span class='ocrx_word' id='word_1_19' title='bbox 3198 393 3550 462; x_wconf 75' lang='lat' dir='ltr'><strong>postmodum</strong></span> <span class='ocrx_word' id='word_1_20' title='bbox 3589 395 3823 449; x_wconf 73' lang='lat' dir='ltr'><strong>iureni-</strong></span> 
     </span>
    </p>
   </div>
   <div class='ocr_carea' id='block_1_5' title="bbox 538 483 2115 553">
    <p class='ocr_par' dir='ltr' id='par_1_5' title="bbox 538 483 2115 553">
     <span class='ocr_line' id='line_1_5' title="bbox 538 483 2115 553; baseline -0.005 -10"><span class='ocrx_word' id='word_1_21' title='bbox 538 493 857 543; x_wconf 89' lang='lat' dir='ltr'><strong>murmurat</strong></span> <span class='ocrx_word' id='word_1_22' title='bbox 879 499 1061 539; x_wconf 90' lang='lat' dir='ltr'><strong>nemo.</strong></span> <span class='ocrx_word' id='word_1_23' title='bbox 1097 483 1173 537; x_wconf 87' lang='lat' dir='ltr'><strong>Ex</strong></span> <span class='ocrx_word' id='word_1_24' title='bbox 1203 483 1289 539; x_wconf 88' lang='lat' dir='ltr'><strong>his</strong></span> <span class='ocrx_word' id='word_1_25' title='bbox 1329 497 1460 553; x_wconf 90' lang='lat' dir='ltr'><strong>ergo</strong></span> <span class='ocrx_word' id='word_1_26' title='bbox 1496 492 1551 537; x_wconf 90' lang='lat' dir='ltr'><strong>et</strong></span> <span class='ocrx_word' id='word_1_27' title='bbox 1596 484 1716 539; x_wconf 87' lang='lat' dir='ltr'><strong>aliis</strong></span> <span class='ocrx_word' id='word_1_28' title='bbox 1750 499 1871 553; x_wconf 62' lang='lat' dir='ltr'><strong>quae</strong></span> <span class='ocrx_word' id='word_1_29' title='bbox 1894 492 1951 537; x_wconf 91' lang='lat' dir='ltr'><strong>et</strong></span> <span class='ocrx_word' id='word_1_30' title='bbox 2001 483 2115 551; x_wconf 88' lang='lat' dir='ltr'><strong>ipse</strong></span> 
     </span>
    </p>
   </div>
   <div class='ocr_carea' id='block_1_6' title="bbox 537 573 2114 649">
    <p class='ocr_par' dir='ltr' id='par_1_6' title="bbox 537 573 2114 649">
     <span class='ocr_line' id='line_1_6' title="bbox 537 573 2114 649; baseline -0.001 -19"><span class='ocrx_word' id='word_1_31' title='bbox 537 579 746 649; x_wconf 82' lang='lat' dir='ltr'><strong>poteris</strong></span> <span class='ocrx_word' id='word_1_32' title='bbox 784 576 1109 638; x_wconf 89' lang='lat' dir='ltr'><strong>observare,</strong></span> <span class='ocrx_word' id='word_1_33' title='bbox 1162 583 1367 629; x_wconf 90' lang='lat' dir='ltr'><strong>certum</strong></span> <span class='ocrx_word' id='word_1_34' title='bbox 1419 586 1503 630; x_wconf 90' lang='lat' dir='ltr'><strong>est</strong></span> <span class='ocrx_word' id='word_1_35' title='bbox 1550 574 1811 645; x_wconf 89' lang='lat' dir='ltr'><strong>quoniam</strong></span> <span class='ocrx_word' id='word_1_36' title='bbox 1861 581 1956 628; x_wconf 92' lang='lat' dir='ltr'><strong>aut</strong></span> <span class='ocrx_word' id='word_1_37' title='bbox 2010 573 2114 628; x_wconf 87' lang='lat' dir='ltr'><strong>sibi</strong></span> 
     </span>
    </p>
   </div>
   <div class='ocr_carea' id='block_1_7' title="bbox 539 666 2112 735">
    <p class='ocr_par' dir='ltr' id='par_1_7' title="bbox 539 666 2112 735">
     <span class='ocr_line' id='line_1_7' title="bbox 539 666 2112 735; baseline -0.004 -9"><span class='ocrx_word' id='word_1_38' title='bbox 539 669 815 726; x_wconf 88' lang='lat' dir='ltr'><strong>contraria</strong></span> <span class='ocrx_word' id='word_1_39' title='bbox 834 667 1025 723; x_wconf 88' lang='lat' dir='ltr'><strong>dicunt</strong></span> <span class='ocrx_word' id='word_1_40' title='bbox 1047 666 1395 735; x_wconf 72' lang='lat' dir='ltr'><strong>evangelista:</strong></span> <span class='ocrx_word' id='word_1_41' title='bbox 1418 674 1476 720; x_wconf 93' lang='lat' dir='ltr'><strong>ut</strong></span> <span class='ocrx_word' id='word_1_42' title='bbox 1497 666 1718 735; x_wconf 91' lang='lat' dir='ltr'><strong>quidam</strong></span> <span class='ocrx_word' id='word_1_43' title='bbox 1742 681 1931 720; x_wconf 89' lang='lat' dir='ltr'><strong>eorum</strong></span> <span class='ocrx_word' id='word_1_44' title='bbox 1955 680 2112 720; x_wconf 84' lang='lat' dir='ltr'><strong>men-</strong></span> 
     </span>
    </p>
   </div>
   <div class='ocr_carea' id='block_1_8' title="bbox 539 757 2118 826">
    <p class='ocr_par' dir='ltr' id='par_1_8' title="bbox 539 757 2118 826">
     <span class='ocr_line' id='line_1_8' title="bbox 539 757 2118 826; baseline -0.004 -11"><span class='ocrx_word' id='word_1_45' title='bbox 539 764 772 826; x_wconf 84' lang='lat' dir='ltr'><strong>tiantur;</strong></span> <span class='ocrx_word' id='word_1_46' title='bbox 805 765 900 813; x_wconf 90' lang='lat' dir='ltr'><strong>aut</strong></span> <span class='ocrx_word' id='word_1_47' title='bbox 929 759 976 813; x_wconf 90' lang='lat' dir='ltr'><strong>si</strong></span> <span class='ocrx_word' id='word_1_48' title='bbox 1006 758 1110 811; x_wconf 88' lang='lat' dir='ltr'><strong>hoc</strong></span> <span class='ocrx_word' id='word_1_49' title='bbox 1135 757 1359 826; x_wconf 91' lang='lat' dir='ltr'><strong>impium</strong></span> <span class='ocrx_word' id='word_1_50' title='bbox 1384 765 1467 811; x_wconf 90' lang='lat' dir='ltr'><strong>est</strong></span> <span class='ocrx_word' id='word_1_51' title='bbox 1489 757 1733 823; x_wconf 82' lang='lat' dir='ltr'><strong>credere,</strong></span> <span class='ocrx_word' id='word_1_52' title='bbox 1767 772 1993 811; x_wconf 88' lang='lat' dir='ltr'><strong>necesse</strong></span> <span class='ocrx_word' id='word_1_53' title='bbox 2029 763 2118 811; x_wconf 90' lang='lat' dir='ltr'><strong>est</strong></span> 
     </span>
    </p>
   </div>
   <div class='ocr_carea' id='block_1_9' title="bbox 536 850 2113 920">
    <p class='ocr_par' dir='ltr' id='par_1_9' title="bbox 536 850 2113 920">
     <span class='ocr_line' id='line_1_9' title="bbox 536 850 2113 920; baseline -0.001 -14"><span class='ocrx_word' id='word_1_54' title='bbox 536 855 720 907; x_wconf 79' lang='lat' dir='ltr'><strong>dicere</strong></span> <span class='ocrx_word' id='word_1_55' title='bbox 747 867 855 905; x_wconf 92' lang='lat' dir='ltr'><strong>non</strong></span> <span class='ocrx_word' id='word_1_56' title='bbox 887 850 955 906; x_wconf 90' lang='lat' dir='ltr'><strong>de</strong></span> <span class='ocrx_word' id='word_1_57' title='bbox 995 850 1185 905; x_wconf 90' lang='lat' dir='ltr'><strong>eadem</strong></span> <span class='ocrx_word' id='word_1_58' title='bbox 1221 850 1450 905; x_wconf 89' lang='lat' dir='ltr'><strong>muliere</strong></span> <span class='ocrx_word' id='word_1_59' title='bbox 1476 865 1669 904; x_wconf 84' lang='lat' dir='ltr'><strong>omnes</strong></span> <span class='ocrx_word' id='word_1_60' title='bbox 1714 850 2113 920; x_wconf 86' lang='lat' dir='ltr'><strong>conscripsisse</strong></span> 
     </span>
    </p>
   </div>
   <div class='ocr_carea' id='block_1_10' title="bbox 539 940 2115 1013">
    <p class='ocr_par' dir='ltr' id='par_1_10' title="bbox 539 940 2115 1013">
     <span class='ocr_line' id='line_1_10' title="bbox 539 940 2115 1013; baseline -0.001 -16"><span class='ocrx_word' id='word_1_61' title='bbox 539 942 925 1013; x_wconf 83' lang='lat' dir='ltr'><strong>evangelistas,</strong></span> <span class='ocrx_word' id='word_1_62' title='bbox 941 940 1034 996; x_wconf 89' lang='lat' dir='ltr'><strong>sed</strong></span> <span class='ocrx_word' id='word_1_63' title='bbox 1066 950 1162 995; x_wconf 91' lang='lat' dir='ltr'><strong>aut</strong></span> <span class='ocrx_word' id='word_1_64' title='bbox 1182 941 1248 995; x_wconf 90' lang='lat' dir='ltr'><strong>de</strong></span> <span class='ocrx_word' id='word_1_65' title='bbox 1270 941 1465 1006; x_wconf 86' lang='lat' dir='ltr'><strong>tribus,</strong></span> <span class='ocrx_word' id='word_1_66' title='bbox 1490 949 1581 994; x_wconf 90' lang='lat' dir='ltr'><strong>aut</strong></span> <span class='ocrx_word' id='word_1_67' title='bbox 1600 942 1665 995; x_wconf 89' lang='lat' dir='ltr'><strong>de</strong></span> <span class='ocrx_word' id='word_1_68' title='bbox 1682 949 1939 1007; x_wconf 87' lang='lat' dir='ltr'><strong>quatuor.</strong></span> <span class='ocrx_word' id='word_1_69' title='bbox 1960 940 2115 995; x_wconf 81' lang='lat' dir='ltr'><strong>Dicet</strong></span> 
     </span>
    </p>
   </div>
   <div class='ocr_carea' id='block_1_11' title="bbox 536 1031 2117 1103">
    <p class='ocr_par' dir='ltr' id='par_1_11' title="bbox 536 1031 2117 1103">
     <span class='ocr_line' id='line_1_11' title="bbox 536 1031 2117 1103; baseline -0.002 -14"><span class='ocrx_word' id='word_1_70' title='bbox 536 1044 718 1089; x_wconf 88' lang='lat' dir='ltr'><strong>autem</strong></span> <span class='ocrx_word' id='word_1_71' title='bbox 756 1032 958 1103; x_wconf 84' lang='lat' dir='ltr'><strong>aliquis</strong></span> <span class='ocrx_word' id='word_1_72' title='bbox 988 1033 1152 1103; x_wconf 87' lang='lat' dir='ltr'><strong>paulo</strong></span> <span class='ocrx_word' id='word_1_73' title='bbox 1177 1032 1476 1087; x_wconf 83' lang='lat' dir='ltr'><strong>audacior:</strong></span> <span class='ocrx_word' id='word_1_74' title='bbox 1525 1031 1775 1087; x_wconf 81' lang='lat' dir='ltr'><strong>Forsitan</strong></span> <span class='ocrx_word' id='word_1_75' title='bbox 1811 1032 2117 1087; x_wconf 85' lang='lat' dir='ltr'><strong>secundum.</strong></span> 
     </span>
    </p>
   </div>
   <div class='ocr_carea' id='block_1_12' title="bbox 532 1123 2133 1195">
    <p class='ocr_par' dir='ltr' id='par_1_12' title="bbox 532 1123 2133 1195">
     <span class='ocr_line' id='line_1_12' title="bbox 532 1123 2133 1195; baseline 0 -15"><span class='ocrx_word' id='word_1_76' title='bbox 532 1126 819 1181; x_wconf 87' lang='lat' dir='ltr'><strong>historiam</strong></span> <span class='ocrx_word' id='word_1_77' title='bbox 854 1140 959 1179; x_wconf 92' lang='lat' dir='ltr'><strong>una</strong></span> <span class='ocrx_word' id='word_1_78' title='bbox 993 1124 1240 1195; x_wconf 74' lang='lat' dir='ltr'><strong>quaedam</strong></span> <span class='ocrx_word' id='word_1_79' title='bbox 1279 1125 1475 1179; x_wconf 89' lang='lat' dir='ltr'><strong>mulier</strong></span> <span class='ocrx_word' id='word_1_80' title='bbox 1500 1123 1745 1194; x_wconf 74' lang='lat' dir='ltr'><strong>fuitquae</strong></span> <span class='ocrx_word' id='word_1_81' title='bbox 1773 1125 1879 1179; x_wconf 87' lang='lat' dir='ltr'><strong>tale</strong></span> <span class='ocrx_word' id='word_1_82' title='bbox 1907 1124 2133 1193; x_wconf 87' lang='lat' dir='ltr'><strong>aliquid-</strong></span> 
     </span>
    </p>
   </div>
   <div class='ocr_carea' id='block_1_13' title="bbox 531 1216 2116 1288">
    <p class='ocr_par' dir='ltr' id='par_1_13' title="bbox 531 1216 2116 1288">
     <span class='ocr_line' id='line_1_13' title="bbox 531 1216 2116 1288; baseline 0 -18"><span class='ocrx_word' id='word_1_83' title='bbox 531 1216 699 1288; x_wconf 74' lang='lat'><strong>893</strong></span> <span class='ocrx_word' id='word_1_84' title='bbox 725 1216 870 1274; x_wconf 87' lang='lat' dir='ltr'><strong>fecit.</strong></span> <span class='ocrx_word' id='word_1_85' title='bbox 899 1216 1043 1272; x_wconf 86' lang='lat' dir='ltr'><strong>Pone</strong></span> <span class='ocrx_word' id='word_1_86' title='bbox 1063 1225 1243 1271; x_wconf 90' lang='lat' dir='ltr'><strong>autem</strong></span> <span class='ocrx_word' id='word_1_87' title='bbox 1264 1226 1318 1270; x_wconf 93' lang='lat' dir='ltr'><strong>et</strong></span> <span class='ocrx_word' id='word_1_88' title='bbox 1337 1217 1583 1279; x_wconf 86' lang='lat' dir='ltr'><strong>alteram,</strong></span> <span class='ocrx_word' id='word_1_89' title='bbox 1600 1216 1645 1272; x_wconf 88' lang='lat' dir='ltr'><strong>si</strong></span> <span class='ocrx_word' id='word_1_90' title='bbox 1668 1216 1842 1283; x_wconf 86' lang='lat' dir='ltr'><strong>vis,et</strong></span> <span class='ocrx_word' id='word_1_91' title='bbox 1872 1217 2116 1282; x_wconf 76' lang='lat' dir='ltr'><strong>tertiam,</strong></span> 
     </span>
    </p>
   </div>
   <div class='ocr_carea' id='block_1_14' title="bbox 534 1308 2112 1381">
    <p class='ocr_par' dir='ltr' id='par_1_14' title="bbox 534 1308 2112 1381">
     <span class='ocr_line' id='line_1_14' title="bbox 534 1308 2112 1381; baseline 0.001 -17"><span class='ocrx_word' id='word_1_92' title='bbox 534 1321 715 1364; x_wconf 88' lang='lat' dir='ltr'><strong>tamen</strong></span> <span class='ocrx_word' id='word_1_93' title='bbox 753 1316 809 1363; x_wconf 90' lang='lat' dir='ltr'><strong>et</strong></span> <span class='ocrx_word' id='word_1_94' title='bbox 854 1308 1229 1378; x_wconf 81' lang='lat' dir='ltr'><strong>principaliter</strong></span> <span class='ocrx_word' id='word_1_95' title='bbox 1270 1309 1732 1381; x_wconf 86' lang='lat' dir='ltr'><strong>evangelistarum</strong></span> <span class='ocrx_word' id='word_1_96' title='bbox 1773 1309 2112 1378; x_wconf 89' lang='lat' dir='ltr'><strong>propositum</strong></span> 
     </span>
    </p>
   </div>
   <div class='ocr_carea' id='block_1_15' title="bbox 534 1399 2115 1471">
    <p class='ocr_par' dir='ltr' id='par_1_15' title="bbox 534 1399 2115 1471">
     <span class='ocr_line' id='line_1_15' title="bbox 534 1399 2115 1471; baseline 0.001 -16"><span class='ocrx_word' id='word_1_97' title='bbox 534 1399 637 1455; x_wconf 78' lang='lat' dir='ltr'><strong>fuit</strong></span> <span class='ocrx_word' id='word_1_98' title='bbox 669 1400 977 1470; x_wconf 84' lang='lat' dir='ltr'><strong>respiciens</strong></span> <span class='ocrx_word' id='word_1_99' title='bbox 1002 1400 1068 1454; x_wconf 91' lang='lat' dir='ltr'><strong>ad</strong></span> <span class='ocrx_word' id='word_1_100' title='bbox 1095 1401 1375 1471; x_wconf 81' lang='lat' dir='ltr'><strong>mysteria,</strong></span> <span class='ocrx_word' id='word_1_101' title='bbox 1405 1408 1460 1454; x_wconf 91' lang='lat' dir='ltr'><strong>et</strong></span> <span class='ocrx_word' id='word_1_102' title='bbox 1489 1416 1594 1454; x_wconf 91' lang='lat' dir='ltr'><strong>non</strong></span> <span class='ocrx_word' id='word_1_103' title='bbox 1624 1400 1760 1456; x_wconf 87' lang='lat' dir='ltr'><strong>satis</strong></span> <span class='ocrx_word' id='word_1_104' title='bbox 1781 1409 2115 1456; x_wconf 88' lang='lat' dir='ltr'><strong>curaverunt</strong></span> 
     </span>
    </p>
   </div>
   <div class='ocr_carea' id='block_1_16' title="bbox 531 1490 2115 1556">
    <p class='ocr_par' dir='ltr' id='par_1_16' title="bbox 531 1490 2115 1556">
     <span class='ocr_line' id='line_1_16' title="bbox 531 1490 2115 1556; baseline -0.002 -9"><span class='ocrx_word' id='word_1_105' title='bbox 531 1501 593 1547; x_wconf 88' lang='lat' dir='ltr'><strong>ut</strong></span> <span class='ocrx_word' id='word_1_106' title='bbox 616 1491 919 1547; x_wconf 84' lang='lat' dir='ltr'><strong>secundum</strong></span> <span class='ocrx_word' id='word_1_107' title='bbox 961 1491 1239 1545; x_wconf 84' lang='lat' dir='ltr'><strong>veritatem</strong></span> <span class='ocrx_word' id='word_1_108' title='bbox 1270 1499 1594 1545; x_wconf 89' lang='lat' dir='ltr'><strong>enarrarent</strong></span> <span class='ocrx_word' id='word_1_109' title='bbox 1621 1490 1896 1556; x_wconf 67' lang='lat' dir='ltr'><strong>histor-ite,</strong></span> <span class='ocrx_word' id='word_1_110' title='bbox 1928 1491 2023 1547; x_wconf 88' lang='lat' dir='ltr'><strong>sed</strong></span> <span class='ocrx_word' id='word_1_111' title='bbox 2054 1499 2115 1544; x_wconf 89' lang='lat' dir='ltr'><strong>ut</strong></span> 
     </span>
    </p>
   </div>
   <div class='ocr_carea' id='block_1_17' title="bbox 532 1580 2112 1653">
    <p class='ocr_par' dir='ltr' id='par_1_17' title="bbox 532 1580 2112 1653">
     <span class='ocr_line' id='line_1_17' title="bbox 532 1580 2112 1653; baseline -0.001 -16"><span class='ocrx_word' id='word_1_112' title='bbox 532 1598 725 1638; x_wconf 87' lang='lat' dir='ltr'><strong>rerum</strong></span> <span class='ocrx_word' id='word_1_113' title='bbox 751 1582 1011 1653; x_wconf 86' lang='lat' dir='ltr'><strong>mysteria</strong></span> <span class='ocrx_word' id='word_1_114' title='bbox 1038 1597 1161 1652; x_wconf 69' lang='lat' dir='ltr'><strong>quae</strong></span> <span class='ocrx_word' id='word_1_115' title='bbox 1184 1596 1248 1634; x_wconf 86' lang='lat' dir='ltr'><strong>ex</strong></span> <span class='ocrx_word' id='word_1_116' title='bbox 1276 1580 1505 1635; x_wconf 91' lang='lat' dir='ltr'><strong>historia</strong></span> <span class='ocrx_word' id='word_1_117' title='bbox 1530 1584 1915 1647; x_wconf 89' lang='lat' dir='ltr'><strong>nascebantur,</strong></span> <span class='ocrx_word' id='word_1_118' title='bbox 1942 1596 2112 1650; x_wconf 83' lang='lat' dir='ltr'><strong>expo-</strong></span> 
     </span>
    </p>
   </div>
   <div class='ocr_carea' id='block_1_18' title="bbox 532 1672 2115 1745">
    <p class='ocr_par' dir='ltr' id='par_1_18' title="bbox 532 1672 2115 1745">
     <span class='ocr_line' id='line_1_18' title="bbox 532 1672 2115 1745; baseline -0.002 -15"><span class='ocrx_word' id='word_1_119' title='bbox 532 1682 745 1730; x_wconf 84' lang='lat' dir='ltr'><strong>nerent.</strong></span> <span class='ocrx_word' id='word_1_120' title='bbox 780 1674 1011 1745; x_wconf 89' lang='lat' dir='ltr'><strong>Propter</strong></span> <span class='ocrx_word' id='word_1_121' title='bbox 1044 1673 1191 1743; x_wconf 81' lang='lat' dir='ltr'><strong>quod</strong></span> <span class='ocrx_word' id='word_1_122' title='bbox 1227 1682 1282 1728; x_wconf 90' lang='lat' dir='ltr'><strong>et</strong></span> <span class='ocrx_word' id='word_1_123' title='bbox 1311 1682 1660 1728; x_wconf 86' lang='lat' dir='ltr'><strong>attexuerunt</strong></span> <span class='ocrx_word' id='word_1_124' title='bbox 1693 1672 1960 1743; x_wconf 87' lang='lat' dir='ltr'><strong>quosdam</strong></span> <span class='ocrx_word' id='word_1_125' title='bbox 2000 1688 2115 1730; x_wconf 80' lang='lat' dir='ltr'><strong>ser-</strong></span> 
     </span>
    </p>
   </div>
   <div class='ocr_carea' id='block_1_19' title="bbox 531 1764 2116 1837">
    <p class='ocr_par' dir='ltr' id='par_1_19' title="bbox 531 1764 2116 1837">
     <span class='ocr_line' id='line_1_19' title="bbox 531 1764 2116 1837; baseline -0.001 -16"><span class='ocrx_word' id='word_1_126' title='bbox 531 1782 725 1822; x_wconf 84' lang='lat' dir='ltr'><strong>mones</strong></span> <span class='ocrx_word' id='word_1_127' title='bbox 774 1766 1157 1837; x_wconf 84' lang='lat' dir='ltr'><strong>mysteriorum</strong></span> <span class='ocrx_word' id='word_1_128' title='bbox 1209 1764 1573 1820; x_wconf 89' lang='lat' dir='ltr'><strong>intellectibus</strong></span> <span class='ocrx_word' id='word_1_129' title='bbox 1627 1764 2016 1820; x_wconf 87' lang='lat' dir='ltr'><strong>convenientes</strong></span> <span class='ocrx_word' id='word_1_130' title='bbox 2060 1774 2116 1820; x_wconf 89' lang='lat' dir='ltr'><strong>et</strong></span> 
     </span>
    </p>
   </div>
   <div class='ocr_carea' id='block_1_20' title="bbox 531 1854 2116 1925">
    <p class='ocr_par' dir='ltr' id='par_1_20' title="bbox 531 1854 2116 1925">
     <span class='ocr_line' id='line_1_20' title="bbox 531 1854 2116 1925; baseline -0.002 -13"><span class='ocrx_word' id='word_1_131' title='bbox 531 1872 828 1913; x_wconf 79' lang='lat' dir='ltr'><strong>consonos.</strong></span> <span class='ocrx_word' id='word_1_132' title='bbox 873 1855 949 1911; x_wconf 91' lang='lat' dir='ltr'><strong>De</strong></span> <span class='ocrx_word' id='word_1_133' title='bbox 990 1855 1076 1911; x_wconf 88' lang='lat' dir='ltr'><strong>his</strong></span> <span class='ocrx_word' id='word_1_134' title='bbox 1104 1864 1287 1911; x_wconf 90' lang='lat' dir='ltr'><strong>autem</strong></span> <span class='ocrx_word' id='word_1_135' title='bbox 1338 1870 1461 1925; x_wconf 64' lang='lat' dir='ltr'><strong>qua:</strong></span> <span class='ocrx_word' id='word_1_136' title='bbox 1497 1854 1641 1924; x_wconf 88' lang='lat' dir='ltr'><strong>apud</strong></span> <span class='ocrx_word' id='word_1_137' title='bbox 1672 1864 1909 1925; x_wconf 89' lang='lat' dir='ltr'><strong>quatuor</strong></span> <span class='ocrx_word' id='word_1_138' title='bbox 1950 1870 2116 1924; x_wconf 84' lang='lat' dir='ltr'><strong>expo-</strong></span> 
     </span>
    </p>
   </div>
   <div class='ocr_carea' id='block_1_21' title="bbox 532 1946 2115 2019">
    <p class='ocr_par' dir='ltr' id='par_1_21' title="bbox 532 1946 2115 2019">
     <span class='ocr_line' id='line_1_21' title="bbox 532 1946 2115 2019; baseline -0.003 -14"><span class='ocrx_word' id='word_1_139' title='bbox 532 1958 743 2005; x_wconf 86' lang='lat' dir='ltr'><strong>nuntur</strong></span> <span class='ocrx_word' id='word_1_140' title='bbox 777 1949 1141 2019; x_wconf 83' lang='lat' dir='ltr'><strong>evangelistas</strong></span> <span class='ocrx_word' id='word_1_141' title='bbox 1169 1962 1335 2003; x_wconf 89' lang='lat' dir='ltr'><strong>causa</strong></span> <span class='ocrx_word' id='word_1_142' title='bbox 1373 1947 1662 2002; x_wconf 85' lang='lat' dir='ltr'><strong>mulierum</strong></span> <span class='ocrx_word' id='word_1_143' title='bbox 1694 1946 1780 2001; x_wconf 91' lang='lat' dir='ltr'><strong>vel</strong></span> <span class='ocrx_word' id='word_1_144' title='bbox 1805 1946 1966 2003; x_wconf 89' lang='lat' dir='ltr'><strong>unius</strong></span> <span class='ocrx_word' id='word_1_145' title='bbox 1994 1962 2115 2001; x_wconf 55' lang='lat' dir='ltr'><strong>mu.</strong></span> 
     </span>
    </p>
   </div>
   <div class='ocr_carea' id='block_1_22' title="bbox 531 2038 2114 2108">
    <p class='ocr_par' dir='ltr' id='par_1_22' title="bbox 531 2038 2114 2108">
     <span class='ocr_line' id='line_1_22' title="bbox 531 2038 2114 2108; baseline 0 -12"><span class='ocrx_word' id='word_1_146' title='bbox 531 2041 705 2105; x_wconf 86' lang='lat' dir='ltr'><strong>lieris,</strong></span> <span class='ocrx_word' id='word_1_147' title='bbox 726 2041 870 2096; x_wconf 87' lang='lat' dir='ltr'><strong>sicut</strong></span> <span class='ocrx_word' id='word_1_148' title='bbox 886 2041 1203 2096; x_wconf 87' lang='lat' dir='ltr'><strong>existimant</strong></span> <span class='ocrx_word' id='word_1_149' title='bbox 1229 2038 1409 2106; x_wconf 89' lang='lat' dir='ltr'><strong>multi,</strong></span> <span class='ocrx_word' id='word_1_150' title='bbox 1428 2038 1743 2108; x_wconf 87' lang='lat' dir='ltr'><strong>diligentius</strong></span> <span class='ocrx_word' id='word_1_151' title='bbox 1761 2038 2114 2096; x_wconf 84' lang='lat' dir='ltr'><strong>tractavimus</strong></span> 
     </span>
    </p>
   </div>
   <div class='ocr_carea' id='block_1_23' title="bbox 527 2127 2115 2203">
    <p class='ocr_par' dir='ltr' id='par_1_23' title="bbox 527 2127 2115 2203">
     <span class='ocr_line' id='line_1_23' title="bbox 527 2127 2115 2203; baseline -0.003 -15"><span class='ocrx_word' id='word_1_152' title='bbox 527 2141 861 2203; x_wconf 83' lang='lat' dir='ltr'><strong>exponentes</strong></span> <span class='ocrx_word' id='word_1_153' title='bbox 886 2130 1238 2199; x_wconf 77' lang='lat' dir='ltr'><strong>Evangelium</strong></span> <span class='ocrx_word' id='word_1_154' title='bbox 1261 2129 1560 2186; x_wconf 89' lang='lat' dir='ltr'><strong>secundum</strong></span> <span class='ocrx_word' id='word_1_155' title='bbox 1583 2127 1879 2193; x_wconf 82' lang='lat' dir='ltr'><strong>Joannem,</strong></span> <span class='ocrx_word' id='word_1_156' title='bbox 1897 2144 2019 2199; x_wconf 74' lang='lat' dir='ltr'><strong>qua:</strong></span> <span class='ocrx_word' id='word_1_157' title='bbox 2034 2128 2115 2183; x_wconf 84' lang='lat' dir='ltr'><strong>vi-</strong></span> 
     </span>
    </p>
   </div>
   <div class='ocr_carea' id='block_1_24' title="bbox 525 2220 2112 2294">
    <p class='ocr_par' dir='ltr' id='par_1_24' title="bbox 525 2220 2112 2294">
     <span class='ocr_line' id='line_1_24' title="bbox 525 2220 2112 2294; baseline -0.003 -12"><span class='ocrx_word' id='word_1_158' title='bbox 525 2224 797 2283; x_wconf 76' lang='lat' dir='ltr'><strong>debentur</strong></span> <span class='ocrx_word' id='word_1_159' title='bbox 819 2224 1000 2289; x_wconf 89' lang='lat' dir='ltr'><strong>nobis,</strong></span> <span class='ocrx_word' id='word_1_160' title='bbox 1023 2237 1147 2277; x_wconf 89' lang='lat' dir='ltr'><strong>cum</strong></span> <span class='ocrx_word' id='word_1_161' title='bbox 1174 2221 1374 2279; x_wconf 91' lang='lat' dir='ltr'><strong>similia</strong></span> <span class='ocrx_word' id='word_1_162' title='bbox 1396 2230 1582 2277; x_wconf 85' lang='lat' dir='ltr'><strong>essent</strong></span> <span class='ocrx_word' id='word_1_163' title='bbox 1601 2229 1657 2276; x_wconf 89' lang='lat' dir='ltr'><strong>et</strong></span> <span class='ocrx_word' id='word_1_164' title='bbox 1677 2230 1929 2294; x_wconf 87' lang='lat' dir='ltr'><strong>cognata,</strong></span> <span class='ocrx_word' id='word_1_165' title='bbox 1952 2220 2112 2293; x_wconf 90' lang='lat' dir='ltr'><strong>quasi</strong></span> 
     </span>
    </p>
   </div>
   <div class='ocr_carea' id='block_1_25' title="bbox 529 2310 2115 2382">
    <p class='ocr_par' dir='ltr' id='par_1_25' title="bbox 529 2310 2115 2382">
     <span class='ocr_line' id='line_1_25' title="bbox 529 2310 2115 2382; baseline -0.003 -9"><span class='ocrx_word' id='word_1_166' title='bbox 529 2315 811 2373; x_wconf 84' lang='lat' dir='ltr'><strong>contraria</strong></span> <span class='ocrx_word' id='word_1_167' title='bbox 842 2322 897 2370; x_wconf 90' lang='lat' dir='ltr'><strong>et</strong></span> <span class='ocrx_word' id='word_1_168' title='bbox 918 2314 1197 2369; x_wconf 88' lang='lat' dir='ltr'><strong>distantia.</strong></span> <span class='ocrx_word' id='word_1_169' title='bbox 1228 2310 1386 2368; x_wconf 85' lang='lat' dir='ltr'><strong>Nunc</strong></span> <span class='ocrx_word' id='word_1_170' title='bbox 1409 2321 1589 2367; x_wconf 89' lang='lat' dir='ltr'><strong>autem</strong></span> <span class='ocrx_word' id='word_1_171' title='bbox 1618 2327 1681 2368; x_wconf 90' lang='lat' dir='ltr'><strong>ea</strong></span> <span class='ocrx_word' id='word_1_172' title='bbox 1712 2312 1947 2368; x_wconf 83' lang='lat' dir='ltr'><strong>breviter</strong></span> <span class='ocrx_word' id='word_1_173' title='bbox 1989 2327 2115 2382; x_wconf 89' lang='lat' dir='ltr'><strong>per-</strong></span> 
     </span>
    </p>
   </div>
   <div class='ocr_carea' id='block_1_26' title="bbox 528 2402 2112 2476">
    <p class='ocr_par' dir='ltr' id='par_1_26' title="bbox 528 2402 2112 2476">
     <span class='ocr_line' id='line_1_26' title="bbox 528 2402 2112 2476; baseline -0.003 -13"><span class='ocrx_word' id='word_1_174' title='bbox 528 2408 886 2476; x_wconf 86' lang='lat' dir='ltr'><strong>stringamus.</strong></span> <span class='ocrx_word' id='word_1_175' title='bbox 926 2404 1344 2460; x_wconf 79' lang='lat' dir='ltr'><strong>Bationabiliter</strong></span> <span class='ocrx_word' id='word_1_176' title='bbox 1373 2418 1506 2474; x_wconf 87' lang='lat' dir='ltr'><strong>ergo</strong></span> <span class='ocrx_word' id='word_1_177' title='bbox 1526 2402 1705 2459; x_wconf 85' lang='lat' dir='ltr'><strong>Lucas</strong></span> <span class='ocrx_word' id='word_1_178' title='bbox 1729 2418 1854 2459; x_wconf 91' lang='lat' dir='ltr'><strong>cum</strong></span> <span class='ocrx_word' id='word_1_179' title='bbox 1882 2403 1950 2459; x_wconf 91' lang='lat' dir='ltr'><strong>de</strong></span> <span class='ocrx_word' id='word_1_180' title='bbox 1983 2418 2112 2474; x_wconf 84' lang='lat' dir='ltr'><strong>pec-</strong></span> 
     </span>
    </p>
   </div>
   <div class='ocr_carea' id='block_1_27' title="bbox 528 2493 2109 2568">
    <p class='ocr_par' dir='ltr' id='par_1_27' title="bbox 528 2493 2109 2568">
     <span class='ocr_line' id='line_1_27' title="bbox 528 2493 2109 2568; baseline -0.001 -15"><span class='ocrx_word' id='word_1_181' title='bbox 528 2501 732 2555; x_wconf 68' lang='lat' dir='ltr'><strong>ratrice</strong></span> <span class='ocrx_word' id='word_1_182' title='bbox 765 2498 998 2554; x_wconf 87' lang='lat' dir='ltr'><strong>muliere</strong></span> <span class='ocrx_word' id='word_1_183' title='bbox 1031 2498 1370 2568; x_wconf 87' lang='lat' dir='ltr'><strong>loqueretur,</strong></span> <span class='ocrx_word' id='word_1_184' title='bbox 1406 2494 1711 2551; x_wconf 80' lang='lat' dir='ltr'><strong>introduxit</strong></span> <span class='ocrx_word' id='word_1_185' title='bbox 1738 2510 1859 2551; x_wconf 87' lang='lat' dir='ltr'><strong>eam</strong></span> <span class='ocrx_word' id='word_1_186' title='bbox 1892 2493 2109 2551; x_wconf 84' lang='lat' dir='ltr'><strong>ﬂentem</strong></span> 
     </span>
    </p>
   </div>
   <div class='ocr_carea' id='block_1_28' title="bbox 526 2586 2111 2657">
    <p class='ocr_par' dir='ltr' id='par_1_28' title="bbox 526 2586 2111 2657">
     <span class='ocr_line' id='line_1_28' title="bbox 526 2586 2111 2657; baseline -0.004 -10"><span class='ocrx_word' id='word_1_187' title='bbox 526 2590 930 2657; x_wconf 81' lang='lat' dir='ltr'><strong>abundantius,</strong></span> <span class='ocrx_word' id='word_1_188' title='bbox 964 2597 1025 2644; x_wconf 92' lang='lat' dir='ltr'><strong>ut</strong></span> <span class='ocrx_word' id='word_1_189' title='bbox 1059 2589 1223 2643; x_wconf 89' lang='lat' dir='ltr'><strong>etiam</strong></span> <span class='ocrx_word' id='word_1_190' title='bbox 1269 2586 1399 2644; x_wconf 80' lang='lat' dir='ltr'><strong>Jesu</strong></span> <span class='ocrx_word' id='word_1_191' title='bbox 1436 2586 1599 2656; x_wconf 86' lang='lat' dir='ltr'><strong>pedes</strong></span> <span class='ocrx_word' id='word_1_192' title='bbox 1642 2587 1884 2654; x_wconf 86' lang='lat' dir='ltr'><strong>lavaret,</strong></span> <span class='ocrx_word' id='word_1_193' title='bbox 1914 2594 1970 2641; x_wconf 91' lang='lat' dir='ltr'><strong>et</strong></span> <span class='ocrx_word' id='word_1_194' title='bbox 2000 2600 2111 2641; x_wconf 90' lang='lat' dir='ltr'><strong>non</strong></span> 
     </span>
    </p>
   </div>
   <div class='ocr_carea' id='block_1_29' title="bbox 528 2677 2112 2752">
    <p class='ocr_par' dir='ltr' id='par_1_29' title="bbox 528 2677 2112 2752">
     <span class='ocr_line' id='line_1_29' title="bbox 528 2677 2112 2752; baseline -0.006 -13"><span class='ocrx_word' id='word_1_195' title='bbox 528 2683 904 2739; x_wconf 77' lang='lat' dir='ltr'><strong>infundentem</strong></span> <span class='ocrx_word' id='word_1_196' title='bbox 928 2681 1149 2752; x_wconf 81' lang='lat' dir='ltr'><strong>quidem</strong></span> <span class='ocrx_word' id='word_1_197' title='bbox 1175 2688 1535 2749; x_wconf 76' lang='lat' dir='ltr'><strong>unguentum,</strong></span> <span class='ocrx_word' id='word_1_198' title='bbox 1553 2677 1648 2733; x_wconf 88' lang='lat' dir='ltr'><strong>sed</strong></span> <span class='ocrx_word' id='word_1_199' title='bbox 1671 2686 1877 2733; x_wconf 89' lang='lat' dir='ltr'><strong>tantum</strong></span> <span class='ocrx_word' id='word_1_200' title='bbox 1904 2691 2112 2747; x_wconf 88' lang='lat' dir='ltr'><strong>ungen-</strong></span> 
     </span>
    </p>
   </div>
   <div class='ocr_carea' id='block_1_30' title="bbox 527 2769 2109 2843">
    <p class='ocr_par' dir='ltr' id='par_1_30' title="bbox 527 2769 2109 2843">
     <span class='ocr_line' id='line_1_30' title="bbox 527 2769 2109 2843; baseline -0.004 -13"><span class='ocrx_word' id='word_1_201' title='bbox 527 2787 639 2830; x_wconf 89' lang='lat' dir='ltr'><strong>tem</strong></span> <span class='ocrx_word' id='word_1_202' title='bbox 672 2789 783 2830; x_wconf 90' lang='lat' dir='ltr'><strong>non</strong></span> <span class='ocrx_word' id='word_1_203' title='bbox 806 2784 1003 2843; x_wconf 87' lang='lat' dir='ltr'><strong>caput,</strong></span> <span class='ocrx_word' id='word_1_204' title='bbox 1043 2773 1136 2829; x_wconf 89' lang='lat' dir='ltr'><strong>sed</strong></span> <span class='ocrx_word' id='word_1_205' title='bbox 1168 2771 1356 2842; x_wconf 85' lang='lat' dir='ltr'><strong>pedes.</strong></span> <span class='ocrx_word' id='word_1_206' title='bbox 1390 2769 1486 2825; x_wconf 84' lang='lat' dir='ltr'><strong>Illa</strong></span> <span class='ocrx_word' id='word_1_207' title='bbox 1511 2779 1692 2825; x_wconf 86' lang='lat' dir='ltr'><strong>autent</strong></span> <span class='ocrx_word' id='word_1_208' title='bbox 1724 2785 1847 2839; x_wconf 67' lang='lat' dir='ltr'><strong>qua:</strong></span> <span class='ocrx_word' id='word_1_209' title='bbox 1876 2785 1986 2824; x_wconf 92' lang='lat' dir='ltr'><strong>non</strong></span> <span class='ocrx_word' id='word_1_210' title='bbox 2013 2783 2109 2824; x_wconf 90' lang='lat' dir='ltr'><strong>ac-</strong></span> 
     </span>
    </p>
   </div>
   <div class='ocr_carea' id='block_1_31' title="bbox 525 2860 2109 2936">
    <p class='ocr_par' dir='ltr' id='par_1_31' title="bbox 525 2860 2109 2936">
     <span class='ocr_line' id='line_1_31' title="bbox 525 2860 2109 2936; baseline -0.004 -13"><span class='ocrx_word' id='word_1_211' title='bbox 525 2867 827 2924; x_wconf 86' lang='lat' dir='ltr'><strong>cusabatur</strong></span> <span class='ocrx_word' id='word_1_212' title='bbox 853 2864 1153 2936; x_wconf 87' lang='lat' dir='ltr'><strong>peccatrix,</strong></span> <span class='ocrx_word' id='word_1_213' title='bbox 1190 2878 1297 2917; x_wconf 93' lang='lat' dir='ltr'><strong>non</strong></span> <span class='ocrx_word' id='word_1_214' title='bbox 1327 2863 1503 2928; x_wconf 84' lang='lat' dir='ltr'><strong>unxit,</strong></span> <span class='ocrx_word' id='word_1_215' title='bbox 1542 2862 1634 2918; x_wconf 87' lang='lat' dir='ltr'><strong>sed</strong></span> <span class='ocrx_word' id='word_1_216' title='bbox 1670 2860 1877 2924; x_wconf 79' lang='lat' dir='ltr'><strong>eﬂudit,</strong></span> <span class='ocrx_word' id='word_1_217' title='bbox 1916 2869 2109 2916; x_wconf 90' lang='lat' dir='ltr'><strong>etnon</strong></span> 
     </span>
    </p>
   </div>
   <div class='ocr_carea' id='block_1_32' title="bbox 524 2950 2110 3027">
    <p class='ocr_par' dir='ltr' id='par_1_32' title="bbox 524 2950 2110 3027">
     <span class='ocr_line' id='line_1_32' title="bbox 524 2950 2110 3027; baseline -0.005 -14"><span class='ocrx_word' id='word_1_218' title='bbox 524 2973 689 3027; x_wconf 87' lang='lat' dir='ltr'><strong>super</strong></span> <span class='ocrx_word' id='word_1_219' title='bbox 710 2956 897 3027; x_wconf 87' lang='lat' dir='ltr'><strong>pedes,</strong></span> <span class='ocrx_word' id='word_1_220' title='bbox 923 2955 1018 3011; x_wconf 85' lang='lat' dir='ltr'><strong>sed</strong></span> <span class='ocrx_word' id='word_1_221' title='bbox 1049 2968 1215 3023; x_wconf 89' lang='lat' dir='ltr'><strong>super</strong></span> <span class='ocrx_word' id='word_1_222' title='bbox 1243 2961 1428 3023; x_wconf 89' lang='lat' dir='ltr'><strong>caput.</strong></span> <span class='ocrx_word' id='word_1_223' title='bbox 1455 2950 1513 3007; x_wconf 88' lang='lat' dir='ltr'><strong>Si</strong></span> <span class='ocrx_word' id='word_1_224' title='bbox 1543 2961 1725 3008; x_wconf 90' lang='lat' dir='ltr'><strong>autem</strong></span> <span class='ocrx_word' id='word_1_225' title='bbox 1750 2953 1875 3022; x_wconf 91' lang='lat' dir='ltr'><strong>quis</strong></span> <span class='ocrx_word' id='word_1_226' title='bbox 1904 2960 1961 3006; x_wconf 90' lang='lat' dir='ltr'><strong>et</strong></span> <span class='ocrx_word' id='word_1_227' title='bbox 1988 2965 2110 3021; x_wconf 63' lang='lat' dir='ltr'><strong>qua:</strong></span> 
     </span>
    </p>
   </div>
   <div class='ocr_carea' id='block_1_33' title="bbox 523 3044 2108 3115">
    <p class='ocr_par' dir='ltr' id='par_1_33' title="bbox 523 3044 2108 3115">
     <span class='ocr_line' id='line_1_33' title="bbox 523 3044 2108 3115; baseline -0.001 -17"><span class='ocrx_word' id='word_1_228' title='bbox 523 3050 593 3104; x_wconf 79' lang='lat' dir='ltr'><strong>de</strong></span> <span class='ocrx_word' id='word_1_229' title='bbox 623 3048 797 3103; x_wconf 73' lang='lat' dir='ltr'><strong>Maria</strong></span> <span class='ocrx_word' id='word_1_230' title='bbox 831 3044 1026 3101; x_wconf 85' lang='lat' dir='ltr'><strong>Lazari</strong></span> <span class='ocrx_word' id='word_1_231' title='bbox 1053 3060 1241 3103; x_wconf 84' lang='lat' dir='ltr'><strong>sorore</strong></span> <span class='ocrx_word' id='word_1_232' title='bbox 1270 3045 1474 3115; x_wconf 86' lang='lat' dir='ltr'><strong>scripta</strong></span> <span class='ocrx_word' id='word_1_233' title='bbox 1526 3053 1687 3111; x_wconf 90' lang='lat' dir='ltr'><strong>sunt,</strong></span> <span class='ocrx_word' id='word_1_234' title='bbox 1727 3053 1954 3107; x_wconf 89' lang='lat' dir='ltr'><strong>tractet,</strong></span> <span class='ocrx_word' id='word_1_235' title='bbox 1987 3058 2108 3112; x_wconf 64' lang='lat' dir='ltr'><strong>quae</strong></span> 
     </span>
    </p>
   </div>
   <div class='ocr_carea' id='block_1_34' title="bbox 515 3139 2103 3212">
    <p class='ocr_par' dir='ltr' id='par_1_34' title="bbox 515 3139 2103 3212">
     <span class='ocr_line' id='line_1_34' title="bbox 515 3139 2103 3212; baseline -0.001 -17"><span class='ocrx_word' id='word_1_236' title='bbox 515 3164 570 3212; x_wconf 69' lang='grc' dir='ltr'><strong>ει</strong></span> <span class='ocrx_word' id='word_1_237' title='bbox 604 3145 717 3212; x_wconf 82' lang='lat' dir='ltr'><strong>ipsa</strong></span> <span class='ocrx_word' id='word_1_238' title='bbox 751 3142 910 3196; x_wconf 80' lang='lat' dir='ltr'><strong>unxit</strong></span> <span class='ocrx_word' id='word_1_239' title='bbox 944 3143 1156 3198; x_wconf 84' lang='lat' dir='ltr'><strong>Domini</strong></span> <span class='ocrx_word' id='word_1_240' title='bbox 1187 3142 1388 3212; x_wconf 84' lang='lat' dir='ltr'><strong>pedes,</strong></span> <span class='ocrx_word' id='word_1_241' title='bbox 1418 3149 1569 3197; x_wconf 92' lang='lat' dir='ltr'><strong>notet</strong></span> <span class='ocrx_word' id='word_1_242' title='bbox 1600 3140 1704 3196; x_wconf 90' lang='lat' dir='ltr'><strong>sibi</strong></span> <span class='ocrx_word' id='word_1_243' title='bbox 1742 3155 1865 3210; x_wconf 71' lang='lat' dir='ltr'><strong>qua:</strong></span> <span class='ocrx_word' id='word_1_244' title='bbox 1902 3139 2103 3208; x_wconf 89' lang='lat' dir='ltr'><strong>scripta</strong></span> 
     </span>
    </p>
   </div>
   <div class='ocr_carea' id='block_1_35' title="bbox 521 3229 2105 3302">
    <p class='ocr_par' dir='ltr' id='par_1_35' title="bbox 521 3229 2105 3302">
     <span class='ocr_line' id='line_1_35' title="bbox 521 3229 2105 3302; baseline -0.003 -13"><span class='ocrx_word' id='word_1_245' title='bbox 521 3243 644 3290; x_wconf 80' lang='lat' dir='ltr'><strong>Slllll</strong></span> <span class='ocrx_word' id='word_1_246' title='bbox 678 3233 773 3299; x_wconf 86' lang='lat' dir='ltr'><strong>ibi,</strong></span> <span class='ocrx_word' id='word_1_247' title='bbox 798 3234 1061 3302; x_wconf 82' lang='lat' dir='ltr'><strong>quoniam</strong></span> <span class='ocrx_word' id='word_1_248' title='bbox 1087 3233 1268 3288; x_wconf 89' lang='lat' dir='ltr'><strong>omnis</strong></span> <span class='ocrx_word' id='word_1_249' title='bbox 1294 3231 1493 3287; x_wconf 90' lang='lat' dir='ltr'><strong>domus</strong></span> <span class='ocrx_word' id='word_1_250' title='bbox 1518 3231 1725 3301; x_wconf 88' lang='lat' dir='ltr'><strong>repleta</strong></span> <span class='ocrx_word' id='word_1_251' title='bbox 1744 3239 1829 3285; x_wconf 89' lang='lat' dir='ltr'><strong>est</strong></span> <span class='ocrx_word' id='word_1_252' title='bbox 1851 3245 1915 3284; x_wconf 84' lang='lat' dir='ltr'><strong>ex</strong></span> <span class='ocrx_word' id='word_1_253' title='bbox 1937 3229 2105 3285; x_wconf 88' lang='lat' dir='ltr'><strong>odore</strong></span> 
     </span>
    </p>
   </div>
   <div class='ocr_carea' id='block_1_36' title="bbox 522 3317 2106 3394">
    <p class='ocr_par' dir='ltr' id='par_1_36' title="bbox 522 3317 2106 3394">
     <span class='ocr_line' id='line_1_36' title="bbox 522 3317 2106 3394; baseline -0.003 -17"><span class='ocrx_word' id='word_1_254' title='bbox 522 3324 779 3393; x_wconf 73' lang='lat' dir='ltr'><strong>unguenti</strong></span> <span class='ocrx_word' id='word_1_255' title='bbox 816 3340 833 3390; x_wconf 92' lang='lat'><strong>;</strong></span> <span class='ocrx_word' id='word_1_256' title='bbox 864 3322 1009 3394; x_wconf 89' lang='lat' dir='ltr'><strong>quod</strong></span> <span class='ocrx_word' id='word_1_257' title='bbox 1040 3337 1149 3377; x_wconf 93' lang='lat' dir='ltr'><strong>non</strong></span> <span class='ocrx_word' id='word_1_258' title='bbox 1174 3330 1256 3377; x_wconf 89' lang='lat' dir='ltr'><strong>est</strong></span> <span class='ocrx_word' id='word_1_259' title='bbox 1280 3320 1544 3390; x_wconf 88' lang='lat' dir='ltr'><strong>scriptum</strong></span> <span class='ocrx_word' id='word_1_260' title='bbox 1568 3320 1635 3374; x_wconf 89' lang='lat' dir='ltr'><strong>de</strong></span> <span class='ocrx_word' id='word_1_261' title='bbox 1656 3334 1721 3375; x_wconf 90' lang='lat' dir='ltr'><strong>ea</strong></span> <span class='ocrx_word' id='word_1_262' title='bbox 1745 3333 1867 3388; x_wconf 79' lang='lat' dir='ltr'><strong>quae</strong></span> <span class='ocrx_word' id='word_1_263' title='bbox 1891 3317 2106 3375; x_wconf 84' lang='lat' dir='ltr'><strong>diceba-</strong></span> 
     </span>
    </p>
   </div>
   <div class='ocr_carea' id='block_1_37' title="bbox 521 3408 2103 3483">
    <p class='ocr_par' dir='ltr' id='par_1_37' title="bbox 521 3408 2103 3483">
     <span class='ocr_line' id='line_1_37' title="bbox 521 3408 2103 3483; baseline -0.001 -18"><span class='ocrx_word' id='word_1_264' title='bbox 521 3421 611 3465; x_wconf 89' lang='lat' dir='ltr'><strong>tur</strong></span> <span class='ocrx_word' id='word_1_265' title='bbox 633 3427 757 3467; x_wconf 86' lang='lat' dir='ltr'><strong>esse</strong></span> <span class='ocrx_word' id='word_1_266' title='bbox 791 3412 1087 3483; x_wconf 83' lang='lat' dir='ltr'><strong>peccatrix.</strong></span> <span class='ocrx_word' id='word_1_267' title='bbox 1122 3409 1228 3467; x_wconf 88' lang='lat' dir='ltr'><strong>Sed</strong></span> <span class='ocrx_word' id='word_1_268' title='bbox 1256 3426 1358 3466; x_wconf 89' lang='lat' dir='ltr'><strong>nec</strong></span> <span class='ocrx_word' id='word_1_269' title='bbox 1383 3411 1452 3467; x_wconf 84' lang='lat' dir='ltr'><strong>de</strong></span> <span class='ocrx_word' id='word_1_270' title='bbox 1478 3410 1708 3466; x_wconf 88' lang='lat' dir='ltr'><strong>muliere</strong></span> <span class='ocrx_word' id='word_1_271' title='bbox 1745 3412 1812 3465; x_wconf 91' lang='lat' dir='ltr'><strong>de</strong></span> <span class='ocrx_word' id='word_1_272' title='bbox 1834 3425 1938 3479; x_wconf 93' lang='lat' dir='ltr'><strong>qua</strong></span> <span class='ocrx_word' id='word_1_273' title='bbox 1966 3408 2103 3465; x_wconf 82' lang='lat' dir='ltr'><strong>scri-</strong></span> 
     </span>
    </p>
   </div>
   <div class='ocr_carea' id='block_1_38' title="bbox 519 3501 2102 3584">
    <p class='ocr_par' dir='ltr' id='par_1_38' title="bbox 519 3501 2102 3584">
     <span class='ocr_line' id='line_1_38' title="bbox 519 3501 2102 3584; baseline -0.003 -23"><span class='ocrx_word' id='word_1_274' title='bbox 519 3516 749 3574; x_wconf 89' lang='lat' dir='ltr'><strong>pserunt</strong></span> <span class='ocrx_word' id='word_1_275' title='bbox 794 3505 1081 3561; x_wconf 69' lang='lat' dir='ltr'><strong>Matthaeus</strong></span> <span class='ocrx_word' id='word_1_276' title='bbox 1113 3513 1168 3559; x_wconf 90' lang='lat' dir='ltr'><strong>et</strong></span> <span class='ocrx_word' id='word_1_277' title='bbox 1208 3503 1462 3571; x_wconf 84' lang='lat' dir='ltr'><strong>Marcus,</strong></span> <span class='ocrx_word' id='word_1_278' title='bbox 1510 3518 1631 3574; x_wconf 78' lang='lat' dir='ltr'><strong>quae</strong></span> <span class='ocrx_word' id='word_1_279' title='bbox 1668 3517 1778 3557; x_wconf 91' lang='lat' dir='ltr'><strong>non</strong></span> <span class='ocrx_word' id='word_1_280' title='bbox 1817 3501 2102 3584; x_wconf 66' lang='lat' dir='ltr'><strong>dicebatur</strong></span> 
     </span>
    </p>
   </div>
   <div class='ocr_carea' id='block_1_39' title="bbox 520 3595 2099 3668">
    <p class='ocr_par' dir='ltr' id='par_1_39' title="bbox 520 3595 2099 3668">
     <span class='ocr_line' id='line_1_39' title="bbox 520 3595 2099 3668; baseline -0.003 -13"><span class='ocrx_word' id='word_1_281' title='bbox 520 3599 692 3655; x_wconf 81' lang='lat' dir='ltr'><strong>fuisse</strong></span> <span class='ocrx_word' id='word_1_282' title='bbox 729 3597 1048 3668; x_wconf 84' lang='lat' dir='ltr'><strong>peccatrix,</strong></span> <span class='ocrx_word' id='word_1_283' title='bbox 1078 3596 1185 3651; x_wconf 83' lang='lat' dir='ltr'><strong>tale</strong></span> <span class='ocrx_word' id='word_1_284' title='bbox 1233 3595 1440 3666; x_wconf 88' lang='lat' dir='ltr'><strong>aliquid</strong></span> <span class='ocrx_word' id='word_1_285' title='bbox 1490 3596 1753 3666; x_wconf 90' lang='lat' dir='ltr'><strong>scriptum</strong></span> <span class='ocrx_word' id='word_1_286' title='bbox 1803 3604 1922 3658; x_wconf 90' lang='lat' dir='ltr'><strong>est,</strong></span> <span class='ocrx_word' id='word_1_287' title='bbox 1970 3597 2099 3666; x_wconf 88' lang='lat' dir='ltr'><strong>quia</strong></span> 
     </span>
    </p>
   </div>
   <div class='ocr_carea' id='block_1_40' title="bbox 520 3687 2098 3759">
    <p class='ocr_par' dir='ltr' id='par_1_40' title="bbox 520 3687 2098 3759">
     <span class='ocr_line' id='line_1_40' title="bbox 520 3687 2098 3759; baseline -0.003 -13"><span class='ocrx_word' id='word_1_288' title='bbox 520 3691 702 3746; x_wconf 89' lang='lat' dir='ltr'><strong>omnis</strong></span> <span class='ocrx_word' id='word_1_289' title='bbox 725 3690 921 3745; x_wconf 89' lang='lat' dir='ltr'><strong>domus</strong></span> <span class='ocrx_word' id='word_1_290' title='bbox 939 3689 1140 3759; x_wconf 91' lang='lat' dir='ltr'><strong>repleta</strong></span> <span class='ocrx_word' id='word_1_291' title='bbox 1163 3696 1245 3743; x_wconf 86' lang='lat' dir='ltr'><strong>est</strong></span> <span class='ocrx_word' id='word_1_292' title='bbox 1265 3703 1332 3742; x_wconf 87' lang='lat' dir='ltr'><strong>ex</strong></span> <span class='ocrx_word' id='word_1_293' title='bbox 1357 3688 1525 3743; x_wconf 85' lang='lat' dir='ltr'><strong>odore</strong></span> <span class='ocrx_word' id='word_1_294' title='bbox 1548 3688 1829 3758; x_wconf 78' lang='lat' dir='ltr'><strong>unguenti.</strong></span> <span class='ocrx_word' id='word_1_295' title='bbox 1847 3687 2098 3743; x_wconf 88' lang='lat' dir='ltr'><strong>Forsitan</strong></span> 
     </span>
    </p>
   </div>
   <div class='ocr_carea' id='block_1_41' title="bbox 517 3778 2098 3855">
    <p class='ocr_par' dir='ltr' id='par_1_41' title="bbox 517 3778 2098 3855">
     <span class='ocr_line' id='line_1_41' title="bbox 517 3778 2098 3855; baseline -0.004 -15"><span class='ocrx_word' id='word_1_296' title='bbox 517 3800 615 3855; x_wconf 91' lang='lat' dir='ltr'><strong>per</strong></span> <span class='ocrx_word' id='word_1_297' title='bbox 645 3782 980 3839; x_wconf 80' lang='lat' dir='ltr'><strong>ditferentias</strong></span> <span class='ocrx_word' id='word_1_298' title='bbox 1015 3781 1243 3835; x_wconf 87' lang='lat' dir='ltr'><strong>istarum</strong></span> <span class='ocrx_word' id='word_1_299' title='bbox 1284 3779 1608 3846; x_wconf 87' lang='lat' dir='ltr'><strong>mulierum,</strong></span> <span class='ocrx_word' id='word_1_300' title='bbox 1658 3778 1975 3834; x_wconf 69' lang='lat' dir='ltr'><strong>differentiae</strong></span> <span class='ocrx_word' id='word_1_301' title='bbox 2035 3779 2098 3834; x_wconf 87' lang='lat' dir='ltr'><strong>li-</strong></span> 
     </span>
    </p>
   </div>
   <div class='ocr_carea' id='block_1_42' title="bbox 518 3868 2096 3941">
    <p class='ocr_par' dir='ltr' id='par_1_42' title="bbox 518 3868 2096 3941">
     <span class='ocr_line' id='line_1_42' title="bbox 518 3868 2096 3941; baseline -0.006 -8"><span class='ocrx_word' id='word_1_302' title='bbox 518 3877 722 3933; x_wconf 90' lang='lat' dir='ltr'><strong>delium</strong></span> <span class='ocrx_word' id='word_1_303' title='bbox 750 3874 1195 3929; x_wconf 79' lang='lat' dir='ltr'><strong>demonstrantur</strong></span> <span class='ocrx_word' id='word_1_304' title='bbox 1222 3891 1235 3925; x_wconf 93' lang='lat'>:</span> <span class='ocrx_word' id='word_1_305' title='bbox 1261 3887 1496 3941; x_wconf 85' lang='lat' dir='ltr'><strong>quorum</strong></span> <span class='ocrx_word' id='word_1_306' title='bbox 1526 3871 1747 3941; x_wconf 89' lang='lat' dir='ltr'><strong>quidam</strong></span> <span class='ocrx_word' id='word_1_307' title='bbox 1775 3870 1993 3940; x_wconf 92' lang='lat' dir='ltr'><strong>quidem</strong></span> <span class='ocrx_word' id='word_1_308' title='bbox 2015 3868 2096 3925; x_wconf 85' lang='lat' dir='ltr'><strong>ef-</strong></span> 
     </span>
    </p>
   </div>
   <div class='ocr_carea' id='block_1_43' title="bbox 522 3962 2092 4043">
    <p class='ocr_par' dir='ltr' id='par_1_43' title="bbox 522 3962 2092 4043">
     <span class='ocr_line' id='line_1_43' title="bbox 522 3962 2092 4043; baseline -0.006 -19"><span class='ocrx_word' id='word_1_309' title='bbox 522 3968 762 4025; x_wconf 87' lang='lat' dir='ltr'><strong>fundunt</strong></span> <span class='ocrx_word' id='word_1_310' title='bbox 807 3981 971 4035; x_wconf 85' lang='lat' dir='ltr'><strong>super</strong></span> <span class='ocrx_word' id='word_1_311' title='bbox 1013 3972 1178 4034; x_wconf 84' lang='lat' dir='ltr'><strong>caput</strong></span> <span class='ocrx_word' id='word_1_312' title='bbox 1207 3962 1334 4019; x_wconf 84' lang='lat' dir='ltr'><strong>Jesu</strong></span> <span class='ocrx_word' id='word_1_313' title='bbox 1375 3962 1671 4043; x_wconf 81' lang='lat' dir='ltr'><strong>pretiosum</strong></span> <span class='ocrx_word' id='word_1_314' title='bbox 1716 3970 2092 4032; x_wconf 77' lang='lat' dir='ltr'><strong>unguentum;</strong></span> 
     </span>
    </p>
   </div>
   <div class='ocr_carea' id='block_1_44' title="bbox 522 4051 2093 4124">
    <p class='ocr_par' dir='ltr' id='par_1_44' title="bbox 522 4051 2093 4124">
     <span class='ocr_line' id='line_1_44' title="bbox 522 4051 2093 4124; baseline -0.004 -12"><span class='ocrx_word' id='word_1_315' title='bbox 522 4058 610 4112; x_wconf 69' lang='lat' dir='ltr'><strong>alii</strong></span> <span class='ocrx_word' id='word_1_316' title='bbox 635 4065 814 4112; x_wconf 88' lang='lat' dir='ltr'><strong>autem</strong></span> <span class='ocrx_word' id='word_1_317' title='bbox 840 4071 949 4110; x_wconf 93' lang='lat' dir='ltr'><strong>non</strong></span> <span class='ocrx_word' id='word_1_318' title='bbox 985 4063 1148 4124; x_wconf 87' lang='lat' dir='ltr'><strong>caput</strong></span> <span class='ocrx_word' id='word_1_319' title='bbox 1170 4062 1401 4124; x_wconf 87' lang='lat' dir='ltr'><strong>ungunt,</strong></span> <span class='ocrx_word' id='word_1_320' title='bbox 1424 4052 1516 4107; x_wconf 90' lang='lat' dir='ltr'><strong>sed</strong></span> <span class='ocrx_word' id='word_1_321' title='bbox 1545 4051 1743 4121; x_wconf 90' lang='lat' dir='ltr'><strong>pedes;</strong></span> <span class='ocrx_word' id='word_1_322' title='bbox 1777 4051 1871 4106; x_wconf 88' lang='lat' dir='ltr'><strong>alii</strong></span> <span class='ocrx_word' id='word_1_323' title='bbox 1911 4061 2093 4106; x_wconf 89' lang='lat' dir='ltr'><strong>autem</strong></span> 
     </span>
    </p>
   </div>
   <div class='ocr_carea' id='block_1_45' title="bbox 516 4141 2092 4216">
    <p class='ocr_par' dir='ltr' id='par_1_45' title="bbox 516 4141 2092 4216">
     <span class='ocr_line' id='line_1_45' title="bbox 516 4141 2092 4216; baseline -0.005 -12"><span class='ocrx_word' id='word_1_324' title='bbox 516 4165 628 4205; x_wconf 87' lang='lat' dir='ltr'><strong>non</strong></span> <span class='ocrx_word' id='word_1_325' title='bbox 663 4148 960 4204; x_wconf 85' lang='lat' dir='ltr'><strong>infundunt</strong></span> <span class='ocrx_word' id='word_1_326' title='bbox 991 4146 1232 4216; x_wconf 88' lang='lat' dir='ltr'><strong>largiter,</strong></span> <span class='ocrx_word' id='word_1_327' title='bbox 1256 4146 1348 4199; x_wconf 91' lang='lat' dir='ltr'><strong>sed</strong></span> <span class='ocrx_word' id='word_1_328' title='bbox 1375 4154 1587 4215; x_wconf 86' lang='lat' dir='ltr'><strong>ungunt</strong></span> <span class='ocrx_word' id='word_1_329' title='bbox 1610 4153 1839 4198; x_wconf 85' lang='lat' dir='ltr'><strong>tantum.</strong></span> <span class='ocrx_word' id='word_1_330' title='bbox 1871 4141 2092 4214; x_wconf 84' lang='lat' dir='ltr'><strong>Ungcn-</strong></span> 
     </span>
    </p>
   </div>
   <div class='ocr_carea' id='block_1_46' title="bbox 517 4232 2092 4304">
    <p class='ocr_par' dir='ltr' id='par_1_46' title="bbox 517 4232 2092 4304">
     <span class='ocr_line' id='line_1_46' title="bbox 517 4232 2092 4304; baseline -0.001 -14"><span class='ocrx_word' id='word_1_331' title='bbox 517 4236 655 4290; x_wconf 87' lang='lat' dir='ltr'><strong>tium</strong></span> <span class='ocrx_word' id='word_1_332' title='bbox 683 4250 814 4290; x_wconf 86' lang='lat' dir='ltr'><strong>vero</strong></span> <span class='ocrx_word' id='word_1_333' title='bbox 847 4235 1068 4304; x_wconf 90' lang='lat' dir='ltr'><strong>quidam</strong></span> <span class='ocrx_word' id='word_1_334' title='bbox 1108 4234 1200 4289; x_wconf 89' lang='lat' dir='ltr'><strong>tali</strong></span> <span class='ocrx_word' id='word_1_335' title='bbox 1243 4244 1454 4304; x_wconf 89' lang='lat' dir='ltr'><strong>ungunt</strong></span> <span class='ocrx_word' id='word_1_336' title='bbox 1477 4240 1790 4302; x_wconf 81' lang='lat' dir='ltr'><strong>unguento,</strong></span> <span class='ocrx_word' id='word_1_337' title='bbox 1827 4242 1887 4287; x_wconf 91' lang='lat' dir='ltr'><strong>ut</strong></span> <span class='ocrx_word' id='word_1_338' title='bbox 1912 4232 2092 4288; x_wconf 84' lang='lat' dir='ltr'><strong>omnis</strong></span> 
     </span>
    </p>
   </div>
   <div class='ocr_carea' id='block_1_47' title="bbox 513 4323 2088 4396">
    <p class='ocr_par' dir='ltr' id='par_1_47' title="bbox 513 4323 2088 4396">
     <span class='ocr_line' id='line_1_47' title="bbox 513 4323 2088 4396; baseline -0.004 -13"><span class='ocrx_word' id='word_1_339' title='bbox 513 4328 713 4383; x_wconf 85' lang='lat' dir='ltr'><strong>domus</strong></span> <span class='ocrx_word' id='word_1_340' title='bbox 753 4327 1045 4396; x_wconf 88' lang='lat' dir='ltr'><strong>impleatur</strong></span> <span class='ocrx_word' id='word_1_341' title='bbox 1086 4341 1151 4379; x_wconf 84' lang='lat' dir='ltr'><strong>ex</strong></span> <span class='ocrx_word' id='word_1_342' title='bbox 1187 4325 1355 4379; x_wconf 86' lang='lat' dir='ltr'><strong>odore</strong></span> <span class='ocrx_word' id='word_1_343' title='bbox 1392 4323 1694 4379; x_wconf 84' lang='lat' dir='ltr'><strong>divinitatis</strong></span> <span class='ocrx_word' id='word_1_344' title='bbox 1742 4323 1958 4393; x_wconf 87' lang='lat' dir='ltr'><strong>ipsius;</strong></span> <span class='ocrx_word' id='word_1_345' title='bbox 1998 4323 2088 4377; x_wconf 84' lang='lat' dir='ltr'><strong>alii</strong></span> 
     </span>
    </p>
   </div>
   <div class='ocr_carea' id='block_1_48' title="bbox 2217 483 3823 557">
    <p class='ocr_par' dir='ltr' id='par_1_48' title="bbox 2217 483 3823 557">
     <span class='ocr_line' id='line_1_48' title="bbox 2217 483 3823 557; baseline 0.002 -19"><span class='ocrx_word' id='word_1_346' title='bbox 2217 495 2370 539; x_wconf 90' lang='lat' dir='ltr'><strong>retur</strong></span> <span class='ocrx_word' id='word_1_347' title='bbox 2407 487 2464 539; x_wconf 89' lang='lat' dir='ltr'><strong>in</strong></span> <span class='ocrx_word' id='word_1_348' title='bbox 2497 486 2662 540; x_wconf 88' lang='lat' dir='ltr'><strong>domo</strong></span> <span class='ocrx_word' id='word_1_349' title='bbox 2711 484 3036 539; x_wconf 75' lang='lat' dir='ltr'><strong>obedientiae</strong></span> <span class='ocrx_word' id='word_1_350' title='bbox 3074 483 3253 548; x_wconf 85' lang='lat' dir='ltr'><strong>facta.</strong></span> <span class='ocrx_word' id='word_1_351' title='bbox 3290 496 3349 540; x_wconf 90' lang='lat' dir='ltr'><strong>ut</strong></span> <span class='ocrx_word' id='word_1_352' title='bbox 3371 487 3486 557; x_wconf 80' lang='lat' dir='ltr'><strong>jam</strong></span> <span class='ocrx_word' id='word_1_353' title='bbox 3530 503 3823 542; x_wconf 85' lang='lat' dir='ltr'><strong>consum-</strong></span> 
     </span>
    </p>
   </div>
   <div class='ocr_carea' id='block_1_49' title="bbox 2215 576 3820 649">
    <p class='ocr_par' dir='ltr' id='par_1_49' title="bbox 2215 576 3820 649">
     <span class='ocr_line' id='line_1_49' title="bbox 2215 576 3820 649; baseline 0.002 -19"><span class='ocrx_word' id='word_1_354' title='bbox 2215 586 2397 649; x_wconf 47' lang='lat' dir='ltr'><strong>mata,</strong></span> <span class='ocrx_word' id='word_1_355' title='bbox 2419 593 2595 647; x_wconf 86' lang='lat' dir='ltr'><strong>neque</strong></span> <span class='ocrx_word' id='word_1_356' title='bbox 2634 577 2904 647; x_wconf 83' lang='lat' dir='ltr'><strong>peccatrix</strong></span> <span class='ocrx_word' id='word_1_357' title='bbox 2931 576 3204 631; x_wconf 86' lang='lat' dir='ltr'><strong>diceretur</strong></span> <span class='ocrx_word' id='word_1_358' title='bbox 3223 618 3239 644; x_wconf 93' lang='lat'><strong>,</strong></span> <span class='ocrx_word' id='word_1_359' title='bbox 3268 593 3365 631; x_wconf 86' lang='lat' dir='ltr'><strong>nec</strong></span> <span class='ocrx_word' id='word_1_360' title='bbox 3395 579 3726 648; x_wconf 73' lang='lat' dir='ltr'><strong>lacrymans</strong></span> <span class='ocrx_word' id='word_1_361' title='bbox 3760 590 3820 634; x_wconf 83' lang='lat' dir='ltr'><strong>et</strong></span> 
     </span>
    </p>
   </div>
   <div class='ocr_carea' id='block_1_50' title="bbox 2215 669 3819 741">
    <p class='ocr_par' dir='ltr' id='par_1_50' title="bbox 2215 669 3819 741">
     <span class='ocr_line' id='line_1_50' title="bbox 2215 669 3819 741; baseline 0.001 -18"><span class='ocrx_word' id='word_1_362' title='bbox 2215 670 2405 725; x_wconf 88' lang='lat' dir='ltr'><strong>lavans</strong></span> <span class='ocrx_word' id='word_1_363' title='bbox 2430 669 2639 725; x_wconf 85' lang='lat' dir='ltr'><strong>Domini</strong></span> <span class='ocrx_word' id='word_1_364' title='bbox 2664 671 2849 740; x_wconf 87' lang='lat' dir='ltr'><strong>pedes,</strong></span> <span class='ocrx_word' id='word_1_365' title='bbox 2876 670 2970 725; x_wconf 91' lang='lat' dir='ltr'><strong>scd</strong></span> <span class='ocrx_word' id='word_1_366' title='bbox 2997 681 3053 724; x_wconf 91' lang='lat' dir='ltr'><strong>et</strong></span> <span class='ocrx_word' id='word_1_367' title='bbox 3087 670 3203 739; x_wconf 79' lang='lat' dir='ltr'><strong>ipsa</strong></span> <span class='ocrx_word' id='word_1_368' title='bbox 3236 669 3522 726; x_wconf 71' lang='lat' dir='ltr'><strong>effundens</strong></span> <span class='ocrx_word' id='word_1_369' title='bbox 3547 688 3819 741; x_wconf 80' lang='lat' dir='ltr'><strong>unguen-</strong></span> 
     </span>
    </p>
   </div>
   <div class='ocr_carea' id='block_1_51' title="bbox 2217 762 3819 833">
    <p class='ocr_par' dir='ltr' id='par_1_51' title="bbox 2217 762 3819 833">
     <span class='ocr_line' id='line_1_51' title="bbox 2217 762 3819 833; baseline 0.001 -16"><span class='ocrx_word' id='word_1_370' title='bbox 2217 774 2332 817; x_wconf 92' lang='lat' dir='ltr'><strong>tum</strong></span> <span class='ocrx_word' id='word_1_371' title='bbox 2370 779 2535 832; x_wconf 89' lang='lat' dir='ltr'><strong>super</strong></span> <span class='ocrx_word' id='word_1_372' title='bbox 2584 772 2747 831; x_wconf 84' lang='lat' dir='ltr'><strong>caput</strong></span> <span class='ocrx_word' id='word_1_373' title='bbox 2795 763 2988 833; x_wconf 84' lang='lat' dir='ltr'><strong>ipsius.</strong></span> <span class='ocrx_word' id='word_1_374' title='bbox 3025 763 3127 818; x_wconf 89' lang='lat' dir='ltr'><strong>Sed</strong></span> <span class='ocrx_word' id='word_1_375' title='bbox 3151 772 3204 818; x_wconf 89' lang='lat' dir='ltr'><strong>et</strong></span> <span class='ocrx_word' id='word_1_376' title='bbox 3240 762 3426 817; x_wconf 89' lang='lat' dir='ltr'><strong>Simon</strong></span> <span class='ocrx_word' id='word_1_377' title='bbox 3471 764 3819 819; x_wconf 72' lang='lat' dir='ltr'><strong>obedientia:</strong></span> 
     </span>
    </p>
   </div>
   <div class='ocr_carea' id='block_1_52' title="bbox 2214 853 3816 923">
    <p class='ocr_par' dir='ltr' id='par_1_52' title="bbox 2214 853 3816 923">
     <span class='ocr_line' id='line_1_52' title="bbox 2214 853 3816 923; baseline 0.002 -18"><span class='ocrx_word' id='word_1_378' title='bbox 2214 853 2533 923; x_wconf 83' lang='lat' dir='ltr'><strong>mysterium</strong></span> <span class='ocrx_word' id='word_1_379' title='bbox 2566 860 2672 916; x_wconf 89' lang='lat' dir='ltr'><strong>est,</strong></span> <span class='ocrx_word' id='word_1_380' title='bbox 2700 853 2959 922; x_wconf 83' lang='lat' dir='ltr'><strong>quoniam</strong></span> <span class='ocrx_word' id='word_1_381' title='bbox 2990 853 3070 907; x_wconf 88' lang='lat' dir='ltr'><strong>sic</strong></span> <span class='ocrx_word' id='word_1_382' title='bbox 3099 853 3509 922; x_wconf 85' lang='lat' dir='ltr'><strong>interpretatur,</strong></span> <span class='ocrx_word' id='word_1_383' title='bbox 3538 854 3635 907; x_wconf 89' lang='lat' dir='ltr'><strong>sed</strong></span> <span class='ocrx_word' id='word_1_384' title='bbox 3666 855 3816 909; x_wconf 83' lang='lat' dir='ltr'><strong>obe-</strong></span> 
     </span>
    </p>
   </div>
   <div class='ocr_carea' id='block_1_53' title="bbox 2214 944 3813 1016">
    <p class='ocr_par' dir='ltr' id='par_1_53' title="bbox 2214 944 3813 1016">
     <span class='ocr_line' id='line_1_53' title="bbox 2214 944 3813 1016; baseline 0.003 -19"><span class='ocrx_word' id='word_1_385' title='bbox 2214 944 2542 998; x_wconf 87' lang='lat' dir='ltr'><strong>dientialiter</strong></span> <span class='ocrx_word' id='word_1_386' title='bbox 2566 945 2702 1016; x_wconf 81' lang='lat'><strong>(85),</strong></span> <span class='ocrx_word' id='word_1_387' title='bbox 2730 960 2837 999; x_wconf 88' lang='lat' dir='ltr'><strong>non</strong></span> <span class='ocrx_word' id='word_1_388' title='bbox 2865 945 3091 1015; x_wconf 89' lang='lat' dir='ltr'><strong>spiritus</strong></span> <span class='ocrx_word' id='word_1_389' title='bbox 3120 963 3133 998; x_wconf 93' lang='lat'>:</span> <span class='ocrx_word' id='word_1_390' title='bbox 3166 953 3384 1015; x_wconf 86' lang='lat' dir='ltr'><strong>propter</strong></span> <span class='ocrx_word' id='word_1_391' title='bbox 3404 946 3551 1015; x_wconf 90' lang='lat' dir='ltr'><strong>quod</strong></span> <span class='ocrx_word' id='word_1_392' title='bbox 3578 945 3813 1014; x_wconf 87' lang='lat' dir='ltr'><strong>Simon,</strong></span> 
     </span>
    </p>
   </div>
   <div class='ocr_carea' id='block_1_54' title="bbox 2213 1034 3813 1108">
    <p class='ocr_par' dir='ltr' id='par_1_54' title="bbox 2213 1034 3813 1108">
     <span class='ocr_line' id='line_1_54' title="bbox 2213 1034 3813 1108; baseline 0.002 -17"><span class='ocrx_word' id='word_1_393' title='bbox 2213 1035 2459 1091; x_wconf 75' lang='lat' dir='ltr'><strong>elevatus</strong></span> <span class='ocrx_word' id='word_1_394' title='bbox 2480 1051 2510 1089; x_wconf 87' lang='lat' dir='ltr'><strong>a</strong></span> <span class='ocrx_word' id='word_1_395' title='bbox 2538 1036 2716 1090; x_wconf 89' lang='lat' dir='ltr'><strong>littera</strong></span> <span class='ocrx_word' id='word_1_396' title='bbox 2750 1036 2884 1107; x_wconf 81' lang='lat' dir='ltr'><strong>legis</strong></span> <span class='ocrx_word' id='word_1_397' title='bbox 2911 1052 3007 1105; x_wconf 90' lang='lat' dir='ltr'><strong>per</strong></span> <span class='ocrx_word' id='word_1_398' title='bbox 3031 1034 3217 1090; x_wconf 86' lang='lat' dir='ltr'><strong>Jesum</strong></span> <span class='ocrx_word' id='word_1_399' title='bbox 3244 1037 3309 1091; x_wconf 90' lang='lat' dir='ltr'><strong>ad</strong></span> <span class='ocrx_word' id='word_1_400' title='bbox 3340 1037 3511 1108; x_wconf 80' lang='lat' dir='ltr'><strong>legem</strong></span> <span class='ocrx_word' id='word_1_401' title='bbox 3534 1038 3813 1107; x_wconf 80' lang='lat' dir='ltr'><strong>spiritua-</strong></span> 
     </span>
    </p>
   </div>
   <div class='ocr_carea' id='block_1_55' title="bbox 2214 1126 3813 1196">
    <p class='ocr_par' dir='ltr' id='par_1_55' title="bbox 2214 1126 3813 1196">
     <span class='ocr_line' id='line_1_55' title="bbox 2214 1126 3813 1196; baseline 0.003 -15"><span class='ocrx_word' id='word_1_402' title='bbox 2214 1126 2319 1182; x_wconf 90' lang='lat' dir='ltr'><strong>lem</strong></span> <span class='ocrx_word' id='word_1_403' title='bbox 2341 1165 2357 1191; x_wconf 94' lang='lat'><strong>,</strong></span> <span class='ocrx_word' id='word_1_404' title='bbox 2405 1127 2519 1196; x_wconf 91' lang='lat' dir='ltr'><strong>jam</strong></span> <span class='ocrx_word' id='word_1_405' title='bbox 2555 1142 2664 1181; x_wconf 92' lang='lat' dir='ltr'><strong>non</strong></span> <span class='ocrx_word' id='word_1_406' title='bbox 2705 1135 2824 1181; x_wconf 87' lang='lat' dir='ltr'><strong>erat</strong></span> <span class='ocrx_word' id='word_1_407' title='bbox 2852 1126 3040 1181; x_wconf 87' lang='lat' dir='ltr'><strong>Simon</strong></span> <span class='ocrx_word' id='word_1_408' title='bbox 3077 1138 3283 1182; x_wconf 88' lang='lat' dir='ltr'><strong>tantum</strong></span> <span class='ocrx_word' id='word_1_409' title='bbox 3304 1169 3320 1192; x_wconf 94' lang='lat'><strong>,</strong></span> <span class='ocrx_word' id='word_1_410' title='bbox 3350 1129 3450 1184; x_wconf 83' lang='lat' dir='ltr'><strong>sed</strong></span> <span class='ocrx_word' id='word_1_411' title='bbox 3497 1128 3679 1185; x_wconf 84' lang='lat' dir='ltr'><strong>lactus</strong></span> <span class='ocrx_word' id='word_1_412' title='bbox 3714 1139 3813 1186; x_wconf 85' lang='lat' dir='ltr'><strong>est</strong></span> 
     </span>
    </p>
   </div>
   <div class='ocr_carea' id='block_1_56' title="bbox 2214 1218 3808 1291">
    <p class='ocr_par' dir='ltr' id='par_1_56' title="bbox 2214 1218 3808 1291">
     <span class='ocr_line' id='line_1_56' title="bbox 2214 1218 3808 1291; baseline 0.003 -18"><span class='ocrx_word' id='word_1_413' title='bbox 2214 1219 2379 1274; x_wconf 89' lang='lat' dir='ltr'><strong>etiam</strong></span> <span class='ocrx_word' id='word_1_414' title='bbox 2404 1218 2618 1283; x_wconf 88' lang='lat' dir='ltr'><strong>Petrus,</strong></span> <span class='ocrx_word' id='word_1_415' title='bbox 2647 1228 2701 1275; x_wconf 89' lang='lat' dir='ltr'><strong>et</strong></span> <span class='ocrx_word' id='word_1_416' title='bbox 2720 1235 2821 1291; x_wconf 91' lang='lat' dir='ltr'><strong>pro</strong></span> <span class='ocrx_word' id='word_1_417' title='bbox 2843 1221 3200 1275; x_wconf 66' lang='lat' dir='ltr'><strong>aediﬁcatione</strong></span> <span class='ocrx_word' id='word_1_418' title='bbox 3220 1219 3445 1277; x_wconf 89' lang='lat' dir='ltr'><strong>Judaica</strong></span> <span class='ocrx_word' id='word_1_419' title='bbox 3467 1222 3665 1291; x_wconf 87' lang='lat' dir='ltr'><strong>dignus</strong></span> <span class='ocrx_word' id='word_1_420' title='bbox 3695 1224 3808 1277; x_wconf 86' lang='lat' dir='ltr'><strong>ha-</strong></span> 
     </span>
    </p>
   </div>
   <div class='ocr_carea' id='block_1_57' title="bbox 2214 1310 3805 1383">
    <p class='ocr_par' dir='ltr' id='par_1_57' title="bbox 2214 1310 3805 1383">
     <span class='ocr_line' id='line_1_57' title="bbox 2214 1310 3805 1383; baseline 0.002 -17"><span class='ocrx_word' id='word_1_421' title='bbox 2214 1310 2363 1366; x_wconf 87' lang='lat' dir='ltr'><strong>bitus</strong></span> <span class='ocrx_word' id='word_1_422' title='bbox 2401 1319 2486 1365; x_wconf 89' lang='lat' dir='ltr'><strong>est</strong></span> <span class='ocrx_word' id='word_1_423' title='bbox 2526 1310 2886 1366; x_wconf 71' lang='lat' dir='ltr'><strong>aediﬁcatione</strong></span> <span class='ocrx_word' id='word_1_424' title='bbox 2914 1310 3168 1367; x_wconf 79' lang='lat' dir='ltr'><strong>Ecclesiae</strong></span> <span class='ocrx_word' id='word_1_425' title='bbox 3211 1327 3375 1382; x_wconf 87' lang='lat' dir='ltr'><strong>super</strong></span> <span class='ocrx_word' id='word_1_426' title='bbox 3405 1322 3615 1383; x_wconf 87' lang='lat' dir='ltr'><strong>petram</strong></span> <span class='ocrx_word' id='word_1_427' title='bbox 3661 1313 3805 1369; x_wconf 85' lang='lat' dir='ltr'><strong>fun—</strong></span> 
     </span>
    </p>
   </div>
   <div class='ocr_carea' id='block_1_58' title="bbox 2214 1397 3802 1473">
    <p class='ocr_par' dir='ltr' id='par_1_58' title="bbox 2214 1397 3802 1473">
     <span class='ocr_line' id='line_1_58' title="bbox 2214 1397 3802 1473; baseline 0.003 -20"><span class='ocrx_word' id='word_1_428' title='bbox 2214 1398 2426 1453; x_wconf 69' lang='lat' dir='ltr'><strong>dandae.</strong></span> <span class='ocrx_word' id='word_1_429' title='bbox 2457 1397 2654 1454; x_wconf 81' lang='lat' dir='ltr'><strong>Factus</strong></span> <span class='ocrx_word' id='word_1_430' title='bbox 2690 1409 2774 1455; x_wconf 88' lang='lat' dir='ltr'><strong>est</strong></span> <span class='ocrx_word' id='word_1_431' title='bbox 2796 1414 2925 1470; x_wconf 90' lang='lat' dir='ltr'><strong>ergo</strong></span> <span class='ocrx_word' id='word_1_432' title='bbox 2949 1398 3108 1456; x_wconf 81' lang='lat' dir='ltr'><strong>Jesus</strong></span> <span class='ocrx_word' id='word_1_433' title='bbox 3132 1401 3187 1454; x_wconf 85' lang='lat' dir='ltr'><strong>in</strong></span> <span class='ocrx_word' id='word_1_434' title='bbox 3217 1400 3384 1454; x_wconf 91' lang='lat' dir='ltr'><strong>domo</strong></span> <span class='ocrx_word' id='word_1_435' title='bbox 3408 1400 3651 1458; x_wconf 89' lang='lat' dir='ltr'><strong>Simonis</strong></span> <span class='ocrx_word' id='word_1_436' title='bbox 3675 1404 3802 1473; x_wconf 88' lang='lat' dir='ltr'><strong>qui-</strong></span> 
     </span>
    </p>
   </div>
   <div class='ocr_carea' id='block_1_59' title="bbox 2214 1488 3797 1562">
    <p class='ocr_par' dir='ltr' id='par_1_59' title="bbox 2214 1488 3797 1562">
     <span class='ocr_line' id='line_1_59' title="bbox 2214 1488 3797 1562; baseline 0.004 -19"><span class='ocrx_word' id='word_1_437' title='bbox 2214 1488 2341 1543; x_wconf 90' lang='lat' dir='ltr'><strong>dem</strong></span> <span class='ocrx_word' id='word_1_438' title='bbox 2378 1489 2614 1560; x_wconf 85' lang='lat' dir='ltr'><strong>alicujus</strong></span> <span class='ocrx_word' id='word_1_439' title='bbox 2655 1490 2992 1555; x_wconf 90' lang='lat' dir='ltr'><strong>obedientis,</strong></span> <span class='ocrx_word' id='word_1_440' title='bbox 3040 1499 3218 1546; x_wconf 89' lang='lat' dir='ltr'><strong>tamen</strong></span> <span class='ocrx_word' id='word_1_441' title='bbox 3247 1491 3479 1562; x_wconf 89' lang='lat' dir='ltr'><strong>leprosi,</strong></span> <span class='ocrx_word' id='word_1_442' title='bbox 3519 1502 3576 1548; x_wconf 93' lang='lat' dir='ltr'><strong>et</strong></span> <span class='ocrx_word' id='word_1_443' title='bbox 3605 1495 3797 1550; x_wconf 87' lang='lat' dir='ltr'><strong>adhuc</strong></span> 
     </span>
    </p>
   </div>
   <div class='ocr_carea' id='block_1_60' title="bbox 2215 1580 3801 1649">
    <p class='ocr_par' dir='ltr' id='par_1_60' title="bbox 2215 1580 3801 1649">
     <span class='ocr_line' id='line_1_60' title="bbox 2215 1580 3801 1649; baseline 0.004 -14"><span class='ocrx_word' id='word_1_444' title='bbox 2215 1594 2357 1649; x_wconf 88' lang='lat' dir='ltr'><strong>opus</strong></span> <span class='ocrx_word' id='word_1_445' title='bbox 2388 1580 2641 1636; x_wconf 89' lang='lat' dir='ltr'><strong>habentis</strong></span> <span class='ocrx_word' id='word_1_446' title='bbox 2665 1581 3017 1638; x_wconf 89' lang='lat' dir='ltr'><strong>mundatione</strong></span> <span class='ocrx_word' id='word_1_447' title='bbox 3047 1583 3117 1636; x_wconf 87' lang='lat' dir='ltr'><strong>ab</strong></span> <span class='ocrx_word' id='word_1_448' title='bbox 3141 1581 3293 1638; x_wconf 84' lang='lat' dir='ltr'><strong>Jesu.</strong></span> <span class='ocrx_word' id='word_1_449' title='bbox 3320 1582 3437 1638; x_wconf 88' lang='lat' dir='ltr'><strong>Non</strong></span> <span class='ocrx_word' id='word_1_450' title='bbox 3467 1596 3650 1639; x_wconf 89' lang='lat' dir='ltr'><strong>autem</strong></span> <span class='ocrx_word' id='word_1_451' title='bbox 3684 1603 3801 1642; x_wconf 84' lang='lat' dir='ltr'><strong>me-</strong></span> 
     </span>
    </p>
   </div>
   <div class='ocr_carea' id='block_1_61' title="bbox 2217 1671 3798 1747">
    <p class='ocr_par' dir='ltr' id='par_1_61' title="bbox 2217 1671 3798 1747">
     <span class='ocr_line' id='line_1_61' title="bbox 2217 1671 3798 1747; baseline 0.004 -19"><span class='ocrx_word' id='word_1_452' title='bbox 2217 1683 2486 1729; x_wconf 87' lang='lat' dir='ltr'><strong>moratum</strong></span> <span class='ocrx_word' id='word_1_453' title='bbox 2517 1679 2602 1729; x_wconf 90' lang='lat' dir='ltr'><strong>est</strong></span> <span class='ocrx_word' id='word_1_454' title='bbox 2641 1674 2786 1742; x_wconf 87' lang='lat' dir='ltr'><strong>apud</strong></span> <span class='ocrx_word' id='word_1_455' title='bbox 2830 1671 3033 1728; x_wconf 86' lang='lat' dir='ltr'><strong>Lucam</strong></span> <span class='ocrx_word' id='word_1_456' title='bbox 3064 1673 3133 1729; x_wconf 92' lang='lat' dir='ltr'><strong>de</strong></span> <span class='ocrx_word' id='word_1_457' title='bbox 3175 1674 3398 1730; x_wconf 87' lang='lat' dir='ltr'><strong>Simone</strong></span> <span class='ocrx_word' id='word_1_458' title='bbox 3425 1678 3689 1747; x_wconf 87' lang='lat' dir='ltr'><strong>quoniam</strong></span> <span class='ocrx_word' id='word_1_459' title='bbox 3740 1688 3798 1734; x_wconf 81' lang='lat' dir='ltr'><strong>et</strong></span> 
     </span>
    </p>
   </div>
   <div class='ocr_carea' id='block_1_62' title="bbox 2144 1736 3797 1835">
    <p class='ocr_par' dir='ltr' id='par_1_62' title="bbox 2144 1736 3797 1835">
     <span class='ocr_line' id='line_1_62' title="bbox 2144 1736 3797 1835; baseline 0.002 -17"><span class='ocrx_word' id='word_1_460' title='bbox 2144 1736 2188 1792; x_wconf 77' lang='grc' dir='ltr'><strong>Β</strong></span> <span class='ocrx_word' id='word_1_461' title='bbox 2217 1764 2466 1834; x_wconf 89' lang='lat' dir='ltr'><strong>leprosus</strong></span> <span class='ocrx_word' id='word_1_462' title='bbox 2495 1771 2632 1818; x_wconf 88' lang='lat' dir='ltr'><strong>erat.</strong></span> <span class='ocrx_word' id='word_1_463' title='bbox 2678 1763 2944 1819; x_wconf 84' lang='lat' dir='ltr'><strong>Existimo</strong></span> <span class='ocrx_word' id='word_1_464' title='bbox 2983 1764 3242 1835; x_wconf 87' lang='lat' dir='ltr'><strong>quoniam</strong></span> <span class='ocrx_word' id='word_1_465' title='bbox 3286 1765 3402 1835; x_wconf 87' lang='lat' dir='ltr'><strong>ipse</strong></span> <span class='ocrx_word' id='word_1_466' title='bbox 3433 1736 3647 1822; x_wconf 84' lang='lat' dir='ltr'><strong>debitor</strong></span> <span class='ocrx_word' id='word_1_467' title='bbox 3672 1779 3797 1824; x_wconf 81' lang='lat' dir='ltr'><strong>erat</strong></span> 
     </span>
    </p>
   </div>
   <div class='ocr_carea' id='block_1_63' title="bbox 2214 1855 3797 1928">
    <p class='ocr_par' dir='ltr' id='par_1_63' title="bbox 2214 1855 3797 1928">
     <span class='ocr_line' id='line_1_63' title="bbox 2214 1855 3797 1928; baseline 0.007 -20"><span class='ocrx_word' id='word_1_468' title='bbox 2214 1855 2614 1927; x_wconf 79' lang='lat' dir='ltr'><strong>quinquaginta</strong></span> <span class='ocrx_word' id='word_1_469' title='bbox 2640 1855 2989 1911; x_wconf 86' lang='lat' dir='ltr'><strong>denariorum</strong></span> <span class='ocrx_word' id='word_1_470' title='bbox 3012 1896 3028 1920; x_wconf 94' lang='lat'><strong>,</strong></span> <span class='ocrx_word' id='word_1_471' title='bbox 3071 1868 3125 1912; x_wconf 91' lang='lat' dir='ltr'><strong>et</strong></span> <span class='ocrx_word' id='word_1_472' title='bbox 3143 1858 3254 1927; x_wconf 90' lang='lat' dir='ltr'><strong>jam</strong></span> <span class='ocrx_word' id='word_1_473' title='bbox 3283 1870 3565 1928; x_wconf 85' lang='lat' dir='ltr'><strong>acceperat</strong></span> <span class='ocrx_word' id='word_1_474' title='bbox 3591 1860 3797 1919; x_wconf 78' lang='lat' dir='ltr'><strong>remis-</strong></span> 
     </span>
    </p>
   </div>
   <div class='ocr_carea' id='block_1_64' title="bbox 2214 1945 3795 2015">
    <p class='ocr_par' dir='ltr' id='par_1_64' title="bbox 2214 1945 3795 2015">
     <span class='ocr_line' id='line_1_64' title="bbox 2214 1945 3795 2015; baseline 0.003 -14"><span class='ocrx_word' id='word_1_475' title='bbox 2214 1945 2424 2002; x_wconf 85' lang='lat' dir='ltr'><strong>sionem</strong></span> <span class='ocrx_word' id='word_1_476' title='bbox 2450 1960 2664 2010; x_wconf 89' lang='lat' dir='ltr'><strong>eorum,</strong></span> <span class='ocrx_word' id='word_1_477' title='bbox 2685 1945 2947 2015; x_wconf 90' lang='lat' dir='ltr'><strong>quoniam</strong></span> <span class='ocrx_word' id='word_1_478' title='bbox 2968 1946 3230 2001; x_wconf 87' lang='lat' dir='ltr'><strong>dilexerat</strong></span> <span class='ocrx_word' id='word_1_479' title='bbox 3256 1948 3553 2005; x_wconf 88' lang='lat' dir='ltr'><strong>modicum.</strong></span> <span class='ocrx_word' id='word_1_480' title='bbox 3581 1948 3795 2005; x_wconf 74' lang='lat' dir='ltr'><strong>Tamen</strong></span> 
     </span>
    </p>
   </div>
   <div class='ocr_carea' id='block_1_65' title="bbox 2213 2037 3797 2109">
    <p class='ocr_par' dir='ltr' id='par_1_65' title="bbox 2213 2037 3797 2109">
     <span class='ocr_line' id='line_1_65' title="bbox 2213 2037 3797 2109; baseline 0.004 -18"><span class='ocrx_word' id='word_1_481' title='bbox 2213 2037 2445 2109; x_wconf 79' lang='lat' dir='ltr'><strong>diligens</strong></span> <span class='ocrx_word' id='word_1_482' title='bbox 2471 2037 2869 2107; x_wconf 82' lang='lat' dir='ltr'><strong>aliquantulum</strong></span> <span class='ocrx_word' id='word_1_483' title='bbox 2892 2077 2909 2102; x_wconf 90' lang='lat'><strong>,</strong></span> <span class='ocrx_word' id='word_1_484' title='bbox 2944 2038 3156 2109; x_wconf 78' lang='lat' dir='ltr'><strong>rogavit</strong></span> <span class='ocrx_word' id='word_1_485' title='bbox 3187 2053 3311 2094; x_wconf 91' lang='lat' dir='ltr'><strong>eum</strong></span> <span class='ocrx_word' id='word_1_486' title='bbox 3344 2049 3403 2094; x_wconf 93' lang='lat' dir='ltr'><strong>ut</strong></span> <span class='ocrx_word' id='word_1_487' title='bbox 3430 2041 3797 2100; x_wconf 67' lang='lat' dir='ltr'><strong>manducnret</strong></span> 
     </span>
    </p>
   </div>
   <div class='ocr_carea' id='block_1_66' title="bbox 2213 2128 3793 2200">
    <p class='ocr_par' dir='ltr' id='par_1_66' title="bbox 2213 2128 3793 2200">
     <span class='ocr_line' id='line_1_66' title="bbox 2213 2128 3793 2200; baseline -0.001 -14"><span class='ocrx_word' id='word_1_488' title='bbox 2213 2145 2338 2187; x_wconf 85' lang='lat' dir='ltr'><strong>cum</strong></span> <span class='ocrx_word' id='word_1_489' title='bbox 2370 2145 2456 2186; x_wconf 88' lang='lat' dir='ltr'><strong>eo.</strong></span> <span class='ocrx_word' id='word_1_490' title='bbox 2501 2129 2749 2186; x_wconf 84' lang='lat' dir='ltr'><strong>Accessit</strong></span> <span class='ocrx_word' id='word_1_491' title='bbox 2780 2138 2962 2184; x_wconf 86' lang='lat' dir='ltr'><strong>autem</strong></span> <span class='ocrx_word' id='word_1_492' title='bbox 3008 2128 3239 2195; x_wconf 88' lang='lat' dir='ltr'><strong>mulier,</strong></span> <span class='ocrx_word' id='word_1_493' title='bbox 3265 2147 3372 2185; x_wconf 89' lang='lat' dir='ltr'><strong>non</strong></span> <span class='ocrx_word' id='word_1_494' title='bbox 3401 2134 3673 2200; x_wconf 82' lang='lat' dir='ltr'><strong>peccatrix</strong></span> <span class='ocrx_word' id='word_1_495' title='bbox 3699 2148 3793 2189; x_wconf 83' lang='lat' dir='ltr'><strong>se-</strong></span> 
     </span>
    </p>
   </div>
   <div class='ocr_carea' id='block_1_67' title="bbox 2212 2218 3791 2287">
    <p class='ocr_par' dir='ltr' id='par_1_67' title="bbox 2212 2218 3791 2287">
     <span class='ocr_line' id='line_1_67' title="bbox 2212 2218 3791 2287; baseline 0.003 -12"><span class='ocrx_word' id='word_1_496' title='bbox 2212 2218 2453 2276; x_wconf 91' lang='lat' dir='ltr'><strong>cundum</strong></span> <span class='ocrx_word' id='word_1_497' title='bbox 2481 2218 2796 2274; x_wconf 78' lang='lat' dir='ltr'><strong>Matthamm</strong></span> <span class='ocrx_word' id='word_1_498' title='bbox 2826 2228 2882 2274; x_wconf 90' lang='lat' dir='ltr'><strong>et</strong></span> <span class='ocrx_word' id='word_1_499' title='bbox 2915 2218 3182 2287; x_wconf 82' lang='lat' dir='ltr'><strong>Marcum,</strong></span> <span class='ocrx_word' id='word_1_500' title='bbox 3209 2220 3543 2277; x_wconf 86' lang='lat' dir='ltr'><strong>alabastrum</strong></span> <span class='ocrx_word' id='word_1_501' title='bbox 3579 2223 3791 2280; x_wconf 80' lang='lat' dir='ltr'><strong>habens</strong></span> 
     </span>
    </p>
   </div>
   <div class='ocr_carea' id='block_1_68' title="bbox 2212 2309 3790 2386">
    <p class='ocr_par' dir='ltr' id='par_1_68' title="bbox 2212 2309 3790 2386">
     <span class='ocr_line' id='line_1_68' title="bbox 2212 2309 3790 2386; baseline 0.003 -19"><span class='ocrx_word' id='word_1_502' title='bbox 2212 2310 2480 2382; x_wconf 78' lang='lat' dir='ltr'><strong>unguenti</strong></span> <span class='ocrx_word' id='word_1_503' title='bbox 2523 2311 2770 2381; x_wconf 89' lang='lat' dir='ltr'><strong>pretiosi.</strong></span> <span class='ocrx_word' id='word_1_504' title='bbox 2820 2309 2891 2365; x_wconf 87' lang='lat' dir='ltr'><strong>Et</strong></span> <span class='ocrx_word' id='word_1_505' title='bbox 2930 2311 3217 2366; x_wconf 90' lang='lat' dir='ltr'><strong>considera</strong></span> <span class='ocrx_word' id='word_1_506' title='bbox 3249 2328 3414 2382; x_wconf 90' lang='lat' dir='ltr'><strong>quam</strong></span> <span class='ocrx_word' id='word_1_507' title='bbox 3454 2323 3612 2369; x_wconf 89' lang='lat' dir='ltr'><strong>caute</strong></span> <span class='ocrx_word' id='word_1_508' title='bbox 3641 2317 3790 2386; x_wconf 85' lang='lat' dir='ltr'><strong>apud</strong></span> 
     </span>
    </p>
   </div>
   <div class='ocr_carea' id='block_1_69' title="bbox 2212 2402 3788 2477">
    <p class='ocr_par' dir='ltr' id='par_1_69' title="bbox 2212 2402 3788 2477">
     <span class='ocr_line' id='line_1_69' title="bbox 2212 2402 3788 2477; baseline 0.004 -21"><span class='ocrx_word' id='word_1_509' title='bbox 2212 2403 2314 2458; x_wconf 91' lang='lat' dir='ltr'><strong>hos</strong></span> <span class='ocrx_word' id='word_1_510' title='bbox 2332 2402 2425 2473; x_wconf 89' lang='lat' dir='ltr'><strong>qui</strong></span> <span class='ocrx_word' id='word_1_511' title='bbox 2450 2402 2805 2471; x_wconf 89' lang='lat' dir='ltr'><strong>peccatricem</strong></span> <span class='ocrx_word' id='word_1_512' title='bbox 2828 2417 2933 2459; x_wconf 91' lang='lat' dir='ltr'><strong>non</strong></span> <span class='ocrx_word' id='word_1_513' title='bbox 2960 2402 3282 2470; x_wconf 89' lang='lat' dir='ltr'><strong>retulerunt,</strong></span> <span class='ocrx_word' id='word_1_514' title='bbox 3305 2416 3636 2477; x_wconf 79' lang='lat' dir='ltr'><strong>unguentum</strong></span> <span class='ocrx_word' id='word_1_515' title='bbox 3662 2408 3788 2476; x_wconf 84' lang='lat' dir='ltr'><strong>ejus</strong></span> 
     </span>
    </p>
   </div>
   <div class='ocr_carea' id='block_1_70' title="bbox 2211 2494 3781 2568">
    <p class='ocr_par' dir='ltr' id='par_1_70' title="bbox 2211 2494 3781 2568">
     <span class='ocr_line' id='line_1_70' title="bbox 2211 2494 3781 2568; baseline 0.003 -20"><span class='ocrx_word' id='word_1_516' title='bbox 2211 2495 2370 2565; x_wconf 86' lang='lat' dir='ltr'><strong>quasi</strong></span> <span class='ocrx_word' id='word_1_517' title='bbox 2400 2495 2702 2565; x_wconf 83' lang='lat' dir='ltr'><strong>pretiosum</strong></span> <span class='ocrx_word' id='word_1_518' title='bbox 2735 2495 3011 2550; x_wconf 88' lang='lat' dir='ltr'><strong>laudatur.</strong></span> <span class='ocrx_word' id='word_1_519' title='bbox 3034 2495 3189 2564; x_wconf 84' lang='lat' dir='ltr'><strong>Apud</strong></span> <span class='ocrx_word' id='word_1_520' title='bbox 3219 2494 3425 2551; x_wconf 83' lang='lat' dir='ltr'><strong>Lucam</strong></span> <span class='ocrx_word' id='word_1_521' title='bbox 3454 2508 3647 2561; x_wconf 86' lang='lat' dir='ltr'><strong>autem,</strong></span> <span class='ocrx_word' id='word_1_522' title='bbox 3681 2501 3781 2568; x_wconf 87' lang='lat' dir='ltr'><strong>qui</strong></span> 
     </span>
    </p>
   </div>
   <div class='ocr_carea' id='block_1_71' title="bbox 2210 2587 3779 2659">
    <p class='ocr_par' dir='ltr' id='par_1_71' title="bbox 2210 2587 3779 2659">
     <span class='ocr_line' id='line_1_71' title="bbox 2210 2587 3779 2659; baseline 0.002 -18"><span class='ocrx_word' id='word_1_523' title='bbox 2210 2587 2466 2656; x_wconf 88' lang='lat' dir='ltr'><strong>exposuit</strong></span> <span class='ocrx_word' id='word_1_524' title='bbox 2500 2587 2897 2657; x_wconf 86' lang='lat' dir='ltr'><strong>peccatricem,</strong></span> <span class='ocrx_word' id='word_1_525' title='bbox 2943 2595 3277 2659; x_wconf 86' lang='lat' dir='ltr'><strong>unguentum</strong></span> <span class='ocrx_word' id='word_1_526' title='bbox 3321 2590 3626 2659; x_wconf 78' lang='lat' dir='ltr'><strong>simpliciter</strong></span> <span class='ocrx_word' id='word_1_527' title='bbox 3672 2606 3779 2649; x_wconf 83' lang='lat' dir='ltr'><strong>no-</strong></span> 
     </span>
    </p>
   </div>
   <div class='ocr_carea' id='block_1_72' title="bbox 2212 2675 3781 2749">
    <p class='ocr_par' dir='ltr' id='par_1_72' title="bbox 2212 2675 3781 2749">
     <span class='ocr_line' id='line_1_72' title="bbox 2212 2675 3781 2749; baseline 0.004 -21"><span class='ocrx_word' id='word_1_528' title='bbox 2212 2675 2485 2743; x_wconf 88' lang='lat' dir='ltr'><strong>minatur,</strong></span> <span class='ocrx_word' id='word_1_529' title='bbox 2517 2690 2617 2731; x_wconf 91' lang='lat' dir='ltr'><strong>nec</strong></span> <span class='ocrx_word' id='word_1_530' title='bbox 2648 2676 2978 2747; x_wconf 88' lang='lat' dir='ltr'><strong>pretiosum,</strong></span> <span class='ocrx_word' id='word_1_531' title='bbox 3013 2693 3116 2733; x_wconf 90' lang='lat' dir='ltr'><strong>nec</strong></span> <span class='ocrx_word' id='word_1_532' title='bbox 3141 2678 3299 2733; x_wconf 85' lang='lat' dir='ltr'><strong>nardi</strong></span> <span class='ocrx_word' id='word_1_533' title='bbox 3341 2679 3568 2749; x_wconf 71' lang='lat' dir='ltr'><strong>pisticae,</strong></span> <span class='ocrx_word' id='word_1_534' title='bbox 3603 2689 3665 2733; x_wconf 91' lang='lat' dir='ltr'><strong>ut</strong></span> <span class='ocrx_word' id='word_1_535' title='bbox 3706 2695 3781 2736; x_wconf 89' lang='lat' dir='ltr'><strong>ex</strong></span> 
     </span>
    </p>
   </div>
   <div class='ocr_carea' id='block_1_73' title="bbox 2210 2769 3782 2838">
    <p class='ocr_par' dir='ltr' id='par_1_73' title="bbox 2210 2769 3782 2838">
     <span class='ocr_line' id='line_1_73' title="bbox 2210 2769 3782 2838; baseline 0.004 -16"><span class='ocrx_word' id='word_1_536' title='bbox 2210 2769 2381 2824; x_wconf 87' lang='lat' dir='ltr'><strong>odore</strong></span> <span class='ocrx_word' id='word_1_537' title='bbox 2420 2769 2541 2838; x_wconf 83' lang='lat' dir='ltr'><strong>ejus</strong></span> <span class='ocrx_word' id='word_1_538' title='bbox 2582 2769 2898 2838; x_wconf 89' lang='lat' dir='ltr'><strong>impleretur</strong></span> <span class='ocrx_word' id='word_1_539' title='bbox 2927 2771 3140 2827; x_wconf 89' lang='lat' dir='ltr'><strong>domus.</strong></span> <span class='ocrx_word' id='word_1_540' title='bbox 3172 2771 3368 2827; x_wconf 85' lang='lat' dir='ltr'><strong>Adhuc</strong></span> <span class='ocrx_word' id='word_1_541' title='bbox 3402 2773 3545 2827; x_wconf 88' lang='lat' dir='ltr'><strong>enim</strong></span> <span class='ocrx_word' id='word_1_542' title='bbox 3579 2774 3782 2828; x_wconf 87' lang='lat' dir='ltr'><strong>habere</strong></span> 
     </span>
    </p>
   </div>
   <div class='ocr_carea' id='block_1_74' title="bbox 2210 2848 3779 2932">
    <p class='ocr_par' dir='ltr' id='par_1_74' title="bbox 2210 2848 3779 2932">
     <span class='ocr_line' id='line_1_74' title="bbox 2210 2848 3779 2932; baseline 0.003 -18"><span class='ocrx_word' id='word_1_543' title='bbox 2210 2873 2321 2914; x_wconf 88' lang='lat' dir='ltr'><strong>non</strong></span> <span class='ocrx_word' id='word_1_544' title='bbox 2344 2868 2558 2929; x_wconf 88' lang='lat' dir='ltr'><strong>poterat</strong></span> <span class='ocrx_word' id='word_1_545' title='bbox 2586 2870 2859 2930; x_wconf 83' lang='lat' dir='ltr'><strong>unguenta</strong></span> <span class='ocrx_word' id='word_1_546' title='bbox 2888 2861 3200 2932; x_wconf 85' lang='lat' dir='ltr'><strong>hujusmodi</strong></span> <span class='ocrx_word' id='word_1_547' title='bbox 3231 2881 3246 2929; x_wconf 89' lang='lat'><strong>;</strong></span> <span class='ocrx_word' id='word_1_548' title='bbox 3278 2864 3375 2919; x_wconf 88' lang='lat' dir='ltr'><strong>sed</strong></span> <span class='ocrx_word' id='word_1_549' title='bbox 3403 2865 3507 2921; x_wconf 87' lang='lat' dir='ltr'><strong>hoc</strong></span> <span class='ocrx_word' id='word_1_550' title='bbox 3526 2848 3642 2920; x_wconf 88' lang='lat' dir='ltr'><strong>erat</strong></span> <span class='ocrx_word' id='word_1_551' title='bbox 3666 2881 3779 2919; x_wconf 85' lang='lat' dir='ltr'><strong>ma-</strong></span> 
     </span>
    </p>
   </div>
   <div class='ocr_carea' id='block_1_75' title="bbox 2210 2952 3773 3027">
    <p class='ocr_par' dir='ltr' id='par_1_75' title="bbox 2210 2952 3773 3027">
     <span class='ocr_line' id='line_1_75' title="bbox 2210 2952 3773 3027; baseline 0.004 -23"><span class='ocrx_word' id='word_1_552' title='bbox 2210 2966 2409 3020; x_wconf 89' lang='lat' dir='ltr'><strong>gnum,</strong></span> <span class='ocrx_word' id='word_1_553' title='bbox 2442 2952 2569 3020; x_wconf 85' lang='lat' dir='ltr'><strong>quia</strong></span> <span class='ocrx_word' id='word_1_554' title='bbox 2613 2953 2695 3007; x_wconf 76' lang='lat' dir='ltr'><strong>vel</strong></span> <span class='ocrx_word' id='word_1_555' title='bbox 2730 2961 3006 3023; x_wconf 88' lang='lat' dir='ltr'><strong>unguento</strong></span> <span class='ocrx_word' id='word_1_556' title='bbox 3053 2963 3265 3023; x_wconf 88' lang='lat' dir='ltr'><strong>poterat</strong></span> <span class='ocrx_word' id='word_1_557' title='bbox 3313 2972 3517 3027; x_wconf 87' lang='lat' dir='ltr'><strong>ungere</strong></span> <span class='ocrx_word' id='word_1_558' title='bbox 3567 2957 3773 3011; x_wconf 81' lang='lat' dir='ltr'><strong>Domini</strong></span> 
     </span>
    </p>
   </div>
   <div class='ocr_carea' id='block_1_76' title="bbox 2134 3043 3768 3128">
    <p class='ocr_par' dir='ltr' id='par_1_76' title="bbox 2134 3043 3768 3128">
     <span class='ocr_line' id='line_1_76' title="bbox 2134 3043 3768 3128; baseline 0.003 -29"><span class='ocrx_word' id='word_1_559' title='bbox 2134 3070 2179 3128; x_wconf 66' lang='grc' dir='ltr'>α</span> <span class='ocrx_word' id='word_1_560' title='bbox 2211 3044 2395 3114; x_wconf 88' lang='lat' dir='ltr'><strong>pedes.</strong></span> <span class='ocrx_word' id='word_1_561' title='bbox 2428 3043 2603 3115; x_wconf 82' lang='lat' dir='ltr'><strong>Hujus</strong></span> <span class='ocrx_word' id='word_1_562' title='bbox 2635 3053 2814 3100; x_wconf 84' lang='lat' dir='ltr'><strong>autem</strong></span> <span class='ocrx_word' id='word_1_563' title='bbox 2855 3046 3101 3102; x_wconf 88' lang='lat' dir='ltr'><strong>mulieris</strong></span> <span class='ocrx_word' id='word_1_564' title='bbox 3135 3048 3433 3116; x_wconf 89' lang='lat' dir='ltr'><strong>pretiosum</strong></span> <span class='ocrx_word' id='word_1_565' title='bbox 3471 3047 3643 3103; x_wconf 90' lang='lat' dir='ltr'><strong>fertur</strong></span> <span class='ocrx_word' id='word_1_566' title='bbox 3677 3066 3768 3104; x_wconf 87' lang='lat' dir='ltr'><strong>un-</strong></span> 
     </span>
    </p>
   </div>
   <div class='ocr_carea' id='block_1_77' title="bbox 2214 3134 3773 3211">
    <p class='ocr_par' dir='ltr' id='par_1_77' title="bbox 2214 3134 3773 3211">
     <span class='ocr_line' id='line_1_77' title="bbox 2214 3134 3773 3211; baseline 0.004 -21"><span class='ocrx_word' id='word_1_567' title='bbox 2214 3145 2498 3206; x_wconf 88' lang='lat' dir='ltr'><strong>guentum.</strong></span> <span class='ocrx_word' id='word_1_568' title='bbox 2535 3134 2647 3192; x_wconf 86' lang='lat' dir='ltr'><strong>Nec</strong></span> <span class='ocrx_word' id='word_1_569' title='bbox 2687 3139 2833 3191; x_wconf 88' lang='lat' dir='ltr'><strong>enim</strong></span> <span class='ocrx_word' id='word_1_570' title='bbox 2884 3137 3111 3193; x_wconf 88' lang='lat' dir='ltr'><strong>decebat</strong></span> <span class='ocrx_word' id='word_1_571' title='bbox 3152 3153 3275 3194; x_wconf 90' lang='lat' dir='ltr'><strong>esse</strong></span> <span class='ocrx_word' id='word_1_572' title='bbox 3320 3155 3429 3195; x_wconf 90' lang='lat' dir='ltr'><strong>non</strong></span> <span class='ocrx_word' id='word_1_573' title='bbox 3479 3142 3773 3211; x_wconf 86' lang='lat' dir='ltr'><strong>pretiosum</strong></span> 
     </span>
    </p>
   </div>
   <div class='ocr_carea' id='block_1_78' title="bbox 2210 3227 3776 3317">
    <p class='ocr_par' dir='ltr' id='par_1_78' title="bbox 2210 3227 3776 3317">
     <span class='ocr_line' id='line_1_78' title="bbox 2210 3227 3776 3317; baseline 0.003 -35"><span class='ocrx_word' id='word_1_574' title='bbox 2210 3227 2355 3296; x_wconf 89' lang='lat' dir='ltr'><strong>quod</strong></span> <span class='ocrx_word' id='word_1_575' title='bbox 2386 3242 2548 3296; x_wconf 89' lang='lat' dir='ltr'><strong>super</strong></span> <span class='ocrx_word' id='word_1_576' title='bbox 2583 3237 2749 3317; x_wconf 67' lang='lat' dir='ltr'><strong>caput</strong></span> <span class='ocrx_word' id='word_1_577' title='bbox 2777 3227 3076 3284; x_wconf 78' lang='lat' dir='ltr'><strong>Salvatoris</strong></span> <span class='ocrx_word' id='word_1_578' title='bbox 3109 3229 3504 3287; x_wconf 79' lang='lat' dir='ltr'><strong>etfundebatur.</strong></span> <span class='ocrx_word' id='word_1_579' title='bbox 3529 3231 3597 3286; x_wconf 89' lang='lat' dir='ltr'><strong>Et</strong></span> <span class='ocrx_word' id='word_1_580' title='bbox 3617 3248 3776 3304; x_wconf 83' lang='lat' dir='ltr'><strong>super</strong></span> 
     </span>
    </p>
   </div>
   <div class='ocr_carea' id='block_1_79' title="bbox 2210 3319 3776 3392">
    <p class='ocr_par' dir='ltr' id='par_1_79' title="bbox 2210 3319 3776 3392">
     <span class='ocr_line' id='line_1_79' title="bbox 2210 3319 3776 3392; baseline 0.004 -21"><span class='ocrx_word' id='word_1_581' title='bbox 2210 3327 2545 3387; x_wconf 89' lang='lat' dir='ltr'><strong>unguentum</strong></span> <span class='ocrx_word' id='word_1_582' title='bbox 2602 3319 2823 3388; x_wconf 88' lang='lat' dir='ltr'><strong>quidem</strong></span> <span class='ocrx_word' id='word_1_583' title='bbox 2882 3320 3202 3390; x_wconf 89' lang='lat' dir='ltr'><strong>peccatricis</strong></span> <span class='ocrx_word' id='word_1_584' title='bbox 3256 3323 3508 3392; x_wconf 87' lang='lat' dir='ltr'><strong>ungentis</strong></span> <span class='ocrx_word' id='word_1_585' title='bbox 3558 3323 3776 3379; x_wconf 85' lang='lat' dir='ltr'><strong>Domini</strong></span> 
     </span>
    </p>
   </div>
   <div class='ocr_carea' id='block_1_80' title="bbox 2206 3408 3775 3482">
    <p class='ocr_par' dir='ltr' id='par_1_80' title="bbox 2206 3408 3775 3482">
     <span class='ocr_line' id='line_1_80' title="bbox 2206 3408 3775 3482; baseline 0.005 -21"><span class='ocrx_word' id='word_1_586' title='bbox 2206 3408 2395 3478; x_wconf 83' lang='lat' dir='ltr'><strong>pedes,</strong></span> <span class='ocrx_word' id='word_1_587' title='bbox 2423 3419 2478 3464; x_wconf 90' lang='lat' dir='ltr'><strong>et</strong></span> <span class='ocrx_word' id='word_1_588' title='bbox 2502 3425 2611 3464; x_wconf 89' lang='lat' dir='ltr'><strong>non</strong></span> <span class='ocrx_word' id='word_1_589' title='bbox 2648 3408 2976 3467; x_wconf 78' lang='lat' dir='ltr'><strong>eiiundentis</strong></span> <span class='ocrx_word' id='word_1_590' title='bbox 2993 3452 3011 3479; x_wconf 91' lang='lat'><strong>,</strong></span> <span class='ocrx_word' id='word_1_591' title='bbox 3042 3427 3220 3482; x_wconf 90' lang='lat' dir='ltr'><strong>neque</strong></span> <span class='ocrx_word' id='word_1_592' title='bbox 3247 3412 3501 3482; x_wconf 85' lang='lat' dir='ltr'><strong>indignati</strong></span> <span class='ocrx_word' id='word_1_593' title='bbox 3528 3423 3659 3470; x_wconf 88' lang='lat' dir='ltr'><strong>sunt</strong></span> <span class='ocrx_word' id='word_1_594' title='bbox 3684 3416 3775 3469; x_wconf 82' lang='lat' dir='ltr'><strong>di-</strong></span> 
     </span>
    </p>
   </div>
   <div class='ocr_carea' id='block_1_81' title="bbox 2207 3499 3779 3571">
    <p class='ocr_par' dir='ltr' id='par_1_81' title="bbox 2207 3499 3779 3571">
     <span class='ocr_line' id='line_1_81' title="bbox 2207 3499 3779 3571; baseline 0.001 -14"><span class='ocrx_word' id='word_1_595' title='bbox 2207 3499 2437 3571; x_wconf 89' lang='lat' dir='ltr'><strong>scipuli,</strong></span> <span class='ocrx_word' id='word_1_596' title='bbox 2480 3516 2656 3571; x_wconf 89' lang='lat' dir='ltr'><strong>neque</strong></span> <span class='ocrx_word' id='word_1_597' title='bbox 2675 3501 3008 3568; x_wconf 87' lang='lat' dir='ltr'><strong>doluerunt,</strong></span> <span class='ocrx_word' id='word_1_598' title='bbox 3048 3516 3149 3557; x_wconf 89' lang='lat' dir='ltr'><strong>nec</strong></span> <span class='ocrx_word' id='word_1_599' title='bbox 3188 3502 3323 3557; x_wconf 91' lang='lat' dir='ltr'><strong>dixit</strong></span> <span class='ocrx_word' id='word_1_600' title='bbox 3345 3500 3555 3558; x_wconf 76' lang='lat' dir='ltr'><strong>ludas:</strong></span> <span class='ocrx_word' id='word_1_601' title='bbox 3590 3500 3779 3568; x_wconf 80' lang='lat' dir='ltr'><strong>Quare</strong></span> 
     </span>
    </p>
   </div>
   <div class='ocr_carea' id='block_1_82' title="bbox 2205 3594 3771 3663">
    <p class='ocr_par' dir='ltr' id='par_1_82' title="bbox 2205 3594 3771 3663">
     <span class='ocr_line' id='line_1_82' title="bbox 2205 3594 3771 3663; baseline 0.001 -17"><span class='ocrx_word' id='word_1_602' title='bbox 2205 3607 2526 3663; x_wconf 80' lang='lat' dir='ltr'><strong>unguentum</strong></span> <span class='ocrx_word' id='word_1_603' title='bbox 2551 3596 2648 3649; x_wconf 77' lang='lat' dir='ltr'><strong>hoc</strong></span> <span class='ocrx_word' id='word_1_604' title='bbox 2670 3611 2773 3648; x_wconf 87' lang='lat' dir='ltr'><strong>non</strong></span> <span class='ocrx_word' id='word_1_605' title='bbox 2787 3605 2864 3649; x_wconf 75' lang='lat' dir='ltr'><strong>est</strong></span> <span class='ocrx_word' id='word_1_606' title='bbox 2882 3595 3236 3649; x_wconf 75' lang='lat' dir='ltr'><strong>venundatum</strong></span> <span class='ocrx_word' id='word_1_607' title='bbox 3257 3595 3495 3648; x_wconf 78' lang='lat' dir='ltr'><strong>trecentis</strong></span> <span class='ocrx_word' id='word_1_608' title='bbox 3512 3594 3771 3657; x_wconf 78' lang='lat' dir='ltr'><strong>denariis,</strong></span> 
     </span>
    </p>
   </div>
   <div class='ocr_carea' id='block_1_83' title="bbox 2204 3685 3768 3756">
    <p class='ocr_par' dir='ltr' id='par_1_83' title="bbox 2204 3685 3768 3756">
     <span class='ocr_line' id='line_1_83' title="bbox 2204 3685 3768 3756; baseline -0.002 -15"><span class='ocrx_word' id='word_1_609' title='bbox 2204 3696 2252 3741; x_wconf 85' lang='lat' dir='ltr'><strong>et</strong></span> <span class='ocrx_word' id='word_1_610' title='bbox 2291 3687 2475 3741; x_wconf 85' lang='lat' dir='ltr'><strong>datum</strong></span> <span class='ocrx_word' id='word_1_611' title='bbox 2495 3698 2569 3741; x_wconf 82' lang='lat' dir='ltr'><strong>est</strong></span> <span class='ocrx_word' id='word_1_612' title='bbox 2602 3686 2917 3756; x_wconf 77' lang='lat' dir='ltr'><strong>pauperibus</strong></span> <span class='ocrx_word' id='word_1_613' title='bbox 2942 3685 3033 3739; x_wconf 75' lang='lat'><strong>“7</strong></span> <span class='ocrx_word' id='word_1_614' title='bbox 3066 3686 3240 3755; x_wconf 91' lang='lat' dir='ltr'><strong>Super</strong></span> <span class='ocrx_word' id='word_1_615' title='bbox 3267 3686 3550 3741; x_wconf 88' lang='lat' dir='ltr'><strong>mulierem</strong></span> <span class='ocrx_word' id='word_1_616' title='bbox 3590 3696 3768 3740; x_wconf 81' lang='lat' dir='ltr'><strong>autem</strong></span> 
     </span>
    </p>
   </div>
   <div class='ocr_carea' id='block_1_84' title="bbox 2204 3777 3763 3849">
    <p class='ocr_par' dir='ltr' id='par_1_84' title="bbox 2204 3777 3763 3849">
     <span class='ocr_line' id='line_1_84' title="bbox 2204 3777 3763 3849; baseline -0.003 -17"><span class='ocrx_word' id='word_1_617' title='bbox 2204 3778 2347 3847; x_wconf 84' lang='lat' dir='ltr'><strong>apud</strong></span> <span class='ocrx_word' id='word_1_618' title='bbox 2371 3777 2684 3833; x_wconf 74' lang='lat' dir='ltr'><strong>Matthzeum</strong></span> <span class='ocrx_word' id='word_1_619' title='bbox 2706 3790 2759 3833; x_wconf 90' lang='lat' dir='ltr'><strong>et</strong></span> <span class='ocrx_word' id='word_1_620' title='bbox 2780 3778 3023 3834; x_wconf 83' lang='lat' dir='ltr'><strong>Marcum</strong></span> <span class='ocrx_word' id='word_1_621' title='bbox 3049 3778 3312 3849; x_wconf 87' lang='lat' dir='ltr'><strong>indignati</strong></span> <span class='ocrx_word' id='word_1_622' title='bbox 3336 3786 3465 3833; x_wconf 90' lang='lat' dir='ltr'><strong>sunt</strong></span> <span class='ocrx_word' id='word_1_623' title='bbox 3492 3777 3763 3846; x_wconf 86' lang='lat' dir='ltr'><strong>discipuli,</strong></span> 
     </span>
    </p>
   </div>
   <div class='ocr_carea' id='block_1_85' title="bbox 2205 3869 3767 3940">
    <p class='ocr_par' dir='ltr' id='par_1_85' title="bbox 2205 3869 3767 3940">
     <span class='ocr_line' id='line_1_85' title="bbox 2205 3869 3767 3940; baseline -0.002 -15"><span class='ocrx_word' id='word_1_624' title='bbox 2205 3880 2260 3925; x_wconf 91' lang='lat' dir='ltr'><strong>et</strong></span> <span class='ocrx_word' id='word_1_625' title='bbox 2280 3870 2575 3926; x_wconf 89' lang='lat' dir='ltr'><strong>doluerunt</strong></span> <span class='ocrx_word' id='word_1_626' title='bbox 2597 3870 2956 3939; x_wconf 89' lang='lat' dir='ltr'><strong>perditionem</strong></span> <span class='ocrx_word' id='word_1_627' title='bbox 2987 3869 3246 3940; x_wconf 89' lang='lat' dir='ltr'><strong>unguenti</strong></span> <span class='ocrx_word' id='word_1_628' title='bbox 3277 3869 3422 3938; x_wconf 91' lang='lat' dir='ltr'><strong>quod</strong></span> <span class='ocrx_word' id='word_1_629' title='bbox 3450 3869 3767 3923; x_wconf 86' lang='lat' dir='ltr'><strong>decurrebat</strong></span> 
     </span>
    </p>
   </div>
   <div class='ocr_carea' id='block_1_86' title="bbox 2202 3957 3765 4031">
    <p class='ocr_par' dir='ltr' id='par_1_86' title="bbox 2202 3957 3765 4031">
     <span class='ocr_line' id='line_1_86' title="bbox 2202 3957 3765 4031; baseline 0 -16"><span class='ocrx_word' id='word_1_630' title='bbox 2202 3978 2232 4015; x_wconf 88' lang='lat' dir='ltr'><strong>a</strong></span> <span class='ocrx_word' id='word_1_631' title='bbox 2264 3962 2441 4031; x_wconf 89' lang='lat' dir='ltr'><strong>capite</strong></span> <span class='ocrx_word' id='word_1_632' title='bbox 2459 3960 2580 4031; x_wconf 89' lang='lat' dir='ltr'><strong>ejus</strong></span> <span class='ocrx_word' id='word_1_633' title='bbox 2607 3959 2677 4015; x_wconf 87' lang='lat' dir='ltr'><strong>ad</strong></span> <span class='ocrx_word' id='word_1_634' title='bbox 2712 3969 2968 4016; x_wconf 67' lang='lat' dir='ltr'><strong>caeterum</strong></span> <span class='ocrx_word' id='word_1_635' title='bbox 3000 3975 3220 4029; x_wconf 89' lang='lat' dir='ltr'><strong>corpus.</strong></span> <span class='ocrx_word' id='word_1_636' title='bbox 3249 3957 3386 4014; x_wconf 86' lang='lat' dir='ltr'><strong>Nam</strong></span> <span class='ocrx_word' id='word_1_637' title='bbox 3415 3961 3518 4015; x_wconf 88' lang='lat' dir='ltr'><strong>etsi</strong></span> <span class='ocrx_word' id='word_1_638' title='bbox 3563 3971 3765 4029; x_wconf 82' lang='lat' dir='ltr'><strong>poterat</strong></span> 
     </span>
    </p>
   </div>
   <div class='ocr_carea' id='block_1_87' title="bbox 2202 4051 3759 4124">
    <p class='ocr_par' dir='ltr' id='par_1_87' title="bbox 2202 4051 3759 4124">
     <span class='ocr_line' id='line_1_87' title="bbox 2202 4051 3759 4124; baseline -0.003 -15"><span class='ocrx_word' id='word_1_639' title='bbox 2202 4054 2504 4109; x_wconf 88' lang='lat' dir='ltr'><strong>venundari</strong></span> <span class='ocrx_word' id='word_1_640' title='bbox 2555 4061 2891 4124; x_wconf 87' lang='lat' dir='ltr'><strong>unguentum</strong></span> <span class='ocrx_word' id='word_1_641' title='bbox 2942 4052 3073 4108; x_wconf 87' lang='lat' dir='ltr'><strong>illud</strong></span> <span class='ocrx_word' id='word_1_642' title='bbox 3118 4053 3292 4107; x_wconf 90' lang='lat' dir='ltr'><strong>multo</strong></span> <span class='ocrx_word' id='word_1_643' title='bbox 3332 4053 3506 4122; x_wconf 89' lang='lat' dir='ltr'><strong>pretio</strong></span> <span class='ocrx_word' id='word_1_644' title='bbox 3550 4062 3604 4107; x_wconf 92' lang='lat' dir='ltr'><strong>et</strong></span> <span class='ocrx_word' id='word_1_645' title='bbox 3647 4051 3759 4107; x_wconf 83' lang='lat' dir='ltr'><strong>dari</strong></span> 
     </span>
    </p>
   </div>
   <div class='ocr_carea' id='block_1_88' title="bbox 2201 4141 3761 4217">
    <p class='ocr_par' dir='ltr' id='par_1_88' title="bbox 2201 4141 3761 4217">
     <span class='ocr_line' id='line_1_88' title="bbox 2201 4141 3761 4217; baseline -0.004 -17"><span class='ocrx_word' id='word_1_646' title='bbox 2201 4146 2552 4217; x_wconf 90' lang='lat' dir='ltr'><strong>pauperibus,</strong></span> <span class='ocrx_word' id='word_1_647' title='bbox 2583 4153 2762 4199; x_wconf 84' lang='lat' dir='ltr'><strong>tamen</strong></span> <span class='ocrx_word' id='word_1_648' title='bbox 2794 4158 2901 4199; x_wconf 90' lang='lat' dir='ltr'><strong>non</strong></span> <span class='ocrx_word' id='word_1_649' title='bbox 2930 4143 3159 4198; x_wconf 91' lang='lat' dir='ltr'><strong>debebat</strong></span> <span class='ocrx_word' id='word_1_650' title='bbox 3186 4142 3302 4198; x_wconf 82' lang='lat' dir='ltr'><strong>ﬁeri</strong></span> <span class='ocrx_word' id='word_1_651' title='bbox 3329 4144 3450 4209; x_wconf 92' lang='lat' dir='ltr'><strong>hoc,</strong></span> <span class='ocrx_word' id='word_1_652' title='bbox 3477 4141 3604 4212; x_wconf 90' lang='lat' dir='ltr'><strong>quia</strong></span> <span class='ocrx_word' id='word_1_653' title='bbox 3634 4157 3761 4196; x_wconf 84' lang='lat' dir='ltr'><strong>con-</strong></span> 
     </span>
    </p>
   </div>
   <div class='ocr_carea' id='block_1_89' title="bbox 2197 4233 3757 4304">
    <p class='ocr_par' dir='ltr' id='par_1_89' title="bbox 2197 4233 3757 4304">
     <span class='ocr_line' id='line_1_89' title="bbox 2197 4233 3757 4304; baseline -0.003 -13"><span class='ocrx_word' id='word_1_654' title='bbox 2197 4237 2419 4292; x_wconf 87' lang='lat' dir='ltr'><strong>veniens</strong></span> <span class='ocrx_word' id='word_1_655' title='bbox 2441 4246 2558 4291; x_wconf 88' lang='lat' dir='ltr'><strong>erat</strong></span> <span class='ocrx_word' id='word_1_656' title='bbox 2586 4251 2750 4304; x_wconf 87' lang='lat' dir='ltr'><strong>super</strong></span> <span class='ocrx_word' id='word_1_657' title='bbox 2771 4245 2934 4304; x_wconf 90' lang='lat' dir='ltr'><strong>caput</strong></span> <span class='ocrx_word' id='word_1_658' title='bbox 2957 4234 3160 4291; x_wconf 89' lang='lat' dir='ltr'><strong>Christi</strong></span> <span class='ocrx_word' id='word_1_659' title='bbox 3183 4233 3563 4289; x_wconf 88' lang='lat' dir='ltr'><strong>infunderetur</strong></span> <span class='ocrx_word' id='word_1_660' title='bbox 3580 4242 3757 4288; x_wconf 87' lang='lat' dir='ltr'><strong>sancta</strong></span> 
     </span>
    </p>
   </div>
   <div class='ocr_carea' id='block_1_90' title="bbox 2196 4322 3759 4391">
    <p class='ocr_par' dir='ltr' id='par_1_90' title="bbox 2196 4322 3759 4391">
     <span class='ocr_line' id='line_1_90' title="bbox 2196 4322 3759 4391; baseline -0.004 -8"><span class='ocrx_word' id='word_1_661' title='bbox 2196 4340 2249 4383; x_wconf 92' lang='lat' dir='ltr'><strong>et</strong></span> <span class='ocrx_word' id='word_1_662' title='bbox 2277 4328 2487 4382; x_wconf 89' lang='lat' dir='ltr'><strong>decenti</strong></span> <span class='ocrx_word' id='word_1_663' title='bbox 2527 4325 2824 4381; x_wconf 85' lang='lat' dir='ltr'><strong>infusionc.</strong></span> <span class='ocrx_word' id='word_1_664' title='bbox 2856 4324 2958 4391; x_wconf 86' lang='lat' dir='ltr'><strong>Qui</strong></span> <span class='ocrx_word' id='word_1_665' title='bbox 2983 4336 3164 4381; x_wconf 84' lang='lat' dir='ltr'><strong>autem</strong></span> <span class='ocrx_word' id='word_1_666' title='bbox 3199 4322 3535 4381; x_wconf 81' lang='lat' dir='ltr'><strong>centcndunt</strong></span> <span class='ocrx_word' id='word_1_667' title='bbox 3568 4324 3759 4378; x_wconf 90' lang='lat' dir='ltr'><strong>intelli-</strong></span> 
     </span>
    </p>
   </div>
   <div class='ocr_carea' id='block_1_91' title="bbox 514 4414 3756 4494">
    <p class='ocr_par' dir='ltr' id='par_1_91' title="bbox 514 4414 3756 4494">
     <span class='ocr_line' id='line_1_91' title="bbox 514 4414 3756 4494; baseline -0.001 -19"><span class='ocrx_word' id='word_1_668' title='bbox 514 4428 698 4473; x_wconf 85' lang='lat' dir='ltr'><strong>autem</strong></span> <span class='ocrx_word' id='word_1_669' title='bbox 736 4432 845 4471; x_wconf 86' lang='lat' dir='ltr'><strong>non</strong></span> <span class='ocrx_word' id='word_1_670' title='bbox 888 4416 984 4471; x_wconf 80' lang='lat' dir='ltr'><strong>tali</strong></span> <span class='ocrx_word' id='word_1_671' title='bbox 1021 4416 1240 4485; x_wconf 81' lang='lat' dir='ltr'><strong>quidem</strong></span> <span class='ocrx_word' id='word_1_672' title='bbox 1264 4456 1279 4481; x_wconf 85' lang='lat'><strong>,</strong></span> <span class='ocrx_word' id='word_1_673' title='bbox 1330 4423 1510 4470; x_wconf 76' lang='lat' dir='ltr'><strong>tamen</strong></span> <span class='ocrx_word' id='word_1_674' title='bbox 1540 4422 1595 4468; x_wconf 81' lang='lat' dir='ltr'><strong>el</strong></span> <span class='ocrx_word' id='word_1_675' title='bbox 1624 4414 1726 4482; x_wconf 81' lang='lat' dir='ltr'><strong>ipsi</strong></span> <span class='ocrx_word' id='word_1_676' title='bbox 1771 4414 2090 4494; x_wconf 66' lang='lat' dir='ltr'><strong>acceptabili</strong></span> <span class='ocrx_word' id='word_1_677' title='bbox 2123 4421 2165 4475; x_wconf 89' lang='lat' dir='ltr'><strong>D</strong></span> <span class='ocrx_word' id='word_1_678' title='bbox 2194 4438 2319 4494; x_wconf 83' lang='lat' dir='ltr'><strong>gere</strong></span> <span class='ocrx_word' id='word_1_679' title='bbox 2353 4424 2456 4476; x_wconf 90' lang='lat' dir='ltr'><strong>ista</strong></span> <span class='ocrx_word' id='word_1_680' title='bbox 2485 4421 2785 4477; x_wconf 85' lang='lat' dir='ltr'><strong>secundum</strong></span> <span class='ocrx_word' id='word_1_681' title='bbox 2815 4420 3116 4489; x_wconf 81' lang='lat' dir='ltr'><strong>simplicem</strong></span> <span class='ocrx_word' id='word_1_682' title='bbox 3151 4429 3352 4474; x_wconf 83' lang='lat' dir='ltr'><strong>textum</strong></span> <span class='ocrx_word' id='word_1_683' title='bbox 3372 4460 3389 4484; x_wconf 91' lang='lat'><strong>,</strong></span> <span class='ocrx_word' id='word_1_684' title='bbox 3414 4418 3600 4473; x_wconf 91' lang='lat' dir='ltr'><strong>dicant</strong></span> <span class='ocrx_word' id='word_1_685' title='bbox 3627 4415 3756 4472; x_wconf 63' lang='lat' dir='ltr'><strong>elfu«</strong></span> 
     </span>
    </p>
   </div>
   <div class='ocr_carea' id='block_1_92' title="bbox 515 4490 2088 4579">
    <p class='ocr_par' dir='ltr' id='par_1_92' title="bbox 515 4490 2088 4579">
     <span class='ocr_line' id='line_1_92' title="bbox 515 4490 2088 4579; baseline -0.002 -15"><span class='ocrx_word' id='word_1_686' title='bbox 515 4510 658 4579; x_wconf 88' lang='lat' dir='ltr'><strong>apud</strong></span> <span class='ocrx_word' id='word_1_687' title='bbox 688 4509 993 4572; x_wconf 76' lang='lat' dir='ltr'><strong>Christum,</strong></span> <span class='ocrx_word' id='word_1_688' title='bbox 1030 4506 1287 4576; x_wconf 87' lang='lat' dir='ltr'><strong>quoniam</strong></span> <span class='ocrx_word' id='word_1_689' title='bbox 1312 4514 1366 4561; x_wconf 91' lang='lat' dir='ltr'><strong>et</strong></span> <span class='ocrx_word' id='word_1_690' title='bbox 1404 4504 1506 4575; x_wconf 91' lang='lat' dir='ltr'><strong>ipsi</strong></span> <span class='ocrx_word' id='word_1_691' title='bbox 1537 4513 1747 4574; x_wconf 86' lang='lat' dir='ltr'><strong>ungunt</strong></span> <span class='ocrx_word' id='word_1_692' title='bbox 1775 4490 1937 4574; x_wconf 63' lang='lat' dir='ltr'><strong>pelles</strong></span> <span class='ocrx_word' id='word_1_693' title='bbox 1969 4504 2088 4575; x_wconf 89' lang='lat' dir='ltr'><strong>ejus</strong></span> 
     </span>
    </p>
   </div>
   <div class='ocr_carea' id='block_1_93' title="bbox 514 4595 2090 4671">
    <p class='ocr_par' dir='ltr' id='par_1_93' title="bbox 514 4595 2090 4671">
     <span class='ocr_line' id='line_1_93' title="bbox 514 4595 2090 4671; baseline -0.003 -15"><span class='ocrx_word' id='word_1_694' title='bbox 514 4608 816 4671; x_wconf 79' lang='lat' dir='ltr'><strong>unguento,</strong></span> <span class='ocrx_word' id='word_1_695' title='bbox 842 4616 982 4670; x_wconf 89' lang='lat' dir='ltr'><strong>quos</strong></span> <span class='ocrx_word' id='word_1_696' title='bbox 999 4597 1311 4652; x_wconf 78' lang='lat' dir='ltr'><strong>Pharisaeus</strong></span> <span class='ocrx_word' id='word_1_697' title='bbox 1333 4612 1433 4652; x_wconf 89' lang='lat' dir='ltr'><strong>nec</strong></span> <span class='ocrx_word' id='word_1_698' title='bbox 1454 4597 1574 4652; x_wconf 86' lang='lat' dir='ltr'><strong>oleo</strong></span> <span class='ocrx_word' id='word_1_699' title='bbox 1595 4597 1771 4651; x_wconf 81' lang='lat' dir='ltr'><strong>unxit.</strong></span> <span class='ocrx_word' id='word_1_700' title='bbox 1795 4595 2090 4666; x_wconf 79' lang='lat' dir='ltr'><strong>OpOrtebat</strong></span> 
     </span>
    </p>
   </div>
   <div class='ocr_carea' id='block_1_94' title="bbox 513 4685 2086 4757">
    <p class='ocr_par' dir='ltr' id='par_1_94' title="bbox 513 4685 2086 4757">
     <span class='ocr_line' id='line_1_94' title="bbox 513 4685 2086 4757; baseline -0.003 -14"><span class='ocrx_word' id='word_1_701' title='bbox 513 4698 697 4744; x_wconf 87' lang='lat' dir='ltr'><strong>autem</strong></span> <span class='ocrx_word' id='word_1_702' title='bbox 726 4690 842 4744; x_wconf 64' lang='lat' dir='ltr'><strong>haec</strong></span> <span class='ocrx_word' id='word_1_703' title='bbox 867 4689 920 4742; x_wconf 92' lang='lat' dir='ltr'><strong>in</strong></span> <span class='ocrx_word' id='word_1_704' title='bbox 952 4687 1215 4743; x_wconf 86' lang='lat' dir='ltr'><strong>Bethania</strong></span> <span class='ocrx_word' id='word_1_705' title='bbox 1253 4687 1391 4751; x_wconf 78' lang='lat' dir='ltr'><strong>fieri,</strong></span> <span class='ocrx_word' id='word_1_706' title='bbox 1420 4702 1542 4757; x_wconf 73' lang='lat' dir='ltr'><strong>qua:</strong></span> <span class='ocrx_word' id='word_1_707' title='bbox 1581 4685 1968 4756; x_wconf 88' lang='lat' dir='ltr'><strong>interpretatur</strong></span> <span class='ocrx_word' id='word_1_708' title='bbox 1990 4686 2086 4740; x_wconf 85' lang='lat' dir='ltr'><strong>do-</strong></span> 
     </span>
    </p>
   </div>
   <div class='ocr_carea' id='block_1_95' title="bbox 512 4776 2080 4848">
    <p class='ocr_par' dir='ltr' id='par_1_95' title="bbox 512 4776 2080 4848">
     <span class='ocr_line' id='line_1_95' title="bbox 512 4776 2080 4848; baseline -0.001 -15"><span class='ocrx_word' id='word_1_709' title='bbox 512 4797 629 4834; x_wconf 79' lang='lat' dir='ltr'><strong>mus</strong></span> <span class='ocrx_word' id='word_1_710' title='bbox 660 4780 995 4846; x_wconf 72' lang='lat' dir='ltr'><strong>obedientite,</strong></span> <span class='ocrx_word' id='word_1_711' title='bbox 1019 4787 1073 4835; x_wconf 91' lang='lat' dir='ltr'><strong>et</strong></span> <span class='ocrx_word' id='word_1_712' title='bbox 1104 4779 1173 4834; x_wconf 90' lang='lat' dir='ltr'><strong>ab</strong></span> <span class='ocrx_word' id='word_1_713' title='bbox 1206 4778 1309 4833; x_wconf 89' lang='lat' dir='ltr'><strong>hac</strong></span> <span class='ocrx_word' id='word_1_714' title='bbox 1339 4793 1461 4847; x_wconf 65' lang='lat' dir='ltr'><strong>qua:</strong></span> <span class='ocrx_word' id='word_1_715' title='bbox 1487 4792 1649 4848; x_wconf 91' lang='lat' dir='ltr'><strong>super</strong></span> <span class='ocrx_word' id='word_1_716' title='bbox 1676 4785 1840 4847; x_wconf 90' lang='lat' dir='ltr'><strong>caput</strong></span> <span class='ocrx_word' id='word_1_717' title='bbox 1864 4776 2080 4832; x_wconf 91' lang='lat' dir='ltr'><strong>Domini</strong></span> 
     </span>
    </p>
   </div>
   <div class='ocr_carea' id='block_1_96' title="bbox 510 4870 2080 4942">
    <p class='ocr_par' dir='ltr' id='par_1_96' title="bbox 510 4870 2080 4942">
     <span class='ocr_line' id='line_1_96' title="bbox 510 4870 2080 4942; baseline 0.001 -15"><span class='ocrx_word' id='word_1_718' title='bbox 510 4871 703 4927; x_wconf 81' lang='lat' dir='ltr'><strong>eﬂ‘udit</strong></span> <span class='ocrx_word' id='word_1_719' title='bbox 733 4880 1092 4942; x_wconf 88' lang='lat' dir='ltr'><strong>unguentum,</strong></span> <span class='ocrx_word' id='word_1_720' title='bbox 1120 4887 1227 4927; x_wconf 91' lang='lat' dir='ltr'><strong>non</strong></span> <span class='ocrx_word' id='word_1_721' title='bbox 1261 4880 1514 4926; x_wconf 88' lang='lat' dir='ltr'><strong>accusata</strong></span> <span class='ocrx_word' id='word_1_722' title='bbox 1536 4870 1690 4941; x_wconf 91' lang='lat' dir='ltr'><strong>quasi</strong></span> <span class='ocrx_word' id='word_1_723' title='bbox 1722 4872 1994 4941; x_wconf 87' lang='lat' dir='ltr'><strong>peccatrix</strong></span> <span class='ocrx_word' id='word_1_724' title='bbox 2024 4874 2080 4928; x_wconf 89' lang='lat' dir='ltr'><strong>in</strong></span> 
     </span>
    </p>
   </div>
   <div class='ocr_carea' id='block_1_97' title="bbox 511 4964 2084 5035">
    <p class='ocr_par' dir='ltr' id='par_1_97' title="bbox 511 4964 2084 5035">
     <span class='ocr_line' id='line_1_97' title="bbox 511 4964 2084 5035; baseline 0.001 -14"><span class='ocrx_word' id='word_1_725' title='bbox 511 4966 750 5027; x_wconf 87' lang='lat' dir='ltr'><strong>civitate,</strong></span> <span class='ocrx_word' id='word_1_726' title='bbox 782 4973 838 5019; x_wconf 90' lang='lat' dir='ltr'><strong>et</strong></span> <span class='ocrx_word' id='word_1_727' title='bbox 870 4982 900 5019; x_wconf 84' lang='lat' dir='ltr'><strong>a</strong></span> <span class='ocrx_word' id='word_1_728' title='bbox 930 4964 1133 5031; x_wconf 82' lang='lat' dir='ltr'><strong>Maria,</strong></span> <span class='ocrx_word' id='word_1_729' title='bbox 1168 4966 1310 5035; x_wconf 87' lang='lat' dir='ltr'><strong>apud</strong></span> <span class='ocrx_word' id='word_1_730' title='bbox 1355 4980 1516 5035; x_wconf 88' lang='lat' dir='ltr'><strong>quam</strong></span> <span class='ocrx_word' id='word_1_731' title='bbox 1553 4981 1675 5021; x_wconf 92' lang='lat' dir='ltr'><strong>cum</strong></span> <span class='ocrx_word' id='word_1_732' title='bbox 1714 4967 1865 5021; x_wconf 80' lang='lat' dir='ltr'><strong>ﬁeret</strong></span> <span class='ocrx_word' id='word_1_733' title='bbox 1896 4968 2084 5023; x_wconf 88' lang='lat' dir='ltr'><strong>convi-</strong></span> 
     </span>
    </p>
   </div>
   <div class='ocr_carea' id='block_1_98' title="bbox 509 5054 2081 5120">
    <p class='ocr_par' dir='ltr' id='par_1_98' title="bbox 509 5054 2081 5120">
     <span class='ocr_line' id='line_1_98' title="bbox 509 5054 2081 5120; baseline 0.002 -10"><span class='ocrx_word' id='word_1_734' title='bbox 509 5058 655 5112; x_wconf 88' lang='lat' dir='ltr'><strong>vium</strong></span> <span class='ocrx_word' id='word_1_735' title='bbox 678 5055 829 5120; x_wconf 83' lang='lat' dir='ltr'><strong>Jesu,</strong></span> <span class='ocrx_word' id='word_1_736' title='bbox 854 5057 1088 5110; x_wconf 86' lang='lat' dir='ltr'><strong>accessit</strong></span> <span class='ocrx_word' id='word_1_737' title='bbox 1109 5056 1175 5109; x_wconf 90' lang='lat' dir='ltr'><strong>ad</strong></span> <span class='ocrx_word' id='word_1_738' title='bbox 1202 5071 1327 5111; x_wconf 91' lang='lat' dir='ltr'><strong>eum</strong></span> <span class='ocrx_word' id='word_1_739' title='bbox 1350 5064 1404 5109; x_wconf 89' lang='lat' dir='ltr'><strong>et</strong></span> <span class='ocrx_word' id='word_1_740' title='bbox 1433 5057 1608 5110; x_wconf 85' lang='lat' dir='ltr'><strong>unxit.</strong></span> <span class='ocrx_word' id='word_1_741' title='bbox 1641 5054 1871 5111; x_wconf 89' lang='lat' dir='ltr'><strong>Domum</strong></span> <span class='ocrx_word' id='word_1_742' title='bbox 1901 5068 2081 5113; x_wconf 88' lang='lat' dir='ltr'><strong>autem</strong></span> 
     </span>
    </p>
   </div>
   <div class='ocr_carea' id='block_1_99' title="bbox 506 5146 2085 5218">
    <p class='ocr_par' dir='ltr' id='par_1_99' title="bbox 506 5146 2085 5218">
     <span class='ocr_line' id='line_1_99' title="bbox 506 5146 2085 5218; baseline 0 -13"><span class='ocrx_word' id='word_1_743' title='bbox 506 5147 860 5215; x_wconf 64' lang='lat' dir='ltr'><strong>obedientiaa,</strong></span> <span class='ocrx_word' id='word_1_744' title='bbox 919 5146 1220 5202; x_wconf 87' lang='lat' dir='ltr'><strong>Ecclesiam</strong></span> <span class='ocrx_word' id='word_1_745' title='bbox 1286 5147 1511 5218; x_wconf 74' lang='lat' dir='ltr'><strong>intelligi</strong></span> <span class='ocrx_word' id='word_1_746' title='bbox 1566 5158 1814 5218; x_wconf 84' lang='lat' dir='ltr'><strong>oportere</strong></span> <span class='ocrx_word' id='word_1_747' title='bbox 1872 5149 2085 5205; x_wconf 91' lang='lat' dir='ltr'><strong>dubitat</strong></span> 
     </span>
    </p>
   </div>
   <div class='ocr_carea' id='block_1_100' title="bbox 506 5239 2079 5312">
    <p class='ocr_par' dir='ltr' id='par_1_100' title="bbox 506 5239 2079 5312">
     <span class='ocr_line' id='line_1_100' title="bbox 506 5239 2079 5312; baseline 0.003 -18"><span class='ocrx_word' id='word_1_748' title='bbox 506 5257 688 5295; x_wconf 89' lang='lat' dir='ltr'><strong>nemo.</strong></span> <span class='ocrx_word' id='word_1_749' title='bbox 721 5240 817 5295; x_wconf 88' lang='lat' dir='ltr'><strong>Illa</strong></span> <span class='ocrx_word' id='word_1_750' title='bbox 855 5249 1037 5294; x_wconf 87' lang='lat' dir='ltr'><strong>autem</strong></span> <span class='ocrx_word' id='word_1_751' title='bbox 1063 5255 1186 5308; x_wconf 66' lang='lat' dir='ltr'><strong>quae</strong></span> <span class='ocrx_word' id='word_1_752' title='bbox 1225 5239 1365 5309; x_wconf 88' lang='lat' dir='ltr'><strong>apud</strong></span> <span class='ocrx_word' id='word_1_753' title='bbox 1398 5239 1602 5296; x_wconf 88' lang='lat' dir='ltr'><strong>Lucam</strong></span> <span class='ocrx_word' id='word_1_754' title='bbox 1638 5241 1920 5297; x_wconf 88' lang='lat' dir='ltr'><strong>dicebatur</strong></span> <span class='ocrx_word' id='word_1_755' title='bbox 1952 5258 2079 5312; x_wconf 85' lang='lat' dir='ltr'><strong>pec-</strong></span> 
     </span>
    </p>
   </div>
   <div class='ocr_carea' id='block_1_101' title="bbox 505 5331 2077 5401">
    <p class='ocr_par' dir='ltr' id='par_1_101' title="bbox 505 5331 2077 5401">
     <span class='ocr_line' id='line_1_101' title="bbox 505 5331 2077 5401; baseline 0.003 -16"><span class='ocrx_word' id='word_1_756' title='bbox 505 5332 719 5399; x_wconf 83' lang='lat' dir='ltr'><strong>catrix,</strong></span> <span class='ocrx_word' id='word_1_757' title='bbox 764 5332 945 5387; x_wconf 90' lang='lat' dir='ltr'><strong>adhuc</strong></span> <span class='ocrx_word' id='word_1_758' title='bbox 982 5346 1090 5384; x_wconf 89' lang='lat' dir='ltr'><strong>non</strong></span> <span class='ocrx_word' id='word_1_759' title='bbox 1134 5339 1252 5385; x_wconf 90' lang='lat' dir='ltr'><strong>erat</strong></span> <span class='ocrx_word' id='word_1_760' title='bbox 1295 5332 1455 5400; x_wconf 87' lang='lat' dir='ltr'><strong>digna</strong></span> <span class='ocrx_word' id='word_1_761' title='bbox 1506 5332 1558 5386; x_wconf 91' lang='lat' dir='ltr'><strong>in</strong></span> <span class='ocrx_word' id='word_1_762' title='bbox 1608 5331 1871 5389; x_wconf 89' lang='lat' dir='ltr'><strong>Bethania</strong></span> <span class='ocrx_word' id='word_1_763' title='bbox 1916 5349 2077 5401; x_wconf 92' lang='lat' dir='ltr'><strong>esse,</strong></span> 
     </span>
    </p>
   </div>
   <div class='ocr_carea' id='block_1_102' title="bbox 505 5422 2074 5498">
    <p class='ocr_par' dir='ltr' id='par_1_102' title="bbox 505 5422 2074 5498">
     <span class='ocr_line' id='line_1_102' title="bbox 505 5422 2074 5498; baseline 0.004 -21"><span class='ocrx_word' id='word_1_764' title='bbox 505 5423 757 5494; x_wconf 85' lang='lat' dir='ltr'><strong>quamvis</strong></span> <span class='ocrx_word' id='word_1_765' title='bbox 797 5422 1173 5494; x_wconf 62' lang='lat' dir='ltr'><strong>paenitentiam</strong></span> <span class='ocrx_word' id='word_1_766' title='bbox 1210 5431 1554 5492; x_wconf 69' lang='lat' dir='ltr'><strong>peccatorum</strong></span> <span class='ocrx_word' id='word_1_767' title='bbox 1593 5440 1819 5481; x_wconf 87' lang='lat' dir='ltr'><strong>suorum</strong></span> <span class='ocrx_word' id='word_1_768' title='bbox 1864 5428 2074 5498; x_wconf 80' lang='lat' dir='ltr'><strong>agebat.</strong></span> 
     </span>
    </p>
   </div>
   <div class='ocr_carea' id='block_1_103' title="bbox 576 5562 1566 5630">
    <p class='ocr_par' dir='ltr' id='par_1_103' title="bbox 576 5562 1566 5630">
     <span class='ocr_line' id='line_1_103' title="bbox 576 5562 1566 5630; baseline 0.002 -13"><span class='ocrx_word' id='word_1_769' title='bbox 576 5566 622 5597; x_wconf 74' lang='lat'>”</span> <span class='ocrx_word' id='word_1_770' title='bbox 647 5563 802 5618; x_wconf 83' lang='lat' dir='ltr'><strong>Joan.</strong></span> <span class='ocrx_word' id='word_1_771' title='bbox 836 5580 935 5628; x_wconf 82' lang='lat' dir='ltr'><strong>xu,</strong></span> <span class='ocrx_word' id='word_1_772' title='bbox 969 5564 1024 5619; x_wconf 83' lang='lat'><strong>5.</strong></span> <span class='ocrx_word' id='word_1_773' title='bbox 1098 5565 1142 5596; x_wconf 80' lang='grc'><strong>⁵⁵</strong></span> <span class='ocrx_word' id='word_1_774' title='bbox 1170 5562 1335 5618; x_wconf 82' lang='lat' dir='ltr'><strong>Marc.</strong></span> <span class='ocrx_word' id='word_1_775' title='bbox 1373 5580 1486 5630; x_wconf 81' lang='lat' dir='ltr'><strong>xw,</strong></span> <span class='ocrx_word' id='word_1_776' title='bbox 1518 5564 1566 5619; x_wconf 86' lang='lat' dir='ltr'><strong>(i.</strong></span> 
     </span>
    </p>
   </div>
   <div class='ocr_carea' id='block_1_104' title="bbox 579 5676 1419 5747">
    <p class='ocr_par' dir='ltr' id='par_1_104' title="bbox 579 5676 1419 5747">
     <span class='ocr_line' id='line_1_104' title="bbox 579 5676 1419 5747; baseline 0.011 -20"><span class='ocrx_word' id='word_1_777' title='bbox 579 5677 689 5743; x_wconf 66' lang='lat'><strong>(83.5)</strong></span> <span class='ocrx_word' id='word_1_778' title='bbox 728 5676 866 5747; x_wconf 76' lang='lat' dir='ltr'><strong>Lege</strong></span> <span class='ocrx_word' id='word_1_779' title='bbox 893 5678 1185 5733; x_wconf 79' lang='lat' dir='ltr'><strong>obedictttia</strong></span> <span class='ocrx_word' id='word_1_780' title='bbox 1212 5680 1419 5736; x_wconf 64' lang='lat' dir='ltr'><strong>littera.</strong></span> 
     </span>
    </p>
   </div>
   <div class='ocr_carea' id='block_1_105' title="bbox 2192 4510 3754 4585">
    <p class='ocr_par' dir='ltr' id='par_1_105' title="bbox 2192 4510 3754 4585">
     <span class='ocr_line' id='line_1_105' title="bbox 2192 4510 3754 4585; baseline -0.006 -15"><span class='ocrx_word' id='word_1_781' title='bbox 2192 4530 2313 4571; x_wconf 88' lang='lat' dir='ltr'><strong>sum</strong></span> <span class='ocrx_word' id='word_1_782' title='bbox 2335 4523 2671 4585; x_wconf 88' lang='lat' dir='ltr'><strong>unguentum</strong></span> <span class='ocrx_word' id='word_1_783' title='bbox 2708 4529 2872 4583; x_wconf 88' lang='lat' dir='ltr'><strong>super</strong></span> <span class='ocrx_word' id='word_1_784' title='bbox 2896 4522 3059 4582; x_wconf 87' lang='lat' dir='ltr'><strong>caput</strong></span> <span class='ocrx_word' id='word_1_785' title='bbox 3080 4511 3211 4567; x_wconf 83' lang='lat' dir='ltr'><strong>Jesu</strong></span> <span class='ocrx_word' id='word_1_786' title='bbox 3237 4510 3602 4575; x_wconf 90' lang='lat' dir='ltr'><strong>laudabiliter,</strong></span> <span class='ocrx_word' id='word_1_787' title='bbox 3629 4525 3754 4580; x_wconf 82' lang='lat' dir='ltr'><strong>qua-</strong></span> 
     </span>
    </p>
   </div>
   <div class='ocr_carea' id='block_1_106' title="bbox 2191 4601 3752 4667">
    <p class='ocr_par' dir='ltr' id='par_1_106' title="bbox 2191 4601 3752 4667">
     <span class='ocr_line' id='line_1_106' title="bbox 2191 4601 3752 4667; baseline -0.003 -7"><span class='ocrx_word' id='word_1_788' title='bbox 2191 4606 2296 4660; x_wconf 88' lang='lat' dir='ltr'><strong>lem</strong></span> <span class='ocrx_word' id='word_1_789' title='bbox 2326 4606 2559 4660; x_wconf 88' lang='lat' dir='ltr'><strong>habebat</strong></span> <span class='ocrx_word' id='word_1_790' title='bbox 2582 4604 2881 4660; x_wconf 88' lang='lat' dir='ltr'><strong>secundum</strong></span> <span class='ocrx_word' id='word_1_791' title='bbox 2908 4613 3111 4658; x_wconf 82' lang='lat' dir='ltr'><strong>textum</strong></span> <span class='ocrx_word' id='word_1_792' title='bbox 3136 4603 3406 4667; x_wconf 89' lang='lat' dir='ltr'><strong>decorem,</strong></span> <span class='ocrx_word' id='word_1_793' title='bbox 3439 4610 3502 4656; x_wconf 92' lang='lat' dir='ltr'><strong>ut</strong></span> <span class='ocrx_word' id='word_1_794' title='bbox 3523 4601 3752 4656; x_wconf 76' lang='lat' dir='ltr'><strong>effunde-</strong></span> 
     </span>
    </p>
   </div>
   <div class='ocr_carea' id='block_1_107' title="bbox 2190 4693 3754 4769">
    <p class='ocr_par' dir='ltr' id='par_1_107' title="bbox 2190 4693 3754 4769">
     <span class='ocr_line' id='line_1_107' title="bbox 2190 4693 3754 4769; baseline -0.006 -15"><span class='ocrx_word' id='word_1_795' title='bbox 2190 4709 2340 4754; x_wconf 86' lang='lat' dir='ltr'><strong>retur</strong></span> <span class='ocrx_word' id='word_1_796' title='bbox 2382 4714 2545 4769; x_wconf 90' lang='lat' dir='ltr'><strong>super</strong></span> <span class='ocrx_word' id='word_1_797' title='bbox 2584 4709 2747 4768; x_wconf 80' lang='lat' dir='ltr'><strong>caput</strong></span> <span class='ocrx_word' id='word_1_798' title='bbox 2772 4698 2897 4753; x_wconf 89' lang='lat' dir='ltr'><strong>talis</strong></span> <span class='ocrx_word' id='word_1_799' title='bbox 2929 4707 2985 4752; x_wconf 91' lang='lat' dir='ltr'><strong>et</strong></span> <span class='ocrx_word' id='word_1_800' title='bbox 3011 4696 3149 4752; x_wconf 90' lang='lat' dir='ltr'><strong>tanti</strong></span> <span class='ocrx_word' id='word_1_801' title='bbox 3180 4695 3449 4766; x_wconf 89' lang='lat' dir='ltr'><strong>magistri.</strong></span> <span class='ocrx_word' id='word_1_802' title='bbox 3490 4693 3609 4749; x_wconf 86' lang='lat' dir='ltr'><strong>Non</strong></span> <span class='ocrx_word' id='word_1_803' title='bbox 3642 4700 3754 4747; x_wconf 82' lang='lat' dir='ltr'><strong>erat</strong></span> 
     </span>
    </p>
   </div>
   <div class='ocr_carea' id='block_1_108' title="bbox 2189 4788 3752 4863">
    <p class='ocr_par' dir='ltr' id='par_1_108' title="bbox 2189 4788 3752 4863">
     <span class='ocr_line' id='line_1_108' title="bbox 2189 4788 3752 4863; baseline -0.004 -17"><span class='ocrx_word' id='word_1_804' title='bbox 2189 4806 2320 4863; x_wconf 88' lang='lat' dir='ltr'><strong>ergo</strong></span> <span class='ocrx_word' id='word_1_805' title='bbox 2348 4800 2684 4862; x_wconf 84' lang='lat' dir='ltr'><strong>unguentum</strong></span> <span class='ocrx_word' id='word_1_806' title='bbox 2710 4790 2842 4844; x_wconf 91' lang='lat' dir='ltr'><strong>illud</strong></span> <span class='ocrx_word' id='word_1_807' title='bbox 2872 4789 3204 4859; x_wconf 87' lang='lat' dir='ltr'><strong>pauperibus</strong></span> <span class='ocrx_word' id='word_1_808' title='bbox 3230 4788 3477 4859; x_wconf 86' lang='lat' dir='ltr'><strong>dignum,</strong></span> <span class='ocrx_word' id='word_1_809' title='bbox 3501 4802 3602 4842; x_wconf 88' lang='lat' dir='ltr'><strong>nec</strong></span> <span class='ocrx_word' id='word_1_810' title='bbox 3630 4801 3752 4840; x_wconf 87' lang='lat' dir='ltr'><strong>con-</strong></span> 
     </span>
    </p>
   </div>
   <div class='ocr_carea' id='block_1_109' title="bbox 2188 4874 3752 4954">
    <p class='ocr_par' dir='ltr' id='par_1_109' title="bbox 2188 4874 3752 4954">
     <span class='ocr_line' id='line_1_109' title="bbox 2188 4874 3752 4954; baseline -0.008 -18"><span class='ocrx_word' id='word_1_811' title='bbox 2188 4883 2436 4945; x_wconf 86' lang='lat' dir='ltr'><strong>veniens,</strong></span> <span class='ocrx_word' id='word_1_812' title='bbox 2460 4890 2725 4951; x_wconf 90' lang='lat' dir='ltr'><strong>quantum</strong></span> <span class='ocrx_word' id='word_1_813' title='bbox 2750 4880 2817 4935; x_wconf 91' lang='lat' dir='ltr'><strong>ad</strong></span> <span class='ocrx_word' id='word_1_814' title='bbox 2842 4894 3004 4934; x_wconf 89' lang='lat' dir='ltr'><strong>suum</strong></span> <span class='ocrx_word' id='word_1_815' title='bbox 3031 4879 3318 4954; x_wconf 72' lang='lat' dir='ltr'><strong>honorem,</strong></span> <span class='ocrx_word' id='word_1_816' title='bbox 3346 4886 3408 4930; x_wconf 91' lang='lat' dir='ltr'><strong>ut</strong></span> <span class='ocrx_word' id='word_1_817' title='bbox 3425 4874 3752 4929; x_wconf 88' lang='lat' dir='ltr'><strong>divideretur</strong></span> 
     </span>
    </p>
   </div>
   <div class='ocr_carea' id='block_1_110' title="bbox 2188 4966 3754 5039">
    <p class='ocr_par' dir='ltr' id='par_1_110' title="bbox 2188 4966 3754 5039">
     <span class='ocr_line' id='line_1_110' title="bbox 2188 4966 3754 5039; baseline -0.008 -10"><span class='ocrx_word' id='word_1_818' title='bbox 2188 4977 2244 5029; x_wconf 92' lang='lat' dir='ltr'><strong>in</strong></span> <span class='ocrx_word' id='word_1_819' title='bbox 2293 4973 2531 5039; x_wconf 91' lang='lat' dir='ltr'><strong>multos,</strong></span> <span class='ocrx_word' id='word_1_820' title='bbox 2575 4973 2668 5026; x_wconf 87' lang='lat' dir='ltr'><strong>sed</strong></span> <span class='ocrx_word' id='word_1_821' title='bbox 2711 4979 2770 5024; x_wconf 92' lang='lat' dir='ltr'><strong>ut</strong></span> <span class='ocrx_word' id='word_1_822' title='bbox 2814 4970 3082 5039; x_wconf 85' lang='lat' dir='ltr'><strong>integrum</strong></span> <span class='ocrx_word' id='word_1_823' title='bbox 3130 4982 3357 5023; x_wconf 90' lang='lat' dir='ltr'><strong>manens</strong></span> <span class='ocrx_word' id='word_1_824' title='bbox 3393 4966 3754 5021; x_wconf 74' lang='lat' dir='ltr'><strong>effunderetur</strong></span> 
     </span>
    </p>
   </div>
   <div class='ocr_carea' id='block_1_111' title="bbox 2187 5056 3752 5135">
    <p class='ocr_par' dir='ltr' id='par_1_111' title="bbox 2187 5056 3752 5135">
     <span class='ocr_line' id='line_1_111' title="bbox 2187 5056 3752 5135; baseline -0.007 -15"><span class='ocrx_word' id='word_1_825' title='bbox 2187 5079 2352 5135; x_wconf 91' lang='lat' dir='ltr'><strong>super</strong></span> <span class='ocrx_word' id='word_1_826' title='bbox 2379 5073 2540 5133; x_wconf 83' lang='lat' dir='ltr'><strong>caput</strong></span> <span class='ocrx_word' id='word_1_827' title='bbox 2562 5060 2937 5117; x_wconf 88' lang='lat' dir='ltr'><strong>tantummodo</strong></span> <span class='ocrx_word' id='word_1_828' title='bbox 2958 5058 3108 5114; x_wconf 85' lang='lat' dir='ltr'><strong>Jesu.</strong></span> <span class='ocrx_word' id='word_1_829' title='bbox 3132 5058 3357 5128; x_wconf 88' lang='lat' dir='ltr'><strong>Propter</strong></span> <span class='ocrx_word' id='word_1_830' title='bbox 3386 5056 3530 5127; x_wconf 90' lang='lat' dir='ltr'><strong>quod</strong></span> <span class='ocrx_word' id='word_1_831' title='bbox 3558 5064 3613 5111; x_wconf 91' lang='lat' dir='ltr'><strong>et</strong></span> <span class='ocrx_word' id='word_1_832' title='bbox 3637 5070 3752 5109; x_wconf 81' lang='lat' dir='ltr'><strong>mu-</strong></span> 
     </span>
    </p>
   </div>
   <div class='ocr_carea' id='block_1_112' title="bbox 2189 5146 3749 5223">
    <p class='ocr_par' dir='ltr' id='par_1_112' title="bbox 2189 5146 3749 5223">
     <span class='ocr_line' id='line_1_112' title="bbox 2189 5146 3749 5223; baseline -0.006 -14"><span class='ocrx_word' id='word_1_833' title='bbox 2189 5156 2374 5210; x_wconf 90' lang='lat' dir='ltr'><strong>lierem</strong></span> <span class='ocrx_word' id='word_1_834' title='bbox 2396 5168 2519 5223; x_wconf 82' lang='lat' dir='ltr'><strong>quae</strong></span> <span class='ocrx_word' id='word_1_835' title='bbox 2544 5151 2747 5208; x_wconf 89' lang='lat' dir='ltr'><strong>fecerat</strong></span> <span class='ocrx_word' id='word_1_836' title='bbox 2772 5152 2897 5213; x_wconf 89' lang='lat' dir='ltr'><strong>hoc,</strong></span> <span class='ocrx_word' id='word_1_837' title='bbox 2927 5150 3156 5219; x_wconf 89' lang='lat' dir='ltr'><strong>suscipit</strong></span> <span class='ocrx_word' id='word_1_838' title='bbox 3182 5147 3364 5213; x_wconf 86' lang='lat' dir='ltr'><strong>Jesus,</strong></span> <span class='ocrx_word' id='word_1_839' title='bbox 3388 5155 3443 5203; x_wconf 91' lang='lat' dir='ltr'><strong>ct</strong></span> <span class='ocrx_word' id='word_1_840' title='bbox 3471 5146 3749 5217; x_wconf 85' lang='lat' dir='ltr'><strong>indignan-</strong></span> 
     </span>
    </p>
   </div>
   <div class='ocr_carea' id='block_1_113' title="bbox 2188 5237 3751 5314">
    <p class='ocr_par' dir='ltr' id='par_1_113' title="bbox 2188 5237 3751 5314">
     <span class='ocr_line' id='line_1_113' title="bbox 2188 5237 3751 5314; baseline -0.005 -16"><span class='ocrx_word' id='word_1_841' title='bbox 2188 5245 2334 5300; x_wconf 92' lang='lat' dir='ltr'><strong>tibus</strong></span> <span class='ocrx_word' id='word_1_842' title='bbox 2359 5244 2641 5314; x_wconf 90' lang='lat' dir='ltr'><strong>discipulis</strong></span> <span class='ocrx_word' id='word_1_843' title='bbox 2662 5245 2794 5298; x_wconf 90' lang='lat' dir='ltr'><strong>dicit</strong></span> <span class='ocrx_word' id='word_1_844' title='bbox 2820 5243 2869 5276; x_wconf 82' lang='grc'><strong><em>⁵⁵</em></strong></span> <span class='ocrx_word' id='word_1_845' title='bbox 2893 5260 2909 5298; x_wconf 91' lang='lat'><strong>:</strong></span> <span class='ocrx_word' id='word_1_846' title='bbox 2937 5239 3110 5296; x_wconf 82' lang='lat' dir='ltr'><strong>Sinite</strong></span> <span class='ocrx_word' id='word_1_847' title='bbox 3140 5255 3277 5303; x_wconf 84' lang='lat' dir='ltr'><strong>eam,</strong></span> <span class='ocrx_word' id='word_1_848' title='bbox 3307 5249 3358 5293; x_wconf 88' lang='lat' dir='ltr'><strong>et</strong></span> <span class='ocrx_word' id='word_1_849' title='bbox 3390 5237 3552 5293; x_wconf 81' lang='lat' dir='ltr'><strong>nolite</strong></span> <span class='ocrx_word' id='word_1_850' title='bbox 3576 5238 3624 5292; x_wconf 80' lang='lat' dir='ltr'><strong>ei</strong></span> <span class='ocrx_word' id='word_1_851' title='bbox 3645 5251 3751 5290; x_wconf 85' lang='lat' dir='ltr'><strong>mo-</strong></span> 
     </span>
    </p>
   </div>
   <div class='ocr_carea' id='block_1_114' title="bbox 2184 5328 3743 5406">
    <p class='ocr_par' dir='ltr' id='par_1_114' title="bbox 2184 5328 3743 5406">
     <span class='ocr_line' id='line_1_114' title="bbox 2184 5328 3743 5406; baseline -0.008 -15"><span class='ocrx_word' id='word_1_852' title='bbox 2184 5335 2307 5391; x_wconf 80' lang='lat' dir='ltr'><strong>lesti</strong></span> <span class='ocrx_word' id='word_1_853' title='bbox 2337 5352 2480 5402; x_wconf 77' lang='lat' dir='ltr'><strong>esse,</strong></span> <span class='ocrx_word' id='word_1_854' title='bbox 2521 5336 2771 5406; x_wconf 73' lang='lat' dir='ltr'><strong>quoniam</strong></span> <span class='ocrx_word' id='word_1_855' title='bbox 2805 5334 2997 5388; x_wconf 78' lang='lat' dir='ltr'><strong>bonum</strong></span> <span class='ocrx_word' id='word_1_856' title='bbox 3037 5348 3165 5401; x_wconf 81' lang='lat' dir='ltr'><strong>opus</strong></span> <span class='ocrx_word' id='word_1_857' title='bbox 3195 5338 3415 5400; x_wconf 84' lang='lat' dir='ltr'><strong>operata</strong></span> <span class='ocrx_word' id='word_1_858' title='bbox 3446 5338 3524 5383; x_wconf 78' lang='lat' dir='ltr'><strong>est</strong></span> <span class='ocrx_word' id='word_1_859' title='bbox 3562 5328 3616 5382; x_wconf 76' lang='lat' dir='ltr'><strong>in</strong></span> <span class='ocrx_word' id='word_1_860' title='bbox 3649 5342 3743 5379; x_wconf 83' lang='lat' dir='ltr'><strong>me.</strong></span> 
     </span>
    </p>
   </div>
   <div class='ocr_carea' id='block_1_115' title="bbox 2190 5418 3748 5501">
    <p class='ocr_par' dir='ltr' id='par_1_115' title="bbox 2190 5418 3748 5501">
     <span class='ocr_line' id='line_1_115' title="bbox 2190 5418 3748 5501; baseline -0.008 -16"><span class='ocrx_word' id='word_1_861' title='bbox 2190 5428 2370 5501; x_wconf 85' lang='lat' dir='ltr'><strong>Usque</strong></span> <span class='ocrx_word' id='word_1_862' title='bbox 2399 5429 2534 5485; x_wconf 88' lang='lat' dir='ltr'><strong>adeo</strong></span> <span class='ocrx_word' id='word_1_863' title='bbox 2561 5437 2742 5484; x_wconf 90' lang='lat' dir='ltr'><strong>autem</strong></span> <span class='ocrx_word' id='word_1_864' title='bbox 2765 5425 2958 5482; x_wconf 81' lang='lat' dir='ltr'><strong>efﬁcax</strong></span> <span class='ocrx_word' id='word_1_865' title='bbox 2980 5434 3065 5482; x_wconf 90' lang='lat' dir='ltr'><strong>est</strong></span> <span class='ocrx_word' id='word_1_866' title='bbox 3091 5421 3402 5494; x_wconf 77' lang='lat' dir='ltr'><strong>huiusmodi</strong></span> <span class='ocrx_word' id='word_1_867' title='bbox 3428 5421 3548 5476; x_wconf 87' lang='lat' dir='ltr'><strong>laus</strong></span> <span class='ocrx_word' id='word_1_868' title='bbox 3570 5418 3748 5490; x_wconf 87' lang='lat' dir='ltr'><strong>operis</strong></span> 
     </span>
    </p>
   </div>
  </div>
