4052 6304
386 295 526 352 1τ25
712 295 738 328 ⁵

1511 280 2105 341 COMMENTARiORU
2118 277 2165 332 id
2206 275 2356 332 SER!
2368 276 2469 333 ES.

3494 277 3631 328 meo

386 410 546 476 boni,
576 414 637 464 ut
663 404 981 461 exhortetur
1010 416 1203 457 omnes
1241 415 1343 456 nos
1369 398 1662 455 odoriferis
1690 407 1742 453 et
1775 396 1959 451 diviti-
1991 402 2032 455 Α
2061 392 2195 447 dicit
2236 400 2291 446 et
2331 389 2523 444 Petrus
2551 388 2692 458 apud
2735 386 3072 443 Clementem
3097 427 3111 452 ,
3161 386 3419 457 quoniam
3467 401 3628 457 opera

384 509 484 559 huc
512 499 771 572 operibus
799 496 1026 567 implere
1062 491 1275 548 Domini
1305 502 1492 562 caput,
1527 502 1588 548 ut
1612 500 1667 547 et
1694 491 1762 546 de
1793 491 1962 564 895

385 596 543 651 nobis
566 594 781 650 dicatur
806 587 933 658 quia
961 587 1164 641 bonum
1186 600 1325 655 Opus
1352 583 1581 640 fecimus
1604 599 1769 654 super
1797 593 1961 653 caput

383 688 587 758 ipsius,
617 686 746 755 quia
778 695 994 751 semper
1022 678 1240 749 quidem
1278 677 1581 741 habemus,
1614 676 1856 746 quandiu
1905 676 1957 729 in

385 782 489 836 hac
518 780 632 832 vita
662 773 1021 833 consistimus
1043 813 1058 838 ,
1102 783 1372 841 pauperes
1393 768 1710 830 nobiscum,
1741 775 1798 821 et
1820 782 1959 837 opus

384 873 645 927 habentes
678 883 811 924 cura
852 881 1044 920 eorum
1096 863 1189 934 qui
1232 861 1584 932 profecerunt
1625 861 1679 915 in
1712 860 1880 914 verbo
1905 866 1961 913 ct

381 963 578 1018 divites
609 961 736 1040 fac-ti
769 966 899 1015 sunt
936 958 990 1012 in
1028 956 1291 1026 sapientia
1319 954 1437 1021 Dei,
1473 970 1583 1009 non
1622 962 1801 1009 autem
1828 967 1958 1022 pos-

384 1063 514 1110 sunt
541 1052 808 1117 sufficere,
836 1058 896 1105 ut
923 1064 1138 1118 semper
1160 1049 1354 1103 diebus
1374 1056 1428 1102 et
1451 1046 1702 1101 noctibus
1727 1044 1961 1098 habeant

384 1163 571 1204 secum
606 1145 802 1199 Filium
836 1142 953 1207 Dei,
999 1140 1236 1197 Verbum
1270 1140 1393 1206 Dei,
1423 1147 1475 1193 et
1503 1138 1872 1206 Sapientiam,
1907 1144 1963 1191 et

383 1241 569 1295 omnia
603 1237 866 1309 quidquid
901 1244 986 1292 est
1014 1234 1277 1289 Dominus
1307 1240 1495 1288 noster
1524 1230 1791 1287 Salvator.
1827 1228 1961 1285 Vide

382 1344 436 1389 et
470 1332 615 1404 quod
644 1333 721 1386 ait
743 1332 827 1382 “t
862 1330 1068 1385 Bonum
1109 1345 1240 1398 opus
1268 1336 1484 1396 operata
1506 1334 1581 1379 est
1610 1326 1667 1378 in
1697 1340 1797 1390 me,
1829 1323 1961 1393 quia

384 1441 493 1479 non
530 1425 668 1479 dixit
697 1423 765 1479 de
795 1423 1097 1493 peccatrice
1130 1428 1366 1491 ungente
1393 1419 1555 1488 pedes
1584 1418 1759 1487 ipsius
1780 1459 1794 1482 ,
1831 1417 1960 1487 quia

383 1518 589 1572 bonum
615 1530 756 1585 opus
781 1514 912 1571 fecit
940 1514 993 1568 in
1026 1528 1132 1567 me.
1168 1511 1225 1567 Si
1250 1519 1433 1566 autem
1458 1517 1671 1579 Oportet
1692 1509 1963 1564 discutere

384 1618 439 1665 et
467 1609 613 1679 quod
642 1608 717 1663 ait
746 1608 815 1675 ⁸⁷,
846 1607 916 1661 ad
954 1605 1310 1676 sepeliendum
1340 1620 1421 1658 me
1450 1604 1604 1673 fecit,
1637 1615 1963 1672 comparans

384 1703 434 1754 ei
463 1700 607 1770 quod
635 1698 834 1754 dicitur
855 1699 903 1731 ⁸⁸
930 1716 944 1753 :
977 1696 1285 1764 Cousepulti
1312 1711 1496 1750 sumus
1525 1693 1736 1749 Christo
1754 1709 1846 1762 per
1870 1693 1965 1746 ba-

385 1791 659 1861 ptismum,
684 1798 733 1845 et
756 1790 1185 1845 consurreximus
1210 1789 1280 1855 ei,
1304 1789 1484 1842 adhuc
1503 1795 1683 1841 autem
1709 1786 1811 1841 hoc
1833 1799 1966 1840 con-

387 1883 568 1938 sidera
600 1881 862 1952 quoniam
893 1882 962 1937 de
1003 1881 1235 1937 muliere
1276 1880 1578 1936 secundum
1619 1878 1823 1935 Lucam
1853 1895 1963 1935 non

387 1984 472 2030 est
494 1975 697 2031 dictum
728 1993 741 2029 :
768 1974 930 2030 Amen
950 1975 1070 2029 dico
1093 1974 1235 2029 vobis
1254 1990 1272 2029 :
1300 1973 1605 2045 Ubicunque
1618 1973 1967 2044 prwdicatum

387 2065 549 2135 fuerit
573 2063 917 2137 Evangelium
942 2066 1037 2120 hoc
1063 2066 1120 2119 in
1150 2075 1259 2121 toto
1283 2065 1499 2127 mundo,
1527 2064 1732 2120 dicetur
1753 2073 1801 2119 et
1828 2063 1967 2135 quod

390 2158 513 2228 fecit
536 2158 646 2213 Im'c
673 2158 729 2212 in
759 2159 1066 2212 memoriam
1086 2160 1199 2228 ejus
1222 2160 1290 2212 ⁵³.
1317 2157 1391 2213 De
1415 2158 1642 2214 muliere
1675 2166 1854 2213 autem
1881 2172 1969 2213 se-

387 2249 629 2303 cundum
661 2247 977 2304 Mattlueum
1025 2260 1078 2305 et
1106 2250 1346 2304 Marcum
1392 2250 1499 2306 hoc
1552 2251 1815 2319 scriptum
1859 2256 1963 2306 est.

387 2337 605 2395 Justum
638 2338 785 2393 enim
831 2346 952 2392 erat
976 2353 1086 2393 non
1127 2340 1193 2393 de
1229 2340 1316 2393 illa
1344 2356 1469 2409 qua:
1499 2348 1732 2395 unxerat
1759 2339 1924 2409 pedes
1947 2380 1963 2405 ,

389 2432 483 2487 sed
512 2431 581 2486 de
620 2431 723 2486 hac
763 2447 885 2502 qum
913 2438 1251 2502 unguentum
1300 2432 1567 2487 effuderat
1612 2446 1777 2501 super
1803 2438 1969 2500 caput

389 2523 530 2592 ejus,
550 2522 657 2579 dici
689 2540 704 2579 :
736 2522 1044 2594 Ubicunque
1068 2523 1413 2592 prwdicatum
1439 2523 1599 2592 fuerit
1625 2520 1966 2592 Evangeliam

389 2615 568 2669 hocin
597 2626 706 2670 toto
748 2614 964 2680 mundo,
1008 2615 1214 2669 dicetur
1234 2624 1283 2668 et
1320 2615 1460 2685 quod
1490 2614 1614 2684 fecit
1640 2615 1750 2669 lucc
1780 2615 1833 2667 in
1861 2629 1968 2668 me-

391 2705 617 2758 moriam
643 2704 780 2774 ejus.
814 2703 870 2759 Si
894 2719 1026 2775 ergo
1048 2705 1304 2759 volumus
1332 2712 1391 2759 ut
1412 2705 1553 2759 etde
1578 2704 1735 2759 nobis
1754 2704 1968 2759 dicatur

389 2798 535 2869 quod
575 2797 813 2853 facimus
855 2798 909 2851 in
955 2795 1117 2861 Jesu,
1150 2797 1490 2852 efl‘undentes
1535 2798 1830 2865 pretiosum
1864 2812 1969 2851 uu-

390 2898 653 2959 gnentum
696 2905 863 2960 super
908 2897 1072 2960 caput
1108 2888 1279 2958 ipsius
1305 2930 1320 2956 ,
1363 2888 1711 2958 proficiamus
1754 2889 1823 2943 ab
1859 2904 1967 2943 un-

389 2979 573 3034 ctione
603 2979 802 3048 pedum
842 2979 964 3049 ejus
994 2978 1061 3033 ad
1103 2978 1490 3034 eﬂ‘uudendum
1525 2980 1825 3049 pretiosum
1860 2994 1963 3033 un-

390 3078 651 3141 guentum
682 3086 846 3141 super
876 3080 1036 3142 caput
1066 3071 1208 3141 ejus.
1244 3069 1385 3138 Quid
1426 3080 1607 3126 autem
1635 3081 1719 3127 est
1748 3072 1925 3127 oleum
1948 3113 1964 3139 ,
1993 3085 2035 3143 ο

389 3171 446 3218 et
478 3164 605 3232 quid
638 3163 1022 3234 unguentum?
1051 3161 1397 3234 Unguentum
1428 3172 1609 3218 autem
1637 3163 1779 3233 quod
1805 3164 1970 3233 profl—

391 3256 464 3311 cit
490 3255 555 3310 ad
590 3271 791 3326 corpus
821 3255 1024 3312 Christi
1059 3256 1395 3327 ungendum,
1423 3264 1477 3311 et
1508 3256 1654 3326 quod
1685 3257 1750 3311 ad
1784 3265 1967 3327 caput,

390 3345 605 3401 difﬁcile
626 3355 712 3402 est
732 3347 1029 3417 explicare.
1056 3344 1261 3401 Tamen
1295 3346 1347 3401 id
1371 3346 1517 3417 quod
1546 3348 1706 3403 nobis
1734 3348 1968 3416 videtur,

390 3437 771 3493 demonstrare
798 3438 1133 3493 tentabimus
1153 3478 1167 3502 ,
1195 3438 1501 3492 certissime
1536 3449 1926 3508 cognoscentes
1952 3480 1967 3505 ,

390 3529 519 3598 quia
552 3530 731 3583 oleum
773 3529 976 3598 ubique
1002 3529 1059 3583 in
1093 3527 1428 3598 Scripturis,
1465 3538 1558 3583 aut
1585 3544 1724 3597 opus
1752 3530 1970 3585 miseri-

392 3618 591 3674 cordia:
622 3619 941 3688 intelligitur
963 3658 977 3683 ,
1009 3634 1120 3689 quo
1150 3620 1372 3691 lucerna
1411 3621 1560 3677 verbi
1590 3622 1825 3676 enutrita
1860 3623 1973 3677 cla-

393 3708 562 3763 rescit
595 3727 608 3762 :
646 3716 741 3762 aut
763 3708 1010 3762 doctrina
1035 3750 1049 3773 ,
1086 3709 1244 3777 cujus
1271 3709 1458 3764 auditu
1491 3710 1713 3765 assiduo
1744 3710 1969 3764 verbum

397 3799 517 3853 fidei
541 3800 685 3869 quod
709 3807 793 3854 est
818 3814 1109 3854 accensum
1135 3800 1188 3853 in
1216 3800 1396 3866 nobis,
1426 3801 1666 3856 nutritur
1685 3810 1738 3856 et
1767 3801 1972 3856 clarius

328 3892 333 3905 '
394 3894 557 3947 lucet.
590 3892 744 3947 Sicut
768 3906 898 3961 ergo
921 3890 1243 3961 generaliter
1269 3906 1430 3947 omne
1452 3907 1561 3960 quo
1579 3892 1702 3961 quis
1729 3893 1968 3959 ungitur,

397 3985 577 4040 oleum
614 3984 950 4054 appellatur,
975 3983 1078 4036 olei
1107 3990 1287 4036 autem
1326 3984 1471 4038 aliud
1502 3993 1585 4039 est
1609 3995 1968 4056 unguentum,

398 4075 584 4149 [aliud
619 4091 725 4130 non
755 4072 773 4147 ]
806 4074 969 4128 :item
1002 4074 1262 4144 unguenti
1288 4074 1433 4128 aliud
1457 4084 1542 4131 est
1574 4077 1847 4131 mediocre
1873 4092 1973 4130 un-

395 4179 654 4241 guentum
676 4209 691 4235 ,
720 4169 865 4224 aliud
897 4167 1193 4238 pretiosum
1225 4185 1240 4223 :
1274 4169 1353 4224 sic
1384 4169 1567 4224 omnis
1612 4178 1766 4225 actus
1789 4169 1971 4240 justus

396 4277 536 4332 opus
567 4262 769 4317 dicitur
797 4261 1022 4316 bonum.
1063 4260 1256 4330 O'peris
1288 4269 1473 4314 autem
1507 4260 1633 4314 boni
1654 4303 1669 4326 ,
1706 4262 1852 4315 aliud
1890 4269 1974 4316 est

396 4353 540 4423 quod
577 4352 811 4408 facimus
843 4360 1064 4421 propter
1102 4350 1384 4416 homines,
1428 4351 1511 4405 vel
1540 4350 1839 4406 secundum
1874 4351 1973 4405 ho-

2064 485 2206 539 bona
2258 496 2381 553 qua:
2412 483 2550 535 fiunt
2584 481 2654 535 ab
2697 478 3007 534 infidelibus
3031 517 3046 542 ,
3082 478 3138 532 in
3172 479 3277 534 hoc
3317 477 3519 533 smeulo
3553 477 3634 535 eis

2062 582 2324 645 prosunt,
2352 589 2462 629 non
2495 581 2550 628 et
2576 574 2629 627 in
2661 571 2754 626 illo
2782 571 2849 625 ad
2881 571 3320 640 consequendam
3359 571 3525 626 vitam
3562 586 3635 626 ac-

2063 676 2273 720 ternam
2293 683 2306 719 :
2330 674 2386 720 et
2405 663 2812 728 convenienter,
2831 663 2961 733 quia
2991 677 3090 717 nec
3115 661 3190 716 illi
3219 672 3439 731 propter
3468 660 3633 717 Deum

2062 758 2290 823 faciunt,
2323 759 2416 813 sed
2443 768 2666 827 propter
2692 757 2866 827 ipsam
2893 767 3145 812 naturam
3179 756 3496 810 humanam.
3526 755 3631 822 Qui

2060 861 2242 908 autem
2278 860 2498 922 propter
2528 849 2697 904 Deum
2728 848 2972 915 faciunt,
3023 848 3076 902 id
3123 856 3207 902 est
3254 846 3470 912 fideles,
3524 861 3631 900 non

2060 945 2238 1000 solum
2269 944 2323 998 in
2349 944 2454 998 hoc
2494 943 2694 998 saeculo
2716 942 2930 1012 proficit
2956 942 3059 1005 eis,
3100 940 3193 996 sed
3226 940 3280 994 in
3317 940 3431 1004 illo,
3463 940 3636 1010 magis

2061 1048 2243 1092 autem
2284 1037 2339 1091 in
2372 1036 2484 1093 illo.
2522 1036 2676 1101 Quod
2706 1044 2886 1090 autem
2936 1035 3121 1089 ﬁdeles
3168 1032 3375 1089 faciunt
3416 1041 3637 1104 propter

2061 1128 2254 1196 Deum,
2299 1129 2405 1184 hoc
2442 1136 2527 1183 est
2564 1137 2898 1197 unguentum
2928 1126 3058 1181 boni
3090 1125 3293 1180 odoris.
3320 1129 3431 1180 Hoc
3457 1125 3634 1194 ipsum

2061 1231 2241 1276 autem
2274 1236 2413 1291 opus
2459 1220 2700 1274 fidelium
2747 1228 2970 1289 propter
2998 1219 3187 1285 Deum,
3234 1218 3378 1289 quod
3410 1226 3494 1273 est
3536 1233 3638 1271 uu-

2062 1320 2346 1382 guentum,
2384 1310 2531 1365 aliud
2567 1309 2624 1364 tit
2652 1309 2719 1364 ad
2759 1309 3044 1364 utilitatem
3076 1309 3391 1375 hominum,
3421 1316 3634 1378 utputa,

2061 1404 2437 1474 eleemosynaa,
2464 1400 2803 1455 infirmorum
2835 1400 3195 1467 visitationes,
3224 1400 3635 1470 peregrinorum

2064 1496 2474 1565 susceptiones,
2510 1492 2812 1559 humilitas,
2836 1493 3229 1558 mansuetudo,
3259 1492 3592 1564 indulgentia
3620 1531 3636 1558 ,

2063 1594 2117 1643 et
2142 1594 2336 1640 «ctera
2371 1584 2686 1655 hujusmodi
2720 1600 2842 1654 qua:
2878 1583 3192 1639 hominibus
3226 1593 3476 1654 prosunt.
3512 1582 3639 1639 ilarc

2064 1678 2159 1749 qui
2208 1676 2343 1732 facit
2386 1677 2440 1731 iu
2478 1676 2823 1731 Christianos
2848 1716 2863 1739 ,
2901 1675 3065 1746 pedes
3098 1674 3314 1730 Domini
3348 1676 3500 1747 ungit
3531 1691 3638 1730 un-

2066 1774 2268 1836 guento
2293 1803 2310 1829 ,
2353 1765 2482 1835 quia
2518 1764 2620 1834 ipsi
2670 1771 2800 1819 sunt
2833 1764 3046 1819 Domini
3080 1764 3247 1835 pedes
3277 1780 3400 1819 eum
3440 1765 3637 1834 quibus

2067 1856 2312 1911 ambulat
2344 1870 2557 1924 semper
2583 1872 2597 1908 :
2632 1852 2778 1923 quod
2808 1853 3078 1923 praecipue
3109 1853 3284 1908 solent
3315 1852 3493 1909 facere
3523 1868 3642 1923 pte.

2066 1948 2301 2003 nitentes
2353 1962 2453 2017 pro
2505 1945 2826 2001 remissione
2872 1952 3216 2015 peccatorum
3272 1958 3519 1999 suorum.
3572 1942 3642 1999 Et

2068 2038 2198 2093 illud
2226 2046 2312 2092 est
2335 2052 2475 2107 opus
2502 2035 2644 2105 quod
2683 2033 2885 2089 dicitur
2915 2043 3250 2103 unguentum
3298 2032 3635 2089 odoriferum

2068 2131 2319 2201 quidem,
2365 2144 2471 2184 non
2506 2136 2687 2183 autem
2718 2141 3019 2182 summum.
3051 2124 3155 2193 Qui
3184 2135 3367 2181 autem
3401 2124 3639 2182 castitati

2069 2223 2287 2289 studet,
2320 2222 2373 2277 in
2400 2220 2627 2293 jejuniis
2659 2227 2714 2274 et
2745 2216 3086 2274 orationibus
3122 2224 3431 2288 permanet,
3460 2218 3514 2271 in
3544 2217 3642 2273 ad—

2067 2316 2243 2371 versis
2277 2312 2591 2385 patientiam
2618 2311 2780 2366 habet
2822 2311 2967 2366 sicut
2992 2307 3126 2377 Job,
3159 2310 3215 2364 in
3251 2309 3642 2365 tentationihns

2067 2408 2350 2462 veritatem
2385 2403 2475 2457 Dei
2502 2418 2609 2457 non
2649 2401 2803 2456 timet
2833 2400 3123 2467 confiteri;
3157 2415 3280 2470 quae
3308 2400 3490 2455 omnia
3535 2416 3643 2457 ete-

2069 2497 2203 2553 teris
2246 2494 2566 2550 hominibus
2592 2492 2731 2547 nihil
2756 2501 3023 2562 prosunt,
3051 2490 3145 2546 sed
3179 2500 3387 2546 tantum
3416 2491 3483 2546 ad
3525 2492 3643 2563 glo-

2069 2589 2207 2644 riam
2236 2586 2329 2641 Dei
2357 2584 2649 2656 proflciunt
2674 2601 2689 2649 ;
2718 2583 2822 2638 hoc
2844 2590 2928 2638 est
2957 2591 3288 2655 unguentum
3319 2582 3462 2653 quod
3490 2582 3644 2654 ungit

2068 2690 2235 2752 caput
2264 2679 2481 2735 Domini
2512 2675 2749 2739 Christi,
2792 2683 2849 2730 et
2875 2674 3068 2730 exinde
3108 2689 3204 2744 per
3238 2681 3411 2730 totum
3441 2688 3643 2745 corpus

2067 2773 2308 2840 Christi,
2343 2772 2394 2827 id
2426 2781 2511 2827 cst
2546 2785 2643 2841 per
2676 2778 2849 2824 totam
2913 2769 3155 2825 decurrit
3194 2767 3490 2823 Ecclesiam
3522 2783 3537 2821 :
3588 2773 3644 2820 et

2070 2867 2175 2922 hoc
2197 2874 2282 2920 est
2310 2872 2648 2932 unguentum
2673 2863 2830 2919 valde
2857 2862 3182 2933 pretiosum,
3204 2875 3270 2914 ex
3294 2859 3452 2928 cujus
3473 2857 3643 2913 odore

2071 2969 2182 3015 tota
2213 2957 2452 3028 repletur
2491 2958 2719 3020 domus,
2750 2956 2856 3011 hoc
2897 2962 2979 3010 est
3023 2952 3267 3008 Ecclesia
3301 2949 3528 3007 Christi.
3577 2947 3645 3003 Et

2072 3050 2179 3104 hoc
2223 3065 2365 3119 npus
2393 3057 2473 3104 est
2500 3049 2783 3120 proprium
2816 3063 2924 3103 non
2954 3045 3331 3118 paenitendum
3353 3083 3368 3107 ,
3394 3041 3489 3099 sed
3522 3055 3644 3111 pcr-

2071 3140 2339 3196 fectorum
2369 3151 2705 3196 sanctorum.
2734 3142 2843 3195 Aut
2869 3147 3015 3194 certe
3036 3137 3282 3193 doctrina
3308 3149 3432 3206 qua:
3455 3146 3648 3189 neces-1

2070 3230 2216 3291 saria
2243 3239 2329 3286 est
2362 3229 2678 3285 hominibus
2701 3270 2716 3295 ,
2761 3245 2858 3300 per
2884 3243 3048 3298 quam
3085 3228 3401 3281 nutriuntur
3448 3224 3648 3280 animae

2071 3338 2337 3393 pauperes
2367 3323 2421 3377 in
2449 3322 2791 3394 spiritalibus
2826 3323 3016 3388 honis,
3052 3328 3147 3376 aut
3177 3318 3317 3374 forte
3346 3327 3401 3374 et
3440 3317 3646 3373 debiles

2070 3415 2124 3468 in
2150 3415 2406 3484 peccatis,
2434 3414 2539 3469 hoc
2560 3423 2644 3469 est
2668 3422 3004 3482 unguentum
3031 3411 3324 3475 mediocre,
3345 3423 3457 3480 quo
3481 3407 3646 3477 pedes

2072 3505 2287 3558 Domini
2324 3514 2623 3573 unguntur.
2658 3502 2881 3573 Agnitio
2901 3510 3085 3557 autern
3123 3501 3244 3556 fidei
3272 3516 3414 3555 vera:
3435 3514 3557 3570 qua
3577 3499 3649 3557 ad

2070 3596 2247 3650 solum
2273 3596 2506 3665 pertinet
2529 3595 2721 3657 Deum,
2754 3604 3090 3664 unguentum
3114 3601 3197 3649 est
3217 3594 3514 3663 pretiosum
3536 3608 3651 3665 quo

2071 3687 2293 3757 ungitur
2325 3695 2486 3754 caput
2515 3684 2718 3740 Christi
2748 3683 2913 3740 Deus.

2139 3805 2229 3860 78.
2260 3803 2405 3858 Tunc
2429 3804 2561 3857 abiit
2586 3819 2719 3858 unus
2743 3802 2806 3858 de
2821 3802 3116 3869 duodecim,
3137 3803 3228 3873 qui
3250 3802 3450 3857 dicitur
3469 3800 3645 3855 ludas

2071 3900 2306 3961 Scariot,
2338 3895 2407 3951 ad
2432 3897 2692 3967 principes
2717 3896 3075 3961 sacerdotum,
3107 3905 3158 3951 et
3190 3896 3326 3949 dixit
3349 3896 3423 3949 eis
3451 3909 3470 3949 :
3502 3893 3644 3960 Quid

2070 3992 2229 4047 vultis
2260 3992 2388 4045 mihi
2427 3990 2556 4045 dare
2576 4030 2591 4055 ,
2620 4000 2670 4045 et
2715 4007 2808 4061 ego
2836 3989 2978 4044 vobis
3009 4006 3128 4045 eum
3160 3987 3369 4042 tradam
3398 3989 3424 4045 7
3460 3990 3528 4042 At
3561 3986 3647 4039 illi

2070 4084 2461 4139 constituerunt
2484 4083 2532 4137 ei
2557 4082 2778 4152 triginta
2805 4091 3027 4137 stateres
3055 4097 3074 4136 :
3099 4091 3148 4137 et
3167 4082 3355 4136 exinde
3379 4080 3651 4153 quaerebat

2070 4175 2515 4246 opportunitatem
2556 4183 2612 4227 ut
2643 4190 2761 4227 eum
2809 4173 3036 4228 traderet
3067 4174 3141 4227 eis
3171 4173 3235 4229 “.
3268 4171 3435 4228 Judas
3478 4173 3647 4227 inter-

2074 4272 2324 4336 pretatur
2346 4262 2633 4333 confessor.
2664 4265 2798 4318 Cum
2832 4264 2944 4318 sint
2973 4278 3102 4333 ergo
3129 4262 3237 4317 duo
3262 4262 3511 4332 discipuli
3542 4262 3655 4318 hoc.

2074 4356 2297 4411 nomine
2318 4354 2609 4417 nominati,
2626 4354 2927 4410 secundum
2952 4354 3097 4424 quod
3123 4351 3297 4410 Lucas
3314 4353 3650 4424 evangelista

398 4445 608 4507 mines,
640 4444 790 4499 aliud
814 4452 993 4497 autem
1031 4442 1174 4513 quod
1207 4451 1428 4513 propter
1471 4440 1640 4497 Deum
1668 4452 1724 4498 et
1767 4458 1967 4498 secun-
2002 4428 2045 4483 Ῑ)
2073 4447 2381 4502 dinumerat
2417 4445 2559 4500 inter
2589 4445 2874 4501 duodecim
2905 4444 3077 4500 fuisse
3110 4444 3417 4515 apOSIolos,
3446 4441 3644 4499 ludam

395 4537 523 4590 dum
552 4536 740 4589 Deum.
784 4535 914 4588 item
948 4534 1049 4588 hoc
1091 4532 1268 4603 ipsum
1316 4534 1460 4604 quod
1488 4531 1721 4589 facimus
1748 4542 1967 4604 propter

400 4626 590 4692 Deum,
623 4625 768 4679 aliud
800 4632 884 4680 est
913 4625 1057 4696 quod
1102 4625 1321 4695 proficit
1346 4626 1414 4679 ad
1447 4641 1606 4680 usum
1641 4625 1926 4679 hominum
1949 4665 1963 4691 ,

396 4722 541 4777 aliud
566 4721 709 4791 quod
749 4735 854 4773 non
883 4719 1097 4789 proficit
1120 4718 1188 4774 ad
1213 4735 1370 4773 usum
1396 4719 1702 4785 hominum,
1728 4719 1822 4774 sed
1849 4728 1968 4773 tan-

399 4824 511 4866 tum
542 4811 609 4863 ad
638 4810 864 4881 gloriam
897 4809 950 4861 D.
971 4810 1009 4862 i.
1043 4806 1265 4878 Utputa,
1290 4808 1427 4864 bene
1451 4809 1576 4879 quis
1605 4808 1732 4865 facit
1761 4809 1965 4864 homini

398 4902 631 4957 naturali
677 4901 891 4970 justitia
934 4908 1147 4962 motus,
1180 4916 1287 4954 nun
1329 4911 1547 4970 propter
1592 4900 1756 4955 Deum
1782 4943 1798 4966 ,
1830 4914 1970 4971 quo-

399 4992 562 5048 modo
584 4992 858 5048 faciebant
884 4990 1156 5046 interdum
1183 4999 1235 5045 et
1258 5000 1465 5062 gentes,
1490 5004 1544 5048 et
1576 4992 1730 5047 multi
1762 4993 1971 5048 faciunt

399 5087 653 5143 homines
677 5104 690 5141 :
726 5102 866 5156 opus
894 5086 1025 5142 illud
1054 5087 1231 5141 oleum
1260 5095 1345 5141 est
1380 5087 1618 5156 vulgare,
1651 5103 1757 5142 non
1784 5088 1967 5158 magni

397 5180 614 5245 odoris,
649 5188 704 5233 et
744 5180 922 5249 ipsum
962 5191 1143 5235 tamen
1187 5179 1517 5249 acceptabilc
1562 5179 1704 5247 apud
1750 5175 1918 5231 Deum
1951 5195 1965 5232 :

396 5273 539 5327 sicut
591 5271 780 5327 Daniel
829 5273 1098 5343 significat
1146 5271 1332 5327 dicens
1381 5272 1448 5326 ad
1499 5270 1784 5325 Balthasar
1830 5269 1967 5340 (86)

399 5363 566 5418 Deum
616 5380 723 5420 non
760 5375 1179 5435 cognoscentem
1210 5383 1224 5418 :
1257 5364 1401 5417 Audi
1442 5361 1722 5416 consilium
1755 5378 1923 5413 meum
1951 5399 1966 5424 ,

399 5470 512 5518 rex,
542 5466 757 5524 peccata
787 5468 881 5511 tua
911 5454 1252 5526 eleemosyuis
1283 5455 1478 5509 redime
1508 5454 1574 5508 ⁶⁰.
1606 5452 1733 5508 Tale
1763 5452 1967 5523 aliquid

468 5567 515 5599 ⁵⁸
545 5566 733 5624 Matth.
772 5585 896 5623 xxv:
920 5567 1028 5633 ,10.
1104 5568 1149 5599 ⁵⁷
1183 5567 1313 5621 ibid.
1352 5566 1435 5622 1‘2.

398 5639 440 5669 "
478 5636 667 5692 Matth.
697 5654 822 5692 xxvr
846 5680 860 5700 ,
890 5640 953 5693 fi
988 5645 1043 5691 et
1074 5652 1227 5706 seqq.

469 5734 580 5802 (bii)
615 5731 923 5802 chrndutn
959 5731 1466 5788 Nabuchodonosor.

1530 5566 1575 5597 ⁵³
1605 5564 1760 5619 finiti.
1798 5579 1873 5633 vt,
1903 5563 1934 5617 4
1964 5581 1977 5630 ;
2014 5564 2224 5623 Culoss.
2270 5583 2306 5623 ιι
2329 5611 2343 5637 ,
2383 5567 2466 5624 12.
2504 5568 2546 5602 ³³
2577 5566 2764 5622 Matth.
2810 5581 2935 5621 xxvi
2959 5607 2974 5632 ,
3011 5565 3095 5620 f5.

2071 4536 2285 4603 Jacobi,
2313 4547 2366 4592 et
2392 4535 2588 4593 Judam
2618 4537 2919 4593 Scariotam
2953 4555 2967 4591 :
2997 4552 3119 4591 cum
3146 4535 3281 4591 nihil
3310 4551 3438 4607 ergo
3466 4527 3647 4608 a‘my~

2071 4631 2241 4688 sterio
2286 4646 2521 4686 vacuum
2570 4632 2643 4686 sit
2673 4630 2813 4701 apud
2854 4629 3131 4685 Christum
3157 4668 3171 4692 ,
3206 4627 3463 4684 existimo
3507 4627 3647 4684 duos

2071 4721 2370 4792 discipulos
2402 4719 2572 4777 Judas
2612 4721 2667 4777 in
2702 4721 2965 4793 mysterio
3007 4719 3179 4775 fuisse
3207 4716 3644 4774 ChriStianorum

2072 4814 2450 4872 confitentium
2502 4813 2663 4870 ﬁdem
2712 4811 2960 4869 Christi:
3011 4826 3247 4883 quorum
3280 4826 3389 4865 una
3422 4809 3645 4881 quidem

2073 4923 2202 4979 pars
2220 4907 2450 4963 fideliter
2473 4913 2754 4977 permanet
2774 4903 2916 4973 apud
2939 4901 3243 4967 Christum,
3270 4902 3429 4972 cujus
3452 4910 3648 4972 myste-

2075 5000 2219 5054 rium
2245 4998 2347 5055 fuit
2362 4998 2534 5054 Judas
2553 4995 2738 5052 Jacobi
2761 5012 2776 5062 ;
2796 4995 2965 5050 altera
2987 5002 3165 5049 autem
3192 5009 3339 5064 pars,
3359 5004 3645 5063 postquam

2074 5090 2325 5156 credidit,
2350 5099 2405 5146 et
2424 5088 2673 5145 confessa
2700 5096 2784 5143 est
2803 5086 2962 5142 fidem
2985 5085 3208 5151 Christi,
3227 5093 3447 5156 prepter
3472 5083 3649 5139 avari-

2074 5181 2204 5237 tiam
2237 5183 2460 5254 rcliqnit
2486 5180 2787 5248 Christum,
2822 5188 2879 5235 et
2911 5177 3051 5233 facta
3096 5179 3364 5249 proditrix
3404 5177 3647 5232 veritatis

2076 5274 2269 5344 ipsius,
2292 5274 2508 5329 transiit
2529 5275 2595 5329 ad
2623 5274 2856 5329 hmreses
2877 5277 2931 5326 et
2952 5272 3017 5324 ad
3044 5269 3206 5325 falsos
3225 5269 3536 5325 sacerdotes
3552 5267 3649 5322 Ju-

2072 5361 2314 5415 dzeorum
2331 5361 2533 5417 falsoru
2543 5362 2674 5430 m,id
2693 5370 2776 5417 est
2790 5361 3170 5417 simulatorum
3182 5360 3647 5426 Christianorum,

2073 5451 2238 5523 895
2278 5462 2331 5507 et
2358 5454 2576 5509 tradidit
2606 5454 2686 5509 eis
2713 5452 3029 5518 Christum,
3072 5461 3338 5523 quantum
3373 5452 3441 5508 ad
3469 5466 3566 5517 se,
3594 5450 3647 5506 id

3199 5565 3245 5597 “
3279 5566 3414 5621 Dan.
3447 5580 3518 5628 tv,
3554 5563 3625 5620 ‘24
