4052 6304
446 308 467 361 l
481 303 580 360 727

440 434 524 480 est
569 422 792 479 verbum
839 425 1098 489 veritatis,
1145 433 1204 480 ut
1249 424 1597 498 cruciflgatur
1636 438 1692 484 et
1732 431 2015 487 occidatur
2041 439 2088 493 Α

442 515 669 570 verbum
701 516 944 571 veritatis
972 517 1040 571 ab
1069 517 1183 583 eis;
1232 518 1391 586 cujus
1419 521 1739 590 mysterium
1785 521 1885 578 fuit
1910 522 2010 578 ,ιυ-

443 608 544 661 das
587 606 861 673 Seariota,
912 608 1005 678 qui
1031 608 1163 663 abiit
1186 610 1251 663 ad
1284 611 1597 667 sacerdotes
1619 646 1643 679 ,ν
1662 623 1717 668 et
1744 615 1809 669 de
1840 616 2010 670 tradi-

442 699 591 752 tione
618 697 820 753 Christi
864 707 1054 767 pactus
1078 709 1163 755 est
1188 702 1441 769 pretium.
1500 703 1694 759 Audivi
1722 707 2010 776 quemdam

439 800 800 861 exponentem
826 793 1055 861 patriam
1086 792 1384 861 proditoris
1410 793 1563 850 Iuda:
1598 801 1896 855 secundum
1924 801 2012 855 in-

444 885 881 952 terpretationem
955 885 1277 943 Hebraicam
1351 894 1735 961 exsuﬁ'ocatum
1810 894 2008 949 vocari.

442 979 594 1046 Quod
630 979 674 1034 si
708 981 782 1035 ita
812 989 915 1045 est,
963 999 1157 1053 magna
1189 987 1563 1042 convenientia
1612 988 1884 1043 Invenitur
1917 1005 2015 1043 no-

442 1070 607 1126 minis
634 1072 820 1141 patriae
847 1072 966 1141 ejus
992 1089 1115 1128 cum
1143 1077 1289 1130 exitu
1322 1077 1515 1132 mortis
1537 1079 1732 1147 ipsius,
1750 1080 2012 1148 quoniam

439 1170 496 1217 et
530 1161 644 1231 ipse
674 1162 868 1232 laqueo
912 1179 970 1220 se
1015 1167 1356 1237 suspendens
1397 1170 1734 1239 prophetiam
1779 1171 2015 1227 nominis

442 1254 631 1321 patriae
668 1270 780 1309 sua'
808 1254 1107 1312 suffocatus
1139 1258 1397 1328 implevit.
1455 1258 1555 1314 Hic
1591 1275 1719 1331 ergo
1747 1259 1914 1316 Judas
1945 1260 2013 1314 ad

440 1354 600 1413 qtiem
654 1347 858 1401 dictum
905 1357 989 1403 est
1040 1364 1138 1418 per
1178 1349 1505 1420 Prophetam
1545 1353 1590 1384 "
1639 1369 1653 1406 :
1718 1351 1796 1406 Tu
1837 1361 2012 1406 autem

441 1437 595 1490 homo
621 1438 886 1492 unanimis
918 1440 1047 1494 mihi
1075 1440 1187 1493 dua:
1217 1457 1359 1496 meus
1386 1453 1438 1496 et
1466 1454 1621 1497 notus
1653 1459 1821 1506 meus,
1870 1443 2014 1498 reci-

441 1528 522 1584 dit
568 1544 691 1583 cum
727 1529 919 1586 fuisset
961 1547 1105 1586 unus
1130 1547 1320 1587 eorum
1361 1549 1501 1604 quos
1536 1535 1789 1590 Christus
1818 1534 1884 1589 ad
1913 1534 2016 1589 du-

439 1631 621 1674 catum
650 1619 889 1690 suscepit
920 1622 1100 1691 populi
1127 1622 1444 1679 ChriStiani.
1497 1624 1564 1681 Et
1593 1626 1713 1680 vide
1739 1626 2015 1696 quomodo

440 1710 587 1779 quod
642 1710 906 1779 scriptum
955 1720 1039 1765 est
1081 1712 1126 1743 ⁸³
1177 1730 1192 1767 :
1249 1711 1348 1767 Vos
1394 1722 1570 1768 autem
1608 1716 1748 1769 sicut
1780 1716 2014 1769 homines

444 1801 778 1865 moriemini,
818 1810 867 1854 et
894 1802 1031 1855 sicut
1054 1819 1189 1857 unus
1227 1804 1292 1858 de
1313 1805 1638 1876 principibus
1666 1806 1864 1861 cadetis
1884 1849 1899 1874 ,
1931 1825 2016 1864 re—
2048 1786 2091 1844 Β

442 1890 620 1945 fertur
662 1891 826 1946 modo
859 1893 1126 1948 ad'illttm
1183 1895 1478 1966 principem
1525 1899 1617 1967 qui
1668 1899 1864 1954 cecidit
1900 1908 2016 1954 tan-

441 1997 605 2051 quam
632 1981 814 2053 fulgur
839 1984 906 2038 de
931 1985 1104 2052 etelo;
1138 1987 1298 2041 modo
1327 1987 1396 2042 ad
1422 1987 1640 2056 Judam,
1689 1991 1781 2060 qui
1814 1992 2017 2048 electus

441 2071 506 2125 ad
538 2071 901 2141 principatum
945 2077 1284 2145 apostolatus
1304 2118 1318 2142 ,
1362 2086 1418 2134 et
1445 2079 1602 2150 quasi
1630 2080 1683 2134 in
1716 2083 1855 2137 etelo
1887 2099 2018 2139 con-

446 2160 692 2229 stitutus,
730 2172 783 2217 et
812 2164 928 2233 ipse
950 2167 1107 2235 quasi
1157 2166 1340 2238 fulgur
1369 2179 1494 2224 ante
1522 2172 1852 2229 constitutus
1877 2177 2020 2231 ceci-

444 2252 523 2307 dit
571 2253 624 2307 in
678 2255 1003 2323 proditionis
1047 2258 1258 2313 ruinam
1308 2261 1509 2318 vadens
1545 2263 1806 2322 adversus
1847 2283 2014 2323 unum.

440 2344 737 2414 principem
760 2347 1125 2417 sacerdotum,
1147 2351 1238 2420 qui
1263 2351 1318 2406 in
1347 2362 1608 2409 aeternum
1639 2355 1813 2412 factus
1843 2357 2020 2414 fuerat

441 2435 699 2501 sacerdos
751 2439 1048 2493 secundum
1122 2442 1371 2499 ordinem
1446 2444 1873 2513 Melchisedech,
1948 2451 2014 2504 ad

442 2524 646 2580 multus
696 2526 968 2598 principes
1013 2533 1356 2587 sacerdotum
1389 2542 1443 2589 et
1469 2535 1810 2593 adversarios
1855 2538 2018 2595 unius

442 2620 744 2675 sacerdotis
775 2623 996 2690 summi,
1048 2633 1108 2680 ut
1150 2626 1408 2683 venderet
1436 2630 1610 2698 pretio
1637 2630 1902 2686 volentem
1933 2648 2019 2687 re-

441 2709 649 2766 dimere
697 2720 869 2767 totum
899 2717 1163 2771 mundum
1201 2733 1232 2772 a
1276 2719 1654 2776 maledictione
1699 2721 1832 2791 legis
1853 2730 1906 2776 et
1939 2732 2018 2777 to-

443 2802 552 2857 tius
592 2802 831 2872 peccati,
870 2813 924 2858 et
956 2806 1223 2862 redimere
1266 2824 1364 2865 nos
1413 2826 1520 2864 non
1571 2812 2018 2882 corruptibilibus

445 2892 725 2961 pecuniis,
779 2895 871 2950 sed
908 2897 1173 2965 sanguine
1210 2914 1311 2954 suo
1338 2900 1595 2970 pretioso.
1654 2900 1796 2969 Quid
1838 2913 2017 2957 autem

441 2986 580 3038 dixit
626 2984 797 3042 Judas
839 2988 904 3068 ad
947 2989 1261 3054 sacerdotes
1308 2993 1638 3049 audiamus:
1675 2994 1816 3058 Quid
1859 2995 2018 3049 vultis

442 3076 572 3130 milii
625 3076 791 3140 dare,
839 3088 889 3132 et
932 3096 1025 3148 ego
1072 3080 1214 3135 vobis
1244 3099 1361 3137 eum
1412 3085 1623 3138 tradam
1657 3085 1740 3138 ειν
1793 3083 2019 3141 Volebat

442 3169 589 3222 enim
641 3171 885 3238 accipere
934 3172 1241 3239 pecuniam,
1278 3187 1333 3228 et
1363 3176 1573 3230 tradere
1614 3176 1850 3230 Verbum
1898 3175 2012 3230 Dei.

449 3263 602 3330 Quod
633 3265 842 3319 faciunt
863 3281 1054 3321 omnes
1086 3267 1180 3335 qui
1209 3266 1483 3335 accipiunt
1528 3266 1731 3334 aliquid
1761 3281 2018 3336 corpora-

442 3355 577 3412 lium
614 3365 711 3412 aut
739 3357 1097 3412 mundialium
1127 3372 1331 3423 rerum,
1383 3364 1442 3410 ut
1478 3357 1693 3411 tradant
1723 3367 1771 3412 et
1798 3358 2018 3428 ejiciant

442 3448 512 3502 ab
541 3449 723 3504 anima
754 3465 852 3505 sua
890 3450 1226 3506 Salvatorem
1255 3458 1310 3504 et
1339 3449 1561 3503 verbum
1592 3450 1833 3505 veritatis
1871 3453 2015 3520 quod

442 3549 563 3597 erat
610 3542 665 3595 in
714 3542 813 3598 eis.
873 3542 941 3596 Et
978 3551 1282 3612 opportune
1312 3542 1417 3596 hoc
1466 3542 1635 3597 uteris
1677 3543 1925 3612 exemplo
1949 3544 2015 3599 ad

445 3645 636 3686 omnes
660 3631 754 3701 qui
797 3632 1165 3701 quodcunque
1195 3640 1475 3702 peceatum
1516 3632 1777 3688 facientes
1799 3642 2017 3703 propter

444 3724 752 3791 avaritiam,
785 3732 839 3779 et
881 3740 1102 3779 causam
1134 3725 1510 3795 pecuniarum,
1559 3732 1654 3779 aut
1676 3725 1905 3794 alicujus
1935 3728 2009 3780 lu-

441 3816 559 3884 cri,
605 3819 829 3872 verbum
863 3816 957 3872 Dei
991 3817 1210 3871 tradunt
1236 3826 1289 3872 et
1314 3825 1689 3871 contemnunt.
1744 3816 1879 3870 Nam
1916 3819 2017 3873 hu-

438 3904 681 3972 iusmodi
713 3905 960 3961 homines
988 3905 1145 3975 quasi
1177 3905 1462 3961 manifeste
1483 3905 1719 3961 clamare
1744 3906 2013 3970 videntur,

442 4005 496 4049 et
525 3994 706 4050 dicere
726 3995 1021 4050 virtutibus
1047 3995 1375 4050 adversariis
1400 3995 1783 4065 praestantibus
1806 3994 2012 4050 lucrum

443 4085 665 4155 aliquod
710 4099 809 4156 pro
853 4093 1072 4156 peccato
1103 4085 1432 4157 transgressi
1456 4084 1603 4140 verbi
1631 4103 1645 4140 :
1685 4085 1825 4151 Quid
1857 4085 2016 4141 vultis

444 4179 574 4232 mihi
600 4178 748 4248 dare,
768 4187 817 4232 et
859 4193 950 4249 ego
978 4194 1095 4232 eum
1123 4177 1268 4232 vobis
1304 4178 1515 4233 tradam
1533 4179 1559 4232 ?
1594 4176 1747 4245 Quod
1776 4177 1879 4233 etsi
1905 4186 2017 4232 tra-

443 4276 591 4327 dltus
633 4271 831 4337 fuerit,
864 4271 925 4325 fit
949 4270 1168 4341 quidem
1215 4280 1367 4326 extra
1405 4271 1706 4325 tradentem
1739 4288 1753 4325 :
1790 4270 2016 4324 vincens

444 4370 624 4415 autem
668 4376 764 4416 eos
807 4361 900 4432 qui
932 4376 1055 4415 eum
1096 4363 1403 4427 suscepisse
1433 4360 1714 4425 videntur,
1760 4370 2017 4430 operatur

441 4452 683 4509 decentia
713 4467 772 4507 se
795 4493 810 4519 ,
842 4461 905 4506 ut
927 4466 1194 4508 evacuare
1220 4451 1503 4520 cupientes
1529 4466 1654 4505 eum
1675 4492 1690 4517 ,
1723 4448 1861 4505 nihil
1885 4467 2014 4523 ope-
2044 4474 2088 4528 ι)

442 4552 634 4600 rentur
663 4544 717 4598 in
748 4544 948 4614 ipsum.
1022 4544 1091 4597 At
1121 4542 1204 4596 illi
1228 4551 1527 4597 statuerunt
1557 4543 1605 4596 ei
1642 4543 1865 4613 triginta
1901 4553 2015 4597 sta-

442 4647 574 4691 teres
603 4636 670 4704 ⁸⁸,
705 4644 907 4691 tantam
935 4635 982 4688 ei
1011 4633 1359 4689 donationem
1393 4634 1806 4699 constituentes,
1835 4650 2015 4704 quan-

443 4739 528 4783 tos
584 4742 760 4781 annos
823 4724 1073 4779 Salvator
1133 4725 1505 4795 peregrinatus
1573 4724 1749 4780 fuerat
1795 4727 1848 4780 in
1913 4726 2016 4780 hoc

442 4818 667 4873 mundo.
725 4816 969 4890 Triginta
1012 4818 1157 4872 enim
1194 4831 1461 4870 annorum
1503 4816 1807 4886 baptizatus
1849 4818 2017 4887 C(Ppil

443 4909 788 4978 Evangelium
816 4910 1144 4979 prmdieare,
1174 4908 1327 4979 quasi
1353 4906 1550 4978 Joseph
1586 4906 1760 4963 factus
1790 4908 2010 4977 triginta

446 5013 714 5053 annorum
768 5008 1016 5069 erogaret
1063 4997 1336 5053 frumenta
1360 4995 1644 5059 matribus
1675 4998 1809 5053 suis.
1874 4996 2009 5053 Nam

445 5093 590 5145 sicut
617 5099 747 5144 tunc
790 5098 1009 5158 propter
1044 5088 1185 5144 ﬁlios
1209 5088 1425 5159 quidem
1451 5087 1616 5144 Israel
1641 5104 1672 5143 a
1703 5087 1813 5143 Deo
1843 5088 2016 5145 fuerat

443 5187 803 5250 lix-reparatum
851 5176 1184 5232 frumentum
1217 5179 1378 5246 illud,
1430 5189 1711 5250 erogatum
1740 5190 1822 5236 est
1850 5182 2012 5236 etiam

442 5265 745 5339 :Egyptiis;
797 5268 877 5323 sic
917 5266 1262 5337 Evangelinm
1312 5270 1517 5325 sanctis
1564 5271 1783 5342 quidem
1840 5270 2016 5325 fuerat

445 5365 804 5425 praeparatum
825 5399 840 5424 ,
878 5366 1057 5413 tamen
1088 5360 1438 5429 praedicatum
1471 5371 1552 5415 εει
1583 5361 1746 5415 etiam
1780 5362 2011 5415 inlideli-

444 5447 548 5503 bus
576 5459 631 5505 et
656 5450 879 5521 iniquis.
922 5451 1005 5506 Ex
1033 5462 1154 5506 tunc
1177 5453 1442 5525 quivrebat
1476 5453 1916 5522 opportunitatem
1952 5464 2006 5507 ut

518 5653 564 5684 θ’
598 5651 743 5709 Psal.
771 5671 888 5719 LIV,
921 5656 1004 5710 li.
1103 5658 1145 5689 ⁸³
1173 5655 1315 5711 Psal.
1347 5673 1505 5711 tam
1530 5698 1543 5722 ,
1591 5657 1643 5710 7.

450 5735 603 5791 ιλιι,
648 5723 705 5778 6.
800 5727 842 5758 "
881 5726 1055 5782 Eccle.
1091 5742 1185 5793 Ill,
1218 5727 1271 5781 ἓ.

1638 309 1959 369 ORIGENIS
1989 311 2057 366 lN
2095 312 2144 368 Μ
2153 313 2514 373 ΑΤΤΗᾸΞΠΜ

1652 5616 1669 5627 ἣ
1743 5657 1786 5688 ⁸⁵
1823 5655 2011 5711 Matth.
2046 5671 2203 5713 χχνι,
2244 5652 2328 5707 l5.

1369 5728 1411 5759 ⁸⁸
1439 5726 1628 5785 Matth.
1684 5742 1808 5783 xxvi
1831 5765 1846 5792 ,
1884 5726 1947 5817 l7
1974 5735 2026 5783 et
2059 5740 2209 5796 seqq.

3575 310 3746 367 i728

2119 434 2349 488 traderet
2373 434 2571 489 eum“.
2598 432 2822 500 Qualem
2856 440 3035 487 autem
3058 432 3526 502 opportunitatem
3558 448 3746 501 qua:-

2118 526 2271 580 rebat
2303 525 2494 595 Judas,
2537 526 2713 582 Lucas
2743 525 3086 581 manifestius
3116 525 3431 594 explanavit
3456 525 3675 579 dicens
3717 544 3738 579 :

2120 616 2191 671 Et
2223 621 2486 690 quarebat
2515 621 2976 690 opportunitatem,
2995 627 3051 671 ut
3084 616 3307 671 traderet
3336 633 3457 670 eum
3480 618 3566 671 eis
3596 617 3740 670 sine

2120 712 2276 766 turba
2294 714 2370 780 ‘7;
2402 713 2453 768 id
2480 724 2562 768 est
2591 713 2810 783 quando
2828 714 3059 783 populus
3084 727 3190 766 non
3223 720 3341 765 erat
3366 710 3515 765 circa
3544 726 3733 773 eunt,

2120 805 2214 860 sed
2243 815 2487 861 secretus
2514 814 2778 860 eratcum
2810 805 3092 874 discipulis
3121 803 3255 859 suis.
3280 799 3450 867 Quod
3481 811 3536 854 et
3576 800 3737 855 fecit.

2118 909 2245 950 eum
2287 896 2507 951 tradens
2551 906 2675 966 post
2716 911 2928 952 ctenam
2976 911 3099 950 cum
3150 904 3395 949 secretus
3439 900 3599 947 esset
3657 892 3723 945 in

2118 987 2324 1057 przedio
2353 987 2689 1043 Gessemani.
2730 986 3110 1041 Arbitrabatur
3138 987 3282 1041 enim
3301 985 3473 1041 Judas
3500 1000 3726 1054 oppor—

2121 1078 2402 1131 tunitatem
2430 1078 2530 1133 sibi
2559 1092 2679 1133 esse
2705 1087 2827 1147 post
2853 1088 3068 1147 pactum
3106 1076 3249 1147 quod
3279 1076 3438 1139 fecit,
3466 1075 3719 1145 quando

2119 1183 2244 1222 cum
2270 1168 2615 1223 multitudine
2645 1185 2750 1222 non
2776 1177 2892 1223 erat
2919 1166 3099 1222 Iesus.
3130 1166 3192 1221 Et
3219 1154 3483 1232 vide,nisi
3514 1179 3719 1234 usque

2121 1274 2268 1314 nunc
2309 1260 2687 1329 opportunitas
2733 1259 2836 1314 ista
2873 1259 3090 1313 videtur
3138 1258 3508 1327 proditoribus
3537 1257 3709 1310 verbi

2119 1349 2386 1416 veritatis,
2421 1349 2513 1420 qui
2560 1350 2748 1403 volunt
2788 1349 3017 1419 prodere
3045 1349 3320 1404 Christum
3352 1348 3521 1402 Deum
3556 1345 3712 1401 Ver-

2118 1441 2247 1497 bum
2313 1441 2368 1495 in
2434 1449 2674 1510 tempore
2751 1441 3143 1511 persecutionis
3224 1441 3706 1500 Christianorum,

2120 1535 2339 1606 quando
2369 1536 2659 1591 multitudo
2685 1536 3018 1592 credentium
3049 1551 3154 1590 non
3180 1544 3264 1591 est
3285 1535 3428 1590 circa
3460 1536 3707 1590 verbum

2121 1628 2369 1683 veritatis
2392 1669 2407 1696 ,
2442 1643 2542 1684 nec
2570 1637 2748 1697 potest
2776 1628 3041 1698 impedire
3068 1634 3157 1681 aut
3186 1627 3474 1696 prohibere
3504 1640 3709 1694 perse—

2120 1728 2371 1784 cutores,
2419 1717 2652 1771 maxime
2700 1717 2790 1771 ubi
2839 1715 2995 1786 pauci
3053 1715 3236 1770 tideles
3282 1714 3569 1768 habentur.
3636 1713 3708 1768 Et

2117 1826 2241 1865 cum
2305 1811 2378 1866 sit
2434 1808 2678 1864 omnium
2723 1823 2903 1863 rerum
2963 1817 3215 1876 tempus,
3264 1806 3558 1860 Salomone
3611 1805 3707 1859 di-

2117 1912 2273 1959 cente
2297 1902 2342 1935 ⁶⁸
2377 1922 2388 1957 :
2427 1901 2649 1971 Tempus
2700 1901 2967 1969 patiendi,
2997 1909 3046 1954 et
3072 1911 3272 1969 tempus
3308 1897 3563 1952 moriendi
3590 1940 3609 1964 ,
3642 1909 3705 1952 et

2117 2003 2330 2058 caetera,
2379 2002 2592 2063 tempus
2626 1991 2961 2062 proditorum
2995 1991 3235 2047 veritatis
3266 1990 3545 2060 proprium
3583 1990 3703 2044 hoc

2116 2095 2234 2148 est,
2289 2085 2509 2155 quando
2554 2098 2664 2138 non
2724 2091 2853 2138 sunt
2898 2084 3042 2139 circa
3089 2082 3363 2137 Christum
3416 2081 3571 2134 multi
3628 2082 3696 2133 ti-

2116 2176 2284 2231 deles.

2189 2266 2276 2320 79.
2319 2264 2508 2319 Prima
2529 2272 2705 2317 autem
2732 2262 3055 2333 Asymorum
3086 2268 3413 2314 accesserunt
3437 2255 3699 2323 discipuli

2119 2357 2188 2410 ad
2217 2355 2398 2411 Iesum
2433 2356 2662 2409 dicentes
2700 2355 2749 2408 ei
2791 2369 2811 2408 :
2848 2351 2948 2408 Ubi
2983 2353 3057 2406 vis
3089 2365 3330 2419 paremus
3376 2347 3469 2402 tibi
3489 2348 3693 2416 pascha

2119 2449 2479 2503 manducare?
2527 2446 2685 2501 Jesus
2710 2457 2885 2500 autem
2916 2445 3055 2498 dixit
3081 2461 3099 2498 :
3133 2441 3214 2497 Ite
3244 2442 3298 2494 in
3326 2442 3581 2494 civitatem
3608 2440 3689 2492 ad

2116 2540 2425 2611 quemdam,
2457 2548 2507 2593 et
2537 2539 2696 2591 dicite
2721 2537 2804 2602 ei,
2833 2545 2887 2589 et
2909 2542 3102 2590 caetera
3132 2535 3198 2589 θ’.
3256 2532 3412 2601 Apud
3442 2530 3675 2584 Marcum

2119 2641 2301 2687 autem
2336 2632 2415 2687 sic
2445 2630 2644 2686 dicitur
2683 2646 2697 2683 :
2737 2625 2804 2681 Et
2829 2628 3001 2698 prima
3027 2627 3111 2680 die
3132 2628 3448 2695 Azyntorum
3468 2622 3675 2692 quando

2115 2723 2314 2794 pascha
2359 2720 2755 2788 immolabatur,
2805 2720 2993 2773 dicunt
3034 2719 3082 2772 ei
3109 2716 3360 2786 discipuli
3385 2715 3529 2782 ejus:
3559 2713 3684 2778 Quo

2117 2818 2194 2871 vis
2224 2830 2405 2869 eamus
2455 2821 2505 2867 et
2542 2827 2898 2882 pra’paremus
2946 2810 3043 2864 tibi
3090 2821 3147 2863 ut
3191 2807 3562 2863 manducemus
3590 2820 3683 2873 pa-

2116 2907 2280 2962 scha?
2306 2905 2375 2959 Et
2409 2904 2551 2959 misit
2580 2903 2712 2958 duos
2740 2919 2804 2957 ea:
2834 2901 3109 2971 discipulis
3138 2899 3248 2954 suis
3271 2899 3447 2951 dicens
3473 2913 3492 2949 :
3526 2894 3607 2947 Ite
3630 2895 3689 2946 in

2116 2994 2418 3058 civitatem,
2471 3003 2520 3046 et
2567 2991 2976 3062 ingredientibus
3026 2989 3203 3053 vobis,
3255 2996 3487 3041 occurret
3546 2985 3691 3037 vobis

2118 3086 2270 3138 homo
2316 3084 2623 3152 amphoram
2675 3097 2825 3152 aquas
2865 3091 3119 3150 portans;
3169 3088 3218 3133 et
3267 3078 3554 3146 ubicunque
3607 3076 3671 3127 in-

2117 3192 2325 3244 gressus
2356 3174 2554 3244 fuerit,
2585 3173 2748 3227 dicite
2773 3171 3154 3241 patrifamilias
3180 3187 3199 3223 :
3236 3168 3481 3237 Magister
3506 3168 3639 3219 dici:
3670 3182 3690 3219 :

2122 3267 2222 3321 Ubi
2251 3276 2328 3320 est
2359 3265 2707 3320 diversorium
2753 3280 2923 3317 meum
2942 3305 2957 3328 ,
2986 3263 3075 3316 ubi
3110 3278 3228 3315 cum
3252 3258 3527 3328 discipulis
3559 3259 3688 3312 meis

2119 3356 2423 3410 manducem
2449 3355 2687 3426 pascha?
2739 3354 2810 3408 Et
2841 3356 2949 3423 ipse
2977 3352 3120 3407 vobis
3164 3351 3394 3405 ostendet
3430 3348 3604 3402 locum
3631 3349 3684 3399 in

2116 3448 2474 3515 superioribus
2517 3455 2744 3501 stratum
2795 3461 3064 3515 magnum,
3097 3452 3344 3514 paratum
3386 3456 3404 3493 :
3452 3440 3563 3493 illic
3590 3455 3684 3508 pa-

2117 3549 2230 3594 rate
2256 3539 2403 3592 nobis
2431 3540 2498 3593 '°.
2544 3537 2637 3593 Sic
2668 3553 2797 3607 ergo
2823 3544 3047 3606 apparet
3074 3534 3221 3605 quod
3251 3548 3357 3587 una
3387 3531 3685 3599 eademque

2115 3632 2233 3685 dies
2265 3639 2383 3685 erat
2407 3628 2650 3694 Pasebte,
2696 3627 2918 3698 quando
2963 3625 3247 3696 oportebat
3278 3622 3562 3678 immolare
3590 3636 3683 3690 pa-

2116 3724 2246 3779 scha
2289 3722 2656 3794 Azymorum,
2691 3718 2991 3790 et‘quando
3031 3718 3315 3788 oportebat
3358 3716 3548 3770 tollere
3578 3712 3685 3768 fer-

2118 3824 2357 3871 mentum
2384 3825 2537 3870 vetus
2557 3854 2573 3880 ,
2603 3822 2658 3868 et
2681 3827 2870 3884 azyma
2911 3809 3241 3865 manducare
3277 3824 3401 3864 cum
3431 3807 3678 3861 carnibus

2114 3908 2261 3979 agni.
2296 3907 2363 3961 Et
2386 3908 2503 3963 dies
2529 3906 2751 3977 quidem
2777 3905 3004 3961 Pascha:
3037 3918 3147 3959 una
3170 3911 3323 3967 erat,
3355 3900 3675 3970 Azymorum

2114 4011 2293 4056 autem
2339 4010 2544 4069 septem
2567 4040 2582 4065 ,
2631 4004 3022 4053 connumerata
3061 3995 3309 4051 videlicet
3347 3993 3435 4048 die
3460 3990 3677 4045 Pascha!

2115 4107 2237 4145 cum
2283 4091 2492 4146 caeteris
2534 4106 2648 4145 sex.
2709 4088 3020 4145 Secundum
3065 4088 3182 4142 haec
3232 4086 3457 4141 forsitan
3490 4082 3675 4153 aliquis

2115 4181 2488 4250 imperitorum
2517 4180 2788 4250 requiret,
2817 4178 3017 4235 cadens
3043 4178 3096 4230 in
3122 4176 3498 4231 Ehionismum
3527 4188 3589 4229 es
3614 4188 3675 4226 eo

2115 4274 2259 4344 quod
2286 4272 2443 4328 Jesus
2471 4271 2762 4328 celebravit
2806 4286 2957 4325 more
2995 4269 3223 4325 Iudaico
3251 4268 3460 4324 Pascha
3489 4281 3673 4335 corpo-

2115 4363 2320 4427 raliter,
2339 4362 2480 4417 sicut
2505 4371 2558 4416 et
2585 4361 2812 4431 primam
2837 4359 2977 4414 diem
3005 4360 3357 4429 Azymorum,
3378 4367 3433 4413 et
3454 4354 3669 4417 Pascha,

2116 4455 2303 4510 dicens
2334 4455 2462 4525 quia
2489 4453 2741 4509 convenit
2763 4461 2818 4507 ct
2849 4466 2947 4507 nos
2976 4452 3281 4506 imitatores
3302 4448 3504 4504 Christi
3532 4447 3672 4502 simi-

2115 4549 2238 4604 liter
2264 4545 2442 4603 facere
2472 4564 2485 4600 :
2518 4561 2627 4599 non
2658 4544 3015 4600 considerans
3053 4541 3311 4612 quoniam
3337 4536 3531 4603 Iesus,
3560 4552 3675 4592 cum

2115 4639 2355 4695 venisset
2374 4637 2633 4707 temporis
2654 4634 2937 4705 plenitudo
2963 4642 3018 4687 et
3041 4632 3243 4687 missus
3272 4629 3486 4693 fuisset,
3512 4630 3679 4685 factus

2114 4740 2199 4788 est
2225 4731 2292 4785 de
2316 4730 2541 4785 muliere
2563 4770 2579 4795 ,
2612 4726 2787 4783 factus
2813 4734 2896 4781 est
2924 4725 3028 4780 sub
3056 4724 3171 4795 lege
3199 4763 3215 4790 ,
3244 4738 3354 4777 non
3383 4732 3444 4778 ut
3472 4736 3567 4776 eos
3592 4722 3678 4790 qui

2115 4822 2218 4879 sub
2244 4822 2361 4892 lege
2384 4829 2539 4876 erant
2573 4819 2675 4875 sub
2701 4819 2816 4887 lege
2840 4817 3207 4887 relinqueret,
3232 4815 3325 4870 sed
3349 4823 3408 4869 ut
3434 4813 3681 4868 educeret

2103 4929 2209 4970 ‘eos
2256 4930 2322 4969 ex
2364 4913 2481 4984 lege
2505 4914 2575 4970 '“.
2637 4912 2694 4966 Si
2725 4925 2855 4980 ergo
2890 4909 3011 4964 ideo
3036 4908 3182 4962 venit
3214 4916 3274 4961 ut
3315 4906 3567 4962 educeret
3592 4919 3678 4957 eos

2109 5004 2202 5074 qui
2235 5012 2391 5058 erant
2418 5002 2518 5057 sub
2548 5002 2683 5071 lege,
2717 5009 2922 5070 quanto
2952 4997 3126 5068 magis
3153 5012 3261 5050 non
3285 4993 3540 5050 convenit
3565 4992 3676 5046 illos

2112 5095 2338 5151 introire
2371 5094 2425 5148 in
2467 5093 2637 5164 legem
2664 5134 2678 5159 ,
2711 5092 2805 5162 qui
2840 5090 2989 5161 prius
3042 5089 3258 5144 fuerant
3284 5096 3436 5141 extra
3471 5085 3677 5153 legem?

2112 5189 2254 5259 Ergo
2281 5188 2349 5243 de
2398 5187 2572 5242 littera
2616 5185 2835 5255 quidem
2869 5182 3181 5253 egredimur
3206 5180 3340 5251 legis
3369 5198 3381 5233 :
3410 5178 3575 5248 896
3600 5177 3676 5229 in-

2119 5278 2198 5333 fra
2248 5277 2502 5332 virtutem
2549 5286 2770 5334 autem,
2818 5273 3113 5343 spiritalem
3162 5270 3332 5341 legem
3384 5265 3670 5328 constituti,

2120 5369 2433 5437 spiritaliter
2483 5366 2817 5422 celebrantes
2868 5364 3155 5433 implemus
3200 5362 3383 5415 omnia
3418 5375 3537 5429 qua:
3568 5359 3673 5412 illic

2118 5454 2469 5525 corporaliter
2485 5452 2804 5506 celebranda
2828 5451 3169 5508 mandantur.
3189 5448 3513 5520 Expellimus
3533 5446 3669 5499 enim

2738 5649 2999 5704 “Matth.
3062 5663 3223 5707 xxvi,
3284 5645 3373 5700 16.
3469 5644 3665 5696 "an.

3133 5718 3175 5749 "
3208 5715 3326 5773 Gal.
3361 5730 3431 5780 tv,
3467 5713 3517 5779 4,
3544 5714 3595 5768 5.

2438 5655 2479 5684 ⁸⁸
2513 5652 2638 5705 ibid.

2302 5723 2346 5756 7°
2375 5722 2541 5778 Marc.
2578 5738 2687 5789 xw,
2728 5721 2789 5774 12
2822 5733 2871 5777 et
2903 5735 3053 5791 seqq.
