4052 6304
335 374 501 428 i729

1485 363 1815 421 COMMENT
1827 367 1860 418 Α
1872 363 2084 422 ιιιοιὶυ
2097 363 2139 416 Μ
2183 361 2448 418 SERIES.

3475 365 3615 417 1770

333 508 516 549 vrtus
551 493 872 545 t'ernientum
905 488 1125 542 malitiae
1151 499 1202 541 et
1234 487 1517 554 nequitia},
1559 497 1613 541 et
1642 488 1694 542 in
1723 487 1928 558 azymis
1963 493 2003 546 Α
2031 483 2505 540 catechizaverunt
2551 479 3020 551 patremfamilias,
3057 479 3110 534 id
3136 487 3222 535 est
3251 478 3614 545 intellectum,

333 582 695 636 smeeritatis
721 589 773 633 et
801 579 1044 633 veritatis
1079 580 1123 608 "
1155 577 1492 631 celebramus
1522 576 1930 640 Pascha,Chri-

331 684 444 728 sto
498 673 781 727 nobiscum
857 670 1176 738 coepulante
1236 669 1533 724 secundum
1600 670 1931 722 voluntatem

335 763 496 831 Agni
526 761 817 816 dicentis"
843 779 855 815 :
890 759 1010 814 Nisi
1037 761 1482 814 manducaveritis
1505 776 1718 822 carnem
1757 775 1928 812 meant

333 864 392 906 et
453 854 688 906 biberilis
736 854 1041 922 sanguinem
1093 869 1286 916 meum,
1323 868 1424 904 non
1471 850 1726 904 habebitis
1774 851 1934 903 vitam

342 955 658 999 manentem
687 947 740 999 in
777 946 958 1009 vobis;
997 945 1088 1014 qui
1132 945 1256 998 tulit
1291 953 1570 1013 peccatum
1600 942 1826 1004 mundi,
1883 952 1936 996 et

342 1038 615 1108 prohibet
649 1054 835 1090 verum
870 1035 1348 1091 exterminatorcm
1398 1049 1505 1088 non
1555 1033 1727 1087 solius
1763 1032 1933 1104 Egy-

343 1131 462 1200 pti,
488 1129 581 1184 sed
615 1130 780 1184 totius
810 1129 1022 1200 generis
1055 1127 1276 1180 humani
1301 1127 1779 1179 exterminatorem
1817 1135 1937 1180 tan-

343 1239 489 1292 gere
542 1238 640 1276 nos
674 1223 1012 1275 celebrantes
1057 1219 1402 1274 festivitatem
1455 1218 1676 1273 Pascha:
1726 1233 1932 1272 secum.

346 1313 424 1367 Et
464 1314 810 1368 ascendimus
856 1313 974 1381 ipso
1027 1311 1258 1364 Domino
1303 1311 1588 1365 nobiscum
1638 1313 1936 1366 constituto

348 1405 432 1458 ab
468 1402 821 1456 inferioribus
851 1401 918 1456 ad
943 1401 1120 1456 locum
1153 1401 1512 1470 superiorem,
1542 1401 1594 1454 in
1625 1417 1736 1471 quo
1766 1402 1939 1455 diver-

349 1495 570 1548 sorium
604 1504 720 1556 est,
757 1492 903 1561 quod
943 1491 1350 1546 demonstratur
1399 1491 1467 1543 ab
1493 1491 1808 1553 intellectu,
1843 1491 1935 1559 qui

349 1593 448 1638 est
486 1583 541 1636 in
595 1597 924 1652 unoquoque
972 1582 1192 1636 homine
1228 1581 1619 1650 paterfamilias
1655 1580 1938 1649 discipulis

352 1677 588 1732 Christi.
651 1675 777 1730 Haec
807 1685 986 1729 autem
1021 1675 1217 1728 domus
1259 1673 1508 1743 superior
1538 1675 1609 1728 sit
1637 1673 1793 1727 nobis
1819 1689 1936 1728 ma-

354 1785 468 1838 gna
491 1810 504 1834 ,
537 1777 596 1823 ut
625 1769 803 1839 capiat
839 1767 1025 1822 Jesum
1053 1765 1290 1820 Verbum
1331 1766 1459 1832 Dei,
1493 1774 1548 1820 et
1581 1765 1935 1836 Sapientiam,

2035 575 2218 628 veniat
2265 583 2319 629 et
2365 574 2622 628 divinitas
2667 571 2941 642 Unigeniti
2993 571 3288 640 coepulaus
3336 571 3619 640 discipulis

2035 665 2150 720 suis
2178 666 2230 718 in
2260 666 2424 719 domo
2453 663 2733 734 praedicta.
2797 661 2950 717 Scire
2979 670 3156 716 tamen
3187 661 3455 716 debemus
3481 677 3621 730 quo-

2035 758 2182 811 niam
2214 758 2306 827 qui
2341 758 2393 811 in
2432 757 2835 826 epulationibus
2869 766 2922 810 et
2952 754 3412 810 sollicitudinibus
3446 771 3622 810 δινευ-

2036 848 2246 902 laribus
2275 857 2423 913 sunt,
2453 863 2559 901 non
2588 849 2888 902 ascendunt
2917 847 2970 900 in
2995 845 3218 900 domum
3264 847 3412 900 illam
3459 861 3621 915 supe-

2039 939 2260 1003 riorem,
2311 954 2412 992 nec
2442 939 2626 993 vident
2674 938 3104 1008 magnitudinem
3134 937 3273 1006 ejus,
3304 952 3405 991 nec
3441 938 3621 990 cousi-

2036 1028 2228 1082 derant
2258 1037 2490 1082 stratum
2515 1029 2662 1083 illius
2682 1038 2957 1082 ornatum.
3025 1026 3314 1096 Propterea
3340 1041 3442 1082 nec
3474 1027 3618 1080 cele-

2040 1120 2205 1174 brant
2232 1135 2356 1175 cum
2382 1119 2510 1175 Jesu
2543 1118 2774 1183 Pascha,
2803 1135 2902 1174 nec
2925 1117 3200 1188 accipiunt
3231 1133 3426 1187 panem
3457 1117 3624 1173 bene-

2040 1211 2294 1266 dictionis
2323 1211 2392 1266 ab
2417 1227 2503 1277 eo,
2537 1227 2636 1266 nec
2662 1211 2885 1265 calicem
2912 1210 3036 1264 novi
3065 1210 3398 1265 testamenti.
3447 1249 3456 1260 .

2107 1310 2198 1365 80.
2253 1309 2470 1380 Vespere
2505 1320 2679 1364 autem
2716 1311 2858 1379 facto
2904 1310 3170 1365 discubuit
3217 1325 3335 1362 cum
3381 1307 3619 1374 discipu-

2037 1399 2102 1452 lis
2153 1402 2299 1464 suis,
2346 1411 2394 1454 et
2433 1400 2704 1453 edentibus
2729 1400 2806 1452 eis
2860 1399 2997 1453 dixit
3037 1414 3058 1453 :
3086 1399 3248 1452 Amen
3289 1398 3408 1450 dico
3449 1395 3616 1462 vobis,

2037 1492 2286 1560 quoniam
2337 1506 2473 1543 unus
2515 1504 2580 1542 ea:
2624 1487 2766 1542 vobis
2829 1489 3000 1542 tradet
3051 1503 3131 1540 me
3175 1488 3242 1542 ".
3319 1483 3613 1554 Discipuli:

2038 1582 2324 1636 edentibus
2367 1580 2570 1650 pascha
2611 1578 2910 1635 secundum
2946 1579 3081 1649 legis
3111 1579 3424 1632 mandatum
3471 1575 3610 1630 dixit

2037 1671 2201 1728 Jesus
2229 1672 2320 1739 qui
2349 1671 2545 1726 sciebat
2575 1671 2704 1742 quid
2729 1682 2862 1726 esset
2887 1671 2944 1725 in
2968 1672 3177 1725 homine
3196 1710 3211 1736 ,
3250 1677 3303 1725 et
3329 1677 3615 1739 propterea

2040 1779 2142 1817 non
2172 1761 2395 1816 habebat
2427 1777 2556 1830 opus
2583 1772 2640 1814 ut
2673 1761 2866 1831 aliquis
2905 1762 3261 1816 testimonium
3298 1761 3447 1815 daret
3474 1762 3524 1815 ei
3555 1760 3618 1814 de

354 1823 418 1914 Et
447 1823 758 1925 Veritatem,
794 1868 848 1913 et
873 1873 1034 1912 omne
1061 1857 1206 1926 quod
1240 1867 1323 1912 est
1345 1855 1516 1911 Filius
1542 1823 1674 1920 Dei
1699 1858 1791 1926 qui
1827 1873 1936 1911 non
1971 1823 2012 1878 Β
2039 1857 2249 1910 homine
2283 1855 2348 1919 ⁷⁸,
2382 1863 2437 1909 et
2462 1853 2599 1909 dixit
2627 1851 2695 1907 de
2715 1851 2855 1908 Juda
2881 1869 3006 1909 cum
3041 1864 3305 1909 consueto
3335 1853 3437 1909 sibi
3460 1853 3616 1923 jure.-

355 1949 578 2019 capitur
619 1949 724 2004 nisi
772 1963 802 2003 a
837 1947 1050 2018 magnis
1095 1962 1280 2001 sensu.
1343 1944 1410 1999 Et
1457 1945 1528 2000 sit
1573 1947 1772 2001 domus
1824 1947 1938 2002 hac

360 2047 670 2110 praeparata
702 2055 732 2094 a
765 2037 1154 2108 patrefamilias
1189 2038 1460 2092 intellectu
1487 2036 1625 2093 Filio
1655 2038 1786 2105 Dei,
1830 2054 1938 2093 non

361 2132 542 2185 solum
574 2131 626 2184 in
672 2131 792 2184 loco
821 2130 1086 2199 superiori
1111 2169 1126 2194 ,
1163 2146 1262 2186 nec
1302 2131 1682 2185 tantummodo
1717 2145 1935 2199 magna,

363 2220 462 2273 sed
497 2219 658 2274 etiam
694 2220 992 2284 mundata,
1045 2219 1197 2273 nullo
1246 2220 1408 2274 modo
1459 2219 1666 2274 habens
1717 2219 1940 2273 malitiae

363 2312 577 2374 sordes,
627 2312 784 2382 quasi
827 2327 857 2366 a
887 2313 1066 2382 scopis
1097 2313 1231 2383 legis
1262 2313 1594 2367 coatlunatas
1622 2321 1784 2380 atque
1815 2327 1940 2381 pro-

364 2402 557 2456 lectas.
620 2400 702 2456 Sit
730 2405 928 2456 domus
958 2403 1061 2456 ista
1094 2411 1148 2456 et
1192 2403 1245 2456 in
1271 2404 1489 2457 civitate
1520 2403 1649 2467 Dei,
1687 2403 1740 2456 id
1767 2411 1850 2456 est
1883 2403 1937 2456 in

366 2495 633 2550 Ecclesia.
703 2494 784 2548 Sit
827 2504 1010 2548 autem
1054 2495 1250 2550 domus
1291 2495 1436 2550 illius
1490 2495 1779 2564 princeps,
1830 2509 1938 2549 non

367 2586 842 2655 qualibuscunque
892 2584 1168 2654 cognitum
1199 2583 1404 2638 habens
1435 2598 1631 2635 nomen
1681 2600 1695 2635 :
1741 2581 1862 2635 ideo
1887 2591 1942 2635 et

367 2675 596 2742 mystice
626 2675 757 2728 dicit
783 2672 942 2728 Jesus
972 2693 985 2728 :
1026 2672 1107 2726 Ite
1133 2674 1200 2728 ad
1228 2674 1508 2744 quemdam
1528 2673 1595 2726 ⁷⁸.
1665 2673 1730 2727 Ει
1756 2674 1829 2727 illi
1859 2673 1942 2728 di-

368 2773 532 2828 cant,
557 2765 649 2833 qui
681 2763 900 2819 Christo
944 2775 1252 2834 praeparant
1297 2765 1496 2834 pascha
1525 2783 1537 2818 :
1575 2765 1831 2834 Magister
1858 2765 1942 2816 di-

365 2855 441 2907 cit
465 2871 483 2907 .'
519 2855 672 2920 Apud
695 2864 744 2907 te
783 2855 981 2924 faciam
1010 2855 1208 2925 pascha
1250 2872 1369 2908 cum
1398 2856 1674 2924 discipulis
1701 2856 1831 2909 meis
1856 2855 1938 2922 "';

367 2944 693 2997 annuntient
735 2945 898 2998 etiam
947 2943 1328 3013 patrifamilias
1361 2944 1436 2998 illi
1489 2953 1544 2998 et
1583 2944 1728 3013 quod
1761 2943 1893 2998 dicit
1925 2961 1939 2998 :

371 3031 627 3102 Magister
665 3033 797 3085 dicit
831 3049 849 3085 :
889 3031 988 3086 Ubi
1025 3043 1101 3086 est
1129 3034 1475 3089 diversorium
1504 3033 1592 3086 ubi
1635 3050 1752 3086 cum
1775 3034 1942 3088 disci-

2036 1947 2317 2017 jurando:
2353 1948 2518 2000 Amen
2557 1947 2675 2000 dico
2716 1945 2882 2010 vobis,
2929 1947 3179 2016 quoniam
3224 1962 3360 2000 unus
3388 1962 3452 1999 ea:
3475 1945 3618 1999 vobis

2043 2055 2124 2092 me
2154 2038 2326 2092 tradet
2355 2040 2423 2093 ³⁷⁸.
2463 2037 2600 2092 Cum
2633 2037 2777 2094 enim
2803 2037 3066 2106 potuisset
3087 2052 3116 2090 a
3145 2036 3412 2106 principio
3439 2035 3621 2105 prodi-

2041 2137 2212 2184 torem
2245 2129 2554 2199 specialiter
2581 2129 2986 2190 demonstrare,
3021 2127 3123 2181 hoc
3147 2126 3365 2196 quidem
3402 2141 3506 2178 non
3539 2123 3619 2179 fe-

2039 2220 2146 2285 cit;
2183 2219 2321 2273 dixit
2360 2227 2542 2273 autem
2578 2217 2935 2288 generaliter,
2986 2217 3131 2285 quod
3183 2231 3324 2270 unus
3368 2229 3435 2268 ex
3464 2214 3616 2268 vobis

2041 2324 2128 2364 me
2159 2308 2354 2374 tradet,
2386 2316 2446 2363 ut
2481 2324 2548 2362 ex
2576 2307 2897 2362 testimonio
2917 2306 3159 2373 percussi
3204 2305 3386 2359 cordis
3426 2305 3617 2374 singu-

2040 2400 2217 2454 lorum
2244 2400 2480 2469 qualitas
2504 2399 2858 2468 probaretur;
2884 2405 2942 2451 ut
2963 2396 3420 2467 etdiscipulorum
3444 2407 3620 2450 osten-

2039 2491 2193 2546 deret
2221 2490 2545 2554 bonitatem,
2581 2489 2710 2559 quia
2741 2489 2862 2560 plus
2903 2487 3194 2543 credebant
3246 2486 3426 2541 verbis
3453 2485 3617 2539 Chri-

2041 2584 2112 2637 sti
2147 2598 2310 2652 quam
2341 2581 2689 2637 conscientiae
2717 2595 2868 2646 suae;
2897 2588 2952 2635 et
2977 2579 3129 2634 ludas
3154 2579 3415 2633 malitiam
3439 2618 3454 2642 ,
3492 2578 3620 2647 quia

2043 2689 2144 2730 nec
2167 2674 2437 2744 cognitori
2469 2673 2827 2728 consiliorum
2852 2686 3077 2726 suorum
3104 2671 3380 2736 credebat,
3420 2677 3479 2724 ut
3503 2677 3624 2724 tur-

2042 2766 2263 2820 baretur
2296 2773 2390 2821 aut
2413 2765 2726 2820 tristaretur
2751 2782 2781 2818 ἐ
2816 2765 3108 2829 existimo,
3155 2762 3284 2833 quia
3325 2763 3380 2817 in
3429 2763 3621 2832 primis

2043 2857 2250 2926 putavit
2278 2857 2443 2912 latere
2471 2856 2628 2925 quasi
2660 2856 2956 2911 hominem.
3021 2856 3124 2922 Qui
3158 2865 3453 2926 postquam
3487 2856 3621 2912 vidit

2045 2947 2434 3002 conscientiam
2487 2960 2642 3000 suam
2693 2955 2876 3000 notam
2920 2946 3173 3009 Christo,
3213 2948 3499 3016 amplexus
3542 2953 3626 3000 est

2045 3037 2464 3092 occultationem
2518 3037 2751 3105 positam
2805 3037 2860 3091 in
2915 3037 3092 3092 verbis
3144 3037 3349 3107 ipsius,
3391 3053 3622 3106 quorum

367 3126 508 3192 puli:
540 3124 845 3178 manducent
874 3125 1069 3192 pascha
1097 3124 1184 3175 "1'
1217 3134 1274 3178 ut
1311 3122 1700 3192 paterfamilias
1733 3123 1822 3176 ille
1847 3124 1939 3192 qui
1971 3149 2017 3208 ρ
2047 3130 2282 3200 primum
2328 3129 2662 3184 infidelitatis
2695 3136 2845 3192 erat,
2896 3129 3195 3183 secundum
3229 3140 3406 3184 autem
3436 3130 3617 3198 impu-

369 3229 640 3288 prmparal
666 3218 1030 3272 diversorium
1055 3214 1181 3270 Jesu
1212 3227 1267 3269 et
1289 3213 1574 3283 discipulis
1601 3214 1720 3276 eius
1750 3228 1943 3267 ascen-

374 3311 464 3364 i'at
496 3311 673 3364 locum
702 3309 1071 3378 superiorem,
1103 3318 1154 3362 et
1179 3315 1409 3362 stratum
1436 3345 1449 3369 ,
1480 3315 1534 3361 et
1561 3315 1944 3375 praeparatum,

371 3410 426 3454 σι
452 3415 729 3470 magnum,
773 3408 830 3452 ut
859 3398 1082 3452 veniens
1129 3397 1256 3451 illuc
1283 3395 1442 3450 Jesus
1471 3393 1682 3450 festivet
1705 3410 1828 3450 cum
1863 3395 1948 3449 di-

379 3491 598 3560 scipulis
630 3490 764 3543 suis.
825 3489 935 3557 Ego
980 3495 1158 3540 autem
1204 3496 1335 3554 puto
1370 3484 1517 3552 quod
1548 3485 1714 3538 homo
1739 3485 1832 3553 qui
1863 3484 1948 3538 in-

373 3581 745 3651 gredientibus
795 3578 1078 3646 discipulis
1111 3577 1164 3628 in
1206 3575 1426 3630 civitate
1459 3575 1695 3629 occurrit
1722 3574 1802 3628 eis
1832 3589 1950 3628 am-

374 3672 600 3740 phoram
635 3683 790 3738 aquae
818 3678 1058 3737 portans,
1092 3682 1252 3736 quem
1281 3666 1451 3718 voluit
1471 3663 1632 3720 Jesus
1665 3674 1723 3718 ut
1752 3680 1946 3734 seque-

374 3773 566 3816 rentur
587 3761 840 3830 discipuli
881 3759 1000 3829 ejus
1028 3766 1244 3814 euntem
1282 3757 1334 3811 in
1362 3757 1584 3812 domum
1605 3795 1620 3822 ,
1657 3756 1752 3826 qui
1778 3755 1952 3812 subti-

396 3869 480 3907 cm
529 3853 672 3906 illam
709 3865 904 3920 aquam
941 3848 1124 3904 domui
1163 3848 1514 3918 apportabat,
1550 3857 1610 3902 ut
1635 3862 1742 3902 non
1770 3847 1948 3903 solum

375 3951 521 3996 esset
548 3941 805 3996 mundata
825 3979 840 4004 ,
882 3937 977 3994 sed
1003 3938 1166 3992 etiam
1200 3937 1356 4006 aquis
1383 3936 1594 4008 plenius
1621 3937 1764 3992 eluta
1786 3977 1801 4002 ,
1832 3947 1950 3992 erat

377 4033 594 4102 quidem
641 4032 958 4087 ministrans
1002 4026 1402 4101 patrifamilias,
1441 4028 1602 4084 idest
1631 4028 1947 4095 intellectui,

377 4135 604 4194 portans
621 4124 1018 4179 mundatoriam
1051 4137 1248 4192 aquam
1276 4121 1330 4174 in
1358 4120 1507 4176 ﬁctili
1539 4135 1700 4186 vase,
1737 4129 1797 4175 ut
1822 4120 1951 4174 sub-

380 4217 582 4273 limitas
622 4218 838 4272 virtutis
865 4217 934 4270 sit
964 4213 1078 4269 Dei.
1119 4214 1226 4268 Aut
1247 4220 1392 4268 certe
1429 4212 1719 4282 potabilem
1751 4227 1949 4282 aquam

378 4307 826 4362 subministrabat
861 4305 914 4360 in
943 4305 1034 4360 illo
1066 4304 1215 4359 fictili
1249 4318 1397 4368 vase,
1435 4313 1491 4358 ut
1535 4303 1706 4357 Filius
1730 4303 1948 4373 quidem

378 4396 473 4452 Dei
500 4397 900 4468 generationem
928 4395 1165 4464 praebeat
1195 4393 1337 4448 vitis.
1409 4392 1500 4446 Ille
1529 4401 1708 4447 autem
1742 4391 1952 4446 intelle-

2047 3219 2263 3274 demite.

2119 3309 2210 3363 8l.
2254 3307 2320 3363 Et
2347 3309 2650 3363 contristati
2681 3309 2840 3363 nimis
2871 3319 3138 3379 ceperunt
3178 3309 3375 3380 singuli
3399 3310 3571 3364 dicere
3604 3325 3622 3362 :

2053 3401 2308 3470 Nunquid
2357 3418 2450 3470 ego
2498 3417 2650 3464 sunt,
2702 3401 2923 3455 Domine
2948 3402 3033 3455 ὀἳ
3069 3400 3285 3466 Quaeret
3314 3411 3491 3456 autem
3518 3403 3622 3456 ali-

2048 3495 2174 3562 quis
2206 3493 2505 3562 quomodo,
2543 3493 2589 3548 si
2626 3492 2782 3546 bona:
2815 3493 3160 3548 conscientiae
3185 3501 3343 3548 erant
3370 3494 3621 3550 undecim

2048 3583 2304 3652 apostoli,
2335 3583 2464 3651 quia
2503 3583 2691 3636 mundi
2731 3592 2887 3636 erant
2911 3583 2980 3636 ab
3007 3584 3153 3637 omni
3186 3584 3491 3652 proditione
3512 3585 3627 3640 Ma-

2050 3674 2202 3742 gistri
2227 3714 2242 3740 ,
2279 3672 2471 3742 utquid
2501 3671 2810 3726 contristati
2847 3675 2975 3726 sunt
2995 3674 3060 3727 de
3081 3673 3267 3727 auditu
3289 3714 3304 3738 ,
3344 3675 3500 3743 quasi
3529 3691 3628 3744 po-

2052 3763 2243 3816 tuisset
2288 3761 2403 3815 fieri
2440 3769 2497 3816 ut
2526 3776 2670 3816 unus
2711 3769 2857 3816 esset
2902 3777 2969 3816 ex
3014 3762 3144 3831 ipsis
3172 3763 3239 3816 de
3267 3778 3378 3832 quo
3405 3765 3625 3820 diceba-

2051 3860 2139 3904 tur
2176 3848 2489 3904 ?Existimo
2516 3857 2698 3904 autem
2741 3851 3000 3920 quoniam
3036 3852 3414 3922 unusquisque
3463 3853 3630 3910 disci-

2050 3941 2302 4012 pulorum
2337 3940 2544 3996 sciebat
2571 3956 2636 3996 ex
2666 3941 2752 3997 his
2800 3957 2923 4012 quae
2962 3942 3226 3997 docuerat
3254 3942 3446 4011 Jesus,
3486 3960 3625 4015 quo-

2053 4036 2198 4088 niam
2236 4033 2511 4088 mutabilis
2545 4042 2601 4087 et
2648 4033 2714 4088 ad
2764 4033 2966 4088 malum
3015 4034 3277 4090 vertibilis
3315 4044 3399 4090 est
3429 4047 3625 4092 natura

2051 4127 2309 4190 humana,
2331 4133 2384 4178 et
2402 4123 2664 4193 quoniam
2690 4124 2744 4178 in
2768 4125 3151 4180 colluctatione
3183 4127 3447 4183 adversus
3475 4127 3629 4198 prin-

2051 4215 2262 4284 cipatus
2287 4255 2302 4279 ,
2335 4225 2388 4269 et
2416 4223 2751 4284 potestates,
2785 4224 2839 4270 et
2867 4224 3106 4272 rectores
3133 4217 3296 4287 hujus
3329 4219 3515 4272 mimdi
3547 4229 3628 4273 te-

2052 4307 2368 4372 nebrarum,
2400 4317 2579 4377 potest
2601 4309 2715 4363 ﬁeri
2747 4317 2806 4363 ut
2835 4308 3048 4363 decidat
3079 4309 3243 4364 homo
3267 4318 3362 4364 aut
3392 4311 3629 4366 circum-

2052 4405 2268 4463 ventus,
2305 4407 2401 4452 aut
2427 4399 2532 4453 vim
2560 4414 2757 4467 passus
2783 4399 2851 4454 ab
2885 4398 3211 4455 adversariis
3240 4401 3530 4457 virtutibus
3561 4405 3628 4455 ad

377 4497 498 4542 ctus
529 4488 778 4541 minister
798 4501 862 4540 ex
888 4486 1003 4556 lege
1031 4496 1085 4540 et
1105 4485 1380 4556 prophetis
1407 4498 1605 4554 aquam
1635 4492 1810 4552 portet
1829 4499 1950 4553 qua:
1981 4482 2026 4538 D
2051 4488 2255 4543 malum
2287 4490 2697 4558 perliciendum.
2729 4488 2845 4545 Hoc
2873 4506 3004 4560 ergo
3029 4492 3440 4548 considerantes
3459 4510 3630 4550 unus-

378 4577 670 4631 misceatur
699 4591 823 4630 cum
860 4576 986 4630 vino
1015 4575 1309 4645 evangelici
1339 4575 1510 4629 verbi.
1561 4572 1672 4629 Nos
1697 4588 1825 4643 ergo
1855 4575 1948 4644 qui

378 4675 632 4735 Optamus
662 4667 727 4720 de
751 4664 988 4720 Ecclesia
1017 4680 1156 4730 esse,
1184 4665 1424 4719 volentes
1446 4665 1720 4720 celebrare
1741 4662 1948 4718 Pascha

379 4771 503 4810 cum
530 4755 681 4819 Jesu,
718 4771 1014 4826 sequamur
1043 4745 1318 4811 hominem
1354 4757 1504 4810 illum
1551 4756 1644 4824 qui
1673 4771 1769 4810 vas
1797 4755 1952 4824 baju-

379 4849 453 4904 lat
481 4849 793 4920 hujusmodi
829 4865 1018 4918 aquai,
1064 4866 1224 4920 quem
1268 4859 1400 4920 pulo
1428 4863 1548 4904 esse
1574 4847 1793 4919 Moysen
1820 4847 1952 4917 legis

377 4941 645 5006 datorem,
692 4941 988 5010 spiritalem
1016 4942 1316 4996 doctrinam
1344 4949 1647 5010 portantem
1677 4940 1730 4992 in
1756 4954 1950 5008 corpo-

378 5033 586 5087 ralibus
637 5031 899 5087 historiis.
961 5031 1063 5097 Qui
1096 5041 1276 5086 autem
1312 5032 1576 5087 accedunt
1603 5031 1668 5086 ad
1697 5030 1868 5099 legem
1896 5039 1949 5084 ct

379 5122 671 5192 pr0phetas
713 5121 868 5191 quasi
909 5123 975 5175 ad
1014 5121 1228 5190 eloquia
1262 5122 1432 5190 ipsius
1472 5121 1601 5186 Dei,
1629 5136 1736 5174 non
1767 5129 1947 5174 autem

381 5223 681 5282 sequuntur
730 5229 853 5266 eum
909 5213 1222 5282 spiritaliter
1280 5215 1371 5282 qui
1427 5229 1519 5268 vas
1549 5213 1754 5282 bajulat
1797 5227 1952 5281 aquae

382 5305 542 5367 vivae,
579 5319 685 5356 non
714 5303 989 5357 celebrant
1014 5302 1222 5358 Pascha
1250 5319 1372 5357 cum
1403 5302 1530 5357 Jesu
1551 5344 1566 5370 ,
1599 5317 1698 5358 nec
1727 5303 1947 5357 calicem

385 5393 573 5448 bibunt
608 5395 731 5449 novi
761 5394 1095 5449 testamenti.
1154 5392 1465 5463 Praeparcnt
1493 5403 1671 5448 autem
1702 5394 1951 5462 discipuli

384 5485 582 5554 pascha
611 5485 737 5542 Jesu
764 5506 778 5555 ;
808 5498 860 5542 et
889 5498 1012 5558 post
1041 5503 1319 5544 sermones
1340 5487 1730 5557 discipulorum
1756 5488 1952 5557 quibus

364 5643 376 5706 l

385 5757 473 5812 2-1.
553 5755 599 5785 ⁷⁸
628 5753 792 5811 Joan.
827 5775 886 5826 ιι,
915 5761 1004 5815 25.
1079 5761 1123 5792 ’⁸
1157 5760 1342 5814 Matth.
1379 5774 1524 5823 xxvi,
1552 5759 1639 5810 Ἢ.

454 5685 499 5716 τ’
533 5685 553 5737 ι
583 5683 710 5738 Cor.
747 5703 800 5754 v,
837 5689 889 5743 8.
966 5690 1180 5745 "Joan.
1218 5705 1290 5749 vi,
1329 5689 1415 5742 5t.
1496 5687 1540 5717 ⁷⁵
1564 5684 1748 5741 Matth.
1786 5701 1931 5747 xxvi,

460 5794 473 5807 .
553 5755 599 5785 ⁷⁸
628 5753 788 5808 Joan.
827 5775 886 5808 ιι-
915 5761 1004 5808 95.
1079 5761 1123 5792 '9
1158 5760 1342 5808 Matth-
1379 5774 1524 5808 xxvi.
1552 5759 1639 5808 '21.
1727 5756 1771 5786 “
1805 5755 1934 5808 ibid.

2044 5723 2048 5735 .
2125 5683 2171 5715 "
2204 5681 2331 5736 ibid.

2044 5794 2055 5807 .
2132 5751 2331 5807 "Rom

1805 5767 1934 5807 lliltl.
1967 5767 2055 5807 22.

2050 4581 2285 4650 quisque
2306 4581 2727 4650 discipulorum,
2752 4596 2821 4636 ne
2845 4580 2986 4635 forte
3008 4582 3122 4650 ipse
3144 4592 3288 4637 esset
3309 4584 3402 4653 qui
3431 4599 3630 4654 prtem-

2049 4671 2232 4740 gnitus
2254 4679 2400 4726 esset
2416 4671 2678 4740 proditor,
2705 4671 3010 4725 contristati
3036 4680 3164 4726 sunt
3182 4673 3362 4738 valde,
3385 4683 3630 4744 proptir-

2050 4777 2114 4816 ea
2133 4761 2277 4831 quod
2304 4761 2508 4816 dictum
2532 4762 2707 4816 fuerat
2743 4761 2824 4817 eis
2850 4781 2863 4816 :
2893 4761 3038 4816 Unus
3059 4778 3124 4818 ea:
3149 4763 3291 4818 vobis
3316 4781 3395 4818 ne
3419 4765 3629 4834 tradet;

2053 4861 2107 4907 et
2133 4861 2416 4920 cciperunt
2439 4852 2620 4906 dicere
2642 4853 2798 4922 quasi
2825 4852 3127 4908 nescientes
3159 4853 3354 4922 singuli
3379 4853 3625 4909 futurum

2053 4941 2121 4995 de
2143 4957 2233 4996 se:
2260 4939 2516 5012 Nunquid
2535 4958 2773 5011 egosum,
2795 4942 3051 4996 Domine?
3072 4941 3127 4995 Si
3153 4952 3330 4996 autem
3354 4942 3516 4998 habet
3534 4959 3624 4998 ra-

2054 5033 2556 5104 tionem,quoniam
2586 5044 2804 5103 propter
2825 5033 2964 5088 hanc
2993 5049 3215 5088 causam
3243 5034 3440 5090 timens
3461 5051 3626 5089 unus-

2054 5127 2288 5196 quisque
2315 5126 2480 5197 897
2507 5142 2696 5182 eorum
2721 5125 2856 5180 dixit
2891 5141 2905 5178 :
2935 5125 3189 5195 Nunquid
3212 5143 3303 5196 ego
3343 5143 3480 5191 sum,
3509 5126 3623 5180 Do-

2055 5217 2238 5271 mine?
2274 5217 2346 5270 De
2370 5217 2625 5272 omnibus
2661 5217 2860 5271 futuris
2908 5218 3208 5271 timendum
3249 5227 3333 5272 est
3357 5218 3516 5274 nobis
3543 5219 3628 5272 in-

2055 5309 2248 5374 ln'tnis,
2279 5308 2371 5378 qui
2399 5309 2659 5363 nondum'
2683 5309 3000 5379 sapientiam
3037 5307 3382 5378 perfectionis
3406 5310 3624 5378 accepi-

2041 5411 2195 5463 mus,
2226 5397 2523 5452 secundum
2554 5412 2718 5467 quam
2766 5398 2906 5452 dixit
2943 5399 3238 5467 Apostolus
3263 5397 3306 5430 ⁸⁸
3341 5416 3353 5453 :
3399 5399 3623 5468 Conﬁdo

2048 5489 2186 5542 enim
2211 5489 2338 5559 quia
2376 5505 2536 5559 neque
2565 5506 2727 5557 mors,
2759 5506 2918 5560 neque
2946 5490 3074 5555 vita,
3106 5498 3158 5546 et
3198 5497 3416 5556 caetera,
3454 5501 3624 5559 potest

2429 5681 2475 5717 ⁷⁸
2517 5680 2682 5736 Marc.
2730 5699 2852 5750 xw,
2905 5684 2986 5738 14.
3061 5687 3104 5718 ⁷⁷
3137 5681 3622 5750 Μειιιῒι.χινι.⁴ὶο.

2132 5753 2172 5786 ⁸¹
2202 5751 2360 5807 Rom.
2403 5767 2519 5820 vni,
2553 5752 2642 5821 38,
2678 5753 2766 5807 59.
