4052 6304
386 391 526 447 17⁸55

1520 393 2184 452 (ῙΟΜΜΕΝΤΑΒΙΟΒΠΜ
2221 396 2485 453 SERIES.

3514 400 3571 455 i'i
3582 398 3649 452 ω

376 496 566 580 pterca
611 527 640 566 a
687 510 904 567 diabolo
927 509 1145 583 quidem
1172 511 1485 577 traduntur,
1519 523 1698 570 tamen
1740 530 1836 586 per
1866 516 1966 570 bo-
1994 525 2040 580 Α
2070 514 2303 572 forsitan
2339 525 2459 585 post
2477 515 2721 572 omnium
2745 517 3115 586 apostolorum
3135 518 3448 591 singillatim
3476 526 3641 580 inter-

377 602 560 656 mines
592 601 736 667 illos,
765 611 820 657 et
848 602 969 658 ideo
994 619 1074 658 vae
1116 603 1247 659 illis.
1279 602 1413 658 Nam
1459 605 1507 660 si
1554 620 1771 661 onmem
1803 607 1962 661 mali-

379 694 513 748 tiam
559 692 613 746 in
659 693 966 750 hominibus
994 694 1245 751 diabolus
1271 711 1367 766 per
1393 698 1644 753 homines
1678 708 1958 767 operatur,

330 844 341 876 ι
374 795 435 839 et
461 786 773 857 quicunque
794 787 1114 843 interlicitur
1137 790 1205 844 ab
1229 789 1434 860 aliquo,
1459 791 1560 847 etsi
1589 807 1695 846 non
1720 793 1791 847 ab
1816 793 1956 861 ipso,

372 885 559 930 tamen
580 892 677 948 per
700 878 876 948 ipsum
898 888 981 934 cst
1005 879 1342 936 interfectus.
1369 880 1435 936 Et
1462 881 1504 937 si
1530 882 1695 953 judex
1721 884 1956 954 aliquem

375 966 731 1036 interfecerit,
786 969 989 1038 injuste
1045 972 1238 1026 mortis
1289 971 1612 1027 sententiam
1669 972 1848 1028 ferens
1900 974 1955 1028 in

374 1056 637 1127 aliquem,
688 1059 970 1113 sciendum
1036 1068 1120 1115 est
1179 1059 1306 1131 quia
1353 1060 1468 1130 ipse
1517 1060 1695 1116 locum
1739 1062 1956 1119 diabolo

372 1146 517 1202 dans
551 1147 604 1200 in
634 1162 714 1213 se,
752 1148 1067 1203 ministrum
1101 1164 1160 1204 se
1192 1147 1422 1218 praebuit
1449 1147 1667 1202 diabolo
1690 1149 1755 1203 ad
1787 1149 1955 1203 inter-

372 1239 665 1295 fectionem
692 1241 932 1298 hominis
965 1243 1289 1299 innocentis.
1320 1243 1526 1297 Bonum
1551 1254 1663 1298 erat
1691 1247 1761 1313 ei,
1788 1247 1833 1299 si
1864 1263 1955 1300 na-

374 1343 462 1389 tus
496 1351 596 1388 non
633 1338 817 1404 [uisset
865 1338 1019 1391 homo
1053 1339 1144 1393 ille
1190 1337 1286 1392 ’δε
1336 1338 1438 1393 hoc
1483 1346 1566 1392 est
1612 1338 1688 1392 illi
1747 1338 1951 1392 bonum

379 1433 501 1481 erat
529 1426 573 1481 si
605 1436 763 1482 natus
808 1443 915 1482 non
942 1428 1166 1496 fuisset;
1194 1432 1318 1501 quia
1343 1446 1443 1486 nec
1466 1433 1568 1485 hoc
1597 1430 1741 1484 bono
1774 1429 1952 1484 luerat

371 1517 572 1586 dignus
601 1526 663 1572 ut
695 1530 1030 1575 nasceretur.
1066 1519 1171 1575 Sed
1205 1523 1463 1592 quoniam
1491 1530 1652 1591 aptus
1682 1519 1857 1576 fuerat
1882 1536 1948 1575 ex

372 1610 604 1665 arbitrio
642 1627 744 1666 suo
794 1622 854 1667 ut
899 1614 1003 1668 hoc
1051 1613 1412 1669 ministerium
1450 1612 1772 1685 proditionis
1813 1627 1948 1666 cou-

368 1710 742 1755 summaretur
769 1718 866 1772 per
895 1718 1042 1768 eum,
1075 1703 1195 1758 ideo
1228 1712 1389 1759 natus
1419 1711 1504 1759 est
1547 1703 1692 1758 malo
1732 1718 1856 1762 suo.
1887 1710 1948 1757 ut

364 1788 424 1843 in
458 1791 658 1846 malum
691 1794 834 1862 quod
867 1793 1165 1849 secundum
1197 1795 1541 1865 propositum
1572 1809 1734 1849 suum
1765 1809 1943 1848 mere-

364 1881 549 1946 batur,
584 1882 862 1938 incideret.

438 1971 526 2027 84.
564 1972 894 2042 Respondeas
938 1985 1114 2030 autem
1148 1974 1321 2029 ludas
1352 1974 1489 2029 dixit
1518 1990 1537 2029 :
1571 1973 1827 2045 Nunquid
1847 1989 1939 2042 ego

362 2077 515 2128 sum,
560 2061 726 2118 Rabbi
769 2065 857 2118 "?
885 2064 951 2120 Et
982 2067 1101 2120 vide
1128 2065 1386 2135 quoniam
1416 2076 1737 2135 exspectans
1772 2063 1940 2119 Judas

362 2160 573 2207 tantum
597 2171 902 2210 sermonem
928 2155 1130 2213 Christi
1146 2158 1218 2211 de
1242 2172 1321 2220 se,
1354 2171 1463 2210 non
1493 2155 1736 2226 praecidit
1757 2170 1943 2210 narra-

361 2245 566 2298 tionem
601 2245 720 2315 ejus
752 2262 851 2301 sua
895 2248 1273 2316 responsione,
1306 2247 1399 2301 sed
1449 2255 1571 2316 post
1616 2261 1810 2303 omnes
1848 2260 1938 2300 re-

360 2336 580 2402 spondit
613 2335 797 2389 diceus
830 2355 843 2390 :
879 2335 1134 2407 Nunquid
1165 2355 1257 2409 ego
1298 2354 1436 2403 sum,
1475 2337 1683 2390 Rabbi?
1710 2335 1829 2391 Non
1866 2351 1936 2390 ex

358 2424 555 2480 aﬂ‘ectu
594 2427 860 2490 discendi,
891 2428 983 2482 sed
1018 2430 1317 2483 secundum
1355 2428 1805 2483 consuetudinem
1838 2442 1938 2481 no.

356 2516 604 2571 minandi
650 2517 990 2588 Magistrum,
1027 2535 1151 2574 enm
1192 2520 1407 2574 vocavit
1452 2518 1727 2588 Magister,
1778 2518 1935 2587 quasi

357 2606 707 2662 subsannans
739 2623 887 2672 eum,
914 2608 1042 2677 quia
1075 2609 1367 2663 vocabatur
1389 2609 1645 2678 magister
1671 2622 1794 2660 eum
1826 2621 1933 2660 non

355 2711 481 2752 esse
512 2699 615 2753 hoc
643 2699 910 2754 vocabulo
942 2699 1187 2769 dignum.
1236 2699 1305 2754 Et
1348 2700 1484 2753 dixit
1514 2699 1563 2752 ei
1605 2697 1760 2752 Jesus
1803 2711 1823 2751 :
1856 2695 1934 2750 Tu

356 2786 547 2843 dixisti
576 2790 643 2853 ",
669 2799 730 2845 ut
761 2806 829 2844 ex
856 2803 951 2843 ore
975 2790 1436 2860 ipsiusjudicaret
1473 2805 1596 2844 eum
1625 2807 1638 2843 :
1673 2788 1931 2858 quoniam

354 2878 447 2934 ille
498 2880 654 2949 quasi
711 2880 967 2935 dubitans
1017 2881 1228 2936 dixerat
1281 2899 1295 2936 :
1358 2880 1617 2951 Nunquid
1661 2896 1755 2950 ego
1790 2896 1929 2946 sum,

357 2969 520 3024 Rabbi
532 2971 558 3022 ἵ
576 2986 681 3024 nou
699 2972 912 3041 quidem
931 2975 1228 3030 secundum
1253 2973 1636 3027 conscientiam
1653 2972 1930 3037 dubitans,

352 3062 447 3118 sed
487 3062 694 3132 fingens
732 3079 793 3119 se
834 3064 902 3120 de
933 3066 1033 3119 hoc
1062 3064 1329 3118 dubitare.
1374 3063 1491 3118 Non
1520 3065 1664 3119 enim
1696 3064 1933 3119 habebat

354 3154 534 3224 ipsum
583 3156 833 3211 timorem
883 3172 1044 3226 quem
1077 3157 1255 3211 czeteri
1305 3155 1537 3225 apostoli
1584 3154 1928 3221 habuerunt;

2062 608 2395 678 rogationes,
2418 615 2478 661 et
2501 616 2626 675 post
2655 606 2858 662 Christi
2887 609 3258 665 narrationem
3287 612 3357 667 de
3386 612 3530 683 ipso,
3556 613 3645 670 vix

2061 697 2358 768 aliquando
2383 706 2440 753 et
2454 697 2571 767 ipse
2593 698 2964 768 interrogavit,
2979 700 3138 768 quasi
3155 714 3222 755 ex
3241 702 3478 773 cogitatu
3504 720 3640 775 quo-

2058 788 2184 842 dam
2212 797 2268 844 et
2295 797 2515 844 versuto
2537 788 2788 855 consilio,
2817 796 2875 843 ut
2910 788 3108 845 similia
3136 791 3350 846 caeteris
3375 796 3639 863 apostolis

2059 880 2470 952 interrogando,
2499 881 2696 937 celaret
2724 880 2943 935 interim
2985 881 3312 951 proditionis
3352 899 3467 939 suae
3507 902 3642 942 con-

2056 971 2263 1026 silium.
2313 969 2447 1025 Nam
2506 986 2628 1025 vera
2681 972 2899 1026 tristitia
2944 981 2997 1025 ct
3023 988 3224 1044 urgens
3272 989 3379 1029 non
3408 976 3641 1033 sustinet

2057 1078 2290 1126 moram,
2319 1063 2462 1117 sicut
2494 1078 2594 1117 nec
2624 1063 3001 1132 apostolorum
3042 1064 3326 1118 sustinuit.

2125 1152 2215 1207 85.
2252 1152 2545 1207 Edentibus
2586 1168 2760 1208 autem
2801 1154 2898 1221 eis,
2934 1154 3192 1224 accipiens
3225 1154 3383 1210 Iesus
3425 1173 3633 1227 panem,

2052 1253 2103 1298 et
2141 1245 2343 1315 gratias
2374 1260 2552 1312 agens,
2586 1244 2742 1314 fregit
2792 1254 2843 1298 et
2889 1244 3032 1298 dedit
3059 1246 3339 1315 discipulis
3371 1249 3506 1313 suis,
3561 1249 3645 1303 di-

2051 1351 2170 1389 cens
2202 1350 2221 1389 :
2250 1335 2507 1403 Accipite,
2545 1344 2595 1389 et
2632 1336 2964 1395 manducate,
3008 1337 3105 1390 ltoc
3149 1346 3224 1391 est
3259 1338 3402 1391 enim
3447 1355 3634 1406 corpus

2050 1443 2244 1482 meum.
2282 1425 2350 1480 Et
2389 1427 2650 1495 accipiens
2678 1428 2915 1492 calicem,
2942 1438 2991 1481 et
3028 1429 3232 1497 gratias
3266 1444 3444 1498 agens,
3487 1427 3629 1481 dedit

2048 1518 2146 1580 eis,
2178 1518 2356 1571 dicens
2388 1533 2408 1571 :
2431 1517 2607 1571 Bibite
2635 1532 2699 1570 ea:
2733 1516 2831 1570 Itoc
2869 1534 3069 1581 omnes,
3098 1519 3183 1571 hic
3211 1528 3286 1572 est
3321 1519 3461 1572 enim
3499 1536 3625 1572 san-

2049 1609 2167 1678 guis
2202 1608 2320 1660 novi
2352 1608 2667 1672 testamenti,
2694 1608 2783 1677 qui
2808 1622 2904 1676 pro
2932 1606 3113 1660 multis
3137 1607 3440 1675 e/fundetur
3462 1609 3517 1661 in
3548 1624 3633 1661 re-

2048 1700 2353 1752 missionem
2398 1707 2732 1766 peccatarum
2782 1697 2851 1752 ”.
2900 1696 3066 1753 Panis
3117 1697 3220 1752 iste
3270 1712 3432 1768 quem
3486 1699 3630 1754 Deus

2051 1786 2284 1842 Verbum
2311 1802 2514 1856 corpus
2543 1801 2703 1841 suum
2736 1802 2858 1842 esse
2885 1785 3105 1850 fatetur,
3138 1786 3364 1841 verbum
3405 1794 3489 1840 est
3520 1801 3626 1841 nu-

1975 1891 2015 1947 Β
2046 1878 2322 1933 tritor-ium
2356 1877 2684 1944 animarum,
2722 1877 2947 1931 verbum
2977 1878 3043 1932 de
3075 1875 3184 1933 Deo
3216 1876 3396 1932 Verbo
3431 1892 3624 1946 proce-

2047 1970 2204 2036 dens,
2229 1978 2285 2025 et
2304 1970 2461 2041 panis
2482 1970 2549 2024 de
2571 1985 2709 2039 pane
2740 1970 2968 2035 caelesti,
2996 1970 3087 2040 qui
3116 1970 3327 2040 positus
3352 1980 3438 2026 est
3463 1986 3629 2040 super

2044 2077 2290 2117 mensam
2344 2061 2413 2117 de
2466 2076 2574 2131 qua
2626 2061 2886 2130 scriptum
2943 2070 3029 2116 est
3055 2060 3105 2093 ⁸⁸
3139 2081 3154 2116 :
3192 2060 3524 2132 Prwparasti
3570 2063 3626 2117 in

2042 2163 2321 2222 conspectu
2369 2168 2481 2207 meo
2532 2167 2763 2205 mensam
2795 2151 3044 2207 adversus
3089 2168 3177 2207 eos
3223 2154 3314 2223 qui
3364 2152 3623 2208 tributam

2041 2261 2145 2299 me.
2178 2243 2242 2299 Et
2291 2256 2455 2314 potus
2494 2244 2597 2300 iste
2624 2258 2786 2314 quem
2829 2242 2974 2299 Deus
3025 2242 3265 2299 Verbum
3300 2244 3622 2314 sanguinem

2042 2350 2204 2389 suum
2247 2333 2467 2400 fatetur,
2498 2335 2720 2389 verbum
2752 2342 2837 2389 est
2864 2343 3060 2403 potans
3092 2344 3146 2389 et
3174 2334 3454 2396 inebrians
3488 2350 3621 2404 pta:-

2043 2425 2189 2480 clare
2230 2427 2395 2479 corda
2456 2426 2777 2491 bibentium,
2816 2424 2910 2493 qui
2959 2432 3043 2479 est
3074 2423 3127 2478 in
3166 2426 3363 2495 poculo
3413 2426 3478 2479 de
3510 2439 3622 2495 quo

2041 2514 2303 2583 scriptum
2335 2523 2421 2569 est
2451 2514 2498 2545 "
2532 2532 2545 2567 :
2578 2512 2647 2567 Et
2672 2513 2915 2578 poculum
2949 2522 3099 2567 tuum
3148 2514 3418 2567 inebrians
3461 2531 3622 2584 quam

2039 2604 2356 2673 prteclarum
2404 2614 2480 2659 est
2519 2604 2541 2658 .'
2591 2602 2655 2658 Et
2697 2612 2780 2658 est
2824 2612 2985 2673 potus
3033 2604 3136 2659 iste
3181 2605 3460 2675 generatio
3493 2605 3622 2659 vitis

2040 2709 2182 2750 vera:
2205 2710 2329 2765 quae
2365 2694 2497 2749 dicit
2529 2696 2543 2725 '
2589 2713 2604 2748 :
2642 2692 2756 2765 Ego
2781 2710 2897 2748 sum
2925 2695 3048 2749 uitis
3090 2712 3234 2749 aera.
3268 2693 3335 2750 Et
3364 2705 3449 2750 est
3486 2710 3620 2750 san-

2036 2785 2163 2856 guis
2208 2802 2326 2842 uvae
2368 2786 2539 2851 illius,
2581 2800 2704 2855 qua:
2745 2785 2913 2841 missa
2956 2786 3013 2841 in
3056 2786 3300 2841 torcular
3345 2786 3618 2855 passionis

2038 2877 2265 2949 protulit
2296 2885 2485 2947 potum
2512 2878 2678 2932 hunc.
2706 2875 2801 2932 Sic
2828 2886 2884 2933 et
2909 2877 3068 2948 panis
3091 2887 3176 2934 est
3208 2877 3434 2933 verbum
3461 2875 3618 2931 Chri-

2037 2967 2107 3021 sti
2153 2964 2357 3021 factum
2407 2967 2477 3022 de
2522 2965 2703 3020 tritico
2738 2966 2831 3021 illo
2858 2965 3007 3038 quod
3054 2967 3256 3021 cadens
3306 2968 3359 3020 in
3410 2974 3612 3021 terram

2038 3055 2269 3111 multum
2290 3057 2521 3112 reddidit
2536 3055 2913 3130 fructum.(87)
2934 3055 3052 3112 Non
3074 3058 3219 3112 enim
3244 3073 3439 3128 panem
3459 3058 3611 3112 illum

2036 3147 2303 3203 visibilem
2353 3163 2515 3218 quem
2558 3148 2776 3203 tenebat
2807 3148 2862 3203 in
2907 3149 3180 3215 manibus,
3214 3164 3413 3219 corpus
3448 3165 3612 3206 suum

352 3244 447 3298 sed
478 3244 569 3299 ille
600 3245 720 3301 sine
749 3245 966 3309 timore,
995 3245 1155 3315 quasi
1193 3244 1389 3300 timens
1422 3242 1655 3311 dicebat.
1697 3239 1765 3296 Et
1808 3243 1932 3299 ideo
1958 3226 2006 3289 (ἶ
2036 3237 2255 3294 dicebat
2288 3236 2429 3293 Deus
2455 3236 2715 3306 Verbum.
2748 3238 2844 3293 8οά
2871 3240 3096 3294 Veritum
3132 3241 3188 3294 in
3215 3240 3376 3311 cuius
3409 3251 3613 3313 myste-

455 3419 507 3453 “
533 3419 722 3475 Matth.
760 3436 909 3484 xxvi,
961 3419 1052 3474 24.
1170 3418 1217 3452 θ’
1258 3417 1390 3472 ibid.
1446 3417 1539 3472 25.
1647 3418 1696 3455 ⁸⁸
1743 3416 1875 3473 ibid.

368 3488 385 3517 ⁸
404 3488 562 3545 Joan.
597 3506 684 3556 xv,
716 3491 767 3544 1.

404 3643 515 3715 (87)
536 3641 660 3715 Hice
670 3644 829 3715 verba
839 3661 853 3715 ς
864 3641 982 3715 Non
999 3643 1138 3715 enim
1149 3639 1501 3715 panemillum
1516 3636 1900 3715 visibilem,etc.
1909 3682 1925 3706 ,

355 3707 531 3782 usque
575 3713 639 3767 ad
686 3712 800 3766 haec
838 3713 1116 3776 inclusive,
1149 3707 1201 3764 et
1245 3710 1453 3782 verbum
1502 3708 1644 3782 quod
1686 3707 1927 3777 laztiﬁcat

354 3779 462 3844 cor,
486 3798 607 3850 tutae
638 3782 722 3835 hic
760 3783 812 3835 in
838 3791 1042 3835 textum
1077 3782 1326 3841 restituo,
1364 3780 1417 3832 in
1451 3779 1612 3850 editis
1644 3792 1751 3830 non
1776 3794 1929 3834 com-

354 3849 684 3923 parent,_sed
720 3851 972 3923 leguntur
1020 3852 1074 3906 in
1106 3849 1592 3923 duobusantiquis
1619 3851 1925 3923 manuscri—

353 3916 457 3993 ptis
495 3916 807 3993 codicibus}
855 3921 1050 3993 iisque.
1073 3921 1204 3993 solis
1251 3916 1603 3993 ini_bi_notis;
1639 3916 1826 3993 altero
1871 3934 1925 3974 lx

357 3987 534 4045 saeculi
583 4005 613 4042 e
646 3987 979 4044 monasterio
1020 3988 1076 4043 S.
1124 3988 1354 4057 Remigii
1398 3987 1718 4053 Remensis;
1754 3990 1924 4043 altero

359 4060 535 4114 surculi
588 4074 664 4112 xu
712 4074 742 4111 e
786 4060 1116 4114 monasterio
1162 4059 1601 4113 Cemmeticensi.
1636 4058 1689 4113 In
1745 4058 1925 4126 priore

354 4130 513 4183 verba
546 4129 631 4182 illa
670 4130 808 4198 stylo
838 4138 1106 4198 expuncta
1141 4137 1288 4191 sunt,
1322 4143 1442 4198 non
1462 4128 1534 4180 ita
1573 4127 1923 4198 tamenguin

352 4199 572 4269 alterius
594 4193 796 4269 codicis
830 4193 931 4269 ope
968 4199 1070 4269 legi
1102 4198 1282 4253 adhuc
1322 4195 1479 4269 facile
1509 4208 1730 4269 queant.
1769 4193 1923 4269 Unde

352 4268 534 4324 forsan
579 4268 834 4337 colligere
864 4265 1231 4337 'licet'solum
1282 4265 1539 4337 codicem
1574 4265 1630 4320 S.
1688 4266 1918 4337 Remigii

351 4339 547 4394 vidisse
596 4334 903 4393 Merlinnm.
953 4336 1212 4392 Videntur
1254 4336 1470 4404 quidem
1524 4337 1696 4405 prima
1742 4334 1921 4390 fronte

350 4422 539 4490 parum
590 4409 855 4490 cathqlice
912 4408 979 4490 de
1031 4406 1375 4490 Eucharistia
1403 4420 1615 4490 impare
1661 4417 1780 4490 :Aat
1810 4420 1917 4485 non

352 4474 673 4532 iusinceram
721 4476 890 4533 fuisse
936 4477 1003 4532 de
1052 4479 1155 4531 hoc
1197 4475 1454 4545 mysterio
1484 4475 1640 4545 ﬁdem
1671 4474 1918 4545 Origenis

353 4560 416 4601 ex
451 4548 568 4615 ipso
608 4547 726 4600 loco
757 4549 933 4614 palam
976 4547 1087 4611 fiet,
1123 4545 1169 4600 si
1198 4544 1399 4615 adtria
1422 4544 1756 4615 iattendatur
1778 4544 1919 4613 quae

353 4614 701 4671 Adamantius
733 4632 855 4670 cum
894 4617 1166 4671 veteribus
1204 4614 1526 4684 quibusdam
1559 4614 1612 4667 in
1650 4614 1906 4670 Euchari.

353 4685 463 4756 stiar
492 4685 777 4756 distinguit
815 4703 828 4740 :
859 4701 1049 4753 nempe
1078 4686 1311 4756 speciem
1341 4693 1617 4738 externam
1663 4685 1916 4756 sensibus

354 4755 645 4824 subjectam
668 4753 687 4817 ξ
714 4756 1072 4810 substantiam
1104 4753 1251 4809 intus
1279 4755 1552 4808 latentem‘
1573 4764 1628 4807 et
1653 4755 1768 4809 solo
1793 4753 1915 4808 tidei

352 4826 585 4880 contuitu
632 4826 1051 4895 aspectabilem;
1088 4833 1141 4879 et
1173 4824 1459 4895 mysticam
1505 4824 1793 4892 quamdam
1825 4839 1914 4895 sa-

1977 3417 2025 3450 "
2058 3416 2185 3473 ibid.
2245 3416 2316 3471 26
2363 3426 2414 3472 et
2472 3432 2628 3488 seqq.

2736 3418 2782 3450 ⁸⁸
2810 3417 2952 3474 Psal.
3016 3433 3153 3486 χιιι,
3211 3419 3268 3476 5.
3373 3420 3419 3453 ”
3475 3417 3608 3475 ibid.

2032 3649 2203 3695 totum
2233 3641 2523 3695 articulum
2549 3642 2788 3705 disserit,
2812 3644 2977 3698 verba
3006 3643 3365 3699 institutionis
3394 3645 3611 3705 Eucha-

2030 3710 2196 3794 ristiaa
2222 3710 2510 3794 allegorice
2550 3712 2956 3794 interpretando
2992 3714 3059 3767 de
3100 3715 3266 3794 verbo
3314 3714 3430 3779 Dei,
3461 3723 3610 3786 quod

2029 3779 2201 3850 instar
2247 3779 2533 3847 cujusdam
2585 3779 2742 3849 panis
2791 3791 2844 3836 et
2874 3792 3032 3850 potus
3060 3783 3299 3838 cmlestis
3337 3779 3505 3839 num't
3553 3797 3606 3842 et

2028 3849 2285 3916 ludiﬁcat,
2318 3858 2487 3916 potat,
2511 3859 2559 3902 et
2583 3851 2803 3904 inebriat
2827 3849 3082 3917 praeclare
3108 3852 3268 3905 corda
3292 3853 3602 3913 bibentium.

2030 3916 2087 3972 S.
2130 3919 2466 3989 Augustinus
2512 3934 2676 3989 serui.
2715 3916 2841 3986 272,
2871 3922 2940 3973 ad
2969 3920 3220 3989 infantes,
3267 3925 3460 3977 eodem
3490 3924 3605 3982 fere

2026 3989 2191 4041 modo
2226 3986 2351 4056 quo
2385 3988 2473 4041 hic
2502 3986 2784 4058 Origenes,
2817 3986 3037 4044 disserit
3083 3992 3148 4045 de
3189 3992 3376 4047 altaris
3418 4007 3605 4048 sacra~

2024 4066 2229 4131 mento,
2258 4073 2382 4131 cum
2417 4058 2522 4131 hoc
2562 4067 2740 4113 tamen
2783 4060 3101 4114 discrimine
3129 4063 3271 4129 quod
3306 4062 3363 4115 ὃ.
3406 4062 3601 4131 Augu-

2024 4127 2200 4201 stinus
2247 4127 2599 4201 symbolicam
2645 4131 2885 4201 mysterii
2931 4127 3276 4185 eucharistici
3328 4127 3602 4200 siguili'ca-

1992 4196 2227 4271 tionem
2282 4196 2351 4250 ad
2408 4196 2970 4271 unitatem'ﬁdelinm
3023 4201 3243 4271 inuno
3294 4196 3600 4271 eodemque

2019 4263 2223 4335 Christi
2257 4281 2487 4335 corpore
2533 4270 2785 4335 mystico,
2825 4269 3182 4324 Adamantius
3216 4285 3345 4325 vero
3374 4272 3440 4324 ad
3477 4263 3602 4325 vcr-

2020 4335 2149 4389 bum
2184 4334 2274 4408 Dei
2290 4334 2574 4408 deflectat.
2594 4334 2841 4407 Uterque
2871 4340 3043 4408 ipsam
3074 4341 3408 4395 sacramenti
3438 4350 3597 4408 natu:

2019 4420 2136 4480 ram
2183 4404 2607 4480 ﬁdelibussatis
2653 4404 2838 4480 notam
2875 4404 3091 4464 nonnisi
3127 4410 3313 4480 leviter
3351 4420 3404 4463 et
3435 4404 3595 4480 quasi

2020 4475 2074 4549 i_n
2103 4475 2333 4528 transitu
2354 4476 2803 4549 Aatti_ngit,_unice
2848 4486 3093 4549 attentus,
3119 4475 3470 4549 adAmysticas
3501 4494 3597 4533 ra-

2018 4544 2195 4623 tiones
2221 4544 2562 4629 aperiendas.
2607 4544 2823 4629 [nterim
2850 4544 3441 4629 observabo‘pri'genis.
3459 4550 3593 4603 alle-

2019 4614 2227 4681 goriam
2255 4614 2524 4669 haereticis
2559 4617 2867 4672 nullatenus
2909 4617 3110 4672 favere.
3141 4616 3198 4670 Si
3221 4614 3364 4672 enim
3393 4618 3477 4671 hic
3498 4633 3596 4673 ex-

2018 4683 2265 4756 cludatur
2294 4683 2521 4756 quilibct
2550 4700 2742 4756 sensus
2780 4696 2971 4755 praeter
3003 4688 3375 4756 allegoriculn,
3408 4690 3596 4742 exclu-

2015 4753 2166 4827 dituﬁ
2199 4753 2440 4827 profecto
2487 4753 2835 4827 Calvinianus
2880 4756 2947 4827 de
2986 4753 3181 4826 ﬁgura,
3212 4768 3358 4827 typo,
3396 4758 3592 4811 virtute

2015 4829 2071 4875 et
2087 4821 2333 4895 efﬁcacia
2352 4825 2595 4893 corporis
2616 4824 2837 4881 Christi.
2861 4825 2915 4878 Si
2940 4821 3068 4879 vero
3096 4821 3249 4880 alius'
3265 4821 3595 4895 supponitur

353 4896 602 4948 cramenti
622 4893 1091 4965 significationem.
1109 4893 1186 4946 Ad
1210 4893 1412 4962 partem
1437 4901 1717 4947 externam
1737 4894 1909 4965 oculis
1942 4897 1984 4951 Ι)
2013 4906 2229 4965 sensus,
2262 4894 2448 4962 utique
2472 4908 2682 4965 sensus
2707 4895 2951 4950 littcralis
2976 4893 3402 4959 Catholicornin,
3425 4911 3589 4963 quem

351 4962 695 5033 apparentem
717 4974 771 5018 et
797 4962 1001 5033 Christi
1037 4965 1287 5017 manibus
1321 4970 1704 5033 contrectatam
1736 4964 1910 5031 respi-

352 5031 438 5095 cit,
469 5048 592 5087 cum
619 5035 695 5088 ait
720 5051 733 5088 :
762 5032 883 5086 Non
903 5035 1043 5087 enim
1071 5049 1254 5098 panem
1286 5032 1440 5085 illum
1462 5031 1731 5102 visibilem
1758 5048 1911 5102 quem

354 5102 548 5157 tenebat
579 5106 634 5157 in
656 5103 931 5166 'manibus,
965 5119 1151 5172 corpus
1184 5118 1338 5156 suum
1365 5100 1569 5155 dicebat
1601 5099 1736 5156 Deus
1770 5099 1910 5155 ’νεν-

352 5173 578 5227 bnm.....
608 5172 718 5226 Nec
740 5182 920 5241 potum
948 5172 1101 5225 illum
1126 5172 1390 5226 visibilem
1422 5172 1730 5240 sanguinem
1757 5186 1910 5224 suum

336 5242 567 5299 .dicebat.
621 5242 991 5297 Substantiam
1025 5244 1126 5296 sub
1162 5249 1382 5295 externa
1431 5242 1610 5309 specie
1652 5241 1908 5295 latentem

354 5323 526 5379 aperte
554 5314 802 5381 designat
829 5320 942 5365 tum
956 5380 969 5381 η
982 5312 1065 5381 bis
1095 5310 1520 5380 praecedentibus
1545 5311 1725 5364 verbis
1757 5309 1912 5381 :rPa-

353 5384 424 5432 nis
450 5383 550 5435 iste
575 5380 727 5453 quem
754 5382 892 5453 Deus
954 5380 1189 5453 Verbunt
1221 5396 1406 5453 corpus
1432 5396 1585 5453 suum
1626 5396 1736 5433 esse
1771 5380 1909 5453 [ate-

354 5456 496 5504 tm‘...
529 5448 773 5520 et'potns
820 5452 920 5504 istc
961 5467 1111 5522 queat
1159 5450 1293 5503 Deus
1336 5448 1555 5522 Verbum
1602 5451 1910 5522 sanguinein

350 5534 498 5572 suum
553 5517 751 5590 fatetur
772 5536 790 5573 :
837 5517 1088 5576 tum'his
1118 5521 1499 5590 subsequentis
1532 5517 1744 5590 articuli
1772 5537 1791 5572 -:
1838 5517 1909 5573 Et

350 5589 565 5642 ostendit
616 5589 815 5662 (Jesus)
859 5592 1070 5660 quando
1117 5606 1201 5643 eos
1249 5590 1588 5662 (discipulos)
1635 5589 1731 5642 Iwc
1773 5605 1906 5662 pane

352 5663 532 5723 nutrit,
559 5659 828 5728 proprium
854 5659 963 5715 esse
989 5676 1244 5724 corpus...
1274 5659 1715 5728 Deindedocebat
1748 5659 1910 5728 disci.

352 5728 511 5800 pulos,
555 5726 712 5800 qui...
751 5736 1191 5785 manducaverant
1223 5746 1410 5799 corpus
1453 5727 1623 5792 Verbi,
1656 5739 1760 5783 etc.
1795 5726 1900 5782 Dc-

352 5800 504 5868 nique
559 5802 626 5856 de
684 5801 911 5869 mystica
966 5801 1289 5859 sacramenti
1349 5800 1740 5872 significatione
1803 5814 1900 5869 per

2012 4962 2145 5016 satis
2164 4963 2308 5016 clare
2331 4964 2588 5049 ex'primit
2606 4963 2967 5046 Adamantius
2981 4966 3158 5049 verbis
3184 4966 3346 5019 modo
3362 4962 3551 5045 citatis
3570 4982 3587 5033 ;

2014 5046 2350 5104 non_sensus
2381 5032 2848 5104 Calvinianorum,
2882 5035 3039 5104 cujus
3084 5036 3156 5089 ibi
3198 5051 3266 5089 ne
3300 5036 3585 5088 minimum

2013 5101 2230 5174 quidem
2289 5102 2598 5174 vestigium.
2649 5103 2831 5174 Alium
2895 5101 3056 5174 porro
3109 5121 3329 5174 sensum
3391 5116 3587 5171 praeter

2013 5172 2360 5243 allegoricum
2384 5170 2455 5243 de
2483 5170 2649 5243 verbo
2677 5173 2768 5228 Dei
2794 5170 3080 5243 agnovisse
3100 5170 3399 5243 Origeuem’
3418 5175 3587 5242 liquet

2011 5242 2300 5312 cx‘homii.
2336 5242 2402 5297 16
2436 5243 2489 5295 in
2520 5241 2681 5297 Num.
2712 5241 2899 5297 Bibere
2928 5245 3177 5309 dicimur,
3202 5241 3412 5312 inquit,
3460 5241 3585 5295 san-

2012 5326 2076 5378 gn
2087 5310 2221 5364 inem
2240 5310 2463 5376 Christi,
2487 5328 2589 5366 non
2609 5313 2779 5366 solum
2801 5324 3263 5369 sacramentorum
3285 5310 3413 5377 ritu,
3428 5312 3517 5364 sed
3534 5322 3585 5365 et

2017 5396 2131 5453 cum
2163 5396 2423 5453 sermones
2443 5382 2557 5449 ejus
2581 5384 2881 5453 recipimus,
2906 5385 2959 5436 in
2986 5388 3171 5452 quibus
3196 5384 3301 5435 cita
3324 5381 3583 5444 consistit,

2014 5449 2148 5523 sicut
2176 5460 2226 5501 et
2252 5451 2361 5519 ipse
2389 5452 2517 5523 dicit
2551 5468 2569 5506 :
2617 5449 2783 5506 Verba
2818 5468 2936 5523 qua
2960 5449 3164 5523 locutus
3198 5468 3338 5516 sum,
3362 5453 3585 5523 spiritus

2011 5527 2060 5571 et
2100 5519 2206 5572 rita
2243 5531 2341 5575 est.
2377 5522 2542 5575 Suam
2580 5523 2671 5578 hic
2698 5519 2912 5577 Iaudem
2947 5522 3029 5577 fas
3073 5523 3143 5577 sit
3194 5519 3432 5576 tribucre
3466 5521 3582 5576 cla-

2011 5584 2469 5667 rissimoviroli.
2503 5590 2706 5667 Robbe,
2739 5593 2965 5667 hujusce
3011 5593 3190 5667 operis
3233 5591 3445 5667 censori
3499 5607 3585 5646 re-

2009 5659 2120 5726 gio,
2152 5659 2244 5727 qui
2270 5660 2653 5732 mihiluereuti
2686 5671 2741 5715 ct
2766 5659 2972 5717 incerto
2998 5659 3293 5732 genuinum
3320 5663 3465 5732 hunc
3493 5677 3586 5714 vc-

2008 5743 2239 5803 rumque
2292 5729 2558 5803 intricatee
2607 5732 2772 5799 hujus
2823 5729 3093 5803 allegoria:
3147 5748 3370 5789 sensum
3423 5731 3582 5787 docte

2005 5799 2154 5871 solus
2178 5798 2320 5855 inter
2346 5800 2610 5873 plurimos
2643 5798 2877 5872 aperuit.
