4052 6304
580 389 717 444 1755

1774 385 2096 443 ORIGENIS
2130 385 2198 439 IN
2231 379 2648 441 MATTHA'IUM

3784 402 3803 452 l
3813 403 3886 458 735

573 505 656 558 rio
707 509 881 564 fuerat
924 505 1078 575 panis
1123 504 1211 558 ille
1238 501 1587 572 frangendus.
1624 500 1733 557 Nec
1771 511 1959 572 potum
1991 501 2144 555 illum
2175 504 2220 562 Α
2251 499 2316 554 Et
2364 501 2510 570 quod
2558 500 2691 554 dicit
2719 501 2739 531 '
2768 518 2779 553 :
2813 502 3084 571 Accipiens
3137 502 3339 558 Iesus
3376 521 3621 575 panem,
3669 509 3886 572 similiter

569 592 846 654 V'tsibilcm
883 594 1204 662 sanguinem
1250 607 1410 645 suum
1445 591 1679 654 diccbat,
1712 590 1806 645 sed
1835 591 2058 644 verbum
2105 591 2156 642 in

579 689 737 758 cujus
786 684 1044 754 mysterio
1075 691 1234 752 potus
1267 682 1356 735 ille
1382 681 1560 735 fuerat
1606 680 1987 734 effundendus.
2023 679 2157 733 Nam

577 793 777 847 corpus
814 776 909 829 Dei
935 774 1099 828 Verbi
1135 773 1270 845 (88),
1296 783 1390 827 aut
1429 773 1673 841 sanguis,
1711 772 1841 842 quid
1870 771 2012 826 aliud
2039 786 2160 826 esse

575 877 771 938 potest,
823 868 926 922 nisi
968 867 1194 921 verbum
1241 865 1386 934 quod
1425 865 1616 926 nutrit.
1649 872 1704 918 et
1752 864 1978 917 verbum
2013 863 2156 933 quod

577 959 811 1013 laetificat
841 958 978 1013 cor?
1015 958 1125 1011 Cur
1151 965 1334 1009 autem
1376 970 1484 1009 non
1519 955 1658 1008 dixit
1695 973 1708 1008 :
1751 953 1850 1008 llic
1881 962 1964 1008 est
2001 954 2158 1024 panis

575 1052 701 1105 novi
735 1049 1069 1114 testamenti,
1114 1049 1258 1103 sicut
1293 1048 1430 1102 dixit
1461 1066 1473 1101 :
1514 1046 1616 1099 llic
1655 1056 1731 1100 est
1766 1046 1984 1116 sanguis
2037 1047 2157 1099 nari

577 1145 921 1200 testamenti?
970 1143 1240 1209 Quoniam
1297 1142 1457 1212 panis
1506 1149 1590 1195 est
1640 1139 1864 1193 verbum
1909 1139 2156 1208 iustitiae,

573 1253 738 1308 quam
764 1236 1159 1290 manducantes
1183 1234 1378 1288 animae
1404 1232 1720 1286 nutriuntur
1749 1249 1760 1284 :
1791 1239 1950 1300 potus
1976 1240 2155 1284 autem

572 1339 656 1383 est
679 1329 903 1382 verbum
935 1326 1229 1396 agnitionis
1251 1325 1476 1389 Christi,
1502 1324 1800 1378 secundum
1837 1323 2154 1394 mysterium

571 1420 690 1490 ejus
745 1419 1042 1474 nativitatis
1089 1428 1141 1472 et
1189 1416 1481 1487 passionis.
1519 1415 1792 1482 Quoniam
1825 1430 1958 1486 ergo
1991 1424 2157 1469 testa-

571 1520 816 1565 mentum
853 1508 952 1565 Dei
990 1509 1044 1562 in
1081 1509 1347 1576 sanguine
1379 1507 1652 1576 passionis
1681 1507 1883 1561 Christi
1916 1507 2153 1576 positum

570 1611 654 1656 est
685 1602 754 1656 ad
790 1617 912 1666 nos,
953 1609 1009 1653 ut
1036 1600 1319 1654 credentes
1365 1597 1562 1652 Filium
1598 1598 1691 1652 Dei
1721 1607 1906 1653 natum
1941 1607 1994 1652 et
2027 1613 2152 1668 pas-

572 1708 692 1747 sum
726 1693 1024 1747 secundum
1066 1707 1310 1757 carnem,
1342 1691 1478 1746 salvi
1525 1691 1822 1745 efﬁciamur
1852 1691 2020 1761 899
2044 1707 2152 1745 non

570 1783 624 1837 in
653 1783 888 1852 justitia,
923 1782 976 1836 in
1023 1798 1130 1852 qua
1167 1784 1279 1838 sola
1317 1785 1435 1838 sine
1482 1783 1586 1837 lide
1635 1783 1904 1852 passionis
1949 1783 2151 1838 Christi

2261 600 2315 644 et
2362 591 2624 660 accipiens
2671 591 2912 656 calicem,
2945 594 3038 663 qui
3087 596 3403 665 parvulus
3457 598 3703 666 quidem
3743 616 3816 657 est
3850 610 3884 662 in

2260 680 2513 748 Christo,
2561 691 2616 735 et
2661 683 2715 736 in
2770 683 2994 738 Christo
3041 686 3240 740 adhuc
3303 687 3616 753 carnalis,
3675 690 3882 765 intelligit

2260 774 2627 828 communiter
2658 793 2672 829 :
2715 775 3032 844 prudentior
3064 787 3269 833 autem
3309 793 3591 849 quaerat,
3622 800 3651 838 a
3687 800 3789 854 quo
3816 806 3883 842 at;-

2259 865 2468 935 eipiens
2497 863 2676 921 Jcsus.
2715 865 2826 922 Deo
2874 869 3017 923 enim
3069 872 3257 925 dante
3317 873 3548 943 accipit
3600 884 3656 930 et
3701 877 3786 932 dat
3823 885 3878 937 eis

2259 957 2353 1025 qui
2399 956 2547 1027 digni
2601 966 2731 1012 sunt
2773 974 2802 1012 a
2853 958 2962 1014 Deo
3002 961 3272 1030 accipere
3308 979 3540 1032 panem
3573 975 3632 1019 et
3670 970 3874 1026 calicem.

2259 1044 2542 1109 Quomodo
2577 1055 2756 1100 autem
2788 1048 2881 1102 dat
2906 1047 3048 1105 Deus
3091 1066 3350 1122 panem,
3411 1054 3706 1124 significat
3732 1069 3777 1113 et
3807 1061 3874 1116 Ja-

2261 1133 2363 1186 cob
2393 1133 2580 1189 dicens
2613 1135 2655 1165 ¹⁰
2686 1153 2699 1187 :
2733 1133 2794 1190 Si
2839 1137 2997 1206 fuerit
3047 1138 3339 1195 Dominus
3388 1139 3555 1198 meus
3606 1165 3815 1212 mecum,
3838 1165 3872 1206 et

2258 1222 2458 1276 dederit
2497 1225 2626 1277 milii
2657 1242 2845 1294 panem
2874 1228 2943 1280 ad
2977 1231 3488 1300 manducandum,
3521 1245 3579 1289 et
3624 1242 3864 1295 vestimen-

2259 1324 2370 1367 tum
2400 1317 2469 1368 ad
2496 1318 2836 1384 vestiendum,
2861 1321 3039 1373 omnia
3065 1338 3436 1394 quacunque
3464 1329 3628 1392 mihi,
3664 1329 3862 1396 Domine,

2256 1406 2484 1471 dederis,
2520 1407 2775 1461 decimam
2819 1409 3087 1463 decimabo
3131 1413 3270 1466 tibi.
3313 1413 3467 1468 Item
3515 1417 3774 1486 scriptum
3801 1433 3857 1477 est

2257 1497 2309 1551 in
2348 1495 2638 1569 Evangelio
2669 1501 2968 1554 secundum
3017 1501 3310 1559 Joannem
3369 1506 3416 1537 ⁸¹
3453 1525 3468 1560 :
3507 1507 3638 1562 Non
3689 1512 3856 1581 Moyses

2255 1589 2398 1643 dedit
2429 1591 2570 1644 vobis
2604 1608 2812 1661 panem,
2848 1594 2937 1647 sed
2966 1593 3130 1648 Pater
3164 1612 3340 1650 meus
3377 1599 3483 1653 dat
3533 1601 3678 1655 vobis
3703 1619 3850 1672 partem

2255 1682 2319 1735 de
2353 1683 2479 1736 ctelo
2510 1701 2707 1738 verum.
2737 1684 2803 1738 Et
2835 1701 3049 1755 semper
3085 1686 3269 1744 Jesus
3305 1689 3406 1746 bis
3437 1694 3539 1762 qui
3575 1709 3751 1749 secum
3780 1711 3849 1764 pa-

2257 1773 2388 1828 riter
2416 1784 2582 1844 agunt
2634 1774 3000 1842 festivitatem,
3043 1778 3351 1849 accipiens
3399 1797 3612 1852 panem
3651 1801 3681 1840 a
3720 1785 3846 1841 Patre

571 1845 722 1929 salvus
768 1845 891 1928 essé
945 1845 1054 1929 ηοιί
1090 1885 1334 1943 pou-ml;
1367 1876 1487 1930 ideo
1518 1845 1726 1930 tant-um
1758 1876 1825 1930 de
1869 1875 2036 1931 calice
2068 1875 2152 1930 di-
2184 1845 2225 1900 Β
2254 1867 2454 1937 gratias
2483 1867 2612 1939 agit,
2645 1877 2699 1923 et
2739 1868 2958 1940 frangit,
2990 1878 3045 1924 et
3083 1845 3186 1926 dat
3231 1845 3553 1944 discipulis
3580 1879 3841 1932 secundum

571 1972 718 2017 etum
747 1972 832 2018 est
858 1981 872 2016 :
903 1962 1004 2016 Hic
1027 1974 1103 2016 est
1138 1964 1283 2018 talia:
1321 1967 1441 2018 novi
1471 1967 1791 2019 testamenti.

641 2055 729 2108 86.
761 2055 922 2106 Amen
954 2055 1071 2107 dico
1100 2053 1264 2121 vobis,
1316 2056 1455 2126 quod
1495 2057 1684 2108 amodo
1733 2073 1834 2110 non
1884 2057 2058 2110 bibam
2087 2059 2151 2111 de

567 2146 900 2214 generatione
940 2146 1063 2199 vitis
1105 2147 1286 2215 hujus,
1329 2149 1435 2201 nisi
1470 2164 1588 2201 cum
1620 2147 1791 2200 bibam
1819 2148 1952 2201 illud
1981 2148 2150 2202 vobis-

565 2252 685 2288 cum
718 2251 906 2288 novum
956 2237 1011 2290 in
1050 2253 1207 2306 regno
1239 2237 1422 2290 Patris
1459 2238 1560 2290 mei
1607 2237 1647 2288 ³.
1684 2235 1788 2290 Sed
1828 2237 1977 2291 etde
2011 2253 2150 2307 pane

564 2328 768 2382 dictum
802 2335 886 2381 est
937 2329 1078 2397 apud
1122 2327 1325 2382 Lucam
1363 2328 1616 2382 similiter
1647 2346 1660 2382 :
1707 2326 1978 2381 Desiderio
2007 2329 2148 2382 desi-

563 2421 740 2473 deravi
770 2421 866 2473 hoc
911 2421 1109 2489 pascha
1141 2421 1463 2473 manducare
1491 2419 1779 2475 vobiscum.
1816 2419 1948 2472 Dico
1981 2420 2144 2485 vobis,

561 2513 699 2580 quod
735 2519 923 2566 amodo
960 2530 1063 2565 non
1110 2513 1440 2565 manducabo
1472 2513 1630 2578 illud,
1663 2513 1766 2566 nisi
1792 2513 2058 2582 impletum
2089 2514 2144 2567 in

564 2619 718 2670 regno
769 2603 866 2655 Dei
913 2603 953 2656 ³.
983 2602 1126 2672 Ergo
1175 2603 1528 2657 manducahit
1581 2601 1848 2670 Salvator,
1880 2612 1933 2657 et
1975 2605 2142 2667 hibet,

562 2708 754 2760 panem
809 2695 982 2760 illum,
1019 2703 1073 2748 ct
1119 2704 1305 2763 potum
1359 2694 1669 2763 paschalem
1719 2705 2037 2749 renovatum
2087 2695 2140 2748 in

559 2799 727 2855 regno
771 2785 893 2852 Dei,
927 2795 981 2840 et
1022 2786 1372 2841 manducahit
1401 2795 1454 2841 et
1499 2786 1648 2841 bibet
1689 2801 1813 2840 eum
1857 2785 2142 2856 discipulis

561 2877 695 2932 suis.
737 2877 889 2934 Sicut
917 2881 1060 2934 enim
1095 2898 1198 2934 non
1233 2881 1476 2950 rapinam
1523 2882 1814 2934 arbitratus
1844 2889 1920 2934 est
1945 2896 2056 2933 esse
2087 2897 2141 2934 se

561 2968 815 3037 atqualem
849 2969 979 3034 Deo,
1008 2969 1098 3022 sed
1143 2971 1479 3038 semetipsum
1523 2968 1825 3023 humiliavit
1871 2984 2032 3039 usque
2069 2969 2138 3022 ad

556 3069 779 3112 mortem
805 3059 845 3124 ’⁵,
879 3060 960 3114 sic
1002 3061 1354 3115 manducabit
1380 3075 1598 3129 panem,
1633 3070 1686 3115 et
1713 3061 1861 3115 bibet
1885 3060 1951 3114 de
1977 3075 2138 3128 gene-

558 3148 766 3202 ratione
798 3149 946 3213 vltis,
993 3160 1046 3202 et
1095 3150 1240 3204 bibet
1274 3165 1505 3215 novum,
1547 3158 1600 3203 et
1641 3159 1860 3219 propter
1908 3151 2133 3204 multam
2163 3183 2205 3240 ο

556 3239 856 3292 bonitatem
908 3254 1062 3292 suam
1113 3248 1165 3293 et
1199 3239 1544 3293 dilectionem
1581 3240 1864 3293 hominum
1899 3241 2130 3294 mandu-

553 3329 700 3383 cahit
726 3337 780 3382 et
815 3329 960 3382 bibet
993 3345 1114 3382 cum
1168 3329 1452 3398 discipulis
1505 3331 1655 3396 suis,
1687 3345 1810 3384 eum
1853 3331 2134 3385 tradiderit

554 3436 778 3490 regnum
813 3421 921 3474 Deo
973 3431 1029 3475 et
1077 3421 1245 3475 Patri.
1294 3423 1526 3477 Attende
1571 3425 1715 3477 enim
1761 3424 1905 3493 quod
1955 3423 2129 3478 dicit:

553 3511 688 3565 Cum
733 3512 906 3565 bibero
954 3513 1128 3582 ipsum
1175 3512 1439 3566 vobiscum
1477 3530 1687 3580 novum,
1726 3529 1832 3568 non
1863 3514 1969 3568 alio
1999 3523 2135 3567 tem-

552 3619 707 3674 pore,
743 3605 846 3658 nisi
880 3605 931 3656 in
960 3621 1115 3673 regno
1146 3603 1327 3657 Patris
1359 3606 1479 3658 mei.
1513 3603 1580 3658 Et
1608 3605 1742 3660 alias
1775 3605 1999 3663 autem,“
2030 3621 2133 3669 non

552 3713 768 3765 regnum
800 3695 894 3750 Dei
931 3713 1050 3750 esca
1079 3707 1126 3748 et
1165 3707 1339 3765 potus.
1375 3695 1740 3766 Corporaliter
1762 3697 1930 3760 enim,
1964 3706 2017 3751 et
2045 3712 2132 3751 sc-

551 3786 788 3840 cundum
816 3786 1226 3841 similitudinem
1269 3787 1552 3856 praesentis
1587 3786 1692 3840 cibi
1721 3795 1775 3839 et
1804 3796 1985 3854 potus,
2021 3802 2127 3839 non

549 3888 633 3931 est
653 3893 879 3946 regnum
907 3877 1001 3930 Dei
1024 3892 1150 3932 esca
1177 3887 1230 3932 et
1258 3887 1416 3948 potus
1443 3877 1526 3932 his
1551 3877 1646 3947 qui
1675 3878 2043 3933 exhibuerunt
2072 3894 2131 3934 se

546 3970 742 4040 dignos
774 3985 914 4040 pane
938 3969 1148 4024 cmlesti
1171 3978 1225 4023 et
1257 3984 1397 4038 pane
1422 3969 1766 4038 angelorum,
1795 3979 1850 4023 et
1875 3984 2001 4023 esea
2039 3969 2126 4023 illa

546 4062 614 4116 de
641 4077 748 4130 qua
780 4061 912 4116 dicit
955 4060 1204 4115 Salvator
1233 4076 1245 4112 :
1299 4060 1418 4113 Mea
1447 4077 1566 4113 esca
1611 4069 1686 4113 est
1721 4069 1778 4113 ut
1810 4060 2002 4130 faciam
2034 4077 2125 4113 vo-

546 4152 802 4204 luntatem
833 4151 946 4219 ejus
969 4153 1058 4220 qui
1095 4168 1176 4205 me
1207 4151 1374 4217 misit,
1402 4160 1452 4204 et
1481 4151 1755 4220 perﬁciam
1789 4167 1917 4220 opus
1951 4152 2064 4219 ejus
2082 4151 2122 4204 ⁸.

544 4244 816 4311 Quoniam
867 4253 1046 4298 autem
1097 4244 1151 4297 in
1215 4259 1383 4313 regno
1434 4243 1529 4298 Dei
1579 4243 2030 4298 manducabimus
2073 4253 2126 4297 et

545 4337 820 4403 bibemus,
857 4351 921 4390 ex
959 4337 1144 4391 multis
1178 4336 1315 4391 locis
1345 4335 1750 4406 Scripturarum
1780 4346 1863 4390 est
1898 4337 2125 4390 demon-

543 4438 740 4487 strare,
777 4426 1045 4495 praecipue
1073 4441 1138 4478 ex
1166 4442 1233 4480 eo
1261 4426 1408 4496 quod
1437 4425 1700 4495 scriptum
1728 4435 1812 4479 est
1833 4425 1852 4456 ⁷
1885 4444 1898 4479 :
1921 4423 2120 4478 Beatus

2252 1957 2398 2025 quod
2430 1959 2809 2028 unusquisque
2834 1975 3023 2014 eorum
3054 1961 3212 2030 capit
3252 1964 3564 2034 accipere;
3596 1975 3648 2020 et
3677 1966 3757 2022 dat
3777 1967 3838 2020 di-

2252 2063 2383 2104 cens
2417 2067 2430 2103 :
2463 2051 2720 2118 Accipite,
2745 2060 2795 2103 et
2819 2051 3133 2105 manducate
3169 2054 3257 2120 ¹²;
3295 2063 3359 2109 et
3387 2058 3637 2112 ostendit
3660 2059 3835 2126 quando

2249 2157 2346 2196 eos
2399 2142 2502 2198 hoc
2551 2159 2690 2212 pane
2737 2146 2930 2211 nutrit,
2964 2147 3265 2216 proprium
3321 2162 3458 2202 esse
3496 2163 3708 2218 corpus,
3734 2165 3828 2203 eum

2251 2232 2322 2287 sit
2369 2232 2486 2302 ipse
2525 2233 2782 2302 Verbum,
2809 2236 2956 2306 quod
2989 2247 3042 2291 et
3071 2253 3234 2292 nunc
3270 2239 3664 2293 necessarium
3698 2239 3828 2292 babe-

2249 2340 2394 2392 mus,
2426 2335 2480 2380 et
2526 2341 2649 2380 cum
2697 2327 2862 2382 fuerit
2912 2329 2966 2382 in
3018 2344 3193 2399 regno
3240 2329 3348 2384 Dei
3391 2331 3673 2402 impletum
3714 2331 3822 2386 :sed

2248 2429 2396 2469 nunc
2442 2416 2660 2485 quidem
2706 2417 2949 2472 nondum
2999 2419 3303 2488 impletum
3335 2461 3352 2488 ,
3387 2431 3527 2477 tunc
3555 2433 3719 2478 autem
3743 2423 3820 2476 im-

2249 2506 2475 2574 pletum,
2505 2523 2628 2561 cum
2662 2524 2762 2564 nos
2795 2511 3081 2579 przeparati
3109 2511 3411 2568 fuerimus
3440 2514 3509 2568 ad
3542 2515 3812 2584 capiendum

2247 2599 2451 2665 paScha
2509 2600 2764 2668 plenum,
2812 2602 2956 2670 quod
3002 2605 3149 2659 venit
3210 2616 3277 2662 ut
3326 2609 3598 2679 impleat,
3627 2609 3706 2678 qui
3731 2622 3812 2659 non

2247 2691 2392 2742 venit
2437 2692 2645 2746 solvere
2692 2692 2882 2762 legem,
2923 2695 3017 2749 sed
3069 2698 3421 2770 adimplere.
3463 2700 3530 2754 Et
3565 2716 3696 2753 nunc
3719 2699 3809 2768 qui-

2243 2779 2364 2831 dem
2402 2779 2624 2849 implere
2655 2783 2811 2851 quasi
2848 2798 2940 2851 per
2990 2789 3292 2855 speculum
3341 2790 3398 2843 in
3445 2788 3808 2860 aenigmate-im-

2243 2871 2544 2939 pletionis:
2597 2881 2728 2928 tunc
2780 2888 2960 2931 autem
3010 2876 3148 2934 facie
3214 2881 3274 2935 in
3342 2881 3545 2936 faciem
3605 2879 3802 2949 implere,

2241 2975 2364 3016 cum
2394 2965 2600 3018 venerit
2629 2966 2774 3034 quod
2813 2967 3110 3036 perfectum
3136 2971 3351 3037 cst._Si
3386 2989 3519 3043 ergo
3547 2981 3599 3026 et
3621 2986 3709 3024 nos
3735 2983 3803 3020 vo-

2239 3051 2422 3110 lumus
2474 3071 2668 3124 panem
2720 3057 3110 3114 benedictionis
3161 3062 3439 3130 accipere
3481 3064 3550 3117 ab
3589 3061 3702 3116 Jesu
3733 3057 3802 3128 qui

2239 3157 2532 3203 consuetus
2562 3159 2645 3203 est
2673 3166 2794 3203 eum
2823 3153 2971 3216 dare,
3007 3167 3209 3209 eamus
3243 3155 3300 3208 in
3345 3155 3618 3209 civitatem
3652 3154 3700 3207 in
3724 3153 3797 3205 do-

2239 3253 2387 3290 mum
2417 3239 2722 3308 cujusdam,
2760 3241 2850 3293 ubi
2883 3240 3010 3295 facit
3050 3241 3222 3297 Jesus
3274 3246 3487 3314 pascha
3521 3260 3636 3298 cum
3671 3239 3797 3296 disci-

2235 3329 2379 3397 pulis
2437 3330 2552 3383 suis
2601 3333 3032 3399 praeparantihus
3084 3336 3276 3401 ipsum
3331 3337 3479 3390 notis
3531 3335 3719 3404 ipsius,
3758 3339 3794 3381 et

2236 3423 2593 3475 ascendamus
2621 3421 2686 3474 ad
2717 3422 3052 3490 superiorem
3085 3433 3313 3490 partem
3341 3425 3542 3479 domus
3564 3435 3788 3491 magnam.

2235 3519 2288 3565 et
2334 3519 2584 3574 stratam,
2616 3519 2669 3565 et
2714 3521 3092 3581 praeparatam,
3131 3513 3237 3567 ubi
3284 3515 3562 3583 accipiens
3603 3527 3630 3565 a
3665 3509 3789 3562 Patre

2234 3603 2481 3666 calicem,
2525 3612 2579 3656 et
2622 3603 2824 3672 gratias
2875 3619 3075 3672 agens,
3123 3605 3229 3660 dat
3277 3607 3362 3661 eis
3416 3606 3508 3675 qtti
3553 3617 3664 3657 cum
3697 3600 3786 3668 ipso

2233 3693 2604 3758 ascenderint,
2637 3693 2868 3747 dicens:
2918 3693 3120 3761 Bibite,
3164 3698 3313 3765 (filia
3358 3697 3444 3749 hic
3489 3704 3560 3748 est
3608 3688 3784 3757 sanguis

2232 3802 2375 3840 meus
2421 3787 2537 3839 novi
2588 3786 2884 3839 testamenti
2909 3787 2971 3852 ¹³,
2999 3787 3092 3856 qui
3142 3796 3202 3841 et
3254 3789 3466 3843 bibitur
3506 3796 3557 3840 et
3595 3779 3783 3838 effundi-

2233 3886 2318 3932 tur
2347 3896 2361 3932 :
2391 3877 2591 3932 bibitur
2624 3879 2840 3946 quidem
2894 3895 2924 3932 a
2979 3878 3303 3948 discipulis,
3331 3879 3617 3937 effunditur
3635 3881 3777 3927 autem

2231 3967 2284 4022 in
2316 3968 2692 4022 remissionem
2720 3979 3066 4039 peccatorum
3104 3974 3544 4027 commissorum
3575 3968 3636 4022 ab
3664 3963 3729 4018 eis
3752 3973 3776 4012 ει

2229 4059 2428 4128 quibus
2454 4059 2657 4112 bibitur
2681 4069 2733 4114 et
2771 4059 3085 4116 effunditur.
3119 4061 3174 4115 Si
3211 4073 3405 4118 autem
3447 4059 3634 4132 quaeris
3662 4066 3770 4121 quo-

2227 4154 2390 4206 modo
2433 4151 2598 4206 etiam
2651 4151 2978 4217 effunditur,
3033 4153 3254 4211 discute
3311 4173 3437 4211 eum
3494 4155 3592 4207 hoc
3636 4142 3766 4198 verbo

2225 4242 2386 4295 etiam
2421 4242 2565 4312 quod
2599 4242 2860 4312 scriptum
2898 4253 2981 4298 est
3010 4245 3054 4276 “
3093 4263 3106 4299 :
3141 4245 3417 4311 Quoniam
3451 4241 3661 4298 charitas
3687 4229 3762 4286 Dei

2222 4328 2391 4397 e/Tusa
2419 4339 2494 4382 est
2524 4330 2578 4383 in
2606 4330 2852 4384 cordibus
2899 4334 3115 4387 nostris.
3147 4335 3207 4389 Si
3258 4347 3440 4390 autem
3483 4327 3681 4398 sanguis
3702 4331 3760 4375 ιε’

2223 4419 2478 4474 stamenti
2506 4419 2720 4476 infusus
2744 4431 2828 4475 est
2850 4422 2903 4475 in
2933 4425 3096 4478 corda
3126 4437 3316 4482 nostra
3348 4427 3401 4479 in
3428 4420 3756 4479 remissionem

541 4519 631 4588 qui
677 4518 1076 4571 manducauerit
1128 4534 1312 4587 panem
1341 4520 1395 4570 in
1431 4533 1585 4587 regno
1619 4517 1731 4570 Dei.
1760 4517 1900 4586 Ergo
1928 4517 2120 4586 imple-
2149 4524 2200 4582 Ι)
2225 4520 2570 4580 peccatorum
2603 4521 2940 4580 nostrorum,
2964 4513 3136 4570 effuso
3169 4533 3237 4572 eo
3278 4514 3499 4586 potabi“
3537 4504 3757 4576 εδηὲυίηθ

541 4609 687 4662 bitur
709 4609 762 4662 in
797 4624 966 4679 regno
997 4608 1087 4662 Dei
1118 4609 1223 4662 hoc
1263 4609 1496 4677 pascha,
1530 4617 1583 4661 et
1609 4609 1958 4663 manducahit
1990 4625 2114 4663 eum

539 4700 700 4754 Jcsus
752 4717 874 4755 cum
924 4701 1209 4770 discipulis
1260 4701 1395 4764 suis,
1443 4709 1496 4754 et
1544 4700 1718 4766 bibet;
1764 4710 1816 4753 et
1857 4702 2114 4770 quoniam

539 4793 684 4861 quod
710 4793 836 4847 dicit
859 4792 1155 4862 Apostolus
1177 4793 1236 4844 δε
1285 4790 1452 4845 Nemo
1480 4808 1566 4844 vos
1595 4792 1798 4861 judicct
1829 4793 1884 4843 in
1917 4808 2034 4844 esca
2066 4803 2114 4846 et

540 4883 593 4935 in
631 4892 780 4948 potu,
809 4893 862 4937 et
899 4893 1124 4948 cetera,
1156 4900 1272 4953 qua:
1301 4895 1420 4938 sunt
1458 4883 1646 4936 umbra
1675 4883 1994 4951 futurorum,
2029 4899 2114 4938 re-

538 4974 865 5028 velationem
915 4975 1073 5029 habet
1123 4979 1188 5029 ad
1237 4973 1417 5028 futura
1467 4973 1721 5045 mysteria
1771 4975 1837 5027 de
1879 4975 2018 5028 csois
2062 4985 2115 5028 et

537 5061 755 5132 potibus
781 5062 1135 5130 spiritalibus,
1169 5078 1403 5132 quorum
1435 5064 1626 5117 umbra
1653 5062 1872 5117 fuerunt
1895 5078 2017 5132 qua:
2047 5063 2115 5117 de

536 5154 677 5209 escis
709 5162 761 5208 et
797 5155 1012 5224 potibus
1041 5154 1095 5207 iit
1128 5154 1244 5224 lege
1274 5153 1490 5209 fuerant
1519 5157 1738 5225 scripta.
1767 5154 2111 5209 Manifestum

534 5257 618 5301 est
642 5256 821 5301 autem
851 5245 1108 5316 quoniam
1142 5261 1325 5299 veram
1373 5261 1553 5300 escam
1601 5255 1657 5300 et
1691 5261 1879 5300 verum
1923 5253 2108 5314 potum

535 5339 989 5394 manducabimus
1023 5346 1076 5391 et
1103 5337 1351 5392 bibemus
1386 5339 1438 5391 itt
1478 5354 1642 5407 regno
1672 5337 1800 5404 Dei,
1835 5338 2108 5391 aedifican-

535 5441 616 5484 tes
649 5447 744 5500 per
776 5446 839 5485 ea
870 5442 924 5485 et
955 5429 1325 5484 eonfortantes
1365 5430 1704 5484 verissimam
1735 5429 1881 5482 illam
1914 5429 2102 5484 vitam.

605 5549 625 5577 ³
654 5545 843 5600 Matth.
879 5563 1026 5608 xxvt,
1048 5547 1136 5602 29.
1217 5547 1237 5578 ³
1266 5545 1396 5600 Luc.
1438 5562 1570 5611 χχιι,
1607 5546 1694 5600 l5.
1770 5546 1792 5577 ⁸
1821 5544 2015 5616 Philip.
2050 5561 2110 5610 tt,
2141 5545 2250 5600 6-8.
2331 5545 2353 5576 '
2380 5543 2538 5599 Rom.
2569 5560 2679 5609 xw,
2707 5543 2792 5598 l7.
2870 5545 2889 5575 ⁸
2912 5543 3161 5613 Joan.tv,
3187 5546 3272 5601 54.
3346 5541 3364 5570 ⁷
3390 5537 3509 5589 Luc.
3537 5517 3666 5622 XIV»:

605 5614 793 5669 loloss.
829 5633 887 5670 ιι.
946 5617 1033 5670 16.
1069 5618 1154 5669 17.
1258 5618 1279 5648 θ
1315 5616 1502 5670 Matth.
1541 5633 1688 5670 xxvt.
1718 5615 1807 5670 26.
1856 5615 1946 5670 27.
2062 5617 2105 5648 ¹⁰
2139 5615 2272 5670 Gen.
2315 5631 2508 5670 xxvnt.
2541 5613 2730 5667 20-22.
2840 5615 2880 5645 “
2918 5631 2989 5670 vt.
3017 5617 3104 5670 52.
3214 5617 3254 5647 ³³
3288 5610 3462 5665 Mattlt.
3495 5609 3621 5654 ut”.
3649 5626 3666 5639 -

2261 5655 2272 5668 .
2318 5644 2508 5680 λινιιι,
2543 5644 2730 5667 ειν-ιι..

1322 5687 1364 5718 ³⁸
1393 5685 1550 5740 Rom.
1583 5703 1636 5748 v,
1668 5687 1718 5740 5.
1797 5688 1838 5718 ¹⁵
1863 5685 2052 5740 Matth.
2088 5701 2231 5752 xxvi,
2254 5684 2342 5738 27.

531 5614 553 5646 ⁸
583 5614 793 5669 Coloss.
829 5633 887 5681 tl,
946 5617 1033 5680 16,
1069 5618 1154 5669 17.
1258 5618 1279 5648 θ
1315 5616 1502 5670 Matth.
1541 5633 1688 5677 xxvt,
1718 5615 1807 5680 26,
1856 5615 1946 5670 27.

533 5684 576 5715 ¹³
605 5683 794 5737 Matth.
829 5701 975 5752 xxvt,
1007 5685 1094 5749 27,
1129 5686 1219 5740 28.

2223 4599 2279 4654 in
2304 4601 2466 4656 corda
2499 4611 2708 4668 nostra,
2742 4604 3089 4659 remittuntur
3114 4616 3167 4661 et
3197 4608 3448 4662 delentur
3469 4601 3638 4658 omnia
3661 4604 3755 4664 qua!

2223 4695 2494 4764 gessimus
2523 4705 2646 4750 ante
2678 4707 2920 4766 peccata.
2951 4699 3069 4769 Ipse
3107 4712 3290 4758 autem
3333 4700 3424 4771 qui
3455 4702 3660 4762 accepto
3685 4699 3755 4739 0³⁸

2224 4783 2326 4838 lice
2353 4784 2487 4838 dicit
2512 4785 2555 4816 ”
2581 4801 2592 4836 :
2631 4786 2805 4840 Bibite
2833 4803 2898 4841 ea:
2930 4790 3025 4842 hoc
3055 4807 3262 4858 omnes,
3292 4791 3448 4846 nobis
3485 4776 3750 4839 bibentibus

2223 4891 2331 4930 non
2356 4876 2584 4932 discedit
2607 4894 2637 4932 a
2674 4879 2851 4945 nobis,
2883 4884 2976 4936 sed
3021 4882 3157 4937 bibit
3187 4899 3312 4937 eum
3358 4878 3623 4934 nobiscum
3647 4875 3746 4955 cum
3767 4929 3782 4955 .

2219 4968 2290 5024 sit
2340 4970 2393 5023 in
2446 4970 2674 5040 singulis
2705 4972 2820 5041 ipse
2865 4976 3164 5042 :quoniam
3207 4991 3314 5028 non
3363 4975 3632 5040 possumus
3661 4951 3742 5009 sali

2216 5069 2269 5114 et
2299 5061 2417 5115 sine
2460 5077 2525 5114 eo
2568 5063 2653 5116 vel
2699 5063 3030 5118 manducare
3071 5066 3138 5120 de
3179 5081 3317 5136 pane
3350 5063 3459 5126 iflo,
3488 5055 3562 5109 vel
3590 5049 3743 5104 bibere

2218 5152 2285 5206 de
2309 5153 2655 5221 generatione
2703 5154 2848 5209 illius
2888 5156 3014 5210 vitis
3042 5173 3198 5212 verte.
3233 5155 3341 5209 Nec
3385 5145 3582 5204 mireris
3621 5146 3734 5207 ‘luO‘

2217 5245 2362 5298 niam
2395 5245 2510 5312 ipse
2542 5253 2625 5298 est
2653 5253 2707 5298 et
2734 5247 2890 5314 panis
2910 5287 2923 5310 ,
2964 5257 3019 5300 et
3055 5249 3344 5302 manducat
3373 5239 3632 5322 nobiscum

2216 5353 2361 5400 nem.
2397 5339 2514 5408 ipse
2534 5349 2618 5393 est
2639 5347 2873 5408 et'potus
2902 5341 3266 5410 generationis
3294 5338 3358 5392 de
3392 5334 3508 5395 vite,
3538 5335 3585 5378 et
3619 5316 3729 5373 bibit

2215 5429 2523 5484 nobiscum.
2569 5409 2926 5498 Omnipotens
2971 5440 3056 5484 cst
3103 5433 3246 5485 enim
3295 5425 3515 5480 Verbum
3557 5409 3659 5474 Dei,
3686 5410 3728 5454 οι

3675 5514 3718 5566 5.

2840 5615 2880 5645 ιι
2912 5585 3161 5680 27332"
3187 5585 3621 5665 νιΤΜειιῦιῖςινι.
3645 5585 3716 5639 εδι

605 5795 717 5862 (88)
749 5795 984 5863 Uterque
1025 5816 1124 5855 ms.
1174 5800 1342 5855 codex
1379 5798 1558 5866 habet,
1593 5815 1776 5854 currus
1826 5799 1920 5852 Dei
1975 5796 2232 5860 Verbum;
2290 5797 2382 5852 sed
2414 5787 2697 5866 legendum
2736 5795 2947 5849 videtur
2987 5814 2999 5847 :
3035 5812 3222 5864 corpus
3249 5792 3340 5846 Dei
3380 5780 3532 5840 ῐένθί·
