4052 6304
331 310 355 365 1
371 306 479 367 ’13⁸1

1505 309 2164 371 COMMENTARIORUM
2209 315 2472 374 SERIES.

3509 327 3614 383 738

327 436 568 493 diversis
609 438 1061 511 appellationibus
1102 451 1473 512 nuncupatur,
1510 454 1564 499 et
1605 445 1920 501 innumera-
1952 451 1996 508 Α
2024 446 2153 500 dum
2203 446 2540 518 Seripturam
2596 462 2697 518 pro
2749 445 2909 501 nobis
2964 446 3221 503 omnibus
3273 444 3437 501 Pater
3479 448 3619 504 Filio

334 530 465 587 bilis
512 541 596 587 est
642 532 758 602 ipse
813 533 1116 589 secundum
1168 536 1572 592 multitudinem
1632 539 1919 603 virtutum,

328 638 462 700 cum
488 625 559 679 sit
589 626 770 680 omnis
791 626 968 681 virtus
1002 643 1147 684 unus
1192 639 1247 684 et
1295 629 1432 700 ipse.
1462 629 1667 686 Deinde
1695 631 1926 686 docebat

328 697 635 787 discipulos
670 719 766 791 qui
810 719 1161 778 festivitatem
1201 697 1613 780 celebraverunt
1648 740 1772 780 cum
1811 724 1922 779 Ma-

331 809 531 879 gistro,
559 814 612 864 et
634 823 962 882 acceperant
999 815 1396 873 benedictionis
1434 832 1653 887 panem,
1687 825 1741 871 et
1764 833 1923 871 man-

331 897 673 955 ducaverant
701 916 903 972 corpus
936 901 1122 971 Verbi,
1163 912 1217 958 et
1252 904 1502 961 biberant
1541 906 1766 961 calicem
1800 922 1924 977 gra-

328 987 536 1044 tiarum
569 991 836 1060 actionis,
886 1010 987 1063 pro
1021 994 1108 1050 his
1138 996 1397 1053 omnibus
1448 997 1709 1070 hymnum
1744 998 1924 1053 dicere

326 1075 504 1145 Patri,
535 1088 588 1134 et
615 1080 680 1136 de
718 1082 827 1137 alto
861 1084 1093 1140 transire
1120 1084 1173 1139 in
1213 1085 1381 1141 altum
1409 1105 1422 1141 :
1455 1087 1582 1158 quia
1614 1087 1785 1142 ﬁdelis
1814 1104 1921 1141 non

327 1176 512 1238 potest
559 1170 853 1241 aliquando
899 1174 1105 1245 aliquid
1152 1191 1312 1245 agere
1358 1178 1414 1231 in
1465 1178 1742 1245 convalle;
1794 1194 1921 1248 pro-

328 1269 519 1329 pterea
551 1263 913 1320 ascenderunt
941 1266 995 1320 in
1030 1278 1270 1323 montem
1297 1267 1515 1337 Oliveti,
1552 1270 1606 1325 in
1636 1286 1745 1341 quo
1781 1289 1921 1327 una-

325 1368 565 1424 quaeque
609 1354 751 1411 oliva
786 1358 947 1427 quasi
992 1360 1158 1415 arbor
1207 1359 1412 1417 faciens
1460 1361 1699 1417 fructum
1740 1364 1923 1419 dicere

327 1452 558 1514 potest:
597 1444 709 1516 Ego
739 1458 916 1502 autem
950 1450 1090 1505 sicut
1137 1452 1277 1507 oliva
1322 1453 1607 1524 fructifera
1659 1456 1713 1509 in
1764 1457 1920 1510 domo

334 1533 435 1588 Dei
457 1536 523 1591 η.
557 1535 616 1591 Et
654 1539 747 1608 qui
774 1541 1015 1597 nondum
1048 1553 1177 1598 sunt
1206 1544 1337 1601 facti
1370 1548 1528 1617 quasi
1560 1549 1700 1605 oliva
1729 1549 1922 1606 fructi-

328 1628 446 1682 fera
472 1627 639 1699 900
667 1631 722 1684 in
767 1630 933 1687 domo
985 1632 1098 1699 Dei,
1145 1638 1238 1691 sed
1273 1649 1403 1693 sunt
1431 1639 1611 1696 adhuc
1641 1644 1797 1712 quasi
1826 1661 1921 1698 no-

330 1721 469 1777 vella
502 1724 761 1780 olivarum
807 1728 863 1783 in
902 1730 1128 1785 circuitu
1180 1749 1375 1788 meum
1421 1735 1463 1767 ¹⁷
1506 1736 1768 1806 spiritalis
1814 1737 1919 1793 Pa-

2029 539 2192 595 unico
2232 554 2338 592 non
2386 541 2646 610 pepercit,
2681 539 2774 597 sed
2822 537 3044 592 tradidit
3073 552 3197 591 eum
3234 552 3335 607 pro
3380 540 3537 593 nobis
3571 542 3621 574 ’δ

2028 626 2081 679 in
2131 628 2466 696 passionem,
2504 635 2564 683 ut
2610 627 2678 682 ad
2731 628 3004 682 modicum
3057 625 3443 697 disperguntur
3484 648 3617 686 oves

2025 720 2206 790 gregis
2236 720 2553 775 scandalum
2587 719 2754 789 passi,
2785 727 2909 789 post
2937 719 3040 773 hoc
3068 727 3250 772 autem
3263 734 3618 790 .congregona

2026 817 2116 862 tur
2139 824 2168 862 a
2203 819 2520 880 resurgente
2546 810 2785 876 Christo,
2819 819 2872 865 et
2901 810 3238 879 prtecedente
3264 826 3360 864 eos
3386 814 3440 865 in
3471 813 3618 867 Cali-

2024 901 2203 966 Iaeam,
2239 903 2332 973 qui
2367 918 2426 958 se
2467 904 2621 973 sequi
2652 902 2925 957 voluerint
2963 902 3017 956 in
3063 900 3366 968 Galilmam,
3397 915 3455 958 nt
3485 919 3616 974 grn-

2025 994 2160 1048 tium
2192 995 2423 1064 populus
2459 996 2551 1065 qui
2582 996 2805 1051 sedebat
2833 995 2887 1051 in
2919 995 3179 1060 tenebris,
3221 995 3397 1049 vidi-at
3433 996 3616 1052 lumen

2026 1101 2307 1158 magnum,
2340 1097 2394 1142 et
2425 1089 2521 1159 qui
2572 1088 2626 1143 in
2676 1089 2898 1161 regione
2943 1098 2998 1145 et
3033 1088 3225 1143 umbra
3266 1089 3482 1154 mortis,
3524 1090 3612 1145 lus

2022 1178 2104 1233 eis
2134 1179 2345 1233 oriatur
2374 1180 2442 1236 ’⁸.

2094 1268 2183 1324 88.
2215 1268 2546 1341 Respondeas
2588 1283 2769 1327 autem
2802 1269 2992 1328 Petrus
3039 1273 3180 1328 dixit
3210 1275 3260 1328 ei
3293 1290 3311 1328 :
3345 1272 3406 1329 Si
3435 1291 3612 1329 omnes

2022 1359 2378 1414 scandalizati
2428 1362 2658 1429 fuerint,
2706 1380 2801 1434 ego
2860 1380 3130 1436 nunquam
3180 1366 3612 1422 scandalizabor.

2021 1448 2174 1503 Dixit
2203 1451 2252 1504 ei
2282 1451 2440 1507 Iesus
2471 1468 2490 1507 :
2518 1455 2681 1509 Amen
2711 1455 2830 1508 dico
2874 1455 2992 1522 tibi,
3019 1457 3273 1526 quoniam
3297 1459 3351 1511 in
3376 1460 3481 1513 ista
3513 1476 3610 1513 no-

2021 1551 2121 1605 cte,
2153 1542 2465 1612 priusquam
2510 1545 2686 1615 gallus
2736 1555 2932 1615 cantet,
2971 1555 3051 1603 ter
3084 1564 3165 1602 me
3198 1552 3430 1620 negabis.
3457 1550 3611 1606 Dixit

2018 1636 2069 1689 ei
2105 1634 2297 1690 Petrus
2329 1653 2349 1690 :
2388 1636 2506 1691 Etsi
2555 1641 2848 1709 oportuerit
2893 1657 2975 1696 me
3005 1650 3173 1695 tecum
3218 1644 3376 1708 mori,
3420 1659 3527 1697 non
3562 1656 3613 1698 te

2020 1728 2241 1797 negabo.
2298 1728 2560 1785 Similiter
2603 1742 2653 1786 et
2710 1749 2888 1788 omnes
2935 1734 3188 1805 discipuli
3242 1735 3490 1790 dixerunt
3540 1737 3606 1791 ’°.

328 1811 432 1867 tris
460 1814 568 1882 sui,
599 1830 825 1885 pessum
847 1835 969 1876 esse
1006 1821 1060 1875 in
1091 1832 1276 1878 monte
1299 1822 1517 1890 Oliveli,
1560 1826 1628 1881 de
1656 1843 1766 1898 quo
1794 1843 1918 1897 ριιο.
1954 1815 1992 1869 Β
2024 1818 2163 1873 Dicit
2194 1821 2489 1891 Apostolus
2518 1824 2572 1877 in
2608 1824 2848 1895 Epistula
2882 1825 2949 1881 ad
2987 1825 3263 1882 Romanos
3291 1827 3333 1858 ³⁷
3373 1846 3384 1881 :
3418 1826 3479 1883 Si
3512 1845 3612 1881 tm-

326 1903 519 1973 pbetat
542 1917 597 1962 et
628 1907 941 1966 Zacharias.
966 1910 1032 1967 Et
1064 1929 1228 1982 quam
1260 1923 1383 1985 apte
1418 1932 1578 1972 mons
1607 1917 1919 1976 misericor-

327 1995 436 2051 diae
465 2006 549 2054 est
588 2000 792 2057 electus
812 2043 827 2070 ,
859 2003 951 2057 ubi
987 2006 1441 2073 pronuntiaturus
1475 2007 1654 2064 fuerat
1686 2011 1916 2065 scanda-

329 2086 443 2142 lum
492 2090 828 2149 inlirmitatis
871 2095 1264 2165 discipulorum
1316 2115 1542 2155 suorum
1579 2120 1592 2156 :
1627 2103 1756 2172 quia
1807 2119 1914 2159 non

325 2182 552 2250 optabat
585 2191 645 2238 ut
680 2186 851 2254 lieret,
891 2187 983 2242 sed
1017 2191 1407 2258 pronuntiabat
1437 2194 1583 2263 quod
1615 2204 1734 2249 erat
1765 2193 1908 2250 futu-

324 2288 473 2342 rum,
500 2275 614 2346 jam
660 2286 788 2334 tunc
825 2290 1162 2350 prazparatus
1190 2299 1296 2338 non
1340 2296 1400 2341 ut
1437 2287 1720 2357 repelleret
1751 2288 1917 2345 disci—

324 2366 487 2435 pulos
515 2367 927 2436 descendcutes,
970 2373 1065 2428 sed
1106 2383 1165 2430 ut
1212 2377 1479 2446 reciperet
1513 2388 1912 2436 convertentes.

398 2457 487 2514 87.
524 2457 669 2515 Tunc
699 2462 828 2517 dicit
863 2465 940 2518 eis
971 2464 1130 2521 Iesus
1169 2484 1189 2522 :
1220 2467 1411 2523 Omnes
1459 2485 1547 2524 vos
1598 2472 1911 2526 scandalum

322 2550 603 2618 patiemini
634 2554 687 2607 in
718 2570 797 2609 me
827 2556 926 2610 Iaac
957 2566 1123 2613 nocte.
1156 2557 1425 2630 Scriptum
1450 2574 1527 2616 est
1561 2564 1740 2619 enim:
1779 2563 1915 2619 Pcr—

325 2643 527 2697 cutiam
558 2655 846 2713 pastorem,
884 2660 929 2703 et
959 2649 1326 2722 dispergentur
1369 2668 1485 2708 oves
1534 2656 1727 2725 gregis.
1779 2654 1914 2711 Cum

323 2742 503 2786 autent
550 2750 860 2804 surrexero,
913 2741 1210 2808 prwcedam
1264 2759 1353 2798 vos
1409 2744 1463 2798 in
1519 2742 1802 2800 Galilazam
1846 2745 1910 2800 ".

323 2823 431 2889 Qui
460 2827 923 2899 scandalizantur,
956 2847 1066 2886 non
1107 2832 1163 2887 in
1193 2832 1281 2890 die
1317 2836 1778 2906 scandalizantur,
1815 2839 1912 2895 sed

327 2912 383 2967 in
419 2926 601 2983 nocte,
627 2928 680 2974 et
709 2919 762 2975 in
790 2930 949 2978 nocte
993 2922 1085 2979 illa
1123 2926 1176 2980 in
1211 2941 1319 2998 qua
1354 2929 1606 2998 proditur
1635 2929 1908 2986 Christus.

324 3004 419 3061 Sic
449 3007 595 3062 enim
634 3019 688 3065 et
719 3008 913 3068 Petrus
948 3012 1257 3087 denegans,
1300 3035 1409 3074 non
1444 3021 1497 3074 in
1539 3021 1627 3076 die
1657 3021 1909 3092 denegat,

319 3098 415 3153 sed
457 3098 511 3153 in
550 3111 729 3169 nocte,
760 3111 815 3158 et
847 3104 901 3157 in
937 3115 1097 3161 nocte
1140 3108 1227 3162 cui
1272 3111 1515 3165 nondum
1566 3111 1904 3182 prepinqua-

2025 1919 2125 1964 tem
2178 1911 2313 1965 Deus
2344 1928 2525 1980 verax,
2570 1916 2742 1969 omnis
2786 1926 2964 1970 autem
3010 1916 3164 1970 homo
3196 1918 3443 1978 mendam,
3474 1919 3611 1972 sicut

2020 2003 2277 2071 scriptum
2329 2014 2457 2069 est;
2510 2020 2617 2060 non
2671 2007 2995 2078 praecipiens
3050 2022 3269 2061 omnem
3333 2009 3608 2064 hominem

2020 2094 2136 2149 fieri
2170 2095 2510 2164 mendacem,
2558 2098 2652 2153 sed
2694 2099 3057 2170 pronuntians
3105 2114 3229 2155 esse
3269 2100 3608 2169 mendacem,

2018 2187 2232 2256 psalmo
2265 2189 2479 2245 dicente
2502 2190 2548 2222 ⁸⁸
2575 2207 2589 2245 :
2623 2190 2733 2263 Ego
2764 2191 2880 2245 dixi
2904 2192 2957 2245 in
2983 2207 3199 2246 excessu
3223 2192 3411 2245 mentis
3442 2209 3607 2247 metu:

2023 2279 2210 2334 Omnis
2246 2279 2401 2335 homo
2446 2281 2695 2336 mendax.
2732 2280 2833 2338 llic
2875 2290 3056 2336 autem
3103 2280 3328 2347 Petrus,
3379 2282 3608 2337 audiens

2020 2364 2357 2425 Salvatorem
2389 2370 2657 2426 dicentem
2689 2388 2703 2424 :
2742 2370 2934 2426 Omnes
2966 2387 3054 2425 vos
3094 2370 3407 2425 scandalum
3438 2372 3608 2441 patie-

2018 2462 2149 2515 mini
2174 2461 2231 2514 in
2263 2476 2343 2515 me
2373 2463 2474 2515 hac
2503 2471 2671 2530 nocte,
2706 2461 2997 2518 Dominum
3028 2470 3277 2517 nostrum
3318 2461 3603 2531 proﬁteba-

2016 2564 2107 2610 tur
2131 2554 2310 2611 facere
2340 2556 2655 2611 mendacem
2691 2570 2785 2625 per
2817 2571 2881 2611 ea
2914 2570 3037 2627 quas
3065 2554 3168 2610 sibi
3211 2555 3493 2611 conlidens
3517 2556 3606 2611 die

2016 2645 2174 2701 ccbat
2206 2661 2220 2699 :
2253 2644 2314 2701 Si
2340 2663 2519 2701 omnes
2551 2646 2909 2701 scandalizati
2946 2646 3166 2715 fuerint,
3192 2662 3285 2717 ego
3315 2662 3418 2700 non
3451 2663 3606 2701 scau-

2016 2732 2328 2800 dalizabor,
2381 2751 2492 2790 non
2538 2737 2893 2793 considerans
2938 2738 3201 2808 quoniam
3258 2738 3355 2808 qui
3405 2738 3543 2793 dixit
3587 2757 3600 2791 -.

2017 2824 2131 2897 Ego
2177 2842 2295 2880 sum
2337 2829 2533 2882 veritas
2581 2829 2648 2894 ”,
2682 2829 2899 2883 mentiri
2934 2844 3044 2883 non
3090 2837 3321 2900 poterat.
3374 2827 3607 2899 Propter

2016 2920 2143 2983 hoc,
2177 2921 2338 2980 sicuti
2363 2922 2640 2990 existimo,
2668 2937 2861 2979 omnes
2890 2924 3109 2994 quidem
3149 2923 3405 2993 discipuli
3440 2939 3603 2978 scau—

2013 3011 2231 3070 dalizati
2268 3022 2397 3067 sunt
2442 3022 2655 3068 tantum
2700 3014 2754 3068 in
2797 3014 3023 3083 Jesum;
3054 3013 3248 3071 Petrus
3272 3024 3478 3081 autem,
3508 3014 3602 3085 qui

2013 3103 2349 3159 existimavit
2384 3105 2701 3160 mendacem
2743 3121 2904 3175 posse
2950 3105 3129 3163 facere
3158 3107 3463 3173 veritatem,
3493 3123 3601 3162 non

319 3200 474 3247 verat
527 3192 641 3259 ιυι,
677 3203 803 3251 ante
836 3206 1057 3253 cantum
1109 3200 1255 3255 enim
1311 3201 1437 3272 gani
1481 3172 1757 3274 ηρέαι,’δῑ
1783 3172 1907 3274 quis
1936 3172 1981 3235 Ο
2015 3202 2224 3250 tantum
2258 3197 2661 3253 scandalizatus
2687 3172 2793 3264 est,
2819 3198 2914 3254 sed
2942 3200 3108 3255 etiam
3144 3200 3603 3271 derelictuspro-

319 3296 500 3343 autem
532 3299 741 3360 quazrat
767 3294 1044 3364 quomodo
1073 3304 1196 3366 post
1229 3307 1375 3353 tanta
1401 3306 1455 3354 et
1483 3299 1611 3354 talia
1643 3300 1820 3371 signa,
1857 3310 1911 3357 et

320 3380 586 3453 prodigia,
612 3391 667 3439 et
690 3399 974 3442 sermones
999 3402 1108 3441 non
1138 3404 1202 3444 ex
1235 3388 1485 3445 interiori
1516 3391 1716 3447 virtute
1741 3408 1907 3463 quam

317 3486 385 3526 ex
414 3488 518 3542 qua
543 3474 685 3530 facta
718 3475 935 3533 fuerant
968 3481 1123 3550 signa
1149 3490 1201 3535 et
1219 3482 1486 3551 prodigia,
1518 3483 1716 3549 dictos,
1742 3499 1908 3539 scan-

319 3565 627 3620 dalizantur
650 3568 902 3639 discipuli
935 3587 949 3623 :
986 3571 1125 3626 sciat
1167 3573 1298 3641 quia
1340 3575 1457 3628 vult
1498 3577 1785 3632 ostendere
1814 3594 1910 3647 per

322 3657 435 3714 ham
462 3675 663 3725 sermo,
688 3661 947 3730 quoniam
980 3663 1123 3717 sicut
1145 3680 1294 3718 nemo
1323 3675 1494 3734 potest
1520 3667 1692 3721 dicere
1723 3667 1909 3723 Domi-

321 3768 444 3805 num
469 3749 653 3806 Iesum
673 3794 687 3819 ,
720 3752 823 3807 nisi
867 3754 921 3808 in
957 3753 1163 3826 Spiritu
1196 3766 1377 3811 sancto
1411 3758 1474 3824 “,
1506 3758 1586 3813 sic
1619 3774 1781 3814 nemo
1810 3775 1909 3831 po—

321 3851 423 3899 test
457 3844 577 3899 sine
608 3845 868 3902 seandalo
894 3861 1018 3903 esse
1051 3848 1172 3904 sine
1206 3846 1413 3919 Spiritu
1438 3859 1652 3907 sancto.
1675 3851 1907 3919 Quando

318 3943 502 3991 autem
537 3934 864 4005 implebatur
906 3938 1052 4008 quod
1096 3939 1308 3995 dixerat
1348 3938 1556 3997 Jesus:
1598 3941 1790 4000 Omnes
1819 3961 1907 4000 vos

322 4028 635 4083 scandalum
666 4030 946 4099 patiemini
972 4031 1029 4087 in
1060 4048 1140 4088 me
1163 4033 1264 4088 hac
1287 4042 1455 4103 nocte,
1480 4037 1712 4091 nondum
1748 4037 1907 4093 datus

321 4130 435 4176 erat
467 4121 703 4191 Spiritus
730 4132 945 4178 sanctus
978 4125 1184 4192 adhuc,
1209 4129 1457 4198 quoniam
1487 4128 1643 4185 Iesus
1674 4132 1907 4185 nondum

321 4213 493 4284 fuerat
535 4213 916 4284 Itonoriﬁcatus
943 4216 1011 4269 ”.
1049 4214 1163 4273 Nos
1205 4227 1387 4274 autem
1433 4228 1722 4292 postquam
1773 4234 1908 4278 con-

324 4304 448 4362 fessi
483 4305 751 4361 fuerimus
785 4304 1077 4363 Dominmn
1127 4306 1314 4367 Iesum
1359 4312 1412 4367 in
1452 4312 1657 4383 Spiritu
1694 4325 1903 4383 sancto,

320 4398 578 4468 quoniam
609 4399 699 4469 qui
731 4397 937 4470 Spiritu
962 4399 1061 4454 Dei
1091 4411 1341 4472 aguntur,
1364 4403 1419 4457 hi
1439 4405 1543 4474 lilii
1571 4404 1667 4459 Dei
1697 4410 1902 4475 sunt",

2012 3296 2133 3359 pter
2162 3289 2424 3346 audacem
2468 3305 2626 3346 suam
2677 3292 3137 3361 promissionem,
3183 3292 3342 3363 juxta
3372 3294 3605 3349 scanda-

2011 3381 2126 3437 lum
2151 3382 2317 3438 ctiam
2343 3383 2650 3456 denegavit.
2681 3383 2749 3439 Et
2778 3386 3038 3456 quoniam
3068 3400 3175 3439 non
3203 3386 3379 3441 solum
3410 3386 3604 3442 incon-

2013 3475 2270 3543 siderate,
2306 3476 2399 3531 sed
2434 3491 2572 3545 pene
2605 3476 2771 3531 etiam
2808 3477 2974 3546 impie
3009 3475 3151 3531 dixit
3179 3491 3194 3528 :
3226 3475 3298 3529 Et
3335 3478 3382 3531 si
3424 3493 3603 3532 omnes

2013 3558 2379 3620 scandalizati
2423 3567 2626 3637 fuerint
2670 3568 2728 3620 in
2775 3576 2844 3634 te,
2892 3583 2984 3638 ego
3015 3584 3118 3621 non
3164 3569 3602 3634 scandalizabor,

2014 3670 2115 3711 nec
2139 3657 2389 3729 cogitans
2416 3657 2684 3713 lubricam
2714 3668 2971 3713 naturam
2998 3660 3316 3725 humanam,
3340 3676 3600 3730 magnum

2011 3749 2239 3819 pratulit
2276 3749 2526 3817 verbum,
2565 3749 2689 3804 ideo
2721 3765 2821 3806 nec
2861 3751 2928 3805 ad
2961 3751 3237 3806 modicum
3273 3761 3357 3807 est
3399 3753 3600 3807 dereli-

2011 3848 2154 3908 ctus,
2189 3849 2251 3895 ut
2279 3841 2488 3897 scilicet
2508 3842 2823 3913 denegaret,
2853 3843 2936 3897 vel
2958 3844 3127 3899 semel
3161 3845 3474 3915 denegaret,
3506 3847 3599 3901 sed

2010 3933 2381 3989 abundantius
2432 3935 2868 4004 derelinquitur,
2914 3944 2977 3991 ut
3031 3945 3114 3992 ter
3161 3937 3452 4008 denegaret
3495 3949 3601 3994 :ut

2010 4037 2275 4098 arguatur
2315 4027 2544 4083 audacia
2588 4027 2969 4099 promissionis
3007 4028 3127 4098 ejus
3170 4044 3266 4101 per
3301 4046 3466 4105 unam
3496 4047 3601 4085 au-

2009 4121 2212 4188 cillam,
2242 4129 2297 4176 et
2325 4121 2430 4176 hoc
2451 4121 2674 4192 verbum
2706 4120 3130 4192 interrogantem
3160 4131 3213 4176 et
3235 4122 3504 4178 dicentem
3519 4124 3592 4180 ":
3678 4168 3681 4169 ν

2010 4213 2081 4270 Et
2112 4224 2169 4269 tu
2200 4231 2317 4269 cum
2349 4212 2478 4268 Iesu
2523 4212 2751 4268 Galilazo
2783 4231 2922 4270 eras.
2969 4213 3041 4268 Et
3091 4214 3368 4285 denegavit
3418 4232 3598 4270 coram

2010 4308 2251 4362 omnibus
2277 4307 2455 4362 dicens
2481 4325 2499 4363 :
2531 4305 2722 4362 Nescio
2748 4307 2876 4378 quid
2920 4307 3078 4364 dicis.
3112 4307 3183 4361 Et
3213 4311 3405 4363 iterum
3441 4310 3600 4363 dene-

2010 4403 2175 4473 gavit,
2205 4417 2313 4455 non
2343 4399 2686 4470 simpliciter,
2725 4400 2820 4456 sed
2851 4416 2970 4454 cum
2990 4400 3321 4471 jurameuto.
3349 4400 3416 4455 Et
3441 4401 3596 4457 tertia

322 4490 368 4546 si
402 4500 527 4561 post
564 4490 830 4562 Spiritum
877 4502 1130 4549 sanctum
1177 4496 1493 4551 scandalum
1543 4498 1690 4568 passi
1739 4499 1907 4555 fuci-E-
1940 4509 1981 4565 υ
2010 4494 2127 4548 vice
2162 4508 2268 4547 non
2310 4493 2489 4549 solum
2538 4507 2661 4547 cum
2691 4493 3028 4562 juramemo,
3061 4494 3155 4549 sed
3201 4509 3326 4549 cum
3367 4495 3600 4550 advoca-

323 4596 448 4637 mus
476 4590 573 4639 aut
593 4584 1069 4655 denegaverimus,
1102 4602 1211 4642 non
1249 4587 1513 4645 habemus
1534 4592 1906 4649 excusationis

323 4673 525 4741 locum,
561 4678 719 4747 quasi
753 4678 1106 4734 scandalizati
1155 4680 1276 4735 sine
1302 4680 1522 4751 .Spiritu
1570 4691 1780 4747 sancto,
1813 4693 1908 4739 aut

323 4766 649 4837 denegantes
706 4768 827 4825 sine
880 4769 1086 4842 Spiritu
1143 4781 1349 4851 sancto.
1412 4772 1481 4828 Et
1540 4773 1617 4829 illi
1684 4775 1905 4846 quidem

323 4857 675 4914 scandalizati
705 4867 835 4914 sunt
865 4862 1025 4931 quasi
1055 4861 1238 4918 adhuc
1260 4862 1621 4919 consistentes
1645 4864 1701 4918 iu
1724 4874 1905 4930 nocte,

323 4946 479 5001 nobis
505 4955 685 5001 autem
703 4947 822 5016 jam
850 4965 955 5003 no.1:
988 4961 1188 5005 remota
1223 4960 1321 5017 est,
1353 4952 1463 5007 dies
1508 4962 1684 5008 autem
1709 4971 1904 5025 appro-

322 5039 590 5111 pinquavit
624 5041 692 5095 ".
726 5038 954 5110 Propter
983 5042 1128 5112 quod
1159 5042 1360 5098 dicitur
1387 5062 1400 5099 :
1428 5042 1578 5099 Sicut
1608 5045 1661 5099 iu
1695 5045 1780 5099 die
1808 5045 1902 5099 ho-

322 5140 460 5187 neste
493 5131 821 5186 ambulemus
848 5132 915 5186 ”.
948 5132 1052 5200 Qui
1083 5142 1263 5188 autem
1295 5135 1522 5192 boneSte
1551 5137 1814 5205 ambulat,
1847 5139 1900 5193 in

322 5219 438 5275 luce
482 5228 595 5287 est,
639 5235 750 5275 non
794 5221 1027 5295 denegat
1069 5221 1383 5292 Christum,
1425 5226 1553 5296 quia
1591 5244 1699 5282 non
1731 5238 1815 5284 est
1846 5230 1901 5285 in

322 5321 496 5369 nocte.
541 5312 733 5370 Adhuc
788 5321 971 5369 autem
1020 5315 1143 5370 ideo
1187 5316 1260 5371 illi
1300 5318 1654 5374 scandalizati
1686 5330 1814 5376 sunt
1847 5323 1901 5377 in

324 5409 497 5471 nocte,
521 5403 663 5459 sicut
697 5402 964 5461 Dominus
991 5404 1108 5477 ipse
1135 5414 1385 5475 testatur,
1413 5411 1669 5478 quoniam
1706 5427 1904 5468 secun-

392 5571 437 5605 “
459 5570 603 5627 Psal.
635 5590 711 5640 LI,
750 5573 838 5628 10.
874 5532 877 5541 Γ

323 5643 474 5715 loau.
516 5659 610 5715 vn,
640 5645 729 5699 59.
809 5645 854 5677 ²¹
880 5645 1042 5702 Rom.
1067 5663 1188 5715 vni,
1216 5649 1298 5702 l4.

324 5714 363 5790 ξξδ
392 5714 580 5790 biatth.
641 5731 790 5790 xxvi,
841 5716 911 5772 '53
953 5726 1007 5774 et
1043 5714 1193 5790 seqq.

326 5787 358 5818 ’τ
394 5787 556 5843 Itom.
583 5800 661 5852 xl,
689 5784 780 5839 εο.

595 5881 872 5945 ΡΑτιιοι.
912 5883 1029 5946 Gn.
1060 5884 1234 5948 XIII.

1406 5648 1452 5681 “
1479 5646 1640 5706 Rom.
1681 5667 1801 5718 xm,
1827 5654 1917 5709 l2.

1274 5720 1317 5751 ³⁷
1367 5736 1448 5789 ιιι,
1496 5720 1552 5776 4.

921 5574 963 5607 ’⁷
995 5572 1142 5630 Psal.
1168 5591 1373 5652 cxxvn,
1407 5577 1514 5652 βλ
1540 5577 1587 5611 ¹⁸
1608 5577 1798 5635 Matth.
1835 5598 1985 5652 xxvi,
2035 5583 2100 5638 5i
2141 5592 2195 5640 et
2222 5598 2281 5640 se

1632 5723 1677 5754 "
1709 5739 1834 5796 cw,
1883 5725 1972 5783 il.

2009 4586 2173 4652 tione,
2202 4587 2327 4657 quia
2358 4585 2532 4640 nescio
2561 4585 2846 4639 hominem.
2877 4583 2980 4640 Per
3016 4585 3123 4642 hoc
3160 4593 3343 4641 autem
3371 4587 3598 4641 instrui-

2006 4694 2149 4744 mur,
2188 4686 2247 4732 ut
2275 4692 2554 4748 nunquam
2601 4677 2718 4732 sine
2753 4675 3190 4733 consideratione
3222 4676 3427 4748 aliquid
3469 4692 3597 4747 prn-

2006 4770 2290 4825 mittamus
2338 4784 2504 4840 super
2548 4768 2926 4824 habitudinem
2975 4779 3222 4825 nostram
3271 4769 3594 4834 humanam,

2006 4862 2167 4933 quasi
2213 4861 2308 4932 qui
2360 4861 2637 4917 valeamus
2679 4860 2884 4918 Christi
2923 4861 3150 4933 implere
3188 4860 3593 4917 confessionem

2012 4969 2078 5009 ex
2110 4954 2290 5019 nobis,
2327 4960 2421 5008 aut
2461 4953 2664 5024 aliquid
2693 4962 3086 5025 praeceptorum
3123 4952 3236 5018 Dei,
3270 4952 3596 5007 admonente

2011 5061 2114 5101 nos
2151 5046 2414 5116 Apostolo
2455 5055 2512 5102 et
2538 5047 2752 5103 dicente
2787 5047 2829 5079 ³¹
2860 5065 2872 5102 :
2907 5045 3037 5102 Noli
3065 5048 3234 5100 altum
3276 5063 3479 5118 sapere,
3505 5047 3594 5100 scd

2013 5137 2156 5191 time.
2190 5136 2461 5194 Debuerat
2496 5139 2662 5202 enim,
2688 5148 2975 5210 postquam
3009 5139 3239 5201 audivit.
3264 5139 3392 5208 quia
3417 5155 3595 5192 omnes

2012 5245 2100 5283 vos
2117 5229 2432 5285 scandalum
2448 5231 2725 5301 patiemini
2742 5232 2797 5285 in
2814 5230 3008 5285 ntehac
3026 5240 3195 5297 nocte,
3214 5238 3269 5284 et
3288 5229 3596 5301 postulasse

2014 5320 2330 5387 Dominum,
2375 5329 2430 5377 et
2471 5322 2721 5379 dixisse:
2764 5321 2832 5377 Et
2882 5322 2929 5378 si
2983 5338 3174 5378 omnes
3238 5320 3593 5378 scaudalizati

2013 5411 2212 5470 fuerint
2242 5415 2297 5470 in
2334 5422 2406 5486 te,
2447 5425 2566 5472 esto
2605 5416 2660 5471 in
2704 5431 2789 5472 me
2808 5457 2822 5484 ,
2852 5424 2915 5472 ut
2945 5431 3051 5471 non
3078 5430 3179 5486 ego
3204 5413 3542 5470 scandalizcr
3574 5431 3588 5467 :

2458 5585 2500 5617 ¹⁹
2533 5583 2703 5640 lCor.
2735 5600 2835 5644 χιι.
2866 5584 2921 5639 5.
2998 5582 3043 5615 ὀ
3070 5579 3260 5636 Matth.
3297 5597 3448 5647 xxvi,
3486 5583 3547 5638 5t
3578 5602 3591 5651 ;

2455 5654 2503 5687 ”
2550 5653 2709 5708 Rom.
2769 5670 2886 5708 vni.
2942 5654 3032 5708 52.
3138 5652 3183 5683 ⁸⁵
3238 5651 3343 5708 lsa.
3398 5670 3476 5708 Ix.
3536 5656 3585 5708 9.-

2598 5670 2709 5710 om.
2769 5670 2886 5719 vni,
2942 5668 3032 5708 ou.
3139 5668 3183 5683 η
3238 5668 3343 5708 tsa.
3398 5670 3476 5721 ix,
3536 5668 3586 5714 ‘z,

2654 5725 2698 5757 “
2726 5724 2914 5780 Matth.
2941 5740 3092 5796 xxvi,
3129 5723 3223 5795 69,
3251 5723 3338 5792 70,
3363 5723 3454 5792 7i,
3500 5724 3588 5781 Ἠ.

3232 5887 3313 5949 55

2025 5599 2378 5720 ﬁliifilii

2050 5723 2277 5781 "Joan.
2334 5741 2444 5794 xiv,
2496 5724 2549 5781 6.
