4052 6304
588 353 729 412 i739

1787 351 2110 408 ORICENIS
2151 351 2217 405 IN
2260 350 2675 408 MATTIIJEUM

3762 353 3873 411 l7l0

585 482 640 527 et
670 472 812 527 dona
839 470 971 526 mihi
1001 471 1268 541 pratcipne
1296 470 1525 539 gratiam
1556 470 1719 535 hanc,
1750 480 1809 526 ut
1837 472 1889 525 in
1927 480 2169 540 tempore
2196 474 2239 529 Α
2266 480 2317 525 et
2354 487 2514 523 unum
2553 468 2687 523 Elia:
2709 470 2734 521 .9
2762 470 2995 523 nesciens
3027 469 3153 539 quid
3183 471 3556 540 loqueretur,
3582 468 3732 525 sicut
3753 470 3877 527 Scri-

584 578 710 616 cunt
756 576 947 616 omnes
981 561 1231 630 discipuli
1280 562 1355 616 lui
1405 560 1608 616 fuerint
1648 563 1965 618 scandalum
1992 563 2162 632 passi,

581 669 683 724 ego
708 654 760 708 in
790 653 1197 723 denegationem
1232 669 1338 707 non
1379 654 1569 709 cadam
1600 670 1698 710 nec
1720 655 1790 710 ab
1823 655 1979 709 initio
2008 670 2168 709 scan-

582 746 802 800 dalizer.
843 744 897 798 Si
932 760 1056 799 eum
1089 746 1435 813 postulasset,
1479 744 1730 812 forsitan,
1765 746 1962 802 amotis
1994 746 2063 801 ab
2097 762 2164 802 eo

582 835 794 889 ancillis
822 835 1146 905 canet-isque
1193 836 1462 891 ministris
1482 878 1496 901 ,
1544 851 1651 891 non
1683 838 2025 909 denegasset.
2054 836 2165 892 Nec

581 925 725 978 enim
759 933 970 992 poterat
1002 925 1115 979 fieri
1147 934 1238 991 ιιι,
1275 925 1414 981 facta
1461 928 1917 998 interrogatione,
1952 927 2164 997 potuis-

581 1021 664 1067 set
691 1012 873 1067 dicere
908 1011 1199 1066 Dominum
1231 1011 1417 1068 Iesum
1469 1013 1522 1067 in
1575 1012 1779 1083 Spiritu
1821 1022 2032 1079 sancto,
2068 1020 2164 1067 aut

579 1104 868 1161 confessus
915 1104 1127 1169 fuisset,
1175 1122 1299 1159 cum
1345 1104 1582 1176 Spiritus
1634 1113 1858 1160 sanctus
1917 1104 2160 1159 nondum

581 1197 774 1253 fuisset
801 1197 982 1253 datus.
1015 1198 1236 1264 Quaeres
1266 1211 1469 1254 autem.
1493 1199 1536 1254 si
1574 1197 1834 1269 possibile
1863 1205 1981 1253 erat
2002 1205 2063 1252 ut
2094 1211 2162 1252 ne

579 1292 1043 1347 scandalizaretur
1088 1293 1254 1347 semel
1292 1292 1571 1347 Salvatore
1603 1292 1839 1356 dicente,
1869 1291 1996 1362 quia
2043 1307 2160 1344 om-

578 1401 669 1438 nes
704 1400 792 1437 vos
827 1383 1141 1438 scandalum
1165 1385 1443 1456 patiemini
1471 1386 1524 1441 in
1560 1401 1662 1441 me.
1702 1384 1784 1438 Ad
1813 1399 1976 1453 quam
2005 1399 2158 1453 qua:-

577 1479 809 1534 stionem
853 1479 1049 1549 aliquis
1086 1477 1435 1547 respondebit
1471 1476 1732 1546 quoniam
1785 1490 2008 1532 necesse
2040 1481 2161 1529 erat

575 1570 736 1641 901
779 1586 874 1625 ore
910 1571 1201 1626 verissimo
1239 1569 1586 1640 przedicente,
1635 1569 1766 1639 quia
1822 1583 2014 1624 omnes
2058 1581 2158 1623 vos

576 1662 1106 1726 scandalizabimini,
1136 1662 1252 1717 fieri
1278 1661 1423 1732 quod
1445 1660 1761 1731 praedictum
1779 1667 1895 1713 erat
1916 1658 1984 1713 ab
2002 1656 2153 1713 Jesu.

577 1754 733 1809 Alias
758 1762 938 1808 autem
982 1752 1161 1808 dicet:
1197 1754 1456 1823 quoniam
1488 1752 1581 1822 qui
1607 1758 1867 1806 exoratus
1898 1765 1927 1803 a
1949 1748 2157 1804 Ninivi-

580 1847 671 1912 tis,
698 1860 819 1916 quae
862 1845 1187 1914 praedixerat
1230 1860 1327 1915 per
1374 1843 1566 1899 Jonam
1600 1859 1709 1898 non
1761 1841 1888 1897 fecit
1935 1849 2156 1912 propter

578 1937 952 2008 paenitentiam
982 1934 1373 2002 Ninivitarum,
1411 1936 1492 1991 sic
1529 1935 1787 2005 possibile
1829 1933 1931 1987 fuit
1971 1941 2031 1988 ut
2070 1949 2156 1989 re-

577 2030 804 2100 pelleret
833 2028 995 2083 etiam
1023 2042 1053 2081 a
1086 2025 1247 2081 Petro
1277 2026 1595 2081 scandalum
1620 2025 1971 2095 deprecante.
1998 2020 2158 2077 Nunc

578 2130 760 2175 autem
821 2116 1112 2187 promissio
1154 2116 1275 2186 ejus
1340 2117 1521 2171 audax
1573 2131 1638 2171 ex
1696 2114 1891 2170 eﬂectu
1930 2114 2153 2184 quidem

577 2219 851 2281 prompto,
881 2224 988 2264 non
1021 2222 1199 2264 tamen
1224 2209 1500 2279 prudenti,
1534 2207 1676 2263 facta
1699 2215 1787 2262 est
1810 2207 1862 2263 ei
1893 2222 2061 2262 causa
2096 2215 2157 2261 ut

575 2320 683 2358 non
709 2304 885 2359 solum
917 2302 1406 2367 scandalizaretur,
1432 2312 1620 2357 verum
1667 2300 1832 2355 etiam
1883 2310 1965 2355 ter
1990 2299 2158 2354 dene-

573 2403 742 2464 garet.
778 2392 1000 2459 Quaeres
1033 2393 1235 2456 adhuc,
1290 2392 1336 2447 si
1373 2401 1662 2462 postquam
1720 2391 1933 2446 audivit
1966 2389 2154 2446 Jesum

574 2488 843 2542 dicentem
878 2501 892 2539 :
927 2486 1095 2539 Amen
1119 2483 1238 2538 dico
1273 2484 1388 2547 tibi,
1420 2484 1730 2553 priusquam
1771 2482 1947 2553 gallus
1978 2492 2153 2536 cantet

574 2580 629 2632 in
657 2579 754 2632 hac
789 2587 957 2643 nocte,
978 2588 1057 2632 ter
1086 2594 1170 2631 me
1191 2577 1403 2648 negabis
1438 2576 1482 2607 ²¹
1503 2615 1517 2639 ,
1547 2589 1656 2629 non
1696 2574 1995 2629 addidisset
2031 2592 2044 2629 :
2093 2572 2154 2628 Si

576 2671 737 2740 fuerit
765 2671 893 2724 mihi
922 2671 1056 2723 mori
1088 2679 1280 2735 tecum,
1308 2684 1410 2722 non
1444 2677 1492 2721 te
1520 2666 1716 2737 negabo
1745 2666 1827 2733 ³³;
1854 2665 1948 2722 sed
1970 2666 2156 2736 depre-

575 2772 729 2820 catus
763 2762 954 2818 fuisset
978 2771 1038 2817 ιιι
1068 2761 1420 2831 repelleretur
1442 2760 1512 2815 ab
1533 2775 1598 2816 eo
1625 2758 1954 2829 praecognita
1982 2757 2154 2828 ipsius

574 2855 881 2924 denegatio,
915 2854 962 2909 si
994 2851 1133 2909 forte
1164 2868 1273 2910 non
1296 2852 1639 2922 denegasset.
1679 2850 1745 2904 Et
1786 2851 1987 2921 aliquis
2031 2851 2155 2921 qui-

573 2948 694 3001 dem
726 2946 859 3002 dicit
901 2946 1160 3016 qnnuiam
1205 2946 1388 3000 locum
1428 2944 1648 3014 quidem
1696 2943 1929 3000 habebat
1961 2943 2155 3012 depre-

576 3040 717 3092 catio
743 3037 887 3092 Petri
912 3079 928 3100 ,
960 3052 1084 3093 cum
1120 3036 1352 3092 dixisset
1389 3055 1404 3091 :
1450 3035 1646 3091 Omnes
1697 3051 1786 3091 vos
1837 3033 2154 3089 scandalum

574 3130 849 3198 patiemini
891 3130 943 3183 in
985 3146 1066 3183 me
1090 3128 1157 3192 ",
1188 3126 1454 3182 auxilium
1493 3126 1738 3196 accipere
1776 3134 1837 3181 ut
1876 3140 1946 3181 ne
1991 3139 2153 3181 scan-

576 3220 925 3274 dulizaretur.
964 3216 1073 3274 Nec
1097 3220 1242 3273 enim
1281 3234 1406 3276 cum
1438 3233 1591 3272 amen
1633 3217 1904 3287 prolatum
1952 3215 2147 3279 fuerat,

575 3308 780 3362 dictum
812 3316 895 3362 est
924 3322 937 3359 :
977 3308 1169 3381 Omnes
1195 3324 1282 3361 vos
1312 3307 1630 3362 scandalum
1659 3307 1962 3377 patiemini.
1991 3304 2152 3362 Post-

574 3412 738 3467 quam
762 3407 942 3451 autem
969 3412 1092 3451 cum
1119 3397 1477 3453 allirmatione
1503 3396 1804 3468 juramenti
1831 3397 2151 3468 pronuntia-

577 3492 673 3556 vit,
708 3505 815 3543 non
854 3500 971 3546 erat
1000 3490 1256 3560 possibile
1286 3499 1345 3545 ut
1380 3505 1488 3545 non
1518 3490 1827 3561 denegaret.
1890 3489 1946 3544 Si
2000 3489 2148 3544 enim

575 3581 937 3651 juramentum
971 3591 1089 3634 erat
1118 3577 1319 3634 Christi
1357 3596 1531 3646 cmest,
1560 3578 1820 3635 mentitus
1843 3577 2039 3635 fuisset
2066 3580 2151 3634 di-

577 3689 702 3728 cens
737 3688 751 3725 :
806 3671 969 3725 Amen
1012 3672 1128 3726 dico
1181 3671 1296 3733 tibi,
1349 3671 1396 3727 si
1430 3685 1616 3725 verum
1663 3670 1894 3726 dixisset
1934 3670 2147 3736 Petrus,

581 3764 704 3833 quia
753 3781 857 3820 non
893 3774 941 3819 te
978 3759 1194 3832 negabo.
1247 3760 1515 3816 Videntur
1564 3769 1747 3815 autem
1791 3762 1924 3817 mihi
1966 3763 2150 3818 caeteri

573 3855 824 3924 discipuli
858 3854 986 3909 Jesu
1010 3870 1132 3908 cum
1159 3863 1450 3923 prospectu
1487 3862 1543 3909 et
1567 3854 1831 3925 cogitatu,
1860 3855 2005 3924 quod
2037 3855 2149 3924 pri-

576 3963 724 4001 tnum
763 3947 980 4015 quidem
1011 3945 1187 4000 fuerat
1217 3944 1420 4000 dictum
1455 3961 1468 3998 :
1500 3944 1690 4000 Omnes
1715 3962 1801 4000 vos
1834 3946 2148 4001 scandalum

573 4039 849 4104 patiemini
871 4038 969 4091 Itac
991 4046 1159 4102 nocte,
1199 4037 1335 4090 nihil
1369 4037 1608 4101 dixisse,
1645 4053 1822 4106 neque
1870 4037 2147 4108 professos

572 4131 742 4183 fuisse
796 4129 951 4199 quasi
1001 4145 1109 4184 non
1154 4138 1337 4184 essent
1396 4128 1844 4184 scandalizandi:
1893 4129 2149 4185 videbant

573 4222 717 4275 enim
744 4236 987 4274 veracem
1014 4236 1136 4276 esse
1172 4218 1354 4275 Jesum
1382 4221 1495 4274 haec
1518 4222 1916 4291 prtedicentem.
1946 4221 2024 4276 Ad
2045 4223 2148 4278 hoc

573 4327 754 4366 autem
788 4312 933 4381 quod
965 4313 1066 4366 soli
1093 4311 1298 4366 dictum
1324 4322 1407 4366 est
1445 4311 1607 4367 Petro
1639 4330 1653 4367 :
1684 4314 1849 4368 Amen
1875 4313 1995 4369 dico
2027 4314 2145 4378 tibi,

570 4413 849 4472 antequam
878 4403 1052 4474 gallus
1087 4411 1292 4469 cantet,
1328 4412 1403 4456 ter
1451 4419 1529 4456 tne
1575 4403 1828 4473 negabis;
1879 4405 2143 4474 promise-

2269 568 2429 629 ptura
2476 560 2520 589 ³⁸
2563 567 2792 613 testatur
2828 558 2895 613 de
2926 573 3012 623 eo,
3050 559 3130 612 sic
3172 568 3225 613 et
3284 559 3391 613 hic
3449 559 3719 615 nesciens
3764 565 3872 631 quid

2268 649 2604 717 loqueretur,
2637 649 2811 702 dixit:
2854 646 2914 702 Si
2958 648 3119 717 fuerit
3174 650 3323 702 mori
3378 650 3528 702 mihi
3570 658 3762 716 tecum,
3794 669 3873 706 non

2268 751 2316 795 te
2344 739 2560 810 negabo.
2593 738 2730 793 Cum
2757 738 2885 794 Jesu
2916 742 3063 794 enim
3097 742 3234 795 mori
3282 756 3400 811 pro
3439 742 3621 796 nobis
3647 744 3872 801 omnibus

2267 834 2531 887 moriente
2554 840 2613 887 ut
2647 847 2747 888 nos
2787 833 3058 897 vivamus,
3091 833 3398 888 hominum
3443 849 3565 888 non
3602 846 3741 898 erat,
3762 854 3868 907 quo-

2265 925 2412 980 niam
2450 940 2642 980 omnes
2668 924 2887 979 fuerant
2908 925 2963 978 in
2997 926 3260 995 peccatis,
3290 936 3354 980 et
3386 941 3608 983 omnes
3633 943 3768 996 opus
3786 928 3864 982 ba-

2265 1017 2465 1072 bcbant
2514 1026 2573 1071 ut
2625 1032 2725 1086 pro
2755 1016 2834 1071 eis
2882 1016 3025 1071 alius
3069 1027 3427 1085 moreretur,
3477 1033 3597 1071 non
3659 1018 3758 1088 ipsi
3787 1035 3868 1089 pro

2262 1110 2408 1166 aliis.

2333 1201 2420 1256 89.
2464 1200 2608 1255 Tunc
2654 1201 2788 1255 venit
2827 1199 2983 1255 Iesus
3010 1216 3131 1254 cum
3174 1201 3295 1255 illis
3331 1201 3399 1256 in
3430 1202 3710 1270 pradium
3749 1206 3862 1275 quod

2261 1293 2461 1361 dicitur
2488 1290 2821 1347 Cethsetnani
2850 1291 2914 1346 “.
2975 1290 3179 1347 Scienti
3233 1290 3672 1349 Hebraicorum
3714 1297 3860 1349 nomi-

2262 1398 2393 1435 num
2430 1380 2960 1450 interpretationem,
3003 1380 3171 1435 etiam
3214 1396 3447 1435 nomen
3493 1382 3670 1452 hujus
3700 1385 3855 1453 praedii

2258 1474 2407 1544 quod
2441 1483 2637 1529 vocant
2671 1473 3026 1530 Gethsemani
3077 1474 3313 1544 prodest
3356 1474 3435 1530 ad
3478 1474 3850 1533 manifestatio-

2261 1583 2384 1622 nem
2412 1567 2514 1622 loci
2546 1567 2735 1631 istius,
2768 1566 3030 1636 quoniam
3071 1580 3179 1619 non
3231 1566 3374 1622 sine
3423 1583 3608 1622 causa
3642 1570 3849 1637 positum

2259 1669 2343 1715 est
2372 1659 2514 1729 apud
2541 1659 2856 1713 Matthaeum
2872 1670 2926 1714 et
2952 1658 3194 1713 Marcum
3218 1659 3406 1714 etiam
3435 1661 3632 1729 praedii
3660 1676 3843 1718 nomen.

2261 1748 2372 1804 Nos
2406 1758 2613 1814 autem,
2646 1749 3124 1819 prastat-mittentes
3147 1748 3288 1803 illud
3310 1790 3328 1813 ,
3365 1750 3484 1805 hoc
3513 1750 3696 1805 solum
3742 1766 3846 1821 sago

2187 1821 2229 1875 Β
2258 1842 2499 1913 gerimus
2546 1842 2823 1911 quomodo
2877 1839 3037 1896 Jesus
3086 1855 3212 1895 cum
3246 1841 3569 1912 discipulis
3609 1843 3744 1897 venit
3789 1844 3841 1897 ad

2259 1934 2521 2004 praedium
2550 1934 2655 1989 hoc
2688 1934 2833 2004 quod
2879 1943 3109 1991 vocatur
3135 1934 3519 1991 Gethscmani
3543 1976 3561 2002 ,
3603 1936 3842 2004 accipiens

2256 2038 2352 2079 eos
2382 2039 2448 2077 ex
2480 2025 2600 2079 loco
2624 2025 2737 2090 illo,
2763 2025 2817 2079 in
2848 2041 2959 2096 quo
2982 2026 3182 2097 pascha
3204 2042 3346 2081 cum
3378 2028 3468 2083 eis
3496 2026 3833 2082 manducavit.
3894 2052 3901 2058 ι

2255 2111 2365 2168 Nec
2398 2112 2542 2167 enim
2580 2114 2937 2169 conveniebat
2964 2130 3087 2170 cum
3117 2118 3494 2185 proderetur,
3529 2117 3713 2170 abillo
3735 2115 3833 2183 capi

2257 2203 2379 2259 loco
2407 2205 2497 2259 ubi
2529 2221 2653 2261 cum
2680 2206 2965 2277 discipulis
2995 2208 3448 2263 manducaverat
3481 2208 3701 2279 pascha.
3715 2205 3831 2260 Coa-

2256 2298 2510 2354 veniebat
2546 2311 2728 2353 autem
2752 2308 2808 2353 et
2837 2299 3155 2370 priusquam
3187 2301 3544 2371 proderetur
3567 2339 3584 2365 ,
3608 2312 3768 2364 orare,
3789 2306 3831 2352 et

2256 2392 2451 2447 orandi
2490 2392 2689 2461 eligere
2714 2391 2896 2447 locum
2925 2391 3191 2447 mundum
3228 2392 3306 2448 ad
3341 2391 3678 2447 orationem.
3699 2387 3824 2443 Scie-

2254 2484 2348 2539 bat
2385 2485 2529 2538 enizu
2560 2487 2816 2553 quoniam
2867 2484 3012 2540 sicut
3053 2484 3239 2540 dillert
3280 2500 3386 2539 aer
3423 2485 3497 2540 ab
3535 2498 3659 2538 aere
3692 2496 3822 2535 mutt-

2254 2576 2428 2642 diore,
2463 2576 2543 2630 sic
2571 2584 2713 2630 terra
2758 2577 2931 2631 sancti
2962 2577 3068 2631 loci
3101 2585 3155 2631 et
3184 2576 3528 2640 sanctioris,
3554 2575 3691 2630 sicut
3709 2571 3819 2627 scri-

2251 2675 2405 2739 ptum
2435 2676 2519 2722 est
2542 2667 2584 2698 ⁸⁷
2612 2685 2625 2721 :
2664 2666 2833 2721 Locus
2882 2669 2937 2721 in
2956 2683 3056 2738 quo
3093 2677 3148 2721 tu
3178 2678 3330 2731 stas,
3371 2679 3523 2722 terra
3555 2676 3724 2721 sancta
3739 2673 3818 2717 est.

2254 2750 2321 2814 Et
2347 2774 2557 2831 qumras
2584 2759 2628 2813 si
2660 2767 2854 2829 praeter
2881 2758 3132 2814 alIcctum
3158 2760 3408 2826 orantis,
3444 2760 3611 2815 etiam
3648 2774 3706 2812 ex
3726 2756 3816 2810 loco

2253 2852 2517 2908 orationis
2563 2851 2616 2905 in
2667 2866 2777 2922 quo
2819 2851 2944 2920 quis
2983 2859 3123 2917 orat,
3155 2851 3214 2905 fit
3271 2854 3465 2909 oratio
3501 2849 3741 2905 mundior
3776 2852 3815 2898 et

2254 2943 2662 3014 acceptabilior,
2691 2943 2991 2996 secundum
3022 2943 3168 3011 quod
3193 2944 3477 3013 scriptum
3508 2951 3588 2997 est
3623 2941 3663 2972 ³⁸
3690 2957 3705 2993 :
3728 2938 3811 2991 De-

2254 3050 2372 3088 mus
2420 3049 2557 3099 mea,
2614 3034 2800 3087 domus
2858 3033 3118 3086 orationis
3175 3032 3488 3088 vocabitur.
3527 3029 3613 3094 De
3643 3042 3739 3100 qua
3773 3034 3813 3079 et

2256 3126 2384 3180 alibi
2421 3126 2464 3159 ³³
2493 3126 2693 3181 dicitur
2728 3142 2742 3177 :
2792 3123 2861 3178 Et
2885 3123 3154 3179 exaudivit
3182 3125 3252 3178 de
3294 3123 3496 3195 templo
3522 3132 3696 3175 sancto
3739 3130 3812 3171 suo

2255 3233 2430 3272 vocem
2479 3235 2669 3272 meam.
2721 3217 2787 3272 Et
2820 3218 2907 3272 vir
2942 3218 3160 3289 quidem
3184 3215 3464 3274 Iudaicus
3511 3229 3610 3270 nec
3632 3210 3811 3266 dubitat

2254 3306 2322 3364 de
2354 3307 2667 3377 bujusmodi
2691 3322 2707 3360 :
2735 3308 2829 3377 qui
2859 3318 3041 3362 autem
3067 3317 3292 3379 propter
3316 3307 3529 3364 Christi
3544 3298 3805 3361 doctrinam

2254 3399 2483 3453 receSsit
2511 3413 2542 3454 a
2566 3397 2809 3453 Judaieis
2828 3397 3028 3453 fabulis
3059 3408 3114 3453 et
3142 3398 3211 3453 ab
3237 3398 3514 3453 omnibus
3557 3409 3671 3465 qua!
3714 3404 3807 3444 cor-

2250 3491 2517 3564 poraliter
2538 3492 2607 3545 ab
2631 3492 2713 3546 eis
2742 3491 3143 3562 intelliguntur,
3170 3491 3314 3546 dicit
3349 3506 3462 3545 non
3504 3494 3706 3559 propter
3740 3481 3805 3534 lo-

2253 3598 2377 3638 cum
2402 3581 2518 3637 fieri
2545 3582 2849 3638 orationem
2877 3582 3170 3638 distantem
3195 3582 3272 3638 ab
3299 3582 3573 3645 oratione,
3602 3577 3686 3632 sed
3706 3573 3803 3642 qui!

2253 3674 2449 3729 melius
2477 3681 2562 3729 est
2582 3689 2709 3729 cum
2742 3674 2892 3729 nullo
2922 3688 3079 3729 orare
3107 3689 3278 3743 quam
3316 3689 3446 3730 eum
3475 3671 3628 3727 malis
3653 3679 3796 3720 orare.

2251 3764 2334 3818 Ad
2355 3764 2876 3820 demonstrationem
2902 3773 3083 3819 autem
3117 3765 3445 3823 traditionis
3478 3762 3629 3818 istius
3656 3765 3801 3812 utetur

2252 3860 2526 3927 exemplo,
2565 3857 2711 3926 quod
2747 3855 2906 3911 Jesus
2937 3857 2991 3910 in
3020 3858 3183 3912 domo
3215 3856 3359 3913 Jairi
3382 3853 3667 3913 sacerdotis
3700 3861 3799 3901 ota-

2251 3959 2411 4004 turus
2441 3965 2539 4019 pro
2566 3958 2780 4005 mortua
2815 3951 2922 4004 lilia
2947 3951 3087 4019 ejus,
3122 3966 3322 4006 omnes
3372 3948 3534 4019 cjecit
3566 3944 3697 3999 foras
3721 3979 3734 4004 ,
3757 3945 3795 3987 cl

2257 4048 2368 4093 tres
2399 4048 2608 4093 tantum
2645 4039 2806 4111 elegit
2835 4055 3044 4106 secum,
3065 4041 3156 4109 qui
3178 4049 3233 4094 et
3258 4055 3435 4110 super
3459 4045 3676 4092 montem
3692 4021 3793 4081 facti

2253 4130 2470 4185 fuerant
2506 4141 2672 4187 testes
2716 4132 3212 4202 transﬁgurationis
3243 4134 3446 4204 ipsius.
3485 4129 3692 4196 PrOpter
3715 4119 3792 4170 huc

2250 4225 2394 4279 enim
2428 4233 2483 4279 ct
2508 4225 2561 4279 in
2584 4223 2845 4281 Ecclesiis
2870 4224 3075 4280 Christi
3104 4225 3456 4282 consuetudo
3487 4218 3647 4277 tenuit
3674 4209 3786 4267 talis.

2252 4326 2309 4370 ut
2348 4316 2442 4385 qui
2476 4315 2751 4371 manifesti
2780 4324 2911 4370 sunt
2942 4315 2996 4369 in
3024 4317 3236 4387 magnis
3261 4313 3483 4374 delictis
3507 4356 3522 4380 ,
3548 4306 3788 4380 ejicianlul'

2250 4407 2318 4461 ab
2342 4407 2587 4462 oratione
2621 4407 2921 4473 communi,
2955 4423 3021 4461 ne
3053 4409 3334 4463 modicum
3364 4408 3673 4463 fermentum
3700 4402 3781 4444 non

570 4503 691 4547 runt
722 4492 976 4547 similiter
1008 4500 1063 4546 et
1094 4489 1256 4544 Petro
1289 4508 1303 4546 :
1337 4489 1401 4544 Et
1437 4492 1482 4545 si
1519 4490 1862 4547 fueritnobis
1898 4493 2035 4548 mori
2070 4503 2144 4549 te—
2180 4497 2219 4552 D
2249 4511 2316 4551 ex
2352 4498 2516 4551 corde
2554 4497 2758 4551 mundo
2787 4497 3061 4551 orantium
3097 4507 3265 4553 totatn
3313 4494 3535 4552 unitatis
3573 4496 3784 4551 consl’e"

569 4600 715 4648 cum,
751 4599 856 4637 non
885 4592 937 4638 te
966 4582 1309 4653 ncgabimus.
1340 4582 1496 4648 Quod
1530 4582 1724 4639 Petrus
1767 4584 1982 4653 quidem
2036 4600 2144 4639 non

571 4673 953 4727 convenienter
997 4671 1132 4726 facit
1170 4679 1292 4741 post
1342 4671 1544 4725 Christi
1590 4671 1931 4742 prophetiam
1965 4674 2032 4728 de
2079 4690 2146 4729 eo

571 4773 832 4834 negaturo
858 4774 937 4817 ter
962 4773 1088 4819 ante
1113 4763 1236 4834 galli
1270 4774 1512 4817 cantum.
1540 4762 1733 4819 Caeteri
1762 4775 1965 4829 autem,
1987 4767 2143 4837 quasi

567 4854 660 4918 qui
688 4867 794 4904 non
827 4862 983 4905 erant
1029 4852 1411 4922 comprehensi
1460 4852 1513 4904 in
1571 4852 1660 4907 illa
1694 4855 1995 4922 prophetia,
2048 4870 2146 4910 nec

570 4942 894 4995 tenebantur
940 4944 993 4997 in
1039 4944 1149 4998 illis
1195 4960 1317 5014 quae
1354 4945 1418 4998 ad
1456 4943 1672 4998 Petrum
1712 4942 1923 5000 fuerant
1957 4946 2100 5000 dicta
2126 4987 2141 5013 ,

570 5033 970 5104 responderunt
1028 5036 1424 5105 promittentes,
1494 5052 1601 5090 non
1682 5039 2144 5107 promissionibus

568 5125 684 5180 suis
736 5123 1050 5178 mendacem
1086 5123 1376 5179 Dominum
1417 5124 1595 5181 facere
1633 5127 1950 5197 cupientes,
2002 5127 2145 5181 sicut

572 5215 748 5270 facere
778 5212 949 5270 voluit
976 5212 1189 5270 Petrus.
1225 5213 1378 5270 Sicut
1408 5217 1553 5270 enim
1581 5232 1705 5272 cum
1729 5217 2143 5285 transﬁguratus

568 5305 761 5361 fuisset
801 5305 852 5359 in
889 5314 1072 5361 monte
1115 5307 1366 5372 excelso,
1418 5291 1805 5377 apparentibus
1862 5294 1915 5360 in
1971 5308 2141 5377 gloria

569 5399 732 5453 simul
764 5397 1035 5453 curulesu
1071 5398 1255 5472 Moyse
1306 5413 1360 5453 et
1401 5399 1512 5454 Elia
1540 5442 1554 5465 ,
1592 5402 1727 5454 dixit
1764 5420 1775 5455 :
1843 5398 1933 5454 Vis
1974 5400 2146 5468 [aria-

569 5505 682 5543 nms
704 5489 787 5544 hic
817 5492 920 5544 tria
951 5490 1308 5554 tabernacula,
1338 5509 1497 5544 unum
1531 5494 1642 5557 tibi,
1674 5502 1723 5546 et
1750 5509 1909 5546 unum
1945 5490 2141 5561 Moysi,

2249 4591 2457 4646 sionem
2503 4599 2885 4646 etcousensus
2933 4604 3268 4661 corrumpat.
3308 4590 3481 4646 [labet
3536 4592 3697 4639 autem
3740 4578 3779 4623 οι

2251 4682 2339 4735 hic
2364 4697 2579 4749 sensus,
2617 4682 2759 4752 quod
2782 4682 2929 4751 juste
2953 4682 3249 4752 objiciatur
3284 4685 3368 4739 his
3405 4679 3497 4751 qui
3544 4688 3642 4730 nou
3670 4676 3779 4735 (μηδ’

2249 4774 2413 4829 modo
2443 4773 2640 4829 debent
2661 4776 2744 4829 sic
2779 4775 3121 4847 intelligunt,
3163 4776 3491 4847 accipientes
3542 4767 3616 4820 sic
3652 4766 3777 4813 occa'

2249 4859 2459 4913 sionem
2494 4870 2553 4914 ut
2609 4861 2794 4916 dicant
2854 4863 3106 4933 proximo
3131 4880 3233 4919 suo
3267 4884 3278 4919 :
3310 4861 3385 4917 Ne
3425 4850 3775 4929 appropiml“5

2250 4949 2405 5015 mihi,
2443 4949 2570 5020 quia
2607 4952 2846 5008 mundus
2884 4970 3028 5008 sum.
3062 4954 3216 5021 Quod
3249 4955 3377 5010 fecit
3421 4959 3472 5004 ct
3512 4937 3774 5000 Pharisaatls

2248 5046 2314 5095 ad
2351 5042 2700 5111 publicanum
2731 5044 2888 5116 longe
2922 5058 3191 5112 orantem,
3214 5057 3268 5101 et
3289 5055 3477 5117 pectus
3507 5045 3649 5093 suum
3676 5035 3774 5095 μετ’

2248 5133 2541 5187 cutientem
2570 5174 2584 5201 ,
2630 5145 2682 5189 et
2720 5136 3035 5192 diecntetn:
3099 5138 3339 5201 Domine,
3388 5126 3631 5205 propitius
3682 5119 3771 5205 c510

2250 5225 2376 5277 mihi
2405 5227 2668 5295 peccatori
2699 5228 2765 5280 δ’.
2803 5227 3113 5284 Mensurate
3140 5244 3269 5301 ergo
3304 5227 3476 5283 facere
3506 5220 3600 5273 hoc
3634 5203 3766 5301 deiter

2246 5327 2392 5379 mus,
2418 5322 2475 5368 ut
2508 5329 2608 5369 nec
2637 5330 2762 5370 cum
2793 5315 3031 5388 indignis
3060 5299 3281 5373 oremus
3304 5324 3518 5386 prepzer
3546 5299 3764 5388 Ιιοιιοιΐξη

2246 5404 2539 5471 orationis,
2592 5409 2891 5461 secundum
2924 5386 3073 5462 eum
3110 5409 3205 5479 qui
3243 5406 3377 5463 dixit
3403 5402 3443 5433 “
3474 5418 3485 5448 :
3527 5389 3579 5445 Si
3604 5386 3693 5437 duo
3718 5387 3760 5425 ιιι

2246 5496 2393 5550 vobis
2432 5500 2763 5552 convenerint
2806 5500 2858 5552 in
2888 5499 3144 5570 idipsum,
3173 5502 3236 5556 de
3267 5494 3405 5554 omni
3440 5505 3490 5544 re
3516 5481 3756 5555 ᾳιιαηιτυ·

635 5694 689 5779 ’ξ
709 5694 896 5779 Matth.
936 5701 1195 5779 λλιινιηξιξ.
1274 5702 1323 5740 ³³
1354 5702 1509 5779 ibit},
1534 5703 1671 5779 δῇ.-
1702 5705 1755 5779 ³⁸>
1776 5705 1931 5768 ihi.l.,
1966 5705 2056 5779 3i.
2134 5706 2152 5737 '

2255 5704 2425 5761 htth.
2454 5724 2588 5772 mi,
2637 5708 2856 5775 “Luc.
2906 5727 2996 5779 ix,
3060 5713 3152 5768 '53.
3230 5712 3274 5746 ιο
3304 5703 3476 5764 nam],
3513 5703 3638 5751 ιιινι,
3675 5673 3747 5733 35-

567 5763 609 5795 ³⁷
651 5764 818 5818 Exod.
853 5782 932 5831 tu,
1073 5763 1129 5802 "9
1157 5771 1255 5825 lsa.
1289 5786 1394 5837 Lvt,
1440 5763 1507 5826 7.’
1567 5775 1612 5806 ³⁸
1638 5774 1780 5830 Psal.
1816 5763 1947 5839 χιιι,
1993 5778 2037 5844 7.

2151 5777 2197 5809 ⁴⁰
2230 5775 2363 5833 Luc.
2398 5794 2552 5847 xvttt,
2596 5780 2681 5834 15.

2786 5782 2831 5814 ³⁸
2864 5781 3055 5838 Matth.
3091 5800 3207 5853 xta,
3234 5784 3318 5838 l9.
