4052 6304
412 347 544 412 illi

1567 348 2217 408 COMMENTARIORUM
2261 349 2521 408 SERIES.

3518 363 3538 416 Ι
3551 363 3654 417 743

410 487 510 544 que
539 466 801 540 petierint,
838 467 926 536 [iet
957 466 1051 520 eis.
1080 463 1190 521 Nec
1213 463 1496 522 inferiores
1530 483 1852 538 spernamus
1877 485 1976 524 nos
2007 473 2053 528 Α
2081 477 2188 532 tur,
2215 479 2472 539 tanquam
2508 467 2554 524 si
2583 465 2728 522 dicat
2761 483 2774 520 :
2811 467 3053 527 Tristitia
3099 481 3274 542 empta
3314 483 3398 530 est
3441 475 3494 530 in
3545 493 3650 541 me,

411 567 784 633 praeponentes
816 565 1034 627 propter
1070 557 1346 626 iactantiae
1384 572 1636 623 causam,
1683 560 1980 614 secundum

411 667 534 706 eum
565 651 655 720 qui
683 649 812 704 dixit
846 650 892 681 δ’
918 664 930 700 ;
963 647 1068 713 Qui
1092 663 1145 702 se
1174 649 1400 712 exultat,
1430 651 1821 706 Immiliabitur.
1857 652 1981 708 ch

410 753 590 798 autem
639 740 992 796 tractavimus
1035 753 1316 812 pr0pterea
1362 741 1506 811 quod
1539 743 1742 797 dictum
1779 753 1860 799 est
1891 745 1977 800 υτ

410 833 594 888 Sedete
623 832 730 890 hic.
765 832 927 884 donec
950 847 1008 884 eo
1046 832 1173 886 illuc
1203 850 1378 887 orare.

475 925 564 979 90.
610 925 879 993 Accipiens
912 939 1084 979 autem
1123 925 1359 990 Petrum,
1394 936 1444 980 et
1487 928 1620 980 duos
1651 926 1788 994 ﬁlios
1814 925 1978 980 Zebe-

407 1016 534 1074 dati.
562 1017 713 1084 coepit
744 1019 950 1072 tristari
974 1027 1022 1071 et
1049 1018 1260 1070 trcdiari
1282 1018 1348 1070 “.
1383 1017 1474 1072 Vel
1507 1019 1650 1074 sicut
1677 1017 1896 1073 Marcus
1930 1016 1974 1050 "

404 1109 645 1177 exponit,
680 1109 832 1177 erepit
863 1123 1054 1178 pavere
1092 1118 1138 1162 et
1175 1108 1405 1162 twdiari.
1443 1107 1552 1165 llos
1598 1110 1745 1179 ipsos
1794 1116 1976 1162 autem

404 1200 704 1267 discipulos
748 1200 1066 1268 assumpsit,
1102 1209 1156 1253 et
1189 1215 1350 1268 super
1373 1198 1536 1270 902
1574 1209 1812 1254 montem
1847 1218 1971 1257 cum

403 1301 548 1345 esset
581 1290 1070 1360 transﬁguraudus,
1105 1300 1159 1346 et
1188 1291 1251 1345 ad
1287 1290 1450 1345 ﬁliam
1489 1290 1621 1346 Jairi
1656 1294 1972 1348 sacerdotis.

405 1379 470 1434 Et
495 1397 681 1450 quaero
713 1381 758 1437 si
783 1383 987 1452 aliquid
1013 1384 1276 1437 secretius
1308 1381 1446 1436 forte
1467 1381 1598 1436 vidit
1625 1383 1676 1436 in
1707 1391 1971 1452 tempore,

401 1476 720 1547 priusquam
776 1485 1051 1545 pateretur
1086 1473 1283 1539 Jcsus,
1335 1482 1388 1528 et
1437 1474 1510 1528 ibi
1557 1475 1758 1528 vadens
1806 1475 1974 1530 voluit

403 1582 579 1621 orare.
613 1565 860 1620 Forsitan
900 1565 1042 1619 enim
1079 1564 1212 1617 vidit
1249 1564 1566 1618 assistentes
1601 1579 1752 1634 reges
1792 1573 1968 1630 terrae,

401 1665 454 1710 et
478 1656 746 1726 principes
793 1665 1148 1725 congregatos
1188 1656 1240 1708 in
1271 1668 1437 1708 unum
1471 1654 1757 1708 adversus
1785 1652 1970 1707 Domi-

399 1762 550 1811 num,
575 1755 628 1801 et
655 1747 916 1800 adversus
946 1762 1003 1801 se
1023 1746 1300 1800 Christum
1324 1744 1442 1813 ejus
1472 1743 1535 1797 “.
1570 1742 1795 1813 Propter
1822 1745 1966 1814 quod

2086 569 2143 612 ut
2168 575 2275 614 non
2301 559 2615 615 omnimodo
2639 561 2740 613 sim
2765 561 2882 615 sine
2904 571 3062 633 gustu
3089 565 3322 619 ινίειίιίτε
3344 583 3358 620 :
3379 581 3486 620 non
3511 583 3654 622 sem-

2081 665 2196 719 per,
2219 651 2313 705 sed
2343 666 2515 720 usque
2538 651 2604 706 ad
2640 661 2854 722 tempus
2877 654 3069 708 mortis
3100 655 3152 707 in
3195 671 3282 710 me
3309 667 3412 724 est,
3441 668 3498 712 ut
3525 674 3649 713 cum

2080 748 2327 792 mortuus
2355 738 2507 793 fuero
2550 753 2791 810 peccato,
2827 745 3034 796 moriar
3068 753 3123 797 et
3161 747 3429 801 universae
3478 749 3654 803 tristi-

2081 829 2190 892 tia},
2237 831 2394 897 cujus
2424 833 2752 902 principium
2787 842 2994 888 tantum
3049 834 3151 890 fuit
3175 838 3226 890 iu
3261 853 3366 892 me.

2149 918 2238 972 9|.
2277 918 2544 973 Sustinete
2573 922 2677 986 hic,
2705 933 2752 975 et
2788 923 3001 992 vigilate
3034 939 3234 978 mecum
3265 926 3308 958 ⁸¹
3336 945 3351 992 ;
3381 943 3444 982 ac
3490 929 3534 983 si
3562 929 3650 984 di-

2078 1015 2166 1062 cat
2202 1025 2215 1059 :
2252 1009 2318 1063 Et
2341 1011 2386 1064 si
2415 1011 2538 1065 aliis
2568 1013 2851 1081 discipulis
2878 1014 2988 1067 dixi
3019 1030 3032 1066 :
3071 1015 3254 1069 Sedete
3305 1017 3392 1070 hic
3424 1058 3439 1079 ,
3485 1019 3650 1074 donec

2077 1101 2210 1153 vado
2233 1101 2361 1154 illuc
2393 1119 2547 1157 orare
2590 1105 2636 1136 ⁵³
2664 1145 2678 1170 ,
2709 1113 2762 1158 et
2781 1105 2979 1159 adduxi
3013 1122 3109 1161 vos
3141 1117 3250 1162 tres
3304 1125 3477 1180 usque
3519 1112 3644 1176 huc.

2077 1189 2204 1245 uolo
2235 1207 2329 1246 vos
2369 1194 2596 1249 ulterius
2627 1197 2898 1266 progredi,
2935 1198 3166 1252 necdum
3218 1199 3362 1253 enim
3399 1203 3646 1271 potestis.

2075 1279 2302 1352 Propter
2327 1284 2430 1339 hoc
2458 1297 2672 1342 manete
2700 1288 2789 1342 hic
2814 1288 3124 1357 vigilantes,
3168 1292 3313 1346 sicut
3350 1301 3404 1345 et
3435 1308 3535 1363 ego
3568 1295 3650 1348 vi.

2075 1373 2203 1442 gilo,
2234 1375 2466 1432 scientes
2488 1378 2746 1445 quoniam
2782 1389 3008 1433 cancros
3033 1381 3248 1450 quidem
3285 1382 3424 1451 jussi
3460 1385 3649 1438 sedere

2073 1461 2169 1526 ibi,
2192 1464 2349 1533 quasi
2377 1464 2686 1532 inferiores,
2711 1467 2780 1520 ab
2823 1483 2995 1536 agone
3026 1469 3128 1524 isto
3153 1485 3378 1525 servans
3422 1487 3517 1525 eos
3557 1488 3648 1527 sc-

2072 1566 2253 1617 curos,
2277 1569 2372 1610 vos
2396 1563 2576 1609 autem
2607 1557 2762 1624 quasi
2798 1556 3065 1611 ﬁrmiores
3095 1561 3316 1623 adduxi,
3340 1571 3400 1616 ut
3435 1579 3645 1618 mecum

2072 1646 2415 1700 collaboretis
2443 1648 2496 1700 in
2525 1648 2723 1717 vigiliis
2752 1658 2803 1702 et
2831 1650 3194 1705 orationibus.
3230 1650 3432 1707 Tamen
3465 1665 3518 1709 et
3547 1670 3644 1709 vos

2074 1747 2288 1792 manete
2317 1739 2424 1803 hic,
2453 1748 2508 1792 ut
2536 1741 2916 1811 unusquisque
2948 1743 3000 1795 in
3039 1744 3206 1812 gradu
3239 1759 3352 1798 suae
3401 1749 3643 1801 vocatio-

397 1839 557 1909 quasi
611 1839 794 1893 multis
849 1838 954 1892 illis
1017 1836 1346 1902 constitutis,
1405 1843 1461 1890 et
1517 1836 1571 1889 iu
1604 1836 1810 1891 malitia
1867 1851 1967 1906 po-
2001 1803 2045 1863 B
2074 1828 2160 1882 Dis
2210 1830 2509 1896 consistat,
2551 1831 2810 1900 quoniam
2857 1842 2910 1886 et
2944 1834 3122 1888 omnis
3153 1835 3360 1906 gratia,
3394 1839 3641 1906 quamvis

399 1931 655 1994 tenlibus,
694 1930 858 2000 coepit
888 1930 1092 1984 tristari
1121 1937 1173 1983 et
1205 1927 1434 1988 taediari.
1463 1928 1622 1983 velet
1647 1943 1862 1999 pavere.
1903 1928 1969 1983 Et

396 2021 679 2076 considera
715 2021 843 2090 quia
870 2035 975 2074 non
1008 2019 1145 2073 dixit
1172 2018 1488 2073 tristabatur
1520 2027 1574 2072 et
1620 2018 1965 2086 taediahatur,

397 2113 488 2166 sed
520 2112 683 2181 coepit
717 2112 920 2166 tristari
955 2119 1009 2165 et
1041 2111 1265 2164 uediari.
1298 2110 1524 2164 Multum
1556 2111 1702 2165 enim
1743 2111 1969 2165 interest

395 2203 537 2257 inter
563 2203 768 2258 tristari
822 2211 878 2256 et
909 2189 1145 2271 incipere
1175 2201 1399 2257 tristari.
1460 2201 1517 2256 Si
1565 2216 1695 2270 ergo
1743 2201 1965 2269 aliquis,

394 2294 688 2348 defendens
711 2295 992 2362 passiones
1023 2294 1312 2357 humanas,
1353 2291 1561 2363 profert
1599 2291 1760 2346 nobis
1803 2291 1966 2347 etiam

394 2385 571 2454 ipsum
617 2386 892 2439 tristatum
922 2384 1092 2439 fuisse
1114 2382 1323 2452 Jesum,
1356 2385 1542 2438 audiat
1584 2383 1843 2453 quoniam
1871 2383 1966 2453 qui

395 2487 626 2533 tentatus
648 2487 724 2531 est
750 2493 840 2546 per
863 2477 1040 2530 omnia
1073 2476 1360 2530 secundum
1384 2473 1810 2540 similitudinem,
1836 2490 1969 2544 prte-

396 2580 475 2625 ter
509 2578 782 2639 peccatum
814 2568 879 2633 ⁸⁷,
910 2569 996 2623 hic
1021 2582 1128 2623 non
1177 2575 1259 2622 est
1289 2566 1537 2623 tristatus
1571 2565 1790 2621 tristitia
1834 2580 1964 2635 pas-

396 2660 568 2714 sionis
602 2659 796 2729 ipsius,
829 2659 927 2714 sed
975 2658 1153 2714 factus
1197 2667 1282 2713 est
1323 2657 1622 2714 secundum
1670 2657 1964 2714 humanam

394 2760 643 2803 naturam
679 2758 887 2803 tantum
919 2749 970 2802 in
1002 2750 1120 2819 ipso
1152 2748 1420 2820 principio
1450 2748 1683 2802 tristitia:
1716 2757 1770 2802 et
1800 2763 1964 2818 pavo-

391 2841 489 2902 ris,
520 2847 576 2892 ut
597 2840 1148 2910 ostendatdiscipulis
1183 2840 1297 2895 suis
1327 2839 1706 2908 praesentibus,
1727 2839 1963 2894 maxime

390 2925 549 2983 Petro
583 2944 777 2999 magna
811 2931 877 2984 de
907 2944 965 2984 se
1004 2930 1358 2994 existimanti,
1392 2929 1554 2984 rebus
1604 2929 1758 2999 ipsis,
1816 2927 1963 2998 quod

390 3026 578 3088 postea
607 3018 684 3071 eis
718 3019 874 3082 dixit,
927 3019 1053 3087 quia
1095 3019 1319 3088 spiritus
1352 3027 1625 3087 promptus
1664 3027 1741 3072 est
1765 3057 1779 3080 ,
1836 3032 1962 3070 caro

388 3118 564 3161 autem
589 3109 802 3177 inﬁrma
835 3109 901 3163 ‘3.
933 3108 998 3163 Et
1020 3126 1126 3164 non
1157 3118 1240 3164 est
1262 3109 1554 3178 aliquando
1577 3107 1957 3163 conﬁdendum
1989 3130 2031 3186 ρ

388 3197 443 3253 in
470 3215 554 3263 ea,
597 3199 691 3252 sed
732 3213 944 3268 semper
985 3199 1286 3253 timendum
1324 3201 1389 3254 de
1432 3213 1532 3261 ea,
1565 3199 1694 3268 quia
1740 3198 1958 3252 incauta

387 3289 713 3344 conﬁdentia
741 3291 806 3344 ad
836 3291 1155 3360 jactantiam
1186 3278 1358 3357 ducit,
1391 3290 1556 3344 timor
1594 3298 1774 3343 autem
1809 3289 1962 3343 inﬁr-

387 3381 591 3436 mitatis
621 3381 686 3436 ad
717 3382 981 3436 auxilium
1009 3381 1102 3436 Dei
1126 3381 1420 3450 confugere
1442 3381 1783 3446 adhortatur,
1817 3382 1961 3437 sicut

385 3479 441 3525 et
464 3470 754 3525 Dominum
785 3473 962 3540 ipsum
991 3473 1268 3540 paululum
1294 3471 1569 3540 progredi,
1597 3479 1652 3525 et
1678 3473 1872 3526 cadere
1901 3473 1956 3527 in

387 3559 606 3622 faciem,
632 3567 686 3611 et
711 3574 889 3613 orare.
928 3558 1069 3628 Ergo
1104 3559 1268 3627 coepit
1293 3559 1510 3626 quidem
1531 3558 1735 3612 tristari
1765 3574 1960 3614 secun-

385 3647 513 3701 dum
545 3648 841 3702 humanam
876 3658 1124 3702 naturam
1145 3688 1162 3714 ,
1215 3663 1339 3716 qua:
1359 3647 1560 3701 talibus
1609 3649 1958 3717 passionibus

386 3739 598 3794 subdita
615 3747 718 3802 est,
749 3754 856 3793 non
886 3749 1064 3794 autem
1097 3739 1395 3793 secundum
1415 3738 1652 3792 divinam
1681 3739 1955 3806 virtutem,

385 3843 508 3900 quin
541 3831 608 3884 ab
641 3830 952 3898 hujusmodi
985 3829 1242 3900 passione
1280 3830 1436 3900 longe
1481 3839 1688 3885 remota
1735 3837 1839 3884 est.
1892 3829 1958 3885 Et

387 3920 503 3975 haec
529 3919 763 3974 dicimus
786 3920 854 3974 de
880 3917 1032 3986 Jesu,
1062 3927 1120 3973 ut
1157 3934 1266 3974 non
1297 3919 1602 3986 arbitreris,
1639 3918 1782 3974 sicut
1807 3935 1957 3990 quat-

383 4009 508 4064 dam
539 4009 794 4076 haereses,
831 4010 1104 4065 hominem
1134 4024 1260 4064 eum
1293 4008 1484 4073 fuisse,
1522 4009 1617 4066 sed
1651 4007 1822 4064 Deum
1864 4026 1955 4066 ve-

385 4115 503 4157 ram
530 4100 752 4154 humani
782 4100 1028 4170 corporis
1058 4100 1364 4169 suscepisse
1391 4111 1639 4155 naturam
1662 4137 1678 4163 ,
1717 4100 1812 4170 qui
1858 4115 1958 4171 po-

385 4200 524 4247 terat
576 4191 810 4261 cornpati
860 4191 1268 4247 inﬁrmitatibus
1317 4191 1542 4257 nostris,
1596 4190 1856 4260 quoniam
1901 4200 1957 4248 et

385 4283 501 4355 ipse
523 4285 894 4339 circumdatus
919 4293 1037 4341 erat
1067 4284 1284 4356 inﬁrma
1330 4292 1523 4338 natura
1561 4284 1786 4338 immani
1831 4300 1957 4339 cor-

384 4377 534 4446 poris
567 4393 580 4430 :
612 4375 862 4430 similiter
887 4385 942 4429 et
959 4376 1075 4444 ipse
1120 4375 1456 4445 participans
1493 4389 1694 4444 corpus
1743 4383 1798 4429 et
1823 4390 1953 4430 san-

2071 1919 2234 1974 fuerit
2256 1937 2472 1991 magna,
2520 1922 2684 1978 habet
2743 1932 2799 1978 et
2854 1926 3216 1994 superiorem.
3258 1929 3413 1994 Quod
3461 1940 3642 1985 autem

2073 2008 2176 2063 hoc
2205 2009 2478 2080 signiﬁcat
2504 2011 2694 2066 dicens
2731 2030 2746 2067 :
2784 2012 2996 2066 Manete
3048 2015 3132 2068 hic
3164 2016 3230 2080 ⁵³,
3290 2019 3640 2075 manifestum

2069 2106 2154 2152 est
2187 2114 2252 2152 ex
2283 2114 2348 2153 eo
2381 2098 2525 2168 quod
2558 2101 2615 2154 in
2649 2104 3005 2171 sequentibus
3037 2104 3237 2161 dicitur
3269 2126 3282 2161 :
3323 2106 3641 2178 Progressus

2070 2199 2245 2243 autem
2281 2189 2555 2260 pusillum,
2619 2192 2809 2246 cecidit
2856 2195 2908 2248 in
2961 2196 3150 2264 [aciem
3187 2213 3360 2253 suam.
3416 2199 3640 2270 Propter

2069 2280 2213 2350 quod
2239 2297 2556 2338 maneamus
2577 2284 2664 2338 ubi
2693 2288 2944 2356 praecepit
2965 2287 3144 2354 Jesus,
3167 2292 3462 2348 secundum
3492 2294 3639 2363 quod

2069 2380 2122 2427 et
2149 2373 2440 2441 Apostolus
2483 2375 2771 2429 mandat“
2807 2393 2821 2429 :
2863 2377 3233 2451 Unusquisque
3266 2383 3320 2436 in
3344 2399 3448 2453 qua
3485 2401 3640 2440 uoca-

2071 2464 2209 2518 tione
2264 2473 2474 2518 vocatus
2519 2475 2619 2532 est,
2648 2467 2704 2519 in
2751 2467 2848 2520 ltac
2880 2480 3090 2523 maneat
3147 2472 3290 2541 apud
3345 2474 3531 2543 Deum,
3581 2487 3640 2534 ut

2067 2554 2252 2608 omnia
2283 2553 2574 2621 faciamus,
2606 2564 2663 2610 ut
2698 2572 2820 2612 cum
2855 2573 2920 2613 eo
2951 2561 3152 2628 pariter
3187 2563 3489 2632 vigilemus,
3543 2571 3637 2638 qui

2067 2663 2175 2702 non
2197 2647 2416 2715 dormit,
2435 2663 2611 2718 neque
2626 2650 2904 2716 dormitat,
2926 2651 3239 2708 custodiens
3260 2653 3426 2710 Israel
3444 2659 3532 2712 ⁸⁸⁸.
3556 2659 3635 2715 Ad

2068 2741 2172 2795 hoc
2200 2749 2380 2794 autem
2408 2740 2634 2796 adduxit
2657 2756 2774 2805 eos,
2818 2743 3054 2798 maxime
3079 2742 3316 2799 Petrum.
3352 2727 3548 2819 magna
3571 2752 3638 2806 de

2069 2845 2128 2884 se
2155 2831 2534 2899 conﬁdentem,
2571 2843 2631 2888 ut
2654 2833 2872 2888 videant
2902 2843 2958 2888 et
2980 2835 3202 2889 audiant
3231 2837 3320 2890 ubi
3359 2849 3443 2892 est
3479 2856 3638 2908 posse

2066 2920 2306 2975 hominis
2334 2923 2691 2991 etquomodo
2747 2924 3088 2992 impetratur.
3135 2922 3366 2981 Videant
3417 2929 3635 2999 quidem

2065 3011 2345 3066 cadentem
2391 3013 2446 3066 in
2482 3011 2675 3067 faciem
2727 3029 2906 3078 suam,
2943 3014 3168 3070 audiant
3217 3025 3397 3073 autem
3452 3019 3636 3076 dicen-

2067 3111 2173 3156 tem
2209 3104 2253 3134 ⁸⁵
2289 3122 2302 3157 :
2336 3103 2518 3167 Pater,
2552 3105 2599 3158 si
2624 3105 2874 3174 possibile
2903 3113 3002 3172 est,
3027 3115 3263 3160 transeat
3309 3109 3455 3163 calix
3481 3112 3579 3164 iste
3603 3128 3638 3165 a

2064 3209 2165 3257 me,
2194 3203 2247 3248 et
2274 3195 2488 3250 discant
2513 3210 2620 3250 non
2651 3211 2846 3265 magna
2870 3197 2937 3250 de
2961 3213 3020 3253 se
3045 3213 3258 3269 sapere,
3283 3202 3378 3256 sed
3409 3202 3636 3258 humilia

2063 3285 2356 3350 aestimare,
2398 3302 2506 3340 non
2537 3281 2750 3342 veloces
2791 3303 2913 3342 esse
2954 3289 3020 3344 ad
3062 3291 3506 3360 promittendum,
3543 3296 3636 3351 sed

2062 3378 2280 3432 solliciti
2314 3379 2380 3432 ad
2409 3379 2701 3434 orandum.
2735 3378 2859 3435 Ideo
2883 3388 2938 3436 et
2973 3380 3098 3436 illos
3154 3383 3311 3437 duxit
3361 3385 3457 3455 qui
3486 3383 3637 3442 vide-

2061 3468 2261 3524 bantur
2286 3469 2561 3525 ﬁdeliores
2586 3479 2640 3524 et
2669 3471 2858 3531 fortes.
2888 3471 3096 3527 similes
3119 3471 3300 3537 Petro.
3344 3475 3399 3529 in
3437 3476 3636 3545 quibus

2062 3561 2310 3615 similiter
2359 3560 2519 3615 facile
2582 3570 2796 3630 poterat
2847 3564 3028 3617 locum
3086 3563 3333 3630 invenire
3373 3567 3634 3636 iactantia

2060 3659 2285 3719 propter
2310 3650 2562 3704 ﬁduciam
2597 3651 2741 3704 ﬁdei.
2791 3650 3092 3708 Mediocrcs
3123 3667 3304 3709 autem
3325 3696 3342 3722 ,
3370 3667 3634 3727 quantum

2059 3733 2126 3794 ad
2151 3740 2452 3809 periculum
2493 3741 2617 3796 dico
2655 3741 2951 3813 jactantiaa,
3000 3747 3124 3818 ipsa
3173 3749 3296 3805 ﬁdei
3342 3751 3638 3821 exiguitate

2061 3831 2256 3884 muniti
2289 3840 2437 3884 sunt.
3131 3861 3134 3864 ~

2130 3919 2222 3976 92.
2263 3919 2334 3973 Et
2384 3939 2691 3992 progressus
2748 3925 2999 3994 pusillum
3032 3967 3047 3992 ,
3109 3930 3299 3983 cecidit
3335 3931 3391 3984 in
3445 3932 3636 3994 facient

2059 4028 2213 4066 suam
2241 4027 2419 4073 orans,
2441 4024 2488 4067 et
2515 4013 2692 4067 dicens
2725 4030 2745 4068 :
2775 4013 2957 4083 Pater,
2990 4018 3038 4070 si
3063 4020 3311 4087 possibile
3335 4030 3435 4088 est,
3457 4033 3634 4079 trans-

2057 4112 2142 4156 eat
2166 4102 2310 4156 calix
2343 4103 2440 4156 iste
2471 4119 2502 4155 a
2536 4119 2634 4158 me.
2672 4102 2777 4169 Qui
2802 4105 2935 4160 dixit
2958 4107 3004 4136 "
3039 4122 3052 4157 :
3089 4107 3287 4163 Discite
3320 4127 3354 4164 a
3376 4128 3456 4165 nte
3505 4114 3632 4182 quia

2057 4194 2201 4248 mitis
2221 4209 2338 4246 sum
2366 4204 2412 4246 et
2437 4194 2652 4248 Immitis
2671 4196 2848 4262 corde,
2868 4196 3210 4254 laudabiliter
3231 4215 3291 4255 se
3313 4201 3631 4272 humilians,

2055 4293 2111 4340 et
2159 4300 2304 4339 nunc
2350 4284 2496 4340 cadit
2544 4284 2598 4338 in
2631 4283 2823 4342 faciem
2861 4303 3044 4353 orans,
3081 4299 3136 4344 et
3185 4292 3364 4348 adhuc
3396 4295 3632 4366 amplius

2057 4372 2403 4442 postmodum
2450 4374 2699 4429 humiliat
2754 4390 2811 4430 se
2837 4375 3012 4430 factus
3055 4377 3314 4436 obediens
3360 4397 3534 4452 usque
3563 4384 3630 4438 ad

385 4467 636 4535 guinem,
689 4466 1147 4535 quemadmodum
1187 4474 1242 4521 et
1269 4467 1420 4536 pueri
1443 4466 1510 4521 de
1539 4466 1738 4536 quibus
1767 4466 1899 4520 dicit
1935 4482 1948 4518 :
1986 4451 2030 4506 Ῑ)
2059 4474 2325 4528 mortem,
2381 4466 2640 4534 quoniam
2677 4467 2910 4536 pretium
2963 4470 3308 4526 exaltationis
3353 4451 3631 4528 humilitas

386 4555 520 4610 Ecce
549 4573 641 4626 ego
677 4567 726 4610 et
752 4558 902 4627 pueri
921 4574 1052 4627 quos
1083 4559 1213 4613 mihi
1249 4558 1391 4612 dedit
1438 4557 1594 4624 Deus,
1626 4557 1949 4627 participant

385 4649 537 4701 carni
569 4657 619 4701 et
648 4649 893 4718 sanguini
919 4649 982 4704 ".
1011 4649 1214 4705 Videas
1247 4665 1378 4720 ergo
1399 4649 1612 4702 instans
1643 4648 1745 4703 sibi
1779 4653 1955 4703 certa-

388 4754 532 4804 men,
565 4740 707 4808 quod
738 4756 847 4795 non
874 4751 991 4796 erat
1023 4741 1070 4797 ei
1096 4741 1358 4796 adversus
1391 4755 1612 4795 carnem
1651 4750 1705 4796 et
1729 4739 1952 4810 sangui-

386 4845 532 4893 nem,
575 4830 669 4884 sed
691 4830 952 4888 adversus
991 4841 1174 4886 tantos
1207 4847 1360 4902 reges
1413 4843 1570 4887 terrae
1611 4833 1950 4899 assistentes,

388 4927 438 4974 et
499 4920 770 4990 principes
823 4932 1179 4992 congregatos
1227 4923 1280 4976 in
1342 4938 1512 4977 unum
1563 4923 1824 4976 adversus
1871 4937 1950 4985 se,

386 5021 620 5080 quantos
647 5029 952 5082 nunquam,
987 5015 1145 5083 coepit
1180 5029 1380 5083 pavere
1425 5014 1508 5068 vel
1559 5013 1783 5074 tristari.
1818 5012 1953 5066 nihil

383 5102 617 5170 amplius
641 5102 875 5158 tristitiae
895 5103 977 5157 vel
1000 5104 1216 5172 pavoris
1233 5105 1465 5174 patiens,
1490 5104 1592 5158 nisi
1630 5103 1950 5173 principium

384 5203 615 5250 tantum.
650 5193 762 5251 Nec
793 5197 936 5252 enim
970 5197 1234 5267 scriptum
1261 5208 1343 5252 est
1378 5198 1504 5268 quia
1542 5199 1688 5267 pavit
1728 5196 1812 5251 vel
1857 5196 1952 5251 tri-

386 5297 558 5340 status
615 5295 719 5352 est,
779 5288 874 5343 sed
925 5290 1090 5357 erepit
1149 5305 1365 5358 pavere,
1426 5299 1480 5343 et
1509 5289 1675 5358 cmpit
1723 5289 1949 5354 tristari,

385 5380 602 5446 quando
626 5387 680 5434 et
711 5381 849 5435 dixit
877 5382 923 5413 '°
957 5400 970 5436 :
1008 5380 1198 5436 Tristis
1230 5390 1306 5434 est
1341 5382 1521 5434 anima
1553 5397 1666 5434 mea
1703 5397 1862 5452 usque
1885 5380 1953 5433 ad

387 5479 622 5526 mortem.
657 5469 816 5538 Quod
847 5472 1024 5543 ipsum
1061 5473 1166 5528 tale
1209 5473 1416 5542 aliquid
1463 5473 1769 5543 signiﬁcare
1807 5471 1955 5526 vide-

486 5630 533 5666 ⁸³
571 5632 702 5687 Luc.
734 5651 889 5704 xviri,
919 5635 1010 5690 14.
1083 5635 1130 5668 ⁵³
1155 5633 1347 5689 Matth.
1376 5649 1523 5698 χχιιι,
1553 5632 1643 5686 56.
1711 5631 1754 5664 ⁵⁵
1786 5632 1939 5694 ibid.,

553 5701 598 5734 “
630 5701 818 5757 Matth.
873 5722 1024 5757 xxvr.
1048 5706 1136 5757 Η.
1231 5705 1276 5738 ⁸⁸
1303 5703 1467 5757 Hebr.
1505 5719 1567 5757 tt.
1609 5703 1808 5757 15.14.
1897 5703 1943 5735 ⁸⁸

2130 5631 2175 5662 ⁸⁸
2214 5629 2381 5687 Marc.
2415 5647 2526 5697 xlv,
2569 5629 2662 5684 55.
2735 5629 2782 5667 δ⁸
2809 5625 2955 5684 Psal.
2997 5631 3136 5696 11,2.

2067 5702 2342 5757 ttb.xxvr.
2396 5702 2484 5756 '58.
2566 5702 2609 5733 "
2656 5701 2787 5756 ibid.
2867 5701 2912 5732 "
2965 5700 3129 5757 ibid..

766 5775 810 5806 “
841 5770 1018 5831 lCor.
1048 5791 1146 5842 vn,
1199 5775 1270 5833 20
1297 5845 1305 5852 _
1368 5775 1438 5807 δι’
1473 5773 1616 5829 Psal.
1645 5789 1769 5832 cxx.
1801 5773 1856 5827 4.
1932 5772 1976 5805 ⁸³
1997 5770 2189 5828 Matth.
2214 5787 2361 5840 xxw,
2414 5771 2501 5827 59.

388 5701 477 5754 l5.
553 5701 818 5759 “Matth.
873 5701 1136 5772 xxv1,4l.

389 5785 509 5826 xxv:
525 5812 540 5840 ,
570 5773 662 5832 59.

1231 5705 1276 5738 ⁸³
1303 5703 1467 5760 Hebr.
1505 5719 1567 5765 ll,
1609 5703 1694 5768 l5,
1724 5703 1808 5757 14.

2057 4565 2162 4612 est.
2188 4554 2299 4611 Nec
2334 4556 2478 4610 enim
2509 4557 2779 4612 exaltatnr
2799 4573 2826 4611 a
2854 4557 2983 4625 Deo,
3011 4560 3112 4616 nisi
3150 4563 3241 4631 qui
3267 4562 3633 4621 humiliaverit

2059 4663 2118 4703 se
2150 4656 2369 4723 propter
2395 4647 2581 4701 Deum.
2608 4647 2764 4702 Cadit
2793 4657 2976 4703 autem
3008 4651 3059 4703 in
3091 4650 3283 4706 faciem
3309 4667 3496 4719 orans,
3523 4671 3630 4710 non

2058 4738 2287 4792 multum
2320 4753 2660 4807 progressus,
2689 4737 2782 4792 sed
2808 4739 3063 4807 pusillum
3094 4755 3123 4793 a
3147 4741 3320 4797 tribus
3350 4745 3632 4813 discipulis

2059 4831 2175 4886 suis
2203 4830 2552 4885 manentibus
2580 4845 2787 4884 secum.
2823 4828 3050 4884 Nolebat
3072 4831 3215 4885 enim
3241 4833 3396 4904 longe
3421 4837 3535 4892 ﬁeri
3562 4839 3632 4892 ab

2055 4920 2157 4985 eis,
2211 4921 2302 4975 sed
2333 4920 2488 4990 juxta
2521 4935 2616 4974 eos
2649 4921 2977 4976 constitutus
3012 4936 3190 4976 orare.
3237 4923 3392 4989 Quod
3448 4939 3630 4984 autem

2056 5011 2187 5066 dicit
2234 5027 2397 5066 orans
2428 5027 2442 5063 :
2477 5011 2536 5065 Si
2565 5011 2810 5080 possibile
2859 5023 2960 5077 est,
2993 5021 3228 5067 transeat
3276 5016 3421 5070 calix
3466 5019 3564 5073 iste
3598 5037 3632 5072 α

2057 5119 2156 5168 me,
2185 5102 2545 5157 manifestans
2565 5102 2617 5156 in
2637 5102 2883 5157 oratione
2901 5117 3056 5158 suam
3087 5104 3452 5172 devotionem,
3473 5110 3630 5178 quasi

2055 5197 2284 5253 dilectus
2310 5195 2485 5252 Filius
2511 5205 2564 5251 et
2585 5197 2930 5265 complacens
2948 5191 3400 5265 dispositionibus
3427 5199 3626 5260 Patris.

2059 5287 2264 5344 addidit
2301 5305 2314 5340 :
2352 5286 2456 5340 Sed
2490 5303 2594 5340 non
2621 5287 2756 5339 sicut
2779 5302 2871 5354 ego
2902 5285 3034 5352 volo,
3058 5288 3148 5340 sed
3163 5287 3297 5340 sicut
3327 5296 3403 5354 tu,
3428 5291 3630 5344 docens

2061 5392 2120 5436 ut
2169 5396 2280 5435 non
2309 5393 2529 5434 oremus
2556 5386 2798 5433 nostram
2850 5377 2966 5433 ﬁeri
2997 5379 3325 5434 voluntatem
3346 5421 3362 5448 ,
3408 5384 3628 5450 quando

2059 5470 2263 5527 factum
2295 5468 2459 5524 fuerit
2490 5477 2549 5524 ut
2573 5468 2778 5538 aliquid
2806 5467 2955 5521 aliud
2983 5467 3214 5523 velimus
3243 5485 3406 5539 quam
3459 5468 3625 5526 Deus.

3241 5628 3286 5662 δ’
3327 5627 3493 5684 Hebr.
3541 5643 3596 5684 tv
3615 5669 3633 5695 ,

2566 5702 2609 5733 υ
2656 5701 2787 5756 ibid.
2867 5701 2912 5732 "
2965 5700 3129 5761 ibid..
3179 5700 3268 5758 56.
3345 5699 3390 5736 ³³
3434 5697 3629 5756 Matth.

2609 5769 2655 5803 ⁵⁸
2717 5769 2907 5826 Matth.
2933 5785 3011 5838 ιι,
3045 5769 3143 5826 29.-
