4052 6304
498 304 641 360 1745

1712 298 2039 357 ORlGENlS
2080 300 2148 356 ΙΝ
2186 299 2604 358 ΜᾹΤΤΗίΕΙΞΜ

3675 306 3792 365 "il

496 417 667 471 Pater
687 457 700 481 ,
732 414 783 469 si
808 413 1060 485 possibile
1088 422 1187 480 est,
1224 422 1461 468 transeat
1498 414 1643 470 calta:
1668 415 1820 471 istea
1851 434 1964 482 me;
1995 418 2087 472 sed
2117 423 2161 479 A
2191 428 2373 475 autem
2409 418 2557 474 hunc
2594 419 2688 490 qui
2739 418 2946 474 bibitur
2991 418 3300 489 passionis,
3345 419 3408 475 in
3447 420 3643 479 multis
3676 424 3791 482 locis

497 512 771 565 nonsicut
794 527 889 582 ego
918 510 1054 575 uolo,
1078 508 1167 562 sed
1194 510 1332 562 sicut
1362 518 1439 562 tu.
1472 507 1784 564 Secundum
1811 511 1958 581 quod
1982 525 2088 565 ete-

498 604 577 672 pit
601 616 798 672 pavere
816 610 870 657 et
888 601 1116 667 tristari,
1142 602 1445 656 secundum
1478 602 1607 657 illud
1627 612 1681 656 et
1707 610 1830 656 orat
1860 601 2087 657 calicem

497 694 773 764 passionis
802 693 1038 748 transire
1063 708 1093 747 a
1125 707 1216 757 se;
1239 692 1333 747 sed
1359 708 1469 748 non
1493 693 1636 748 sicut
1664 693 1796 759 vult,
1818 693 1912 748 sed
1943 694 2088 748 sicut

497 786 805 842 vultPater.
827 784 1149 857 Suscipicns
1168 786 1314 841 enim
1337 794 1589 841 naturam
1607 786 1789 841 carnis
1811 786 2084 851 humanae,

496 892 690 933 omnes
712 876 1073 948 proprietates
1100 877 1364 947 implevit,
1401 889 1460 931 ut
1481 893 1587 931 non
1607 863 1662 931 in
1680 877 1969 947 phantasia
1990 878 2087 932 ba-

497 969 685 1026 buisse
712 984 933 1024 carnem
959 969 1391 1035 existimaretur,
1412 969 1506 1024 sed
1523 968 1579 1023 in
1599 969 1857 1036 veritate;
1883 986 2087 1025 secun-

495 1063 625 1118 dum
643 1062 790 1132 quod
815 1062 867 1116 in
888 1062 993 1117 hoc
1012 1061 1133 1116 loco
1161 1070 1285 1116 orat
1305 1061 1530 1117 calicem
1552 1063 1827 1133 passionis
1850 1063 2088 1120 transire

494 1169 526 1207 a
553 1168 630 1218 se,
647 1152 811 1225 903
839 1153 934 1208 sed
960 1167 1070 1207 non
1089 1153 1232 1209 sicut
1251 1154 1367 1209 vult
1397 1153 1535 1225 ipse,
1563 1155 1657 1210 sed
1679 1155 1823 1210 sicut
1847 1156 1962 1211 vult
1984 1154 2089 1211 Pa-

495 1252 599 1298 ter.
650 1240 923 1310 Quoniam
974 1243 1258 1314 proprium
1286 1252 1371 1299 est
1397 1244 1579 1300 omnis
1619 1246 1860 1303 hominis
1889 1246 2085 1312 ﬁdelis,

496 1333 733 1405 primum
761 1335 980 1406 quidem
1015 1335 1159 1391 nolle
1209 1336 1320 1406 pati
1348 1335 1555 1406 aliquid
1586 1337 1816 1402 doloris,
1847 1338 2090 1396 maxime

495 1424 642 1498 quod
673 1426 825 1481 ducit
852 1440 1031 1495 usque
1057 1427 1123 1481 ad
1164 1436 1395 1481 mortem
1419 1466 1435 1489 ,
1485 1428 1613 1497 quia
1649 1428 1818 1485 homo
1850 1438 1936 1487 est
1965 1445 2090 1485 car-

498 1518 672 1584 nalis;
697 1519 743 1573 si
773 1527 955 1573 autcm
988 1518 1070 1573 sic
1092 1518 1326 1573 voluerit
1356 1518 1518 1586 Deus,
1546 1520 1898 1591 acquiescere
1921 1523 2088 1577 etiam

496 1619 687 1665 coritra
730 1611 1066 1665 voluntatem
1117 1625 1297 1679 suam,
1330 1614 1459 1682 quia
1497 1612 1672 1668 ﬁdelis
1713 1623 1817 1681 est,
1853 1630 1921 1670 ue
1966 1616 2089 1685 plus

498 1702 747 1756 videatur
788 1703 843 1756 in
891 1718 952 1757 se
991 1703 1285 1774 desperare
1323 1719 1488 1774 quam
1524 1705 1580 1759 in
1624 1704 1797 1760 Deum
1844 1722 2085 1776 sperare.

2191 510 2441 565 nominat
2472 510 2781 581 Scriptura,
2805 510 3078 581 praecipue
3102 512 3198 583 qui
3236 527 3271 566 a
3305 513 3660 585 martyribus
3687 533 3786 586 prn-

2189 602 2307 673 prie
2342 603 2566 669 bibitur,
2610 604 2754 657 sicut
2788 612 2872 659 est
2913 603 2985 658 ibi
3019 603 3064 635 ⁸⁷
3104 622 3117 657 :
3163 601 3327 668 Quid
3372 605 3674 659 retribuam
3705 609 3790 665 Do-

2188 694 2334 747 mino
2365 709 2461 762 pro
2500 693 2742 746 omnibus
2771 709 2891 763 aute
2933 692 3178 747 retribuit
3224 692 3424 748 mihi?
3454 692 3692 749 Calicem
3715 716 3783 752 ιιι.

2190 783 2384 838 lutaris
2409 785 2695 855 accipiam,
2719 796 2768 838 et
2796 800 2982 838 nomen
3012 784 3233 838 Domini
3265 785 3568 841 invocabo.
3597 786 3653 840 Si
3678 804 3786 858 ergo

2189 875 2333 930 calix
2367 876 2629 932 salutaris
2670 876 2812 931 calix
2867 876 3115 948 martyrii
3164 884 3283 941 est,
3343 892 3587 934 necesse
3630 888 3783 935 estut

2190 965 2464 1022 salvemus
2495 965 2722 1021 calicem
2749 966 2924 1032 illum,
2958 973 3132 1020 totum
3163 966 3337 1021 illum
3368 966 3651 1036 bibentes,
3677 971 3783 1039 quia

2189 1057 2333 1113 calix
2369 1066 2455 1113 est
2484 1057 2768 1122 salutaris,
2799 1069 2859 1113 ιιι
2890 1057 3026 1112 nihil
3059 1056 3393 1135 fundamus
3429 1075 3503 1116 ex
3544 1076 3631 1116 eo.
3661 1061 3781 1118 Bibit

2189 1163 2320 1221 ergo
2369 1148 2596 1204 calicem
2648 1158 2859 1219 totum,
2906 1149 3002 1220 qui
3056 1149 3274 1218 patitur
3324 1165 3436 1221 pro
3491 1152 3781 1209 testimonio

2191 1241 2452 1311 quidquid
2476 1239 2643 1296 fuerit
2664 1243 2713 1296 ei
2742 1241 2974 1296 illatum.
3004 1241 3251 1297 Etlundit
3282 1252 3482 1298 autem
3506 1244 3776 1316 accipiens,

2190 1329 2285 1401 qui
2317 1338 2546 1387 vocatus
2577 1332 2644 1386 ad
2694 1331 3015 1403 martyrium
3062 1334 3308 1404 denegat
3346 1347 3421 1389 ne
3454 1334 3660 1404 aliquid
3698 1349 3777 1403 pa-

2193 1422 2381 1476 tiatur.
2412 1419 2509 1477 Est
2536 1430 2592 1477 et
2616 1422 2840 1478 alterius
2867 1425 3083 1492 generis
3107 1425 3257 1480 calix
3295 1424 3611 1490 inebrians,
3635 1440 3775 1496 quem

2192 1509 2331 1566 bibit
2357 1511 2484 1581 quis
2514 1521 2805 1581 postquam
2830 1511 3254 1568 manducaverit
3284 1525 3657 1586 praeparatam
3688 1516 3774 1570 sibi

2191 1617 2441 1658 mensam
2477 1617 2508 1657 a
2535 1601 2646 1657 Deo
2671 1604 2935 1658 adversus
2961 1604 3086 1660 illos
3123 1604 3223 1675 qui
3266 1606 3770 1678 tribulantjustum.

2192 1692 2502 1751 Notandum
2534 1703 2619 1751 est
2668 1704 2850 1751 autem
2889 1697 3151 1768 quoniam
3202 1698 3441 1755 Marcus
3491 1701 3696 1769 quidem
3729 1709 3769 1752 et

496 1790 636 1847 Nam
664 1793 809 1849 sicut
845 1795 1080 1850 multum
1107 1795 1385 1852 conlidere
1415 1812 1523 1852 non
1565 1796 1851 1861 debemus,
1877 1814 1946 1853 ne
1984 1814 2086 1854 uo-

2192 1786 2372 1843 Lucas
2400 1787 2508 1843 hoc
2544 1787 2723 1857 ipsum
2756 1789 3114 1859 scripserunt,
3154 1789 3259 1860 qui
3298 1800 3359 1846 et
3395 1800 3654 1846 tentatum
3690 1806 3764 1844 ex-

502 1893 671 1939 stram
695 1884 949 1939 virtutem
983 1886 1270 1941 videamur
1295 1886 1566 1957 proﬁteri,
1613 1887 1695 1942 sic
1716 1889 1948 1943 multum
1982 1904 2086 1959 pun

500 1974 848 2031 sillanimiter
870 1992 1054 2048 agere,
1084 1987 1139 2034 et
1168 1978 1412 2034 diliidere
1444 1992 1550 2034 non
1585 1979 1870 2047 debemus,
1900 1996 1967 2035 ne
1993 1981 2088 2035 Dei

498 2063 771 2135 adjutoris
792 2069 966 2122 nostri
996 2067 1374 2139 impotentiam
1397 2068 1685 2125 videamur
1706 2071 2083 2141 pronuntiare.

502 2155 628 2213 llaec
670 2173 801 2229 ergo
833 2160 1090 2215 voluntas
1123 2177 1289 2232 quam
1343 2162 1478 2217 dicit
1522 2179 1539 2217 :
1587 2160 1646 2217 Si
1677 2163 1931 2233 possibile
1985 2173 2087 2227 est,

502 2258 735 2304 transeat
764 2251 909 2305 calix
938 2252 1036 2307 iste
1064 2270 1097 2306 a
1132 2270 1245 2316 me;
1284 2258 1374 2307 sed
1409 2270 1511 2308 non
1542 2255 1679 2308 sicut
1706 2272 1798 2326 ego
1837 2256 1975 2321 volo,
2001 2256 2091 2309 sed

500 2340 639 2395 sicut
672 2350 750 2408 tu,
782 2358 892 2398 non
923 2352 1007 2399 est
1039 2345 1342 2400 secundum
1375 2347 1735 2401 substantiam
1771 2346 2010 2402 divinam
2038 2357 2093 2403 et

503 2435 921 2505 impassibilem,
964 2438 1059 2493 sed
1124 2437 1427 2494 secundum
1488 2451 1739 2496 naturam
1793 2441 2089 2496 humanam

501 2526 622 2595 ejus
667 2536 720 2583 et
764 2527 1058 2583 infirmam.
1096 2530 1275 2585 Altera
1325 2542 1509 2586 autem
1561 2532 1941 2603 interpretatio
1984 2531 2092 2587 loci

503 2620 670 2690 hujus
696 2629 782 2676 est
806 2622 950 2688 talis,
977 2611 1239 2692 quoniam
1270 2624 1426 2693 quasi
1460 2622 1630 2679 Filius
1659 2606 1941 2681 charitatis
1972 2622 2089 2691 Dei,

502 2710 806 2768 secundum
854 2713 1255 2782 prmscientiam
1304 2715 1525 2784 quidem
1575 2714 1833 2787 diligebat
1868 2731 1965 2773 eos
1996 2715 2092 2786 qui

500 2817 567 2858 cx
600 2804 852 2873 gentibus
886 2803 1101 2858 fuerant
1123 2805 1415 2873 credituri;
1458 2804 1676 2863 Judaaos
1703 2819 1904 2876 autem,
1934 2808 2092 2879 quasi

503 2910 688 2950 semen
718 2906 935 2968 patrum
968 2904 1307 2961 sanctorum,
1343 2912 1578 2967 quorum
1613 2899 1856 2971 adoptio,
1890 2909 1943 2956 et
1977 2902 2092 2972 glo-

501 2988 605 3053 ria,
645 2996 705 3043 et
760 2996 1116 3054 testamenta,
1175 2996 1231 3043 et
1293 2990 1773 3058 repromissiones,
1836 2992 2091 3065 diligebat

500 3080 659 3147 extasi
695 3094 879 3134 ramos
916 3079 1074 3134 bona:
1100 3080 1277 3135 olim.
1325 3079 1563 3150 Diligens
1603 3092 1781 3138 autem
1816 3098 1911 3139 eos
1943 3084 2091 3139 vide-

499 3168 594 3223 bat
624 3168 807 3238 qualia
841 3180 997 3223 erant
1033 3169 1246 3239 passuri
1282 3179 1528 3239 petentes
1560 3188 1685 3228 eum
1717 3174 1784 3227 ad
1819 3183 2051 3229 mortem
2071 3217 2086 3241 ,

500 3268 557 3315 et
586 3258 889 3316 Barabbam
929 3259 1193 3331 eligentes
1228 3262 1298 3317 ad
1338 3262 1541 3329 vitam;
1579 3263 1702 3319 ideo
1746 3264 1963 3319 dicebat
1993 3266 2092 3320 do-

502 3356 620 3409 lens
658 3354 727 3409 de
764 3354 845 3409 eis
879 3371 893 3408 :
941 3352 1129 3421 Pater,
1164 3355 1212 3407 si
1249 3355 1501 3426 possibile
1527 3366 1628 3421 est,
1676 3364 1914 3411 transeat
1948 3357 2091 3411 ralia:

502 3446 604 3498 iste
631 3462 663 3498 ιι
693 3461 793 3499 me.
822 3443 1037 3500 Rursus
1060 3459 1327 3501 revocans
1350 3445 1680 3503 desiderium
1715 3462 1899 3513 suum,
1928 3458 1982 3503 et
2011 3448 2092 3502 vi-

502 3538 641 3592 dens
675 3546 879 3607 quanta
922 3537 1131 3593 utilitas
1163 3537 1355 3592 mundi
1393 3537 1561 3594 totius
1585 3547 1732 3594 esset
1767 3537 1952 3593 futura
1995 3552 2094 3608 per

502 3628 815 3697 passionem
855 3628 1047 3699 ipsius,
1081 3629 1297 3684 dicebat
1333 3647 1347 3684 :
1380 3627 1484 3684 Sed
1516 3646 1620 3685 non
1651 3630 1788 3684 sicut
1822 3645 1917 3699 ego
1948 3629 2087 3694 volo,

501 3719 593 3773 sed
634 3722 771 3774 sicut
807 3729 884 3775 tu.
921 3721 1149 3777 Videbat
1184 3722 1367 3778 adhuc
1406 3729 1633 3793 propter
1672 3721 1829 3776 illum
1858 3721 2088 3777 calicem

500 3811 798 3880 passionis,
822 3812 985 3868 etiam
1016 3810 1213 3868 Judam
1239 3814 1330 3886 qui
1356 3830 1424 3869 ex
1452 3813 1740 3870 duodecim
1773 3830 1918 3870 unus
1948 3822 2088 3880 erat,

504 3903 675 3958 tilium
719 3902 836 3958 fore
876 3904 1218 3975 perditionis.
1252 3904 1466 3961 Rursus
1516 3905 1853 3976 intelligebat
1886 3921 1983 3977 per
2020 3908 2086 3962 il-

501 3995 615 4052 lum
670 3996 894 4054 calicem
942 3999 1239 4069 passionis,
1300 3999 1638 4070 principatus
1684 4008 1739 4053 et
1791 4008 2088 4071 potestates

502 4086 921 4157 triumphandas
976 4089 1030 4141 in
1076 4103 1309 4159 corpore
1358 4105 1479 4144 suo.
1527 4087 1757 4159 Propter
1807 4090 1908 4145 hos
1956 4105 2087 4161 ergo

500 4194 641 4248 quos
680 4180 733 4233 iu
767 4179 1025 4249 passione
1054 4195 1154 4234 sua
1195 4179 1416 4234 nolebat
1450 4179 1644 4249 perire,
1676 4179 1891 4235 dicebat
1923 4197 1935 4234 :
1979 4178 2088 4234 Pa-

501 4280 601 4337 ter,
636 4271 684 4323 si
723 4269 972 4338 possibile
1004 4279 1103 4333 est,
1141 4278 1376 4324 transeat
1427 4270 1572 4325 ralia:
1602 4272 1699 4326 iste
1749 4289 1781 4325 a
1817 4288 1932 4332 me:
1960 4286 2089 4342 pro-

498 4371 619 4431 pter
645 4362 875 4417 salutem
904 4372 1085 4417 autem
1119 4361 1288 4416 totius
1318 4362 1541 4415 humani
1572 4364 1810 4432 generis,
1840 4379 1963 4433 quae
1989 4379 2089 4434 per

2191 1890 2401 1950 ponunt
2433 1896 2464 1935 a
2493 1880 2715 1937 diabolo
2746 1879 2956 1936 Jesum.
2981 1880 3231 1938 Joannes
3264 1893 3457 1938 autem
3488 1884 3761 1952 passionem

2189 1975 2409 2044 quidem
2443 1974 2691 2043 exponit,
2719 1974 3184 2045 quemadmodum
3224 1976 3362 2042 alii;
3413 1987 3647 2030 orantem
3689 1972 3761 2030 Je-

2190 2082 2313 2123 sum
2346 2074 2408 2121 ut
2436 2066 2695 2122 transiret
2734 2066 2804 2121 ab
2847 2081 2915 2122 eo
2950 2066 3095 2121 calix
3133 2081 3249 2121 non
3292 2067 3616 2134 introducit,
3644 2067 3763 2120 sicut

2191 2172 2292 2213 nec
2321 2165 2588 2213 tentatum
2616 2159 2841 2228 exponit
2866 2173 2898 2213 a
2924 2157 3147 2213 diabolo
3174 2156 3400 2215 Jesum.
3430 2158 3652 2213 Causam
3677 2172 3756 2210 au-

2192 2261 2302 2308 tem
2338 2252 2479 2307 hanc
2511 2253 2752 2308 arbitror
2779 2269 2922 2319 esse,
2959 2253 3227 2324 quoniam
3277 2254 3336 2308 hi
3364 2253 3584 2324 quidem
3615 2250 3755 2319 magis

2192 2346 2497 2402 secundum
2528 2347 2826 2400 humanam
2857 2346 2979 2416 ejus
3009 2356 3275 2401 naturam
3311 2352 3592 2415 exponunt
3615 2342 3671 2397 de
3697 2354 3750 2393 eo

2193 2453 2359 2509 quam
2384 2437 2684 2493 secundum
2709 2437 2986 2505 divinam;
3009 2436 3261 2493 Joannes
3288 2446 3477 2492 autem
3507 2433 3662 2503 magis
3683 2445 3748 2485 se-

2194 2529 2436 2587 cundum
2470 2529 2711 2584 divinam
2744 2546 2909 2600 quam
2945 2529 3256 2585 secundum
3293 2528 3585 2583 humanam
3615 2523 3741 2576 inter-

2194 2623 2514 2694 pretabatur
2557 2631 2849 2688 naturam;
2890 2621 3152 2677 divinitas
3205 2631 3399 2676 autem
3453 2612 3743 2673 intentabilis

2194 2728 2332 2772 erat.
2360 2715 2488 2771 Ideo
2514 2726 2623 2771 tres
2646 2714 2865 2785 quidem
2894 2714 3250 2786 evangelista;
3273 2718 3634 2784 exposuerunt
3655 2717 3742 2762 ten-

2193 2818 2412 2863 tatum:
2458 2807 2699 2864 Joannes
2733 2820 2914 2862 autem
2955 2807 3265 2862 secundum
3301 2804 3452 2876 quod
3494 2802 3740 2871 coeperat:

2197 2900 2264 2955 In
2315 2903 2573 2970 principio
2620 2911 2733 2955 erat
2792 2899 3037 2964 Verbum,
3090 2909 3139 2953 et
3204 2899 3438 2954 Verbum
3488 2902 3593 2949 erat
3631 2886 3738 2956 apud

2195 2991 2388 3058 Deum,
2434 3001 2483 3046 et
2515 2991 2657 3045 Deus
2696 3000 2808 3045 erat
2851 2989 3080 3044 Verbum
3110 2990 3160 3021 ⁸⁸
3182 3031 3200 3057 ,
3234 2990 3415 3045 nescit
3456 2986 3611 3040 Deum
3640 2980 3739 3034 Ver-

2194 3084 2325 3139 bum
2357 3099 2518 3155 posse
2541 3085 2761 3139 tentari.
2799 3082 2891 3139 Sic
2917 3091 2973 3138 et
2997 3082 3087 3138 hic
3116 3090 3235 3139 tres
3263 3082 3483 3154 quidem
3512 3075 3594 3132 isti
3619 3079 3735 3128 retu-

2194 3176 2374 3230 lerunt
2405 3174 2592 3231 Jcsum
2625 3176 2934 3246 postulasse
2963 3191 2994 3230 ιι
3033 3176 3200 3232 Patre
3240 3186 3303 3231 ιιι
3353 3171 3601 3230 transiret
3628 3163 3735 3221 eali!

2194 3267 2264 3321 ab
2282 3279 2368 3329 eo,
2394 3264 2654 3336 quoniam
2677 3273 2734 3320 et
2755 3266 3034 3335 proprium
3064 3265 3318 3321 hominis
3346 3270 3482 3325 erat.
3512 3265 3733 3330 quantum

2194 3358 2260 3412 ad
2294 3357 2667 3411 inﬁrmitatem
2700 3359 2936 3428 pertinet
2964 3357 3172 3423 carnis,
3217 3358 3360 3414 velle
3398 3352 3612 3411 evadent
3637 3359 3731 3417 pas;

2194 3450 2440 3515 sionem;
2471 3447 2712 3505 Joannes
2741 3459 2922 3504 autem
2943 3488 2958 3513 ,
2994 3450 3345 3519 propositum
3380 3445 3577 3501 habens
3599 3450 3729 3505 expc.

2193 3556 2323 3597 nere
2347 3540 2534 3598 Jesum
2565 3541 2732 3597 Deum
2765 3540 3025 3606 Verbum,
3052 3539 3245 3597 sciens
3268 3539 3396 3611 quia
3425 3537 3534 3606 ipse
3552 3538 3626 3588 est
3644 3525 3728 3579 vita

2191 3645 2246 3693 et
2277 3635 2642 3703 resurrectio,
2680 3634 2857 3690 nescit
2889 3631 3061 3689 Deum
3095 3630 3496 3703 impassibilem
3528 3620 3726 3689 refugere

2191 3728 2522 3799 passionem.

2262 3819 2353 3876 93.
2394 3817 2463 3874 Et
2496 3818 2633 3873 venit
2661 3816 2731 3872 ad
2756 3815 3047 3888 discipulos
3068 3831 3219 3884 suos,
3245 3824 3297 3871 et
3321 3809 3509 3869 itwenit
3528 3818 3605 3859 eos
3627 3808 3721 3850 dor-

2191 3910 2430 3965 mientes.
2461 3907 2532 3962 Et
2561 3909 2698 3962 dixit
2733 3906 2894 3961 Petro
2919 3922 2938 3961 :
2971 3904 3066 3963 Sic
3097 3922 3204 3960 non
3234 3901 3479 3977 potuistis
3509 3908 3602 3949 una
3622 3887 3722 3939 lim

2191 4002 2413 4073 υίθίιανε
2435 4016 2635 4054 mecum
2652 4002 2678 4056 Γ
2710 3997 2961 4070 Vigilate,
2986 4005 3036 4051 et
3064 4006 3239 4064 orate,
3269 4011 3331 4049 ne
3352 3987 3552 4080 intretis
3560 3983 3618 4080 in
3630 3986 3720 4080 tcu-

2192 4095 2446 4148 tatiouem
2481 4093 2549 4147 ".
2582 4089 2836 4158 Quandiu
2876 4089 3097 4162 quidem
3131 4087 3311 4143 adfuit
3346 4083 3502 4140 Jesus
3525 4075 3720 4138 discipu'

2191 4187 2259 4242 lis
2289 4185 2426 4250 suis,
2460 4199 2568 4239 non
2610 4183 2986 4249 dormierunt;
3018 4180 3282 4251 pusillum
3321 4185 3500 4233 autem
3533 4170 3713 4251 progre‘

2189 4275 2373 4331 dieute
2398 4289 2465 4330 eo
2495 4274 2566 4329 ab
2594 4273 2697 4337 eis,
2737 4286 2840 4327 nec
2883 4287 2992 4327 una
3020 4250 3157 4327 hora
3204 4271 3495 4343 potuerunt
3532 4250 3716 4324 νίεῖίπθ

2189 4383 2257 4425 eo
2284 4367 2532 4423 absente.
2571 4364 2800 4436 Propter
2827 4365 2976 4435 quod
3013 4379 3240 4421 oremus
3269 4370 3330 4417 ut
3360 4372 3456 4414 nec
3486 4347 3712 4408 modicum

499 4462 732 4510 mortem
768 4455 893 4526 ejus
932 4454 1044 4510 Deo
1080 4452 1262 4510 fuerat
1296 4455 1646 4524 acquirenda,
1682 4455 1899 4510 dicebat
1925 4455 2085 4526 quasi
2118 4465 2164 4524 ι)
2191 4458 2487 4532 aliquando
2518 4435 3092 4528 JesusiprOgrediatur
3119 4470 3151 4511 a
3185 4453 3367 4518 nobis,
3415 4445 3504 4504 sed
3535 4435 3714 4532 impleat

497 4545 812 4615 recogitans
844 4562 859 4600 :
891 4544 997 4601 Sed
1032 4561 1137 4600 non
1169 4545 1307 4599 sicut
1333 4561 1426 4615 ego
1454 4544 1591 4612 volo,
1622 4545 1713 4599 sed
1744 4546 1885 4600 sicut
1915 4553 2004 4612 tn;
2029 4546 2082 4602 id

496 4646 604 4704 est,
639 4637 686 4691 si
716 4638 976 4708 possibile
999 4647 1083 4695 est
1109 4648 1169 4694 ut
1197 4638 1316 4693 sine
1349 4638 1604 4707 passione
1631 4654 1750 4693 mea
1780 4639 1962 4694 omnia
1991 4639 2082 4694 illa

497 4728 643 4783 bona
684 4730 1025 4799 proveniant,
1077 4746 1201 4801 quae
1246 4745 1343 4800 per
1391 4729 1700 4799 passionem
1745 4746 1924 4785 meam
1955 4739 2086 4787 sunt

498 4829 852 4892 proventura,
883 4831 1128 4877 transeat
1166 4821 1351 4892 passio
1376 4822 1491 4877 haec
1517 4837 1548 4876 a
1593 4837 1702 4889 me,
1733 4830 1794 4877 ut
1831 4833 1887 4878 et
1919 4838 2083 4877 mun-

500 4913 607 4969 dus
636 4912 893 4979 salvetur,
921 4924 971 4968 et
997 4912 1166 4969 Judzei
1192 4915 1245 4969 in
1278 4914 1529 4985 passione
1555 4931 1675 4970 mea
1706 4931 1812 4970 non
1836 4926 2081 4986 pereant.

502 5006 561 5062 Si
597 5017 775 5061 autem
828 5005 947 5060 sine
997 5006 1301 5075 perditione
1356 5007 1744 5077 quorumdam,
1788 5007 2083 5063 multorum

501 5100 651 5157 salus
685 5112 794 5155 non
831 5105 1012 5169 potest
1059 5097 1357 5162 introduci,
1403 5109 1669 5170 quantum
1717 5099 2080 5168 adjustitiam

498 5205 672 5258 tuam,
704 5206 812 5247 non
839 5199 1083 5247 transeat
1112 5189 1256 5244 sicut
1285 5206 1385 5261 ego
1414 5191 1559 5257 volo,
1591 5191 1684 5246 sed
1716 5192 1861 5246 sicut
1895 5198 1971 5245 tu.
2004 5190 2083 5247 Ac

500 5286 546 5341 si
571 5284 770 5339 ‘dicat:
804 5284 908 5337 ista
944 5281 1163 5354 quidem
1203 5290 1288 5336 est
1324 5296 1446 5336 mea
1491 5282 1766 5350 voluntas,
1814 5283 1908 5337 sed
1951 5297 2085 5352 quo-

499 5377 646 5433 niam
679 5386 771 5432 tua
795 5376 1055 5430 voluntas
1090 5374 1262 5430 multo
1302 5373 1629 5429 eminentior
1661 5381 1765 5439 est,
1800 5375 1956 5444 quasi
1993 5375 2045 5428 in
2066 5403 2081 5415 -

498 5471 666 5538 geniti
711 5468 837 5536 Dei,
867 5469 1027 5538 quasi
1057 5467 1237 5523 Patris
1269 5468 1540 5533 omnium,
1570 5477 1854 5538 propterea
1903 5468 2079 5536 magis

501 5561 625 5615 \oln
653 5570 802 5616 tuam
835 5561 1170 5616 voluntatem
1218 5559 1335 5615 ﬁeri
1378 5576 1544 5631 quam
1593 5574 1791 5616 meam.
1835 5558 2074 5614 Calicem

571 5676 616 5708 ⁸⁷
660 5674 803 5732 Psal.
838 5691 960 5740 cxv,
989 5676 1087 5739 ιε,
1120 5676 1206 5733 15.
1283 5677 1329 5713 ⁸³
1368 5674 1528 5733 Joan.
1559 5692 1612 5744 ι,
1645 5676 1693 5732 1.

501 5749 545 5785 ⁸³
585 5747 774 5805 Matth.
812 5761 960 5810 xxvi,
993 5748 1081 5803 40,

1773 5677 1818 5709 δ’
1859 5674 2047 5731 Matth.
2086 5689 2233 5743 χχιι,
2266 5674 2355 5742 40,
2379 5676 2469 5732 41,
2549 5676 2593 5708 ⁶⁰
2629 5672 2818 5729 Matth.
2854 5685 3046 5737 xxvnl,
3075 5668 3165 5726 20.
3240 5667 3280 5698 “
3317 5659 3458 5715 Ριονι
3483 5662 3508 5700 ν

2189 4529 2336 4624 quod
2379 4551 2631 4622 promisit
2660 4551 2713 4604 in
2745 4549 2925 4613 nobis,
2953 4549 3141 4603 dicens
3169 4564 3182 4601 :
3223 4544 3358 4600 Ecce
3383 4553 3470 4610 ego
3493 4529 3710 4588 vobiscum

2188 4662 2278 4701 ero
2308 4644 2549 4699 omnibus
2582 4642 2789 4706 diebus,
2822 4656 2986 4711 usque
3016 4639 3085 4692 ad
3125 4628 3604 4693 consummationem
3634 4624 3712 4711 *αξξ

2189 4736 2296 4792 culi
2324 4734 2393 4790 ".
2424 4734 2516 4789 Sic
2537 4734 2682 4788 enim
2707 4709 3055 4802 vigilabimus
3087 4743 3155 4783 eo
3182 4723 3479 4783 excutiente
3497 4709 3705 4802 somltllﬂl

2188 4828 2259 4882 ab
2288 4826 2471 4881 anima
2506 4833 2713 4889 nostra,
2740 4795 2859 4879 sine
2886 4836 2998 4892 quo
3021 4819 3281 4891 possibile
3302 4829 3406 4871 non
3428 4814 3504 4866 est
3525 4795 3707 4891 imi"?re

2190 4917 2504 4974 mandatum
2533 4915 2676 4986 quod
2707 4915 2840 4970 dicit
2870 4933 2883 4969 :
2916 4913 3029 4968 Nec
3059 4915 3147 4969 des
3180 4920 3413 4967 somnum
3434 4892 3582 4953 oculis
3602 4894 3701 4986 tuti.

2190 5022 2285 5066 aut
2311 4972 2572 5080 palpebris
2599 5010 2703 5063 tuis
2730 5008 3187 5072 dormitationem,
3215 5014 3271 5060 ut
3291 4997 3471 5057 evadas
3493 4987 3611 5080 siit"

2189 5105 2336 5157 mula
2367 5118 2432 5157 ea:
2473 5100 2669 5156 retibus
2710 5111 2759 5155 et
2794 5101 2933 5155 sicut
2976 5100 3087 5154 aris
3128 5115 3194 5153 ea:
3228 5097 3405 5164 laqueo
3441 5083 3501 5134 ⁸⁸-
3533 5073 3698 5129 Tamen

2187 5194 2412 5251 veniens
2438 5194 2505 5249 ad
2528 5192 2849 5262 discipulos,
2878 5202 2933 5248 ct
2954 5192 3237 5247 inveniens
3261 5168 3700 5264 dormieﬂlesvf"?

2186 5288 2321 5342 citat
2341 5301 2437 5342 eos
2459 5284 2626 5340 verbo
2650 5256 2716 5339 ad
2744 5256 3099 5348 audiendum,
3129 5290 3186 5336 ιιι
3207 5282 3317 5351 iam
3336 5265 3480 5364 quasi
3505 5256 3691 5364 ³,θῶῗῖ

2190 5378 2336 5433 tibus
2376 5378 2523 5433 dicat
2570 5376 2715 5447 quod
2757 5376 2901 5430 dicet
2944 5375 3025 5430 sic
3063 5375 3110 5406 "
3140 5391 3155 5429 :
3185 5350 3304 5426 Non
3342 5352 3561 5447 Poma!“
3607 5350 3691 5447 uti

2187 5467 2321 5522 hora
2360 5428 2856 5540 uigilarejmecum?
2895 5464 3145 5536 Praecipit
3182 5469 3354 5517 autem
3396 5428 3688 5540 νίεὶιπθν

2184 5527 2475 5631 vigilantes
2521 5574 2765 5616 oremus.
2819 5555 3020 5627 Vigilat
3061 5527 3240 5610 autem
3272 5547 3360 5622 qui
3406 5535 3520 5596 facit
3555 5527 3687 5690 0:“;

2279 5674 2334 5690 "‘
2391 5676 2440 5690 "
2550 5676 2593 5690 ε’
2629 5672 2777 5690 πη·
3075 5668 3146 5690 an
3240 5667 3279 5690 ιι
3319 5659 3441 5690 nm,
3483 5662 3544 5690 τι,
3602 5673 3614 5690 ,
3667 5662 3681 5680 .

3513 5664 3544 5705 ι,
3571 5662 3614 5698 ιι,
3639 5662 3681 5682 νο

3897 1817 3900 1903 Ἰ

3892 2128 3897 2171 ί

3890 2288 3897 2571 Ξ

3890 2758 3893 2827 1
