4052 6304
429 402 569 461 1715

1592 390 2250 454 COMMENTARIORUM
2287 389 2551 449 SERIES.

3547 394 3683 449 {7&6

420 520 603 583 bona;
638 513 824 587 vigilat
869 511 963 583 qui
997 507 1228 567 sollicite
1262 510 1373 582 agit
1403 510 1471 566 de
1500 509 1625 567 ﬁdei
1656 509 1903 574 veritate,
1939 524 2007 563 ne
2035 514 2081 571 Α
2112 508 2274 563 fuerit
2315 523 2444 563 caro
2492 506 2694 577 ipsius,
2724 513 2782 560 ut
2830 519 2938 560 non
2985 504 3231 575 perﬁciat
3274 519 3439 573 opera
3464 510 3683 575 carnis,

422 611 487 664 in
529 605 746 678 aliquod
784 604 1138 659 tenebrosum
1184 600 1381 668 dogma
1427 601 1692 657 incurrat.
1724 599 1826 666 Qui
1858 601 2005 656 enim

422 698 513 755 sic
541 697 778 767 vigilans
798 705 954 760 orat,
987 693 1135 749 illius
1174 692 1468 747 exauditur
1491 692 1687 747 oratio.
1722 690 1836 748 Hoc
1856 691 2003 747 enim

423 789 701 861 signiﬁcat
727 787 917 843 dicens
941 786 987 818 ⁸⁸
1012 804 1024 839 :
1072 784 1299 854 Vigitate
1332 783 1499 856 905
1529 778 1783 846 et'orate;
1811 792 1869 838 ut
1897 782 2007 853 pri-

426 896 582 934 mum
610 878 921 950 vigilemus,
954 884 1010 931 et
1040 876 1121 932 sic
1151 874 1439 946 vigilantes
1463 891 1706 931 oremus.
1746 873 1898 930 Utue
1925 875 2008 927 iu-

425 972 582 1026 tretis
626 971 683 1023 in
725 969 1086 1024 tentatiouem.
1129 965 1243 1024 Hoc
1270 1009 1287 1034 ,
1319 968 1620 1023 secundum
1668 966 1813 1036 quod
1852 965 2008 1019 multi

422 1061 761 1132 intelligunt,
802 1062 911 1117 tale
951 1069 1035 1116 est
1074 1075 1139 1117 ac
1170 1061 1217 1116 si
1251 1060 1420 1123 dicat,
1455 1072 1517 1114 ut
1551 1075 1658 1114 non
1703 1057 2005 1113 tentemini.

422 1155 491 1210 Si
521 1165 702 1210 autem
735 1155 817 1211 sic
850 1156 1119 1226 placuerit
1146 1155 1290 1219 Deo,
1322 1153 1655 1224 acquiescite
1682 1150 1823 1215 Deo,
1866 1149 2012 1204 sicut

424 1260 521 1301 me
552 1246 785 1303 audistis
816 1257 1086 1303 orantem.
1123 1246 1427 1303 Considera
1459 1252 1642 1300 autem
1674 1243 1720 1299 si
1750 1241 2011 1312 possibile

422 1346 515 1391 est
548 1337 630 1392 sic
669 1337 971 1408 intelligere
1000 1338 1197 1409 magis,
1229 1336 1493 1407 quoniam
1527 1336 1638 1389 vita
1672 1342 1860 1389 nostra
1893 1332 2009 1402 ipsa

425 1429 662 1484 tentatio
684 1438 768 1485 est
801 1429 1105 1485 secundum
1134 1428 1238 1485 Job
1261 1429 1340 1497 “;
1371 1429 1576 1483 intrare
1605 1434 1787 1481 autem
1818 1424 1873 1478 in
1899 1432 2012 1478 ten-

424 1523 715 1589 lationem,
749 1530 847 1577 aut
873 1522 1059 1578 venire
1100 1522 1156 1577 in
1188 1519 1571 1584 tentationem,
1603 1527 1688 1574 est
1729 1517 1926 1572 cadere
1954 1515 2009 1569 in

425 1612 807 1679 tentationem,
838 1620 894 1668 et
924 1613 1068 1668 vinci
1097 1613 1165 1668 ab
1198 1627 1285 1668 ea.
1324 1611 1389 1666 Et
1412 1622 1547 1680 puto
1576 1608 1705 1680 quia
1733 1622 1896 1663 nemo
1918 1621 2012 1662 ve-

426 1703 515 1758 nit
541 1702 607 1759 ad
633 1702 820 1759 iesum
854 1703 1021 1760 simul
1047 1712 1104 1759 et
1130 1704 1189 1757 in
1218 1702 1602 1767 tentatiouem;
1624 1699 1677 1755 si
1708 1707 1889 1755 autem
1920 1713 2013 1753 ve-

427 1793 514 1848 nit
550 1793 606 1847 in
645 1792 1025 1861 tentatiouem,
1063 1808 1173 1847 non
1202 1791 1353 1847 venit
1382 1790 1449 1846 ad
1480 1788 1689 1844 Jesum.
1719 1788 1796 1843 Ad
1824 1785 2009 1843 Iesum

427 1883 580 1939 enim
604 1900 767 1940 nemo
789 1884 959 1951 venit,
991 1884 1096 1940 nisi
1134 1899 1300 1955 quem
1327 1883 1494 1937 trahit
1515 1881 1677 1937 Pater
1708 1882 1775 1937 ad
1802 1879 2012 1945 Iesum,

428 1985 495 2030 ut
532 1975 890 2032 resuscitator
916 1977 989 2031 ab
1030 1990 1117 2031 eo.
1143 1975 1225 2029 Ad
1256 1974 1448 2032 Jesum
1486 1989 1618 2046 ergo
1642 1974 1915 2039 venimus,
1956 1980 2017 2028 ut

427 2075 489 2121 et
530 2066 576 2121 si
602 2073 843 2122 tentator
884 2081 991 2122 nos
1021 2065 1188 2121 fuerit
1225 2074 1567 2136 persecutus,
1596 2072 1653 2119 et
1672 2063 1815 2118 mala
1837 2077 1902 2118 ex
1926 2077 2013 2127 eo,

430 2173 545 2214 non
575 2158 1111 2229 comprehendamur
1127 2158 1199 2213 ab
1224 2157 1326 2221 eis,
1355 2157 1500 2213 sicut
1522 2156 1788 2225 scriptum
1822 2163 1906 2211 est
1926 2156 1971 2187 "
1998 2173 2013 2210 :

431 2245 824 2318 Persequentsr
871 2256 919 2301 te
959 2246 1102 2300 mala
1124 2287 1138 2311 ,
1183 2255 1234 2301 et
1286 2262 1389 2300 nou
1436 2246 1890 2315 comprehendent.
1933 2245 2014 2300 Ad

427 2348 771 2408 peccaton
806 2346 987 2393 autem
1017 2338 1279 2394 dicitur“
1304 2356 1318 2392 :
1352 2336 1747 2408 Consequentur
1774 2349 1825 2393 te
1846 2337 2014 2407 mata,

428 2441 482 2486 et
518 2430 950 2500 comprehendent
976 2440 1044 2486 te.

502 2523 595 2577 91.
645 2519 880 2591 Spiritus
907 2521 1118 2592 quidem
1164 2532 1461 2594 promptus,
1498 2540 1622 2579 caro
1644 2533 1818 2578 autent
1864 2522 2017 2592 inﬁr-

433 2630 521 2667 ma
543 2614 610 2679 ⁸⁷,
643 2614 785 2669 sicut
803 2622 857 2668 et
886 2621 1035 2680 tuus,
1063 2630 1097 2670 o
1123 2613 1303 2684 Petre,
1334 2617 1560 2689 spiritus
1591 2617 1689 2672 fuit
1733 2625 2016 2688 promptus

432 2706 499 2761 ad
533 2706 984 2777 promittendum,
1016 2724 1148 2764 caro
1187 2718 1370 2764 autem
1403 2710 1617 2765 inﬁrma
1648 2710 1715 2765 ad
1754 2710 2016 2765 conﬁten-

427 2797 585 2852 dum.
649 2797 754 2854 Sed
807 2800 912 2855 hoc
957 2809 1043 2856 est
1093 2802 1596 2871 considerandum,
1649 2814 1833 2859 utrum
1874 2802 2018 2857 sicut

427 2888 681 2943 orunium
734 2889 1020 2945 hominum
1062 2907 1191 2948 caro
1219 2893 1435 2949 inﬁrma
1477 2904 1592 2960 est,
1638 2895 1719 2950 sic
1767 2894 2014 2951 omnium

425 2982 657 3051 spiritus
685 2992 972 3053 promptus
996 2995 1081 3040 est
1110 3003 1125 3040 :
1173 3001 1240 3041 an
1271 2988 1519 3042 omnium
1570 2986 1853 3043 hominum
1885 3003 2016 3043 caro

428 3075 651 3145 quidem
686 3075 902 3130 inﬁrma
943 3086 1047 3142 est,
1082 3092 1189 3134 non
1235 3089 1418 3135 autem
1464 3089 1519 3136 et
1546 3081 1791 3136 omnium
1836 3080 2016 3136 homi-

2108 601 2202 656 sed
2245 600 2450 655 habitet
2489 598 2661 655 virtus
2689 597 2893 652 Christi
2940 597 2996 653 in
3023 610 3110 651 ea.
3152 594 3305 653 Unde
3356 596 3684 654 dicebat“:

2110 692 2200 749 Sic
2225 705 2370 748 certe
2397 708 2650 763 repugno,
2673 698 2730 747 et
2754 690 2957 760 castigo
2982 704 3172 757 corpus
3211 704 3403 754 meum,
3425 699 3473 743 et
3494 690 3549 743 in
3580 707 3688 744 ser-

2109 786 2324 838 vitutem
2355 784 2555 853 redigo.
2599 781 2868 849 Quoniam
2917 796 3015 851 per
3049 781 3251 835 multas
3302 780 3689 851 castigationes

2109 876 2240 931 facit
2272 876 2438 931 homo
2470 890 2689 930 carnem
2722 889 2878 929 suam
2921 872 3195 927 inﬁrmam
3240 871 3532 942 proﬁciens
3579 874 3689 942 spi-

2110 971 2240 1035 ritu,
2271 978 2326 1024 et
2356 962 2695 1024 mortiﬁcans
2740 982 2906 1036 opera
2941 966 3148 1021 carnis.
3174 963 3289 1020 Hoc
3335 980 3466 1035 ergo
3507 965 3690 1021 dicere

2109 1063 2226 1118 vult
2258 1063 2325 1117 ad
2360 1061 2664 1133 discipulos
2718 1077 2849 1118 suos
2882 1060 3185 1117 secundum
3236 1060 3397 1114 istam
3435 1058 3687 1114 traditio-

2110 1169 2233 1209 nem
2257 1173 2270 1209 :
2310 1152 2554 1225 Vigilate,
2581 1164 2628 1208 et
2655 1161 2825 1221 orate,
2854 1169 2918 1207 nc
2941 1153 3150 1207 intretis
3179 1152 3232 1205 in
3258 1152 3597 1205 teutationem
3619 1150 3686 1215 ’¹,

2110 1262 2210 1303 vos
2243 1262 2476 1317 quorum
2534 1246 2761 1316 spiritus
2810 1245 3028 1316 quidem
3084 1251 3369 1313 promptus
3406 1252 3511 1308 est,
3558 1258 3690 1298 caro

2112 1347 2292 1392 autem
2330 1336 2566 1391 inﬁrma.
2603 1337 2874 1402 Quoniam
2918 1335 3012 1405 qui
3063 1334 3365 1405 spiritalior
3405 1341 3460 1388 et
3512 1332 3690 1404 perfeo

2112 1428 2251 1482 ctior
2284 1438 2389 1491 est,
2414 1426 2702 1481 sollicitior
2735 1440 2860 1481 esse
2888 1425 3047 1480 debet
3087 1439 3155 1480 ue
3190 1438 3449 1497 magnum
3483 1424 3687 1480 bonum

2113 1518 2288 1589 ipsius
2315 1530 2535 1589 gravem
2567 1516 2765 1571 habeat
2787 1516 3024 1585 lapsum.

2184 1611 2275 1667 95.
2321 1609 2523 1666 Iterum
2567 1609 2765 1665 vadens
2805 1606 2999 1672 Jcsus,
3046 1608 3217 1663 oravit
3265 1606 3485 1662 dicens:
3528 1607 3693 1662 Pater

2113 1720 2280 1766 meus,
2309 1703 2487 1757 sinon
2520 1706 2690 1771 potest
2730 1698 2826 1753 hoc
2860 1699 3090 1753 transire
3113 1714 3147 1750 a
3177 1712 3260 1750 me
3302 1697 3407 1751 nisi
3432 1697 3569 1750 illud
3612 1697 3693 1751 bi-

2115 1797 2256 1861 bam,
2279 1796 2379 1865 ﬁat
2408 1792 2654 1849 voluntas
2679 1800 2770 1845 tua
2782 1791 2849 1844 ⁷³.
2876 1788 3016 1845 Petit
3042 1797 3225 1844 autem
3250 1804 3399 1844 nunc
3423 1796 3485 1842 ut
3513 1797 3692 1843 trans-

2117 1900 2206 1944 eat
2240 1886 2381 1943 calix
2409 1887 2481 1940 ab
2506 1900 2595 1951 eo,
2630 1891 2687 1939 et
2725 1885 2769 1939 si
2802 1896 2910 1937 non
2935 1881 3017 1938 sic
3040 1880 3321 1953 quomodo
3349 1879 3521 1935 voluit
3554 1879 3691 1949 ipse.

2114 1988 2365 2035 transeat
2403 1977 2683 2048 quomodo
2716 1974 2831 2029 vult
2868 1971 3049 2029 Pater.
3092 1970 3194 2028 ilic
3238 1971 3353 2042 jam
3390 1970 3694 2026 secundum

2117 2071 2267 2142 quod
2293 2082 2588 2140 possumus
2618 2065 2940 2137 intelligere,
2961 2078 3318 2134 exponemus,
3348 2069 3411 2116 ut
3436 2075 3562 2116 cum
3591 2059 3698 2115 hoc

2117 2163 2278 2219 etiam
2314 2159 2679 2232 praecedentia
2719 2158 3004 2214 videamur
3054 2154 3398 2227 exposuisse.
3429 2151 3698 2208 Existimo

2116 2257 2262 2312 enim
2287 2254 2547 2325 quoniam
2578 2253 2723 2308 calix
2765 2252 2856 2307 ille
2887 2251 3163 2323 passionis
3193 2247 3440 2305 omnium
3475 2247 3694 2318 quidem

2117 2348 2187 2402 ab
2213 2344 2344 2401 Iesu
2368 2345 2551 2400 fuerat
2585 2344 2943 2407 transiturus,
2977 2341 3072 2398 sed
3099 2356 3224 2397 cum
3258 2339 3563 2397 diﬁ‘erentia
3591 2357 3605 2393 :
3639 2349 3699 2393 ut

2117 2439 2164 2495 si
2199 2436 2423 2509 quidem
2476 2436 2687 2492 biberet
2714 2450 2864 2499 eum,
2902 2442 2958 2490 et
3002 2432 3072 2488 ab
3099 2433 3219 2502 ipso
3250 2431 3507 2487 transiret
3549 2440 3699 2501 post-

2117 2532 2360 2597 modum,
2389 2529 2534 2585 etab
2558 2528 2814 2583 universo
2846 2540 3043 2598 genere
3077 2525 3401 2589 hominum;
3438 2523 3485 2578 si
3510 2532 3695 2577 autem

2119 2641 2226 2680 non
2256 2623 2469 2679 biberet
2494 2638 2641 2688 eum,
2662 2628 2718 2676 et
2748 2620 2818 2675 ab
2849 2618 2968 2687 ipso
3002 2616 3222 2687 quidem
3255 2614 3482 2671 forsitan
3517 2624 3699 2669 trans-

2118 2715 2240 2781 iret,
2272 2714 2342 2768 ab
2387 2710 2703 2767 hominibus
2744 2718 2926 2764 autem
2963 2722 3070 2763 non
3100 2706 3396 2770 transiret,
3436 2704 3530 2761 sed
3577 2718 3700 2759 nia--

2118 2815 2274 2861 neret
2310 2805 2453 2875 apud
2498 2818 2626 2869 eos,
2674 2803 2850 2857 donec
2886 2801 3172 2872 perﬁceret
3213 2814 3330 2854 eos.
3376 2796 3535 2853 Hunc
3566 2811 3699 2866 ergo

2116 2898 2343 2953 calicem
2378 2895 2649 2967 passionis
2671 2893 3049 2965 principaliter
3071 2892 3293 2964 quidem
3329 2889 3544 2945 volebat
3578 2903 3609 2943 a
3639 2904 3701 2943 se

2117 2989 2384 3054 transire,
2421 2987 2502 3043 sic
2556 2997 2613 3042 ut
2659 2985 2885 3042 omnino
2934 2997 3113 3054 neque
3150 2990 3394 3054 gustaret
3433 2979 3700 3036 amaritu-

2117 3078 2297 3133 dinem
2328 3078 2482 3148 ejus,
2523 3076 2571 3131 si
2613 3085 2795 3130 tamen
2835 3072 3096 3144 possibile
3126 3084 3274 3129 esset
3319 3078 3587 3141 quantum
3629 3067 3699 3124 ad

430 3181 562 3219 num
589 3165 817 3235 spiritus
848 3177 1132 3238 promptus
1161 3178 1265 3236 est,
1295 3170 1389 3225 sed
1428 3180 1642 3226 tantum
1671 3180 2009 3228 sanctorum.
2041 3202 2084 3260 ο
2115 3170 2384 3241 justitiam
2417 3168 2532 3224 Dei.
2557 3167 2715 3235 Quod
2748 3167 2894 3222 enim
2926 3165 3163 3229 dicebat,
3189 3165 3238 3218 si
3263 3161 3512 3234 possibile
3531 3171 3608 3217 est
3629 3161 3697 3230 ",

429 3257 573 3330 Ergo
603 3259 673 3314 ad
708 3260 855 3316 solos
881 3261 1183 3331 apostolus,
1213 3263 1297 3317 vel
1327 3263 1395 3318 ad
1418 3279 1514 3320 eos
1552 3265 1646 3335 qui
1683 3265 1891 3323 similes
1934 3268 2015 3322 eis

431 3351 821 3416 inveniuntur,
861 3351 1012 3417 dicit,
1059 3354 1317 3423 quoniam
1366 3356 1585 3423 spiritus
1613 3366 1884 3425 promptus
1911 3366 2013 3422 est,

431 3458 558 3498 caro
590 3453 768 3497 autem
817 3444 1051 3513 inﬁrma.
1108 3443 1413 3500 lnﬁdelium
1471 3457 1652 3500 autem
1685 3455 1737 3501 et
1789 3447 2014 3516 spiritus

430 3533 616 3604 segnis
646 3541 729 3589 est
761 3542 817 3587 et
846 3549 976 3587 caro
1014 3533 1251 3587 inﬁrma.
1291 3532 1347 3586 Si
1374 3548 1505 3603 ergo
1535 3534 1600 3587 ad
1640 3545 1860 3591 sanctos
1895 3546 2015 3590 tan-

430 3633 549 3678 tum
578 3623 859 3677 Christum
908 3623 1088 3677 dicere
1135 3623 1240 3677 hoc
1280 3624 1559 3693 procedit,
1609 3638 1867 3692 provocat
1914 3643 2015 3683 nos

433 3720 493 3766 ut
514 3726 830 3782 quaeramus
851 3711 1108 3782 quoniam
1132 3719 1217 3766 est
1245 3712 1369 3766 aliis
1400 3727 1529 3766 caro
1557 3711 1793 3780 inﬁrma,
1822 3732 2012 3771 eorum

432 3812 614 3859 tamen
645 3802 888 3859 solorum
923 3818 1159 3872 quorum
1183 3804 1411 3873 spiritus
1440 3814 1728 3876 promptus
1764 3816 1867 3861 est.
1901 3806 2015 3877 Ego

432 3904 614 3951 autem
654 3895 778 3949 dico
820 3910 1039 3950 carnem
1094 3895 1366 3950 inﬁrmam
1413 3913 1535 3953 esse
1579 3897 1725 3954 illius
1768 3899 1860 3970 qui
1905 3915 2012 3954 non

434 3986 600 4040 habet
628 3997 936 4057 peccatum,
969 4000 1069 4041 nec
1093 3986 1278 4043 carnis
1314 3988 1637 4058 sapientiam
1671 3988 1889 4052 fortem,
1920 3990 2014 4044 sed

432 4076 741 4145 defectam,
771 4077 866 4149 qui
918 4093 1043 4133 cum
1089 4077 1282 4148 spiritu
1323 4089 1578 4149 prompto
1628 4082 1812 4138 carnis
1850 4097 2015 4151 opera

434 4170 804 4236 mortiﬁcavit,
836 4177 891 4225 et
938 4168 1261 4239 sapientiam
1312 4169 1495 4225 carnis
1539 4170 1605 4225 ad
1656 4171 1887 4226 nihilum
1926 4189 2014 4227 re-

433 4261 626 4328 duxit,
658 4269 719 4317 ut
772 4277 990 4331 semper
1025 4270 1253 4316 mortem
1307 4261 1508 4316 Christi
1566 4263 1917 4319 circumferat
1960 4265 2013 4319 in

436 4369 666 4424 corpore
685 4369 808 4418 suo,
839 4352 1165 4423 praevalente
1204 4353 1457 4409 videlicet
1486 4355 1680 4425 spiritu
1715 4358 1771 4410 in
1812 4372 2015 4413 concu-

437 4444 716 4515 piscentiis
768 4448 905 4512 suis,
968 4445 1233 4500 adversus
1276 4447 1751 4517 concupiscentias
1793 4450 2012 4506 carnis:

2119 3279 2226 3316 non
2277 3262 2346 3316 ad
2376 3260 2677 3331 potentiam
2726 3257 2820 3313 Dei
2873 3257 3144 3312 referebat
3176 3257 3373 3323 solam,
3403 3255 3499 3311 sed
3532 3255 3696 3309 etiam

2116 3356 2183 3411 ad
2209 3354 2481 3424 justitiam
2520 3353 2681 3423 ejus:
2715 3353 2973 3423 quoniam
3014 3350 3068 3404 in
3105 3357 3370 3420 quantum
3408 3348 3479 3403 ad
3511 3358 3701 3418 potenc

2117 3448 2245 3503 tiam
2276 3448 2498 3518 quidem
2528 3444 2643 3511 Dei,
2674 3445 2856 3501 omnia
2895 3442 3179 3513 possibilia
3212 3447 3360 3507 sunt,
3387 3440 3503 3496 sive
3526 3439 3696 3510 justa,

2114 3538 2231 3593 sive
2261 3538 2503 3606 injusta;
2542 3545 2810 3604 quantum
2834 3546 3016 3589 autem
3042 3533 3110 3589 ad
3131 3532 3401 3603 justitiam
3428 3532 3570 3602 ejus,
3602 3532 3697 3601 qui

2116 3645 2223 3683 non
2252 3628 2430 3682 solum
2480 3635 2674 3696 potens
2708 3637 2814 3689 est,
2860 3625 2955 3681 sed
3000 3625 3164 3680 etiam
3192 3625 3398 3695 justus,
3431 3639 3540 3679 non
3570 3634 3700 3680 sunt

2115 3717 2299 3773 omnia
2348 3716 2663 3787 possibilia,
2716 3715 2809 3770 sed
2854 3729 2918 3770 ea
2964 3715 3078 3770 sola
3126 3730 3250 3784 qua:
3273 3716 3420 3785 justa
3456 3725 3601 3770 sunt.
3638 3714 3697 3768 Si

2115 3818 2299 3864 autem
2324 3824 2431 3863 non
2472 3816 2684 3877 poterat
2726 3805 2867 3872 ﬁeri,
2912 3806 3088 3877 magis
3130 3806 3345 3861 volebat
3389 3816 3449 3860 ut
3491 3806 3700 3861 biberet

2114 3917 2239 3957 eum
2262 3941 2279 3968 ,
2311 3909 2366 3955 et
2400 3901 2481 3956 sic
2512 3900 2771 3954 transiret
2800 3899 2870 3954 ab
2902 3914 2971 3954 eo
3004 3908 3058 3954 et
3090 3898 3160 3953 ab
3202 3898 3460 3955 universo
3502 3915 3700 3967 genere

2116 3993 2426 4058 hominum,
2461 4007 2627 4063 quam
2655 4000 2715 4048 ut
2756 3991 2962 4048 faceret
3004 4001 3199 4048 contra
3228 3992 3564 4049 voluntatem
3595 4009 3696 4062 pa-

2114 4097 2351 4154 ternam,
2373 4085 2696 4141 bibitionem
2742 4084 2862 4155 ejus
2901 4083 3187 4155 eﬁ'ugiens.
3222 4082 3451 4154 Propter
3488 4085 3695 4140 exitum

2114 4192 2245 4247 ergo
2280 4176 2482 4231 bonum
2528 4174 2774 4245 quierat
2810 4172 3030 4229 futurus
3060 4182 3185 4243 post
3222 4173 3451 4228 bibitam
3495 4175 3701 4228 amari-

2116 4268 2359 4323 tudinem
2411 4266 2620 4332 calicis,
2651 4274 2773 4321 orat
2802 4268 2920 4321 vice
2966 4264 3437 4320 secunda-dicens
3470 4283 3485 4319 :
3538 4262 3699 4320 Pater

2115 4377 2260 4415 meus
2285 4399 2301 4426 ,
2337 4359 2384 4411 si
2433 4374 2539 4411 non
2586 4366 2661 4411 est
2710 4355 2961 4427 possibile
2999 4364 3057 4410 ut
3096 4364 3334 4410 transeat
3375 4356 3479 4411 nisi
3520 4356 3697 4411 bibero

2113 4467 2256 4518 eum,
2278 4450 2376 4520 fiat
2407 4449 2650 4504 voluntas
2679 4458 2773 4504 tua
2788 4446 3235 4513 ".jbianifestutn
3261 4448 3547 4519 estitaque
3565 4451 3695 4519 quia

433 4538 693 4608 quoniam
716 4554 841 4591 caro
865 4538 1189 4607 concupiscit
1210 4539 1459 4594 adrersus
1492 4541 1762 4610 spiritum,
1794 4545 2012 4613 spiritus
2046 4558 2089 4613 ι)
2121 4543 2302 4599 bibere
2359 4558 2484 4598 eum
2533 4543 2766 4598 volebat.
2794 4540 3071 4609 Quantum
3127 4540 3194 4595 ad
3236 4542 3695 4610 comparationem

435 4639 608 4683 autem
634 4629 883 4683 adversus
904 4645 1117 4683 carnem
1134 4631 1201 4686 "'.
1228 4628 1296 4684 Et
1314 4633 1428 4687 haec
1453 4632 1506 4686 in
1527 4632 1858 4703 imperfectis
1890 4635 2012 4705 qui-

433 4722 556 4777 dem
589 4722 949 4778 adversantur
992 4724 1253 4791 invicem,
1292 4724 1345 4779 in
1385 4725 1639 4796 perfectis
1674 4736 1856 4783 autem
1895 4728 2009 4798 jam

435 4831 546 4869 non
577 4815 898 4872 adversatur
928 4831 1082 4881 caro,
1134 4818 1227 4872 sed
1272 4818 1595 4875 mortiﬁcata
1622 4827 1728 4884 est,
1775 4828 1831 4874 et
1856 4820 2010 4874 inﬁr-

436 4914 580 4962 mata
621 4914 709 4962 est
746 4906 1013 4977 sapientia
1067 4908 1251 4964 carnis
1291 4909 1344 4963 in
1393 4926 1585 4975 carne,
1634 4919 1689 4964 et
1716 4910 2010 4980 concupis-

438 4997 613 5053 centia
645 4998 767 5069 ejus
791 4999 1059 5054 exstincta
1092 5009 1206 5067 est;
1240 5000 1371 5055 vivit
1403 5011 1585 5057 autem
1615 5001 1668 5056 in
1708 5017 1770 5058 ea
1795 5002 2012 5073 sapien-

437 5091 512 5148 tia
543 5092 797 5163 spiritus,
833 5093 966 5148 vivit
1001 5102 1182 5150 autem
1208 5103 1263 5150 et
1299 5104 1577 5165 operatur.
1606 5094 1683 5151 De
1716 5112 1824 5166 qua
1861 5096 2015 5151 inﬁr-

439 5185 627 5241 mitate
659 5197 715 5241 et
742 5184 1008 5243 Dominus
1033 5187 1100 5242 ad
1129 5186 1450 5258 Apostolum
1485 5187 1618 5243 dicit
1650 5188 1717 5253 “,
1753 5189 2012 5258 quoniam

437 5277 602 5330 virtus
630 5277 686 5351 iu
726 5276 1038 5346 inﬁrmitate
1063 5277 1360 5347 perﬁcitur,
1384 5276 1440 5333 id
1484 5287 1567 5334 est
1596 5278 1652 5333 in
1698 5279 2013 5335 inﬁrmitate

436 5368 617 5426 carnis
646 5378 702 5425 et
737 5369 1017 5440 sapientiae
1046 5369 1187 5441 ejus.
1226 5370 1454 5442 Propter
1479 5371 1623 5442 quod
1662 5372 1741 5427 ait
1770 5372 2007 5444 Aposto-

440 5459 586 5517 lus"
613 5481 627 5517 :
661 5460 795 5518 Cum
820 5464 959 5518 enim
991 5464 1254 5534 inﬁrmor,
1295 5473 1416 5517 tunc
1438 5472 1619 5534 potens
1642 5480 1780 5519 sum.
1810 5463 2011 5520 Potens

438 5553 578 5608 enim
606 5562 736 5609 tunc
760 5555 820 5610 ﬁt
857 5555 1239 5626 unusquisque
1263 5564 1547 5622 nostrum,
1578 5572 1704 5611 cum
1739 5556 2010 5611 inﬁrmata

501 5668 547 5700 “
587 5668 775 5725 Matth.
815 5689 964 5737 “vr,
1018 5671 1108 5725 41.
1187 5671 1231 5704 ⁵⁸
1271 5687 1368 5733 vn,
1423 5672 1473 5727 1.

436 5739 477 5811 ετ
506 5736 721 5811 llcor,
748 5758 864 5811 xu,
896 5736 955 5800 9.
1058 5743 1102 5775 το
1144 5740 1279 5798 ibid.
1317 5742 1399 5797 to.

435 5809 478 5843 "
501 5808 635 5868 ibid.
667 5809 758 5866 42.

1580 5673 1624 5706 θ’
1659 5670 1820 5726 Prov.
1879 5688 1976 5727 xm
2003 5713 2017 5737 ,
2064 5671 2153 5725 21.

1496 5743 1541 5776 τι
1583 5741 1603 5797 1
1641 5742 1770 5799 Cor.
1802 5758 1880 5816 ix,
1912 5744 2005 5806 9.6,
2051 5742 2141 5797 27.
2219 5745 2262 5777 τ’
2303 5743 2491 5800 Matth.
2532 5759 2681 5811 xxvi,
2726 5743 2814 5798 εΗ.

2119 4636 2288 4703 enim,
2315 4634 2510 4691 melius
2532 4644 2650 4690 erat
2678 4645 2737 4688 ut
2767 4645 2989 4705 propter
3026 4633 3348 4688 bibitionem
3369 4633 3489 4703 ejus
3517 4643 3698 4690 trans-

2121 4726 2243 4793 iret,
2273 4741 2438 4797 quam
2472 4735 2533 4780 ut
2579 4740 2688 4779 non
2723 4724 2983 4779 transiret
3028 4732 3246 4794 pr0pter
3284 4723 3428 4791 quod
3465 4738 3574 4778 non
3612 4726 3697 4779 bi-

2120 4817 2277 4873 berat
2304 4832 2455 4873 eum.
2481 4815 2631 4871 Pone
2655 4816 2804 4870 enim
2847 4814 3139 4870 Dominum
3178 4829 3286 4867 non
3326 4813 3529 4869 bibisse
3563 4815 3699 4871 cali-

2118 4922 2238 4965 cem
2269 4908 2444 4975 illum,
2470 4917 2526 4963 et
2558 4915 2778 4978 propter
2818 4907 2920 4961 hoc
2950 4920 3081 4979 eum,
3122 4920 3230 4960 non
3258 4907 3562 4970 transiisse.
3578 4909 3699 4963 sine

2119 5003 2286 5059 dubio
2342 5019 2443 5060 nec
2487 5019 2518 5058 a
2568 5018 2765 5075 genere
2808 5003 3423 5059 bumanotransiissent
3472 5004 3698 5073 spiritus

2116 5105 2407 5168 operantes
2434 5104 2677 5167 peccata.
2698 5095 3098 5152 Convenienter
3115 5104 3297 5151 autem
3324 5112 3501 5167 neque
3523 5112 3697 5167 pmnu:

2119 5189 2595 5259 transiissentquze
2633 5187 2973 5243 debebantur
3018 5187 3276 5259 peccatis.
3346 5185 3491 5259 Ergo
3534 5201 3690 5258 expe-

2118 5280 2298 5337 diebat
2325 5280 2586 5335 omnibus
2630 5287 2691 5334 ut
2720 5280 2976 5335 transiret
3015 5279 3157 5334 calix
3186 5279 3255 5334 ab
3297 5294 3384 5344 eo,
3411 5286 3691 5348 propterea

2116 5372 2261 5442 quod
2315 5372 2529 5427 biberat
2579 5387 2705 5427 eum
2764 5356 3051 5435 Salvator,
3085 5379 3144 5425 ut
3188 5385 3288 5425 nos
3334 5386 3528 5425 omnes
3572 5386 3691 5427 crc-

2113 5466 2307 5521 ‘dcntes
2364 5465 2418 5519 in
2472 5479 2598 5520 eum
2650 5463 2741 5534 qui
2791 5463 3004 5519 biberat
3056 5477 3219 5528 eum,
3271 5478 3379 5518 non
3444 5462 3696 5518 bibamus

2122 5558 2273 5611 illum
2305 5558 2531 5613 calicem
2583 5556 2692 5611 vini
2746 5555 2917 5623 meri,
2964 5553 3057 5625 qui
3118 5564 3266 5626 potat
3313 5565 3369 5613 et
3412 5566 3698 5629 potaturus

2252 5667 2475 5728 “iibid.
2554 5671 2840 5727 67'Matth.
2889 5687 3051 5731 xxvi,
3097 5670 3186 5725 11.
3265 5673 3309 5705 ⁸⁸
3347 5673 3465 5729 Gal.
3521 5692 3575 5742 v,
3610 5674 3694 5729 l7.

2252 5745 2262 5776 '
2303 5743 2491 5800 Matth.
2532 5759 2681 5802 XXVI.
2726 5743 2814 5798 εΗ.
2893 5740 2938 5773 ⁷³
2978 5741 3108 5797 ibid.
3159 5743 3248 5800 4‘2.
3326 5744 3377 5777 ⁷⁸
3425 5746 3556 5802 ibid.
3604 5744 3693 5799 59.

3055 5761 3108 5796 tl.
3159 5761 3248 5800 42.
3332 5761 3377 5777 ¹⁹’
3425 5761 3556 5803 ιυω.
3605 5761 3693 5799 οἱ).
