4052 6304
503 371 640 426 1751

1705 363 2033 422 ΟΒῘΟΕΝιδ
2066 364 2134 422 IN
2177 366 2595 426 MATTHIEUM

3642 338 3647 345 ”
3733 371 3834 426 ηδτ

503 496 626 559 das,
657 492 861 551 timens
887 507 955 549 ne
990 492 1150 560 forte,
1174 491 1222 547 si
1247 488 1598 546 manifestum
1631 505 1690 547 se
1719 492 2091 548 adversarium
2120 496 2166 553 Α
2195 491 2458 547 adversus
2501 490 2809 558 Christum,
2859 492 3261 549 adversarius
3320 489 3558 546 Chriin
3623 490 3833 564 princeps

502 585 831 647 prmbuisset
875 592 930 639 et
974 583 1308 655 proditorem
1366 582 1637 654 magistri,
1689 583 1808 653 ipse
1838 586 1887 639 ei
1937 584 2091 639 ﬁeret

503 690 674 731 causa
724 674 1020 739 evasionis,
1073 689 1198 729 cum
1231 681 1437 743 posset,
1493 682 1759 744 quantum
1809 674 1877 729 ad
1921 675 2091 745 ipsius

504 768 900 839 opinationem,
931 784 996 823 ex
1021 766 1350 839 quibusdam
1374 767 1763 823 secretioribus
1788 768 2091 838 disciplinis

504 858 762 927 etfugcre,
815 866 869 911 et
895 858 1074 912 facere
1100 872 1159 912 se
1189 857 1243 910 in
1270 871 1520 926 parvum.
1560 853 1630 911 Ut
1660 871 1790 927 ergo
1810 857 1949 911 nihil
1986 858 2092 914 tale

504 949 794 1019 suspicans
843 947 1028 1013 Iesus,
1070 947 1373 1004 secundum
1427 947 1575 1017 quod
1617 944 1788 1002 Iudas
1821 947 2091 1016 opinaba-

505 1047 613 1101 tur,
655 1040 745 1093 sed
779 1047 981 1107 putans
1008 1053 1135 1094 cum
1171 1038 1433 1102 amicum,
1479 1037 1759 1108 quomodo
1796 1039 1971 1094 nescit
2010 1038 2092 1094 sic

503 1133 784 1200 insperate
805 1132 1303 1202 comprehendatur
1334 1173 1350 1198 ,
1399 1131 1520 1188 ideo
1548 1132 1654 1186 hoc
1675 1131 1823 1187 dedit
1847 1132 2085 1202 signum,

504 1222 689 1277 sciens
708 1221 824 1292 jam
846 1222 1106 1293 quoniam
1135 1222 1181 1278 si
1208 1221 1475 1278 noluisset
1501 1222 1913 1293 comprehendi,
1948 1240 2089 1278 nun-

502 1331 668 1383 quam
716 1316 1152 1385 comprehensus
1181 1314 1397 1381 fuisset,
1426 1316 1521 1371 sed
1551 1316 1741 1371 volens
1767 1316 1999 1387 prtebuit
2030 1332 2090 1372 se

504 1407 762 1462 manibus
802 1416 1176 1478 peccatorum.
1220 1406 1335 1475 Ego
1360 1416 1545 1462 autem
1581 1417 1712 1477 puto
1745 1407 1892 1478 quod
1922 1409 2087 1463 etiam

502 1515 693 1554 omnes
717 1499 1025 1569 proditores
1055 1499 1322 1562 veritatis,
1349 1512 1535 1554 amare
1562 1500 1845 1555 veritatem
1883 1500 2090 1570 fingen-

505 1600 606 1654 les,
656 1601 711 1646 ct
760 1592 934 1648 osculi
982 1591 1140 1662 signo
1192 1601 1404 1646 utentes
1427 1591 1586 1661 quasi
1615 1594 1851 1660 quadam
1880 1593 2090 1648 indica-

502 1687 653 1739 tione
704 1683 1008 1749 cliaritatis,
1060 1683 1299 1752 produnt
1355 1680 1591 1738 Verbum
1646 1682 1743 1739 Dei
1778 1685 2090 1740 volentibus

503 1776 683 1845 ipsum
720 1785 902 1830 tenere
932 1775 1265 1830 adversariis
1306 1775 1450 1845 ejus,
1501 1774 1639 1830 nihil
1678 1776 1966 1846 pacificum
1999 1775 2086 1830 in-

503 1867 672 1933 dutis,
718 1867 944 1922 bellicos
996 1875 1176 1921 autem
1209 1866 1439 1938 gladios,
1471 1876 1526 1922 et
1558 1868 1808 1937 injurias,
1837 1876 1891 1923 et
1917 1866 2089 1925 fustes

503 1959 851 2014 habentibus.
904 1957 971 2013 Et
1018 1960 1150 2015 dicit
1181 1959 1428 2028 proditor
1458 1957 1587 2014 Jesu
1618 1979 1632 2014 :
1664 1959 1849 2015 Rabbi.
1885 1960 2089 2017 Omnes

502 2051 648 2105 enim
681 2051 953 2119 haeretici,
989 2052 1452 2122 quemadmodum
1481 2050 1653 2107 Judas
1677 2094 1692 2120 ,
1739 2053 1818 2109 sic
1845 2052 1973 2109 Iesu
2007 2053 2090 2109 di-

503 2152 635 2197 cunt
662 2160 676 2197 :
702 2142 895 2209 Rabbi,
919 2143 1013 2212 qui
1050 2152 1105 2199 et
1136 2144 1459 2200 osculantur
1488 2160 1615 2200 eum
1649 2145 1789 2202 sicut
1819 2154 1873 2202 et
1898 2144 2085 2202 Judas.

500 2235 583 2290 Ad
636 2251 778 2305 quos
826 2236 1013 2291 omnia
1066 2236 1360 2308 placabilia
1415 2237 1547 2294 dicit
1574 2236 1759 2303 Jesus,
1814 2253 1941 2294 cum
1979 2239 2090 2295 sint

499 2340 692 2382 omnes
718 2326 887 2383 Judas
920 2327 1167 2398 proditor
1203 2347 1217 2383 :
1251 2326 1419 2396 Iuda,
1455 2328 1636 2384 osculo
1684 2327 1888 2383 Filium
1920 2328 2090 2383 homi-

502 2419 584 2472 nis
612 2418 781 2472 tradis
806 2419 886 2474 '°?
918 2419 1061 2475 Dicit
1088 2430 1270 2475 autem
1294 2421 1344 2476 ei
1377 2422 1756 2493 improperans
1777 2424 2086 2480 simulatio-

502 2528 626 2566 nem
669 2513 921 2567 amicitia:
960 2513 1080 2584 ejus
1110 2531 1124 2568 :
1158 2512 1362 2580 Amice,
1400 2517 1470 2568 ad
1505 2515 1634 2587 quid
1658 2516 1946 2593 verristi’f?
1974 2515 2088 2573 Hoc

499 2604 647 2658 enim
675 2605 893 2660 nomine
933 2604 1206 2660 neminem
1259 2606 1531 2661 bonorum
1572 2607 1626 2661 in
1675 2607 1974 2678 scripturis
1996 2624 2087 2664 co-

500 2696 820 2768 gnoscimus
849 2697 1202 2767 appellatum.
1234 2697 1316 2752 Ad
1352 2700 1556 2753 malum
1584 2700 1752 2767 enim,
1778 2710 1832 2756 et
1861 2717 1969 2756 non
1999 2703 2085 2756 in-

500 2790 693 2845 dutum
759 2791 1096 2860 nuptialibus
1146 2791 1487 2848 vestimentis
1533 2793 1666 2848 dicit
1709 2794 1755 2827 ’3
1808 2812 1820 2848 :
1876 2794 2080 2863 Amice,

498 2882 628 2954 quid
655 2882 756 2936 huc
781 2884 967 2937 venisti
995 2900 1097 2937 non
1134 2885 1327 2939 habens
1350 2895 1539 2940 vestem
1562 2886 1851 2956 nuptialem
1871 2887 2085 2944 ?Malus

500 2983 682 3029 autem
725 2983 806 3030 est
829 2975 922 3044 qui
949 2985 1003 3031 et
1038 2976 1090 3030 in
1117 2978 1377 3047 parabola
1413 2978 1621 3033 denarii
1658 2979 1847 3035 audit:
1879 2980 2082 3049 Amice,

499 3082 605 3119 non
642 3067 735 3120 tibi
763 3067 903 3137 facio
940 3066 1215 3136 injuriam.
1264 3067 1455 3124 Nonne
1490 3071 1559 3123 ad
1589 3071 1865 3125 denarium
1904 3087 2087 3126 conve-

2196 589 2546 643 sacerdotum
2580 584 2842 651 Caiphas.
2874 583 3123 640 Videtur
3162 592 3391 639 autem
3430 582 3579 636 mihi
3609 585 3831 652 quoniam

2197 677 2291 747 qui
2323 693 2389 733 ex
2431 678 2687 748 gentibus
2729 675 3095 731 crediderunt
3128 716 3147 740 ,
3192 688 3427 731 omnes
3458 689 3613 729 unus
3640 678 3832 746 populus

2193 770 2475 826 constituti
2508 771 2560 823 in
2587 768 2839 833 Christo,
2874 783 2971 838 per
3004 768 3129 822 hoc
3184 767 3404 836 ipsum
3438 767 3599 835 quod
3626 767 3830 821 credide-

2194 870 2324 915 runt
2350 859 2406 913 in
2438 860 2744 923 Christum,
2785 856 2912 912 facti
2946 864 3086 912 sunt
3115 870 3325 911 causa
3377 863 3445 909 ut
3478 854 3831 924 praeciderem

2191 950 2506 1007 Iudaeorum
2549 950 2761 1005 auditio
2805 949 2996 1003 dextra
3019 988 3035 1016 ,
3108 946 3478 1003 secundum
3514 946 3665 1015 quod
3695 944 3832 1000 fuerat

2192 1045 2578 1115 pmphetatum
2634 1042 2702 1098 de
2732 1043 2815 1099 eis
2838 1042 2859 1075 δ
2896 1061 2910 1099 :
2947 1041 3147 1098 Grava
3211 1057 3405 1096 aures
3454 1038 3649 1110 populi
3686 1038 3829 1109 hujus,

2190 1149 2239 1191 et
2280 1137 2459 1192 oculos
2504 1152 2685 1192 eorum
2708 1135 2963 1205 deprime,
3000 1144 3063 1189 ut
3108 1151 3194 1190 ne
3241 1133 3519 1189 videntes
3550 1131 3767 1197 videant,
3792 1141 3829 1184 et

2191 1227 2465 1281 audientes
2490 1227 2813 1298 intelligant,
2846 1235 2896 1281 et
2938 1234 3401 1292 conuertantur,
3447 1233 3505 1278 et
3529 1238 3707 1277 saneta
3739 1238 3822 1275 eos.

2264 1319 2388 1373 102.
2430 1317 2577 1373 Tunc
2617 1318 2694 1373 ait
2727 1316 2887 1373 Iesus
2933 1318 2984 1372 ei
3006 1332 3027 1370 :
3056 1316 3377 1372 Converte
3418 1313 3672 1385 gladium
3713 1322 3823 1364 tum

2190 1413 2247 1465 in
2269 1410 2442 1465 locum
2468 1427 2623 1465 suum
2643 1411 2689 1464 ⁸.
2717 1408 2838 1465 Mox
2873 1407 3038 1465 Iesus
3071 1408 3158 1462 ad
3197 1422 3349 1463 eum
3386 1407 3495 1478 qui
3535 1405 3711 1460 fuerat
3733 1404 3820 1474 glao

2190 1503 2285 1557 dio
2323 1516 2459 1557 usus
2482 1542 2498 1568 ,
2540 1509 2594 1556 et
2628 1500 2930 1556 abstulerat
2958 1499 3315 1555 auriculam
3351 1498 3513 1555 servi
3546 1496 3694 1551 illius
3724 1495 3823 1550 der

2192 1603 2356 1657 tram,
2392 1608 2504 1647 non
2543 1593 2684 1648 dixit
2729 1615 2741 1649 :
2785 1591 2978 1647 Exime
3024 1590 3309 1661 gladium
3340 1632 3357 1658 ,
3399 1589 3506 1646 sed
3543 1603 3562 1643 :
3607 1587 3817 1644 Converte

2192 1684 2431 1756 gladium
2458 1685 2516 1738 in
2546 1684 2721 1739 locum
2750 1701 2929 1739 suum.
2981 1682 3081 1740 Est
3124 1697 3287 1755 ergo
3324 1682 3513 1753 gladii
3548 1680 3738 1750 aliquis
3762 1679 3818 1731 lo-

2191 1794 2311 1844 cus,
2339 1793 2407 1833 ex
2441 1792 2551 1848 quo
2595 1793 2704 1833 non
2747 1776 2875 1832 licet
2924 1777 3207 1847 accipere
3268 1789 3416 1830 eum
3461 1774 3563 1844 qui
3596 1787 3697 1826 non
3728 1769 3812 1824 vult

2195 1870 2374 1939 perire
2396 1909 2412 1936 ,
2450 1869 2691 1924 maxime
2720 1870 2781 1923 in
2805 1869 3008 1940 gladio.
3041 1867 3358 1923 Pacificos
3401 1865 3559 1920 enim
3594 1864 3703 1918 vult
3722 1877 3816 1916 esse

2190 1959 2361 2018 Jesus-
2404 1961 2707 2033 discipulos
2754 1977 2907 2029 suos,
2967 1969 3026 2015 ut
3059 1960 3363 2016 bellicum
3403 1958 3651 2031 gladium
3697 1955 3808 2009 hunc

2191 2054 2547 2123 deponentes,
2597 2052 2829 2108 alterum
2869 2053 3178 2122 pacificum
3238 2051 3544 2122 accipiant
3585 2047 3805 2119 gladium,

2191 2159 2356 2215 quem
2383 2144 2516 2201 dicit
2541 2143 2825 2214 Scriptura
2859 2144 2881 2176 ⁸
2905 2144 3159 2216 gladium
3207 2145 3490 2215 spiritus.
3524 2138 3705 2195 Simile
3723 2153 3801 2192 ati-

2190 2246 2299 2292 tcm
2335 2236 2470 2291 mihi
2504 2237 2719 2292 videtur
2762 2236 2908 2307 quod
2941 2236 3076 2292 dicit
3124 2255 3143 2293 :
3189 2235 3417 2292 Onmes
3453 2234 3549 2302 qui
3575 2232 3802 2300 accipiunt

2190 2328 2453 2401 gladium,
2485 2329 2672 2399 gladio
2691 2338 2741 2383 et
2773 2329 3053 2400 peribunt"
3079 2347 3095 2397 ;
3132 2329 3196 2385 id
3234 2337 3356 2397 est,
3388 2342 3592 2383 omnes
3611 2324 3793 2395 quinon
3900 2324 3901 2375 l

2190 2429 2321 2478 sunt
2348 2421 2582 2492 pacifici,
2616 2422 2709 2476 sed
2739 2421 2864 2477 belli
2890 2422 3318 2487 concitatores,
3360 2422 3421 2476 in
3454 2435 3524 2476 co
3557 2416 3689 2472 bello
3708 2428 3796 2483 per-

2190 2515 2348 2570 ibunt
2390 2514 2535 2583 quod
2579 2515 2881 2581 concitant,
2926 2524 2986 2569 ut
3023 2515 3096 2570 sit
3144 2515 3211 2569 in
3249 2515 3342 2570 eis
3384 2511 3604 2583 gladius
3630 2516 3788 2577 mystc-

2192 2608 2334 2663 rium
2374 2607 2499 2663 belli
2525 2616 2578 2663 et
2607 2607 2743 2662 litis.
2779 2606 2846 2663 Et
2878 2618 3011 2677 puto
3040 2608 3205 2679 quod
3250 2622 3467 2661 omnes
3510 2596 3786 2659 tumultuosi

2188 2708 2243 2755 et
2275 2698 2648 2754 concitatores
2687 2698 2955 2753 bellorum
2981 2738 2998 2764 ,
3046 2706 3105 2752 et
3157 2695 3583 2752 conturbantes
3612 2690 3784 2743 animas

2190 2786 2500 2852 hominum,
2539 2788 2776 2842 maxime
2806 2785 3222 2853 Ecelcsiarttin,
3255 2786 3557 2856 accipiunt
3586 2778 3783 2850 gladium

2190 2880 2243 2935 in
2273 2896 2383 2950 quo
2417 2890 2471 2935 et
2504 2880 2607 2950 ipsi
2643 2880 2929 2950 peribunt;
2978 2880 3265 2949 quoniam
3289 2878 3395 2949 qui
3420 2875 3560 2947 fodit
3594 2872 3778 2942 fatear,

2188 2975 2300 3046 ipse
2323 2956 2512 3029 incidit
2542 2975 2597 3027 in
2621 2989 2737 3028 eam
2764 2974 2817 3041 ες
2848 2973 3115 3044 quoniam
3151 2979 3516 3027 convertetur
3539 2965 3680 3020 dolor
3708 2975 3778 3015 co-

2190 3085 2312 3123 rum
2357 3069 2411 3123 in
2453 3076 2614 3138 caput
2650 3066 2918 3137 ipsorum,
2950 3074 3000 3120 et
3030 3066 3315 3137 iniquitas
3357 3076 3555 3118 eorum
3583 3059 3634 3110 in
3661 3068 3771 3108 cm-

500 3158 627 3211 nisti
652 3160 892 3212 mecum?
925 3161 1114 3228 Accipe
1148 3162 1289 3230 quod
1328 3172 1479 3215 tuum
1510 3172 1588 3217 est
1615 3204 1630 3229 ,
1670 3172 1720 3217 et
1755 3164 1906 3218 vade.
1949 3162 2079 3218 Volo
2108 3177 2157 3240 ρ
2189 3162 2342 3214 brum
2388 3176 2579 3215 eorum
2621 3158 2898 3212 descendet
2919 3159 2961 3212 °.
2991 3157 3097 3213 Sed
3133 3166 3197 3212 et
3236 3153 3572 3225 simpliciter
3596 3144 3775 3201 audien-

500 3258 676 3302 autem
710 3260 757 3304 et
789 3249 911 3303 huic
940 3252 1223 3305 novissimo
1258 3251 1389 3305 dare
1410 3253 1546 3306 sicut
1581 3263 1629 3306 et
1664 3254 1761 3306 tibi
1782 3254 1848 3307 ".

570 3341 693 3397 101.
739 3341 882 3396 Tunc
907 3343 1231 3410 accedentes,
1268 3360 1455 3398 manus
1496 3345 1783 3410 iniecerunt
1813 3347 1865 3399 in
1901 3344 2086 3401 Iesum

500 3444 549 3487 et
595 3442 872 3488 tenuerunt
913 3452 1031 3489 eum
1066 3436 1105 3490 ί.
1159 3434 1291 3491 Post
1337 3436 1588 3492 osculum
1636 3438 1897 3495 continuo
1950 3439 2087 3494 nihil

499 3526 813 3583 dilterentes
842 3529 999 3583 turba
1033 3529 1146 3592 illa,
1207 3528 1435 3583 forsitan
1460 3529 1712 3586 timentes
1745 3545 1814 3587 ne
1857 3531 1924 3588 de
1963 3547 2085 3587 ma-

500 3619 664 3674 nibus
713 3635 901 3675 eorum
936 3622 1159 3692 etl‘ugiat
1200 3620 1384 3687 Iesus,
1433 3637 1633 3679 manus
1682 3623 1990 3694 injccerunt
2029 3626 2086 3680 in

499 3726 647 3765 eum.
674 3709 745 3765 Et
760 3727 873 3766 ecce
887 3729 1019 3766 unus
1037 3729 1100 3766 ea:
1115 3714 1198 3767 his
1217 3714 1467 3785 quierant
1495 3729 1614 3767 cum
1636 3712 1787 3780 Iesu,
1806 3719 2085 3779 extendens

500 3820 737 3872 manum,
763 3806 955 3860 exeruit
984 3807 1223 3876 gladium
1254 3824 1428 3874 suum,
1466 3820 1517 3862 et
1546 3810 1846 3878 percutiens
1879 3827 2086 3866 servum

497 3897 754 3966 principis
804 3899 1163 3965 sacerdotum,
1221 3903 1515 3969 amputavit
1568 3902 1867 3956 auriculam
1902 3903 2016 3973 ejus
2039 3907 2081 3959 ³.

504 3988 661 4047 Unus
700 3999 886 4047 autem
917 4008 1106 4047 eorum
1140 3995 1235 4063 qui
1266 4006 1575 4052 erantcum
1604 3997 1734 4055 Jesu
1768 4040 1784 4067 ,
1840 4001 2086 4057 nondum

501 4083 789 4142 manifeste
836 4085 1153 4156 concipiens
1192 4089 1336 4158 apud
1368 4105 1428 4145 se
1464 4093 1833 4165 evangelicam
1877 4094 2089 4163 patien-

500 4176 633 4230 tiam
662 4176 811 4232 illam
843 4179 1097 4234 traditam
1118 4181 1223 4237 sibi
1253 4197 1284 4239 a
1307 4181 1551 4252 Christo,
1581 4201 1682 4242 nec
1704 4201 1893 4257 pacem
1921 4201 2087 4257 quant

499 4269 651 4324 dedit
680 4270 966 4340 discipulis
996 4273 1134 4338 suis,
1168 4274 1263 4331 sed
1295 4278 1599 4333 secundum
1633 4287 1959 4349 potestatem
1992 4280 2089 4334 da—

500 4370 610 4415 tant
642 4359 846 4417 Iudicis
876 4378 971 4433 per
999 4364 1172 4434 legem
1199 4366 1268 4422 de
1297 4366 1537 4424 inimicis
1561 4411 1577 4435 ,
1626 4370 1930 4427 extendens
1974 4386 2090 4424 ma-

502 4466 632 4504 num
661 4454 871 4523 accepit
903 4455 1143 4526 gladium
1165 4496 1179 4522 ,
1236 4466 1291 4513 et
1323 4459 1596 4528 percussit
1627 4476 1847 4515 servum
1878 4463 2083 4532 princi-

2189 3263 2270 3309 tes
2307 3253 2455 3324 quod
2499 3253 2673 3307 dicit:
2717 3248 2821 3315 Qui
2854 3251 3125 3320 accipiunt
3161 3250 3425 3322 gladium
3460 3242 3633 3317 gladio
3674 3251 3766 3305 per-

2189 3348 2362 3414 ibunt,
2393 3360 2587 3402 cavere
2615 3360 2715 3401 nos
2748 3345 3028 3411 convenit,
3068 3352 3132 3399 ut
3179 3358 3256 3398 ne
3288 3338 3584 3395 occasione
3604 3326 3769 3386 militia

2188 3449 2283 3495 aut
2344 3438 2602 3493 vindictae
2665 3435 3010 3507 propriarum
3081 3434 3437 3506 injuriarum
3503 3425 3763 3482 eximamus

2189 3531 2453 3604 gladium,
2485 3529 2663 3585 autob
2691 3528 2932 3599 aliquam
2962 3527 3358 3589 occasionem,
3391 3534 3556 3592 quam
3586 3522 3763 3609 omnem

2188 3608 2503 3696 evangelica
2533 3622 2882 3678 abominatur
2907 3621 3022 3675 haec
3037 3618 3262 3674 CltriSti
3298 3615 3572 3674 doctrina,
3606 3608 3759 3703 praci-

2188 3694 2354 3789 piens‘
2376 3725 2439 3772 ut
2463 3717 2788 3786 impleamus
2827 3714 2974 3785 quod
3016 3713 3299 3783 scriptum
3327 3717 3415 3764 est
3442 3707 3486 3738 ¹⁰
3513 3724 3525 3758 :
3555 3701 3674 3757 Cum
3696 3694 3758 3746 his

2188 3808 2281 3880 qui
2333 3808 2559 3861 oderunt
2603 3821 2786 3875 pacem
2844 3821 2991 3858 eram
3026 3805 3325 3874 paciﬁcus.
3388 3798 3446 3853 Si
3495 3807 3614 3864 ergo
3657 3795 3756 3841 cum

2189 3898 2503 3954 odientibus
2543 3913 2730 3968 pacem
2764 3896 3030 3953 debemus
3070 3910 3204 3952 esse
3247 3889 3493 3966 pacifici,
3538 3885 3757 3938 adversus

2191 3992 2464 4045 neminem
2515 3990 2697 4060 gladio
2745 3991 2822 4044 uti
2873 3988 3161 4044 debemus.
3219 3986 3300 4041 ιω
3327 3983 3538 4043 volens,
3566 3975 3625 4029 ad
3652 3980 3748 4024 eum

2189 4082 2284 4153 qui
2320 4097 2428 4136 non
2459 4081 2725 4136 didicerat
2749 4082 2979 4151 loquens
3006 4121 3020 4146 ,
3070 4095 3177 4135 nos
3205 4079 3414 4134 docere
3448 4081 3625 4127 omnes
3646 4075 3732 4131 quo

2190 4175 2336 4229 niam
2359 4175 2548 4229 volens
2567 4175 2789 4229 tradidit
2810 4173 3175 4243 semetipsum
3202 4186 3306 4242 pro
3331 4166 3491 4222 nobis
3512 4156 3742 4217 omnibus.

2190 4266 2398 4321 addidit
2431 4275 2485 4321 et
2521 4267 2654 4321 dicit
2684 4267 2723 4298 “
2761 4284 2775 4320 :
2814 4266 2896 4318 An
2937 4274 3093 4335 putas
3131 4264 3393 4335 quoniam
3446 4272 3545 4311 non
3573 4257 3743 4322 possunt

2190 4357 2348 4411 modo
2381 4374 2568 4428 rogare
2597 4356 2816 4412 Patrem
2857 4374 3050 4423 meum,
3081 4368 3130 4411 et
3168 4352 3438 4411 exhibebit
3487 4344 3606 4399 mihi
3635 4335 3740 4431 Ph“:

2192 4467 2356 4520 quam
2414 4450 2695 4503 duodecim
2758 4449 2986 4520 legiones
3051 4444 3413 4521 angelorum?
3445 4444 3676 4505 tanquam
3706 4437 3739 4475 5'

502 4543 585 4613 pis
613 4524 963 4602 sacerdotum
990 4557 1044 4603 et
1082 4524 1388 4620 amputavit
1427 4553 1730 4607 auriculam
1759 4524 1899 4622 ejus:
1934 4553 2087 4609 Sicut

2192 4541 2338 4596 dicat
2369 4560 2381 4595 :
2412 4539 2495 4594 Tu
2523 4541 2744 4610 quidem
2776 4542 2855 4596 sic
2882 4540 3123 4612 gladium
3154 4533 3434 4596 exemisti,
3475 4536 3527 4583 et
3552 4528 3734 4622 percus-

499 4645 678 4692 atttetn
711 4639 845 4695 dicit
879 4638 1121 4698 Joannes
1153 4642 1196 4710 ³,
1231 4644 1281 4698 ei
1327 4643 1576 4698 dextram
1618 4645 1924 4701 auriculam
1965 4661 2085 4700 am-

500 4729 730 4798 putavit,
782 4733 926 4802 apud
975 4749 1138 4804 quem
1192 4743 1250 4790 et
1283 4748 1481 4790 nomen
1515 4736 1908 4802 scrvidicitur,
1957 4736 2086 4807 quia

500 4817 745 4877 Malchns
773 4824 1092 4881 vocabatur.
1125 4825 1192 4881 Et
1221 4825 1449 4882 forsitan
1476 4828 1621 4897 quod
1648 4828 1840 4899 agebat
1867 4826 2084 4896 Petrus,

502 4913 824 4982 mysterium
857 4926 995 4982 erat,
1019 4918 1280 4987 quoniam
1309 4916 1528 4976 Iudaici
1555 4920 1741 4991 populi
1771 4919 1961 4975 dextra
1987 4935 2085 4974 au-

500 5003 637 5057 ditio
702 5002 880 5059 fttcrat
925 5009 1265 5077 amputanda
1321 5018 1544 5081 propter
1587 5010 1851 5065 malitiam
1895 5025 2089 5065 eorum

500 5094 929 5152 demonstratam
969 5098 1023 5152 in
1053 5098 1262 5155 Jesum.
1305 5102 1443 5159 Nam
1479 5103 1582 5159 etsi
1613 5103 1867 5158 videntur
1899 5102 2091 5159 audire

502 5189 673 5260 legem
705 5190 892 5256 modo,
925 5207 1051 5247 cum
1086 5200 1314 5251 sinistro
1344 5195 1537 5252 auditu
1571 5197 1804 5253 audiunt
1836 5196 2087 5252 umbram

502 5282 815 5341 traditionis
853 5284 922 5340 de
972 5285 1111 5357 lege,
1166 5303 1276 5342 non
1306 5289 1610 5356 veritatem,
1645 5304 1772 5346 cum
1807 5288 1919 5345 sint
1944 5288 2089 5345 servi

502 5378 771 5433 sermonis
802 5379 1110 5449 protitentis
1147 5381 1435 5437 servitium
1471 5380 1589 5448 Dei,
1622 5399 1733 5438 non
1764 5391 1947 5440 autem
1976 5397 2093 5438 ser-

500 5465 698 5523 vientis
727 5470 780 5523 in
807 5470 1056 5527 veritate.
1106 5468 1282 5542 Hujus
1313 5473 1584 5528 sermonis
1616 5472 1942 5545 mysterium
1973 5480 2090 5526 erat

569 5695 627 5785 '1‘.
647 5693 789 5785 ειυς..
813 5714 947 5785 XXII:
980 5699 1070 5756 18.
1146 5699 1407 5785 θξξιιιιιιιε.
1434 5718 1587 5785 εικνι,
1622 5702 1764 5785 50.”
1792 5701 1838 5734 ⁸⁸
1872 5700 2077 5785 hiat-th:

2192 5716 2242 5763 ll,
2280 5699 2368 5753 12.
2542 5698 2677 5785 blatt‘

1894 5772 1916 5802 ⁵
1951 5770 2141 5832 Matth.
2199 5786 2362 5833 xxw,
2408 5772 2498 5824 59..
2576 5771 2596 5800 “
2637 5769 2835 5837 Ephes.
2873 5786 2945 5837 VI,
2978 5771 3066 5826 17η

1894 5857 1983 5908 ix,
2012 5842 2065 5895 7.
2148 5842 2186 5873 “
2230 5840 2420 5897 Matth.
2458 5856 2623 5908 xm,
2652 5840 2741 5897 5‘3.
2824 5843 2866 5873 "
2907 5858 2980 5908 tt,
3016 5842 3066 5897 ιε

500 5764 522 5836 1
558 5765 689 5836 ibid.
730 5766 820 5819 51.
923 5771 943 5800 ³
986 5787 1150 5836 xvttt,
1184 5770 1269 5824 1η.
1371 5774 1393 5802 ⁸
1434 5769 1538 5826 lsa.
1574 5764 1662 5831 vt,
1702 5772 1785 5825 l0.

499 5835 522 5867 '
556 5834 734 5893 Eccle.
768 5851 798 5889 .\'
820 5874 833 5900 ,
867 5836 919 5891 8.
996 5843 1016 5873 °
1056 5834 1203 5896 Psal.
1236 5856 1309 5897 vn
1333 5881 1351 5908 ,
1386 5840 1472 5897 l7.
1553 5841 1594 5872 “
1633 5841 1779 5898 PsaL
1816 5857 1944 5897 cxtx
1968 5882 1983 5912 ,
2012 5842 2065 5895 7.

2193 4632 2314 4688 sisti
2349 4633 2611 4703 principis
2641 4648 2885 4699 servum,
2936 4633 3096 4703 quasi
3144 4631 3286 4687 mihi
3333 4622 3584 4683 auxilium
3629 4619 3737 4703 υιςεσ

2193 4734 2345 4781 stans
2369 4744 2382 4793 ;
2409 4740 2512 4794 ego
2541 4733 2723 4780 autem
2756 4725 2803 4781 si
2828 4726 3148 4792 voluissem,
3177 4733 3429 4796 poteram
3456 4718 3638 4782 rogans
3660 4697 3733 4750 Pa‘

2192 4827 2330 4873 trem
2368 4834 2474 4873 non
2514 4817 2817 4872 humanum
2854 4818 3121 4872 auxilium
3158 4818 3487 4886 impetrare,
3525 4796 3608 4855 59d
3639 4803 3731 4845 πῖθ’

2190 4911 2415 4978 liorum,
2448 4909 2498 4966 id
2526 4920 2611 4966 est
2636 4910 2955 4981 angelorum
2978 4951 2994 4975 ,
3026 4926 3127 4966 nec
3156 4910 3341 4972 unius,
3370 4899 3460 4957 sed
3483 4892 3723 4985 Plusq‘faljj

2194 5003 2483 5060 duodecim
2506 5003 2805 5074 legionum.
2837 5001 2919 5057 Ex
2952 5002 3057 5059 hoc
3079 5002 3485 5058 demonstratur
3507 4981 3726 5079 quem?

2195 5097 2498 5154 secundum
2540 5060 2711 5167 508
2752 5095 3157 5150 multitudinem
3196 5089 3502 5161 angelorum
3544 5060 3718 5145 [simili-

2195 5190 2438 5245 tudinem
2471 5166 2772 5261 legionum]
2798 5189 3007 5244 militiai
3028 5185 3344 5249 mundialis,
3376 5181 3495 5235 sunt
3518 5176 3565 5223 et
3588 5166 3720 5261 ante:

2195 5283 2373 5339 lorum
2406 5255 2650 5354 legiones
2683 5283 2893 5339 militiae
2919 5282 3180 5350 cmlestis,
3214 5269 3540 5364 militanti-unt
3561 5255 3711 5364 εοεξιξξ

2193 5376 2435 5448 legiones
2461 5341 2790 5432 "daemonum
2832 5376 3202 5432 habitantium
3243 5375 3296 5427 in
3325 5352 3579 5451 εθρυίθνίδς

2191 5441 2416 5539 θινθρυά
2456 5467 2661 5525 Lucam
2718 5470 2761 5500 ¹¹
2805 5468 3101 5524 multitudo
3146 5464 3347 5523 militiae
3389 5441 3595 5512 οωιεειίε
3624 5441 3702 5484 ³¹¹⁶

3208 5686 3432 5748 vitam.
3465 5684 3599 5731 XX“,

2456 5700 2502 5732 ’9
2542 5698 2731 5755 Matth.
2779 5716 2849 5753 xx
2877 5740 2891 5764 ,
2924 5701 3010 5761 t5,
3042 5702 3131 5755 tt.
3208 5698 3432 5748 "Matth.
3465 5698 3599 5731 wn
3622 5698 3693 5782 εἰ

2456 5772 2476 5805 φ
2576 5771 2596 5800 ιι
2640 5769 2813 5805 unum
2873 5786 2921 5805 ιη
2978 5771 3045 5805 n
3170 5778 3189 5805 ιι
3227 5761 3404 5805 Mullh.
3458 5753 3586 5805 Si":

2824 5843 2866 5873 η
2907 5858 2980 5911 ιι,
3016 5842 3101 5897 ts.

3630 5919 3663 5930 κ
3672 5911 3692 5920 ρ
