4052 6304
136 388 341 446 1753

1431 385 2094 447 COMMENTARIORUM
2135 387 2400 445 SERIES.

3420 398 3559 455 ιτδι

138 507 302 562 dita
350 513 473 561 est
502 484 884 559 laudantium
921 502 1089 559 Deum
1125 479 1345 575 propter
1387 504 1592 562 Christi
1621 505 1874 560 nativita-
1904 504 1950 560 Α
1980 502 2330 560 manifestum
2365 512 2447 559 est
2479 506 2736 562 onmibus
2772 508 3230 577 cognoscentibus
3255 524 3366 568 me.
3402 509 3558 578 Quo-

152 607 342 652 sem.
383 594 464 649 Si
512 603 733 650 autem
771 595 1062 649 multitudo
1096 595 1303 650 militize
1330 597 1570 653 ccelestis
1601 606 1721 653 erat
1757 598 1877 651 lau.
1914 640 1921 647 .

154 689 502 743 dantium
556 686 773 753 Deum,
805 687 995 741 militia
1022 696 1204 743 autem
1233 689 1415 745 omnis
1443 698 1662 760 puopter
1684 688 1876 744 adver-

156 780 407 834 sarios
468 778 840 849 intelligitur
889 779 1212 844 constituta,
1269 790 1669 851 consequenter
1696 789 1750 834 et
1784 781 1874 834 illa

168 870 434 925 militia
475 878 741 940 propter
767 869 1115 927 adversarios
1145 870 1339 926 militat
1375 872 1504 927 Deo.
1555 871 1660 927 Sed
1708 872 1873 926 etiam

168 960 403 1015 Jacob
467 960 693 1015 locum
750 958 985 1030 aliquem
1041 961 1251 1016 vocavit
1296 971 1477 1016 castra
1546 960 1761 1016 Domini
1806 961 1871 1027 ",

178 1050 532 1120 quoniam
580 1050 840 1105 militiam
872 1050 984 1106 illic
1010 1053 1223 1122 aspexit
1258 1052 1601 1122 angelorum.
1656 1052 1723 1106 Et
1756 1051 1877 1106 ubi-

181 1155 479 1211 cunque
524 1151 676 1197 sunt
712 1140 882 1197 Deum
914 1142 1200 1210 timentes,
1235 1144 1381 1198 circa
1413 1158 1510 1199 eos
1542 1151 1671 1198 sunt
1696 1152 1875 1198 castra

190 1232 633 1302 angelorum.
670 1230 931 1287 Immittet
964 1233 1109 1288 enim
1158 1233 1375 1304 angelus
1425 1234 1637 1288 Domini
1678 1235 1734 1288 in
1764 1235 1874 1288 cir-

194 1325 393 1377 cuitu
423 1325 766 1379 timentium
790 1341 931 1393 eum,
950 1333 999 1380 et
1027 1327 1210 1395 eripiet
1234 1342 1320 1380 eos
1353 1326 1425 1392 “;
1450 1326 1594 1381 sicut
1619 1325 1789 1381 fuisse
1818 1334 1874 1382 et

202 1415 396 1470 circa
437 1414 728 1471 Elisaaum
750 1415 915 1472 refert
941 1416 1076 1472 liber
1094 1415 1408 1488 Regnorum
1434 1418 1497 1472 ¹³.
1522 1416 1586 1472 Et
1608 1416 1823 1472 attende
1860 1433 1875 1469 :

207 1517 418 1577 putas
459 1509 647 1578 quasi
676 1509 883 1581 angelis
914 1509 1143 1565 interior
1176 1509 1450 1575 Salvator,
1501 1518 1598 1565 aut
1627 1509 1878 1581 indigens

211 1602 477 1656 auxilio
511 1603 843 1673 angelorum
872 1602 1089 1659 dicebat
1118 1622 1133 1659 :
1167 1604 1248 1658 An
1279 1613 1439 1673 putas
1469 1603 1597 1673 quia
1626 1618 1730 1655 non
1758 1618 1880 1670 pos-

214 1710 367 1748 sum
409 1710 630 1765 rogare
652 1693 870 1749 Patrem
915 1711 1110 1760 meum,
1155 1705 1205 1750 et
1257 1694 1525 1750 exhibebit
1567 1694 1699 1747 mihi
1727 1693 1878 1764 plus-

223 1799 424 1853 quam
460 1783 757 1840 duodecim
802 1785 1033 1856 legiones
1074 1786 1427 1858 angelorum?
1459 1784 1571 1840 Aut
1609 1784 1750 1841 forte
1788 1800 1877 1841 se-
1910 1821 1915 1858 ρ

228 1875 533 1931 cundum
583 1878 1049 1933 existimationem
1080 1876 1226 1933 Petri
1253 1878 1487 1933 volentis
1518 1877 1567 1933 ei
1609 1878 1875 1933 auxilium

237 1967 440 2036 ferre,
501 1978 565 2025 et
614 1969 852 2040 gladium
879 1970 1210 2041 proferentis
1233 2015 1249 2039 ,
1277 1979 1333 2026 et
1360 1971 1695 2040 amputantis
1729 1970 1879 2027 auri-

239 2060 459 2115 culam
520 2062 691 2126 servi,
744 2062 874 2118 talia
917 2071 1000 2119 est
1043 2063 1299 2119 locutus?
1324 2062 1496 2133 Magis
1522 2065 1667 2118 enim
1702 2063 1879 2134 angeli

245 2166 415 2221 opus
473 2153 687 2208 habent
726 2154 933 2208 auxilio
964 2154 1229 2225 unigeniti
1260 2153 1383 2209 Filii
1413 2154 1532 2222 Dei,
1576 2170 1741 2226 quam
1765 2155 1881 2226 ipse

249 2240 540 2299 illorum.
594 2243 825 2315 Propter
869 2245 972 2302 hoc
1000 2255 1054 2302 et
1084 2248 1229 2312 quod
1269 2246 1530 2302 scribitur
1563 2265 1577 2301 :
1614 2246 1882 2313 Quoniam

260 2333 497 2404 angelis
529 2337 641 2389 suis
668 2336 939 2390 mandavit
970 2337 1035 2389 de
1058 2345 1137 2402 te,
1171 2345 1229 2390 ut
1261 2338 1567 2392 custodiant
1596 2345 1644 2393 te
1677 2339 1730 2391 in
1763 2353 1881 2392 ont-

261 2425 441 2481 nibus
473 2427 577 2481 viis
615 2427 719 2481 tuis
745 2428 813 2494 η,
846 2443 954 2482 non
990 2428 1058 2482 de
1089 2426 1227 2482 Filio
1253 2427 1346 2483 Dei
1373 2429 1656 2499 uuigenito
1677 2428 1878 2484 intelli-

262 2516 431 2586 gitur
485 2519 718 2585 dictum,
768 2519 864 2574 sed
915 2527 1011 2573 aut
1049 2519 1103 2572 in
1135 2534 1370 2589 persona
1397 2519 1604 2574 Christi
1631 2521 1698 2575 de
1726 2519 1878 2574 omni

266 2609 405 2664 viro
439 2611 601 2682 justo
639 2626 801 2681 quem
842 2610 1098 2667 Christus
1125 2610 1374 2681 portabat
1408 2611 1462 2664 in
1492 2626 1723 2680 corpore
1752 2625 1878 2679 suo,

268 2712 379 2756 aut
409 2704 486 2759 de
517 2703 739 2759 Christo
780 2703 1081 2759 secundum
1127 2703 1421 2757 humanam
1458 2703 1578 2772 ejus
1602 2710 1879 2756 naturam.

276 2791 545 2863 Denique
591 2804 645 2849 et
698 2794 842 2863 quod
870 2793 1002 2849 dicit
1034 2794 1078 2826 ¹⁷
1109 2811 1123 2849 :
1154 2792 1424 2848 Liberabit
1467 2802 1516 2847 te
1563 2810 1595 2846 a
1625 2793 1783 2845 ruina
1830 2801 1881 2846 et

277 2885 561 2941 daemonio
612 2887 954 2951 meridiano,
1022 2902 1369 2957 nequaquam
1426 2885 1681 2939 convenit
1745 2883 1882 2939 Filio

281 2978 406 3034 Dei.
448 2980 557 3036 Sed
579 2989 635 3036 et
667 2981 814 3050 quod
844 2980 976 3035 dicit
1008 2979 1052 3012 ’⁸
1085 2999 1098 3035 :
1138 2978 1260 3033 Non
1289 2979 1495 3034 timebis
1520 2996 1552 3033 a
1581 2981 1766 3032 timore
1788 2993 1883 3031 no-

282 3085 510 3140 cturno,
541 3091 574 3128 a
608 3073 803 3143 sagitta
828 3072 1038 3127 volante
1066 3088 1159 3142 per
1179 3072 1316 3126 diem
1338 3113 1353 3137 ,
1383 3088 1415 3125 a
1441 3072 1649 3142 negotio
1671 3085 1885 3140 perant—

284 3164 514 3220 bulante
556 3166 613 3218 in
661 3163 908 3229 tenebris,
935 3163 1109 3234 magis
1129 3162 1384 3218 convenit
1405 3164 1522 3217 viro
1541 3162 1693 3232 justo
1715 3175 1878 3232 quam
1908 3191 1953 3251 ο

289 3252 438 3310 Filio
473 3254 587 3310 Dei.
640 3254 776 3310 Cum
825 3269 956 3324 ergo
1003 3262 1191 3324 posset
1217 3252 1464 3322 accipere
1497 3253 1756 3322 legiones,
1786 3266 1884 3306 no-

290 3344 444 3402 lebat
477 3347 744 3417 accipere,
786 3354 846 3401 ut
877 3360 974 3415 per
998 3345 1315 3415 patientiam
1362 3345 1482 3415 ejus
1527 3343 1885 3413 implerentur

293 3437 600 3509 Scripturae
649 3438 1039 3508 prophetantes
1067 3438 1135 3493 de
1175 3437 1326 3507 ipsof,
1359 3435 1620 3505 quoniam
1652 3434 1726 3488 ita
1754 3448 1882 3489 eum

296 3528 408 3595 pati
431 3528 812 3584 conveniebat.

375 3619 501 3672 105.
533 3620 598 3672 In
629 3619 728 3671 illa
759 3619 891 3671 liora
919 3617 1057 3671 dixit
1078 3615 1237 3672 Iesus
1264 3616 1334 3669 ad
1368 3614 1549 3667 turbas
1578 3628 1597 3665 :
1631 3611 1783 3666 Sicut
1812 3612 1884 3665 ad

306 3710 572 3766 latronem
609 3712 793 3765 existis
826 3726 945 3764 cum
980 3710 1173 3781 gladiis
1201 3717 1251 3763 et
1285 3706 1514 3778 fustibus
1552 3704 1885 3774 comprehen-

300 3801 424 3857 dere
452 3821 571 3868 me;
620 3803 856 3872 quotidie
901 3801 1043 3871 apud
1084 3817 1171 3856 vos
1195 3801 1248 3853 in
1291 3798 1481 3867 templo
1512 3797 1755 3853 sedebam
1787 3796 1885 3848 do-

303 3907 444 3959 cens,
498 3903 546 3948 et
594 3909 696 3947 non
750 3892 993 3946 tenuistis
1036 3907 1116 3944 me
1143 3891 1208 3946 ι’.
1249 3888 1513 3944 Voluntas
1547 3901 1735 3941 eorum
1763 3899 1886 3955 qnte

304 3982 357 4037 in
390 3984 497 4041 hoc
531 3987 652 4041 loco
681 3983 959 4049 dicuntur,
990 3982 1116 4037 talis
1144 3981 1279 4036 mihi
1310 3980 1543 4046 videtur,
1574 3980 1720 4049 quod
1753 3978 1886 4033 dicit

307 4074 558 4133 Salvator
596 4077 664 4133 ad
707 4076 896 4131 turbas
932 4094 944 4131 :
983 4073 1042 4130 Si
1078 4076 1203 4144 quis
1226 4072 1495 4128 latronem
1530 4073 1644 4128 vult
1677 4082 1882 4138 tenere,

309 4184 417 4224 non
450 4182 533 4226 est
565 4170 928 4239 incongruum
960 4184 1085 4223 cum
1118 4165 1313 4238 gladiis
1345 4174 1400 4221 et
1436 4164 1674 4220 fustibus
1700 4163 1887 4220 venire

310 4263 374 4317 ad
418 4279 566 4330 eum,
611 4263 738 4333 quia
791 4261 915 4316 talis
965 4270 1049 4315 est
1102 4268 1154 4314 et
1187 4259 1326 4313 latro
1360 4266 1419 4329 ut
1452 4258 1637 4312 omnia
1668 4258 1883 4326 audeat,

309 4354 605 4412 dummodo
639 4353 777 4409 nihil
807 4353 932 4408 mali
960 4352 1231 4423 patiatur;
1286 4358 1340 4405 et
1390 4351 1436 4405 si
1479 4357 1680 4420 potest,
1722 4365 1885 4419 para-

314 4458 395 4503 tus
422 4457 505 4503 est
543 4447 723 4518 gladio
753 4447 830 4501 uti
866 4453 921 4500 et
950 4444 1093 4499 iuste
1125 4443 1389 4498 adversus
1427 4443 1889 4512 comprehendere

1976 596 2141 650 modo
2174 606 2354 651 autem
2388 584 2595 653 et‘non
2622 599 2755 655 estis
2797 599 2993 670 placati
3017 601 3263 670 quotidie
3299 619 3557 674 perman-

1978 685 2189 740 sionem
2213 701 2394 741 meam
2425 688 2669 744 videntes
2696 689 2747 743 in
2773 690 2974 760 templo
3003 689 3119 757 Dei,
3146 702 3200 747 et
3228 694 3560 762 praebentem

1978 792 2066 832 me
2090 778 2349 834 omnibus
2374 779 2682 836 volentibus
2719 798 2805 837 me
2832 782 3044 849 audire,
3077 790 3140 838 ut
3167 784 3560 856 conjungerem

1976 884 2072 925 eos
2102 869 2234 924 mihi
2278 870 2346 925 ad
2386 872 2855 941 prodilicationcm
2898 890 3088 929 eorum
3119 890 3217 946 per
3246 875 3473 932 verbum
3508 888 3563 932 et

1976 962 2145 1017 vitam
2185 963 2253 1018 ad
2300 964 2693 1020 beatitudinem
2744 966 2875 1022 Dei?
2905 967 3015 1023 Aut
3038 977 3165 1024 tunc
3194 968 3416 1038 quidem
3451 986 3561 1025 non

1977 1055 2233 1112 tenuistis
2277 1072 2366 1113 me
2410 1059 2654 1116 videntes
2699 1059 2987 1116 docentem
3014 1070 3069 1117 et
3104 1062 3244 1116 nihil
3270 1061 3561 1119 facientem

1976 1145 2201 1216 dignum
2254 1150 2448 1218 reatui,
2504 1166 2652 1207 nunc
2705 1161 2887 1207 autem
2944 1154 3103 1223 quasi
3157 1164 3428 1211 mutatum
3477 1172 3565 1212 me

1978 1239 2325 1307 existimatis,
2364 1252 2424 1297 ut
2459 1243 2619 1313 quasi
2648 1244 2916 1301 latronem
2946 1245 3146 1301 debere
3175 1250 3564 1318 comprehendi

1979 1332 2223 1402 putetis?
2277 1331 2383 1389 Sed
2410 1350 2511 1391 nec
2534 1336 2587 1390 in
2621 1336 2728 1392 hoc
2754 1337 3109 1393 occasionem
3142 1339 3382 1410 aliquam
3413 1341 3565 1395 inve-

1982 1422 2137 1488 nitis,
2173 1425 2334 1494 quasi
2369 1426 2435 1480 ad
2466 1427 2695 1482 verbum
2726 1438 2996 1484 mutatum
3022 1431 3095 1485 ab
3124 1431 3205 1488 eis
3225 1448 3348 1502 quae
3375 1433 3430 1488 in
3452 1434 3563 1504 pri-

1978 1513 2084 1570 mis
2129 1530 2522 1586 proposueram
2564 1519 2825 1588 prodesse
2852 1521 3165 1578 volentibus
3192 1526 3371 1582 verbis
3395 1535 3446 1581 et
3474 1525 3558 1580 la-

1979 1607 2102 1664 ctis.
2152 1605 2221 1661 Et
2252 1609 2373 1662 vide
2401 1618 2690 1679 postquam
2721 1610 2860 1666 dixit
2890 1614 2959 1666 ad
2993 1611 3213 1669 Petrum
3255 1632 3270 1670 :
3316 1614 3566 1672 Reconde

1979 1699 2219 1770 gladium
2246 1710 2396 1756 tuum
2417 1702 2472 1755 in
2497 1705 2700 1757 thecam
2723 1720 2878 1757 suam
2895 1704 2964 1771 “,
2985 1709 3130 1775 quod
3157 1715 3240 1762 est
3260 1707 3560 1777 patientiae:

1984 1800 2271 1861 postquam
2308 1791 2615 1847 auriculam
2639 1793 2883 1848 restituit
2910 1803 3273 1863 amputatam,
3310 1796 3453 1853 sicut
3481 1798 3567 1853 al»

1985 1888 2065 1934 ter
2093 1879 2228 1936 dicit
2255 1881 2611 1952 evangelista,
2657 1882 2803 1952 quod
2843 1890 2898 1938 et
2939 1898 3169 1939 summae
3216 1885 3566 1957 benignitatis

1983 1971 2246 2028 indicium
2285 1972 2463 2028 fuerat
2492 1972 2697 2043 pariter
2723 1982 2779 2029 et
2805 1974 3005 2032 divinae
3029 1977 3267 2044 virtutis,
3309 1987 3438 2035 tunc
3460 1980 3567 2036 iSIa

1981 2063 2146 2119 verba
2181 2064 2396 2119 locutus
2446 2076 2551 2128 est,
2601 2075 2662 2119 ut
2703 2065 2883 2121 ﬁdelia
2929 2065 3245 2123 viderentur
3265 2083 3332 2123 ex
3367 2084 3569 2138 praece-

1981 2152 2238 2208 dentibus
2268 2153 2451 2210 verbis
2480 2162 2535 2210 et
2565 2154 2749 2223 factis,
2801 2165 2861 2212 ut
2898 2157 2944 2213 si
2970 2160 3245 2229 praeterita
3283 2159 3567 2216 benefacta

1984 2261 2095 2300 non
2126 2252 2508 2315 recordantur,
2539 2248 2622 2303 vel
2648 2250 2939 2318 prasentia
2965 2260 3387 2321 recognoscant.

2055 2337 2181 2392 104.
2229 2337 2346 2392 Hoc
2375 2348 2553 2393 autent
2589 2349 2755 2394 totum
2780 2341 2982 2411 factum
3005 2352 3105 2408 est,
3141 2351 3199 2396 ut
3225 2343 3569 2414 implerentur

1984 2427 2278 2499 Scriptum
2328 2431 2706 2499 prapltetarum
2750 2432 2816 2487 de
2868 2433 3174 2503 Itujusmodi
3221 2437 3288 2490 ²¹.
3338 2435 3566 2491 Multum

1983 2530 2168 2575 autem
2216 2528 2301 2575 est
2337 2537 2485 2577 nunc
2517 2523 2719 2593 eligere
2757 2523 2825 2578 de
2864 2526 3185 2594 prophetis,
3226 2527 3408 2596 qualia
3446 2542 3571 2597 qum

1983 2621 2115 2668 tunc
2157 2614 2379 2683 impleta
2439 2624 2569 2671 sunt
2618 2616 2836 2685 eloquia
2889 2618 3305 2687 prophetarum,
3347 2619 3573 2688 quando

1984 2704 2101 2759 haec
2138 2719 2199 2759 se
2241 2706 2351 2774 pati
2383 2705 2638 2762 Christus
2669 2707 2888 2763 dicebat
2925 2726 2938 2763 :
2968 2717 3024 2763 et
3058 2709 3290 2765 studiosi
3328 2709 3570 2765 hominis

1982 2804 2066 2852 est
2095 2804 2150 2851 et
2176 2797 2348 2852 multa
2376 2797 2601 2853 seientis
2625 2812 2959 2869 congregare
2982 2800 3149 2855 verba
3175 2800 3564 2871 prophetarum

1983 2902 2108 2957 qua:
2145 2896 2273 2943 sunt
2305 2888 2548 2957 impleta.
2598 2886 2665 2943 Et
2710 2888 2766 2942 in
2799 2890 3101 2946 centesimo
3129 2903 3324 2946 octavo
3355 2892 3571 2960 psalmo

1985 2977 2125 3033 forte
2139 2979 2396 3049 pleraque
2410 2978 2653 3035 invenies
2667 2979 3048 3035 convenientia
3066 2981 3185 3037 istis
3198 2981 3292 3052 qui
3306 2993 3569 3037 venerunt

1983 3085 2111 3126 cum
2155 3068 2295 3123 Juda
2334 3069 2798 3139 comprehendere
2825 3067 3038 3136 Jesum,
3082 3070 3224 3125 sicut
3267 3079 3321 3126 et
3367 3070 3472 3125 alia
3499 3071 3570 3126 de

1985 3160 2123 3217 Juda
2157 3161 2211 3214 in
2242 3161 2433 3216 eodem
2469 3160 2615 3216 dicta
2642 3169 2774 3216 sunt
2802 3161 3014 3230 psalmo
3045 3180 3058 3216 :
3099 3161 3246 3216 Tunc
3273 3159 3435 3216 simul
3455 3179 3569 3216 ont-

1986 3268 2075 3306 nes
2099 3252 2352 3305 derelicto
2368 3267 2427 3305 eo
2457 3251 2705 3321 fugerunt
2728 3253 2796 3305 ³³.
2830 3249 3111 3307 Timentes
3131 3266 3263 3322 ergo
3292 3253 3483 3307 turbas
3513 3261 3572 3308 et

1986 3341 2285 3414 principem
2314 3358 2505 3397 eorum
2533 3340 2754 3407 Judam,
2780 3340 3053 3412 fugerunt.
3079 3340 3192 3398 Nec
3222 3344 3368 3398 enim
3402 3343 3571 3398 habe-

1985 3434 2118 3488 bant
2147 3432 2329 3488 adhuc
2366 3431 2654 3501 Spiritum,
2677 3433 2930 3501 quoniam
2951 3430 3108 3486 Iesus
3135 3434 3369 3487 nondum
3392 3434 3568 3502 fuerat

1985 3525 2364 3593 Itonoriﬁcatus
2384 3524 2453 3589 ³³,
2487 3538 2587 3578 nec
2624 3522 2891 3592 Spiritum
2919 3523 3140 3579 virtutis
3174 3534 3227 3578 et
3262 3525 3563 3580 cbaritatis.

1985 3611 2159 3679 Quem
2183 3613 2229 3668 si
2264 3611 2622 3674 habuissent,
2652 3628 2760 3666 non
2788 3621 2975 3668 essent
3007 3613 3265 3667 inﬁrmati
3287 3656 3304 3682 ,
3333 3631 3435 3671 nec
3466 3616 3568 3671 ali-

1985 3704 2114 3774 quid
2142 3703 2293 3757 aliud
2316 3710 2471 3757 extra
2506 3703 2746 3757 divinam
2784 3703 3107 3758 eharitatem
3134 3705 3393 3773 egissent.

2056 3793 2181 3849 105.
2211 3792 2281 3846 Et
2305 3791 2389 3846 illi
2416 3802 2648 3846 tenentes
2674 3791 2886 3856 Iesum,
2909 3792 3176 3847 duxerunt
3212 3794 3282 3847 ad
3309 3792 3568 3865 Caipbam

1985 3885 2274 3956 principem
2301 3884 2659 3951 sacerdotum,
2697 3883 2785 3937 ubi
2814 3881 3017 3938 Scriba:
3047 3894 3097 3939 et
3120 3886 3349 3940 seniores
3386 3903 3562 3941 conve-

1989 3978 2201 4032 niebant
2228 3975 2294 4029 “.
2324 3974 2577 4029 Arbitror
2601 3976 2749 4029 enim
2769 4018 2782 4041 ,
2813 3975 3071 4044 quoniam
3108 3991 3291 4032 sermo
3326 3978 3567 4032 deservi-

1987 4068 2153 4127 tionis
2186 4066 2462 4131 Judaicte,
2498 4082 2609 4136 quo
2643 4083 2791 4122 nunc
2818 4067 3061 4122 derelicti
3094 4067 3371 4125 deservire
3399 4071 3565 4139 proli.-

1988 4168 2191 4222 tentur,
2232 4157 2470 4227 Caiphas
2493 4166 2595 4222 est,
2625 4157 2719 4227 qui
2751 4157 3025 4214 adversus
3057 4159 3339 4214 veritatem
3371 4162 3567 4219 militat

1985 4250 2115 4306 Jesu
2147 4250 2239 4321 qui
2267 4249 2467 4304 dicitur
2495 4248 2750 4318 princeps
2772 4249 3142 4304 sacerdotum.
3166 4248 3328 4306 Jesus
3354 4261 3565 4316 autem,

1988 4342 2288 4399 secundum
2337 4341 2660 4407 veritatem,
2717 4339 2971 4394 sacerdos
3018 4349 3103 4395 est
3154 4339 3393 4396 Verbum
3445 4342 3573 4407 Dei,

1989 4435 2093 4490 sub
2133 4449 2244 4503 quo
2289 4429 2573 4488 constituti
2623 4438 2752 4485 sunt
2798 4443 2991 4482 omnes
3038 4429 3132 4499 qui
3164 4433 3568 4501 acceptabilitcr

314 4555 369 4595 se
411 4540 675 4605 volentes,
721 4538 900 4609 potius
928 4551 1091 4607 quam
1126 4544 1186 4589 ut
1219 4535 1360 4590 ultro
1390 4534 1571 4589 tradat
1592 4550 1651 4590 se
1679 4535 1733 4588 in
1769 4550 1885 4590 ma-
1917 4542 1961 4600 υ
1989 4524 2235 4581 serviunt
2269 4522 2380 4579 Deo
2407 4521 2576 4576 Patri.
2606 4518 2710 4575 Ubi
2738 4527 2918 4574 autem
2945 4518 3182 4590 Caiphas
3209 4532 3294 4577 est
3316 4525 3569 4595 princeps

317 4648 414 4689 nus
441 4648 650 4688 eorum.
685 4630 798 4701 Ego
832 4638 1015 4685 autem
1044 4628 1188 4700 quod
1221 4642 1329 4682 non
1359 4642 1481 4682 sum
1509 4626 1661 4693 talis,
1691 4641 1883 4682 omnes

316 4726 403 4796 qui
440 4734 569 4781 sunt
596 4724 649 4778 in
678 4722 865 4778 Judaaa
902 4722 1104 4787 sciunt,
1132 4720 1226 4775 alii
1267 4718 1489 4789 quidem
1518 4719 1765 4774 videntes
1787 4719 1884 4774 do-

318 4818 538 4873 ctrinam
573 4832 747 4870 meam
784 4823 839 4870 et
885 4829 1049 4884 opera
1086 4827 1226 4874 mea,
1274 4811 1364 4865 alii
1419 4821 1601 4865 autem
1635 4811 1881 4865 auditum

320 4910 567 4965 habentes
595 4908 660 4962 de
683 4922 791 4974 me,
824 4916 918 4961 aut
948 4903 1417 4960 conversationem
1447 4917 1624 4956 meam
1653 4916 1885 4971 sequen-

321 5012 421 5067 tes;
445 4999 708 5071 quoniam
741 4997 989 5069 quotidie
1012 4998 1206 5052 sedens
1233 4996 1287 5051 in
1322 4996 1441 5050 loco
1471 4993 1643 5049 sancti
1676 4992 1882 5061 templi,

319 5093 464 5165 quasi
504 5105 745 5161 congruo
775 5090 842 5144 ad
867 5090 1145 5145 doctrinas
1178 5087 1426 5153 divinas,
1460 5084 1880 5140 manifestabam

320 5202 430 5256 quat
479 5183 805 5256 pertinentia
841 5192 996 5237 erant
1026 5181 1093 5237 ad
1122 5182 1375 5251 pietatem
1402 5188 1457 5233 et
1496 5179 1662 5233 vitam
1692 5192 1881 5233 sanam

323 5276 607 5331 secundum
643 5275 814 5345 legem
854 5271 980 5338 Dei,
1031 5281 1086 5327 et
1134 5285 1229 5341 per
1279 5270 1381 5324 hoc
1436 5268 1884 5324 commendabam

327 5365 595 5435 paciﬁcum
637 5380 724 5419 me
745 5380 891 5420 esse.
919 5362 1074 5430 Quod
1098 5369 1275 5416 autem
1294 5358 1498 5414 nullam
1525 5358 1687 5414 habet
1717 5358 1885 5413 ratio-

328 5473 434 5513 nem
464 5457 713 5513 idoneam
750 5472 929 5528 neque
960 5454 1237 5510 insidiatio
1269 5464 1449 5507 vestra
1481 5450 1743 5505 adversus
1775 5465 1882 5517 mc,

330 5564 486 5619 neque
525 5549 720 5605 militia
758 5557 940 5607 vestra
982 5563 1105 5603 cum
1133 5545 1328 5621 gladiis
1351 5553 1405 5600 et
1434 5542 1670 5600 fustibus
1701 5542 1840 5598 facta
1863 5580 1884 5609 ,

395 5691 432 5724 "
470 5690 606 5746 Gen.
644 5708 833 5747 xxvut.
912 5691 956 5724 “
992 5689 1136 5746 Psal.
1173 5702 1368 5749 χχχιιι,
1400 5685 1454 5739 8.

334 5778 457 5824 sm.
703 5763 747 5796 ²⁶
784 5761 942 5821 Joan.
976 5777 1129 5829 xvtu,
1177 5760 1263 5817 ll.

333 5831 502 5888 “ibid.
522 5830 614 5887 58.
704 5884 708 5887 _

1538 5685 1579 5718 "
1619 5683 1685 5738 lV
1723 5683 1856 5754 Reg.
1890 5699 1966 5740 vt.

1369 5757 1411 5789 ³³
1451 5754 1621 5812 Matth
1677 5771 1824 5824 xxvi,
1850 5754 1944 5810 56.

1985 4617 2354 4681 sacerdotum,
2400 4615 2474 4669 ibi
2523 4622 2923 4684 congregantur
2960 4611 3187 4680 Set-ibas,
3220 4614 3272 4669 id
3306 4625 3391 4670 est
3427 4616 3567 4671 litte-

1986 4708 2112 4775 rati,
2160 4707 2254 4778 qui
2306 4715 2547 4776 prmsunt
2588 4707 2780 4762 littera:
2813 4704 3102 4759 occidenti.
3154 4703 3221 4760 Et
3266 4708 3563 4766 secundum

1984 4800 2181 4854 littera:
2213 4797 2382 4868 909
2410 4796 2729 4867 qualitatem
2762 4794 3079 4849 Scribarum
3111 4805 3243 4851 sunt
3278 4798 3565 4866 seniores,

1986 4891 2081 4962 qui
2110 4906 2220 4945 non
2251 4891 2303 4943 in
2336 4888 2642 4954 veritatem,
2665 4887 2759 4942 sed
2783 4886 2836 4940 in
2861 4895 3183 4942 vetustatem
3213 4889 3406 4945 littera:
3428 4891 3564 4944 sint-

1988 4983 2145 5054 plicis
2173 4991 2302 5037 sunt
2331 4981 2711 5037 recumbentes
2740 4991 2797 5037 et
2833 4981 2971 5037 nihil
3017 4981 3254 5050 amplius
3296 4982 3569 5051 negotiari

1987 5074 2253 5129 volentes.

2059 5164 2183 5221 106.
2227 5163 2417 5218 Petrus
2456 5171 2634 5216 autem
2666 5162 2979 5233 sequebatur
2998 5177 3119 5217 eum
3143 5161 3209 5215 de
3229 5161 3383 5233 longe
3403 5177 3566 5232 usque

1987 5261 2044 5313 in
2076 5258 2276 5312 atrium
2306 5256 2563 5326 principis
2594 5255 2952 5309 sacerdotum.
2993 5253 3062 5308 Et
3088 5255 3355 5324 ingressus
3393 5255 3562 5319 intro,

1986 5348 2197 5407 sedebat
2234 5364 2353 5402 cum
2394 5346 2654 5401 ministris
2679 5355 2736 5399 ut
2763 5346 2958 5401 videret
2990 5346 3191 5401 exitum
3214 5346 3291 5399 rei
3311 5344 3379 5398 ".
3422 5345 3567 5400 Cum

1989 5443 2280 5499 duceretur
2308 5448 2488 5496 autem
2520 5437 2802 5509 Magister,
2832 5438 3165 5508 sequebatur
3192 5437 3410 5511 quidem
3451 5436 3557 5492 Pc-

1990 5545 2147 5591 trus:
2192 5547 2300 5587 non
2333 5540 2516 5587 autem
2557 5539 2772 5600 poterat
2811 5530 2880 5586 de
2911 5529 3167 5601 proximo
3211 5544 3338 5584 eum
3382 5530 3566 5599 sequi,

2057 5682 2100 5713 ιε
2138 5675 2543 5743 Psal.sc,ll.
2615 5673 2657 5705 ιτ
2696 5672 2833 5743 ibid.
2857 5671 2911 5726 6.
2981 5668 3198 5743 “illiti.
3279 5664 3323 5700 υ
3368 5665 3566 5743 Matth.

2043 5753 2088 5786 ²²
2128 5750 2261 5806 ibid.
2362 5737 2607 5803 1“'loan.
2638 5759 2738 5811 vu,
2781 5742 2869 5798 59.
2955 5741 3000 5774 ³⁷⁵
3037 5738 3227 5795 Matth.
3266 5753 3431 5807 xxvt,
3471 5737 3541 5793 51
