4052 6304
741 401 878 457 ι’ῖῦυ

1917 393 2246 453 ORIGENIS
2284 392 2351 449 IN
2385 391 2802 451 nummum
3883 411 3912 463 η

752 538 858 592 qua:
898 520 1035 575 dixit
1067 519 1317 574 Salvator
1360 516 1577 588 impleta
1615 525 1743 571 sunt
1780 529 1835 572 et
1883 517 1937 572 in
1970 519 2052 574 eis
2081 518 2175 588 qui
2221 534 2322 572 au-
2352 525 2399 581 Α
2428 527 2484 572 et
2512 518 2742 589 gloriam
2790 516 3128 574 existimavit
3173 504 3511 576 Iudaicam
3562 531 3619 577 et
3651 522 3912 585 labolossnl

734 615 953 668 dieruut
978 612 1122 680 quod
1161 611 1302 665 dixit
1341 629 1352 662 :
1396 612 1601 665 Amodo
1637 610 1878 666 videbitis
1908 609 2112 665 Filium
2145 611 2318 664 hami-

731 707 811 758 nis
840 703 1102 758 sedentem
1135 720 1167 757 a
1193 704 1393 758 dextris
1423 704 1653 757 virtutis.
1688 703 1754 759 Et
1785 704 2021 760 dicimus
2054 706 2315 776 quoniam

733 802 908 865 ροιρεῑ
961 794 1245 864 impletum
1297 794 1506 862 videri,
1553 795 1813 865 quoniam
1863 811 1929 850 ex
1972 797 2084 862 illo,
2137 795 2190 850 id
2234 808 2318 853 est

730 894 973 954 tempore
1029 885 1458 955 dispensationis
1518 885 1690 943 Filius
1747 887 1989 944 hominis
2049 890 2188 945 sedit
2246 889 2317 945 ad

726 977 974 1032 dextram
1024 977 1263 1043 virtutis,
1293 987 1348 1033 et
1392 977 1649 1034 viderunt
1675 995 1801 1035 eum
1831 979 2084 1052 discipuli
2133 996 2316 1036 resur-

726 1078 941 1140 gentem
978 1086 1008 1125 a
1038 1071 1293 1137 mortuis,
1341 1080 1394 1126 ct
1434 1087 1533 1142 per
1571 1071 1675 1128 hoc
1714 1071 1971 1127 viderunt
2018 1089 2144 1128 eum
2187 1072 2315 1129 l‘un-

725 1163 912 1216 datum
949 1163 1015 1217 ad
1042 1163 1290 1218 dextram
1338 1164 1576 1229 virtutis,
1613 1164 1913 1219 secundum
1948 1165 2093 1235 quod
2139 1166 2312 1221 tradi-

722 1254 905 1309 dimus
936 1269 1122 1323 supra.
1155 1252 1265 1309 Aut
1296 1255 1370 1309 ita
1396 1270 1410 1307 :
1438 1252 1573 1309 Vide
1603 1255 1650 1309 si
1681 1265 1836 1326 potes
1870 1256 2061 1312 horam
2094 1266 2150 1313 et
2167 1258 2311 1314 diem

724 1330 902 1401 ruetiri
958 1363 1067 1401 non
1122 1346 1425 1402 secundum
1473 1347 1819 1416 brevitatem,
1872 1366 1996 1420 qua:
2037 1358 2123 1406 est
2167 1351 2313 1422 apud

723 1438 997 1502 homines,
1054 1438 1314 1492 horarum
1364 1446 1531 1508 atque
1573 1438 1784 1494 dierum
1810 1479 1827 1505 ,
1872 1441 1967 1496 sed
2009 1442 2308 1497 secundum

719 1528 1141 1601 longitudinem,
1190 1543 1314 1599 qua:
1362 1537 1446 1583 est
1497 1529 1638 1599 apud
1671 1528 1965 1586 Dominum
2024 1532 2311 1602 sempiter-

722 1637 876 1685 num,
918 1621 1007 1675 cui
1047 1636 1078 1674 a
1104 1620 1499 1675 constitutione
1525 1620 1715 1675 mundi
1744 1637 1917 1690 usque
1949 1624 2015 1677 ad
2047 1639 2309 1678 consum-

722 1714 1019 1767 mationem
1074 1712 1197 1783 ejus
1244 1721 1329 1768 est
1371 1728 1515 1769 unus
1563 1713 1681 1768 dies
1722 1732 1737 1768 :
1775 1715 1923 1785 quod
1970 1716 2312 1772 demonstrat

719 1805 1003 1874 parabole,
1047 1806 1140 1860 ubi
1184 1805 1317 1861 dicit
1358 1807 1426 1861 de
1458 1808 1747 1864 conductis
1779 1823 1939 1863 mane
1981 1808 2034 1862 in
2070 1809 2307 1878 vineam,

719 1906 772 1950 et
802 1896 959 1950 tertia
1004 1896 1161 1963 hora,
1204 1906 1257 1952 ct
1306 1906 1483 1963 sexta,
1515 1908 1569 1954 et
1604 1915 1776 1969 usque
1826 1898 1893 1954 ad
1940 1900 2305 1956 undecimam.
2341 1889 2384 1944 Β

719 1987 865 2043 Nihil
893 2006 1020 2061 ergo
1054 1992 1254 2045 mirum
1286 2000 1340 2046 ct
1368 1992 1512 2063 quod
1548 1992 1637 2047 hic
1666 1992 1798 2047 dicit
1824 1992 2075 2047 Salvator
2112 1993 2303 2048 amodo

722 2082 961 2150 spatium
1020 2098 1143 2137 esse
1197 2082 1583 2137 brevissimum
1653 2099 1829 2155 usque
1884 2092 2033 2149 tunc,
2086 2083 2139 2138 in
2193 2101 2304 2154 quo

717 2174 896 2243 spatio
929 2172 1183 2228 dicebat:
1223 2172 1476 2228 Videbitis
1517 2173 1721 2229 Filium
1763 2177 1990 2231 hominis
2038 2178 2302 2233 sedentem

717 2283 749 2317 ιι
778 2265 982 2319 dextris
1017 2267 1249 2329 virtutis,
1278 2266 1344 2320 ad
1376 2266 1499 2322 illos
1534 2269 1625 2339 qui
1664 2278 1791 2323 tunc
1832 2285 1957 2323 eum
1986 2270 2300 2338 audiebant,

714 2355 853 2412 forte
883 2365 1012 2411 tunc
1044 2357 1264 2428 quando
1290 2358 1429 2411 dixit
1459 2357 1712 2414 Dominus
1737 2359 1965 2415 Domino
1992 2379 2106 2416 ineo
2125 2377 2144 2415 .'
2168 2361 2302 2418 Sede

714 2468 747 2505 α
769 2452 971 2505 dextris
1001 2453 1149 2516 meis,
1179 2449 1344 2505 donec
1366 2469 1559 2521 ponam
1588 2454 1831 2508 inimicos
1864 2464 1982 2508 tuos
2012 2455 2301 2509 scabellum

711 2541 902 2610 pedum
930 2541 1251 2595 tuorum“:
1285 2541 1338 2594 in
1387 2543 1590 2613 quibus
1642 2553 1794 2599 erant
1849 2558 1902 2600 et
1950 2546 2025 2600 illi
2066 2545 2131 2600 ad
2161 2562 2300 2617 quos

713 2630 1201 2709 dicebat:4modo
1257 2632 1521 2687 videbitis.
1575 2633 1834 2691 Inimicus
1882 2637 2026 2691 enim
2080 2647 2199 2692 erat
2245 2647 2300 2693 ct

684 2722 948 2793 ‘laiphas
1000 2723 1094 2793 qui
1136 2722 1497 2791 insidiabatur
1541 2725 1779 2781 Christo.
1833 2725 1901 2781 Et
1953 2743 2061 2783 non
2121 2729 2297 2785 solum

712 2817 988 2871 sedentem
1049 2831 1174 2869 eum
1227 2815 1296 2870 ad
1350 2816 1597 2871 dextram
1647 2818 1866 2874 virtutis
1926 2820 2146 2875 visuros
2195 2820 2295 2877 hos

711 2908 1106 2977 prophetabat,
1161 2908 1256 2963 sed
1315 2909 1479 2963 etiam
1535 2909 1752 2966 visuros
1804 2927 1929 2966 eum
1983 2914 2293 2979 venientem,

711 3002 856 3056 sicut
907 2999 1193 3056 blattlueus
1246 3001 1466 3070 quidem
1509 3003 1679 3070 dicit,
1746 3021 1904 3073 super
1952 3005 2111 3060 nubes
2155 3008 2291 3062 caeli.

706 3094 841 3162 Qua:
885 3101 1009 3146 sunt
1044 3099 1223 3146 autent
1269 3094 1441 3148 nubes
1473 3109 1635 3163 super
1669 3112 1806 3163 quas
1834 3096 2013 3150 veuict
2039 3097 2131 3166 qui
2167 3098 2293 3152 fun-

2424 610 2649 664 storiam
2684 610 2876 664 litterae
2908 610 3262 668 occidentis.
3301 614 3381 667 Et
3412 614 3656 683 putabat
3685 618 3818 686 quasi
3840 620 3911 675 ind

2421 717 2553 770 gens
2581 701 2788 758 Christi
2834 718 3143 770 sermones,
3206 703 3590 762 sufﬁcientes
3633 723 3746 764 esse
3785 712 3835 765 ad
3867 723 3912 767 tu

2418 791 2667 845 monium
2698 801 2888 847 contra
2939 792 3146 863 ipsum,
3189 794 3305 865 qui
3362 805 3548 851 testes
3589 800 3912 856 erantdirinits

2419 881 2612 951 ipsius,
2653 892 2920 953 quantum
2955 884 3021 939 ad
3049 900 3149 940 eos
3191 886 3304 956 qui
3352 887 3675 958 intelligere
3706 906 3894 960 possunt;

2417 975 2553 1029 dicit
2586 975 2653 1031 ad
2683 991 2780 1031 eos
2806 977 2900 1046 qui
2933 979 3119 1032 eadem
3164 979 3502 1049 sapiebaut
3531 997 3546 1034 :
3578 980 3708 1035 Ecce
3736 988 3911 1037 truncat

2418 1070 2514 1123 stis
2547 1068 2934 1140 blasphemiam
2977 1071 3092 1142 ejus
3126 1087 3149 1126 :
3188 1071 3346 1141 quid
3408 1073 3567 1127 vobis
3615 1075 3799 1129 videtur
3817 1076 3911 1128 "te

2420 1175 2520 1216 nec
2567 1161 2959 1231 respondentes
3007 1171 3061 1215 et
3106 1162 3227 1232 ipsi
3270 1163 3571 1219 adversus
3620 1165 3822 1220 animam
3852 1182 3911 1222 sui

2417 1254 2771 1323 pronuntient
2811 1254 2879 1309 de
2914 1252 3066 1319 Jesu,
3112 1255 3420 1323 quoniam
3480 1271 3607 1309 reus
3648 1267 3719 1310 est
3759 1261 3911 1312 nouit'

2416 1343 2691 1411 Quantum
2752 1355 2909 1416 putas
2981 1345 3084 1401 fuit
3136 1348 3382 1403 erroris
3448 1348 3633 1418 ipsam
3699 1350 3911 1420 principatu

2414 1438 2660 1492 omnium
2711 1438 2877 1492 vitam
2927 1453 3076 1493 ream
3129 1439 3359 1494 mortis
3420 1442 3781 1509 pronuntiare,
3810 1452 3911 1496 etut

2415 1538 2595 1584 torum
2632 1530 3035 1600 resurgentium
3098 1532 3461 1588 testimonio
3507 1548 3619 1588 non
3650 1534 3909 1603 aspicercln-

2413 1628 2523 1677 tem
2570 1621 2722 1688 vitae,
2770 1622 2838 1676 de
2872 1638 2984 1693 quo
3019 1622 3072 1677 in
3107 1637 3331 1679 omnes
3384 1625 3639 1681 viventes
3666 1626 3759 1681 vita
3776 1624 3903 1679 nudat:

2412 1715 2675 1782 quoniam
2707 1715 2844 1768 sicut
2872 1712 3039 1768 Pater
3066 1715 3248 1769 vitam
3296 1716 3471 1772 habet
3509 1718 3566 1771 in
3600 1734 3672 1784 se,
3707 1718 3773 1771 sic
3792 1715 3901 1770 stiti:

2412 1803 2560 1857 dedit
2581 1805 2747 1858 vitam
2773 1805 2961 1860 habere
2988 1807 3045 1860 in
3068 1808 3386 1879 semetipso
3405 1810 3479 1863 ⁸⁸.

2486 1895 2609 1951 115.
2657 1894 2806 1950 Tunc
2832 1908 3159 1967 exspucrunt
3201 1900 3268 1953 in
3301 1900 3515 1969 [aciem
3545 1899 3677 1969 ejus,
3712 1899 3899 1966 etcch

2408 2004 2529 2041 cum
2569 1988 2895 2043 ceciderunt.
2959 1989 3072 2044 Alii
3131 2000 3338 2044 autem
3387 1991 3604 2061 palmas
3649 1992 3699 2044 iu
3739 1989 3896 2049 {etilli

2405 2080 2685 2145 dederunt,
2731 2082 3001 2137 dicentes:
3024 2081 3383 2154 Prophetisa
3420 2083 3596 2147 nobis,
3637 2081 3815 2144 Christe,
3841 2080 3894 2147 μὲ

2404 2183 2481 2227 est
2510 2174 2601 2243 qui
2638 2185 2686 2227 te
2726 2176 2986 2243 percussit
3012 2174 3078 2229 “.
3126 2174 3428 2241 Pessime,
3480 2176 3618 2232 sicut
3656 2170 3888 2233 arbitrorjn

2404 2265 2498 2333 qui
2536 2263 2827 2320 audierunt
2866 2264 3139 2321 dicentem
3187 2265 3403 2323 Jcsum
3446 2284 3464 2321 :
3505 2269 3661 2321 Anien
3696 2262 3887 2321 dicem

2403 2356 2655 2424 quoniam
2701 2357 2890 2411 amodo
2937 2357 3185 2414 videbitis
3219 2359 3443 2414 Filium
3482 2358 3693 2413 hominis
3730 2354 3883 2410 sederit!

2402 2462 2435 2499 a
2496 2446 2699 2501 dextris
2760 2448 2970 2503 virtutis
3023 2448 3163 2516 Dei,
3226 2462 3282 2506 et
3336 2454 3628 2506 venientem
3670 2450 3715 2501 in
3755 2443 3882 2498 rem

2402 2538 2521 2591 caeli
2550 2539 2615 2606 “,
2646 2539 2767 2593 ausi
2797 2549 2928 2594 sunt
2949 2556 3229 2611 exspuere
3262 2542 3322 2596 in
3359 2541 3558 2597 faciem
3588 2540 3708 2610 ejus.
3733 2534 3878 2589 Arbitrr

2401 2632 2600 2687 bantur
2637 2631 2782 2687 enim
2831 2632 2885 2687 in
2930 2648 3017 2698 eo,
3046 2634 3204 2704 quod
3253 2634 3653 2690 confunderent
3679 2644 3769 2684 eum
3796 2638 3876 2677 mea

2400 2724 2649 2792 tientem,
2676 2732 2732 2780 et
2761 2725 2891 2795 quia
2919 2740 3027 2779 non
3062 2726 3385 2782 sustineret
3412 2719 3738 2795 exspuitiouis
3756 2727 3866 2784 om

2402 2814 2605 2878 brium,
2636 2815 2728 2885 qui
2761 2815 2980 2870 sedebat
3008 2816 3076 2871 ad
3104 2815 3373 2872 dextram
3405 2815 3635 2877 \irtutis,
3657 2816 3867 2865 etrestqu
3904 2880 3905 2889 χ

2397 2916 2518 2962 erat
2574 2908 2629 2962 in
2685 2908 2943 2964 nubibus.
2991 2908 3277 2975 Quoniam
3336 2908 3654 2980 ignorabant
3696 2907 3860 2956 sertum

2396 2995 2553 3052 Isaiae
2597 2997 2873 3068 propheta:
2900 2997 3015 3053 haec
3045 2998 3246 3053 eadem
3287 2995 3656 3069 prophetantis
3691 2991 3742 3045 de
3759 3002 3812 3047 ου,
3834 2994 3857 3035 α

2396 3090 2629 3147 dicentis
2666 3106 2729 3149 ex
2750 3102 2979 3157 persona
2995 3088 3173 3159 ipsius
3189 3090 3418 3145 Domini
3434 3084 3745 3144 Salvatori":
3770 3079 3852 3144 LW:

3909 2606 3911 2650 Α

708 3186 867 3240 datus
891 3195 974 3241 est
1008 3201 1036 3238 a
1062 3186 1271 3241 dextris
1323 3185 1557 3248 virtutis,
1592 3194 1685 3239 aut
1710 3201 1831 3240 cum
1863 3187 2062 3254 quibus
2093 3188 2291 3253 veniet,

2252 3196 2291 3253 ι,
2320 3224 2363 3281 C
2396 3183 2647 3252 quoniam
2681 3183 2795 3236 veni
2822 3191 2873 3237 et
2906 3199 3010 3237 non
3039 3192 3159 3238 erat
3202 3185 3411 3250 homo;
3446 3182 3630 3243 vocavi,
3653 3190 3693 3233 et
3711 3176 3851 3229 ποντα

710 3285 805 3329 aut
839 3276 907 3330 ad
948 3294 1088 3347 quas
1123 3278 1391 3347 pertinget
1436 3276 1637 3330 veritas
1669 3276 1761 3330 Dei
1804 3280 2103 3331 secundum
2139 3279 2287 3349 quod

701 3367 978 3438 ,scriptum
1029 3377 1113 3423 est
1139 3370 1232 3423 “:
1281 3367 1346 3421 Et
1398 3368 1589 3423 veritas
1647 3379 1739 3422 tua
1784 3385 1946 3438 usque
1994 3370 2063 3423 ad
2093 3370 2291 3426 nubes?

708 3459 802 3514 [Le
842 3469 971 3515 sunt
1020 3461 1154 3515 viva:
1204 3461 1399 3525 nubes,
1455 3461 1731 3531 prepheta:
1773 3460 1902 3529 Dei,
1954 3471 2008 3517 et
2055 3464 2288 3535 apostoli

705 3552 933 3619 Christi,
966 3554 1168 3623 quibus
1202 3552 1423 3607 mandat
1447 3555 1634 3623 pluere
1670 3570 1794 3608 cum
1822 3559 2147 3625 oportuerit,
2195 3569 2290 3613 aut

706 3661 814 3698 uou
844 3645 1033 3715 pluere
1065 3660 1230 3715 super
1261 3645 1475 3699 vineam
1517 3645 1636 3701 sine
1667 3647 1868 3701 fructu.
1919 3647 1975 3703 Si
2009 3666 2149 3719 quas
2182 3666 2284 3705 au-

707 3747 814 3792 tem
867 3752 977 3791 non
1015 3737 1130 3791 vult
1190 3752 1315 3793 esse
1361 3737 1673 3806 hujusmodi
1723 3739 1895 3794 nubes
1942 3756 2106 3810 super
2149 3757 2287 3811 quas

701 3836 753 3881 et
788 3843 911 3882 cum
945 3828 1145 3897 quibus
1178 3829 1355 3883 veniet
1376 3820 1547 3884 Filius
1576 3829 1812 3885 hominis
1845 3846 2132 3901 apparens,
2168 3833 2286 3903 ipse

703 3921 826 3975 scit.
863 3920 1089 3990 Semper
1127 3923 1272 3975 enim
1317 3938 1482 3992 super
1536 3923 1657 3977 illas
1704 3932 1758 3978 et
1806 3939 1930 3979 cum
1981 3924 2087 3980 illis
2112 3927 2281 3991 venit,

702 4014 997 4068 ostendens
1039 4031 1198 4069 suum
1236 4014 1525 4069 adventum
1557 4016 1734 4086 dignis
1762 4033 1824 4071 se
1851 4015 1993 4073 Deus
2021 4016 2280 4087 Verbum,

699 4108 755 4154 et
806 4100 1110 4169 sapientia,
1164 4111 1219 4156 et
1263 4104 1488 4168 veritas,
1534 4112 1591 4158 et
1631 4105 1863 4175 justitia.
1919 4105 2047 4163 Haec
2099 4117 2278 4164 autem

698 4205 838 4257 quas
872 4189 1198 4246 tradidimus
1242 4191 1436 4257 nubes,
1467 4194 1626 4263 quasi
1667 4204 1946 4264 portantes
1984 4197 2277 4268 imaginem

697 4281 955 4346 cmlestis,
1010 4284 1183 4338 nubes
1234 4293 1364 4338 sunt
1414 4284 1538 4339 coeli
1589 4302 1696 4340 non
1746 4288 2081 4343 transeuntis
2133 4289 2279 4345 sedis

700 4368 818 4432 Dei,
848 4378 902 4424 ct
958 4386 1126 4440 regno
1156 4370 1249 4426 Dei
1283 4371 1632 4443 digniticatae,
1685 4376 1844 4445 quasi
1896 4377 2139 4433 hmredes
2180 4376 2275 4433 Dei

696 4471 749 4515 et
781 4460 1091 4519 eolucredes
1124 4463 1352 4533 Christi,
1390 4474 1444 4521 et
1475 4476 1812 4536 conregnaut
1840 4467 1917 4522 ei.

2396 3276 2488 3344 qui
2524 3274 2777 3329 obediret.
2815 3273 3072 3346 Nunquid
3109 3293 3219 3331 non
3250 3278 3393 3332 calet
3429 3291 3606 3330 atauus
3629 3286 3720 3325 mea
3742 3275 3848 3319 mat.

2392 3375 2487 3417 aut
2540 3382 2643 3419 non
2687 3382 2904 3435 possum
2961 3368 3212 3437 eripere?
3272 3369 3412 3424 Ecce
3466 3362 3766 3435 increpatione
3794 3366 3848 3405 It!

2394 3457 2662 3511 desertum
2707 3459 2908 3528 faciam
2954 3477 3119 3527 mare,
3168 3472 3221 3516 et
3268 3477 3462 3532 parram
3485 3458 3682 3530 ﬂumina
3715 3450 3843 3502 ἄαται

2388 3562 2437 3607 et
2468 3552 2806 3607 siccabuntur
2844 3553 3009 3622 pisces
3057 3570 3249 3609 eorunt
3289 3571 3356 3609 ex
3397 3569 3456 3607 eo
3483 3548 3612 3621 quod
3637 3560 3717 3599 non
3741 3538 3845 3591 Ιιαὺιιῖ

2390 3660 2611 3714 aquam.
2655 3654 2704 3697 ει
2742 3645 3039 3698 morientur
3089 3647 3147 3699 in
3179 3647 3298 3701 siti.
3335 3644 3403 3699 Et
3436 3643 3632 3697 induam
3653 3632 3841 3689 calculi!“
3892 3660 3895 3671 -

2387 3735 2587 3803 nebris,
2618 3745 2669 3789 et
2699 3736 2836 3789 sicut
2866 3753 3079 3790 saccum
3119 3743 3385 3793 amictum
3420 3736 3550 3806 ejus.
3583 3726 3777 3785 Domit?“
3794 3716 3841 3766 ⁸⁸⁸
3890 3786 3893 3797 _

2388 3825 2518 3879 mihi
2575 3827 2812 3898 linguam
2877 3829 3179 3895 doctrinm,
3236 3842 3298 3885 ut
3351 3829 3511 3885 sciam
3567 3814 3765 3894 quomodo
3800 3818 3839 3855 ⁸⁵(
3888 3808 3891 3875 Ῐ

2385 3927 2620 3987 oporteat
2662 3919 2835 3973 dicere
2880 3921 3111 3976 verbum.
3181 3922 3382 3977 Posuit
3413 3936 3490 3973 me
3515 3929 3661 3975 marte,
3689 3902 3839 3993 αρρθίξυ
3886 3924 3893 3993 l

2384 4008 2516 4061 mihi
2564 4026 2747 4063 aurem
2798 4010 2868 4062 ad
2926 4013 3303 4078 audiendum,
3359 4020 3410 4065 et
3458 4002 3667 4061 doctrina
3705 3992 3834 4078 Ποικξνυ

2382 4100 2581 4169 aperiet
2627 4117 2782 4154 aures
2830 4116 2993 4156 meas.
3048 4101 3158 4173 Ego
3196 4113 3376 4157 autem
3416 4114 3515 4153 non
3552 4105 3651 4147 sum
3685 4073 3837 4176 ἱιξεξτδξ
3884 4154 3887 4176 ί

2380 4190 2483 4253 lus,
2530 4207 2694 4261 neque
2742 4193 3069 4247 contradico.
3133 4194 3369 4249 Dorsum
3436 4200 3589 4242 meum
3621 4157 3831 4261 P'dl‘id
3883 4174 3889 4241 ἶ

2375 4280 2539 4351 912
2569 4259 2806 4352 ﬂagella,
2836 4291 2885 4336 ct
2917 4284 3173 4339 maxillas
3210 4299 3354 4338 meas
3384 4280 3451 4334 ad
3480 4274 3671 4347 palmas.
3696 4259 3831 4358 Fufii"
3883 4312 3887 4358 Γ

2377 4380 2555 4427 autem
2602 4390 2773 4427 meam
2813 4391 2917 4428 non
2961 4377 3127 4429 averti
3175 4395 3209 4431 α
3248 4372 3542 4445 confusione
3580 4355 3825 4431 sputamtm‘

2376 4480 2516 4529 rum,
2567 4473 2617 4520 et
2664 4464 2921 4521 Dominus
2970 4466 3113 4521 Deus
3166 4469 3343 4538 factus
3394 4472 3468 4517 est
3520 4454 3695 4523 αάλκίθν

766 4545 888 4606 112.
937 4550 1081 4606 Tunc
1126 4525 1366 4624 princeps
1413 4525 1748 4609 sacerdotum
1808 4558 2068 4612 conscidit
2114 4560 2271 4612 vesti-
2303 4569 2346 4625 ι)
2374 4555 2577 4613 Omnes
2610 4559 2755 4612 enim
2780 4559 2873 4629 qui
2898 4568 3025 4613 sunt
3059 4559 3127 4614 ab
3151 4557 3411 4622 Ecclesia,
3437 4525 3817 4637 conlitcntu'rfal‘l:

692 4651 871 4695 menta
918 4658 1016 4695 sua
1065 4616 1242 4709 dicens
1271 4616 1717 4714 :IBlasphemavit
1762 4644 1827 4699 “.
1880 4645 2007 4701 Haec
2037 4645 2268 4701 Domino
2303 4616 2339 4625 —
2375 4658 2519 4703 stum
2553 4663 2673 4704 esse
2718 4616 2815 4725 qui
2846 4653 2978 4710 dicit
3011 4669 3025 4705 :
3074 4651 3331 4706 Dominus
3350 4616 3479 4701 Deus
3502 4636 3630 4725 dedit
3651 4616 3816 4725 milii

690 4729 1047 4799 prophetante
1108 4732 1364 4787 inimicus
1397 4732 1609 4787 Domini
1662 4734 1917 4791 sacerdos
1968 4735 2077 4803 ille,
2109 4737 2265 4807 quasi

597 4821 601 4825 ’
692 4837 800 4874 non
852 4831 971 4876 erat
1025 4824 1366 4895 propinquus
1422 4834 1479 4880 ut
1512 4826 1719 4881 videret
1751 4826 1947 4882 Filium
2002 4828 2265 4896 hominis,

687 4921 744 4965 et
772 4913 1028 4968 virtutem
1079 4930 1109 4968 a
1146 4916 1303 4985 cujus
1350 4916 1560 4972 dextris
1606 4917 1845 4985 sedebat,
1900 4917 2058 4987 quasi
2112 4918 2269 4973 incli-

691 5010 853 5056 natus
884 5012 939 5058 et
968 5019 1074 5058 non
1107 5014 1298 5074 potens
1331 5007 1576 5077 aspicere
1617 5023 1860 5073 sursum,
1896 5024 2005 5062 non
2038 5008 2267 5064 audiens

687 5108 811 5161 qua:
840 5093 1075 5159 dicebat,
1114 5097 1383 5152 conscidit
1427 5099 1751 5153 vestimenta
1802 5115 1923 5166 sua,
1970 5100 2267 5156 ostendens

688 5183 1077 5252 turpitudinem
1125 5202 1305 5253 suam,
1341 5197 1396 5265 et
1449 5189 1750 5244 nuditatem
1801 5190 1996 5245 animae
2043 5206 2179 5257 suae,
2210 5200 2266 5247 et

686 5277 1006 5347 mysterium
1041 5279 1418 5345 manifestans,
1437 5282 1900 5337 conscindcndum
1926 5298 2050 5339 esse
2080 5298 2264 5339 sacer-

681 5369 894 5425 dotium
928 5380 1103 5434 vetus,
1145 5380 1201 5426 et
1233 5373 1426 5428 stolam
1461 5374 1749 5429 sacerdotii
1776 5374 1915 5445 ejus,
1949 5384 2005 5431 et
2034 5376 2261 5431 culturas

680 5474 804 5527 quae
835 5461 1133 5515 secundum
1165 5462 1398 5517 litteram
1426 5461 1621 5519 fuerat.
1654 5463 2049 5534 Blasphcmiam
2078 5476 2259 5521 autem

680 5550 977 5607 arbitratus
1008 5562 1235 5609 estesse
1264 5554 1689 5626 magnitudinem
1720 5557 2007 5611 verborum
2031 5557 2254 5623 Christi,

767 5751 813 5780 "‘
836 5750 980 5806 l’sal.
1013 5770 1132 5817 crx,
1164 5754 1211 5807 Ι.
1287 5756 1333 5787 ⁸⁵
1372 5752 1514 5809 Psal.
1549 5772 1727 5816 xxxv,
1759 5758 1811 5812 6.

1905 5758 1955 5828 ’ἦ
2002 5756 2190 5811 Matth.
2225 5775 2387 5828 xxvr,
2437 5763 2525 5820 65.

681 5818 727 5851 ⁸⁸
755 5819 944 5879 Matth.
988 5839 1142 5888 xxvi,
1177 5824 1266 5893 67,
1294 5824 1383 5880 68.
1461 5826 1503 5864 ⁸⁸
1547 5825 1677 5882 ibid.
1708 5827 1794 5882 65.
1874 5822 2036 5901 ".lsa.
2070 5828 2174 5895 1.,2
2201 5845 2352 5901 seqq.

2377 4755 2534 4809 gnam
2570 4713 2845 4805 doctrinm,
2875 4752 2930 4795 et
2956 4749 3150 4797 caetera
3183 4757 3303 4813 quae
3338 4731 3560 4808 exposui.
3596 4722 3683 4791 £80

2376 4808 2760 4885 Convenienter
2790 4841 2843 4886 et
2873 4847 2935 4887 ea
2966 4849 3089 4904 quae
3123 4835 3372 4906 superius
3400 4827 3479 4881 his
3509 4822 3643 4913 erflﬂl

2374 4929 2459 4976 cla
2487 4922 2737 4991 exposui,
2779 4923 2965 4982 volens
2983 4893 3288 4982 .ostend-ere
3322 4922 3387 4978 de
3430 4916 3512 4972 illo
3532 4893 3808 4997 ςιοτίίξξοῗξθ

2371 5010 2475 5067 hoc
2516 4983 2932 5083 prophetatum,
2989 5026 3048 5071 ut
3090 5025 3384 5089 exspuatur
3432 5017 3481 5062 ci
3524 4983 3807 5110 Wlf'l’Tﬁzz

2368 5102 2469 5159 Cui
2499 5114 2681 5160 autem
2715 5106 2806 5162 alii
2835 5110 3090 5166 convenit
3119 5072 3296 5166 dicere
3334 5123 3347 5160 :
3387 5098 3512 5161 Veni,
3557 5072 3802 5177 nisi“?

2367 5196 2460 5266 qui
2493 5198 2641 5252 venit
2678 5197 2731 5252 in
2764 5200 3027 5255 mundum
3054 5202 3079 5255 τ
3124 5211 3217 5257 aut
3264 5209 3415 5269 quem
3446 5181 3633 5242 decem

2377 5285 2589 5357 Vocavi,
2615 5298 2665 5343 et
2694 5307 2795 5343 non
2826 5300 2941 5345 erat
2966 5292 3057 5362 qni
3087 5293 3332 5353 obedircl.
3364 5280 3458 5338 ¹¹ί⁵ί
3485 5285 3588 5332 eum

2368 5378 2434 5433 ad
2466 5351 2769 5435 vocandum
2816 5351 3074 5453 pOpul'um
3102 5351 3419 5441 Iudaeorum.
3458 5377 3504 5424 ⁸⁸
3537 5370 3624 5467 ¹¹ῗῗ

2363 5468 2532 5533 ditus,
2577 5480 2631 5525 et
2673 5470 2795 5527 ideo
2816 5437 2943 5526 'an
2988 5476 3132 5530 eruit
3179 5474 3438 5547 pepulunh
3471 5437 3790 5571 ‘ne‘l‘l'iiﬁﬁguil':

2361 5576 2510 5626 eum’
2542 5562 2635 5617 sed
2668 5556 2993 5634 δετθίίίιυίιῖ
3023 5534 3272 5623 Christus
3294 5567 3370 5616 est
3406 5557 3556 5608 autem
3581 5544 3651 5603 ill“
3676 5534 3791 5574 mu“

3675 5258 3686 5309 i
3708 5243 3801 5302 venit

2627 5767 2671 5801 "
2710 5767 2841 5824 ibid.
2888 5766 2975 5825 66.
3078 5769 3125 5803 ⁸·
3177 5767 3300 5828 ibid,
3397 5755 3437 5789 η
3477 5746 3601 5803 toan.
3642 5740 3693 5785 Vi
3725 5703 3784 5764 "35'
