4052 6304
85 290 306 349 1761

1420 299 2084 362 COMMENTARIORUM
2138 303 2408 362 SERIES.

3405 323 3541 384 17(ἲέ

94 411 314 468 Ecce
397 417 816 488 increpatione
872 435 986 474 mea
1037 419 1300 474 desertum
1347 419 1550 490 faciam
1598 440 1766 490 mare,
1808 432 1860 479 et
1888 428 1936 487 Α
1968 423 2291 496 PrOphetiza
2337 428 2483 484 nobis
2511 430 2629 502 quis
2660 441 2710 488 te
2744 437 3000 504 percussit
3030 437 3098 492 “.
3147 438 3374 512 Propter
3402 451 3545 516 quod

82 516 402 571 ponam
455 511 716 579 ﬂumina
739 513 981 567 deserta:
1009 514 1100 582 qui
1125 515 1656 571 consummationem
1682 515 1856 572 factu-

95 608 255 654 rus
316 607 455 654 est
521 602 741 656 mundi.
790 603 912 672 Ipse
948 613 1033 658 est
1081 603 1228 660 enim
1272 605 1368 676 qui
1413 606 1612 661 ccelum
1665 606 1854 662 induet

91 690 542 758 tenebras,
589 704 642 749 et
692 694 878 749 induet
909 695 961 750 id
1005 695 1151 752 velut
1185 712 1430 763 saccum,
1480 708 1536 753 et
1575 700 1853 770 accipiens

103 794 150 831 a
192 776 453 836 Patre
525 782 766 853 linguam
819 784 1084 842 doctrinae
1132 788 1343 844 sciebat
1374 790 1652 860 quomodo
1686 805 1852 860 opor-

105 883 278 928 teat
327 874 584 932 dicere
631 877 858 934 verbum
907 880 1054 950 quod
1103 881 1454 936 commiserat
1487 882 1537 936 ei
1573 882 1744 948 Deus;
1797 893 1852 939 et

115 969 510 1038 apposuit
552 969 604 1025 ei
647 985 860 1037 aurem,
905 979 967 1024 ut
1009 972 1244 1041 amplius
1279 971 1469 1027 audiat
1501 973 1849 1029 audientibus

115 1059 482 1125 cunctis,
537 1070 594 1116 et
633 1061 880 1116 doctrina
910 1061 1090 1119 Patris
1123 1064 1340 1134 aperuit
1383 1064 1432 1118 ei
1472 1079 1684 1130 aurem,
1717 1067 1848 1136 quia

129 1167 289 1206 non
341 1152 496 1208 fuit
526 1154 841 1210 incredulus
874 1153 1023 1210 Patri
1057 1156 1317 1222 mittenti,
1349 1157 1442 1212 sed
1485 1173 1664 1225 neque
1715 1175 1842 1213 con-

127 1244 561 1310 lradicens,
609 1257 664 1301 et
707 1262 872 1316 opere
919 1263 1020 1303 suo
1072 1247 1260 1304 docuit
1301 1249 1514 1305 discere
1565 1255 1847 1321 cupientes

66 1395 68 1398 ,
138 1340 733 1396 Inansuetudinem
779 1341 1222 1411 laudabilemque
1263 1341 1652 1397 humilitatem.
1695 1343 1845 1413 Opus

139 1443 406 1488 autem
449 1443 583 1488 erat
615 1436 668 1489 in
709 1451 776 1490 eo
803 1436 952 1502 quod
992 1433 1152 1490 factis
1199 1435 1301 1489 ista
1337 1435 1587 1503 docebat,
1619 1437 1842 1492 dorsum

66 1568 72 1602 ἶ
152 1539 385 1579 suum
422 1525 711 1581 exhihens
760 1527 828 1581 ad
861 1525 1094 1597 flagella,
1135 1535 1188 1580 et
1223 1527 1476 1582 maxillas
1505 1527 1574 1582 ad
1609 1528 1840 1597 palmas,

66 1689 67 1692 η
147 1625 226 1671 et
291 1615 541 1672 faciem
580 1634 689 1673 non
736 1628 988 1675 avertens
1028 1636 1057 1674 a
1099 1619 1422 1675 confusione
1467 1629 1844 1690 sputamento-

159 1726 359 1776 rum,
409 1719 494 1766 ut
540 1727 662 1777 nos,
711 1713 855 1768 sicut
897 1713 1154 1777 arbitror,
1203 1712 1298 1782 qui
1352 1714 1501 1783 digni
1558 1713 1839 1770 fueramus

1957 527 2281 615 receperunt
2309 520 2522 590 alapam
2556 531 2841 590 aeternam,
2877 535 2930 581 et
2964 528 3032 582 ab
3076 531 3226 585 omni
3260 536 3544 605 prophetia

1955 606 2151 673 privati
2188 617 2338 672 sunt,
2371 611 2616 678 percussi
2647 621 2700 667 et
2727 617 3003 687 castigati,
3038 628 3093 672 et
3121 635 3220 676 nec
3250 623 3332 678 sic
3363 627 3546 681 volen-

1955 704 2035 751 tes
2065 697 2307 768 recipere
2337 699 2704 772 disciplinam,
2733 708 3033 762 secundum
3070 713 3216 781 quod
3247 718 3544 786 prOphcta-

1951 798 2107 843 verat
2140 789 2244 844 hoc
2273 791 2453 860 ipsum
2481 794 2548 849 de
2573 796 2652 852 eis
2679 795 2946 855 Jcremias
2969 801 3015 832 “
3041 823 3055 857 :
3084 801 3406 878 Flagellasti
3431 829 3540 877 eos,

1950 888 2000 933 et
2035 896 2138 934 non
2163 881 2467 951 doluerunt,
2494 895 2542 939 et
2569 887 2850 944 noluerunt
2879 894 3145 965 suscipere
3175 897 3538 970 disciplinam.

1950 972 2016 1025 Et
2048 989 2194 1027 nunc
2240 975 2333 1043 qui
2378 976 2642 1046 injuriant
2679 997 2846 1036 unum
2889 984 3126 1055 aliquem
3177 990 3245 1044 de
3269 990 3538 1061 Ecclesia,

1949 1072 2004 1119 et
2040 1063 2246 1122 faciunt
2289 1068 2336 1122 ei
2381 1069 2516 1138 lucc,
2559 1072 2611 1126 in
2659 1072 2852 1129 faciem
2918 1090 3192 1149 exspuunt
3233 1084 3457 1150 Christi,
3488 1100 3542 1143 et

1947 1155 2228 1212 Christum
2261 1160 2508 1230 colaphis
2545 1165 2814 1220 czedentes
2854 1171 3126 1241 castigant
3160 1183 3215 1228 et
3246 1176 3462 1243 palmis.

2025 1247 2143 1302 lli.
2193 1247 2383 1303 Petrus
2409 1268 2526 1305 vero
2552 1253 2763 1308 sedebat
2787 1257 2918 1325 foris
2947 1260 3003 1312 in
3027 1265 3186 1318 atrio.
3221 1263 3290 1317 Et
3315 1270 3538 1323 accessit

1948 1341 2018 1393 ad
2046 1357 2168 1394 eum
2195 1358 2299 1395 una
2339 1361 2403 1398 ea:
2429 1346 2640 1399 ancillis
2677 1350 2855 1404 dicens
2880 1369 2898 1405 :
2924 1351 2992 1404 Et
3029 1364 3083 1406 tu
3119 1373 3236 1409 eras
3267 1375 3384 1410 cum
3407 1360 3537 1414 Jcsu

1947 1430 2223 1488 Galilwo?
2275 1435 2339 1488 At
2395 1437 2485 1490 ille
2536 1440 2738 1507 negavit
2800 1458 2978 1495 coram
3037 1447 3279 1502 omnibus
3322 1452 3537 1506 dicens:

1949 1523 2143 1578 Nescio
2175 1526 2303 1596 quid
2332 1529 2488 1584 dicis.
2523 1529 2767 1586 Exeunte
2802 1547 2978 1588 autem
3007 1538 3099 1590 illo
3120 1542 3373 1607 januam,
3406 1547 3536 1601 vidit

1946 1615 2098 1668 illum
2142 1619 2251 1670 alia
2295 1621 2515 1682 ancilla,
2575 1631 2625 1674 et
2666 1625 2740 1677 ait
2775 1626 2823 1678 ei
2868 1628 2940 1678 ibi
2979 1644 2996 1680 .'
3037 1627 3104 1682 Et
3133 1633 3222 1683 hic
3257 1645 3369 1688 erat
3414 1652 3535 1690 cum

1945 1706 2075 1761 Jesu
2105 1707 2408 1765 Nazareno.
2459 1711 2528 1765 Et
2573 1715 2762 1767 iterum
2796 1719 3002 1786 negavit
3049 1737 3167 1772 cum
3201 1723 3531 1792 jurameuto,

159 1817 424 1861 omnes
479 1803 580 1858 has
625 1802 880 1858 infamias
926 1805 1055 1874 pati,
1103 1814 1320 1860 erueret
1368 1807 1483 1874 ipse
1529 1821 1627 1875 pro
1670 1807 1829 1860 nobis
1872 1783 1913 1839 Β
1942 1801 2066 1869 quia
2101 1818 2202 1854 nou
2242 1803 2361 1856 novi
2387 1804 2672 1858 hominem.
2714 1807 2844 1861 Post
2874 1811 3131 1878 pusillum
3172 1825 3351 1868 autem
3385 1835 3531 1871 acce-

66 1943 70 1973 ι
166 1894 449 1964 patiens
497 1909 612 1949 eas.
670 1894 789 1948 Non
832 1895 977 1949 enim
1026 1906 1275 1951 mortuus
1323 1906 1406 1951 est
1451 1912 1548 1965 pro
1581 1897 1739 1951 nobis
1777 1907 1835 1951 ιιι

167 2004 314 2042 non
381 1987 732 2054 moriamur,
774 1988 866 2042 sed
911 1997 972 2042 ut
1007 2005 1102 2058 pro
1138 1990 1294 2044 nobis
1338 2005 1445 2043 non
1497 1990 1833 2055 moriamur;

173 2089 244 2135 et
275 2080 494 2151 alapis
539 2095 714 2136 caesus
749 2090 831 2136 est
871 2096 970 2150 pro
1006 2082 1186 2146 nobis,
1225 2091 1279 2136 et
1319 2091 1583 2151 exsputus
1616 2091 1718 2149 est,
1779 2091 1838 2136 ut

176 2173 265 2228 hc
315 2188 446 2229 nos
492 2173 587 2243 qui
620 2172 769 2243 digni
815 2171 1096 2228 fueramus
1145 2174 1404 2229 omnibus
1448 2173 1564 2238 his,
1613 2187 1837 2244 promer

182 2275 421 2322 nostra
485 2279 710 2335 peccata
757 2266 1031 2335 patiamur
1082 2281 1168 2330 ea,
1216 2267 1310 2321 sed
1366 2277 1426 2320 ut
1474 2283 1573 2337 pro
1619 2268 1830 2337 justitia

183 2358 507 2428 patientes
538 2371 599 2410 ea
631 2365 912 2426 gratanter
950 2356 1311 2425 excipiamus.
1359 2355 1426 2411 Et
1462 2355 1666 2413 Paulus
1708 2359 1833 2428 qui-

191 2451 346 2504 dem
395 2447 539 2503 dicit
585 2448 652 2501 de
695 2445 1074 2513 Salvatore",
1118 2449 1377 2517 quoniam
1426 2447 1730 2502 humiliavit
1776 2466 1831 2504 se

199 2542 411 2610 factus
465 2539 710 2594 obedieus
755 2557 916 2610 usque
959 2541 1027 2593 ad
1080 2550 1322 2606 mortem,
1374 2551 1595 2594 mortem
1649 2551 1825 2596 autent

197 2632 429 2686 crucis.
481 2629 598 2685 Non
635 2632 782 2686 enim
815 2642 897 2686 est
937 2632 1255 2687 indecorum
1287 2631 1335 2686 ei
1361 2631 1454 2701 qui
1486 2632 1600 2687 vult
1629 2649 1826 2690 nume-

201 2739 345 2779 rare
391 2724 451 2780 in
483 2725 704 2794 quantis
735 2740 793 2780 se
818 2725 1070 2779 Christus
1105 2725 1435 2792 humiliavit,
1471 2735 1532 2780 ut
1566 2726 1821 2782 dinume-

201 2822 301 2868 νει
331 2823 504 2868 extra
538 2829 600 2868 ea
628 2829 747 2884 qua:
776 2813 976 2869 Paulus
1005 2815 1259 2885 exposuit
1294 2816 1482 2871 dicens
1512 2834 1525 2870 :
1556 2814 1824 2872 l‘lumilia-

205 2903 294 2957 vit
325 2903 608 2961 se’factus
648 2905 911 2961 obedicns
959 2920 1134 2974 usque
1168 2906 1234 2960 ad
1272 2906 1508 2976 palmas,
1548 2923 1724 2978 usque
1754 2909 1821 2962 ad

205 2993 609 3050 confusionem
671 3004 1176 3066 sputamentorum,
1235 3009 1290 3052 et
1338 2997 1711 3068 flagellorum,
1769 3009 1824 3054 et

212 3087 457 3153 mortis;
511 3096 731 3158 propter
777 3103 900 3158 quae
948 3090 1131 3144 omnia
1177 3090 1440 3144 exaltavit
1490 3105 1617 3145 eum
1650 3090 1815 3145 Deus.

216 3179 333 3235 Nec
389 3179 537 3234 enim
592 3187 816 3249 propter
869 3187 1100 3233 mortem
1160 3180 1333 3234 solam
1384 3195 1550 3249 quam
1593 3181 1818 3250 pertulit

219 3275 456 3340 propter
511 3282 645 3334 nos,
702 3268 960 3322 exaltavit
1011 3283 1176 3332 eum,
1230 3268 1323 3323 sed
1375 3271 1541 3323 etiam
1594 3279 1821 3340 propter

217 3361 459 3432 palmas,
491 3369 544 3415 et
575 3369 943 3431 sputamenta,
973 3369 1027 3415 et
1056 3370 1269 3415 caetera.
1313 3359 1589 3428 Quoniam
1633 3371 1816 3417 autem

219 3455 292 3509 ad
337 3464 640 3508 extremam
697 3453 953 3522 injuriam
1010 3454 1276 3522 accipitur
1335 3462 1815 3522 spulamentorum

221 3547 451 3618 injuria,
484 3545 838 3602 manifestum
869 3555 952 3601 est
984 3548 1146 3600 etiam
1186 3547 1238 3599 in
1276 3547 1392 3617 lege
1438 3547 1491 3600 in
1524 3562 1632 3614 qua
1672 3548 1815 3602 scri-

225 3649 381 3712 ptum
429 3647 512 3694 est
559 3646 619 3692 ut
666 3639 863 3692 mulier
911 3637 1189 3702 defuncti,
1243 3637 1288 3691 si
1345 3638 1585 3692 noluerit
1640 3636 1816 3694 frater

225 3734 332 3788 viri
371 3731 487 3802 ejus
537 3731 784 3802 accipere
830 3747 974 3796 eam,
1009 3730 1276 3786 accedens
1321 3731 1385 3784 ad
1419 3746 1544 3785 eum
1580 3732 1673 3800 qui
1717 3745 1814 3785 no-

213 3825 332 3886 luit
364 3840 479 3878 eam
512 3824 759 3895 accipere
801 3825 906 3880 sibi
959 3841 1211 3890 uxorem,
1259 3838 1448 3880 coram
1499 3824 1814 3878 senioribus

231 3914 560 3970 excalccabit
616 3914 1046 3970 calceamentum
1097 3930 1267 3969 unum
1311 3929 1378 3968 ex
1432 3912 1700 3982 pedibus,
1758 3923 1813 3968 et.

233 4016 452 4077 exspuet
484 4008 538 4062 in
569 4005 760 4062 faciem
796 4006 935 4076 ejus,
971 4017 1025 4062 ει
1055 4005 1236 4062 dicet:
1263 4003 1354 4060 Sic
1386 4004 1585 4074 facient
1609 4005 1810 4059 homini

233 4102 323 4172 qui
351 4116 445 4154 non
477 4099 815 4170 aediﬁcaverit
841 4100 1054 4152 domum
1092 4098 1281 4169 fratris
1311 4098 1394 4152 sui
1423 4099 1488 4150 “.
1523 4096 1643 4153 Non
1680 4113 1810 4169 ergo

239 4191 423 4247 avertit
459 4191 651 4247 faciem
697 4208 852 4248 suam
885 4191 1139 4246 Christus
1178 4207 1207 4246 a
1242 4189 1567 4246 confusione
1619 4198 1810 4260 sputa-

241 4293 552 4348 mentorum,
586 4290 645 4336 ut
677 4283 851 4353 magis
880 4282 1212 4352 glorificetur
1246 4281 1430 4336 vultus
1468 4281 1611 4351 ejus,
1641 4296 1807 4352 quam

243 4374 340 4430 fuit
367 4376 535 4431 vultus
563 4375 736 4448 Moysi
773 4375 1132 4446 glorificatus,
1160 4383 1310 4430 tanta
1333 4385 1386 4430 et
1407 4374 1500 4430 tali
1526 4373 1722 4445 gloria,
1748 4382 1808 4430 ut

1942 1893 2118 1946 dentes
2162 1895 2254 1962 qui
2295 1893 2536 1959 stabant,
2570 1897 2817 1951 dixerunt
2857 1900 3054 1956 Petro:
3095 1903 3218 1959 Vere
3240 1923 3304 1960 ea:
3332 1908 3442 1963 illis
3475 1927 3529 1965 es

1942 1994 2021 2043 tu,
2057 1984 2248 2035 etenim
2295 1984 2506 2053 loquela
2553 1996 2646 2038 tua
2692 1990 3031 2057 manifestum
3080 2003 3129 2047 te
3174 1995 3330 2058 facit.
3384 1997 3529 2053 Tunc

1939 2076 2089 2141 coepit
2130 2074 2378 2127 devolare
2415 2084 2462 2128 et
2498 2075 2709 2144 jurare,
2749 2079 2874 2146 quia
2923 2082 3099 2134 nescio
3138 2082 3420 2138 hominem.
3456 2086 3527 2140 Et

1938 2169 2186 2221 continuo
2218 2167 2392 2238 gallus
2426 2171 2680 2222 cantavit.
2724 2169 2791 2222 Et
2831 2185 3210 2230 rememoratus
3235 2187 3312 2232 est
3335 2178 3524 2234 Petra;

1935 2259 2075 2314 verbi
2099 2259 2227 2313 Jesu
2254 2259 2477 2313 dicentis
2509 2262 2556 2314 ei
2581 2278 2599 2314 :
2626 2261 2763 2326 Quia
2785 2264 3094 2334 priusquam
3121 2266 3296 2335 gallus
3322 2280 3520 2336 cantet,

1935 2361 2013 2405 ter
2050 2369 2128 2406 me
2165 2353 2400 2423 negabis.
2455 2353 2519 2407 Et
2577 2371 2814 2423 egressus
2861 2355 3007 2425 foras
3051 2361 3385 2414 amarissime
3423 2363 3523 2431 ﬂe-

1933 2444 2006 2498 rit
2038 2444 2102 2498 ⁸⁷.
2161 2445 2545 2500 Abundantius
2599 2448 3011 2502 considerantes
3062 2447 3209 2504 Petri
3273 2455 3522 2523 negatio-

1932 2547 2080 2598 nem,
2107 2534 2342 2589 dicimus
2366 2536 2626 2604 quoniam
2657 2553 2806 2590 nemo
2835 2547 3002 2608 potest
3032 2540 3204 2596 dicere
3238 2541 3518 2598 Dominum

1929 2621 2154 2688 Jesum,
2194 2625 2299 2678 nisi
2346 2626 2399 2678 in
2430 2624 2638 2696 Spiritu
2675 2639 2861 2681 sancto
2886 2629 2951 2694 σε,
2995 2630 3136 2686 sicut
3165 2631 3369 2691 Paulus
3418 2651 3519 2692 nos

1928 2716 2106 2770 docet.
2145 2714 2211 2768 Et
2245 2717 2478 2770 nondum
2510 2729 2624 2771 erat
2660 2730 2789 2774 ιιιιιε
2841 2722 2892 2774 in
2927 2721 3248 2780 hominibus
3279 2725 3518 2796 Spiritig

1927 2818 2172 2871 sanctus,
2207 2811 2459 2878 quoniam
2490 2811 2649 2865 Jesus
2699 2815 2930 2868 nondum
2975 2816 3150 2885 fuerat
3193 2819 3516 2891 honoriﬁca-

1926 2911 2032 2966 tus,
2069 2902 2211 2956 sicut
2238 2901 2367 2957 dicit
2394 2901 2633 2960 Joannes
2655 2905 2722 2958 ⁸³.
2760 2905 3050 2977 Propterea
3098 2926 3206 2964 non
3242 2922 3361 2967 erat
3384 2930 3514 2984 pos-

1925 2994 2103 3061 sibile,
2135 3011 2312 3065 neque
2353 2997 2502 3050 illum
2541 2998 2700 3052 talem
2735 2997 2953 3054 Petrum
2995 3011 3126 3058 tunc
3153 3001 3339 3059 Jcsum
3376 3022 3508 3061 con-

1929 3087 2064 3140 fiteri
2099 3106 2110 3140 :
2143 3103 2243 3140 nec
2289 3096 2472 3142 tamen
2517 3098 2636 3143 erat
2680 3093 3157 3159 reprehendendus
3198 3111 3305 3149 non
3340 3097 3513 3151 confi-

1925 3187 2046 3233 tens
2087 3178 2298 3235 Jesum.
2376 3180 2648 3247 Quoniam
2705 3185 2771 3238 ad
2825 3185 3146 3242 confitentes
3193 3188 3396 3244 dicitur
3423 3191 3507 3247 "z

1923 3269 2051 3326 Non
2077 3273 2204 3326 estis
2233 3289 2320 3327 vos
2346 3276 2436 3345 qui
2469 3275 2768 3347 loquimini,
2801 3278 2892 3332 sed
2927 3277 3164 3348 Spiritus
3199 3281 3381 3338 Patris
3423 3301 3512 3339 ve-

1919 3366 2022 3418 stri
2064 3366 2155 3435 qui
2196 3366 2432 3436 loquitur
2465 3368 2519 3420 in
2565 3368 2732 3423 vobis.
2785 3367 2901 3423 Non
2936 3380 3116 3425 autem
3155 3388 3277 3426 cum
3313 3374 3379 3429 sit
3413 3391 3509 3444 po-

1919 3464 2042 3509 tens
2086 3455 2320 3524 Spiritus
2371 3456 2460 3510 ille
2493 3457 2670 3514 Patris
2725 3460 2898 3514 nostri
2954 3461 3104 3530 loqui
3161 3462 3212 3515 in
3247 3465 3423 3529 nobis,
3454 3475 3505 3520 et

1918 3561 2043 3600 cum
2085 3547 2138 3600 in
2184 3558 2371 3600 nostra
2416 3548 2488 3601 sit
2518 3557 2786 3616 potestate
2838 3552 3017 3605 locum
3063 3553 3195 3607 dare
3244 3555 3296 3608 in
3346 3557 3507 3610 nobis

1919 3635 2143 3707 Spiritui
2193 3648 2423 3702 sancto,
2484 3649 2539 3692 ct
2599 3655 2707 3693 non
2803 3641 3064 3709 diabolo,
3114 3644 3157 3697 si
3208 3645 3508 3715 denegave-

1916 3731 2134 3798 rimus,
2191 3731 2600 3786 excusationem
2669 3731 2834 3785 ullam
2900 3733 3187 3789 habemus.
3252 3735 3502 3794 Forsitan

1915 3830 2098 3876 autem
2149 3830 2203 3876 ει
2253 3822 2567 3891 quicunque
2613 3835 2698 3878 est
2763 3823 2818 3877 in
2871 3825 3011 3878 atrio
3063 3826 3285 3896 Caiphae
3346 3830 3499 3897 prin—

1914 3911 2052 3981 cipis
2095 3914 2465 3976 sacerdotum,
2521 3929 2629 3968 non
2683 3923 2860 3984 potest
2911 3915 3156 3970 confiteri
3207 3914 3499 3975 Domiuu'm

1911 4002 2121 4070 Jesum,
2184 4005 2288 4060 nisi
2358 4003 2522 4060 fuerit
2588 4020 2986 4075 egressus.ex
3015 4008 3155 4062 atrio
3228 4009 3370 4078 ejus,
3447 4022 3499 4064 et

1910 4096 2074 4167 913
2100 4095 2232 4150 foris
2265 4095 2428 4150 fuerit
2464 4096 2640 4150 factus
2670 4097 2739 4151 ab
2769 4097 2918 4151 omni
2945 4098 3194 4154 doctrina
3220 4103 3497 4157 contraria

1908 4187 2060 4244 Jesu.
2121 4188 2254 4243 Nam
2290 4189 2382 4258 qui
2413 4189 2521 4244 illic
2555 4199 2703 4253 sunt,
2755 4187 3014 4245 Judaicas
3049 4193 3274 4246 tradunt
3322 4195 3495 4248 tradi-

1909 4281 2107 4346 tiones,
2139 4291 2193 4336 et
2225 4295 2330 4335 non
2360 4281 2662 4335 secundum
2711 4281 3026 4336 voluntates
3063 4279 3494 4352 Scripturarum,

1909 4373 2006 4428 sed
2063 4373 2363 4428 secundum
2440 4374 2696 4428 mandata
2761 4373 3045 4429 hou’linum
3096 4383 3148 4430 et
3191 4377 3491 4433 doctrinas.

242 4466 632 4536 comparatione
679 4467 1095 4538 glorificationis
1165 4467 1364 4532 istius,
1415 4466 1600 4523 vultus
1656 4466 1804 4522 illius
1835 4465 2209 4553 DCousidera
2257 4467 2402 4520 enim
2449 4466 2712 4536 quoniam
2760 4465 2955 4522 Petrus
3009 4467 3142 4523 foris
3197 4470 3392 4524 sedens
3422 4472 3492 4524 ab

247 4559 540 4631 gloriﬁcatio
581 4561 921 4624 destruatur,
949 4560 1092 4616 sicut
1123 4559 1179 4614 in
1211 4569 1505 4631 conspectu
1549 4559 1682 4614 solis
1716 4559 1802 4614 lu-

247 4673 359 4713 men
405 4657 631 4712 lucernae
678 4657 1000 4724 destruitur,
1043 4666 1098 4712 et
1134 4655 1278 4712 sicut
1327 4654 1554 4711 scientia
1587 4669 1709 4724 quae
1737 4669 1804 4709 ex

249 4755 388 4820 parte
420 4756 515 4813 est,
555 4746 862 4802 destruitur
903 4763 1030 4804 cum
1065 4747 1276 4803 venerit
1313 4746 1462 4817 quod
1497 4746 1801 4816 perfectum

248 4850 343 4896 est.
377 4839 468 4896 Sed
497 4851 552 4895 et
591 4840 834 4911 colaphis
882 4840 1202 4897 ceciderunt
1254 4849 1508 4895 sanctum
1545 4837 1803 4894 Ecclesiae

251 4941 411 5004 caput,
448 4941 663 5003 propter
693 4932 839 5004 quod
881 4933 986 5004 ipsi
1029 4932 1447 5004 colaphizantur
1489 4947 1520 4986 a
1556 4930 1796 4986 Satana:

253 5039 346 5076 non
383 5031 578 5077 utnon
625 5025 988 5090 extollantur,
1040 5040 1215 5094 neque
1277 5033 1338 5078 ut
1378 5023 1552 5078 virtus
1607 5038 1798 5078 eorum

255 5115 546 5184 perficiatur,
585 5116 678 5170 sed
714 5125 775 5172 ut
813 5118 999 5174 traditi
1049 5117 1272 5172 inimico
1316 5124 1370 5171 et
1397 5115 1620 5180 vindici,
1661 5114 1800 5169 rcci-

255 5206 382 5276 piant
417 5207 551 5277 quod
604 5208 852 5264 fecerunt
900 5218 1208 5281 peccatum,
1253 5208 1660 5279 colaphizantes
1703 5205 1796 5261 Je-

257 5313 376 5354 sum.
406 5297 460 5353 Et
483 5315 590 5354 non
627 5301 869 5356 contenti
914 5300 1293 5356 tantummodo
1323 5314 1594 5370 exspuere
1623 5300 1678 5354 in
1711 5297 1787 5353 fa-

257 5389 372 5443 ciem
396 5390 499 5460 ejus
542 5402 595 5446 et
644 5393 888 5463 colaphis
940 5407 1065 5447 eum
1119 5391 1348 5458 credere,
1402 5390 1497 5445 sed
1533 5389 1713 5446 adhuc
1740 5398 1796 5444 et

260 5479 419 5549 palmis
467 5495 592 5537 eum
632 5484 983 5552 ceciderunt,
1021 5492 1077 5539 et
1137 5483 1458 5539 deludentes
1499 5481 1788 5537 dixerunt:

320 5692 356 5762 f'
383 5689 559 5761 Philip.
616 5707 687 5757 ιι,
745 5697 797 5749 8.
897 5697 942 5729 οδ
995 5695 1151 5751 Deut.
1207 5711 1333 5762 xxv,
1391 5694 1476 5751 19.

266 5761 452 5817 "lCor.
489 5779 585 5834 xu,
615 5766 668 5819 5.
751 5769 795 5801 ⁶⁹
818 5783 914 5834 vn,
981 5769 1070 5822 '59.
1148 5767 1195 5799 ⁷⁸
1229 5765 1419 5822 Matth.
1455 5782 1509 5835 x,
1540 5765 1627 5820 20.

1575 5693 1619 5726 ⁸⁸
1662 5692 1854 5750 Matth.

1907 4555 2038 4613 Jesu
2084 4565 2431 4629 segregatus,
2482 4568 2536 4614 et
2583 4559 2638 4613 in
2667 4559 2804 4613 atrio
2831 4558 3094 4630 principis
3134 4561 3488 4627 constitutus,

1906 4666 2091 4707 coram
2139 4651 2394 4706 omnibus
2438 4649 2625 4707 Jesum
2681 4651 3014 4746 denegavi‘:
3051 4661 3106 4707 et
3145 4652 3340 4708 iterum
3373 4654 3490 4709 vice

1907 4745 2145 4802 secunda
2191 4743 2446 4799 similiter
2498 4760 2607 4798 non
2642 4753 2798 4799 extra
2830 4743 3056 4814 jauuam
3105 4745 3241 4801 foris
3287 4743 3484 4810 factus,

1906 4838 2000 4894 sed
2026 4839 2214 4892 volens
2243 4839 2412 4900 exire,
2456 4836 2696 4891 nondum
2726 4846 2907 4892 autem
2935 4852 3190 4904 egressus
3233 4837 3484 4906 januam,

1902 4929 2208 5000 denegavit.
2248 4927 2351 4983 Sed
2379 4938 2432 4983 et
2460 4929 2616 4982 tertia
2646 4928 2762 4984 vice
2785 4927 3005 4998 quando
3031 4929 3123 4999 qui
3160 4930 3376 4984 stabant
3400 4930 3484 4984 di-

1903 5035 2100 5077 xerunt
2127 5041 2139 5076 :
2188 5021 2316 5076 Vere
2342 5037 2407 5076 ea:
2433 5021 2542 5074 illis
2573 5038 2648 5084 es,
2684 5030 2740 5076 et
2767 5022 2987 5091 quando
3019 5021 3183 5092 cmpit
3225 5038 3285 5078 se
3315 5022 3482 5076 devo-

1904 5121 2018 5167 tare
2066 5121 2120 5168 et
2157 5112 2343 5182 jurare
2393 5112 2524 5181 quia
2560 5113 2746 5164 nescio
2791 5111 3089 5178 hominem,
3138 5112 3319 5166 adhuc
3371 5125 3482 5165 non

1899 5215 2017 5260 erat
2049 5203 2200 5260 foris.
2263 5202 2327 5257 Et
2356 5217 2546 5258 omnes
2586 5203 2972 5273 denegationes
3008 5201 3162 5258 factae
3185 5212 3313 5258 sunt
3341 5203 3389 5255 ei
3426 5203 3480 5255 in

1903 5307 2064 5352 nocte
2109 5295 2246 5352 etin
2277 5294 2513 5350 tenebris
2562 5295 2880 5364 priusquam
2927 5295 3108 5350 veniat
3138 5294 3276 5360 dies,
3309 5301 3364 5346 ot
3405 5293 3480 5346 si-

1903 5405 2070 5461 gnum
2099 5387 2225 5456 diei,
2256 5386 2308 5442 id
2341 5395 2424 5442 est
2453 5386 2578 5456 galli
2607 5396 2832 5454 cantus,
2862 5386 2955 5457 qui
2990 5386 3216 5441 suscitat
3240 5385 3480 5438 volentes

1902 5498 1932 5536 a
1964 5496 2177 5539 somno.
2239 5478 2306 5534 Et
2351 5486 2411 5534 ut
2457 5478 2605 5534 verbi
2643 5479 2812 5550 gratia
2861 5479 3076 5543 dicam,
3114 5476 3159 5532 si
3195 5483 3318 5546 post
3351 5474 3477 5545 galli

1915 5707 2066 5757 xxvi,
2117 5691 2205 5747 68.
2321 5691 2368 5722 “
2407 5705 2470 5758 ν,
2504 5689 2558 5744 '5.
2671 5687 2712 5718 "’
2753 5685 2945 5740 Matth.
2987 5697 3110 5738 xxvi
3139 5724 3154 5750 ,
3201 5682 3267 5736 (i9
3321 5695 3474 5753 seqq.
