4052 6304
718 279 741 333 1
754 279 858 335 763

1884 284 2214 345 ORIGENIS
2251 283 2322 344 ΙΝ
2357 289 2779 352 ΜΑΤΤΗΕΠΜ

3790 321 3863 379 liii

714 407 939 453 cantum
965 396 1161 454 Petrus
1192 412 1473 472 negasset,
1505 414 1565 461 ut
1590 405 1865 463 diceretur
1894 428 1911 466 :
1946 407 2069 465 Nam
2093 427 2305 483 promo-
2332 416 2376 476 Α
2408 417 2702 488 operibus;
2737 420 2899 492 longe
2936 430 3121 480 autem
3167 424 3469 485 efﬁciamur
3501 445 3532 487 a
3557 435 3717 504 priore
3748 448 3863 502 ancill:

715 490 791 544 vit
810 531 826 555 ,
866 489 977 543 dies
1004 500 1179 545 autent
1210 497 1684 566 appropinquavit,
1724 499 1861 554 sicut
1891 502 1947 555 in
1974 503 2063 556 die
2089 503 2305 558 honeste

716 578 1043 633 ambulemus
1071 582 1140 648 τί,
1190 582 1341 639 nulla
1372 588 1728 643 excusatione
1754 590 1954 660 dignus
1979 590 2172 649 fuisset
2195 592 2297 649 Pe-

714 678 850 723 trus.
915 668 1162 726 Forsitan
1212 683 1394 730 autem
1431 687 1485 732 et
1531 694 1723 735 omnes
1773 682 2026 739 homines
2077 686 2298 755 quando

711 757 980 828 tlenegant
1062 759 1288 829 Jcsum,
1345 764 1416 819 ita
1473 776 1529 820 ut
1572 783 1853 837 peccatum
1922 772 2295 845 tlenegationis

708 862 898 903 eorum
929 851 1156 922 recipiat
1188 855 1537 924 medicinam,
1570 869 1696 914 ante
1720 862 1845 933 galli
1871 873 2094 919 cantum
2124 865 2294 921 dene—

709 956 837 1012 gare
871 957 995 997 eum
1030 945 1282 1002 videntur
1304 991 1318 1016 ,
1367 951 1609 1005 nondum
1637 953 1717 1008 eis
1747 961 1878 1010 nato
1902 955 2016 1011 sole
2045 956 2290 1025 justitize,

707 1046 809 1087 nec
844 1034 1315 1106 appropinquante
1341 1039 1421 1094 eis
1459 1051 1581 1096 ortu
1615 1042 1821 1112 ipsius;
1856 1046 1903 1101 si
1948 1057 2127 1102 autem
2168 1057 2293 1119 post

704 1132 886 1178 ortum
918 1124 1231 1196 hujusmodi
1272 1130 1405 1187 solis
1459 1135 1524 1188 ad
1553 1135 1793 1191 animam
1829 1138 2072 1195 volentes
2100 1156 2291 1211 pecca-

704 1216 979 1281 verimus,
1028 1230 1317 1289 postquam
1361 1226 1673 1294 accepimus
1705 1229 1986 1284 scientiam
2020 1232 2285 1302 veritatis,

697 1304 811 1375 jam
846 1322 954 1360 non
992 1308 1322 1380 relinquitur
1350 1314 1511 1369 nobis
1543 1317 1875 1373 sacriliciom
1913 1336 2012 1391 pro
2040 1335 2284 1393 peccato,

701 1395 796 1450 sed
824 1398 1063 1454 terribile
1091 1399 1384 1470 judicium,
1419 1413 1474 1458 et
1516 1405 1666 1461 zelus
1710 1408 1851 1479 ignis
1888 1412 1980 1480 qui
2008 1424 2285 1470 comestu-

700 1493 797 1542 ru’s
829 1496 913 1543 est
946 1488 1219 1545 inimicos.
1281 1492 1347 1547 Et
1395 1494 1449 1548 in
1494 1493 1656 1552 Petro
1684 1500 1905 1569 quidem
1950 1512 2080 1561 tunc
2119 1505 2286 1562 deue-

698 1586 860 1646 gante
904 1593 1010 1632 non
1044 1581 1398 1637 conveniebat
1427 1584 1608 1640 dicere
1637 1605 1651 1642 :
1685 1588 1958 1653 Quomodo
1987 1610 2051 1648 ne
2078 1599 2282 1664 putatis

696 1667 880 1735 pejora
926 1671 1117 1723 mereri
1171 1674 1432 1741 supplicia
1459 1677 1551 1745 qui
1581 1676 1785 1733 Filium
1812 1680 1912 1735 Dei
1941 1692 2280 1743 conculcave-

2405 520 2457 564 ct
2486 511 2692 577 altera;
2723 520 2776 566 et
2809 514 2882 568 ab
2903 517 3164 574 omnibus
3193 519 3285 588 qui
3311 529 3462 576 stant
3499 523 3549 576 in
3578 528 3701 582 atrio
3721 530 3864 599 ejusvd

2405 601 2459 654 in
2491 601 2661 672 janua
2686 605 2827 675 ejus,
2878 615 2938 661 ut
2966 622 3034 663 ne
3062 609 3116 662 in
3146 610 3399 677 proximo
3424 615 3723 674 exsistamus
3744 621 3862 680 laciu-

2404 692 2552 748 tibus
2575 695 2847 767 denegare
2876 711 3001 753 eum
3036 701 3130 771 qui
3154 701 3320 757 fuerit
3341 703 3495 772 juxta
3528 707 3620 761 eis.
3656 709 3861 781 Cognosce.

2404 798 2528 840 mus
2556 796 2738 841 autem
2768 804 2891 859 qua?
2922 791 2994 845 sit
3019 793 3215 848 ancilla
3249 796 3531 866 principis,
3572 799 3613 852 si
3641 801 3858 864 iuttllettri-

2401 890 2524 932 mus
2551 892 2675 947 qua:
2703 879 2775 934 sit
2804 880 2999 937 ancilla
3035 881 3155 950 Dei,
3207 886 3275 940 de
3313 902 3423 957 qua
3470 891 3704 960 scriptum
3735 900 3857 954 est":

2400 963 2515 1036 Ego
2562 984 2741 1024 servus
2787 976 2944 1039 tuus,
2992 982 3042 1027 et
3087 974 3235 1045 ﬁlius
3280 976 3495 1032 ancillae
3526 989 3639 1036 tute.
3687 982 3856 1050 Quus'ut

2397 1066 2579 1112 autem
2628 1060 2767 1115 atria
2810 1062 3075 1135 principis
3106 1066 3313 1136 poteris
3343 1068 3506 1136 scire,
3553 1071 3594 1125 sl
3636 1072 3856 1132 intellexeris

2395 1164 2520 1220 quae
2564 1151 2675 1208 sint
2719 1156 2859 1209 atria
2888 1155 3087 1212 domus
3116 1157 3368 1227 Domini,
3392 1163 3461 1218 de
3483 1164 3664 1233 quibus
3685 1170 3851 1237 scriptun

2393 1251 2481 1298 est
2508 1244 2556 1275 ⁸⁸
2583 1263 2599 1300 :
2633 1243 2768 1300 Ecce
2812 1263 2951 1302 nunc
2972 1248 3257 1305 benedicite
3285 1251 3585 1322 Dominum,
3613 1273 3749 1312 omnes
3776 1268 3852 1314 terti

2394 1334 2642 1403 Domini,
2684 1340 2777 1410 qui
2814 1343 2971 1395 statis
2996 1344 3051 1396 in
3073 1343 3228 1397 domo
3252 1344 3501 1413 Domini,
3526 1349 3579 1403 in
3598 1352 3723 1405 atriis
3741 1353 3847 1406 deum

2397 1426 2495 1480 Dei
2541 1431 2733 1485 nostri.
2796 1429 2854 1485 Si
2879 1442 3060 1487 autem
3106 1443 3161 1489 et
3196 1436 3263 1490 de
3301 1439 3495 1493 ancilla
3520 1440 3668 1495 altera
3686 1442 3847 1499 debeant

2390 1517 2592 1587 aliquid
2622 1518 2824 1584 dicere,
2851 1524 3096 1577 utetiam
3127 1525 3196 1579 ab
3219 1526 3313 1580 illa
3340 1527 3659 1594 recedamus,
3681 1530 3842 1602 intelliga-

2389 1625 2512 1665 mus
2557 1612 2703 1681 quod
2753 1613 3016 1683 scriptum
3047 1617 3199 1672 cst‘n
3231 1636 3247 1672 :
3291 1616 3442 1673 Sicut
3485 1622 3612 1674 oculi
3644 1623 3845 1676 ancillae

2389 1703 2634 1756 manibus
2662 1705 2895 1760 domina:
2921 1723 3033 1761 sua:
3051 1748 3067 1771 ,
3111 1708 3191 1762 ita
3218 1708 3367 1763 oculi
3401 1714 3563 1766 nostri
3586 1712 3648 1765 ad
3665 1712 3842 1765 Domita:

696 1758 827 1824 rint,
861 1767 913 1811 et
940 1761 1251 1830 sanguinem
1296 1768 1597 1820 testamenti
1644 1785 1969 1826 communem
2002 1777 2276 1834 czistima-
2312 1784 2353 1839 Β
2382 1791 2551 1847 Deum
2576 1804 2854 1863 Murum,
2886 1799 3050 1851 άοηρσ
3079 1801 3400 1855 miseremur
3432 1806 3608 1858 ηοεινξ,
3662 1803 3764 1858 pulo
3781 1805 3841 1872 μή.

696 1850 860 1872 ..-μξμι
908 1853 1043 1872 ----.ι-
1088 1853 1316 1872 --μηρίον
1370 1858 1405 1872 ,ο
1541 1870 1549 1872 .
1644 1870 1652 1872 _
1688 1859 1720 1872 η
1765 1863 1777 1872 .
1816 1863 1828 1872 .
2105 1870 2113 1872 .

692 1850 860 1904 verint
905 1853 1045 1905 unde
1081 1853 1405 1924 sanctiﬁcati
1430 1870 1572 1923 sunt,
1604 1870 1652 1913 et
1679 1859 1943 1930 Spiritum
1970 1870 2162 1936 gratiae
2189 1872 2278 1924 in-

684 1941 1008 2011 juriaverint
1043 1944 1125 1998 τη
1177 1942 1430 2002 Nondum
1474 1950 1619 2004 enim
1674 1954 2048 2014 sauctilicatus
2101 1958 2278 2019 fuerat

691 2055 885 2112 Petrus
921 2060 1189 2129 sanguine
1214 2060 1421 2119 Christi
1446 2067 1540 2136 qui
1572 2068 1750 2127 fuerat
1779 2073 2006 2142 sanguis
2040 2081 2160 2134 novi
2192 2089 2274 2134 te-

688 2146 972 2212 stamenti,
1022 2162 1121 2202 nec
1167 2148 1448 2220 injuriavit
1498 2156 1764 2226 Spiritum
1815 2164 2005 2228 gratias
2043 2184 2204 2237 quem
2239 2185 2271 2224 a

687 2234 954 2304 principio
1010 2252 1110 2293 nec
1151 2252 1472 2311 acceperat,
1517 2249 1780 2317 quoniam
1823 2246 1985 2310 Jesus
2031 2234 2269 2316 nondum

686 2324 866 2380 fuerat
901 2327 1292 2389 houorilicatus
1326 2335 1392 2401 ⁷³,
1444 2354 1544 2394 nec
1573 2353 1689 2396 erat
1720 2342 1774 2397 iu
1806 2340 2267 2422 hominibusSpi-

686 2414 822 2471 ritus
847 2430 1092 2474 sanctus.
1138 2420 1194 2474 Si
1227 2433 1409 2478 autem
1438 2427 1491 2480 in
1524 2431 1686 2484 nobis
1718 2430 1820 2488 hoc
1851 2435 2076 2505 impium
2107 2414 2269 2495 fuerit

684 2507 885 2563 factum
936 2511 1311 2583 denegationis
1345 2531 1663 2587 peccatum,
1698 2525 1884 2579 omnia
1926 2525 2040 2582 haec
2085 2531 2267 2586 dicere

685 2600 959 2663 cottvcnit,
1011 2606 1272 2671 quoniam
1303 2619 1357 2662 ct
1387 2609 1440 2662 in
1468 2612 1736 2682 sanguine
1781 2619 2088 2674 testamenti
2138 2636 2266 2676 san-

678 2676 897 2742 Btilicati
927 2707 1119 2747 sumus
1149 2703 1204 2748 et
1234 2693 1497 2765 Spiritum
1525 2676 1712 2770 gratia:
1734 2706 2097 2775 suscepimus.
2128 2708 2263 2767 Pro-

677 2790 860 2848 pterea
925 2797 1273 2839 communem
1338 2798 1531 2858 putare
1580 2795 1902 2864 sanguinem
1952 2804 2261 2860 testamenti

676 2872 1156 2941 pretiosissimum,
1186 2886 1240 2931 et
1263 2878 1527 2948 injuriare
1555 2880 1819 2953 Spiritum
1856 2891 2062 2959 gratiae,
2082 2895 2261 2949 omni-

676 2958 777 3012 bus
807 2964 1041 3028 peccatis
1075 2964 1316 3022 deterius
1342 2980 1461 3038 est,
1501 2973 1574 3027 ita
1610 2984 1667 3030 ut
1697 2991 1798 3033 nec
1829 2978 1884 3032 in
1925 2980 2029 3037 hoc
2050 2958 2257 3041 saeculo

673 3065 774 3104 nec
819 3052 871 3105 in
907 3051 1092 3110 futuro
1125 3058 1504 3116 remissionem
1551 3065 1830 3133 possimus
1877 3072 2158 3142 accipere,
2207 3076 2255 3130 si

673 3142 769 3195 Dei
819 3140 1016 3200 Filium
1067 3147 1420 3220 denegemus.
1476 3153 1744 3220 Quoniam
1791 3175 1922 3232 ergo
1966 3140 2254 3222 nobisnoa:

666 3254 962 3322 promovit,
994 3256 1106 3311 dies
1139 3271 1314 3314 autem
1349 3265 1786 3336 appropinquavit
1815 3267 1898 3336 ⁷⁸,
1951 3279 2004 3325 et
2032 3271 2250 3342 signum

667 3345 774 3399 diei
806 3347 932 3416 galli
959 3359 1153 3405 cantus
1183 3352 1429 3408 insonuit
1452 3356 1631 3422 nobis,
1659 3369 1945 3429 prapterea
1979 3379 2155 3434 usque
2178 3366 2248 3421 ad

664 3439 988 3505 sanguinem
1037 3447 1244 3496 stemus
1291 3454 1480 3498 contra
1514 3460 1798 3516 peccatum
1838 3461 2147 3519 certantes,
2194 3463 2248 3511 et.

663 3536 888 3597 propter
945 3530 1269 3586 charitatem
1326 3548 1610 3606 nunquam
1662 3540 2005 3598 excidentem
2056 3546 2244 3603 omnia

662 3619 1014 3684 sull'eramus,
1068 3632 1128 3675 ut
1180 3637 1304 3677 cum
1352 3623 1608 3695 perfectis
1641 3629 1698 3684 in
1746 3646 1810 3686 ea
1840 3643 2244 3707 consequamur

661 3707 1053 3767 haereditatem.
1116 3711 1181 3767 Et
1211 3714 1315 3771 hoc
1359 3719 1613 3786 attende,
1662 3725 1925 3792 quoniam
1960 3737 2085 3783 ante
2114 3729 2240 3800 galli

658 3811 902 3870 cantum,
950 3815 1005 3859 et
1053 3815 1179 3862 ante
1207 3805 1472 3879 Spiritum
1522 3822 1797 3881 sanctum,
1833 3818 1967 3873 etin
1997 3831 2240 3890 tempore

656 3896 835 3950 noctis
869 3895 1174 3966 profundae,
1193 3902 1408 3957 etiamsi
1443 3902 1756 3973 frequenter
1781 3908 2067 3981 denegavit
2087 3914 2234 3983 quis,

652 3985 836 4042 vivere
867 3998 1043 4057 potest
1072 4007 1086 4044 :
1120 3993 1265 4061 quod
1297 3993 1651 4050 manifestum
1676 4006 1849 4054 estex
1886 4015 1953 4056 eo
1982 4005 2128 4074 quod
2154 4014 2237 4060 ter

650 4075 938 4146 denegavit
961 4075 1175 4134 Petrus.
1238 4078 1294 4135 Si
1329 4091 1511 4138 autem
1538 4092 1661 4154 post
1704 4088 1827 4158 galli
1874 4104 2117 4161 cantum,
2150 4096 2234 4152 vel

650 4170 820 4224 semel
850 4170 903 4224 in
932 4186 1260 4243 quocunque
1288 4175 1533 4244 periculo
1566 4181 1902 4237 constitutus
1948 4183 2235 4256 denegavit

647 4260 806 4329 quis,
843 4260 1180 4332 impossibile
1224 4274 1308 4320 est
1348 4281 1473 4320 eum
1517 4270 1768 4324 renovari
1802 4272 1857 4326 in
1890 4276 2228 4346 paenitentia,

648 4363 707 4407 ut
732 4353 927 4408 iterum
956 4355 1238 4424 crucifigat
1265 4357 1367 4412 sibi
1404 4357 1601 4415 Filium
1636 4361 1731 4416 Dei
1765 4363 1834 4416 ⁷⁸.
1908 4366 2013 4431 Qui
2042 4377 2224 4425 autem

645 4445 700 4498 in
748 4445 1058 4515 hujusmodi
1106 4446 1485 4519 denegatiouis
1531 4464 1752 4522 peccato
1783 4454 1947 4511 fuerit
1974 4474 2224 4531 compre-
2255 4488 2301 4544 ι)

644 4534 885 4602 bensus,
944 4537 1174 4615 aspiciat
1224 4540 1356 4594 illud
1398 4544 1541 4612 quod
1582 4546 1842 4615 scriptum
1889 4556 1975 4604 est
1997 4549 2090 4606 ":
2134 4550 2223 4607 Va:

641 4625 722 4680 Itis
758 4628 847 4697 qui
897 4628 1177 4682 attrahuh
1214 4642 1429 4700 peccata
1455 4651 1553 4688 sua
1583 4636 1720 4692 sicut
1761 4638 1939 4709 funem
1982 4640 2217 4712 longum,

644 4727 690 4770 rt
715 4720 850 4774 sicut
872 4720 1185 4790 jugulorum
1216 4723 1368 4778 vituli
1413 4726 1719 4798 iniquitates
1748 4772 1764 4797 ,
1795 4738 1847 4785 et
1884 4747 1991 4786 non
2022 4734 2168 4789 dicat
2200 4754 2214 4790 :

640 4806 866 4863 Peccata
916 4821 1097 4865 nostra
1126 4815 1177 4867 in
1209 4814 1358 4870 nobis
1384 4830 1540 4885 sunt,
1585 4829 1634 4873 et
1661 4822 1920 4891 quomodo
1942 4824 2169 4880 vivemus
2191 4828 2219 4883 2’

649 4898 796 4967 Vivo,
829 4902 997 4974 inquit
1031 4905 1287 4962 Dominus
1307 4949 1321 4974 ,
1356 4913 1604 4982 quoniam
1637 4915 1756 4969 nolo
1782 4926 2000 4971 mortem
2025 4935 2214 4987 pecca-

636 4993 793 5057 toris,
826 4995 915 5048 sed
943 4999 1303 5064 paenitentiam
1329 5001 1392 5058 ⁷⁷.
1435 5002 1553 5075 Ipse
1596 5015 1775 5063 autem
1813 5009 1916 5066 scit
1946 5008 2087 5067 Deus
2108 5052 2123 5076 ,
2151 5013 2218 5068 de

635 5101 746 5157 quo
773 5088 1033 5158 scriptum
1062 5102 1141 5146 est
1169 5092 1215 5127 ⁷⁸
1248 5112 1262 5148 :
1298 5094 1367 5148 Et
1400 5096 1510 5167 ipse
1553 5100 1760 5168 sapiens
1802 5101 2029 5158 adducet
2058 5120 2217 5176 super

628 5194 721 5234 cos
750 5179 893 5234 mala
914 5220 928 5245 ,
959 5182 1141 5251 quaiia
1174 5186 1316 5240 mala
1346 5188 1581 5244 adducet
1609 5207 1774 5262 super
1800 5192 2130 5262 deuegantes
2160 5206 2214 5251 et

631 5285 741 5324 non
771 5275 1101 5343 pmnitentes
1122 5316 1138 5341 ,
1167 5285 1220 5330 et
1247 5279 1431 5348 qualia
1463 5296 1630 5352 super
1661 5282 1994 5354 denegantes
2022 5296 2076 5341 et
2094 5301 2211 5355 pat-

628 5363 888 5433 uitentes,
932 5369 1114 5438 qualia
1153 5370 1291 5425 bona
1338 5388 1501 5444 super
1530 5389 1624 5431 eos
1659 5377 1753 5447 qui
1798 5392 2080 5449 nunquam
2112 5382 2207 5436 de-

628 5467 986 5526 negaverunt,
1017 5476 1194 5531 neque
1227 5463 1390 5518 verbo
1423 5480 1608 5520 coram
1638 5466 1986 5538 numinibus,
2024 5484 2202 5541 neque

696 5612 741 5682 '_‘
783 5611 940 5666 Rom.
968 5630 1103 5682 Δχιιι,
1136 5617 1223 5681 12,
1262 5614 1349 5673 15.

628 5678 672 5709 ’⁸
713 5680 813 5734 Isa.
847 5699 899 5746 v,
934 5685 1020 5738 18.

1456 5621 1503 5653 ⁷³
1541 5620 1711 5680 Hebr.
1744 5641 1800 5690 π,
1825 5624 1916 5681 29.

2026 5627 2072 5659 ⁷³
2106 5624 2268 5696 Joan.
2301 5646 2400 5696 vn,
2427 5632 2520 5689 39.

1126 5687 1170 5719 ⁷⁷
1214 5689 1417 5769 [ille-(5h;
1460 5707 1695 5769 ιωωιιιιᾼ,Δ
1729 5687 1837 5769 Η),Δ
1881 5696 1969 5769 μ.
2018 5697 2096 5769 _"°
2132 5695 2238 5754 lsa.

2339 5687 2562 5769 “3,3.
2638 5703 2684 5736 ὀ
2726 5687 2869 5758 Ρεοιζ
2915 5687 3070 5766 at;
3102 5687 3187 5758 t6.

2379 1899 2523 1938 mam
2556 1886 2810 1941 ancillam
2840 1889 3065 1960 intelligi
3099 1893 3368 1963 principis
3397 1894 3655 1950 facientem
3672 1897 3842 1964 denegare

2376 1975 2674 2045 discipulos
2709 1978 2936 2047 Christi,
2991 1980 3341 2053 Synagogam
3375 2000 3492 2040 esse
3531 1984 3774 2041 Judreorum
3795 2000 3840 2040 se-

2375 2066 2614 2122 cundum
2645 2084 2897 2136 carnem,
2951 2074 3043 2142 qui
3079 2073 3359 2144 denegare
3392 2075 3671 2146 frequenter
3694 2090 3838 2144 compu-

2374 2158 2555 2215 lerunt
2580 2160 2787 2219 fidcles.
2856 2162 3165 2219 Secundam
3195 2177 3388 2221 autem
3414 2168 3639 2221 ancillam
3660 2207 3673 2232 ,
3695 2181 3838 2235 congre-

2372 2249 2645 2318 gationem
2698 2252 2964 2321 gentium,
3008 2254 3103 2324 qui
3143 2263 3197 2309 et
3229 2255 3344 2326 ipsi
3389 2265 3724 2328 persequentes
3742 2256 3837 2310 Chri-

2372 2337 2582 2393 stianos
2629 2338 2902 2411 denegare
2932 2344 3222 2414 cogebant.
3295 2344 3505 2401 Tertios
3531 2353 3681 2400 autem
3705 2352 3835 2399 stantes

2370 2427 2424 2480 in
2450 2427 2606 2484 atriis
2626 2467 2641 2495 ,
2673 2429 2960 2488 ministros
2990 2448 3113 2490 esse
3160 2434 3433 2492 haarcsum
3465 2432 3831 2503 diversarum,qui

2305 2523 2309 2527 '
2367 2527 2420 2571 et
2449 2518 2552 2587 ipsi
2581 2520 2863 2576 veritatem
2892 2523 3097 2579 Christi
3148 2526 3425 2599 denegare
3474 2529 3755 2598 compellunt.
3795 2523 3828 2577 In

2367 2618 2527 2665 nocte
2566 2620 2747 2666 autem
2798 2628 2908 2669 non
2956 2615 3134 2671 solum
3193 2629 3279 2673 ter
3309 2620 3530 2690 denegat
3558 2618 3738 2684 Petrus,

2363 2701 2529 2756 etiam
2569 2703 2789 2777 devotat
2816 2706 3055 2776 seipsum
3083 2719 3139 2763 et
3161 2708 3320 2779 jurat
3350 2751 3366 2778 ,
3401 2713 3520 2781 quia
3550 2710 3697 2766 nescio
3720 2706 3825 2762 homi-

2362 2805 2509 2846 nem.
2592 2790 2661 2846 Et
2688 2794 2927 2864 quidem
2974 2805 3105 2852 tunc.
3150 2800 3339 2855 adhuc
3384 2802 3648 2856 secundum
3687 2792 3821 2853 timeat

2360 2878 2639 2938 Christum
2671 2885 2899 2952 sciebat,
2949 2903 3050 2943 nec
3095 2889 3285 2946 adhuc
3314 2901 3512 2962 poterat
3537 2893 3717 2946 dicere:
3742 2883 3821 2938 Etsi

2361 2971 2633 3028 Christum
2662 2978 2951 3048 aliquando
2994 2982 3287 3035 secundum
3329 2999 3527 3037 carnem
3555 2979 3814 3052 cognorimus.

2359 3067 2450 3120 sed
2495 3083 2635 3122 nunc
2678 3070 2794 3137 iant
2843 3086 2944 3124 non
2995 3076 3366 3143 cognoscimus
3390 3076 3453 3128 ".
3510 3073 3713 3140 Quattdiu
3733 3068 3816 3123 Citii

2357 3158 2574 3228 signum
2606 3159 2712 3215 diei
2737 3176 2846 3216 non
2873 3162 3196 3230 exsistebat,
3234 3165 3500 3238 denegans
3522 3165 3681 3218 Petrus
3701 3157 3815 3213 verbo-

2356 3262 2476 3302 rum
2505 3246 2635 3304 Jesu
2661 3266 2769 3305 non
2797 3251 2902 3307 fuit
2935 3268 3164 3311 memor.
3230 3255 3516 3328 Postquam
3550 3266 3694 3311 autem
3719 3262 3816 3319 ang!-

2352 3338 2439 3395 lus
2474 3338 2571 3396 Dei
2596 3341 2852 3398 clamavit
2880 3344 2963 3412 ei,
3012 3354 3144 3401 tunc
3193 3351 3503 3404 recordatus
3529 3354 3599 3403 est
3623 3344 3813 3400 verborum

2347 3429 2477 3486 Jesu
2522 3431 2755 3491 dicentis
2797 3435 2864 3490 ad
2894 3450 2953 3491 se
2988 3454 3002 3491 :
3038 3436 3341 3509 Antequam
3382 3440 3544 3511 gallus
3579 3444 3741 3499 cantet,
3773 3438 3814 3482 ut

2346 3541 2430 3579 me
2458 3527 2672 3596 negabis
2699 3526 2767 3581 ⁸⁸.
2828 3525 2895 3583 Et
2942 3530 3164 3598 quando
3220 3533 3526 3589 recordatus
3569 3539 3637 3586 est
3671 3523 3813 3581 verbum

2346 3618 2574 3685 Christi,
2605 3618 2719 3689 jam
2748 3633 2857 3674 non
2886 3631 3005 3676 erat
3036 3621 3090 3675 in
3118 3624 3267 3680 atrio
3293 3624 3537 3695 principis
3552 3620 3813 3679 sacerdotum.

2343 3725 2446 3765 nec
2484 3710 2642 3781 juxta
2670 3710 2897 3780 januam
2939 3712 3094 3783 ejus,
3141 3717 3243 3771 sed
3294 3716 3454 3785 foris;
3490 3712 3690 3783 alioquin
3711 3699 3816 3776 9M
3886 3772 3887 3801 ᾗ

2346 3817 2693 3873 nequaquam
2746 3804 3033 3875 plorasset.
3113 3805 3276 3864 Sicut
3321 3808 3460 3863 enim
3501 3806 3713 3893 scripturn
3749 3805 3813 3857 εει,
3886 3820 3887 3893 1

2341 3906 2597 3961 egressus
2632 3892 2805 3961 foras,
2847 3895 3198 3953 amarissime
3254 3897 3495 3970 ploravit.
3552 3892 3666 3961 Ergo
3702 3893 3740 3942 εί
3767 3895 3816 3935 δί’

2337 3982 2579 4034 cundum
2639 3978 2843 4037 Lucam
2872 3981 2919 4015 ⁸⁸
2975 3988 3258 4054 peccatrix
3306 3987 3496 4041 mulier
3532 3984 3662 4053 juxta
3708 3972 3815 4045 Ρθάθδ
3886 4008 3887 4019 π

2335 4069 2554 4126 Domini
2604 4074 2877 4142 paenitens
2936 4074 3124 4143 ﬂevit,
3177 4088 3236 4134 et
3285 4079 3373 4134 hic
3421 4077 3593 4130 Petrus
3641 4074 3814 4161 eam“?

2332 4162 2534 4219 atrium
2572 4163 2872 4236 principis,
2909 4167 2974 4221 ad
2999 4168 3231 4238 januam
3276 4170 3402 4242 ejus:
3414 4168 3573 4240 plorat
3594 4178 3648 4218 ex
3680 4166 3814 4213 θωπι-

2328 4254 2521 4310 tudine
2551 4258 2798 4328 peccati,
2843 4262 3231 4318 examaricans
3277 4263 3332 4319 in
3367 4255 3654 4334 ptenitentia
3684 4247 3811 4305 ﬂetum

2330 4361 2517 4404 suum.

2403 4463 2527 4519 115.
2573 4460 2731 4520 Hanc
2784 4474 2963 4522 autent
3018 4468 3163 4539 facta
3189 4510 3208 4536 ,
3257 4466 3529 4525 consilium
3583 4456 3807 4527 acceperim

2330 4573 2508 4613 omnes
2538 4559 2800 4630 principes
2835 4563 3171 4619 sacerdotum
3203 4573 3255 4618 et
3276 4563 3495 4617 seniores
3519 4555 3659 4628 plebis
3679 4546 3805 4603 adit"

2328 4665 2418 4706 sus
2445 4649 2652 4716 Iesum,
2685 4659 2743 4705 ut
2770 4668 2888 4707 eum
2922 4655 3080 4708 morti
3113 4655 3419 4718 traderent;
3454 4660 3499 4704 et
3526 4645 3803 4750 vinctura}?l

2329 4741 2669 4795 adduxerunt
2697 4751 2746 4796 et
2787 4743 3122 4798 tradiderunt
3165 4745 3356 4799 Pontio
3384 4741 3551 4796 Pilato
3578 4726 3745 4807 prasidi
3759 4726 3795 4771 ".

2326 4829 2431 4898 Qui
2466 4831 2521 4885 in
2556 4832 2796 4888 tenebris
2826 4843 2880 4888 et
2903 4843 3063 4890 nocte
3082 4834 3328 4900 oll‘endit,
3361 4831 3507 4887 venia
3535 4827 3699 4894 dignus
3722 4818 3779 4866 esi

2324 4923 2417 4993 qui
2452 4932 2632 4977 autem
2668 4922 2725 4977 in
2761 4924 2849 4979 die
2891 4924 3038 4981 clara
3089 4924 3347 4991 offendit,
3401 4927 3648 4988 nunquam
3684 4905 3802 5002 Ροξθδξ

2320 5012 2543 5082 culpare
2621 5027 2861 5069 errorem
2913 5015 3070 5085 quasi
3117 5015 3470 5069 continentem
3516 5021 3594 5070 se.
3634 4997 3806 5088 "13"?"

2318 5102 2538 5174 quando
2586 5103 2795 5159 habens
2843 5105 2896 5160 iu
2929 5081 3007 5162 se
3055 5106 3332 5162 lucernam
3373 5096 3596 5171 corporis
3620 5081 3804 5144 olli-nd“,

2317 5197 2414 5251 sed
2436 5196 2888 5252 incontinentiam
2910 5214 3090 5254 suam.
3109 5197 3221 5254 Hoc
3245 5205 3419 5252 autem
3445 5188 3651 5287 diximus
3672 5184 3805 5287 off:

2315 5287 2505 5344 dentes
2554 5289 2814 5360 quoniam
2863 5289 3070 5346 Christi
3104 5290 3331 5378 quidem.
3368 5273 3664 5378 discipuliiu

2314 5381 2776 5449 scandalizantur,
2814 5385 3112 5440 secundum
3144 5382 3290 5454 quod
3314 5372 3556 5467 Domiﬂlls
3583 5366 3682 5467 ei“?

2310 5472 2442 5529 dicit
2469 5492 2484 5530 :
2524 5473 2717 5532 Omnes
2744 5447 2837 5531 vos
2867 5447 3178 5533 scandalum
3210 5469 3474 5547 patiemini
3499 5466 3546 5520 iu
3566 5475 3634 5516 me
3660 5454 3705 5509 in
3724 5447 3799 5500 ll“

3293 5629 3336 5662 τι
3376 5625 3522 5681 llebr.
3557 5634 3630 5682 VI.
3669 5609 3725 5671 ιν
3756 5601 3795 5682 9·

2621 5632 2668 5665 ’⁵
2707 5631 2870 5691 Rom.
2933 5648 3071 5700 xm,
3111 5630 3194 5689 12.
3293 5630 3336 5662 τ’
3376 5630 3522 5681 llehr.
3557 5634 3630 5712 vt,
3669 5630 3725 5671 ον

2638 5703 2684 5736 ⁷⁸
2727 5702 2869 5752 Psal.
2915 5720 3057 5752 ειν-
3102 5702 3187 5752 16.
3277 5698 3322 5733 ⁸³
3358 5695 3493 5752 Psal.
3524 5694 3729 5745 cnsui,
3782 5706 3794 5724 -

626 5747 668 5779 "
706 5748 850 5804 l’sal.
889 5769 1061 5823 cxxtt,
1090 5756 1145 5811 2.
1224 5759 1267 5790 "
1313 5756 1354 5810 ll
1380 5761 1503 5817 Cor.
1542 5778 1595 5827 ν,
1622 5747 1839 5821 71.6.?"
1876 5747 2072 5825 Matth.
2105 5747 2253 5838 iiii,

2431 5747 2631 5843 'u'iu,
2659 5747 2749 5828 57—.
2915 5747 3213 5830 “Fila-tib.
3248 5747 3503 5834 “vt—tn,
3523 5759 3571 5816 2.
