  <div class='ocr_page' id='page_1' title='image "/cluster/home/n/w/nwhite01/storage/ocr_20150623/13/mdp.39015007036059/888.png"; bbox 0 0 4052 6304; ppageno 0'>
   <div class='ocr_carea' id='block_1_1' title="bbox 327 288 475 342">
    <p class='ocr_par' dir='ltr' id='par_1_1' title="bbox 327 288 475 342">
     <span class='ocr_line' id='line_1_1' title="bbox 327 288 475 342; baseline 0 0"><span class='ocrx_word' id='word_1_1' title='bbox 327 290 354 342; x_wconf 74' lang='grc'><strong>1</strong></span> <span class='ocrx_word' id='word_1_2' title='bbox 370 288 475 342; x_wconf 78' lang='grc'><strong>765</strong></span> 
     </span>
    </p>
   </div>
   <div class='ocr_carea' id='block_1_2' title="bbox 319 493 1904 565">
    <p class='ocr_par' dir='ltr' id='par_1_2' title="bbox 319 493 1904 565">
     <span class='ocr_line' id='line_1_2' title="bbox 319 493 1904 565; baseline 0.004 -18"><span class='ocrx_word' id='word_1_3' title='bbox 319 494 494 565; x_wconf 78' lang='lat' dir='ltr'><strong>gavit.</strong></span> <span class='ocrx_word' id='word_1_4' title='bbox 537 493 638 558; x_wconf 87' lang='lat' dir='ltr'><strong>Qui</strong></span> <span class='ocrx_word' id='word_1_5' title='bbox 671 505 850 548; x_wconf 89' lang='lat' dir='ltr'><strong>autem</strong></span> <span class='ocrx_word' id='word_1_6' title='bbox 877 495 1164 549; x_wconf 79' lang='lat' dir='ltr'><strong>consilium</strong></span> <span class='ocrx_word' id='word_1_7' title='bbox 1202 493 1476 563; x_wconf 77' lang='lat' dir='ltr'><strong>accipiunt</strong></span> <span class='ocrx_word' id='word_1_8' title='bbox 1501 507 1686 551; x_wconf 92' lang='lat' dir='ltr'><strong>contra</strong></span> <span class='ocrx_word' id='word_1_9' title='bbox 1717 497 1904 554; x_wconf 72' lang='lat' dir='ltr'><strong>Jesum</strong></span> 
     </span>
    </p>
   </div>
   <div class='ocr_carea' id='block_1_3' title="bbox 321 588 1905 657">
    <p class='ocr_par' dir='ltr' id='par_1_3' title="bbox 321 588 1905 657">
     <span class='ocr_line' id='line_1_3' title="bbox 321 588 1905 657; baseline 0.004 -16"><span class='ocrx_word' id='word_1_10' title='bbox 321 600 524 641; x_wconf 83' lang='lat' dir='ltr'><strong>Omnes</strong></span> <span class='ocrx_word' id='word_1_11' title='bbox 559 588 828 656; x_wconf 83' lang='lat' dir='ltr'><strong>principes</strong></span> <span class='ocrx_word' id='word_1_12' title='bbox 859 600 913 642; x_wconf 91' lang='lat' dir='ltr'><strong>et</strong></span> <span class='ocrx_word' id='word_1_13' title='bbox 951 589 1193 642; x_wconf 91' lang='lat' dir='ltr'><strong>seniores</strong></span> <span class='ocrx_word' id='word_1_14' title='bbox 1228 588 1400 657; x_wconf 85' lang='lat' dir='ltr'><strong>plebis</strong></span> <span class='ocrx_word' id='word_1_15' title='bbox 1431 605 1591 645; x_wconf 88' lang='lat' dir='ltr'><strong>mane</strong></span> <span class='ocrx_word' id='word_1_16' title='bbox 1635 589 1780 646; x_wconf 81' lang='lat' dir='ltr'><strong>facto</strong></span> <span class='ocrx_word' id='word_1_17' title='bbox 1803 633 1816 656; x_wconf 86' lang='lat'>.</span> <span class='ocrx_word' id='word_1_18' title='bbox 1854 593 1905 648; x_wconf 90' lang='lat' dir='ltr'><strong>in</strong></span> 
     </span>
    </p>
   </div>
   <div class='ocr_carea' id='block_1_4' title="bbox 324 677 1908 753">
    <p class='ocr_par' dir='ltr' id='par_1_4' title="bbox 324 677 1908 753">
     <span class='ocr_line' id='line_1_4' title="bbox 324 677 1908 753; baseline 0.004 -22"><span class='ocrx_word' id='word_1_19' title='bbox 324 677 539 731; x_wconf 85' lang='lat' dir='ltr'><strong>lumine</strong></span> <span class='ocrx_word' id='word_1_20' title='bbox 582 688 842 747; x_wconf 85' lang='lat' dir='ltr'><strong>peccant,</strong></span> <span class='ocrx_word' id='word_1_21' title='bbox 895 679 946 731; x_wconf 87' lang='lat' dir='ltr'><strong>id</strong></span> <span class='ocrx_word' id='word_1_22' title='bbox 999 690 1083 734; x_wconf 87' lang='lat' dir='ltr'><strong>est</strong></span> <span class='ocrx_word' id='word_1_23' title='bbox 1111 681 1380 745; x_wconf 87' lang='lat' dir='ltr'><strong>scientes,</strong></span> <span class='ocrx_word' id='word_1_24' title='bbox 1434 681 1733 736; x_wconf 88' lang='lat' dir='ltr'><strong>secundum</strong></span> <span class='ocrx_word' id='word_1_25' title='bbox 1763 687 1908 753; x_wconf 86' lang='lat' dir='ltr'><strong>quod</strong></span> 
     </span>
    </p>
   </div>
   <div class='ocr_carea' id='block_1_5' title="bbox 323 770 1904 842">
    <p class='ocr_par' dir='ltr' id='par_1_5' title="bbox 323 770 1904 842">
     <span class='ocr_line' id='line_1_5' title="bbox 323 770 1904 842; baseline 0.005 -18"><span class='ocrx_word' id='word_1_26' title='bbox 323 770 596 838; x_wconf 88' lang='lat' dir='ltr'><strong>scriptum</strong></span> <span class='ocrx_word' id='word_1_27' title='bbox 645 781 728 824; x_wconf 90' lang='lat' dir='ltr'><strong>est</strong></span> <span class='ocrx_word' id='word_1_28' title='bbox 774 771 842 825; x_wconf 89' lang='lat' dir='ltr'><strong>de</strong></span> <span class='ocrx_word' id='word_1_29' title='bbox 873 773 978 826; x_wconf 90' lang='lat' dir='ltr'><strong>hoc</strong></span> <span class='ocrx_word' id='word_1_30' title='bbox 1005 772 1272 839; x_wconf 88' lang='lat' dir='ltr'><strong>consilio,</strong></span> <span class='ocrx_word' id='word_1_31' title='bbox 1321 774 1580 842; x_wconf 90' lang='lat' dir='ltr'><strong>quoniam</strong></span> <span class='ocrx_word' id='word_1_32' title='bbox 1636 778 1904 832; x_wconf 87' lang='lat' dir='ltr'><strong>consiliati</strong></span> 
     </span>
    </p>
   </div>
   <div class='ocr_carea' id='block_1_6' title="bbox 325 862 1904 933">
    <p class='ocr_par' dir='ltr' id='par_1_6' title="bbox 325 862 1904 933">
     <span class='ocr_line' id='line_1_6' title="bbox 325 862 1904 933; baseline 0.006 -21"><span class='ocrx_word' id='word_1_33' title='bbox 325 867 463 912; x_wconf 87' lang='lat' dir='ltr'><strong>sunt</strong></span> <span class='ocrx_word' id='word_1_34' title='bbox 495 874 560 911; x_wconf 79' lang='lat' dir='ltr'><strong>ex</strong></span> <span class='ocrx_word' id='word_1_35' title='bbox 594 873 865 913; x_wconf 89' lang='lat' dir='ltr'><strong>consensu</strong></span> <span class='ocrx_word' id='word_1_36' title='bbox 915 862 968 913; x_wconf 92' lang='lat' dir='ltr'><strong>in</strong></span> <span class='ocrx_word' id='word_1_37' title='bbox 1015 877 1184 914; x_wconf 90' lang='lat' dir='ltr'><strong>unum</strong></span> <span class='ocrx_word' id='word_1_38' title='bbox 1206 901 1221 925; x_wconf 89' lang='lat'><strong>,</strong></span> <span class='ocrx_word' id='word_1_39' title='bbox 1274 863 1417 916; x_wconf 92' lang='lat' dir='ltr'><strong>sicut</strong></span> <span class='ocrx_word' id='word_1_40' title='bbox 1447 864 1709 933; x_wconf 87' lang='lat' dir='ltr'><strong>scriptum</strong></span> <span class='ocrx_word' id='word_1_41' title='bbox 1740 876 1822 921; x_wconf 86' lang='lat' dir='ltr'><strong>est</strong></span> <span class='ocrx_word' id='word_1_42' title='bbox 1851 868 1904 921; x_wconf 91' lang='lat' dir='ltr'><strong>in</strong></span> 
     </span>
    </p>
   </div>
   <div class='ocr_carea' id='block_1_7' title="bbox 324 948 1906 1024">
    <p class='ocr_par' dir='ltr' id='par_1_7' title="bbox 324 948 1906 1024">
     <span class='ocr_line' id='line_1_7' title="bbox 324 948 1906 1024; baseline 0.006 -23"><span class='ocrx_word' id='word_1_43' title='bbox 324 948 564 1002; x_wconf 80' lang='lat' dir='ltr'><strong>Psalmis</strong></span> <span class='ocrx_word' id='word_1_44' title='bbox 596 948 675 1015; x_wconf 70' lang='grc' dir='ltr'><strong>δ’,</strong></span> <span class='ocrx_word' id='word_1_45' title='bbox 713 957 773 1002; x_wconf 82' lang='grc' dir='ltr'><strong>ιιι</strong></span> <span class='ocrx_word' id='word_1_46' title='bbox 804 951 966 1003; x_wconf 92' lang='lat' dir='ltr'><strong>morti</strong></span> <span class='ocrx_word' id='word_1_47' title='bbox 1011 953 1289 1006; x_wconf 88' lang='lat' dir='ltr'><strong>traderent</strong></span> <span class='ocrx_word' id='word_1_48' title='bbox 1319 953 1618 1020; x_wconf 76' lang='lat' dir='ltr'><strong>Christum,</strong></span> <span class='ocrx_word' id='word_1_49' title='bbox 1655 967 1906 1024; x_wconf 76' lang='lat' dir='ltr'><strong>putantes</strong></span> 
     </span>
    </p>
   </div>
   <div class='ocr_carea' id='block_1_8' title="bbox 326 1043 1905 1114">
    <p class='ocr_par' dir='ltr' id='par_1_8' title="bbox 326 1043 1905 1114">
     <span class='ocr_line' id='line_1_8' title="bbox 326 1043 1905 1114; baseline 0.006 -21"><span class='ocrx_word' id='word_1_50' title='bbox 326 1055 428 1109; x_wconf 85' lang='lat' dir='ltr'><strong>per</strong></span> <span class='ocrx_word' id='word_1_51' title='bbox 475 1049 701 1095; x_wconf 83' lang='lat' dir='ltr'><strong>mortem</strong></span> <span class='ocrx_word' id='word_1_52' title='bbox 749 1043 1096 1113; x_wconf 80' lang='lat' dir='ltr'><strong>exstinguere</strong></span> <span class='ocrx_word' id='word_1_53' title='bbox 1145 1045 1263 1114; x_wconf 86' lang='lat' dir='ltr'><strong>ejus</strong></span> <span class='ocrx_word' id='word_1_54' title='bbox 1311 1047 1616 1103; x_wconf 85' lang='lat' dir='ltr'><strong>doctrinam</strong></span> <span class='ocrx_word' id='word_1_55' title='bbox 1652 1061 1704 1102; x_wconf 87' lang='lat' dir='ltr'><strong>et</strong></span> <span class='ocrx_word' id='word_1_56' title='bbox 1747 1049 1905 1104; x_wconf 76' lang='lat' dir='ltr'><strong>fidem</strong></span> 
     </span>
    </p>
   </div>
   <div class='ocr_carea' id='block_1_9' title="bbox 323 1132 1905 1210">
    <p class='ocr_par' dir='ltr' id='par_1_9' title="bbox 323 1132 1905 1210">
     <span class='ocr_line' id='line_1_9' title="bbox 323 1132 1905 1210; baseline 0.008 -27"><span class='ocrx_word' id='word_1_57' title='bbox 323 1132 450 1200; x_wconf 75' lang='lat' dir='ltr'><strong>ejus</strong></span> <span class='ocrx_word' id='word_1_58' title='bbox 484 1133 628 1200; x_wconf 87' lang='lat' dir='ltr'><strong>apud</strong></span> <span class='ocrx_word' id='word_1_59' title='bbox 673 1148 769 1187; x_wconf 90' lang='lat' dir='ltr'><strong>eos</strong></span> <span class='ocrx_word' id='word_1_60' title='bbox 815 1135 906 1202; x_wconf 89' lang='lat' dir='ltr'><strong>qui</strong></span> <span class='ocrx_word' id='word_1_61' title='bbox 929 1136 1282 1196; x_wconf 85' lang='lat' dir='ltr'><strong>crediderunt</strong></span> <span class='ocrx_word' id='word_1_62' title='bbox 1312 1138 1363 1191; x_wconf 93' lang='lat' dir='ltr'><strong>in</strong></span> <span class='ocrx_word' id='word_1_63' title='bbox 1392 1154 1516 1192; x_wconf 90' lang='lat' dir='ltr'><strong>eum</strong></span> <span class='ocrx_word' id='word_1_64' title='bbox 1548 1141 1703 1210; x_wconf 86' lang='lat' dir='ltr'><strong>quasi</strong></span> <span class='ocrx_word' id='word_1_65' title='bbox 1733 1141 1784 1194; x_wconf 89' lang='lat' dir='ltr'><strong>in</strong></span> <span class='ocrx_word' id='word_1_66' title='bbox 1815 1140 1905 1194; x_wconf 83' lang='lat' dir='ltr'><strong>Fi-</strong></span> 
     </span>
    </p>
   </div>
   <div class='ocr_carea' id='block_1_10' title="bbox 326 1223 1904 1288">
    <p class='ocr_par' dir='ltr' id='par_1_10' title="bbox 326 1223 1904 1288">
     <span class='ocr_line' id='line_1_10' title="bbox 326 1223 1904 1288; baseline 0.007 -12"><span class='ocrx_word' id='word_1_67' title='bbox 326 1224 463 1277; x_wconf 84' lang='lat' dir='ltr'><strong>lium</strong></span> <span class='ocrx_word' id='word_1_68' title='bbox 512 1223 628 1278; x_wconf 90' lang='lat' dir='ltr'><strong>Dei.</strong></span> <span class='ocrx_word' id='word_1_69' title='bbox 692 1223 842 1279; x_wconf 90' lang='lat' dir='ltr'><strong>Talia</strong></span> <span class='ocrx_word' id='word_1_70' title='bbox 896 1236 1078 1280; x_wconf 89' lang='lat' dir='ltr'><strong>autem</strong></span> <span class='ocrx_word' id='word_1_71' title='bbox 1133 1239 1319 1283; x_wconf 91' lang='lat' dir='ltr'><strong>contra</strong></span> <span class='ocrx_word' id='word_1_72' title='bbox 1375 1245 1500 1285; x_wconf 89' lang='lat' dir='ltr'><strong>eum</strong></span> <span class='ocrx_word' id='word_1_73' title='bbox 1557 1235 1904 1288; x_wconf 90' lang='lat' dir='ltr'><strong>consiliantes</strong></span> 
     </span>
    </p>
   </div>
   <div class='ocr_carea' id='block_1_11' title="bbox 325 1315 1902 1386">
    <p class='ocr_par' dir='ltr' id='par_1_11' title="bbox 325 1315 1902 1386">
     <span class='ocr_line' id='line_1_11' title="bbox 325 1315 1902 1386; baseline 0.009 -20"><span class='ocrx_word' id='word_1_74' title='bbox 325 1315 604 1384; x_wconf 88' lang='lat' dir='ltr'><strong>principes</strong></span> <span class='ocrx_word' id='word_1_75' title='bbox 647 1317 876 1372; x_wconf 68' lang='lat' dir='ltr'><strong>culturae</strong></span> <span class='ocrx_word' id='word_1_76' title='bbox 930 1319 1122 1373; x_wconf 69' lang='lat' dir='ltr'><strong>litterre</strong></span> <span class='ocrx_word' id='word_1_77' title='bbox 1183 1321 1517 1386; x_wconf 84' lang='lat' dir='ltr'><strong>occidentis,</strong></span> <span class='ocrx_word' id='word_1_78' title='bbox 1573 1334 1626 1378; x_wconf 88' lang='lat' dir='ltr'><strong>et</strong></span> <span class='ocrx_word' id='word_1_79' title='bbox 1665 1325 1902 1380; x_wconf 82' lang='lat' dir='ltr'><strong>ministri</strong></span> 
     </span>
    </p>
   </div>
   <div class='ocr_carea' id='block_1_12' title="bbox 325 1407 1903 1482">
    <p class='ocr_par' dir='ltr' id='par_1_12' title="bbox 325 1407 1903 1482">
     <span class='ocr_line' id='line_1_12' title="bbox 325 1407 1903 1482; baseline 0.008 -23"><span class='ocrx_word' id='word_1_80' title='bbox 325 1407 698 1462; x_wconf 80' lang='lat' dir='ltr'><strong>damnationis</strong></span> <span class='ocrx_word' id='word_1_81' title='bbox 749 1411 1023 1473; x_wconf 82' lang='lat' dir='ltr'><strong>seniores,</strong></span> <span class='ocrx_word' id='word_1_82' title='bbox 1061 1412 1421 1482; x_wconf 86' lang='lat' dir='ltr'><strong>alligaverunt</strong></span> <span class='ocrx_word' id='word_1_83' title='bbox 1465 1413 1650 1468; x_wconf 83' lang='lat' dir='ltr'><strong>Jesum</strong></span> <span class='ocrx_word' id='word_1_84' title='bbox 1683 1419 1903 1472; x_wconf 86' lang='lat' dir='ltr'><strong>solven-</strong></span> 
     </span>
    </p>
   </div>
   <div class='ocr_carea' id='block_1_13' title="bbox 334 1486 1904 1570">
    <p class='ocr_par' dir='ltr' id='par_1_13' title="bbox 334 1486 1904 1570">
     <span class='ocr_line' id='line_1_13' title="bbox 334 1486 1904 1570; baseline 0.006 -21"><span class='ocrx_word' id='word_1_85' title='bbox 334 1486 445 1550; x_wconf 84' lang='lat' dir='ltr'><strong>tem</strong></span> <span class='ocrx_word' id='word_1_86' title='bbox 480 1512 512 1551; x_wconf 90' lang='lat' dir='ltr'><strong>a</strong></span> <span class='ocrx_word' id='word_1_87' title='bbox 559 1498 790 1553; x_wconf 81' lang='lat' dir='ltr'><strong>vinculis</strong></span> <span class='ocrx_word' id='word_1_88' title='bbox 824 1508 878 1554; x_wconf 89' lang='lat' dir='ltr'><strong>et</strong></span> <span class='ocrx_word' id='word_1_89' title='bbox 908 1501 1177 1556; x_wconf 88' lang='lat' dir='ltr'><strong>dicentem</strong></span> <span class='ocrx_word' id='word_1_90' title='bbox 1227 1502 1307 1557; x_wconf 86' lang='lat' dir='ltr'><strong>eis</strong></span> <span class='ocrx_word' id='word_1_91' title='bbox 1341 1503 1434 1570; x_wconf 90' lang='lat' dir='ltr'><strong>qui</strong></span> <span class='ocrx_word' id='word_1_92' title='bbox 1463 1514 1589 1558; x_wconf 91' lang='lat' dir='ltr'><strong>sunt</strong></span> <span class='ocrx_word' id='word_1_93' title='bbox 1625 1505 1678 1558; x_wconf 93' lang='lat' dir='ltr'><strong>in</strong></span> <span class='ocrx_word' id='word_1_94' title='bbox 1717 1508 1904 1559; x_wconf 82' lang='lat' dir='ltr'><strong>vincu-</strong></span> 
     </span>
    </p>
   </div>
   <div class='ocr_carea' id='block_1_14' title="bbox 329 1588 1902 1666">
    <p class='ocr_par' dir='ltr' id='par_1_14' title="bbox 329 1588 1902 1666">
     <span class='ocr_line' id='line_1_14' title="bbox 329 1588 1902 1666; baseline 0.006 -26"><span class='ocrx_word' id='word_1_95' title='bbox 329 1589 399 1643; x_wconf 90' lang='lat' dir='ltr'><strong>lis</strong></span> <span class='ocrx_word' id='word_1_96' title='bbox 431 1607 446 1642; x_wconf 76' lang='grc' dir='ltr'>ε</span> <span class='ocrx_word' id='word_1_97' title='bbox 483 1588 642 1643; x_wconf 76' lang='lat' dir='ltr'><strong>Exite</strong></span> <span class='ocrx_word' id='word_1_98' title='bbox 671 1591 754 1656; x_wconf 67' lang='lat'><strong>’8;</strong></span> <span class='ocrx_word' id='word_1_99' title='bbox 804 1598 858 1645; x_wconf 90' lang='lat' dir='ltr'><strong>et</strong></span> <span class='ocrx_word' id='word_1_100' title='bbox 891 1594 1229 1662; x_wconf 87' lang='lat' dir='ltr'><strong>compeditos</strong></span> <span class='ocrx_word' id='word_1_101' title='bbox 1264 1594 1596 1659; x_wconf 91' lang='lat' dir='ltr'><strong>solventem,</strong></span> <span class='ocrx_word' id='word_1_102' title='bbox 1631 1606 1794 1666; x_wconf 90' lang='lat' dir='ltr'><strong>atque</strong></span> <span class='ocrx_word' id='word_1_103' title='bbox 1818 1598 1902 1651; x_wconf 88' lang='lat' dir='ltr'><strong>di-</strong></span> 
     </span>
    </p>
   </div>
   <div class='ocr_carea' id='block_1_15' title="bbox 326 1684 1902 1761">
    <p class='ocr_par' dir='ltr' id='par_1_15' title="bbox 326 1684 1902 1761">
     <span class='ocr_line' id='line_1_15' title="bbox 326 1684 1902 1761; baseline 0.007 -26"><span class='ocrx_word' id='word_1_104' title='bbox 326 1691 544 1737; x_wconf 88' lang='lat' dir='ltr'><strong>centem</strong></span> <span class='ocrx_word' id='word_1_105' title='bbox 591 1701 605 1737; x_wconf 89' lang='lat'><strong>:</strong></span> <span class='ocrx_word' id='word_1_106' title='bbox 649 1684 1026 1754; x_wconf 85' lang='lat' dir='ltr'><strong>Dirumpamus</strong></span> <span class='ocrx_word' id='word_1_107' title='bbox 1073 1687 1284 1740; x_wconf 81' lang='lat' dir='ltr'><strong>vincula</strong></span> <span class='ocrx_word' id='word_1_108' title='bbox 1314 1704 1493 1741; x_wconf 86' lang='lat' dir='ltr'><strong>eorum</strong></span> <span class='ocrx_word' id='word_1_109' title='bbox 1527 1690 1608 1756; x_wconf 65' lang='lat'><strong>3°;</strong></span> <span class='ocrx_word' id='word_1_110' title='bbox 1639 1700 1692 1744; x_wconf 92' lang='lat' dir='ltr'><strong>et</strong></span> <span class='ocrx_word' id='word_1_111' title='bbox 1721 1692 1811 1761; x_wconf 86' lang='lat' dir='ltr'><strong>qui</strong></span> <span class='ocrx_word' id='word_1_112' title='bbox 1842 1693 1902 1746; x_wconf 86' lang='lat' dir='ltr'><strong>ﬁ-</strong></span> 
     </span>
    </p>
   </div>
   <div class='ocr_carea' id='block_1_16' title="bbox 1464 284 2427 348">
    <p class='ocr_par' dir='ltr' id='par_1_16' title="bbox 1464 284 2427 348">
     <span class='ocr_line' id='line_1_16' title="bbox 1464 284 2427 348; baseline 0.004 -4"><span class='ocrx_word' id='word_1_113' title='bbox 1464 284 2127 346; x_wconf 73' lang='lat' dir='ltr'><strong>COMMENTARIORUM</strong></span> <span class='ocrx_word' id='word_1_114' title='bbox 2162 290 2427 348; x_wconf 75' lang='lat' dir='ltr'><strong>SERIES.</strong></span> 
     </span>
    </p>
   </div>
   <div class='ocr_carea' id='block_1_17' title="bbox 321 397 1982 474">
    <p class='ocr_par' dir='ltr' id='par_1_17' title="bbox 321 397 1982 474">
     <span class='ocr_line' id='line_1_17' title="bbox 321 397 1982 474; baseline 0.003 -17"><span class='ocrx_word' id='word_1_115' title='bbox 321 416 484 458; x_wconf 80' lang='lat' dir='ltr'><strong>nocte</strong></span> <span class='ocrx_word' id='word_1_116' title='bbox 511 404 579 469; x_wconf 75' lang='grc'><strong>⁸⁸,</strong></span> <span class='ocrx_word' id='word_1_117' title='bbox 608 413 661 460; x_wconf 81' lang='lat' dir='ltr'><strong>et</strong></span> <span class='ocrx_word' id='word_1_118' title='bbox 695 405 819 474; x_wconf 87' lang='lat' dir='ltr'><strong>quia</strong></span> <span class='ocrx_word' id='word_1_119' title='bbox 852 405 1045 460; x_wconf 81' lang='lat' dir='ltr'><strong>Petrus</strong></span> <span class='ocrx_word' id='word_1_120' title='bbox 1072 414 1197 460; x_wconf 81' lang='lat' dir='ltr'><strong>ante</strong></span> <span class='ocrx_word' id='word_1_121' title='bbox 1219 397 1342 472; x_wconf 81' lang='lat' dir='ltr'><strong>galli</strong></span> <span class='ocrx_word' id='word_1_122' title='bbox 1376 417 1596 461; x_wconf 90' lang='lat' dir='ltr'><strong>cantum</strong></span> <span class='ocrx_word' id='word_1_123' title='bbox 1632 418 1714 461; x_wconf 74' lang='lat' dir='ltr'><strong>ter</strong></span> <span class='ocrx_word' id='word_1_124' title='bbox 1746 411 1912 462; x_wconf 85' lang='lat' dir='ltr'><strong>dcne-</strong></span> <span class='ocrx_word' id='word_1_125' title='bbox 1942 417 1982 471; x_wconf 79' lang='grc' dir='ltr'><strong>Α</strong></span> 
     </span>
    </p>
   </div>
   <div class='ocr_carea' id='block_1_18' title="bbox 3455 300 3592 358">
    <p class='ocr_par' dir='ltr' id='par_1_18' title="bbox 3455 300 3592 358">
     <span class='ocr_line' id='line_1_18' title="bbox 3455 300 3592 358; baseline 0.007 -1"><span class='ocrx_word' id='word_1_126' title='bbox 3455 300 3592 358; x_wconf 70' lang='grc' dir='ltr'><strong>Ιῗιῖϐ</strong></span> 
     </span>
    </p>
   </div>
   <div class='ocr_carea' id='block_1_19' title="bbox 2091 413 3593 492">
    <p class='ocr_par' dir='ltr' id='par_1_19' title="bbox 2091 413 3593 492">
     <span class='ocr_line' id='line_1_19' title="bbox 2091 413 3593 492; baseline 0.008 -27"><span class='ocrx_word' id='word_1_127' title='bbox 2091 413 2206 467; x_wconf 82' lang='lat' dir='ltr'><strong>H7.</strong></span> <span class='ocrx_word' id='word_1_128' title='bbox 2265 414 2408 467; x_wconf 82' lang='lat' dir='ltr'><strong>Tunc</strong></span> <span class='ocrx_word' id='word_1_129' title='bbox 2454 417 2631 470; x_wconf 78' lang='lat' dir='ltr'><strong>viciens</strong></span> <span class='ocrx_word' id='word_1_130' title='bbox 2667 416 2842 473; x_wconf 83' lang='lat' dir='ltr'><strong>Judas</strong></span> <span class='ocrx_word' id='word_1_131' title='bbox 2884 421 2975 491; x_wconf 87' lang='lat' dir='ltr'><strong>qui</strong></span> <span class='ocrx_word' id='word_1_132' title='bbox 3021 436 3138 474; x_wconf 86' lang='lat' dir='ltr'><strong>eum</strong></span> <span class='ocrx_word' id='word_1_133' title='bbox 3183 422 3427 485; x_wconf 79' lang='lat' dir='ltr'><strong>tradidit,</strong></span> <span class='ocrx_word' id='word_1_134' title='bbox 3463 441 3593 492; x_wconf 77' lang='lat' dir='ltr'><strong>quo-</strong></span> 
     </span>
    </p>
   </div>
   <div class='ocr_carea' id='block_1_20' title="bbox 2013 505 3590 579">
    <p class='ocr_par' dir='ltr' id='par_1_20' title="bbox 2013 505 3590 579">
     <span class='ocr_line' id='line_1_20' title="bbox 2013 505 3590 579; baseline 0.009 -25"><span class='ocrx_word' id='word_1_135' title='bbox 2013 505 2153 557; x_wconf 88' lang='lat' dir='ltr'><strong>niam</strong></span> <span class='ocrx_word' id='word_1_136' title='bbox 2198 506 2484 560; x_wconf 84' lang='lat' dir='ltr'><strong>damnatus</strong></span> <span class='ocrx_word' id='word_1_137' title='bbox 2529 520 2634 575; x_wconf 85' lang='lat' dir='ltr'><strong>est,</strong></span> <span class='ocrx_word' id='word_1_138' title='bbox 2686 513 2989 579; x_wconf 69' lang='lat' dir='ltr'><strong>paenitentia</strong></span> <span class='ocrx_word' id='word_1_139' title='bbox 3033 512 3220 565; x_wconf 87' lang='lat' dir='ltr'><strong>ductus</strong></span> <span class='ocrx_word' id='word_1_140' title='bbox 3265 514 3444 566; x_wconf 79' lang='lat' dir='ltr'><strong>retulit</strong></span> <span class='ocrx_word' id='word_1_141' title='bbox 3489 517 3590 568; x_wconf 88' lang='lat' dir='ltr'><strong>tri-</strong></span> 
     </span>
    </p>
   </div>
   <div class='ocr_carea' id='block_1_21' title="bbox 2010 596 3590 667">
    <p class='ocr_par' dir='ltr' id='par_1_21' title="bbox 2010 596 3590 667">
     <span class='ocr_line' id='line_1_21' title="bbox 2010 596 3590 667; baseline 0.008 -23"><span class='ocrx_word' id='word_1_142' title='bbox 2010 596 2158 664; x_wconf 89' lang='lat' dir='ltr'><strong>ginta</strong></span> <span class='ocrx_word' id='word_1_143' title='bbox 2201 607 2473 666; x_wconf 82' lang='lat' dir='ltr'><strong>argenteos</strong></span> <span class='ocrx_word' id='word_1_144' title='bbox 2527 599 2850 667; x_wconf 75' lang='lat' dir='ltr'><strong>principibus</strong></span> <span class='ocrx_word' id='word_1_145' title='bbox 2893 604 3227 653; x_wconf 72' lang='lat' dir='ltr'><strong>sacerdotum</strong></span> <span class='ocrx_word' id='word_1_146' title='bbox 3271 613 3320 654; x_wconf 91' lang='lat' dir='ltr'><strong>et</strong></span> <span class='ocrx_word' id='word_1_147' title='bbox 3363 603 3590 656; x_wconf 85' lang='lat' dir='ltr'><strong>seniori-</strong></span> 
     </span>
    </p>
   </div>
   <div class='ocr_carea' id='block_1_22' title="bbox 2011 685 3589 762">
    <p class='ocr_par' dir='ltr' id='par_1_22' title="bbox 2011 685 3589 762">
     <span class='ocr_line' id='line_1_22' title="bbox 2011 685 3589 762; baseline 0.006 -25"><span class='ocrx_word' id='word_1_148' title='bbox 2011 685 2126 750; x_wconf 84' lang='lat' dir='ltr'><strong>bus,</strong></span> <span class='ocrx_word' id='word_1_149' title='bbox 2164 685 2342 740; x_wconf 82' lang='lat' dir='ltr'><strong>dicens</strong></span> <span class='ocrx_word' id='word_1_150' title='bbox 2380 703 2398 740; x_wconf 91' lang='lat'><em>:</em></span> <span class='ocrx_word' id='word_1_151' title='bbox 2451 687 2668 741; x_wconf 83' lang='lat' dir='ltr'><strong>Peccavi</strong></span> <span class='ocrx_word' id='word_1_152' title='bbox 2716 690 2858 760; x_wconf 87' lang='lat' dir='ltr'><strong>quod</strong></span> <span class='ocrx_word' id='word_1_153' title='bbox 2908 691 3218 744; x_wconf 87' lang='lat' dir='ltr'><strong>tradiderim</strong></span> <span class='ocrx_word' id='word_1_154' title='bbox 3279 695 3589 762; x_wconf 87' lang='lat' dir='ltr'><strong>sanguinem</strong></span> 
     </span>
    </p>
   </div>
   <div class='ocr_carea' id='block_1_23' title="bbox 2003 777 3586 845">
    <p class='ocr_par' dir='ltr' id='par_1_23' title="bbox 2003 777 3586 845">
     <span class='ocr_line' id='line_1_23' title="bbox 2003 777 3586 845; baseline 0.005 -16"><span class='ocrx_word' id='word_1_155' title='bbox 2003 777 2236 844; x_wconf 82' lang='lat' dir='ltr'><strong>justum.</strong></span> <span class='ocrx_word' id='word_1_156' title='bbox 2270 783 2335 830; x_wconf 75' lang='lat' dir='ltr'><strong>At</strong></span> <span class='ocrx_word' id='word_1_157' title='bbox 2369 779 2451 831; x_wconf 90' lang='lat' dir='ltr'><strong>illi</strong></span> <span class='ocrx_word' id='word_1_158' title='bbox 2481 780 2727 832; x_wconf 78' lang='lat' dir='ltr'><strong>dixerunt</strong></span> <span class='ocrx_word' id='word_1_159' title='bbox 2759 797 2776 833; x_wconf 93' lang='lat'><strong><em>:</em></strong></span> <span class='ocrx_word' id='word_1_160' title='bbox 2813 780 2953 845; x_wconf 84' lang='lat' dir='ltr'><strong>Quid</strong></span> <span class='ocrx_word' id='word_1_161' title='bbox 2994 782 3062 835; x_wconf 87' lang='lat' dir='ltr'><strong>ad</strong></span> <span class='ocrx_word' id='word_1_162' title='bbox 3090 783 3226 835; x_wconf 82' lang='lat' dir='ltr'><strong>nos?</strong></span> <span class='ocrx_word' id='word_1_163' title='bbox 3269 781 3345 835; x_wconf 85' lang='lat' dir='ltr'><strong>Tu</strong></span> <span class='ocrx_word' id='word_1_164' title='bbox 3375 783 3586 837; x_wconf 84' lang='lat' dir='ltr'><strong>videris.</strong></span> 
     </span>
    </p>
   </div>
   <div class='ocr_carea' id='block_1_24' title="bbox 2018 863 3589 938">
    <p class='ocr_par' dir='ltr' id='par_1_24' title="bbox 2018 863 3589 938">
     <span class='ocr_line' id='line_1_24' title="bbox 2018 863 3589 938; baseline 0.005 -22"><span class='ocrx_word' id='word_1_165' title='bbox 2018 863 2086 916; x_wconf 82' lang='lat' dir='ltr'><strong>Et</strong></span> <span class='ocrx_word' id='word_1_166' title='bbox 2127 866 2374 934; x_wconf 86' lang='lat' dir='ltr'><strong>projectis</strong></span> <span class='ocrx_word' id='word_1_167' title='bbox 2419 871 2683 938; x_wconf 77' lang='lat' dir='ltr'><strong>argenteis</strong></span> <span class='ocrx_word' id='word_1_168' title='bbox 2729 871 2780 920; x_wconf 90' lang='lat' dir='ltr'><strong>in</strong></span> <span class='ocrx_word' id='word_1_169' title='bbox 2818 869 3027 938; x_wconf 85' lang='lat' dir='ltr'><strong>templo,</strong></span> <span class='ocrx_word' id='word_1_170' title='bbox 3067 873 3298 936; x_wconf 83' lang='lat' dir='ltr'><strong>recessit,</strong></span> <span class='ocrx_word' id='word_1_171' title='bbox 3330 881 3377 925; x_wconf 90' lang='lat' dir='ltr'><strong>et</strong></span> <span class='ocrx_word' id='word_1_172' title='bbox 3411 874 3589 926; x_wconf 85' lang='lat' dir='ltr'><strong>abiens</strong></span> 
     </span>
    </p>
   </div>
   <div class='ocr_carea' id='block_1_25' title="bbox 2008 957 3586 1028">
    <p class='ocr_par' dir='ltr' id='par_1_25' title="bbox 2008 957 3586 1028">
     <span class='ocr_line' id='line_1_25' title="bbox 2008 957 3586 1028; baseline 0.005 -20"><span class='ocrx_word' id='word_1_173' title='bbox 2008 957 2191 1026; x_wconf 83' lang='lat' dir='ltr'><strong>laqueo</strong></span> <span class='ocrx_word' id='word_1_174' title='bbox 2243 974 2296 1010; x_wconf 82' lang='lat' dir='ltr'><strong>se</strong></span> <span class='ocrx_word' id='word_1_175' title='bbox 2351 961 2640 1026; x_wconf 80' lang='lat' dir='ltr'><strong>suspendit.</strong></span> <span class='ocrx_word' id='word_1_176' title='bbox 2703 959 2972 1028; x_wconf 82' lang='lat' dir='ltr'><strong>Principes</strong></span> <span class='ocrx_word' id='word_1_177' title='bbox 3029 973 3204 1014; x_wconf 87' lang='lat' dir='ltr'><strong>autent</strong></span> <span class='ocrx_word' id='word_1_178' title='bbox 3257 964 3586 1017; x_wconf 85' lang='lat' dir='ltr'><strong>sacerdotum</strong></span> 
     </span>
    </p>
   </div>
   <div class='ocr_carea' id='block_1_26' title="bbox 2009 1048 3587 1118">
    <p class='ocr_par' dir='ltr' id='par_1_26' title="bbox 2009 1048 3587 1118">
     <span class='ocr_line' id='line_1_26' title="bbox 2009 1048 3587 1118; baseline 0.006 -18"><span class='ocrx_word' id='word_1_179' title='bbox 2009 1048 2234 1117; x_wconf 82' lang='lat' dir='ltr'><strong>acceptis</strong></span> <span class='ocrx_word' id='word_1_180' title='bbox 2282 1051 2540 1118; x_wconf 81' lang='lat' dir='ltr'><strong>argenteis</strong></span> <span class='ocrx_word' id='word_1_181' title='bbox 2580 1050 2822 1101; x_wconf 74' lang='lat' dir='ltr'><strong>dixerunt</strong></span> <span class='ocrx_word' id='word_1_182' title='bbox 2867 1066 2885 1102; x_wconf 89' lang='lat'><strong><em>:</em></strong></span> <span class='ocrx_word' id='word_1_183' title='bbox 2927 1049 3046 1102; x_wconf 76' lang='lat' dir='ltr'><strong>Non</strong></span> <span class='ocrx_word' id='word_1_184' title='bbox 3090 1052 3206 1106; x_wconf 88' lang='lat' dir='ltr'><strong>licet</strong></span> <span class='ocrx_word' id='word_1_185' title='bbox 3249 1056 3453 1108; x_wconf 84' lang='lat' dir='ltr'><strong>mittere</strong></span> <span class='ocrx_word' id='word_1_186' title='bbox 3499 1072 3587 1110; x_wconf 82' lang='lat' dir='ltr'><strong>eos</strong></span> 
     </span>
    </p>
   </div>
   <div class='ocr_carea' id='block_1_27' title="bbox 2007 1139 3587 1215">
    <p class='ocr_par' dir='ltr' id='par_1_27' title="bbox 2007 1139 3587 1215">
     <span class='ocr_line' id='line_1_27' title="bbox 2007 1139 3587 1215; baseline 0.004 -23"><span class='ocrx_word' id='word_1_187' title='bbox 2007 1139 2058 1192; x_wconf 88' lang='lat' dir='ltr'><strong>in</strong></span> <span class='ocrx_word' id='word_1_188' title='bbox 2121 1139 2442 1205; x_wconf 79' lang='lat' dir='ltr'><strong>corbonam,</strong></span> <span class='ocrx_word' id='word_1_189' title='bbox 2499 1145 2624 1210; x_wconf 84' lang='lat' dir='ltr'><strong>quia</strong></span> <span class='ocrx_word' id='word_1_190' title='bbox 2681 1147 2907 1213; x_wconf 85' lang='lat' dir='ltr'><strong>pretium</strong></span> <span class='ocrx_word' id='word_1_191' title='bbox 2962 1147 3232 1215; x_wconf 78' lang='lat' dir='ltr'><strong>sanguinis</strong></span> <span class='ocrx_word' id='word_1_192' title='bbox 3289 1156 3386 1201; x_wconf 82' lang='lat' dir='ltr'><strong>est.</strong></span> <span class='ocrx_word' id='word_1_193' title='bbox 3448 1145 3587 1200; x_wconf 87' lang='lat' dir='ltr'><strong>Con-</strong></span> 
     </span>
    </p>
   </div>
   <div class='ocr_carea' id='block_1_28' title="bbox 2006 1227 3586 1307">
    <p class='ocr_par' dir='ltr' id='par_1_28' title="bbox 2006 1227 3586 1307">
     <span class='ocr_line' id='line_1_28' title="bbox 2006 1227 3586 1307; baseline 0.007 -28"><span class='ocrx_word' id='word_1_194' title='bbox 2006 1227 2126 1280; x_wconf 85' lang='lat' dir='ltr'><strong>silio</strong></span> <span class='ocrx_word' id='word_1_195' title='bbox 2156 1239 2332 1283; x_wconf 87' lang='lat' dir='ltr'><strong>autent</strong></span> <span class='ocrx_word' id='word_1_196' title='bbox 2384 1243 2593 1298; x_wconf 85' lang='lat' dir='ltr'><strong>accepto</strong></span> <span class='ocrx_word' id='word_1_197' title='bbox 2643 1234 2782 1287; x_wconf 88' lang='lat' dir='ltr'><strong>inter</strong></span> <span class='ocrx_word' id='word_1_198' title='bbox 2814 1252 2887 1297; x_wconf 87' lang='lat' dir='ltr'><strong>se,</strong></span> <span class='ocrx_word' id='word_1_199' title='bbox 2928 1245 3162 1289; x_wconf 77' lang='lat' dir='ltr'><strong>emerunt</strong></span> <span class='ocrx_word' id='word_1_200' title='bbox 3201 1253 3385 1305; x_wconf 84' lang='lat' dir='ltr'><strong>agrum</strong></span> <span class='ocrx_word' id='word_1_201' title='bbox 3431 1236 3586 1307; x_wconf 78' lang='lat' dir='ltr'><strong>ﬁguli</strong></span> 
     </span>
    </p>
   </div>
   <div class='ocr_carea' id='block_1_29' title="bbox 2007 1318 3583 1396">
    <p class='ocr_par' dir='ltr' id='par_1_29' title="bbox 2007 1318 3583 1396">
     <span class='ocr_line' id='line_1_29' title="bbox 2007 1318 3583 1396; baseline 0.008 -26"><span class='ocrx_word' id='word_1_202' title='bbox 2007 1318 2060 1370; x_wconf 86' lang='lat' dir='ltr'><strong>in</strong></span> <span class='ocrx_word' id='word_1_203' title='bbox 2111 1322 2433 1388; x_wconf 85' lang='lat' dir='ltr'><strong>sepulturam</strong></span> <span class='ocrx_word' id='word_1_204' title='bbox 2477 1325 2888 1393; x_wconf 86' lang='lat' dir='ltr'><strong>peregrinorum.</strong></span> <span class='ocrx_word' id='word_1_205' title='bbox 2959 1326 3179 1396; x_wconf 84' lang='lat' dir='ltr'><strong>Propter</strong></span> <span class='ocrx_word' id='word_1_206' title='bbox 3222 1327 3318 1380; x_wconf 85' lang='lat' dir='ltr'><strong>hoc</strong></span> <span class='ocrx_word' id='word_1_207' title='bbox 3372 1340 3583 1383; x_wconf 76' lang='lat' dir='ltr'><strong>vocatus</strong></span> 
     </span>
    </p>
   </div>
   <div class='ocr_carea' id='block_1_30' title="bbox 2005 1414 3584 1489">
    <p class='ocr_par' dir='ltr' id='par_1_30' title="bbox 2005 1414 3584 1489">
     <span class='ocr_line' id='line_1_30' title="bbox 2005 1414 3584 1489; baseline 0.006 -26"><span class='ocrx_word' id='word_1_208' title='bbox 2005 1423 2082 1466; x_wconf 85' lang='lat' dir='ltr'><strong>est</strong></span> <span class='ocrx_word' id='word_1_209' title='bbox 2135 1429 2259 1483; x_wconf 87' lang='lat' dir='ltr'><strong>ager</strong></span> <span class='ocrx_word' id='word_1_210' title='bbox 2319 1414 2442 1476; x_wconf 89' lang='lat' dir='ltr'><strong>ille,</strong></span> <span class='ocrx_word' id='word_1_211' title='bbox 2508 1416 2913 1481; x_wconf 80' lang='lat' dir='ltr'><strong>Acheldemach,</strong></span> <span class='ocrx_word' id='word_1_212' title='bbox 2961 1423 3097 1488; x_wconf 84' lang='lat' dir='ltr'><strong>quod</strong></span> <span class='ocrx_word' id='word_1_213' title='bbox 3159 1430 3234 1472; x_wconf 81' lang='lat' dir='ltr'><strong>est</strong></span> <span class='ocrx_word' id='word_1_214' title='bbox 3296 1437 3420 1489; x_wconf 84' lang='lat' dir='ltr'><strong>ager</strong></span> <span class='ocrx_word' id='word_1_215' title='bbox 3458 1439 3584 1474; x_wconf 84' lang='lat' dir='ltr'><strong>san-</strong></span> 
     </span>
    </p>
   </div>
   <div class='ocr_carea' id='block_1_31' title="bbox 2005 1505 3582 1577">
    <p class='ocr_par' dir='ltr' id='par_1_31' title="bbox 2005 1505 3582 1577">
     <span class='ocr_line' id='line_1_31' title="bbox 2005 1505 3582 1577; baseline 0.004 -21"><span class='ocrx_word' id='word_1_216' title='bbox 2005 1505 2202 1574; x_wconf 82' lang='lat' dir='ltr'><strong>guinis,</strong></span> <span class='ocrx_word' id='word_1_217' title='bbox 2259 1521 2422 1574; x_wconf 83' lang='lat' dir='ltr'><strong>usque</strong></span> <span class='ocrx_word' id='word_1_218' title='bbox 2474 1507 2528 1559; x_wconf 87' lang='lat' dir='ltr'><strong>in</strong></span> <span class='ocrx_word' id='word_1_219' title='bbox 2575 1508 2882 1560; x_wconf 86' lang='lat' dir='ltr'><strong>hodiernum</strong></span> <span class='ocrx_word' id='word_1_220' title='bbox 2923 1509 3075 1561; x_wconf 87' lang='lat' dir='ltr'><strong>diem.</strong></span> <span class='ocrx_word' id='word_1_221' title='bbox 3139 1509 3281 1562; x_wconf 86' lang='lat' dir='ltr'><strong>Tunc</strong></span> <span class='ocrx_word' id='word_1_222' title='bbox 3313 1511 3582 1577; x_wconf 86' lang='lat' dir='ltr'><strong>impletum</strong></span> 
     </span>
    </p>
   </div>
   <div class='ocr_carea' id='block_1_32' title="bbox 2004 1593 3582 1665">
    <p class='ocr_par' dir='ltr' id='par_1_32' title="bbox 2004 1593 3582 1665">
     <span class='ocr_line' id='line_1_32' title="bbox 2004 1593 3582 1665; baseline 0.005 -21"><span class='ocrx_word' id='word_1_223' title='bbox 2004 1603 2079 1644; x_wconf 86' lang='lat' dir='ltr'><strong>est</strong></span> <span class='ocrx_word' id='word_1_224' title='bbox 2108 1594 2245 1660; x_wconf 84' lang='lat' dir='ltr'><strong>quod</strong></span> <span class='ocrx_word' id='word_1_225' title='bbox 2272 1593 2475 1646; x_wconf 83' lang='lat' dir='ltr'><strong>dictum</strong></span> <span class='ocrx_word' id='word_1_226' title='bbox 2505 1605 2582 1647; x_wconf 79' lang='lat' dir='ltr'><strong>est</strong></span> <span class='ocrx_word' id='word_1_227' title='bbox 2617 1611 2710 1664; x_wconf 83' lang='lat' dir='ltr'><strong>per</strong></span> <span class='ocrx_word' id='word_1_228' title='bbox 2734 1594 3024 1649; x_wconf 79' lang='lat' dir='ltr'><strong>Jeremiam</strong></span> <span class='ocrx_word' id='word_1_229' title='bbox 3059 1599 3366 1665; x_wconf 84' lang='lat' dir='ltr'><strong>prophetam</strong></span> <span class='ocrx_word' id='word_1_230' title='bbox 3404 1599 3582 1652; x_wconf 88' lang='lat' dir='ltr'><strong>dicen-</strong></span> 
     </span>
    </p>
   </div>
   <div class='ocr_carea' id='block_1_33' title="bbox 2007 1684 3580 1758">
    <p class='ocr_par' dir='ltr' id='par_1_33' title="bbox 2007 1684 3580 1758">
     <span class='ocr_line' id='line_1_33' title="bbox 2007 1684 3580 1758; baseline 0.004 -22"><span class='ocrx_word' id='word_1_231' title='bbox 2007 1695 2110 1738; x_wconf 85' lang='lat' dir='ltr'><strong>tem</strong></span> <span class='ocrx_word' id='word_1_232' title='bbox 2157 1703 2174 1738; x_wconf 90' lang='lat'><strong><em>:</em></strong></span> <span class='ocrx_word' id='word_1_233' title='bbox 2220 1684 2288 1738; x_wconf 87' lang='lat' dir='ltr'><strong>Et</strong></span> <span class='ocrx_word' id='word_1_234' title='bbox 2335 1695 2647 1756; x_wconf 86' lang='lat' dir='ltr'><strong>acceperunt</strong></span> <span class='ocrx_word' id='word_1_235' title='bbox 2701 1689 2922 1758; x_wconf 78' lang='lat' dir='ltr'><strong>triginta</strong></span> <span class='ocrx_word' id='word_1_236' title='bbox 2989 1698 3296 1758; x_wconf 83' lang='lat' dir='ltr'><strong>argenteos,</strong></span> <span class='ocrx_word' id='word_1_237' title='bbox 3353 1692 3580 1758; x_wconf 87' lang='lat' dir='ltr'><strong>pretium</strong></span> 
     </span>
    </p>
   </div>
   <div class='ocr_carea' id='block_1_34' title="bbox 327 1761 3577 1849">
    <p class='ocr_par' dir='ltr' id='par_1_34' title="bbox 327 1761 3577 1849">
     <span class='ocr_line' id='line_1_34' title="bbox 327 1761 3577 1849; baseline 0.003 -25"><span class='ocrx_word' id='word_1_238' title='bbox 327 1771 458 1825; x_wconf 88' lang='lat' dir='ltr'><strong>liam</strong></span> <span class='ocrx_word' id='word_1_239' title='bbox 485 1774 715 1828; x_wconf 70' lang='lat' dir='ltr'><strong>Abrahae</strong></span> <span class='ocrx_word' id='word_1_240' title='bbox 743 1775 1016 1845; x_wconf 82' lang='lat' dir='ltr'><strong>alligatam</strong></span> <span class='ocrx_word' id='word_1_241' title='bbox 1047 1792 1077 1830; x_wconf 91' lang='lat' dir='ltr'><strong>a</strong></span> <span class='ocrx_word' id='word_1_242' title='bbox 1104 1776 1308 1832; x_wconf 89' lang='lat' dir='ltr'><strong>Satana</strong></span> <span class='ocrx_word' id='word_1_243' title='bbox 1357 1777 1544 1834; x_wconf 89' lang='lat' dir='ltr'><strong>decem</strong></span> <span class='ocrx_word' id='word_1_244' title='bbox 1571 1791 1624 1835; x_wconf 93' lang='lat' dir='ltr'><strong>et</strong></span> <span class='ocrx_word' id='word_1_245' title='bbox 1646 1793 1770 1837; x_wconf 92' lang='lat' dir='ltr'><strong>octo</strong></span> <span class='ocrx_word' id='word_1_246' title='bbox 1801 1800 1890 1838; x_wconf 87' lang='lat' dir='ltr'><strong>au-</strong></span> <span class='ocrx_word' id='word_1_247' title='bbox 1937 1761 1979 1815; x_wconf 76' lang='grc' dir='ltr'><strong><em>Β</em></strong></span> <span class='ocrx_word' id='word_1_248' title='bbox 2005 1779 2324 1847; x_wconf 83' lang='lat' dir='ltr'><strong>appretiati,</strong></span> <span class='ocrx_word' id='word_1_249' title='bbox 2366 1779 2506 1849; x_wconf 82' lang='lat' dir='ltr'><strong>quod</strong></span> <span class='ocrx_word' id='word_1_250' title='bbox 2546 1781 2972 1848; x_wconf 86' lang='lat' dir='ltr'><strong>appretiarerunt</strong></span> <span class='ocrx_word' id='word_1_251' title='bbox 3019 1798 3049 1833; x_wconf 93' lang='lat' dir='ltr'><strong>a</strong></span> <span class='ocrx_word' id='word_1_252' title='bbox 3091 1782 3222 1849; x_wconf 77' lang='lat' dir='ltr'><strong>ﬁliis</strong></span> <span class='ocrx_word' id='word_1_253' title='bbox 3274 1779 3473 1847; x_wconf 82' lang='lat' dir='ltr'><strong>Israel,</strong></span> <span class='ocrx_word' id='word_1_254' title='bbox 3528 1791 3577 1835; x_wconf 87' lang='lat' dir='ltr'><strong>et</strong></span> 
     </span>
    </p>
   </div>
   <div class='ocr_carea' id='block_1_35' title="bbox 326 1863 1900 1941">
    <p class='ocr_par' dir='ltr' id='par_1_35' title="bbox 326 1863 1900 1941">
     <span class='ocr_line' id='line_1_35' title="bbox 326 1863 1900 1941; baseline 0.01 -27"><span class='ocrx_word' id='word_1_255' title='bbox 326 1863 416 1917; x_wconf 87' lang='lat' dir='ltr'><strong>nis</strong></span> <span class='ocrx_word' id='word_1_256' title='bbox 443 1878 475 1916; x_wconf 87' lang='lat' dir='ltr'><strong>a</strong></span> <span class='ocrx_word' id='word_1_257' title='bbox 498 1863 730 1919; x_wconf 80' lang='lat' dir='ltr'><strong>vincuLs</strong></span> <span class='ocrx_word' id='word_1_258' title='bbox 765 1867 999 1921; x_wconf 86' lang='lat' dir='ltr'><strong>solverat</strong></span> <span class='ocrx_word' id='word_1_259' title='bbox 1020 1868 1089 1931; x_wconf 81' lang='lat'><strong>’°,</strong></span> <span class='ocrx_word' id='word_1_260' title='bbox 1125 1869 1314 1938; x_wconf 90' lang='lat' dir='ltr'><strong>utjam</strong></span> <span class='ocrx_word' id='word_1_261' title='bbox 1339 1884 1681 1941; x_wconf 83' lang='lat' dir='ltr'><strong>nequaquam</strong></span> <span class='ocrx_word' id='word_1_262' title='bbox 1717 1876 1789 1929; x_wconf 88' lang='lat' dir='ltr'><strong>sit</strong></span> <span class='ocrx_word' id='word_1_263' title='bbox 1816 1877 1900 1929; x_wconf 85' lang='lat' dir='ltr'><strong>iu-</strong></span> 
     </span>
    </p>
   </div>
   <div class='ocr_carea' id='block_1_36' title="bbox 323 1951 1898 2035">
    <p class='ocr_par' dir='ltr' id='par_1_36' title="bbox 323 1951 1898 2035">
     <span class='ocr_line' id='line_1_36' title="bbox 323 1951 1898 2035; baseline 0.011 -31"><span class='ocrx_word' id='word_1_264' title='bbox 323 1951 527 2006; x_wconf 86' lang='lat' dir='ltr'><strong>clinata</strong></span> <span class='ocrx_word' id='word_1_265' title='bbox 555 1993 570 2018; x_wconf 95' lang='lat'><strong>,</strong></span> <span class='ocrx_word' id='word_1_266' title='bbox 604 1969 727 2023; x_wconf 65' lang='lat' dir='ltr'><strong>quae</strong></span> <span class='ocrx_word' id='word_1_267' title='bbox 755 1969 863 2008; x_wconf 90' lang='lat' dir='ltr'><strong>non</strong></span> <span class='ocrx_word' id='word_1_268' title='bbox 896 1965 1105 2024; x_wconf 87' lang='lat' dir='ltr'><strong>poterat</strong></span> <span class='ocrx_word' id='word_1_269' title='bbox 1152 1974 1370 2014; x_wconf 89' lang='lat' dir='ltr'><strong>sursum</strong></span> <span class='ocrx_word' id='word_1_270' title='bbox 1418 1963 1662 2030; x_wconf 88' lang='lat' dir='ltr'><strong>aspicere</strong></span> <span class='ocrx_word' id='word_1_271' title='bbox 1700 1965 1852 2035; x_wconf 89' lang='lat' dir='ltr'><strong>prius</strong></span> <span class='ocrx_word' id='word_1_272' title='bbox 1883 1985 1898 2021; x_wconf 76' lang='grc' dir='ltr'><strong><em>ε</em></strong></span> 
     </span>
    </p>
   </div>
   <div class='ocr_carea' id='block_1_37' title="bbox 323 2045 1903 2130">
    <p class='ocr_par' dir='ltr' id='par_1_37' title="bbox 323 2045 1903 2130">
     <span class='ocr_line' id='line_1_37' title="bbox 323 2045 1903 2130; baseline 0.011 -32"><span class='ocrx_word' id='word_1_273' title='bbox 323 2054 380 2099; x_wconf 80' lang='lat' dir='ltr'><strong>et</strong></span> <span class='ocrx_word' id='word_1_274' title='bbox 408 2045 766 2116; x_wconf 86' lang='lat' dir='ltr'><strong>alligaverunt</strong></span> <span class='ocrx_word' id='word_1_275' title='bbox 791 2063 916 2104; x_wconf 86' lang='lat' dir='ltr'><strong>eum</strong></span> <span class='ocrx_word' id='word_1_276' title='bbox 947 2051 1215 2105; x_wconf 86' lang='lat' dir='ltr'><strong>volentem</strong></span> <span class='ocrx_word' id='word_1_277' title='bbox 1238 2091 1253 2116; x_wconf 89' lang='lat'><strong>,</strong></span> <span class='ocrx_word' id='word_1_278' title='bbox 1281 2063 1336 2107; x_wconf 90' lang='lat' dir='ltr'><strong>et</strong></span> <span class='ocrx_word' id='word_1_279' title='bbox 1365 2053 1416 2107; x_wconf 93' lang='lat' dir='ltr'><strong>in</strong></span> <span class='ocrx_word' id='word_1_280' title='bbox 1441 2070 1509 2110; x_wconf 90' lang='lat' dir='ltr'><strong>eo</strong></span> <span class='ocrx_word' id='word_1_281' title='bbox 1534 2058 1680 2126; x_wconf 90' lang='lat' dir='ltr'><strong>quod</strong></span> <span class='ocrx_word' id='word_1_282' title='bbox 1716 2060 1903 2130; x_wconf 83' lang='lat' dir='ltr'><strong>alliga-</strong></span> 
     </span>
    </p>
   </div>
   <div class='ocr_carea' id='block_1_38' title="bbox 328 2141 1896 2220">
    <p class='ocr_par' dir='ltr' id='par_1_38' title="bbox 328 2141 1896 2220">
     <span class='ocr_line' id='line_1_38' title="bbox 328 2141 1896 2220; baseline 0.008 -28"><span class='ocrx_word' id='word_1_283' title='bbox 328 2149 480 2193; x_wconf 88' lang='lat' dir='ltr'><strong>retur</strong></span> <span class='ocrx_word' id='word_1_284' title='bbox 525 2141 756 2195; x_wconf 86' lang='lat' dir='ltr'><strong>vinculis</strong></span> <span class='ocrx_word' id='word_1_285' title='bbox 807 2141 939 2211; x_wconf 85' lang='lat' dir='ltr'><strong>ipsis</strong></span> <span class='ocrx_word' id='word_1_286' title='bbox 991 2143 1218 2197; x_wconf 88' lang='lat' dir='ltr'><strong>insidias</strong></span> <span class='ocrx_word' id='word_1_287' title='bbox 1241 2146 1662 2216; x_wconf 89' lang='lat' dir='ltr'><strong>dirumpentcm,</strong></span> <span class='ocrx_word' id='word_1_288' title='bbox 1702 2162 1759 2203; x_wconf 89' lang='lat' dir='ltr'><strong>ut</strong></span> <span class='ocrx_word' id='word_1_289' title='bbox 1783 2151 1896 2220; x_wconf 84' lang='lat' dir='ltr'><strong>jam</strong></span> 
     </span>
    </p>
   </div>
   <div class='ocr_carea' id='block_1_39' title="bbox 327 2232 1896 2302">
    <p class='ocr_par' dir='ltr' id='par_1_39' title="bbox 327 2232 1896 2302">
     <span class='ocr_line' id='line_1_39' title="bbox 327 2232 1896 2302; baseline 0.01 -20"><span class='ocrx_word' id='word_1_290' title='bbox 327 2246 438 2283; x_wconf 85' lang='lat' dir='ltr'><strong>non</strong></span> <span class='ocrx_word' id='word_1_291' title='bbox 470 2232 701 2286; x_wconf 81' lang='lat' dir='ltr'><strong>habeant</strong></span> <span class='ocrx_word' id='word_1_292' title='bbox 743 2233 1012 2302; x_wconf 80' lang='lat' dir='ltr'><strong>principes</strong></span> <span class='ocrx_word' id='word_1_293' title='bbox 1058 2236 1400 2291; x_wconf 86' lang='lat' dir='ltr'><strong>sacerdotum</strong></span> <span class='ocrx_word' id='word_1_294' title='bbox 1437 2249 1486 2294; x_wconf 91' lang='lat' dir='ltr'><strong>et</strong></span> <span class='ocrx_word' id='word_1_295' title='bbox 1529 2243 1772 2298; x_wconf 87' lang='lat' dir='ltr'><strong>seniores</strong></span> <span class='ocrx_word' id='word_1_296' title='bbox 1797 2241 1896 2297; x_wconf 84' lang='lat' dir='ltr'><strong>Ju-</strong></span> 
     </span>
    </p>
   </div>
   <div class='ocr_carea' id='block_1_40' title="bbox 325 2322 1896 2398">
    <p class='ocr_par' dir='ltr' id='par_1_40' title="bbox 325 2322 1896 2398">
     <span class='ocr_line' id='line_1_40' title="bbox 325 2322 1896 2398; baseline 0.011 -24"><span class='ocrx_word' id='word_1_297' title='bbox 325 2322 569 2377; x_wconf 75' lang='lat' dir='ltr'><strong>dzeorum</strong></span> <span class='ocrx_word' id='word_1_298' title='bbox 600 2325 862 2380; x_wconf 88' lang='lat' dir='ltr'><strong>adversus</strong></span> <span class='ocrx_word' id='word_1_299' title='bbox 892 2325 1140 2383; x_wconf 87' lang='lat' dir='ltr'><strong>homines</strong></span> <span class='ocrx_word' id='word_1_300' title='bbox 1171 2331 1382 2386; x_wconf 85' lang='lat' dir='ltr'><strong>vincula</strong></span> <span class='ocrx_word' id='word_1_301' title='bbox 1401 2373 1418 2398; x_wconf 90' lang='lat'><strong>,</strong></span> <span class='ocrx_word' id='word_1_302' title='bbox 1471 2331 1697 2388; x_wconf 90' lang='lat' dir='ltr'><strong>Domino</strong></span> <span class='ocrx_word' id='word_1_303' title='bbox 1718 2351 1779 2390; x_wconf 83' lang='lat' dir='ltr'><strong>ea</strong></span> <span class='ocrx_word' id='word_1_304' title='bbox 1812 2338 1896 2391; x_wconf 88' lang='lat' dir='ltr'><strong>vi-</strong></span> 
     </span>
    </p>
   </div>
   <div class='ocr_carea' id='block_1_41' title="bbox 323 2413 1896 2496">
    <p class='ocr_par' dir='ltr' id='par_1_41' title="bbox 323 2413 1896 2496">
     <span class='ocr_line' id='line_1_41' title="bbox 323 2413 1896 2496; baseline 0.012 -31"><span class='ocrx_word' id='word_1_305' title='bbox 323 2413 522 2468; x_wconf 69' lang='lat' dir='ltr'><strong>delicet</strong></span> <span class='ocrx_word' id='word_1_306' title='bbox 541 2415 886 2486; x_wconf 85' lang='lat' dir='ltr'><strong>dirumpeute</strong></span> <span class='ocrx_word' id='word_1_307' title='bbox 915 2419 966 2472; x_wconf 92' lang='lat' dir='ltr'><strong>in</strong></span> <span class='ocrx_word' id='word_1_308' title='bbox 993 2435 1071 2474; x_wconf 89' lang='lat' dir='ltr'><strong>se.</strong></span> <span class='ocrx_word' id='word_1_309' title='bbox 1113 2421 1169 2476; x_wconf 90' lang='lat' dir='ltr'><strong>Si</strong></span> <span class='ocrx_word' id='word_1_310' title='bbox 1201 2425 1326 2493; x_wconf 88' lang='lat' dir='ltr'><strong>quis</strong></span> <span class='ocrx_word' id='word_1_311' title='bbox 1351 2435 1532 2479; x_wconf 87' lang='lat' dir='ltr'><strong>autem</strong></span> <span class='ocrx_word' id='word_1_312' title='bbox 1561 2427 1728 2496; x_wconf 73' lang='lat' dir='ltr'><strong>exigit</strong></span> <span class='ocrx_word' id='word_1_313' title='bbox 1753 2443 1782 2481; x_wconf 88' lang='lat' dir='ltr'><strong>a</strong></span> <span class='ocrx_word' id='word_1_314' title='bbox 1810 2445 1896 2484; x_wconf 92' lang='lat' dir='ltr'><strong>me</strong></span> 
     </span>
    </p>
   </div>
   <div class='ocr_carea' id='block_1_42' title="bbox 325 2504 1896 2585">
    <p class='ocr_par' dir='ltr' id='par_1_42' title="bbox 325 2504 1896 2585">
     <span class='ocr_line' id='line_1_42' title="bbox 325 2504 1896 2585; baseline 0.011 -29"><span class='ocrx_word' id='word_1_315' title='bbox 325 2504 664 2574; x_wconf 73' lang='lat' dir='ltr'><strong>Scripturam</strong></span> <span class='ocrx_word' id='word_1_316' title='bbox 694 2507 806 2562; x_wconf 71' lang='lat' dir='ltr'><strong>haec</strong></span> <span class='ocrx_word' id='word_1_317' title='bbox 832 2509 898 2563; x_wconf 88' lang='lat' dir='ltr'><strong>de</strong></span> <span class='ocrx_word' id='word_1_318' title='bbox 927 2510 1334 2582; x_wconf 81' lang='lat' dir='ltr'><strong>disrumpendis</strong></span> <span class='ocrx_word' id='word_1_319' title='bbox 1361 2517 1592 2585; x_wconf 74' lang='lat' dir='ltr'><strong>vinculis</strong></span> <span class='ocrx_word' id='word_1_320' title='bbox 1613 2520 1896 2574; x_wconf 88' lang='lat' dir='ltr'><strong>ostenden-</strong></span> 
     </span>
    </p>
   </div>
   <div class='ocr_carea' id='block_1_43' title="bbox 323 2596 1895 2676">
    <p class='ocr_par' dir='ltr' id='par_1_43' title="bbox 323 2596 1895 2676">
     <span class='ocr_line' id='line_1_43' title="bbox 323 2596 1895 2676; baseline 0.011 -28"><span class='ocrx_word' id='word_1_321' title='bbox 323 2604 467 2660; x_wconf 91' lang='lat' dir='ltr'><strong>tem,</strong></span> <span class='ocrx_word' id='word_1_322' title='bbox 497 2596 696 2665; x_wconf 86' lang='lat' dir='ltr'><strong>quibus</strong></span> <span class='ocrx_word' id='word_1_323' title='bbox 738 2598 1095 2669; x_wconf 85' lang='lat' dir='ltr'><strong>alligaverunt</strong></span> <span class='ocrx_word' id='word_1_324' title='bbox 1122 2601 1304 2658; x_wconf 84' lang='lat' dir='ltr'><strong>Jesum</strong></span> <span class='ocrx_word' id='word_1_325' title='bbox 1332 2606 1608 2676; x_wconf 89' lang='lat' dir='ltr'><strong>principes</strong></span> <span class='ocrx_word' id='word_1_326' title='bbox 1643 2610 1895 2664; x_wconf 84' lang='lat' dir='ltr'><strong>sacerdo-</strong></span> 
     </span>
    </p>
   </div>
   <div class='ocr_carea' id='block_1_44' title="bbox 306 2690 1894 2768">
    <p class='ocr_par' dir='ltr' id='par_1_44' title="bbox 306 2690 1894 2768">
     <span class='ocr_line' id='line_1_44' title="bbox 306 2690 1894 2768; baseline 0.011 -29"><span class='ocrx_word' id='word_1_327' title='bbox 306 2697 436 2739; x_wconf 76' lang='lat' dir='ltr'><strong>-tum</strong></span> <span class='ocrx_word' id='word_1_328' title='bbox 471 2695 525 2741; x_wconf 89' lang='lat' dir='ltr'><strong>et</strong></span> <span class='ocrx_word' id='word_1_329' title='bbox 556 2690 816 2755; x_wconf 84' lang='lat' dir='ltr'><strong>seniores,</strong></span> <span class='ocrx_word' id='word_1_330' title='bbox 851 2692 1116 2764; x_wconf 85' lang='lat' dir='ltr'><strong>intelligat</strong></span> <span class='ocrx_word' id='word_1_331' title='bbox 1147 2697 1292 2764; x_wconf 87' lang='lat' dir='ltr'><strong>quod</strong></span> <span class='ocrx_word' id='word_1_332' title='bbox 1325 2707 1544 2766; x_wconf 88' lang='lat' dir='ltr'><strong>propter</strong></span> <span class='ocrx_word' id='word_1_333' title='bbox 1574 2699 1750 2768; x_wconf 92' lang='lat' dir='ltr'><strong>ipsum</strong></span> <span class='ocrx_word' id='word_1_334' title='bbox 1788 2700 1894 2757; x_wconf 88' lang='lat' dir='ltr'><strong>hoc</strong></span> 
     </span>
    </p>
   </div>
   <div class='ocr_carea' id='block_1_45' title="bbox 321 2777 1892 2861">
    <p class='ocr_par' dir='ltr' id='par_1_45' title="bbox 321 2777 1892 2861">
     <span class='ocr_line' id='line_1_45' title="bbox 321 2777 1892 2861; baseline 0.011 -31"><span class='ocrx_word' id='word_1_335' title='bbox 321 2777 455 2832; x_wconf 85' lang='lat' dir='ltr'><strong>dicit</strong></span> <span class='ocrx_word' id='word_1_336' title='bbox 505 2779 620 2848; x_wconf 86' lang='lat' dir='ltr'><strong>ipse</strong></span> <span class='ocrx_word' id='word_1_337' title='bbox 661 2781 822 2838; x_wconf 86' lang='lat' dir='ltr'><strong>Jcsus</strong></span> <span class='ocrx_word' id='word_1_338' title='bbox 876 2800 970 2853; x_wconf 86' lang='lat' dir='ltr'><strong>per</strong></span> <span class='ocrx_word' id='word_1_339' title='bbox 1013 2785 1336 2856; x_wconf 89' lang='lat' dir='ltr'><strong>Prophetam</strong></span> <span class='ocrx_word' id='word_1_340' title='bbox 1369 2791 1413 2821; x_wconf 69' lang='lat'><strong>9‘</strong></span> <span class='ocrx_word' id='word_1_341' title='bbox 1464 2808 1476 2844; x_wconf 92' lang='lat'><strong>:</strong></span> <span class='ocrx_word' id='word_1_342' title='bbox 1515 2790 1892 2861; x_wconf 85' lang='lat' dir='ltr'><strong>Dirumpamus</strong></span> 
     </span>
    </p>
   </div>
   <div class='ocr_carea' id='block_1_46' title="bbox 322 2868 1891 2946">
    <p class='ocr_par' dir='ltr' id='par_1_46' title="bbox 322 2868 1891 2946">
     <span class='ocr_line' id='line_1_46' title="bbox 322 2868 1891 2946; baseline 0.01 -28"><span class='ocrx_word' id='word_1_343' title='bbox 322 2868 529 2921; x_wconf 81' lang='lat' dir='ltr'><strong>rint-ala</strong></span> <span class='ocrx_word' id='word_1_344' title='bbox 553 2885 752 2936; x_wconf 82' lang='lat' dir='ltr'><strong>eorum,</strong></span> <span class='ocrx_word' id='word_1_345' title='bbox 783 2883 1040 2942; x_wconf 89' lang='lat' dir='ltr'><strong>tanquam</strong></span> <span class='ocrx_word' id='word_1_346' title='bbox 1077 2876 1119 2929; x_wconf 91' lang='lat' dir='ltr'><strong>si</strong></span> <span class='ocrx_word' id='word_1_347' title='bbox 1149 2875 1314 2940; x_wconf 87' lang='lat' dir='ltr'><strong>dicat,</strong></span> <span class='ocrx_word' id='word_1_348' title='bbox 1347 2877 1675 2946; x_wconf 89' lang='lat' dir='ltr'><strong>principum,</strong></span> <span class='ocrx_word' id='word_1_349' title='bbox 1707 2894 1891 2933; x_wconf 78' lang='lat' dir='ltr'><strong>sacer-</strong></span> 
     </span>
    </p>
   </div>
   <div class='ocr_carea' id='block_1_47' title="bbox 321 2952 1892 3039">
    <p class='ocr_par' dir='ltr' id='par_1_47' title="bbox 321 2952 1892 3039">
     <span class='ocr_line' id='line_1_47' title="bbox 321 2952 1892 3039; baseline 0.01 -29"><span class='ocrx_word' id='word_1_350' title='bbox 321 2952 505 3012; x_wconf 79' lang='lat' dir='ltr'><strong>dolum</strong></span> <span class='ocrx_word' id='word_1_351' title='bbox 535 2969 587 3013; x_wconf 93' lang='lat' dir='ltr'><strong>et</strong></span> <span class='ocrx_word' id='word_1_352' title='bbox 615 2962 910 3028; x_wconf 90' lang='lat' dir='ltr'><strong>seniorum,</strong></span> <span class='ocrx_word' id='word_1_353' title='bbox 941 2975 1035 3019; x_wconf 91' lang='lat' dir='ltr'><strong>aut</strong></span> <span class='ocrx_word' id='word_1_354' title='bbox 1062 2967 1231 3020; x_wconf 85' lang='lat' dir='ltr'><strong>multo</strong></span> <span class='ocrx_word' id='word_1_355' title='bbox 1264 2969 1434 3033; x_wconf 69' lang='lat' dir='ltr'><strong>magis</strong></span> <span class='ocrx_word' id='word_1_356' title='bbox 1467 2983 1656 3035; x_wconf 84' lang='lat' dir='ltr'><strong>eorum</strong></span> <span class='ocrx_word' id='word_1_357' title='bbox 1689 2971 1892 3039; x_wconf 88' lang='lat' dir='ltr'><strong>princi-</strong></span> 
     </span>
    </p>
   </div>
   <div class='ocr_carea' id='block_1_48' title="bbox 2003 1870 3577 1942">
    <p class='ocr_par' dir='ltr' id='par_1_48' title="bbox 2003 1870 3577 1942">
     <span class='ocr_line' id='line_1_48' title="bbox 2003 1870 3577 1942; baseline 0.001 -20"><span class='ocrx_word' id='word_1_358' title='bbox 2003 1870 2257 1923; x_wconf 82' lang='lat' dir='ltr'><strong>dederunt</strong></span> <span class='ocrx_word' id='word_1_359' title='bbox 2300 1887 2386 1924; x_wconf 90' lang='lat' dir='ltr'><strong>eos</strong></span> <span class='ocrx_word' id='word_1_360' title='bbox 2426 1872 2479 1923; x_wconf 90' lang='lat' dir='ltr'><strong>in</strong></span> <span class='ocrx_word' id='word_1_361' title='bbox 2519 1887 2706 1940; x_wconf 87' lang='lat' dir='ltr'><strong>agrum</strong></span> <span class='ocrx_word' id='word_1_362' title='bbox 2734 1871 2909 1942; x_wconf 79' lang='lat' dir='ltr'><strong>ﬁguli,</strong></span> <span class='ocrx_word' id='word_1_363' title='bbox 2959 1873 3096 1924; x_wconf 83' lang='lat' dir='ltr'><strong>sicut</strong></span> <span class='ocrx_word' id='word_1_364' title='bbox 3139 1873 3410 1926; x_wconf 85' lang='lat' dir='ltr'><strong>constituit</strong></span> <span class='ocrx_word' id='word_1_365' title='bbox 3450 1873 3577 1926; x_wconf 90' lang='lat' dir='ltr'><strong>mihi</strong></span> 
     </span>
    </p>
   </div>
   <div class='ocr_carea' id='block_1_49' title="bbox 2003 1959 3580 2033">
    <p class='ocr_par' dir='ltr' id='par_1_49' title="bbox 2003 1959 3580 2033">
     <span class='ocr_line' id='line_1_49' title="bbox 2003 1959 3580 2033; baseline 0.003 -21"><span class='ocrx_word' id='word_1_366' title='bbox 2003 1959 2262 2014; x_wconf 81' lang='lat' dir='ltr'><strong>Dominus</strong></span> <span class='ocrx_word' id='word_1_367' title='bbox 2287 1961 2356 2017; x_wconf 80' lang='grc'><strong>’⁵.</strong></span> <span class='ocrx_word' id='word_1_368' title='bbox 2387 1959 2775 2031; x_wconf 79' lang='lat' dir='ltr'><strong>Respondeant</strong></span> <span class='ocrx_word' id='word_1_369' title='bbox 2803 1964 2935 2017; x_wconf 88' lang='lat' dir='ltr'><strong>mihi</strong></span> <span class='ocrx_word' id='word_1_370' title='bbox 2963 1963 3055 2033; x_wconf 88' lang='lat' dir='ltr'><strong>qui</strong></span> <span class='ocrx_word' id='word_1_371' title='bbox 3085 1964 3151 2018; x_wconf 79' lang='lat' dir='ltr'><strong>de</strong></span> <span class='ocrx_word' id='word_1_372' title='bbox 3184 1965 3395 2017; x_wconf 89' lang='lat' dir='ltr'><strong>naturis</strong></span> <span class='ocrx_word' id='word_1_373' title='bbox 3422 1979 3580 2032; x_wconf 83' lang='lat' dir='ltr'><strong>quas-</strong></span> 
     </span>
    </p>
   </div>
   <div class='ocr_carea' id='block_1_50' title="bbox 2001 2052 3577 2118">
    <p class='ocr_par' dir='ltr' id='par_1_50' title="bbox 2001 2052 3577 2118">
     <span class='ocr_line' id='line_1_50' title="bbox 2001 2052 3577 2118; baseline 0.003 -13"><span class='ocrx_word' id='word_1_374' title='bbox 2001 2054 2125 2106; x_wconf 86' lang='lat' dir='ltr'><strong>dam</strong></span> <span class='ocrx_word' id='word_1_375' title='bbox 2174 2052 2386 2108; x_wconf 82' lang='lat' dir='ltr'><strong>fabulas</strong></span> <span class='ocrx_word' id='word_1_376' title='bbox 2434 2054 2811 2118; x_wconf 87' lang='lat' dir='ltr'><strong>introducunt,</strong></span> <span class='ocrx_word' id='word_1_377' title='bbox 2868 2057 3246 2110; x_wconf 86' lang='lat' dir='ltr'><strong>existimantes</strong></span> <span class='ocrx_word' id='word_1_378' title='bbox 3291 2071 3348 2110; x_wconf 86' lang='lat' dir='ltr'><strong>se</strong></span> <span class='ocrx_word' id='word_1_379' title='bbox 3396 2056 3577 2110; x_wconf 88' lang='lat' dir='ltr'><strong>dicere</strong></span> 
     </span>
    </p>
   </div>
   <div class='ocr_carea' id='block_1_51' title="bbox 2001 2145 3573 2216">
    <p class='ocr_par' dir='ltr' id='par_1_51' title="bbox 2001 2145 3573 2216">
     <span class='ocr_line' id='line_1_51' title="bbox 2001 2145 3573 2216; baseline 0 -18"><span class='ocrx_word' id='word_1_380' title='bbox 2001 2159 2151 2208; x_wconf 88' lang='lat' dir='ltr'><strong>vera,</strong></span> <span class='ocrx_word' id='word_1_381' title='bbox 2183 2153 2238 2198; x_wconf 89' lang='lat' dir='ltr'><strong>et</strong></span> <span class='ocrx_word' id='word_1_382' title='bbox 2276 2159 2382 2200; x_wconf 93' lang='lat' dir='ltr'><strong>non</strong></span> <span class='ocrx_word' id='word_1_383' title='bbox 2415 2155 2812 2216; x_wconf 85' lang='lat' dir='ltr'><strong>c0gnoscentes</strong></span> <span class='ocrx_word' id='word_1_384' title='bbox 2837 2145 2982 2216; x_wconf 90' lang='lat' dir='ltr'><strong>quod</strong></span> <span class='ocrx_word' id='word_1_385' title='bbox 3023 2162 3211 2201; x_wconf 92' lang='lat' dir='ltr'><strong>eorum</strong></span> <span class='ocrx_word' id='word_1_386' title='bbox 3241 2146 3426 2216; x_wconf 89' lang='lat' dir='ltr'><strong>opinio</strong></span> <span class='ocrx_word' id='word_1_387' title='bbox 3467 2146 3573 2198; x_wconf 85' lang='lat' dir='ltr'><strong>ini-</strong></span> 
     </span>
    </p>
   </div>
   <div class='ocr_carea' id='block_1_52' title="bbox 2001 2237 3572 2308">
    <p class='ocr_par' dir='ltr' id='par_1_52' title="bbox 2001 2237 3572 2308">
     <span class='ocr_line' id='line_1_52' title="bbox 2001 2237 3572 2308; baseline 0.001 -19"><span class='ocrx_word' id='word_1_388' title='bbox 2001 2237 2550 2306; x_wconf 82' lang='lat' dir='ltr'><strong>quitatcmCrcatoris</strong></span> <span class='ocrx_word' id='word_1_389' title='bbox 2568 2249 2808 2305; x_wconf 86' lang='lat' dir='ltr'><strong>accusat,</strong></span> <span class='ocrx_word' id='word_1_390' title='bbox 2831 2238 2922 2308; x_wconf 92' lang='lat' dir='ltr'><strong>qui</strong></span> <span class='ocrx_word' id='word_1_391' title='bbox 2949 2237 3333 2308; x_wconf 73' lang='lat' dir='ltr'><strong>fecitquzedam</strong></span> <span class='ocrx_word' id='word_1_392' title='bbox 3357 2237 3572 2307; x_wconf 89' lang='lat' dir='ltr'><strong>quidem</strong></span> 
     </span>
    </p>
   </div>
   <div class='ocr_carea' id='block_1_53' title="bbox 2001 2329 3569 2394">
    <p class='ocr_par' dir='ltr' id='par_1_53' title="bbox 2001 2329 3569 2394">
     <span class='ocr_line' id='line_1_53' title="bbox 2001 2329 3569 2394; baseline -0.001 -11"><span class='ocrx_word' id='word_1_393' title='bbox 2001 2344 2132 2384; x_wconf 83' lang='lat' dir='ltr'><strong>vasa</strong></span> <span class='ocrx_word' id='word_1_394' title='bbox 2190 2329 2243 2384; x_wconf 90' lang='lat' dir='ltr'><strong>in</strong></span> <span class='ocrx_word' id='word_1_395' title='bbox 2292 2329 2579 2394; x_wconf 88' lang='lat' dir='ltr'><strong>honorem,</strong></span> <span class='ocrx_word' id='word_1_396' title='bbox 2628 2346 2734 2384; x_wconf 92' lang='lat' dir='ltr'><strong>non</strong></span> <span class='ocrx_word' id='word_1_397' title='bbox 2779 2345 2846 2384; x_wconf 76' lang='lat' dir='ltr'><strong>ex</strong></span> <span class='ocrx_word' id='word_1_398' title='bbox 2893 2346 3059 2385; x_wconf 86' lang='lat' dir='ltr'><strong>causa</strong></span> <span class='ocrx_word' id='word_1_399' title='bbox 3113 2331 3329 2384; x_wconf 91' lang='lat' dir='ltr'><strong>virtutis</strong></span> <span class='ocrx_word' id='word_1_400' title='bbox 3379 2345 3569 2383; x_wconf 87' lang='lat' dir='ltr'><strong>eorum</strong></span> 
     </span>
    </p>
   </div>
   <div class='ocr_carea' id='block_1_54' title="bbox 1998 2421 3574 2492">
    <p class='ocr_par' dir='ltr' id='par_1_54' title="bbox 1998 2421 3574 2492">
     <span class='ocr_line' id='line_1_54' title="bbox 1998 2421 3574 2492; baseline -0.001 -16"><span class='ocrx_word' id='word_1_401' title='bbox 1998 2421 2250 2477; x_wconf 89' lang='lat' dir='ltr'><strong>ducentia</strong></span> <span class='ocrx_word' id='word_1_402' title='bbox 2293 2438 2388 2477; x_wconf 91' lang='lat' dir='ltr'><strong>eos</strong></span> <span class='ocrx_word' id='word_1_403' title='bbox 2428 2422 2494 2476; x_wconf 89' lang='lat' dir='ltr'><strong>ad</strong></span> <span class='ocrx_word' id='word_1_404' title='bbox 2525 2422 2818 2488; x_wconf 85' lang='lat' dir='ltr'><strong>honorem;</strong></span> <span class='ocrx_word' id='word_1_405' title='bbox 2852 2423 3099 2492; x_wconf 65' lang='lat' dir='ltr'><strong>quaedam</strong></span> <span class='ocrx_word' id='word_1_406' title='bbox 3134 2433 3316 2479; x_wconf 91' lang='lat' dir='ltr'><strong>autem</strong></span> <span class='ocrx_word' id='word_1_407' title='bbox 3357 2424 3409 2476; x_wconf 93' lang='lat' dir='ltr'><strong>in</strong></span> <span class='ocrx_word' id='word_1_408' title='bbox 3440 2438 3574 2476; x_wconf 91' lang='lat' dir='ltr'><strong>con-</strong></span> 
     </span>
    </p>
   </div>
   <div class='ocr_carea' id='block_1_55' title="bbox 1998 2513 3568 2583">
    <p class='ocr_par' dir='ltr' id='par_1_55' title="bbox 1998 2513 3568 2583">
     <span class='ocr_line' id='line_1_55' title="bbox 1998 2513 3568 2583; baseline -0.003 -14"><span class='ocrx_word' id='word_1_409' title='bbox 1998 2514 2312 2577; x_wconf 85' lang='lat' dir='ltr'><strong>tumeliam,</strong></span> <span class='ocrx_word' id='word_1_410' title='bbox 2365 2530 2470 2567; x_wconf 87' lang='lat' dir='ltr'><strong>non</strong></span> <span class='ocrx_word' id='word_1_411' title='bbox 2524 2523 2742 2583; x_wconf 90' lang='lat' dir='ltr'><strong>propter</strong></span> <span class='ocrx_word' id='word_1_412' title='bbox 2802 2523 3024 2583; x_wconf 82' lang='lat' dir='ltr'><strong>peccata</strong></span> <span class='ocrx_word' id='word_1_413' title='bbox 3072 2530 3264 2568; x_wconf 91' lang='lat' dir='ltr'><strong>eorum</strong></span> <span class='ocrx_word' id='word_1_414' title='bbox 3313 2513 3568 2567; x_wconf 86' lang='lat' dir='ltr'><strong>ducentia</strong></span> 
     </span>
    </p>
   </div>
   <div class='ocr_carea' id='block_1_56' title="bbox 1995 2603 3572 2676">
    <p class='ocr_par' dir='ltr' id='par_1_56' title="bbox 1995 2603 3572 2676">
     <span class='ocr_line' id='line_1_56' title="bbox 1995 2603 3572 2676; baseline -0.003 -13"><span class='ocrx_word' id='word_1_415' title='bbox 1995 2622 2090 2663; x_wconf 86' lang='lat' dir='ltr'><strong>eos</strong></span> <span class='ocrx_word' id='word_1_416' title='bbox 2137 2607 2205 2660; x_wconf 83' lang='lat' dir='ltr'><strong>ad</strong></span> <span class='ocrx_word' id='word_1_417' title='bbox 2253 2605 2658 2661; x_wconf 87' lang='lat' dir='ltr'><strong>contumeliam.</strong></span> <span class='ocrx_word' id='word_1_418' title='bbox 2724 2603 2780 2658; x_wconf 92' lang='lat' dir='ltr'><strong>Si</strong></span> <span class='ocrx_word' id='word_1_419' title='bbox 2831 2606 2975 2660; x_wconf 90' lang='lat' dir='ltr'><strong>enim</strong></span> <span class='ocrx_word' id='word_1_420' title='bbox 3036 2606 3312 2676; x_wconf 89' lang='lat' dir='ltr'><strong>pcrdibilis</strong></span> <span class='ocrx_word' id='word_1_421' title='bbox 3361 2614 3572 2659; x_wconf 79' lang='lat' dir='ltr'><strong>natum</strong></span> 
     </span>
    </p>
   </div>
   <div class='ocr_carea' id='block_1_57' title="bbox 1995 2696 3567 2768">
    <p class='ocr_par' dir='ltr' id='par_1_57' title="bbox 1995 2696 3567 2768">
     <span class='ocr_line' id='line_1_57' title="bbox 1995 2696 3567 2768; baseline -0.002 -16"><span class='ocrx_word' id='word_1_422' title='bbox 1995 2707 2112 2752; x_wconf 87' lang='lat' dir='ltr'><strong>erat</strong></span> <span class='ocrx_word' id='word_1_423' title='bbox 2142 2696 2342 2768; x_wconf 59' lang='lat' dir='ltr'><strong>fJudas,</strong></span> <span class='ocrx_word' id='word_1_424' title='bbox 2389 2696 2661 2766; x_wconf 92' lang='lat' dir='ltr'><strong>quomodo</strong></span> <span class='ocrx_word' id='word_1_425' title='bbox 2713 2697 3086 2766; x_wconf 82' lang='lat' dir='ltr'><strong>paenitentiam</strong></span> <span class='ocrx_word' id='word_1_426' title='bbox 3135 2706 3339 2750; x_wconf 88' lang='lat' dir='ltr'><strong>tantam</strong></span> <span class='ocrx_word' id='word_1_427' title='bbox 3385 2711 3567 2751; x_wconf 70' lang='lat' dir='ltr'><strong>susce~</strong></span> 
     </span>
    </p>
   </div>
   <div class='ocr_carea' id='block_1_58' title="bbox 1993 2786 3570 2858">
    <p class='ocr_par' dir='ltr' id='par_1_58' title="bbox 1993 2786 3570 2858">
     <span class='ocr_line' id='line_1_58' title="bbox 1993 2786 3570 2858; baseline -0.003 -16"><span class='ocrx_word' id='word_1_428' title='bbox 1993 2788 2092 2858; x_wconf 88' lang='lat' dir='ltr'><strong>pit,</strong></span> <span class='ocrx_word' id='word_1_429' title='bbox 2122 2797 2176 2842; x_wconf 92' lang='lat' dir='ltr'><strong>ut</strong></span> <span class='ocrx_word' id='word_1_430' title='bbox 2205 2803 2311 2840; x_wconf 91' lang='lat' dir='ltr'><strong>non</strong></span> <span class='ocrx_word' id='word_1_431' title='bbox 2355 2787 2664 2841; x_wconf 78' lang='lat' dir='ltr'><strong>vinceretur</strong></span> <span class='ocrx_word' id='word_1_432' title='bbox 2701 2787 2996 2856; x_wconf 89' lang='lat' dir='ltr'><strong>cupiditate</strong></span> <span class='ocrx_word' id='word_1_433' title='bbox 3036 2786 3253 2856; x_wconf 81' lang='lat' dir='ltr'><strong>triginta</strong></span> <span class='ocrx_word' id='word_1_434' title='bbox 3286 2793 3570 2856; x_wconf 59' lang='lat' dir='ltr'><strong>argentcod</strong></span> 
     </span>
    </p>
   </div>
   <div class='ocr_carea' id='block_1_59' title="bbox 1993 2877 3568 2948">
    <p class='ocr_par' dir='ltr' id='par_1_59' title="bbox 1993 2877 3568 2948">
     <span class='ocr_line' id='line_1_59' title="bbox 1993 2877 3568 2948; baseline -0.001 -16"><span class='ocrx_word' id='word_1_435' title='bbox 1993 2895 2138 2942; x_wconf 88' lang='lat' dir='ltr'><strong>rum,</strong></span> <span class='ocrx_word' id='word_1_436' title='bbox 2195 2887 2411 2948; x_wconf 88' lang='lat' dir='ltr'><strong>propter</strong></span> <span class='ocrx_word' id='word_1_437' title='bbox 2459 2893 2625 2947; x_wconf 89' lang='lat' dir='ltr'><strong>quam</strong></span> <span class='ocrx_word' id='word_1_438' title='bbox 2680 2877 2902 2948; x_wconf 89' lang='lat' dir='ltr'><strong>impiam</strong></span> <span class='ocrx_word' id='word_1_439' title='bbox 2959 2877 3281 2946; x_wconf 89' lang='lat' dir='ltr'><strong>proditionis</strong></span> <span class='ocrx_word' id='word_1_440' title='bbox 3327 2877 3568 2946; x_wconf 89' lang='lat' dir='ltr'><strong>suscepit</strong></span> 
     </span>
    </p>
   </div>
   <div class='ocr_carea' id='block_1_60' title="bbox 1993 2967 3562 3037">
    <p class='ocr_par' dir='ltr' id='par_1_60' title="bbox 1993 2967 3562 3037">
     <span class='ocr_line' id='line_1_60' title="bbox 1993 2967 3562 3037; baseline -0.003 -13"><span class='ocrx_word' id='word_1_441' title='bbox 1993 2969 2316 3024; x_wconf 88' lang='lat' dir='ltr'><strong>audaciam?</strong></span> <span class='ocrx_word' id='word_1_442' title='bbox 2380 2967 2436 3022; x_wconf 92' lang='lat' dir='ltr'><strong>Si</strong></span> <span class='ocrx_word' id='word_1_443' title='bbox 2493 2969 2636 3023; x_wconf 89' lang='lat' dir='ltr'><strong>enim</strong></span> <span class='ocrx_word' id='word_1_444' title='bbox 2691 2968 2758 3021; x_wconf 90' lang='lat' dir='ltr'><strong>ad</strong></span> <span class='ocrx_word' id='word_1_445' title='bbox 2808 2969 3192 3037; x_wconf 80' lang='lat' dir='ltr'><strong>preprietatem</strong></span> <span class='ocrx_word' id='word_1_446' title='bbox 3243 2976 3562 3021; x_wconf 73' lang='lat' dir='ltr'><strong>naturarum</strong></span> 
     </span>
    </p>
   </div>
   <div class='ocr_carea' id='block_1_61' title="bbox 320 3051 3565 3153">
    <p class='ocr_par' dir='ltr' id='par_1_61' title="bbox 320 3051 3565 3153">
     <span class='ocr_line' id='line_1_61' title="bbox 320 3051 3565 3153; baseline 0.003 -53"><span class='ocrx_word' id='word_1_447' title='bbox 320 3063 447 3116; x_wconf 87' lang='lat' dir='ltr'><strong>pum</strong></span> <span class='ocrx_word' id='word_1_448' title='bbox 482 3051 576 3119; x_wconf 88' lang='lat' dir='ltr'><strong>qui</strong></span> <span class='ocrx_word' id='word_1_449' title='bbox 607 3060 736 3107; x_wconf 88' lang='lat' dir='ltr'><strong>sunt</strong></span> <span class='ocrx_word' id='word_1_450' title='bbox 783 3055 990 3120; x_wconf 86' lang='lat' dir='ltr'><strong>operati</strong></span> <span class='ocrx_word' id='word_1_451' title='bbox 1046 3056 1098 3108; x_wconf 93' lang='lat' dir='ltr'><strong>in</strong></span> <span class='ocrx_word' id='word_1_452' title='bbox 1141 3057 1253 3119; x_wconf 87' lang='lat' dir='ltr'><strong>eis,</strong></span> <span class='ocrx_word' id='word_1_453' title='bbox 1290 3065 1342 3111; x_wconf 87' lang='lat' dir='ltr'><strong>et</strong></span> <span class='ocrx_word' id='word_1_454' title='bbox 1368 3073 1552 3126; x_wconf 85' lang='lat' dir='ltr'><strong>regum</strong></span> <span class='ocrx_word' id='word_1_455' title='bbox 1587 3068 1742 3114; x_wconf 65' lang='lat' dir='ltr'><strong>terrae</strong></span> <span class='ocrx_word' id='word_1_456' title='bbox 1773 3061 1893 3114; x_wconf 82' lang='lat' dir='ltr'><strong>illo-</strong></span> <span class='ocrx_word' id='word_1_457' title='bbox 1917 3097 1960 3153; x_wconf 76' lang='lat' dir='ltr'><strong>C</strong></span> <span class='ocrx_word' id='word_1_458' title='bbox 1994 3061 2234 3115; x_wconf 79' lang='lat' dir='ltr'><strong>referunt</strong></span> <span class='ocrx_word' id='word_1_459' title='bbox 2267 3061 2410 3130; x_wconf 90' lang='lat' dir='ltr'><strong>quod</strong></span> <span class='ocrx_word' id='word_1_460' title='bbox 2440 3069 2524 3115; x_wconf 88' lang='lat' dir='ltr'><strong>est</strong></span> <span class='ocrx_word' id='word_1_461' title='bbox 2549 3061 2755 3114; x_wconf 88' lang='lat' dir='ltr'><strong>dictum</strong></span> <span class='ocrx_word' id='word_1_462' title='bbox 2780 3060 2864 3110; x_wconf 66' lang='grc' dir='ltr'><strong>ἐξ</strong></span> <span class='ocrx_word' id='word_1_463' title='bbox 2899 3058 3020 3112; x_wconf 86' lang='grc' dir='ltr'><strong>Νοη</strong></span> <span class='ocrx_word' id='word_1_464' title='bbox 3045 3068 3210 3128; x_wconf 85' lang='lat' dir='ltr'><strong>potest</strong></span> <span class='ocrx_word' id='word_1_465' title='bbox 3242 3060 3400 3113; x_wconf 82' lang='lat' dir='ltr'><strong>arbor</strong></span> <span class='ocrx_word' id='word_1_466' title='bbox 3426 3059 3565 3112; x_wconf 87' lang='lat' dir='ltr'><strong>mala</strong></span> 
     </span>
    </p>
   </div>
   <div class='ocr_carea' id='block_1_62' title="bbox 323 3143 1891 3217">
    <p class='ocr_par' dir='ltr' id='par_1_62' title="bbox 323 3143 1891 3217">
     <span class='ocr_line' id='line_1_62' title="bbox 323 3143 1891 3217; baseline 0.006 -24"><span class='ocrx_word' id='word_1_467' title='bbox 323 3157 440 3194; x_wconf 88' lang='lat' dir='ltr'><strong>rum</strong></span> <span class='ocrx_word' id='word_1_468' title='bbox 468 3143 562 3211; x_wconf 91' lang='lat' dir='ltr'><strong>qui</strong></span> <span class='ocrx_word' id='word_1_469' title='bbox 596 3144 901 3209; x_wconf 85' lang='lat' dir='ltr'><strong>astiterunt,</strong></span> <span class='ocrx_word' id='word_1_470' title='bbox 921 3155 976 3198; x_wconf 85' lang='lat' dir='ltr'><strong>et</strong></span> <span class='ocrx_word' id='word_1_471' title='bbox 999 3147 1305 3216; x_wconf 85' lang='lat' dir='ltr'><strong>principum</strong></span> <span class='ocrx_word' id='word_1_472' title='bbox 1338 3149 1430 3217; x_wconf 91' lang='lat' dir='ltr'><strong>qui</strong></span> <span class='ocrx_word' id='word_1_473' title='bbox 1461 3162 1806 3203; x_wconf 81' lang='lat' dir='ltr'><strong>convenerunt</strong></span> <span class='ocrx_word' id='word_1_474' title='bbox 1837 3152 1891 3203; x_wconf 86' lang='lat' dir='ltr'><strong>in</strong></span> 
     </span>
    </p>
   </div>
   <div class='ocr_carea' id='block_1_63' title="bbox 320 3237 1892 3304">
    <p class='ocr_par' dir='ltr' id='par_1_63' title="bbox 320 3237 1892 3304">
     <span class='ocr_line' id='line_1_63' title="bbox 320 3237 1892 3304; baseline 0.004 -17"><span class='ocrx_word' id='word_1_475' title='bbox 320 3247 484 3288; x_wconf 77' lang='lat' dir='ltr'><strong>tinum</strong></span> <span class='ocrx_word' id='word_1_476' title='bbox 545 3237 794 3292; x_wconf 78' lang='lat' dir='ltr'><strong>adversus</strong></span> <span class='ocrx_word' id='word_1_477' title='bbox 842 3237 1170 3304; x_wconf 83' lang='lat' dir='ltr'><strong>Dominum,</strong></span> <span class='ocrx_word' id='word_1_478' title='bbox 1222 3249 1272 3295; x_wconf 83' lang='lat' dir='ltr'><strong>et</strong></span> <span class='ocrx_word' id='word_1_479' title='bbox 1319 3241 1566 3294; x_wconf 70' lang='lat' dir='ltr'><strong>adversus</strong></span> <span class='ocrx_word' id='word_1_480' title='bbox 1620 3241 1892 3296; x_wconf 80' lang='lat' dir='ltr'><strong>Christum</strong></span> 
     </span>
    </p>
   </div>
   <div class='ocr_carea' id='block_1_64' title="bbox 314 3328 1892 3401">
    <p class='ocr_par' dir='ltr' id='par_1_64' title="bbox 314 3328 1892 3401">
     <span class='ocr_line' id='line_1_64' title="bbox 314 3328 1892 3401; baseline 0.006 -22"><span class='ocrx_word' id='word_1_481' title='bbox 314 3328 464 3396; x_wconf 76' lang='lat' dir='ltr'><strong>ejus,</strong></span> <span class='ocrx_word' id='word_1_482' title='bbox 497 3344 728 3398; x_wconf 89' lang='lat' dir='ltr'><strong>quorum</strong></span> <span class='ocrx_word' id='word_1_483' title='bbox 757 3340 812 3385; x_wconf 90' lang='lat' dir='ltr'><strong>et</strong></span> <span class='ocrx_word' id='word_1_484' title='bbox 829 3329 1018 3401; x_wconf 84' lang='lat' dir='ltr'><strong>jugum</strong></span> <span class='ocrx_word' id='word_1_485' title='bbox 1044 3332 1394 3401; x_wconf 69' lang='lat' dir='ltr'><strong>proﬁciamus</strong></span> <span class='ocrx_word' id='word_1_486' title='bbox 1426 3351 1457 3387; x_wconf 90' lang='lat' dir='ltr'><strong>a</strong></span> <span class='ocrx_word' id='word_1_487' title='bbox 1484 3335 1632 3388; x_wconf 84' lang='lat' dir='ltr'><strong>nobis</strong></span> <span class='ocrx_word' id='word_1_488' title='bbox 1662 3335 1729 3387; x_wconf 78' lang='lat'><strong>&quot;.</strong></span> <span class='ocrx_word' id='word_1_489' title='bbox 1780 3334 1892 3390; x_wconf 80' lang='lat' dir='ltr'><strong>Ad-</strong></span> 
     </span>
    </p>
   </div>
   <div class='ocr_carea' id='block_1_65' title="bbox 320 3419 1892 3494">
    <p class='ocr_par' dir='ltr' id='par_1_65' title="bbox 320 3419 1892 3494">
     <span class='ocr_line' id='line_1_65' title="bbox 320 3419 1892 3494; baseline 0.004 -21"><span class='ocrx_word' id='word_1_490' title='bbox 320 3419 426 3473; x_wconf 83' lang='lat' dir='ltr'><strong>huc</strong></span> <span class='ocrx_word' id='word_1_491' title='bbox 473 3430 653 3476; x_wconf 84' lang='lat' dir='ltr'><strong>autem</strong></span> <span class='ocrx_word' id='word_1_492' title='bbox 701 3423 938 3490; x_wconf 88' lang='lat' dir='ltr'><strong>amplius</strong></span> <span class='ocrx_word' id='word_1_493' title='bbox 975 3431 1025 3476; x_wconf 90' lang='lat' dir='ltr'><strong>te</strong></span> <span class='ocrx_word' id='word_1_494' title='bbox 1063 3424 1300 3491; x_wconf 85' lang='lat' dir='ltr'><strong>placabit</strong></span> <span class='ocrx_word' id='word_1_495' title='bbox 1350 3433 1408 3478; x_wconf 88' lang='lat' dir='ltr'><strong>ut</strong></span> <span class='ocrx_word' id='word_1_496' title='bbox 1455 3425 1726 3493; x_wconf 84' lang='lat' dir='ltr'><strong>suscipias</strong></span> <span class='ocrx_word' id='word_1_497' title='bbox 1759 3439 1892 3494; x_wconf 89' lang='lat' dir='ltr'><strong>quo-</strong></span> 
     </span>
    </p>
   </div>
   <div class='ocr_carea' id='block_1_66' title="bbox 320 3509 1889 3581">
    <p class='ocr_par' dir='ltr' id='par_1_66' title="bbox 320 3509 1889 3581">
     <span class='ocr_line' id='line_1_66' title="bbox 320 3509 1889 3581; baseline 0.003 -19"><span class='ocrx_word' id='word_1_498' title='bbox 320 3509 463 3562; x_wconf 85' lang='lat' dir='ltr'><strong>niam</strong></span> <span class='ocrx_word' id='word_1_499' title='bbox 514 3511 616 3565; x_wconf 91' lang='lat' dir='ltr'><strong>etsi</strong></span> <span class='ocrx_word' id='word_1_500' title='bbox 657 3512 944 3580; x_wconf 79' lang='lat' dir='ltr'><strong>alligantes</strong></span> <span class='ocrx_word' id='word_1_501' title='bbox 990 3509 1176 3564; x_wconf 81' lang='lat' dir='ltr'><strong>Jesum</strong></span> <span class='ocrx_word' id='word_1_502' title='bbox 1207 3513 1542 3566; x_wconf 82' lang='lat' dir='ltr'><strong>induxerunt</strong></span> <span class='ocrx_word' id='word_1_503' title='bbox 1571 3515 1663 3581; x_wconf 91' lang='lat' dir='ltr'><strong>qui</strong></span> <span class='ocrx_word' id='word_1_504' title='bbox 1703 3515 1889 3568; x_wconf 86' lang='lat' dir='ltr'><strong>consi-</strong></span> 
     </span>
    </p>
   </div>
   <div class='ocr_carea' id='block_1_67' title="bbox 319 3599 1890 3673">
    <p class='ocr_par' dir='ltr' id='par_1_67' title="bbox 319 3599 1890 3673">
     <span class='ocr_line' id='line_1_67' title="bbox 319 3599 1890 3673; baseline 0.005 -21"><span class='ocrx_word' id='word_1_505' title='bbox 319 3601 448 3652; x_wconf 91' lang='lat' dir='ltr'><strong>lium</strong></span> <span class='ocrx_word' id='word_1_506' title='bbox 493 3599 738 3654; x_wconf 81' lang='lat' dir='ltr'><strong>fecerunt</strong></span> <span class='ocrx_word' id='word_1_507' title='bbox 781 3601 1045 3655; x_wconf 88' lang='lat' dir='ltr'><strong>adversus</strong></span> <span class='ocrx_word' id='word_1_508' title='bbox 1075 3617 1222 3667; x_wconf 91' lang='lat' dir='ltr'><strong>eum,</strong></span> <span class='ocrx_word' id='word_1_509' title='bbox 1259 3611 1439 3656; x_wconf 88' lang='lat' dir='ltr'><strong>tamen</strong></span> <span class='ocrx_word' id='word_1_510' title='bbox 1487 3603 1692 3673; x_wconf 89' lang='lat' dir='ltr'><strong>dirupit</strong></span> <span class='ocrx_word' id='word_1_511' title='bbox 1729 3602 1890 3660; x_wconf 84' lang='lat' dir='ltr'><strong>Jesus</strong></span> 
     </span>
    </p>
   </div>
   <div class='ocr_carea' id='block_1_68' title="bbox 317 3691 1888 3764">
    <p class='ocr_par' dir='ltr' id='par_1_68' title="bbox 317 3691 1888 3764">
     <span class='ocr_line' id='line_1_68' title="bbox 317 3691 1888 3764; baseline 0.006 -21"><span class='ocrx_word' id='word_1_512' title='bbox 317 3691 571 3744; x_wconf 85' lang='lat' dir='ltr'><strong>vincula:</strong></span> <span class='ocrx_word' id='word_1_513' title='bbox 609 3691 653 3745; x_wconf 91' lang='lat' dir='ltr'><strong>si</strong></span> <span class='ocrx_word' id='word_1_514' title='bbox 691 3692 1024 3747; x_wconf 80' lang='lat' dir='ltr'><strong>intellexeris</strong></span> <span class='ocrx_word' id='word_1_515' title='bbox 1068 3708 1191 3762; x_wconf 62' lang='lat' dir='ltr'><strong>quae</strong></span> <span class='ocrx_word' id='word_1_516' title='bbox 1237 3696 1439 3764; x_wconf 85' lang='lat' dir='ltr'><strong>scripta</strong></span> <span class='ocrx_word' id='word_1_517' title='bbox 1484 3705 1613 3750; x_wconf 89' lang='lat' dir='ltr'><strong>sunt</strong></span> <span class='ocrx_word' id='word_1_518' title='bbox 1639 3697 1707 3750; x_wconf 87' lang='lat' dir='ltr'><strong>de</strong></span> <span class='ocrx_word' id='word_1_519' title='bbox 1731 3696 1888 3752; x_wconf 85' lang='lat' dir='ltr'><strong>Sam-</strong></span> 
     </span>
    </p>
   </div>
   <div class='ocr_carea' id='block_1_69' title="bbox 316 3786 1888 3859">
    <p class='ocr_par' dir='ltr' id='par_1_69' title="bbox 316 3786 1888 3859">
     <span class='ocr_line' id='line_1_69' title="bbox 316 3786 1888 3859; baseline 0.003 -17"><span class='ocrx_word' id='word_1_520' title='bbox 316 3802 449 3842; x_wconf 87' lang='lat' dir='ltr'><strong>sone</strong></span> <span class='ocrx_word' id='word_1_521' title='bbox 476 3787 542 3852; x_wconf 67' lang='lat'><strong>9&quot;,</strong></span> <span class='ocrx_word' id='word_1_522' title='bbox 573 3789 664 3856; x_wconf 90' lang='lat' dir='ltr'><strong>qui</strong></span> <span class='ocrx_word' id='word_1_523' title='bbox 696 3786 1013 3855; x_wconf 83' lang='lat' dir='ltr'><strong>frequenter</strong></span> <span class='ocrx_word' id='word_1_524' title='bbox 1045 3787 1148 3841; x_wconf 79' lang='lat' dir='ltr'><strong>fuit</strong></span> <span class='ocrx_word' id='word_1_525' title='bbox 1190 3789 1407 3859; x_wconf 82' lang='lat' dir='ltr'><strong>ligatus,</strong></span> <span class='ocrx_word' id='word_1_526' title='bbox 1440 3797 1494 3843; x_wconf 88' lang='lat' dir='ltr'><strong>et</strong></span> <span class='ocrx_word' id='word_1_527' title='bbox 1522 3789 1729 3858; x_wconf 92' lang='lat' dir='ltr'><strong>dirupit</strong></span> <span class='ocrx_word' id='word_1_528' title='bbox 1757 3791 1888 3846; x_wconf 89' lang='lat' dir='ltr'><strong>alie-</strong></span> 
     </span>
    </p>
   </div>
   <div class='ocr_carea' id='block_1_70' title="bbox 317 3877 1885 3948">
    <p class='ocr_par' dir='ltr' id='par_1_70' title="bbox 317 3877 1885 3948">
     <span class='ocr_line' id='line_1_70' title="bbox 317 3877 1885 3948; baseline 0.003 -17"><span class='ocrx_word' id='word_1_529' title='bbox 317 3878 632 3948; x_wconf 88' lang='lat' dir='ltr'><strong>nigenarum</strong></span> <span class='ocrx_word' id='word_1_530' title='bbox 677 3878 914 3943; x_wconf 89' lang='lat' dir='ltr'><strong>vincula,</strong></span> <span class='ocrx_word' id='word_1_531' title='bbox 959 3880 1219 3947; x_wconf 88' lang='lat' dir='ltr'><strong>quoniam</strong></span> <span class='ocrx_word' id='word_1_532' title='bbox 1252 3877 1541 3935; x_wconf 70' lang='lat' dir='ltr'><strong>Nazaraeus</strong></span> <span class='ocrx_word' id='word_1_533' title='bbox 1589 3879 1764 3935; x_wconf 82' lang='lat' dir='ltr'><strong>fuerat</strong></span> <span class='ocrx_word' id='word_1_534' title='bbox 1789 3881 1885 3936; x_wconf 86' lang='lat' dir='ltr'><strong>Dei</strong></span> 
     </span>
    </p>
   </div>
   <div class='ocr_carea' id='block_1_71' title="bbox 314 3971 1884 4045">
    <p class='ocr_par' dir='ltr' id='par_1_71' title="bbox 314 3971 1884 4045">
     <span class='ocr_line' id='line_1_71' title="bbox 314 3971 1884 4045; baseline 0.004 -23"><span class='ocrx_word' id='word_1_535' title='bbox 314 3981 366 4024; x_wconf 83' lang='lat' dir='ltr'><strong>rt</strong></span> <span class='ocrx_word' id='word_1_536' title='bbox 413 3971 645 4024; x_wconf 76' lang='lat' dir='ltr'><strong>habebat</strong></span> <span class='ocrx_word' id='word_1_537' title='bbox 685 3986 896 4025; x_wconf 91' lang='lat' dir='ltr'><strong>comam</strong></span> <span class='ocrx_word' id='word_1_538' title='bbox 951 3971 1161 4040; x_wconf 87' lang='lat' dir='ltr'><strong>plenam</strong></span> <span class='ocrx_word' id='word_1_539' title='bbox 1208 3973 1444 4028; x_wconf 88' lang='lat' dir='ltr'><strong>virtutis.</strong></span> <span class='ocrx_word' id='word_1_540' title='bbox 1515 3973 1574 4028; x_wconf 92' lang='lat' dir='ltr'><strong>Si</strong></span> <span class='ocrx_word' id='word_1_541' title='bbox 1621 3990 1750 4045; x_wconf 88' lang='lat' dir='ltr'><strong>ergo</strong></span> <span class='ocrx_word' id='word_1_542' title='bbox 1796 3975 1884 4030; x_wconf 89' lang='lat' dir='ltr'><strong>ille</strong></span> 
     </span>
    </p>
   </div>
   <div class='ocr_carea' id='block_1_72' title="bbox 315 4060 1880 4134">
    <p class='ocr_par' dir='ltr' id='par_1_72' title="bbox 315 4060 1880 4134">
     <span class='ocr_line' id='line_1_72' title="bbox 315 4060 1880 4134; baseline 0.007 -26"><span class='ocrx_word' id='word_1_543' title='bbox 315 4069 530 4129; x_wconf 85' lang='lat' dir='ltr'><strong>propter</strong></span> <span class='ocrx_word' id='word_1_544' title='bbox 581 4075 750 4114; x_wconf 78' lang='lat' dir='ltr'><strong>coma:</strong></span> <span class='ocrx_word' id='word_1_545' title='bbox 794 4060 1044 4114; x_wconf 88' lang='lat' dir='ltr'><strong>virtutem</strong></span> <span class='ocrx_word' id='word_1_546' title='bbox 1097 4076 1262 4130; x_wconf 89' lang='lat' dir='ltr'><strong>quam</strong></span> <span class='ocrx_word' id='word_1_547' title='bbox 1321 4062 1553 4117; x_wconf 85' lang='lat' dir='ltr'><strong>habebat</strong></span> <span class='ocrx_word' id='word_1_548' title='bbox 1598 4063 1654 4117; x_wconf 92' lang='lat' dir='ltr'><strong>in</strong></span> <span class='ocrx_word' id='word_1_549' title='bbox 1684 4064 1880 4134; x_wconf 88' lang='lat' dir='ltr'><strong>capite,</strong></span> 
     </span>
    </p>
   </div>
   <div class='ocr_carea' id='block_1_73' title="bbox 315 4151 1882 4223">
    <p class='ocr_par' dir='ltr' id='par_1_73' title="bbox 315 4151 1882 4223">
     <span class='ocr_line' id='line_1_73' title="bbox 315 4151 1882 4223; baseline 0.003 -20"><span class='ocrx_word' id='word_1_550' title='bbox 315 4160 488 4220; x_wconf 77' lang='lat' dir='ltr'><strong>potuit</strong></span> <span class='ocrx_word' id='word_1_551' title='bbox 517 4166 770 4222; x_wconf 87' lang='lat' dir='ltr'><strong>rumpere</strong></span> <span class='ocrx_word' id='word_1_552' title='bbox 797 4151 1010 4205; x_wconf 89' lang='lat' dir='ltr'><strong>vincula</strong></span> <span class='ocrx_word' id='word_1_553' title='bbox 1038 4151 1466 4222; x_wconf 82' lang='lat' dir='ltr'><strong>alienigenarum</strong></span> <span class='ocrx_word' id='word_1_554' title='bbox 1487 4193 1503 4220; x_wconf 89' lang='lat'><strong>,</strong></span> <span class='ocrx_word' id='word_1_555' title='bbox 1535 4154 1734 4223; x_wconf 91' lang='lat' dir='ltr'><strong>quibus</strong></span> <span class='ocrx_word' id='word_1_556' title='bbox 1764 4155 1882 4208; x_wconf 89' lang='lat' dir='ltr'><strong>alli-</strong></span> 
     </span>
    </p>
   </div>
   <div class='ocr_carea' id='block_1_74' title="bbox 315 4242 1879 4314">
    <p class='ocr_par' dir='ltr' id='par_1_74' title="bbox 315 4242 1879 4314">
     <span class='ocr_line' id='line_1_74' title="bbox 315 4242 1879 4314; baseline 0.003 -20"><span class='ocrx_word' id='word_1_557' title='bbox 315 4252 570 4308; x_wconf 77' lang='lat' dir='ltr'><strong>gaverunt</strong></span> <span class='ocrx_word' id='word_1_558' title='bbox 609 4260 732 4298; x_wconf 90' lang='lat' dir='ltr'><strong>eum</strong></span> <span class='ocrx_word' id='word_1_559' title='bbox 786 4242 1097 4312; x_wconf 79' lang='lat' dir='ltr'><strong>frequenter</strong></span> <span class='ocrx_word' id='word_1_560' title='bbox 1123 4283 1139 4307; x_wconf 90' lang='lat'><strong>,</strong></span> <span class='ocrx_word' id='word_1_561' title='bbox 1171 4251 1378 4312; x_wconf 91' lang='lat' dir='ltr'><strong>quanto</strong></span> <span class='ocrx_word' id='word_1_562' title='bbox 1411 4245 1582 4314; x_wconf 87' lang='lat' dir='ltr'><strong>magis</strong></span> <span class='ocrx_word' id='word_1_563' title='bbox 1609 4243 1879 4310; x_wconf 80' lang='lat' dir='ltr'><strong>Christus,</strong></span> 
     </span>
    </p>
   </div>
   <div class='ocr_carea' id='block_1_75' title="bbox 315 4333 1878 4405">
    <p class='ocr_par' dir='ltr' id='par_1_75' title="bbox 315 4333 1878 4405">
     <span class='ocr_line' id='line_1_75' title="bbox 315 4333 1878 4405; baseline 0.001 -19"><span class='ocrx_word' id='word_1_564' title='bbox 315 4334 402 4400; x_wconf 88' lang='lat' dir='ltr'><strong>qui</strong></span> <span class='ocrx_word' id='word_1_565' title='bbox 433 4345 556 4403; x_wconf 91' lang='lat' dir='ltr'><strong>post</strong></span> <span class='ocrx_word' id='word_1_566' title='bbox 603 4343 750 4390; x_wconf 87' lang='lat' dir='ltr'><strong>tanta</strong></span> <span class='ocrx_word' id='word_1_567' title='bbox 797 4334 1039 4405; x_wconf 80' lang='lat' dir='ltr'><strong>prodigia</strong></span> <span class='ocrx_word' id='word_1_568' title='bbox 1074 4343 1128 4388; x_wconf 87' lang='lat' dir='ltr'><strong>et</strong></span> <span class='ocrx_word' id='word_1_569' title='bbox 1155 4335 1384 4390; x_wconf 84' lang='lat' dir='ltr'><strong>virtutes</strong></span> <span class='ocrx_word' id='word_1_570' title='bbox 1410 4350 1549 4404; x_wconf 88' lang='lat' dir='ltr'><strong>quas</strong></span> <span class='ocrx_word' id='word_1_571' title='bbox 1580 4333 1742 4397; x_wconf 80' lang='lat' dir='ltr'><strong>fecit,</strong></span> <span class='ocrx_word' id='word_1_572' title='bbox 1779 4350 1878 4388; x_wconf 86' lang='lat' dir='ltr'><strong>vo-</strong></span> 
     </span>
    </p>
   </div>
   <div class='ocr_carea' id='block_1_76' title="bbox 1995 3149 3566 3221">
    <p class='ocr_par' dir='ltr' id='par_1_76' title="bbox 1995 3149 3566 3221">
     <span class='ocr_line' id='line_1_76' title="bbox 1995 3149 3566 3221; baseline -0.002 -17"><span class='ocrx_word' id='word_1_573' title='bbox 1995 3152 2155 3205; x_wconf 86' lang='lat' dir='ltr'><strong>bonos</strong></span> <span class='ocrx_word' id='word_1_574' title='bbox 2201 3153 2407 3221; x_wconf 78' lang='lat' dir='ltr'><strong>fructus</strong></span> <span class='ocrx_word' id='word_1_575' title='bbox 2440 3151 2715 3221; x_wconf 80' lang='lat' dir='ltr'><strong>proferre,</strong></span> <span class='ocrx_word' id='word_1_576' title='bbox 2747 3149 2948 3214; x_wconf 91' lang='lat' dir='ltr'><strong>dicant,</strong></span> <span class='ocrx_word' id='word_1_577' title='bbox 2991 3149 3094 3203; x_wconf 90' lang='lat' dir='ltr'><strong>nisi</strong></span> <span class='ocrx_word' id='word_1_578' title='bbox 3130 3149 3419 3202; x_wconf 88' lang='lat' dir='ltr'><strong>bonitatem</strong></span> <span class='ocrx_word' id='word_1_579' title='bbox 3466 3149 3566 3201; x_wconf 90' lang='lat' dir='ltr'><strong>ali-</strong></span> 
     </span>
    </p>
   </div>
   <div class='ocr_carea' id='block_1_77' title="bbox 1992 3237 3564 3312">
    <p class='ocr_par' dir='ltr' id='par_1_77' title="bbox 1992 3237 3564 3312">
     <span class='ocr_line' id='line_1_77' title="bbox 1992 3237 3564 3312; baseline -0.001 -18"><span class='ocrx_word' id='word_1_580' title='bbox 1992 3257 2156 3312; x_wconf 81' lang='lat' dir='ltr'><strong>quaut</strong></span> <span class='ocrx_word' id='word_1_581' title='bbox 2200 3241 2368 3312; x_wconf 87' lang='lat' dir='ltr'><strong>spiret</strong></span> <span class='ocrx_word' id='word_1_582' title='bbox 2407 3259 2420 3295; x_wconf 90' lang='lat'><strong>:</strong></span> <span class='ocrx_word' id='word_1_583' title='bbox 2454 3249 2508 3296; x_wconf 93' lang='lat' dir='ltr'><strong>et</strong></span> <span class='ocrx_word' id='word_1_584' title='bbox 2554 3241 2603 3295; x_wconf 91' lang='lat' dir='ltr'><strong>si</strong></span> <span class='ocrx_word' id='word_1_585' title='bbox 2650 3255 2757 3293; x_wconf 92' lang='lat' dir='ltr'><strong>non</strong></span> <span class='ocrx_word' id='word_1_586' title='bbox 2793 3237 3048 3309; x_wconf 80' lang='lat' dir='ltr'><strong>perfecte,</strong></span> <span class='ocrx_word' id='word_1_587' title='bbox 3086 3255 3261 3308; x_wconf 85' lang='lat' dir='ltr'><strong>neque</strong></span> <span class='ocrx_word' id='word_1_588' title='bbox 3291 3239 3433 3293; x_wconf 91' lang='lat' dir='ltr'><strong>sicut</strong></span> <span class='ocrx_word' id='word_1_589' title='bbox 3473 3239 3564 3292; x_wconf 85' lang='lat' dir='ltr'><strong>de-</strong></span> 
     </span>
    </p>
   </div>
   <div class='ocr_carea' id='block_1_78' title="bbox 1990 3330 3565 3400">
    <p class='ocr_par' dir='ltr' id='par_1_78' title="bbox 1990 3330 3565 3400">
     <span class='ocr_line' id='line_1_78' title="bbox 1990 3330 3565 3400; baseline -0.001 -12"><span class='ocrx_word' id='word_1_590' title='bbox 1990 3333 2108 3388; x_wconf 90' lang='lat' dir='ltr'><strong>buit</strong></span> <span class='ocrx_word' id='word_1_591' title='bbox 2147 3348 2446 3388; x_wconf 88' lang='lat' dir='ltr'><strong>conversus</strong></span> <span class='ocrx_word' id='word_1_592' title='bbox 2483 3331 2608 3388; x_wconf 80' lang='lat' dir='ltr'><strong>fecit</strong></span> <span class='ocrx_word' id='word_1_593' title='bbox 2634 3330 2803 3386; x_wconf 85' lang='lat' dir='ltr'><strong>Judas</strong></span> <span class='ocrx_word' id='word_1_594' title='bbox 2836 3331 2940 3385; x_wconf 88' lang='lat' dir='ltr'><strong>hoc</strong></span> <span class='ocrx_word' id='word_1_595' title='bbox 2983 3330 3160 3400; x_wconf 90' lang='lat' dir='ltr'><strong>ipsum</strong></span> <span class='ocrx_word' id='word_1_596' title='bbox 3198 3331 3342 3400; x_wconf 87' lang='lat' dir='ltr'><strong>quod</strong></span> <span class='ocrx_word' id='word_1_597' title='bbox 3385 3331 3565 3386; x_wconf 87' lang='lat' dir='ltr'><strong>retulit</strong></span> 
     </span>
    </p>
   </div>
   <div class='ocr_carea' id='block_1_79' title="bbox 1991 3423 3564 3496">
    <p class='ocr_par' dir='ltr' id='par_1_79' title="bbox 1991 3423 3564 3496">
     <span class='ocr_line' id='line_1_79' title="bbox 1991 3423 3564 3496; baseline -0.002 -16"><span class='ocrx_word' id='word_1_598' title='bbox 1991 3425 2209 3494; x_wconf 85' lang='lat' dir='ltr'><strong>triginta</strong></span> <span class='ocrx_word' id='word_1_599' title='bbox 2236 3433 2542 3496; x_wconf 85' lang='lat' dir='ltr'><strong>argenteos,</strong></span> <span class='ocrx_word' id='word_1_600' title='bbox 2568 3424 2709 3478; x_wconf 91' lang='lat' dir='ltr'><strong>unde</strong></span> <span class='ocrx_word' id='word_1_601' title='bbox 2730 3431 2814 3477; x_wconf 90' lang='lat' dir='ltr'><strong>est</strong></span> <span class='ocrx_word' id='word_1_602' title='bbox 2835 3431 2887 3476; x_wconf 90' lang='lat' dir='ltr'><strong>et</strong></span> <span class='ocrx_word' id='word_1_603' title='bbox 2909 3423 3056 3490; x_wconf 88' lang='lat' dir='ltr'><strong>quod</strong></span> <span class='ocrx_word' id='word_1_604' title='bbox 3077 3423 3208 3476; x_wconf 90' lang='lat' dir='ltr'><strong>dicit</strong></span> <span class='ocrx_word' id='word_1_605' title='bbox 3228 3436 3564 3492; x_wconf 80' lang='lat' dir='ltr'><strong>cngnoscens</strong></span> 
     </span>
    </p>
   </div>
   <div class='ocr_carea' id='block_1_80' title="bbox 1987 3509 3549 3584">
    <p class='ocr_par' dir='ltr' id='par_1_80' title="bbox 1987 3509 3549 3584">
     <span class='ocr_line' id='line_1_80' title="bbox 1987 3509 3549 3584; baseline -0.002 -20"><span class='ocrx_word' id='word_1_606' title='bbox 1987 3513 2150 3584; x_wconf 77' lang='lat'><strong>915</strong></span> <span class='ocrx_word' id='word_1_607' title='bbox 2179 3524 2462 3582; x_wconf 87' lang='lat' dir='ltr'><strong>peccatum</strong></span> <span class='ocrx_word' id='word_1_608' title='bbox 2493 3526 2653 3566; x_wconf 87' lang='lat' dir='ltr'><strong>suum</strong></span> <span class='ocrx_word' id='word_1_609' title='bbox 2686 3525 2699 3560; x_wconf 89' lang='lat'><strong>:</strong></span> <span class='ocrx_word' id='word_1_610' title='bbox 2746 3509 2965 3563; x_wconf 84' lang='lat' dir='ltr'><strong>Peccavi</strong></span> <span class='ocrx_word' id='word_1_611' title='bbox 3001 3509 3216 3563; x_wconf 87' lang='lat' dir='ltr'><strong>tradens</strong></span> <span class='ocrx_word' id='word_1_612' title='bbox 3237 3511 3549 3578; x_wconf 81' lang='lat' dir='ltr'><strong>sanguinem</strong></span> 
     </span>
    </p>
   </div>
   <div class='ocr_carea' id='block_1_81' title="bbox 1979 3599 3560 3671">
    <p class='ocr_par' dir='ltr' id='par_1_81' title="bbox 1979 3599 3560 3671">
     <span class='ocr_line' id='line_1_81' title="bbox 1979 3599 3560 3671; baseline 0 -17"><span class='ocrx_word' id='word_1_613' title='bbox 1979 3603 2188 3671; x_wconf 89' lang='lat' dir='ltr'><strong>justum</strong></span> <span class='ocrx_word' id='word_1_614' title='bbox 2226 3602 2301 3668; x_wconf 73' lang='lat'><strong>’7;</strong></span> <span class='ocrx_word' id='word_1_615' title='bbox 2356 3600 2462 3655; x_wconf 87' lang='lat' dir='ltr'><strong>nisi</strong></span> <span class='ocrx_word' id='word_1_616' title='bbox 2487 3615 2552 3654; x_wconf 84' lang='lat' dir='ltr'><strong>ex</strong></span> <span class='ocrx_word' id='word_1_617' title='bbox 2587 3599 2724 3651; x_wconf 91' lang='lat' dir='ltr'><strong>bona</strong></span> <span class='ocrx_word' id='word_1_618' title='bbox 2771 3599 3104 3665; x_wconf 89' lang='lat' dir='ltr'><strong>plautatioue</strong></span> <span class='ocrx_word' id='word_1_619' title='bbox 3153 3600 3388 3664; x_wconf 88' lang='lat' dir='ltr'><strong>mentis,</strong></span> <span class='ocrx_word' id='word_1_620' title='bbox 3417 3609 3470 3654; x_wconf 88' lang='lat' dir='ltr'><strong>et</strong></span> <span class='ocrx_word' id='word_1_621' title='bbox 3496 3615 3560 3654; x_wconf 79' lang='lat' dir='ltr'><strong>ex</strong></span> 
     </span>
    </p>
   </div>
   <div class='ocr_carea' id='block_1_82' title="bbox 1989 3687 3560 3757">
    <p class='ocr_par' dir='ltr' id='par_1_82' title="bbox 1989 3687 3560 3757">
     <span class='ocr_line' id='line_1_82' title="bbox 1989 3687 3560 3757; baseline -0.003 -11"><span class='ocrx_word' id='word_1_622' title='bbox 1989 3693 2347 3747; x_wconf 89' lang='lat' dir='ltr'><strong>semiuatione</strong></span> <span class='ocrx_word' id='word_1_623' title='bbox 2375 3689 2592 3744; x_wconf 90' lang='lat' dir='ltr'><strong>virtutis</strong></span> <span class='ocrx_word' id='word_1_624' title='bbox 2623 3703 2744 3757; x_wconf 64' lang='lat' dir='ltr'><strong>quae</strong></span> <span class='ocrx_word' id='word_1_625' title='bbox 2781 3687 3048 3741; x_wconf 86' lang='lat' dir='ltr'><strong>seminata</strong></span> <span class='ocrx_word' id='word_1_626' title='bbox 3089 3698 3172 3742; x_wconf 89' lang='lat' dir='ltr'><strong>est</strong></span> <span class='ocrx_word' id='word_1_627' title='bbox 3203 3688 3254 3741; x_wconf 91' lang='lat' dir='ltr'><strong>in</strong></span> <span class='ocrx_word' id='word_1_628' title='bbox 3283 3691 3430 3742; x_wconf 90' lang='lat' dir='ltr'><strong>omni</strong></span> <span class='ocrx_word' id='word_1_629' title='bbox 3467 3706 3560 3743; x_wconf 87' lang='lat' dir='ltr'><strong>ra-</strong></span> 
     </span>
    </p>
   </div>
   <div class='ocr_carea' id='block_1_83' title="bbox 1988 3777 3562 3850">
    <p class='ocr_par' dir='ltr' id='par_1_83' title="bbox 1988 3777 3562 3850">
     <span class='ocr_line' id='line_1_83' title="bbox 1988 3777 3562 3850; baseline -0.001 -13"><span class='ocrx_word' id='word_1_630' title='bbox 1988 3783 2233 3838; x_wconf 91' lang='lat' dir='ltr'><strong>tionabili</strong></span> <span class='ocrx_word' id='word_1_631' title='bbox 2260 3782 2462 3844; x_wconf 86' lang='lat' dir='ltr'><strong>anima,</strong></span> <span class='ocrx_word' id='word_1_632' title='bbox 2493 3795 2656 3850; x_wconf 87' lang='lat' dir='ltr'><strong>quam</strong></span> <span class='ocrx_word' id='word_1_633' title='bbox 2676 3794 2782 3832; x_wconf 92' lang='lat' dir='ltr'><strong>non</strong></span> <span class='ocrx_word' id='word_1_634' title='bbox 2807 3779 2974 3832; x_wconf 89' lang='lat' dir='ltr'><strong>coluit</strong></span> <span class='ocrx_word' id='word_1_635' title='bbox 2997 3777 3190 3844; x_wconf 89' lang='lat' dir='ltr'><strong>Judas,</strong></span> <span class='ocrx_word' id='word_1_636' title='bbox 3222 3789 3274 3835; x_wconf 90' lang='lat' dir='ltr'><strong>et</strong></span> <span class='ocrx_word' id='word_1_637' title='bbox 3318 3781 3440 3834; x_wconf 88' lang='lat' dir='ltr'><strong>ideo</strong></span> <span class='ocrx_word' id='word_1_638' title='bbox 3471 3796 3562 3836; x_wconf 87' lang='lat' dir='ltr'><strong>ce-</strong></span> 
     </span>
    </p>
   </div>
   <div class='ocr_carea' id='block_1_84' title="bbox 1987 3869 3560 3941">
    <p class='ocr_par' dir='ltr' id='par_1_84' title="bbox 1987 3869 3560 3941">
     <span class='ocr_line' id='line_1_84' title="bbox 1987 3869 3560 3941; baseline 0 -13"><span class='ocrx_word' id='word_1_639' title='bbox 1987 3874 2116 3929; x_wconf 91' lang='lat' dir='ltr'><strong>cidit</strong></span> <span class='ocrx_word' id='word_1_640' title='bbox 2146 3873 2197 3926; x_wconf 92' lang='lat' dir='ltr'><strong>in</strong></span> <span class='ocrx_word' id='word_1_641' title='bbox 2230 3874 2334 3927; x_wconf 91' lang='lat' dir='ltr'><strong>tale</strong></span> <span class='ocrx_word' id='word_1_642' title='bbox 2362 3881 2664 3941; x_wconf 88' lang='lat' dir='ltr'><strong>peccatum.</strong></span> <span class='ocrx_word' id='word_1_643' title='bbox 2704 3869 2758 3924; x_wconf 93' lang='lat' dir='ltr'><strong>Si</strong></span> <span class='ocrx_word' id='word_1_644' title='bbox 2791 3878 2972 3924; x_wconf 86' lang='lat' dir='ltr'><strong>autem</strong></span> <span class='ocrx_word' id='word_1_645' title='bbox 3022 3879 3231 3926; x_wconf 58' lang='lat' dir='ltr'><strong>natura;</strong></span> <span class='ocrx_word' id='word_1_646' title='bbox 3283 3875 3560 3941; x_wconf 84' lang='lat' dir='ltr'><strong>pereuntis</strong></span> 
     </span>
    </p>
   </div>
   <div class='ocr_carea' id='block_1_85' title="bbox 1985 3960 3557 4032">
    <p class='ocr_par' dir='ltr' id='par_1_85' title="bbox 1985 3960 3557 4032">
     <span class='ocr_line' id='line_1_85' title="bbox 1985 3960 3557 4032; baseline -0.001 -15"><span class='ocrx_word' id='word_1_647' title='bbox 1985 3969 2068 4017; x_wconf 88' lang='lat' dir='ltr'><strong>est</strong></span> <span class='ocrx_word' id='word_1_648' title='bbox 2100 3963 2298 4032; x_wconf 89' lang='lat' dir='ltr'><strong>aliquis</strong></span> <span class='ocrx_word' id='word_1_649' title='bbox 2348 3960 2650 4021; x_wconf 85' lang='lat' dir='ltr'><strong>hominum,</strong></span> <span class='ocrx_word' id='word_1_650' title='bbox 2685 3961 2804 4016; x_wconf 89' lang='lat' dir='ltr'><strong>sine</strong></span> <span class='ocrx_word' id='word_1_651' title='bbox 2837 3960 3005 4014; x_wconf 89' lang='lat' dir='ltr'><strong>dubio</strong></span> <span class='ocrx_word' id='word_1_652' title='bbox 3037 3961 3210 4031; x_wconf 85' lang='lat' dir='ltr'><strong>magis</strong></span> <span class='ocrx_word' id='word_1_653' title='bbox 3244 3962 3557 4031; x_wconf 85' lang='lat' dir='ltr'><strong>hujusmodi</strong></span> 
     </span>
    </p>
   </div>
   <div class='ocr_carea' id='block_1_86' title="bbox 1985 4050 3558 4124">
    <p class='ocr_par' dir='ltr' id='par_1_86' title="bbox 1985 4050 3558 4124">
     <span class='ocr_line' id='line_1_86' title="bbox 1985 4050 3558 4124; baseline -0.002 -13"><span class='ocrx_word' id='word_1_654' title='bbox 1985 4065 2192 4111; x_wconf 60' lang='lat' dir='ltr'><strong>naturae</strong></span> <span class='ocrx_word' id='word_1_655' title='bbox 2235 4053 2509 4124; x_wconf 88' lang='lat' dir='ltr'><strong>pereuntis</strong></span> <span class='ocrx_word' id='word_1_656' title='bbox 2567 4053 2664 4108; x_wconf 80' lang='lat' dir='ltr'><strong>fuit</strong></span> <span class='ocrx_word' id='word_1_657' title='bbox 2695 4064 2748 4108; x_wconf 92' lang='lat' dir='ltr'><strong>et</strong></span> <span class='ocrx_word' id='word_1_658' title='bbox 2787 4051 2976 4106; x_wconf 83' lang='lat' dir='ltr'><strong>Judas.</strong></span> <span class='ocrx_word' id='word_1_659' title='bbox 3023 4050 3179 4117; x_wconf 87' lang='lat' dir='ltr'><strong>Quod</strong></span> <span class='ocrx_word' id='word_1_660' title='bbox 3231 4055 3349 4109; x_wconf 91' lang='lat' dir='ltr'><strong>sine</strong></span> <span class='ocrx_word' id='word_1_661' title='bbox 3390 4055 3558 4109; x_wconf 87' lang='lat' dir='ltr'><strong>dubio</strong></span> 
     </span>
    </p>
   </div>
   <div class='ocr_carea' id='block_1_87' title="bbox 1984 4145 3556 4216">
    <p class='ocr_par' dir='ltr' id='par_1_87' title="bbox 1984 4145 3556 4216">
     <span class='ocr_line' id='line_1_87' title="bbox 1984 4145 3556 4216; baseline 0.001 -15"><span class='ocrx_word' id='word_1_662' title='bbox 1984 4148 2154 4203; x_wconf 81' lang='lat' dir='ltr'><strong>fuisse</strong></span> <span class='ocrx_word' id='word_1_663' title='bbox 2181 4148 2484 4209; x_wconf 88' lang='lat' dir='ltr'><strong>videretur,</strong></span> <span class='ocrx_word' id='word_1_664' title='bbox 2522 4146 2565 4202; x_wconf 92' lang='lat' dir='ltr'><strong>si</strong></span> <span class='ocrx_word' id='word_1_665' title='bbox 2600 4147 2820 4201; x_wconf 90' lang='lat' dir='ltr'><strong>tradens</strong></span> <span class='ocrx_word' id='word_1_666' title='bbox 2857 4146 3177 4216; x_wconf 84' lang='lat' dir='ltr'><strong>sanguinem</strong></span> <span class='ocrx_word' id='word_1_667' title='bbox 3197 4145 3429 4216; x_wconf 81' lang='lat' dir='ltr'><strong>justum,</strong></span> <span class='ocrx_word' id='word_1_668' title='bbox 3464 4158 3556 4202; x_wconf 87' lang='lat' dir='ltr'><strong>aut</strong></span> 
     </span>
    </p>
   </div>
   <div class='ocr_carea' id='block_1_88' title="bbox 1983 4239 3558 4308">
    <p class='ocr_par' dir='ltr' id='par_1_88' title="bbox 1983 4239 3558 4308">
     <span class='ocr_line' id='line_1_88' title="bbox 1983 4239 3558 4308; baseline 0 -14"><span class='ocrx_word' id='word_1_669' title='bbox 1983 4256 2092 4294; x_wconf 89' lang='lat' dir='ltr'><strong>non</strong></span> <span class='ocrx_word' id='word_1_670' title='bbox 2152 4239 2424 4293; x_wconf 88' lang='lat' dir='ltr'><strong>retulisset</strong></span> <span class='ocrx_word' id='word_1_671' title='bbox 2475 4240 2736 4308; x_wconf 88' lang='lat' dir='ltr'><strong>pecunias</strong></span> <span class='ocrx_word' id='word_1_672' title='bbox 2774 4239 3180 4293; x_wconf 81' lang='lat' dir='ltr'><strong>condelcclatus</strong></span> <span class='ocrx_word' id='word_1_673' title='bbox 3217 4239 3269 4292; x_wconf 93' lang='lat' dir='ltr'><strong>in</strong></span> <span class='ocrx_word' id='word_1_674' title='bbox 3314 4239 3415 4304; x_wconf 92' lang='lat' dir='ltr'><strong>eis,</strong></span> <span class='ocrx_word' id='word_1_675' title='bbox 3464 4251 3558 4294; x_wconf 92' lang='lat' dir='ltr'><strong>aut</strong></span> 
     </span>
    </p>
   </div>
   <div class='ocr_carea' id='block_1_89' title="bbox 1981 4329 3554 4401">
    <p class='ocr_par' dir='ltr' id='par_1_89' title="bbox 1981 4329 3554 4401">
     <span class='ocr_line' id='line_1_89' title="bbox 1981 4329 3554 4401; baseline -0.002 -14"><span class='ocrx_word' id='word_1_676' title='bbox 1981 4331 2235 4387; x_wconf 78' lang='lat' dir='ltr'><strong>auferens</strong></span> <span class='ocrx_word' id='word_1_677' title='bbox 2264 4347 2371 4385; x_wconf 93' lang='lat' dir='ltr'><strong>non</strong></span> <span class='ocrx_word' id='word_1_678' title='bbox 2398 4331 2647 4396; x_wconf 78' lang='lat' dir='ltr'><strong>dixis5et,</strong></span> <span class='ocrx_word' id='word_1_679' title='bbox 2680 4329 2804 4398; x_wconf 87' lang='lat' dir='ltr'><strong>quia</strong></span> <span class='ocrx_word' id='word_1_680' title='bbox 2835 4332 3042 4399; x_wconf 84' lang='lat' dir='ltr'><strong>peccavi</strong></span> <span class='ocrx_word' id='word_1_681' title='bbox 3073 4331 3288 4385; x_wconf 88' lang='lat' dir='ltr'><strong>tradens</strong></span> <span class='ocrx_word' id='word_1_682' title='bbox 3334 4333 3554 4401; x_wconf 85' lang='lat' dir='ltr'><strong>sangui-</strong></span> 
     </span>
    </p>
   </div>
   <div class='ocr_carea' id='block_1_90' title="bbox 313 4422 3554 4496">
    <p class='ocr_par' dir='ltr' id='par_1_90' title="bbox 313 4422 3554 4496">
     <span class='ocr_line' id='line_1_90' title="bbox 313 4422 3554 4496; baseline -0.001 -17"><span class='ocrx_word' id='word_1_683' title='bbox 313 4427 426 4482; x_wconf 86' lang='lat' dir='ltr'><strong>lens</strong></span> <span class='ocrx_word' id='word_1_684' title='bbox 454 4429 674 4483; x_wconf 89' lang='lat' dir='ltr'><strong>tradidit</strong></span> <span class='ocrx_word' id='word_1_685' title='bbox 722 4445 781 4484; x_wconf 89' lang='lat' dir='ltr'><strong>se</strong></span> <span class='ocrx_word' id='word_1_686' title='bbox 811 4429 877 4483; x_wconf 87' lang='lat' dir='ltr'><strong>ad</strong></span> <span class='ocrx_word' id='word_1_687' title='bbox 912 4428 1160 4494; x_wconf 85' lang='lat' dir='ltr'><strong>vincula,</strong></span> <span class='ocrx_word' id='word_1_688' title='bbox 1195 4441 1462 4496; x_wconf 79' lang='lat' dir='ltr'><strong>soporatis</strong></span> <span class='ocrx_word' id='word_1_689' title='bbox 1506 4426 1560 4480; x_wconf 94' lang='lat' dir='ltr'><strong>in</strong></span> <span class='ocrx_word' id='word_1_690' title='bbox 1596 4441 1655 4480; x_wconf 91' lang='lat' dir='ltr'><strong>se</strong></span> <span class='ocrx_word' id='word_1_691' title='bbox 1680 4426 1877 4481; x_wconf 86' lang='lat' dir='ltr'><strong>divini-</strong></span> <span class='ocrx_word' id='word_1_692' title='bbox 1912 4425 1956 4490; x_wconf 85' lang='grc' dir='ltr'><strong>Ι)</strong></span> <span class='ocrx_word' id='word_1_693' title='bbox 1985 4443 2101 4480; x_wconf 86' lang='lat' dir='ltr'><strong>nent</strong></span> <span class='ocrx_word' id='word_1_694' title='bbox 2153 4426 2383 4495; x_wconf 86' lang='lat' dir='ltr'><strong>justum.</strong></span> <span class='ocrx_word' id='word_1_695' title='bbox 2445 4422 2504 4477; x_wconf 89' lang='lat' dir='ltr'><strong>Et</strong></span> <span class='ocrx_word' id='word_1_696' title='bbox 2564 4423 2607 4478; x_wconf 91' lang='lat' dir='ltr'><strong>si</strong></span> <span class='ocrx_word' id='word_1_697' title='bbox 2654 4423 2873 4492; x_wconf 89' lang='lat' dir='ltr'><strong>quidem</strong></span> <span class='ocrx_word' id='word_1_698' title='bbox 2929 4433 3053 4493; x_wconf 89' lang='lat' dir='ltr'><strong>post</strong></span> <span class='ocrx_word' id='word_1_699' title='bbox 3098 4424 3554 4478; x_wconf 87' lang='lat' dir='ltr'><strong>resurrectionem</strong></span> 
     </span>
    </p>
   </div>
   <div class='ocr_carea' id='block_1_91' title="bbox 316 4521 1880 4593">
    <p class='ocr_par' dir='ltr' id='par_1_91' title="bbox 316 4521 1880 4593">
     <span class='ocr_line' id='line_1_91' title="bbox 316 4521 1880 4593; baseline -0.001 -18"><span class='ocrx_word' id='word_1_700' title='bbox 316 4524 436 4576; x_wconf 82' lang='lat' dir='ltr'><strong>tatis</strong></span> <span class='ocrx_word' id='word_1_701' title='bbox 465 4524 715 4576; x_wconf 85' lang='lat' dir='ltr'><strong>virtutem</strong></span> <span class='ocrx_word' id='word_1_702' title='bbox 769 4530 823 4576; x_wconf 87' lang='lat' dir='ltr'><strong>et</strong></span> <span class='ocrx_word' id='word_1_703' title='bbox 867 4524 1221 4593; x_wconf 88' lang='lat' dir='ltr'><strong>acquiescens</strong></span> <span class='ocrx_word' id='word_1_704' title='bbox 1273 4530 1332 4576; x_wconf 92' lang='lat' dir='ltr'><strong>ut</strong></span> <span class='ocrx_word' id='word_1_705' title='bbox 1378 4521 1724 4592; x_wconf 84' lang='lat' dir='ltr'><strong>alligaretur,</strong></span> <span class='ocrx_word' id='word_1_706' title='bbox 1762 4521 1880 4575; x_wconf 89' lang='lat' dir='ltr'><strong>sine</strong></span> 
     </span>
    </p>
   </div>
   <div class='ocr_carea' id='block_1_92' title="bbox 311 4610 1876 4684">
    <p class='ocr_par' dir='ltr' id='par_1_92' title="bbox 311 4610 1876 4684">
     <span class='ocr_line' id='line_1_92' title="bbox 311 4610 1876 4684; baseline -0.002 -15"><span class='ocrx_word' id='word_1_707' title='bbox 311 4614 472 4669; x_wconf 89' lang='lat' dir='ltr'><strong>dubio</strong></span> <span class='ocrx_word' id='word_1_708' title='bbox 514 4615 720 4684; x_wconf 88' lang='lat' dir='ltr'><strong>dirupit</strong></span> <span class='ocrx_word' id='word_1_709' title='bbox 763 4615 978 4670; x_wconf 84' lang='lat' dir='ltr'><strong>vincula</strong></span> <span class='ocrx_word' id='word_1_710' title='bbox 1029 4613 1423 4670; x_wconf 88' lang='lat' dir='ltr'><strong>circumdantia</strong></span> <span class='ocrx_word' id='word_1_711' title='bbox 1469 4613 1568 4668; x_wconf 83' lang='lat' dir='ltr'><strong>se?</strong></span> <span class='ocrx_word' id='word_1_712' title='bbox 1631 4610 1876 4678; x_wconf 85' lang='lat' dir='ltr'><strong>Quorum</strong></span> 
     </span>
    </p>
   </div>
   <div class='ocr_carea' id='block_1_93' title="bbox 311 4704 1768 4778">
    <p class='ocr_par' dir='ltr' id='par_1_93' title="bbox 311 4704 1768 4778">
     <span class='ocr_line' id='line_1_93' title="bbox 311 4704 1768 4778; baseline -0.001 -18"><span class='ocrx_word' id='word_1_713' title='bbox 311 4708 652 4762; x_wconf 87' lang='lat' dir='ltr'><strong>vinculorum</strong></span> <span class='ocrx_word' id='word_1_714' title='bbox 683 4708 937 4778; x_wconf 82' lang='lat' dir='ltr'><strong>mysteria</strong></span> <span class='ocrx_word' id='word_1_715' title='bbox 969 4708 1184 4764; x_wconf 84' lang='lat' dir='ltr'><strong>vincula</strong></span> <span class='ocrx_word' id='word_1_716' title='bbox 1212 4706 1496 4761; x_wconf 88' lang='lat' dir='ltr'><strong>Samsonis</strong></span> <span class='ocrx_word' id='word_1_717' title='bbox 1526 4704 1768 4759; x_wconf 84' lang='lat' dir='ltr'><strong>fuerunt.</strong></span> 
     </span>
    </p>
   </div>
   <div class='ocr_carea' id='block_1_94' title="bbox 379 4794 1872 4855">
    <p class='ocr_par' dir='ltr' id='par_1_94' title="bbox 379 4794 1872 4855">
     <span class='ocr_line' id='line_1_94' title="bbox 379 4794 1872 4855; baseline -0.003 -1"><span class='ocrx_word' id='word_1_718' title='bbox 379 4801 500 4855; x_wconf 81' lang='lat' dir='ltr'><strong>H6.</strong></span> <span class='ocrx_word' id='word_1_719' title='bbox 546 4801 613 4855; x_wconf 86' lang='lat' dir='ltr'><strong>Et</strong></span> <span class='ocrx_word' id='word_1_720' title='bbox 640 4800 972 4855; x_wconf 87' lang='lat' dir='ltr'><strong>tradiderunt</strong></span> <span class='ocrx_word' id='word_1_721' title='bbox 999 4817 1115 4855; x_wconf 88' lang='lat' dir='ltr'><strong>eum</strong></span> <span class='ocrx_word' id='word_1_722' title='bbox 1150 4799 1340 4853; x_wconf 87' lang='lat' dir='ltr'><strong>Pontio</strong></span> <span class='ocrx_word' id='word_1_723' title='bbox 1376 4797 1554 4851; x_wconf 83' lang='lat' dir='ltr'><strong>Pilato</strong></span> <span class='ocrx_word' id='word_1_724' title='bbox 1580 4797 1645 4851; x_wconf 65' lang='grc'><strong>’⁸.</strong></span> <span class='ocrx_word' id='word_1_725' title='bbox 1680 4794 1872 4850; x_wconf 88' lang='lat' dir='ltr'><strong>Utrum</strong></span> 
     </span>
    </p>
   </div>
   <div class='ocr_carea' id='block_1_95' title="bbox 310 4889 1872 4960">
    <p class='ocr_par' dir='ltr' id='par_1_95' title="bbox 310 4889 1872 4960">
     <span class='ocr_line' id='line_1_95' title="bbox 310 4889 1872 4960; baseline -0.006 -10"><span class='ocrx_word' id='word_1_726' title='bbox 310 4905 480 4950; x_wconf 83' lang='lat' dir='ltr'><strong>autem</strong></span> <span class='ocrx_word' id='word_1_727' title='bbox 513 4896 674 4948; x_wconf 88' lang='lat' dir='ltr'><strong>etiam</strong></span> <span class='ocrx_word' id='word_1_728' title='bbox 704 4893 924 4947; x_wconf 89' lang='lat' dir='ltr'><strong>nomina</strong></span> <span class='ocrx_word' id='word_1_729' title='bbox 959 4902 1188 4958; x_wconf 86' lang='lat' dir='ltr'><strong>utraque</strong></span> <span class='ocrx_word' id='word_1_730' title='bbox 1218 4889 1467 4960; x_wconf 62' lang='lat' dir='ltr'><strong>praesidis</strong></span> <span class='ocrx_word' id='word_1_731' title='bbox 1495 4889 1726 4942; x_wconf 89' lang='lat' dir='ltr'><strong>habeant</strong></span> <span class='ocrx_word' id='word_1_732' title='bbox 1771 4889 1872 4941; x_wconf 88' lang='lat' dir='ltr'><strong>ali—</strong></span> 
     </span>
    </p>
   </div>
   <div class='ocr_carea' id='block_1_96' title="bbox 309 4977 1873 5054">
    <p class='ocr_par' dir='ltr' id='par_1_96' title="bbox 309 4977 1873 5054">
     <span class='ocr_line' id='line_1_96' title="bbox 309 4977 1873 5054; baseline -0.006 -12"><span class='ocrx_word' id='word_1_733' title='bbox 309 5005 466 5054; x_wconf 85' lang='lat' dir='ltr'><strong>quam</strong></span> <span class='ocrx_word' id='word_1_734' title='bbox 502 4989 764 5042; x_wconf 85' lang='lat' dir='ltr'><strong>rationem</strong></span> <span class='ocrx_word' id='word_1_735' title='bbox 797 4984 1205 5040; x_wconf 84' lang='lat' dir='ltr'><strong>convenientem</strong></span> <span class='ocrx_word' id='word_1_736' title='bbox 1233 4980 1625 5050; x_wconf 88' lang='lat' dir='ltr'><strong>dispensationi</strong></span> <span class='ocrx_word' id='word_1_737' title='bbox 1659 4977 1873 5032; x_wconf 87' lang='lat' dir='ltr'><strong>Domini</strong></span> 
     </span>
    </p>
   </div>
   <div class='ocr_carea' id='block_1_97' title="bbox 311 5073 1867 5146">
    <p class='ocr_par' dir='ltr' id='par_1_97' title="bbox 311 5073 1867 5146">
     <span class='ocr_line' id='line_1_97' title="bbox 311 5073 1867 5146; baseline -0.006 -11"><span class='ocrx_word' id='word_1_738' title='bbox 311 5081 623 5146; x_wconf 60' lang='lat' dir='ltr'><strong>Salvatoris,</strong></span> <span class='ocrx_word' id='word_1_739' title='bbox 659 5095 766 5132; x_wconf 91' lang='lat' dir='ltr'><strong>non</strong></span> <span class='ocrx_word' id='word_1_740' title='bbox 796 5079 952 5132; x_wconf 84' lang='lat' dir='ltr'><strong>facile</strong></span> <span class='ocrx_word' id='word_1_741' title='bbox 980 5085 1064 5131; x_wconf 89' lang='lat' dir='ltr'><strong>est</strong></span> <span class='ocrx_word' id='word_1_742' title='bbox 1093 5073 1487 5130; x_wconf 81' lang='lat' dir='ltr'><strong>sententialiter</strong></span> <span class='ocrx_word' id='word_1_743' title='bbox 1519 5073 1867 5141; x_wconf 86' lang='lat' dir='ltr'><strong>respondere.</strong></span> 
     </span>
    </p>
   </div>
   <div class='ocr_carea' id='block_1_98' title="bbox 309 5161 1870 5237">
    <p class='ocr_par' dir='ltr' id='par_1_98' title="bbox 309 5161 1870 5237">
     <span class='ocr_line' id='line_1_98' title="bbox 309 5161 1870 5237; baseline -0.006 -14"><span class='ocrx_word' id='word_1_744' title='bbox 309 5170 560 5225; x_wconf 84' lang='lat' dir='ltr'><strong>Poterant</strong></span> <span class='ocrx_word' id='word_1_745' title='bbox 595 5173 738 5224; x_wconf 85' lang='lat' dir='ltr'><strong>enim</strong></span> <span class='ocrx_word' id='word_1_746' title='bbox 771 5169 1007 5237; x_wconf 90' lang='lat' dir='ltr'><strong>aliquem</strong></span> <span class='ocrx_word' id='word_1_747' title='bbox 1054 5180 1271 5221; x_wconf 89' lang='lat' dir='ltr'><strong>movere</strong></span> <span class='ocrx_word' id='word_1_748' title='bbox 1303 5162 1623 5235; x_wconf 81' lang='lat' dir='ltr'><strong>principalia</strong></span> <span class='ocrx_word' id='word_1_749' title='bbox 1651 5178 1716 5217; x_wconf 87' lang='lat' dir='ltr'><strong>ex</strong></span> <span class='ocrx_word' id='word_1_750' title='bbox 1747 5161 1870 5232; x_wconf 90' lang='lat' dir='ltr'><strong>qui-</strong></span> 
     </span>
    </p>
   </div>
   <div class='ocr_carea' id='block_1_99' title="bbox 310 5253 1864 5323">
    <p class='ocr_par' dir='ltr' id='par_1_99' title="bbox 310 5253 1864 5323">
     <span class='ocr_line' id='line_1_99' title="bbox 310 5253 1864 5323; baseline -0.006 -7"><span class='ocrx_word' id='word_1_751' title='bbox 310 5263 403 5317; x_wconf 91' lang='lat' dir='ltr'><strong>bus</strong></span> <span class='ocrx_word' id='word_1_752' title='bbox 433 5265 547 5317; x_wconf 64' lang='lat' dir='ltr'><strong>hate</strong></span> <span class='ocrx_word' id='word_1_753' title='bbox 576 5262 838 5318; x_wconf 73' lang='lat' dir='ltr'><strong>vocabula</strong></span> <span class='ocrx_word' id='word_1_754' title='bbox 871 5261 1241 5323; x_wconf 86' lang='lat' dir='ltr'><strong>deducuntur,</strong></span> <span class='ocrx_word' id='word_1_755' title='bbox 1277 5256 1505 5311; x_wconf 86' lang='lat' dir='ltr'><strong>Pontius</strong></span> <span class='ocrx_word' id='word_1_756' title='bbox 1557 5263 1610 5310; x_wconf 90' lang='lat' dir='ltr'><strong>el</strong></span> <span class='ocrx_word' id='word_1_757' title='bbox 1638 5253 1864 5308; x_wconf 86' lang='lat' dir='ltr'><strong>Pilatus.</strong></span> 
     </span>
    </p>
   </div>
   <div class='ocr_carea' id='block_1_100' title="bbox 312 5353 1869 5422">
    <p class='ocr_par' dir='ltr' id='par_1_100' title="bbox 312 5353 1869 5422">
     <span class='ocr_line' id='line_1_100' title="bbox 312 5353 1869 5422; baseline -0.004 -16"><span class='ocrx_word' id='word_1_758' title='bbox 312 5353 495 5408; x_wconf 84' lang='lat' dir='ltr'><strong>Utrum</strong></span> <span class='ocrx_word' id='word_1_759' title='bbox 529 5363 708 5409; x_wconf 85' lang='lat' dir='ltr'><strong>autem</strong></span> <span class='ocrx_word' id='word_1_760' title='bbox 749 5355 888 5409; x_wconf 88' lang='lat' dir='ltr'><strong>bene</strong></span> <span class='ocrx_word' id='word_1_761' title='bbox 927 5353 1052 5422; x_wconf 83' lang='lat' dir='ltr'><strong>quis</strong></span> <span class='ocrx_word' id='word_1_762' title='bbox 1100 5357 1402 5411; x_wconf 77' lang='lat' dir='ltr'><strong>moveatur,</strong></span> <span class='ocrx_word' id='word_1_763' title='bbox 1451 5361 1653 5413; x_wconf 80' lang='lat' dir='ltr'><strong>annon,</strong></span> <span class='ocrx_word' id='word_1_764' title='bbox 1700 5362 1869 5401; x_wconf 91' lang='lat' dir='ltr'><strong>unus-</strong></span> 
     </span>
    </p>
   </div>
   <div class='ocr_carea' id='block_1_101' title="bbox 309 5443 1609 5516">
    <p class='ocr_par' dir='ltr' id='par_1_101' title="bbox 309 5443 1609 5516">
     <span class='ocr_line' id='line_1_101' title="bbox 309 5443 1609 5516; baseline -0.005 -20"><span class='ocrx_word' id='word_1_765' title='bbox 309 5446 529 5514; x_wconf 83' lang='lat' dir='ltr'><strong>quisque</strong></span> <span class='ocrx_word' id='word_1_766' title='bbox 560 5448 861 5516; x_wconf 88' lang='lat' dir='ltr'><strong>potentium</strong></span> <span class='ocrx_word' id='word_1_767' title='bbox 892 5443 1242 5499; x_wconf 80' lang='lat' dir='ltr'><strong>considerare</strong></span> <span class='ocrx_word' id='word_1_768' title='bbox 1296 5448 1609 5510; x_wconf 81' lang='lat' dir='ltr'><strong>cognoscat.</strong></span> 
     </span>
    </p>
   </div>
   <div class='ocr_carea' id='block_1_102' title="bbox 355 5561 928 5630">
    <p class='ocr_par' dir='ltr' id='par_1_102' title="bbox 355 5561 928 5630">
     <span class='ocr_line' id='line_1_102' title="bbox 355 5561 928 5630; baseline 0.002 -14"><span class='ocrx_word' id='word_1_769' title='bbox 355 5565 400 5596; x_wconf 82' lang='grc'>⁸⁸</span> <span class='ocrx_word' id='word_1_770' title='bbox 437 5561 621 5618; x_wconf 73' lang='lat' dir='ltr'><strong>Matth.</strong></span> <span class='ocrx_word' id='word_1_771' title='bbox 663 5581 811 5630; x_wconf 68' lang='grc' dir='ltr'><strong>Χλνι,</strong></span> <span class='ocrx_word' id='word_1_772' title='bbox 840 5564 928 5618; x_wconf 80' lang='grc'><strong>51.</strong></span> 
     </span>
    </p>
   </div>
   <div class='ocr_carea' id='block_1_103' title="bbox 307 5634 1152 5698">
    <p class='ocr_par' dir='ltr' id='par_1_103' title="bbox 307 5634 1152 5698">
     <span class='ocr_line' id='line_1_103' title="bbox 307 5634 1152 5698; baseline 0 -10"><span class='ocrx_word' id='word_1_773' title='bbox 307 5634 344 5665; x_wconf 85' lang='grc'><strong>”</strong></span> <span class='ocrx_word' id='word_1_774' title='bbox 368 5635 496 5688; x_wconf 83' lang='lat' dir='ltr'><strong>ibid.</strong></span> <span class='ocrx_word' id='word_1_775' title='bbox 528 5635 595 5698; x_wconf 75' lang='grc'><strong>2,</strong></span> <span class='ocrx_word' id='word_1_776' title='bbox 625 5635 676 5689; x_wconf 76' lang='grc'><strong>5.</strong></span> <span class='ocrx_word' id='word_1_777' title='bbox 791 5635 837 5669; x_wconf 67' lang='grc'><strong><em>’³</em></strong></span> <span class='ocrx_word' id='word_1_778' title='bbox 869 5634 1048 5690; x_wconf 82' lang='lat' dir='ltr'><strong>Judic.</strong></span> <span class='ocrx_word' id='word_1_779' title='bbox 1079 5648 1152 5688; x_wconf 75' lang='lat' dir='ltr'><strong>XI.</strong></span> 
     </span>
    </p>
   </div>
   <div class='ocr_carea' id='block_1_104' title="bbox 1266 5627 1850 5695">
    <p class='ocr_par' dir='ltr' id='par_1_104' title="bbox 1266 5627 1850 5695">
     <span class='ocr_line' id='line_1_104' title="bbox 1266 5627 1850 5695; baseline 0 -13"><span class='ocrx_word' id='word_1_780' title='bbox 1266 5631 1312 5662; x_wconf 59' lang='grc'><strong>³³</strong></span> <span class='ocrx_word' id='word_1_781' title='bbox 1349 5627 1539 5684; x_wconf 72' lang='lat' dir='ltr'><strong>Matth.</strong></span> <span class='ocrx_word' id='word_1_782' title='bbox 1576 5643 1756 5695; x_wconf 56' lang='grc' dir='ltr'>χχιιι,</span> <span class='ocrx_word' id='word_1_783' title='bbox 1797 5629 1850 5682; x_wconf 70' lang='lat'><strong>2.</strong></span> 
     </span>
    </p>
   </div>
   <div class='ocr_carea' id='block_1_105' title="bbox 309 5707 1605 5772">
    <p class='ocr_par' dir='ltr' id='par_1_105' title="bbox 309 5707 1605 5772">
     <span class='ocr_line' id='line_1_105' title="bbox 309 5707 1605 5772; baseline 0 -10"><span class='ocrx_word' id='word_1_784' title='bbox 309 5720 466 5772; x_wconf 75' lang='lat' dir='ltr'><strong>xxvu,</strong></span> <span class='ocrx_word' id='word_1_785' title='bbox 499 5707 554 5759; x_wconf 75' lang='grc'><strong>6.</strong></span> <span class='ocrx_word' id='word_1_786' title='bbox 1602 5738 1605 5740; x_wconf 63' lang='grc'><strong>»</strong></span> 
     </span>
    </p>
   </div>
   <div class='ocr_carea' id='block_1_106' title="bbox 1005 5555 1972 5625">
    <p class='ocr_par' dir='ltr' id='par_1_106' title="bbox 1005 5555 1972 5625">
     <span class='ocr_line' id='line_1_106' title="bbox 1005 5555 1972 5625; baseline -0.008 -8"><span class='ocrx_word' id='word_1_787' title='bbox 1005 5562 1051 5594; x_wconf 70' lang='grc' dir='ltr'><strong>θ’</strong></span> <span class='ocrx_word' id='word_1_788' title='bbox 1090 5560 1232 5618; x_wconf 83' lang='lat' dir='ltr'><strong>Psal.</strong></span> <span class='ocrx_word' id='word_1_789' title='bbox 1275 5574 1347 5625; x_wconf 88' lang='grc' dir='ltr'>ιι,</span> <span class='ocrx_word' id='word_1_790' title='bbox 1379 5555 1434 5611; x_wconf 68' lang='lat'><strong>9.</strong></span> <span class='ocrx_word' id='word_1_791' title='bbox 1505 5557 1552 5588; x_wconf 81' lang='grc'><strong>⁸⁸</strong></span> <span class='ocrx_word' id='word_1_792' title='bbox 1591 5556 1692 5611; x_wconf 86' lang='lat' dir='ltr'><strong>lsa.</strong></span> <span class='ocrx_word' id='word_1_793' title='bbox 1725 5571 1881 5624; x_wconf 78' lang='lat' dir='ltr'><strong>xux,</strong></span> <span class='ocrx_word' id='word_1_794' title='bbox 1918 5557 1972 5613; x_wconf 85' lang='lat'><strong>9.</strong></span> 
     </span>
    </p>
   </div>
   <div class='ocr_carea' id='block_1_107' title="bbox 1981 4513 3555 4586">
    <p class='ocr_par' dir='ltr' id='par_1_107' title="bbox 1981 4513 3555 4586">
     <span class='ocr_line' id='line_1_107' title="bbox 1981 4513 3555 4586; baseline -0.004 -12"><span class='ocrx_word' id='word_1_795' title='bbox 1981 4520 2184 4574; x_wconf 89' lang='lat' dir='ltr'><strong>Christi</strong></span> <span class='ocrx_word' id='word_1_796' title='bbox 2208 4534 2275 4572; x_wconf 81' lang='lat' dir='ltr'><strong>ex</strong></span> <span class='ocrx_word' id='word_1_797' title='bbox 2309 4516 2537 4571; x_wconf 91' lang='lat' dir='ltr'><strong>mortuis</strong></span> <span class='ocrx_word' id='word_1_798' title='bbox 2576 4517 2799 4569; x_wconf 74' lang='lat' dir='ltr'><strong>dixisset</strong></span> <span class='ocrx_word' id='word_1_799' title='bbox 2824 4513 2992 4570; x_wconf 83' lang='lat' dir='ltr'><strong>Judas</strong></span> <span class='ocrx_word' id='word_1_800' title='bbox 3035 4531 3156 4586; x_wconf 73' lang='lat' dir='ltr'><strong>qua:</strong></span> <span class='ocrx_word' id='word_1_801' title='bbox 3195 4515 3363 4578; x_wconf 79' lang='lat' dir='ltr'><strong>dixit,</strong></span> <span class='ocrx_word' id='word_1_802' title='bbox 3388 4513 3555 4568; x_wconf 82' lang='lat' dir='ltr'><strong>forsi-</strong></span> 
     </span>
    </p>
   </div>
   <div class='ocr_carea' id='block_1_108' title="bbox 1982 4607 3554 4676">
    <p class='ocr_par' dir='ltr' id='par_1_108' title="bbox 1982 4607 3554 4676">
     <span class='ocr_line' id='line_1_108' title="bbox 1982 4607 3554 4676; baseline -0.004 -10"><span class='ocrx_word' id='word_1_803' title='bbox 1982 4622 2070 4666; x_wconf 87' lang='lat' dir='ltr'><strong>tan</strong></span> <span class='ocrx_word' id='word_1_804' title='bbox 2107 4610 2472 4666; x_wconf 78' lang='lat' dir='ltr'><strong>verisimiliter</strong></span> <span class='ocrx_word' id='word_1_805' title='bbox 2511 4617 2628 4662; x_wconf 86' lang='lat' dir='ltr'><strong>erat</strong></span> <span class='ocrx_word' id='word_1_806' title='bbox 2660 4607 2982 4670; x_wconf 89' lang='lat' dir='ltr'><strong>dicendum,</strong></span> <span class='ocrx_word' id='word_1_807' title='bbox 3007 4607 3267 4676; x_wconf 91' lang='lat' dir='ltr'><strong>quoniam</strong></span> <span class='ocrx_word' id='word_1_808' title='bbox 3292 4607 3554 4676; x_wconf 90' lang='lat' dir='ltr'><strong>compulit</strong></span> 
     </span>
    </p>
   </div>
   <div class='ocr_carea' id='block_1_109' title="bbox 1979 4697 3550 4773">
    <p class='ocr_par' dir='ltr' id='par_1_109' title="bbox 1979 4697 3550 4773">
     <span class='ocr_line' id='line_1_109' title="bbox 1979 4697 3550 4773; baseline -0.005 -14"><span class='ocrx_word' id='word_1_809' title='bbox 1979 4719 2104 4759; x_wconf 90' lang='lat' dir='ltr'><strong>eum</strong></span> <span class='ocrx_word' id='word_1_810' title='bbox 2133 4701 2394 4773; x_wconf 61' lang='lat' dir='ltr'><strong>pacnitere</strong></span> <span class='ocrx_word' id='word_1_811' title='bbox 2426 4701 2491 4754; x_wconf 88' lang='lat' dir='ltr'><strong>de</strong></span> <span class='ocrx_word' id='word_1_812' title='bbox 2525 4697 2689 4765; x_wconf 82' lang='lat' dir='ltr'><strong>facto,</strong></span> <span class='ocrx_word' id='word_1_813' title='bbox 2726 4707 2780 4754; x_wconf 90' lang='lat' dir='ltr'><strong>et</strong></span> <span class='ocrx_word' id='word_1_814' title='bbox 2804 4697 3050 4755; x_wconf 62' lang='lat' dir='ltr'><strong>conﬁteri</strong></span> <span class='ocrx_word' id='word_1_815' title='bbox 3071 4697 3138 4752; x_wconf 88' lang='lat' dir='ltr'><strong>de</strong></span> <span class='ocrx_word' id='word_1_816' title='bbox 3169 4712 3270 4752; x_wconf 91' lang='lat' dir='ltr'><strong>suo</strong></span> <span class='ocrx_word' id='word_1_817' title='bbox 3294 4705 3550 4768; x_wconf 86' lang='lat' dir='ltr'><strong>peccato,</strong></span> 
     </span>
    </p>
   </div>
   <div class='ocr_carea' id='block_1_110' title="bbox 1981 4787 3550 4862">
    <p class='ocr_par' dir='ltr' id='par_1_110' title="bbox 1981 4787 3550 4862">
     <span class='ocr_line' id='line_1_110' title="bbox 1981 4787 3550 4862; baseline -0.004 -15"><span class='ocrx_word' id='word_1_818' title='bbox 1981 4793 2096 4862; x_wconf 78' lang='lat' dir='ltr'><strong>ipsa</strong></span> <span class='ocrx_word' id='word_1_819' title='bbox 2123 4793 2296 4846; x_wconf 91' lang='lat' dir='ltr'><strong>virtus</strong></span> <span class='ocrx_word' id='word_1_820' title='bbox 2339 4788 2756 4845; x_wconf 90' lang='lat' dir='ltr'><strong>resurrectionis</strong></span> <span class='ocrx_word' id='word_1_821' title='bbox 2810 4788 3001 4856; x_wconf 89' lang='lat' dir='ltr'><strong>ipsius.</strong></span> <span class='ocrx_word' id='word_1_822' title='bbox 3034 4787 3190 4841; x_wconf 87' lang='lat' dir='ltr'><strong>Nunc</strong></span> <span class='ocrx_word' id='word_1_823' title='bbox 3219 4797 3398 4840; x_wconf 89' lang='lat' dir='ltr'><strong>autem</strong></span> <span class='ocrx_word' id='word_1_824' title='bbox 3426 4801 3550 4840; x_wconf 80' lang='lat' dir='ltr'><strong>mox</strong></span> 
     </span>
    </p>
   </div>
   <div class='ocr_carea' id='block_1_111' title="bbox 1983 4878 3552 4946">
    <p class='ocr_par' dir='ltr' id='par_1_111' title="bbox 1983 4878 3552 4946">
     <span class='ocr_line' id='line_1_111' title="bbox 1983 4878 3552 4946; baseline -0.004 -8"><span class='ocrx_word' id='word_1_825' title='bbox 1983 4892 2040 4938; x_wconf 92' lang='lat' dir='ltr'><strong>ut</strong></span> <span class='ocrx_word' id='word_1_826' title='bbox 2067 4884 2200 4938; x_wconf 87' lang='lat' dir='ltr'><strong>vidit</strong></span> <span class='ocrx_word' id='word_1_827' title='bbox 2230 4897 2354 4936; x_wconf 88' lang='lat' dir='ltr'><strong>eum</strong></span> <span class='ocrx_word' id='word_1_828' title='bbox 2391 4881 2646 4934; x_wconf 87' lang='lat' dir='ltr'><strong>traditum</strong></span> <span class='ocrx_word' id='word_1_829' title='bbox 2672 4895 2792 4934; x_wconf 89' lang='lat' dir='ltr'><strong>esse</strong></span> <span class='ocrx_word' id='word_1_830' title='bbox 2821 4878 3016 4945; x_wconf 87' lang='lat' dir='ltr'><strong>Pilato,</strong></span> <span class='ocrx_word' id='word_1_831' title='bbox 3048 4885 3410 4946; x_wconf 88' lang='lat' dir='ltr'><strong>compunctus</strong></span> <span class='ocrx_word' id='word_1_832' title='bbox 3439 4891 3552 4946; x_wconf 78' lang='lat' dir='ltr'><strong>pte-</strong></span> 
     </span>
    </p>
   </div>
   <div class='ocr_carea' id='block_1_112' title="bbox 1982 4967 3578 5039">
    <p class='ocr_par' dir='ltr' id='par_1_112' title="bbox 1982 4967 3578 5039">
     <span class='ocr_line' id='line_1_112' title="bbox 1982 4967 3578 5039; baseline -0.004 -8"><span class='ocrx_word' id='word_1_833' title='bbox 1982 4977 2144 5031; x_wconf 90' lang='lat' dir='ltr'><strong>nituit</strong></span> <span class='ocrx_word' id='word_1_834' title='bbox 2174 4995 2188 5031; x_wconf 92' lang='lat'><strong>:</strong></span> <span class='ocrx_word' id='word_1_835' title='bbox 2220 4973 2448 5030; x_wconf 78' lang='lat' dir='ltr'><strong>forsitan</strong></span> <span class='ocrx_word' id='word_1_836' title='bbox 2511 4984 2692 5027; x_wconf 88' lang='lat' dir='ltr'><strong>autem</strong></span> <span class='ocrx_word' id='word_1_837' title='bbox 2741 4981 2791 5026; x_wconf 88' lang='lat' dir='ltr'><strong>et</strong></span> <span class='ocrx_word' id='word_1_838' title='bbox 2834 4971 3152 5026; x_wconf 87' lang='lat' dir='ltr'><strong>recordatus</strong></span> <span class='ocrx_word' id='word_1_839' title='bbox 3184 4985 3246 5024; x_wconf 85' lang='lat' dir='ltr'><strong>ea</strong></span> <span class='ocrx_word' id='word_1_840' title='bbox 3278 4983 3399 5039; x_wconf 60' lang='lat' dir='ltr'><strong>quae</strong></span> <span class='ocrx_word' id='word_1_841' title='bbox 3437 4967 3548 5023; x_wconf 79' lang='lat' dir='ltr'><strong>fre-</strong></span> <span class='ocrx_word' id='word_1_842' title='bbox 3576 5022 3578 5024; x_wconf 74' lang='grc'>,</span> 
     </span>
    </p>
   </div>
   <div class='ocr_carea' id='block_1_113' title="bbox 1980 5057 3548 5136">
    <p class='ocr_par' dir='ltr' id='par_1_113' title="bbox 1980 5057 3548 5136">
     <span class='ocr_line' id='line_1_113' title="bbox 1980 5057 3548 5136; baseline -0.005 -18"><span class='ocrx_word' id='word_1_843' title='bbox 1980 5074 2207 5136; x_wconf 88' lang='lat' dir='ltr'><strong>quenter</strong></span> <span class='ocrx_word' id='word_1_844' title='bbox 2225 5064 2388 5120; x_wconf 87' lang='lat' dir='ltr'><strong>Jesus</strong></span> <span class='ocrx_word' id='word_1_845' title='bbox 2403 5060 2916 5131; x_wconf 83' lang='lat' dir='ltr'><strong>dixeratdisripulis</strong></span> <span class='ocrx_word' id='word_1_846' title='bbox 2933 5061 3049 5115; x_wconf 88' lang='lat' dir='ltr'><strong>suis</strong></span> <span class='ocrx_word' id='word_1_847' title='bbox 3063 5060 3128 5114; x_wconf 92' lang='lat' dir='ltr'><strong>de</strong></span> <span class='ocrx_word' id='word_1_848' title='bbox 3153 5057 3548 5114; x_wconf 86' lang='lat' dir='ltr'><strong>resurrectione</strong></span> 
     </span>
    </p>
   </div>
   <div class='ocr_carea' id='block_1_114' title="bbox 1979 5147 3549 5224">
    <p class='ocr_par' dir='ltr' id='par_1_114' title="bbox 1979 5147 3549 5224">
     <span class='ocr_line' id='line_1_114' title="bbox 1979 5147 3549 5224; baseline -0.008 -11"><span class='ocrx_word' id='word_1_849' title='bbox 1979 5175 2077 5213; x_wconf 90' lang='lat' dir='ltr'><strong>sua</strong></span> <span class='ocrx_word' id='word_1_850' title='bbox 2108 5156 2306 5212; x_wconf 80' lang='lat' dir='ltr'><strong>futura.</strong></span> <span class='ocrx_word' id='word_1_851' title='bbox 2345 5153 2545 5209; x_wconf 82' lang='lat' dir='ltr'><strong>Videns</strong></span> <span class='ocrx_word' id='word_1_852' title='bbox 2573 5154 2736 5224; x_wconf 88' lang='lat' dir='ltr'><strong>igitur</strong></span> <span class='ocrx_word' id='word_1_853' title='bbox 2769 5150 2937 5207; x_wconf 83' lang='lat' dir='ltr'><strong>Judas</strong></span> <span class='ocrx_word' id='word_1_854' title='bbox 2965 5151 3390 5222; x_wconf 86' lang='lat' dir='ltr'><strong>magnitudinem</strong></span> <span class='ocrx_word' id='word_1_855' title='bbox 3417 5147 3549 5202; x_wconf 81' lang='lat' dir='ltr'><strong>faci-</strong></span> 
     </span>
    </p>
   </div>
   <div class='ocr_carea' id='block_1_115' title="bbox 1977 5241 3546 5318">
    <p class='ocr_par' dir='ltr' id='par_1_115' title="bbox 1977 5241 3546 5318">
     <span class='ocr_line' id='line_1_115' title="bbox 1977 5241 3546 5318; baseline -0.009 -13"><span class='ocrx_word' id='word_1_856' title='bbox 1977 5251 2130 5306; x_wconf 87' lang='lat' dir='ltr'><strong>noris</strong></span> <span class='ocrx_word' id='word_1_857' title='bbox 2151 5251 2256 5314; x_wconf 88' lang='lat' dir='ltr'><strong>sui,</strong></span> <span class='ocrx_word' id='word_1_858' title='bbox 2287 5247 2540 5318; x_wconf 76' lang='lat' dir='ltr'><strong>ptenltuit</strong></span> <span class='ocrx_word' id='word_1_859' title='bbox 2573 5247 2814 5316; x_wconf 86' lang='lat' dir='ltr'><strong>quidem,</strong></span> <span class='ocrx_word' id='word_1_860' title='bbox 2845 5253 2899 5300; x_wconf 89' lang='lat' dir='ltr'><strong>et</strong></span> <span class='ocrx_word' id='word_1_861' title='bbox 2930 5245 3148 5299; x_wconf 90' lang='lat' dir='ltr'><strong>locutus</strong></span> <span class='ocrx_word' id='word_1_862' title='bbox 3173 5259 3240 5298; x_wconf 82' lang='lat' dir='ltr'><strong>ex</strong></span> <span class='ocrx_word' id='word_1_863' title='bbox 3278 5241 3546 5311; x_wconf 67' lang='lat' dir='ltr'><strong>paeniten-</strong></span> 
     </span>
    </p>
   </div>
   <div class='ocr_carea' id='block_1_116' title="bbox 1977 5332 3545 5409">
    <p class='ocr_par' dir='ltr' id='par_1_116' title="bbox 1977 5332 3545 5409">
     <span class='ocr_line' id='line_1_116' title="bbox 1977 5332 3545 5409; baseline -0.011 -8"><span class='ocrx_word' id='word_1_864' title='bbox 1977 5345 2048 5401; x_wconf 86' lang='lat' dir='ltr'><strong>tia</strong></span> <span class='ocrx_word' id='word_1_865' title='bbox 2074 5341 2276 5409; x_wconf 88' lang='lat' dir='ltr'><strong>cordis,</strong></span> <span class='ocrx_word' id='word_1_866' title='bbox 2319 5337 2601 5396; x_wconf 77' lang='lat' dir='ltr'><strong>confessus</strong></span> <span class='ocrx_word' id='word_1_867' title='bbox 2622 5346 2706 5394; x_wconf 84' lang='lat' dir='ltr'><strong>est</strong></span> <span class='ocrx_word' id='word_1_868' title='bbox 2738 5346 3018 5408; x_wconf 85' lang='lat' dir='ltr'><strong>peccatum</strong></span> <span class='ocrx_word' id='word_1_869' title='bbox 3043 5349 3201 5392; x_wconf 92' lang='lat' dir='ltr'><strong>suum</strong></span> <span class='ocrx_word' id='word_1_870' title='bbox 3223 5349 3288 5388; x_wconf 81' lang='lat' dir='ltr'><strong>ex</strong></span> <span class='ocrx_word' id='word_1_871' title='bbox 3311 5347 3377 5386; x_wconf 89' lang='lat' dir='ltr'><strong>eo</strong></span> <span class='ocrx_word' id='word_1_872' title='bbox 3400 5332 3545 5401; x_wconf 86' lang='lat' dir='ltr'><strong>quod</strong></span> 
     </span>
    </p>
   </div>
   <div class='ocr_carea' id='block_1_117' title="bbox 1973 5431 3546 5504">
    <p class='ocr_par' dir='ltr' id='par_1_117' title="bbox 1973 5431 3546 5504">
     <span class='ocr_line' id='line_1_117' title="bbox 1973 5431 3546 5504; baseline -0.011 -12"><span class='ocrx_word' id='word_1_873' title='bbox 1973 5435 2255 5493; x_wconf 90' lang='lat' dir='ltr'><strong>tradiderit</strong></span> <span class='ocrx_word' id='word_1_874' title='bbox 2295 5431 2614 5504; x_wconf 87' lang='lat' dir='ltr'><strong>sanguinem</strong></span> <span class='ocrx_word' id='word_1_875' title='bbox 2631 5431 2840 5500; x_wconf 90' lang='lat' dir='ltr'><strong>justum</strong></span> <span class='ocrx_word' id='word_1_876' title='bbox 2871 5447 2884 5482; x_wconf 90' lang='lat'><strong>:</strong></span> <span class='ocrx_word' id='word_1_877' title='bbox 2920 5443 3027 5482; x_wconf 91' lang='lat' dir='ltr'><strong>non</strong></span> <span class='ocrx_word' id='word_1_878' title='bbox 3063 5433 3241 5481; x_wconf 87' lang='lat' dir='ltr'><strong>autem</strong></span> <span class='ocrx_word' id='word_1_879' title='bbox 3269 5435 3321 5479; x_wconf 90' lang='lat' dir='ltr'><strong>et</strong></span> <span class='ocrx_word' id='word_1_880' title='bbox 3351 5439 3546 5479; x_wconf 83' lang='lat' dir='ltr'><strong>secun-</strong></span> 
     </span>
    </p>
   </div>
   <div class='ocr_carea' id='block_1_118' title="bbox 2050 5534 3542 5616">
    <p class='ocr_par' dir='ltr' id='par_1_118' title="bbox 2050 5534 3542 5616">
     <span class='ocr_line' id='line_1_118' title="bbox 2050 5534 3542 5616; baseline -0.011 -9"><span class='ocrx_word' id='word_1_881' title='bbox 2050 5555 2094 5588; x_wconf 79' lang='grc'>⁸⁹</span> <span class='ocrx_word' id='word_1_882' title='bbox 2135 5551 2278 5607; x_wconf 88' lang='lat' dir='ltr'><strong>Psal.</strong></span> <span class='ocrx_word' id='word_1_883' title='bbox 2307 5566 2378 5616; x_wconf 86' lang='grc' dir='ltr'>ιι,</span> <span class='ocrx_word' id='word_1_884' title='bbox 2413 5549 2465 5603; x_wconf 77' lang='grc'><strong>5.</strong></span> <span class='ocrx_word' id='word_1_885' title='bbox 2545 5548 2591 5580; x_wconf 75' lang='grc' dir='ltr'><strong>⁸ο</strong></span> <span class='ocrx_word' id='word_1_886' title='bbox 2632 5545 2761 5616; x_wconf 78' lang='lat' dir='ltr'><strong>Luc.</strong></span> <span class='ocrx_word' id='word_1_887' title='bbox 2811 5558 2938 5616; x_wconf 69' lang='lat' dir='ltr'><strong>sui,</strong></span> <span class='ocrx_word' id='word_1_888' title='bbox 2972 5539 3179 5616; x_wconf 40' lang='lat' dir='ltr'><strong>l6.J&quot;</strong></span> <span class='ocrx_word' id='word_1_889' title='bbox 3223 5534 3456 5616; x_wconf 30' lang='lat' dir='ltr'><strong>P‘salzut,</strong></span> 
     </span>
    </p>
   </div>
   <div class='ocr_carea' id='block_1_119' title="bbox 1946 5606 3542 5690">
    <p class='ocr_par' dir='ltr' id='par_1_119' title="bbox 1946 5606 3542 5690">
     <span class='ocr_line' id='line_1_119' title="bbox 1946 5606 3542 5690; baseline -0.014 -8"><span class='ocrx_word' id='word_1_890' title='bbox 1946 5606 1991 5660; x_wconf 63' lang='grc' dir='ltr'><strong>δυ</strong></span> <span class='ocrx_word' id='word_1_891' title='bbox 2027 5624 2158 5682; x_wconf 89' lang='lat' dir='ltr'><strong>ibid.</strong></span> <span class='ocrx_word' id='word_1_892' title='bbox 2193 5606 2240 5677; x_wconf 54' lang='lat'><strong>&#39;5</strong></span> <span class='ocrx_word' id='word_1_893' title='bbox 2275 5631 2329 5676; x_wconf 87' lang='lat' dir='ltr'><strong>et</strong></span> <span class='ocrx_word' id='word_1_894' title='bbox 2365 5606 2524 5690; x_wconf 74' lang='lat' dir='ltr'><strong>seqq.</strong></span> <span class='ocrx_word' id='word_1_895' title='bbox 2600 5617 2646 5649; x_wconf 68' lang='grc' dir='ltr'>οι</span> <span class='ocrx_word' id='word_1_896' title='bbox 2690 5615 2874 5670; x_wconf 70' lang='grc' dir='ltr'>Μῖιιιιι.</span> <span class='ocrx_word' id='word_1_897' title='bbox 2925 5627 3023 5676; x_wconf 84' lang='lat' dir='ltr'><strong>vn,</strong></span> <span class='ocrx_word' id='word_1_898' title='bbox 3072 5607 3156 5664; x_wconf 87' lang='lat' dir='ltr'><strong>l8.</strong></span> <span class='ocrx_word' id='word_1_899' title='bbox 3253 5607 3298 5639; x_wconf 71' lang='grc' dir='ltr'><strong>’τ</strong></span> <span class='ocrx_word' id='word_1_900' title='bbox 3351 5606 3542 5660; x_wconf 74' lang='lat' dir='ltr'><strong>Matth.</strong></span> 
     </span>
    </p>
   </div>
  </div>
