4052 6304
395 362 531 417 1751

1596 355 1923 415 ORIGENIS
1957 357 2025 415 IN
2068 359 2486 420 MATTHASUM

3435 335 3442 341 ’
3531 365 3686 422 1752

392 487 514 550 das,
546 483 750 542 timens
776 499 844 541 ne
880 484 1040 552 forte,
1065 482 1115 539 si
1138 480 1489 539 manifestum
1522 498 1581 540 se
1610 484 1982 541 adversarium
2010 490 2056 546 Α
2086 484 2350 541 adversus
2392 484 2700 553 Christum,
2750 486 3100 543 adversarius
3147 486 3355 543 Christi
3417 487 3687 560 princeps

393 577 719 637 nt-mbuisset
764 585 820 631 et
863 575 1199 647 proditorem
1256 574 1527 646 magistri,
1578 575 1698 646 ipse
1728 579 1777 633 ei
1828 577 1982 632 ﬁeret

392 683 563 722 causa
613 666 911 730 evasionis,
964 680 1089 721 cum
1121 674 1328 736 posset,
1383 674 1649 736 quantum
1700 666 1768 722 ad
1812 668 1983 738 ipsius

393 759 790 830 opinationem,
821 776 886 814 ex
911 758 1240 831 quibusdam
1265 760 1653 816 secretioribus
1678 760 1982 831 disciplinis

393 849 652 919 o=lfugcre,
705 858 759 903 ct
785 849 965 903 facere
991 863 1050 904 se
1080 849 1133 903 in
1160 864 1411 919 parvum.
1451 846 1521 903 Ut
1550 864 1681 920 ergo
1701 850 1840 904 nihil
1877 850 1983 907 tale

392 940 683 1011 suspicans
734 938 918 1005 Jesus,
960 939 1263 996 secundum
1317 939 1465 1010 quod
1507 936 1679 995 Judas
1712 940 1981 1009 opinaba-

395 1038 502 1093 tur,
544 1031 636 1085 sed
668 1039 871 1100 putans
898 1045 1025 1086 eum
1061 1030 1323 1094 amicum,
1370 1029 1648 1101 quomodo
1686 1031 1861 1087 nescit
1900 1030 1982 1087 sic

394 1124 673 1192 insperate
694 1124 1194 1194 comprehendatur
1224 1165 1240 1191 ,
1289 1124 1411 1180 ideo
1438 1124 1543 1179 hoc
1565 1124 1713 1179 dedit
1737 1125 1976 1195 signum,

393 1215 577 1269 sciens
598 1214 714 1285 jam
736 1214 997 1285 quoniam
1025 1215 1071 1270 si
1099 1214 1365 1270 noluisset
1392 1215 1804 1285 comprehendi,
1839 1232 1980 1271 nun-

391 1322 558 1375 quam
606 1308 1042 1377 comprehensus
1072 1306 1287 1375 fuisset,
1316 1308 1411 1364 sed
1441 1308 1631 1364 volens
1658 1309 1889 1379 praabuit
1921 1325 1980 1365 se

396 1398 652 1455 manibus
692 1409 1065 1470 peccatorum.
1111 1397 1225 1468 Ego
1250 1409 1436 1455 autem
1472 1409 1603 1470 puto
1635 1399 1783 1470 quod
1813 1402 1977 1455 etiam

393 1507 583 1545 omnes
608 1491 915 1561 proditores
945 1492 1212 1555 veritatis,
1238 1505 1425 1546 amare
1451 1492 1735 1547 veritatem
1774 1492 1981 1562 ﬁngen-

395 1591 497 1645 tes,
547 1592 602 1638 ct
650 1583 824 1640 osculi
871 1583 1029 1654 signo
1081 1592 1293 1639 utentes
1317 1583 1477 1653 quasi
1505 1586 1741 1653 quadam
1770 1585 1979 1640 indica-

392 1679 543 1731 tione
594 1675 897 1741 charitatis,
948 1676 1188 1745 produnt
1244 1672 1480 1730 Verbum
1535 1674 1633 1731 Dei
1667 1677 1979 1732 volentibus

392 1768 573 1836 ipsum
610 1777 791 1822 tenere
822 1766 1154 1823 adversariis
1195 1767 1339 1837 ejus,
1391 1766 1529 1822 nihil
1568 1768 1855 1838 paciﬁcum
1888 1767 1975 1823 in-

393 1859 561 1925 dutis,
607 1858 833 1914 bellicos
885 1867 1066 1913 autem
1099 1857 1328 1929 gladios,
1360 1868 1415 1914 et
1448 1860 1697 1930 injurias,
1727 1869 1781 1916 et
1807 1859 1979 1918 fustes

393 1951 741 2005 habentibus.
793 1949 860 2005 Et
907 1951 1039 2006 dicit
1069 1950 1317 2020 proditor
1348 1949 1476 2007 Jesu
1508 1972 1521 2006 :
1553 1951 1738 2008 Rabbi.
1775 1952 1979 2009 Omnes

391 2043 537 2097 enim
570 2043 842 2110 haeretici,
878 2044 1340 2114 quemadmodum
1370 2042 1541 2099 Judas
1565 2086 1581 2112 ,
1628 2045 1707 2101 sic
1734 2044 1862 2101 Jesu
1896 2045 1979 2101 di-

392 2143 524 2189 cunt
551 2152 565 2189 :
592 2134 784 2201 Rabbi,
808 2135 903 2205 qui
939 2144 993 2190 et
1025 2136 1348 2192 osculantur
1377 2152 1502 2193 eum
1538 2137 1679 2194 sicut
1708 2147 1762 2194 et
1787 2136 1974 2195 Judas.

390 2226 472 2281 Ad
526 2243 667 2297 quos
716 2228 903 2283 omnia
956 2228 1248 2299 placabilia
1304 2230 1435 2286 dicit
1462 2229 1648 2296 Jesus,
1704 2246 1829 2286 cum
1868 2231 1979 2287 sint

388 2332 582 2374 omnes
608 2317 776 2375 Judas
809 2319 1055 2390 proditor
1092 2338 1106 2375 :
1140 2318 1308 2388 .luda,
1344 2319 1524 2376 osculo
1573 2320 1777 2376 Filium
1809 2320 1979 2376 Itami-

392 2411 473 2463 nis
501 2410 671 2464 tradis
695 2411 776 2465 “‘i
808 2411 950 2466 Dicit
977 2422 1159 2467 autem
1184 2413 1234 2468 ei
1266 2413 1646 2485 improperans
1666 2416 1975 2472 simulatio-

391 2520 515 2558 nem
558 2505 811 2559 amicitiae
850 2504 969 2577 ejus
1000 2523 1013 2560 :
1048 2504 1251 2572 Amice,
1290 2509 1359 2560 ad
1395 2507 1523 2579 quid
1547 2508 1734 2563 venisti
1753 2509 1836 2585 "f?
1864 2507 1977 2565 Hoc

389 2595 536 2649 enim
563 2597 782 2651 nomine
822 2597 1095 2651 neminem
1148 2598 1419 2653 bonorum
1461 2599 1515 2653 in
1565 2599 1863 2671 Scripturis
1885 2617 1977 2657 co-

390 2688 709 2759 gnoscimus
738 2689 1091 2759 appellatum.
1124 2689 1205 2744 Ad
1242 2692 1446 2746 malum
1473 2692 1641 2760 enim,
1667 2703 1722 2749 et
1750 2710 1858 2749 non
1887 2695 1974 2749 in-

389 2782 582 2835 dutum
648 2782 984 2852 nuptialibus
1035 2784 1376 2840 vestimentis
1422 2785 1555 2840 dicit
1598 2786 1645 2819 ⁸⁸
1696 2805 1709 2842 :
1765 2787 1969 2855 Amice,

387 2873 517 2945 quid
543 2873 645 2928 ftuc
670 2876 856 2929 venisti
884 2892 986 2929 non
1023 2876 1216 2931 habens
1240 2887 1428 2932 vestem
1451 2880 1740 2948 nuptialem
1760 2880 1974 2936 ?Malus

390 2975 570 3021 autem
613 2976 695 3022 est
718 2966 811 3036 qui
839 2977 892 3023 et
927 2968 979 3022 in
1006 2969 1266 3038 parabola
1302 2970 1510 3025 denarii
1548 2972 1736 3027 audit:
1768 2973 1971 3042 Amice,

388 3074 493 3110 non
531 3058 624 3111 tibi
652 3059 792 3128 facio
830 3058 1104 3128 injuriam.
1153 3059 1345 3116 Nonne
1379 3062 1449 3115 ad
1478 3064 1754 3117 denarium
1793 3080 1976 3119 conve-

2087 584 2437 637 sacerdotum
2471 577 2732 645 Caiphas.
2764 577 2992 633 Videtur
3023 587 3207 634 autem
3241 578 3374 633 mihi
3404 580 3681 649 quoniam

2088 671 2182 740 qui
2214 686 2281 726 ex
2322 671 2578 742 gentibus
2620 669 2971 724 crediderunt
2998 710 3012 733 ,
3046 685 3239 726 omnes
3265 686 3409 725 unus
3437 672 3687 742 populus

2084 763 2366 819 constituti
2398 763 2451 817 in
2478 761 2729 827 Christo,
2765 777 2861 831 per
2896 761 2999 816 hoc
3041 761 3220 830 ipsum
3249 763 3395 831 quod
3421 762 3682 817 credide-

2084 862 2215 907 runt
2241 853 2297 907 in
2328 853 2634 917 Christum,
2675 850 2801 905 facti
2836 859 2966 906 sunt
2989 864 3156 904 causa
3197 858 3257 904 ut
3286 850 3685 920 praecidere-tur

2081 944 2397 1000 Iudaeorum
2439 943 2652 999 auditio
2694 943 2885 997 dextra
2910 981 2927 1009 ,
2983 942 3286 997 secundum
3317 942 3463 1011 quod
3494 939 3688 996 fuerat

2082 1038 2468 1108 prOphetatum
2523 1036 2591 1091 de
2623 1036 2748 1092 eis"
2785 1054 2799 1092 :
2837 1035 3015 1091 Grava
3065 1052 3224 1090 aures
3267 1034 3449 1105 populi
3489 1033 3682 1103 hujus,

2080 1141 2129 1184 et
2170 1130 2349 1185 oculos
2394 1145 2574 1185 eorum
2597 1128 2852 1198 deprime,
2891 1137 2950 1182 ut
2985 1145 3052 1183 ne
3090 1128 3324 1184 videntes
3353 1126 3584 1193 videant,
3620 1135 3681 1180 et

2081 1220 2355 1275 audientes
2381 1219 2704 1291 intelligant,
2737 1228 2787 1274 et
2828 1228 3223 1286 convertantur,
3263 1228 3313 1272 et
3337 1233 3517 1271 sanem
3556 1232 3676 1271 eos.

2155 1311 2278 1367 102.
2320 1310 2362 1366 Τ
2366 1327 2468 1365 unc
2507 1311 2584 1366 ait
2617 1309 2778 1366 Iesus
2823 1311 2874 1365 ei
2897 1326 2917 1363 :
2946 1309 3203 1366 Converte
3238 1308 3476 1379 gladium
3522 1317 3675 1360 tuum

2081 1405 2137 1458 in
2159 1403 2332 1458 locum
2359 1419 2512 1458 suum
2534 1404 2578 1458 ⁸.
2606 1402 2729 1458 Mox
2763 1400 2928 1459 Jesus
2958 1402 3026 1456 ad
3056 1416 3181 1457 eum
3213 1402 3308 1471 qui
3345 1400 3524 1455 fuerat
3551 1398 3680 1470 gla-

2080 1494 2175 1549 dio
2212 1510 2349 1550 usus
2372 1535 2388 1561 ,
2430 1502 2484 1549 et
2518 1494 2820 1549 abstulerat
2848 1493 3153 1548 auriculam
3184 1492 3326 1549 servi
3357 1490 3504 1547 illius
3539 1490 3681 1545 dex-

2082 1595 2246 1649 tram,
2281 1601 2393 1640 non
2434 1586 2574 1641 dixit
2619 1608 2631 1642 :
2675 1584 2868 1641 Exime
2914 1584 3150 1654 gladium
3176 1625 3191 1651 ,
3227 1583 3322 1640 sed
3357 1598 3373 1638 :
3419 1582 3677 1638 Converte

2081 1677 2321 1748 gladium
2348 1678 2406 1731 in
2436 1677 2612 1732 locum
2640 1694 2819 1732 suum.
2871 1676 2967 1732 Est
3001 1690 3133 1749 ergo
3164 1675 3328 1747 gladii
3362 1675 3561 1746 aliquis
3591 1674 3677 1728 lo-

2081 1785 2201 1837 cus,
2229 1785 2297 1825 ex
2330 1784 2441 1841 quo
2485 1785 2595 1825 non
2637 1770 2765 1825 licet
2815 1769 3069 1839 accipere
3119 1783 3245 1824 eum
3286 1768 3381 1838 qui
3414 1782 3520 1821 non
3557 1764 3676 1820 vult

2085 1862 2263 1932 perire
2286 1902 2302 1929 ,
2340 1862 2581 1917 maxime
2609 1862 2671 1917 in
2694 1862 2897 1933 gladio.
2931 1860 3194 1916 Paciﬁcos
3231 1858 3377 1914 enim
3411 1859 3526 1913 vult
3549 1873 3678 1913 esse

2080 1952 2249 2011 Jesus
2293 1954 2596 2026 discipulos
2643 1970 2797 2022 suos,
2857 1962 2916 2008 ut
2947 1953 3202 2009 bellicum
3237 1952 3477 2024 gladium
3526 1951 3677 2007 hunc

2081 2046 2436 2116 deponentes,
2487 2045 2718 2101 alterum
2758 2046 3047 2116 paciﬁcum
3096 2045 3367 2115 accipiant
3407 2042 3671 2115 gladium,

2081 2152 2244 2208 quem
2272 2137 2406 2193 dicit
2430 2136 2714 2208 Scriptura
2749 2138 2770 2170 °
2794 2138 3033 2210 gladium
3071 2137 3319 2208 spiritus.
3352 2135 3542 2190 Simile
3564 2150 3672 2190 an-

2080 2239 2188 2285 tem
2225 2229 2361 2283 mihi
2393 2230 2609 2285 videtur
2651 2229 2797 2300 quod
2831 2230 2964 2286 dicit
3005 2248 3020 2286 :
3057 2228 3252 2285 Omnes
3285 2228 3376 2297 qui
3401 2228 3671 2297 accipiunt

2079 2321 2342 2394 gladium,
2375 2322 2561 2393 gladio
2581 2331 2631 2377 et
2663 2323 2941 2393 peribunt"
2966 2341 2981 2391 ;
3011 2322 3065 2377 id
3097 2330 3201 2390 est,
3229 2337 3423 2377 omnes
3444 2321 3536 2392 qui
3559 2335 3670 2374 non

2080 2422 2209 2470 sunt
2237 2413 2472 2485 paciﬁci,
2506 2415 2598 2469 sed
2628 2414 2753 2471 belli
2780 2416 3169 2480 concitatores,
3205 2415 3260 2469 in
3290 2429 3356 2470 eo
3389 2413 3528 2469 bello
3555 2428 3674 2482 per-

2080 2508 2237 2563 ibunt
2279 2507 2425 2577 quod
2469 2508 2770 2575 concitant,
2815 2516 2875 2562 ut
2911 2509 2982 2563 sit
3023 2508 3078 2562 in
3111 2508 3193 2563 eis
3230 2506 3440 2577 gladius
3467 2516 3672 2575 myste-

2081 2601 2223 2657 rium
2263 2600 2388 2657 belli
2413 2608 2468 2655 et
2496 2600 2632 2656 litis.
2668 2599 2735 2656 Et
2768 2611 2899 2671 puto
2930 2601 3076 2672 quod
3113 2615 3303 2654 omnes
3343 2596 3669 2654 tumultuosi

2078 2701 2133 2748 et
2164 2691 2537 2748 concitatores
2576 2691 2843 2747 bellorum
2871 2732 2887 2757 ,
2935 2699 2989 2745 et
3035 2689 3421 2745 conturbantes
3452 2688 3674 2741 animas

2079 2779 2389 2845 hominum,
2427 2780 2665 2835 maxime
2696 2778 3091 2846 Eceicsiarum,
3119 2779 3396 2849 accipiunt
3426 2777 3670 2847 gladium

2079 2873 2133 2928 in
2162 2889 2273 2944 quo
2306 2883 2360 2928 et
2392 2873 2496 2943 ipsi
2531 2872 2817 2943 peribunt;
2866 2872 3129 2942 quoniam
3150 2872 3242 2942 qui
3269 2871 3405 2941 fodit
3442 2869 3672 2939 foveant,

2078 2968 2189 3039 ipse
2212 2950 2401 3022 incidit
2431 2968 2487 3021 in
2510 2982 2626 3022 eam
2653 2967 2707 3034 ⁸;
2737 2965 3001 3037 quoniam
3032 2973 3363 3020 convertetur
3386 2962 3538 3017 dolor
3573 2977 3672 3017 eo-

2078 3077 2201 3116 rum
2246 3062 2300 3116 in
2342 3069 2502 3131 caput
2540 3060 2807 3131 ipsorum,
2839 3067 2888 3113 et
2918 3059 3175 3129 iniquitas
3213 3072 3405 3112 eorum
3437 3057 3491 3109 in
3521 3070 3672 3109 cere-

389 3149 516 3201 nisti
541 3151 781 3204 mecum?
813 3152 1003 3219 Accipe
1038 3153 1178 3221 quod
1217 3165 1368 3207 tuum
1399 3164 1477 3208 est
1505 3196 1519 3221 ,
1559 3164 1609 3209 et
1644 3156 1794 3211 vade.
1838 3154 1968 3211 Volo
1997 3169 2045 3233 ρ
2078 3155 2231 3207 brum
2276 3169 2468 3209 eorum
2511 3150 2786 3205 descendet
2808 3152 2850 3206 ⁸.
2879 3150 2985 3206 Sed
3017 3159 3072 3204 et
3105 3149 3424 3219 simpliciter
3449 3144 3674 3202 audien-

388 3250 565 3293 autem
598 3250 645 3294 et
677 3240 800 3294 Imic
829 3242 1111 3295 novissimo
1147 3244 1278 3297 dare
1298 3243 1435 3298 sicut
1469 3254 1518 3298 et
1554 3245 1650 3297 tibi
1671 3246 1737 3299 ".

460 3331 583 3387 101.
628 3331 772 3386 Tunc
796 3334 1120 3401 accedentes,
1156 3351 1343 3389 manus
1384 3336 1672 3402 iniecerunt
1702 3340 1754 3391 in
1790 3336 1975 3393 Iesum

388 3434 437 3477 et
484 3433 761 3478 tenuerunt
802 3442 919 3479 eum
954 3427 993 3480 ί.
1046 3425 1179 3482 Post
1226 3428 1476 3483 osculum
1524 3430 1786 3486 continuo
1838 3431 1976 3487 nihil

387 3516 701 3573 dill‘ereutes
731 3519 887 3573 turba
921 3518 1034 3583 illa,
1094 3518 1323 3573 forsitan
1349 3520 1601 3577 timentes
1634 3537 1703 3579 ne
1746 3523 1813 3580 de
1852 3539 1973 3579 ma-

387 3609 552 3665 nibus
600 3626 789 3665 eorum
824 3611 1048 3682 etl‘ugiat
1088 3611 1272 3677 Jcsus,
1322 3628 1521 3670 manus
1570 3614 1878 3685 injecerunt
1918 3618 1975 3673 in

387 3716 535 3755 eunt.
562 3699 633 3756 Et
647 3717 761 3756 ecce
775 3719 907 3756 unus
925 3719 988 3756 ea:
1003 3704 1087 3757 Itis
1105 3704 1356 3775 quierant
1384 3720 1503 3758 cum
1525 3703 1676 3771 Jesu,
1695 3710 1975 3765 extendens

387 3810 625 3863 manant,
651 3796 842 3850 exemit
871 3797 1111 3867 gladium
1142 3814 1317 3865 suum,
1354 3809 1405 3852 et
1434 3801 1734 3869 percutiens
1768 3818 1975 3858 servum

385 3887 642 3957 principis
691 3889 1051 3955 sacerdotum,
1109 3893 1403 3960 amputavit
1456 3892 1756 3947 auriculam
1790 3894 1904 3964 ejus
1928 3898 1970 3950 ³.

391 3978 548 4038 Unus
588 3990 772 4038 autem
804 3998 993 4038 eorum
1027 3985 1122 4054 qui
1154 3996 1462 4043 erantcum
1492 3988 1623 4046 Jesu
1656 4031 1672 4058 ,
1728 3992 1974 4049 nondum

389 4074 676 4132 manifeste
722 4077 1041 4148 concipiens
1080 4080 1224 4149 apud
1255 4095 1316 4136 se
1352 4084 1720 4155 evangelicam
1764 4085 1977 4155 patien-

387 4167 519 4221 tiam
549 4168 698 4223 illam
730 4170 985 4226 traditam
1005 4171 1110 4228 sibi
1141 4189 1173 4229 a
1195 4172 1439 4243 Christo,
1469 4192 1570 4232 nec
1592 4192 1781 4247 pacem
1809 4192 1975 4248 quam

386 4260 537 4315 dedit
567 4261 854 4331 discipulis
883 4264 1021 4330 suis,
1055 4266 1151 4322 sed
1182 4269 1486 4324 secundum
1522 4277 1847 4339 potestatem
1880 4271 1977 4325 da-

387 4360 497 4405 tant
529 4349 733 4408 Iudaeis
762 4370 859 4423 per
886 4355 1059 4425 legem
1086 4357 1155 4415 de
1184 4357 1425 4416 inimicis
1448 4404 1465 4428 ,
1514 4361 1817 4418 extendens
1862 4377 1978 4416 ma-

389 4457 518 4495 num
547 4444 758 4514 accepit
790 4445 1030 4517 gladium
1050 4487 1066 4514 ,
1123 4457 1178 4504 et
1210 4451 1482 4519 percussit
1514 4467 1734 4507 servum
1765 4454 1971 4524 princi‘

2078 3256 2158 3301 tes
2196 3246 2343 3316 quod
2388 3246 2561 3300 dicit:
2605 3241 2710 3308 Qui
2743 3244 3010 3313 accipiunt
3042 3242 3280 3314 gladium
3315 3241 3495 3313 gladio
3544 3255 3670 3309 pcr-

2077 3340 2250 3406 ibunt,
2282 3353 2477 3395 cavere
2505 3353 2605 3393 nos
2638 3338 2916 3405 convenit,
2956 3345 3017 3392 ut
3057 3352 3125 3390 ne
3154 3334 3441 3389 occasione
3463 3332 3672 3387 militia:

2077 3442 2172 3488 aut
2232 3431 2491 3486 vindictae
2554 3429 2898 3501 propriarum
2969 3427 3293 3498 iniuriarum
3360 3424 3671 3479 eximamus

2077 3523 2342 3596 gladium,
2373 3522 2552 3578 autob
2580 3521 2820 3592 aliquam
2850 3519 3220 3583 occasionem,
3250 3532 3415 3587 quam
3447 3530 3669 3570 omnem

2076 3616 2391 3688 evangelica
2421 3615 2770 3671 ahominatur
2796 3614 2910 3669 haec
2925 3612 3134 3667 Christi
3168 3612 3439 3675 doctrina,
3475 3608 3672 3679 praeci-

2076 3711 2233 3782 piens
2264 3718 2327 3765 ut
2351 3710 2677 3779 impleamus
2716 3707 2861 3778 quod
2904 3707 3168 3776 scriptum
3193 3714 3278 3760 est
3306 3705 3349 3737 ‘°
3376 3723 3389 3759 :
3422 3703 3555 3759 Cum
3584 3703 3669 3756 Itis

2076 3799 2169 3871 qui
2222 3800 2446 3853 oderunt
2492 3813 2674 3867 pacem
2732 3814 2879 3852 eram
2913 3797 3194 3866 paciﬁcus.
3255 3794 3311 3850 Si
3362 3810 3491 3867 ergo
3541 3809 3673 3851 cum

2078 3890 2391 3946 odientibus
2431 3906 2618 3961 pacem
2652 3889 2917 3945 debemus
2958 3903 3083 3944 esse
3122 3887 3360 3959 paciﬁci,
3407 3888 3675 3943 adversus

2080 3983 2352 4037 neminem
2402 3983 2584 4053 gladio
2632 3982 2710 4037 uti
2761 3981 3044 4038 debemus.
3098 3980 3173 4035 Ita
3199 3981 3411 4045 volens,
3442 3980 3507 4034 ad
3540 3995 3671 4034 eum

2077 4073 2172 4144 qui
2207 4089 2316 4128 non
2346 4074 2613 4129 didicerat
2637 4073 2866 4143 loquens
2893 4113 2907 4139 ,
2957 4088 3060 4127 nos
3085 4072 3285 4128 docere
3319 4087 3507 4127 omnes
3533 4088 3645 4141 quo

2078 4166 2224 4220 niam
2247 4166 2435 4221 volens
2454 4166 2676 4221 tradidit
2698 4166 3058 4235 semetipsum
3083 4180 3182 4235 pro
3205 4166 3364 4219 nobis
3386 4165 3667 4228 omnibus,

2077 4257 2286 4313 addidit
2318 4266 2373 4312 et
2409 4258 2542 4313 dicit
2570 4260 2610 4289 “
2648 4275 2662 4312 :
2702 4259 2783 4310 An
2824 4267 2981 4327 putas
3019 4258 3265 4327 quoniam
3316 4274 3418 4310 non
3448 4274 3667 4326 possunt

2078 4349 2236 4403 ntodo
2268 4366 2455 4420 rogare
2485 4348 2704 4403 Patrem
2744 4366 2938 4416 meum,
2970 4361 3018 4403 et
3054 4349 3312 4402 exhibebit
3360 4349 3489 4401 milii
3525 4346 3668 4416 plus-

2079 4458 2243 4511 quam
2301 4442 2583 4495 duodecint
2645 4442 2874 4512 legiones
2939 4441 3287 4513 angelorum?
3319 4449 3576 4510 tanquam
3618 4440 3666 4493 si

389 4534 472 4603 pis
500 4516 850 4593 sacerdotum
877 4547 931 4594 et
970 4516 1276 4611 amputavit
1314 4544 1616 4600 auriculam
1645 4516 1786 4615 ejus:
1821 4544 1975 4601 Sicut

2081 4532 2225 4587 dicat
2256 4551 2268 4587 :
2300 4530 2382 4586 Tu
2410 4532 2631 4602 quidem
2663 4534 2742 4589 sic
2770 4533 3010 4604 gladium
3042 4531 3315 4596 exemisti,
3357 4540 3412 4586 et
3438 4545 3670 4601 percus-

385 4635 565 4683 autetn
597 4629 731 4684 dicit
766 4629 1008 4689 Joannes
1040 4634 1083 4701 ³,
1118 4635 1167 4690 ei
1214 4634 1463 4690 dextram
1505 4638 1811 4694 auriculam
1851 4653 1973 4692 am-

387 4719 617 4787 putavit,
669 4722 813 4792 apud
862 4739 1024 4794 quem
1079 4733 1136 4781 et
1170 4740 1368 4781 nomen
1402 4728 1795 4795 scrvidicitur,
1845 4728 1973 4799 quia

386 4807 631 4867 Malchus
659 4814 979 4870 vocabatur.
1013 4815 1079 4871 Et
1108 4816 1336 4874 forsitan
1363 4820 1508 4889 quod
1535 4821 1726 4892 agebat
1754 4819 1971 4888 Petrus,

388 4904 709 4972 mysterium
743 4917 882 4973 erat,
905 4909 1167 4977 quoniam
1196 4908 1415 4968 Judaici
1442 4912 1628 4983 populi
1657 4912 1847 4967 dextra
1873 4926 1971 4966 au-

386 4993 523 5049 ditio
586 4992 766 5050 fuerat
811 4999 1151 5067 amputanda
1207 5010 1431 5072 propter
1475 5002 1737 5057 malitiam
1780 5016 1974 5057 eorum

386 5085 815 5142 demonstratam
854 5090 909 5144 iu
939 5088 1148 5146 Jesum.
1192 5093 1329 5149 Nam
1365 5094 1469 5150 etsi
1500 5095 1753 5150 videntur
1785 5093 1977 5151 audire

388 5179 558 5251 legem
590 5181 777 5247 modo,
810 5198 936 5239 cum
971 5191 1200 5242 sinistro
1230 5186 1424 5243 auditu
1458 5188 1690 5244 audiunt
1723 5187 1973 5244 umbram

388 5272 701 5331 traditionis
739 5274 807 5330 de
859 5276 997 5348 lege,
1052 5295 1162 5334 non
1192 5280 1497 5346 veritatem,
1531 5295 1659 5336 cum
1693 5280 1805 5336 sint
1829 5280 1974 5336 servi

388 5367 658 5422 sermonis
688 5370 996 5439 proﬁtentis
1033 5372 1321 5427 servitium
1359 5371 1475 5439 Dei,
1508 5390 1619 5429 non
1650 5383 1833 5432 autem
1861 5388 1977 5430 ser-

385 5455 584 5513 vientis
612 5459 666 5513 in
693 5460 943 5517 veritate.
991 5459 1168 5532 Hujus
1199 5464 1471 5519 sermonis
1503 5464 1827 5536 mysterium
1858 5472 1975 5519 erat

454 5684 673 5771 ’I'dtugz
698 5706 833 5771 χχιιέ
866 5689 956 5746 ἄ8.
1032 5690 1294 5771 οτ-ξιηιιιῃ.
1320 5709 1474 5771 gum,
1509 5693 1648 5771 δοίη
1678 5692 1724 5725 ⁸⁸
1758 5691 1946 5771 Matth.
1973 5764 1975 5771 ι

2091 5708 2128 5755 1,
2164 5691 2253 5744 l2.
2296 5763 2322 5771 Π

1780 5763 1801 5793 ⁸
1836 5761 2025 5817 Matth.
2082 5777 2247 5825 xxvr,
2293 5763 2383 5816 5‘2.
2461 5763 2482 5793 “
2522 5761 2720 5830 Ephes.
2758 5780 2831 5830 Vl,
2864 5764 2952 5819 Π.

1780 5848 1867 5900 1x,
1897 5832 1949 5886 7.
2032 5833 2071 5864 “
2114 5830 2304 5888 Matth.
2342 5848 2507 5900 xxvi,
2536 5832 2626 5889 53.
2708 5835 2751 5865 ¹²
2791 5850 2866 5900 tt,
2902 5835 2952 5889 ιε

386 5753 407 5828 ξ
444 5755 573 5828 una.
615 5748 704 5813 δι.
808 5748 829 5792 ί
870 5778 1037 5828 mn,
1070 5762 1155 5816 tn.
1257 5765 1279 5794 ι
1318 5762 1423 5818 lsa.
1459 5748 1548 5824 λιι,
1587 5763 1671 5816 to.

385 5823 408 5855 ι
443 5824 619 5881 Εοοιυ.
652 5844 716 5895 χ,
751 5830 802 5885 8.
882 5834 901 5864 ο
942 5823 1089 5888 l‘sal.
1122 5849 1233 5901 vu,
1272 5832 1358 5891 l7.
1438 5833 1480 5865 ι’
1519 5823 1665 5890 Psat.
1701 5848 1867 5903 cm.
1897 5832 1949 5886 7-

2080 4624 2201 4680 sisti
2235 4624 2498 4695 principis
2528 4640 2771 4691 servum,
2825 4626 2984 4696 quasi
3031 4625 3168 4680 mihi
3215 4625 3479 4680 auxilium
3530 4638 3673 4693 prae-

2080 4726 2269 4785 stans;
2296 4732 2398 4786 ego
2427 4726 2609 4772 autem
2643 4718 2689 4773 si
2715 4718 3035 4786 voluissem,
3065 4729 3317 4788 poteram
3346 4731 3549 4789 rogans
3576 4714 3675 4770 Pa-

2079 4819 2216 4865 trem
2254 4826 2361 4865 non
2400 4809 2703 4864 humanum
2740 4810 3008 4865 auxilium
3045 4810 3382 4880 impetrare,
3420 4808 3515 4863 sed
3551 4823 3670 4862 mc-

2077 4903 2301 4971 liorum,
2334 4901 2385 4958 id
2412 4912 2497 4958 est
2522 4903 2842 4974 angelorum
2865 4944 2881 4969 ,
2913 4919 3015 4959 nec
3043 4904 3229 4969 unius,
3259 4903 3353 4957 sed
3379 4903 3670 4971 plusquam

2081 4996 2369 5052 duodecim
2393 4995 2691 5066 legionum.
2724 4994 2806 5050 Ex
2839 4996 2943 5052 hoc
2965 4995 3380 5051 demonstratur
3406 4992 3677 5064 quoniam

2082 5089 2384 5145 secundum
2426 5088 2597 5160 908
2638 5088 3044 5144 multitudinem
3084 5086 3404 5158 angelorum
3452 5083 3671 5157 [simili-

2080 5182 2323 5237 tudinem
2357 5181 2658 5254 legionum]
2684 5182 2893 5237 militia:
2915 5182 3233 5248 mundialis,
3267 5188 3395 5236 sunt
3420 5187 3474 5233 et
3502 5191 3672 5248 ange-

2080 5275 2258 5331 lorum
2291 5275 2535 5346 legiones
2568 5276 2779 5332 militiae
2806 5276 3068 5343 caelestis,
3102 5273 3450 5331 militantium
3476 5279 3669 5325 contra

2078 5369 2320 5441 legiones
2363 5369 2675 5425 daemonum
2718 5369 3091 5425 habitantium
3132 5371 3186 5423 in
3216 5363 3498 5437 sepulcris.
3528 5361 3668 5417 Nam

2076 5471 2129 5516 et
2161 5462 2302 5531 apud
2341 5460 2546 5517 Lucam
2603 5463 2646 5492 ¹²
2691 5462 2988 5518 multitudo
3032 5461 3239 5517 militiae
3286 5456 3526 5515 cmicstis
3564 5471 3668 5512 au-

3094 5686 3342 5747 "Matth.
3378 5705 3503 5744 xxvi
3526 5727 3542 5752 ,
3574 5686 3664 5743 ὅθ.

2341 5692 2387 5724 ⁹⁹
2427 5690 2616 5747 Matth.
2664 5708 2734 5746 xx
2762 5733 2777 5757 ,
2810 5694 2896 5755 i3,
2928 5694 3016 5747 14.
3094 5690 3342 5747 “Matth.
3378 5705 3503 5744 xxvi
3526 5727 3542 5752 ,
3574 5690 3664 5743 ὅθ.

2341 5763 2383 5816 2.
2461 5763 2482 5793 ⁸
2522 5761 2720 5818 Enhes.
2758 5764 2952 5818 ν1.1“Ζ.
3054 5769 3074 5799 ⁷
3113 5760 3308 5818 Matth.
3371 5774 3526 5818 nrt,
3573 5755 3665 5815 52.

3294 5801 3308 5817 ο
3371 5797 3526 5825 σιντ,

2708 5835 2751 5865 ¹²
2791 5850 2866 5903 tt,
2902 5835 2987 5889 15.

3570 5953 3677 5968 ,αι-ο
