4052 6304
287 365 431 425 1733

1428 354 2090 419 COMMENTARIORUM
2131 353 2396 410 SERIES.

3415 357 3555 413 Πει

284 486 399 541 dita
433 491 519 539 est
540 460 881 537 laudantium
917 478 1087 535 Deum
1122 454 1343 549 propter
1384 477 1590 533 Christi
1618 475 1871 530 nativita-
1901 472 1947 529 Α
1976 470 2327 526 manifestum
2361 477 2451 549 est
2476 469 2733 525 onmibus
2768 468 3227 539 cOgnoscentibus
3253 482 3364 526 me.
3399 467 3555 536 Quo-

292 587 426 632 tem.
455 573 512 629 Si
545 582 729 629 autem
767 570 1061 626 multitudo
1093 570 1301 624 militia:
1328 569 1568 625 caelestis
1599 576 1718 622 erat
1754 567 1874 621 lau-
1912 608 1918 615 .

290 669 539 723 dantium
575 665 770 730 Deum,
802 662 993 717 militia
1020 671 1202 717 autem
1231 661 1414 717 omnis
1442 669 1661 731 pmpter
1683 658 1874 714 adver-

292 759 471 814 sarios
514 755 838 826 intelligitur
887 738 1212 817 constituta,
1269 760 1668 822 consequenter
1695 759 1749 804 et
1783 750 1873 803 illa

295 850 488 905 militia
518 856 739 918 propter
765 844 1115 901 adversarios
1146 843 1339 899 militat
1375 843 1503 898 Deo.
1555 841 1661 897 Sed
1707 841 1873 897 etiam

289 939 465 995 lacob
509 939 693 994 locum
750 935 985 1006 aliquem
1041 934 1252 989 vocavit
1296 942 1477 988 castra
1546 930 1762 987 Domini
1806 930 1872 996 ¹³,

287 1030 555 1101 quoniam
591 1028 840 1083 militiam
873 1027 985 1081 illic
1010 1026 1225 1097 aspexit
1260 1024 1602 1095 angelorum.
1658 1021 1724 1076 Et
1757 1020 1878 1075 ubi-

287 1136 515 1192 cunque
548 1129 677 1176 sunt
713 1117 883 1175 Deum
915 1117 1202 1184 timentes,
1237 1116 1383 1171 circa
1415 1130 1512 1170 eos
1543 1122 1673 1169 sunt
1698 1120 1877 1167 castra

286 1213 635 1283 angelorum.
672 1209 933 1265 Immittet
966 1207 1111 1264 enim
1161 1206 1378 1277 angelus
1428 1205 1639 1259 Domini
1680 1205 1737 1258 in
1767 1204 1876 1257 cir-

287 1306 446 1358 cuitu
470 1303 769 1358 timentium
793 1317 934 1368 eum,
954 1308 1003 1355 et
1030 1301 1212 1368 eripiet
1237 1315 1324 1353 eos
1356 1298 1429 1365 ";
1454 1297 1597 1352 sicut
1622 1295 1792 1351 fuisse
1821 1302 1877 1350 et

286 1397 445 1452 circa
476 1395 731 1450 Elisaaum
755 1392 920 1449 refert
945 1392 1080 1448 liber
1098 1390 1411 1462 Regnorum
1438 1390 1501 1443 ¹³.
1525 1386 1590 1442 Et
1611 1385 1826 1441 attende
1864 1402 1879 1437 :

289 1499 462 1560 putas
493 1487 653 1558 quasi
680 1486 888 1559 angelis
919 1484 1148 1540 inferior
1181 1483 1454 1547 Salvator,
1506 1488 1602 1536 aut
1631 1478 1882 1551 indigens

288 1583 504 1637 auxilio
530 1580 848 1652 angelorum
877 1578 1095 1634 dicebat
1123 1596 1138 1633 :
1173 1577 1253 1632 An
1285 1585 1444 1646 putas
1475 1574 1602 1645 quia
1631 1588 1735 1625 non
1763 1587 1885 1639 pos-

288 1691 418 1731 sum
451 1690 635 1745 rogare
657 1671 876 1726 Patrem
920 1686 1116 1735 meum,
1161 1678 1211 1725 et
1264 1665 1530 1723 exhibebit
1573 1664 1704 1718 mihi
1733 1662 1884 1733 plus-

290 1781 459 1837 quant
488 1762 764 1819 duodecim
809 1761 1039 1833 legiones
1080 1760 1433 1832 angelorum?
1465 1756 1577 1811 Aut
1616 1755 1757 1810 forte
1795 1769 1885 1810 se-
1917 1789 1924 1837 ί

294 1857 545 1914 cundum
590 1854 1056 1911 existimationem
1089 1851 1233 1907 Petri
1261 1851 1494 1907 volentis
1524 1849 1574 1904 ei
1617 1847 1883 1903 auxilium

295 1951 470 2017 ferre,
519 1957 573 2004 et
622 1947 860 2019 gladium
886 1945 1218 2018 proferentis
1242 1989 1257 2012 ,
1285 1952 1341 1999 et
1368 1941 1704 2012 amputantis
1737 1939 1886 1995 auri-

297 2043 484 2098 culam
534 2040 699 2104 servi,
753 2040 882 2094 talia
925 2047 1008 2095 est
1052 2034 1504 2105 locutusHlagis
1530 2036 1676 2089 enim
1710 2032 1888 2103 angeli

297 2148 446 2205 opus
494 2133 697 2187 habent
736 2130 942 2185 auxilio
973 2129 1239 2200 unigeniti
1269 2126 1392 2182 Filii
1423 2126 1541 2194 Dei,
1585 2140 1750 2196 quam
1774 2125 1890 2195 ipse

300 2227 550 2280 illorum.
604 2222 835 2293 Propter
880 2221 983 2277 hoc
1010 2231 1065 2277 et
1094 2221 1239 2287 quod
1279 2219 1539 2276 scribitur
1572 2236 1587 2272 :
1624 2216 1892 2283 Quoniam

304 2314 514 2387 angelis
541 2316 653 2368 suis
679 2312 951 2367 mandavit
982 2312 1046 2365 de
1069 2320 1149 2376 te,
1182 2319 1240 2364 ut
1272 2310 1576 2364 custodiant
1607 2316 1655 2363 te
1688 2309 1741 2361 in
1774 2322 1892 2362 om-

307 2409 465 2463 nibus
492 2407 588 2461 viis
627 2406 731 2460 tuis
757 2405 826 2471 ¹⁶,
858 2419 967 2459 non
1002 2403 1070 2459 de
1100 2401 1240 2456 Filio
1264 2400 1357 2456 Dei
1384 2400 1668 2472 unigenito
1689 2396 1890 2454 intelli-

304 2501 456 2572 gitur
502 2499 731 2565 dictum,
781 2497 877 2552 sed
928 2503 1024 2549 aut
1062 2494 1115 2547 in
1148 2508 1383 2564 persona
1411 2491 1616 2547 Christi
1644 2492 1711 2546 de
1739 2488 1891 2544 omni

307 2594 432 2649 viro
461 2593 614 2664 justo
651 2604 814 2660 quem
856 2587 1111 2643 Christus
1138 2584 1387 2656 portabat
1421 2584 1475 2637 in
1505 2596 1737 2651 corpore
1766 2595 1891 2647 suo,

308 2696 407 2742 aut
435 2686 502 2741 de
531 2683 753 2738 Christo
793 2680 1095 2737 secundum
1141 2678 1435 2733 humanam
1472 2675 1592 2744 ejus
1615 2681 1893 2727 naturam.

315 2776 560 2845 Denique
605 2784 659 2829 et
712 2772 857 2842 quod
885 2771 1017 2826 dicit
1049 2770 1092 2802 ‘7
1123 2786 1137 2823 :
1168 2767 1438 2822 Liberabit
1482 2774 1530 2819 te
1579 2781 1610 2817 a
1640 2763 1798 2816 ruina
1845 2769 1896 2815 et

313 2868 577 2926 diemonio
628 2865 970 2928 meridiano,
1037 2875 1385 2931 nequaquam
1441 2856 1696 2912 convenit
1761 2853 1899 2907 Filio

318 2965 432 3019 Dei.
469 2961 573 3017 Sed
595 2969 651 3016 et
683 2958 831 3030 quod
861 2956 994 3012 dicit
1025 2955 1069 2987 ⁸⁸
1101 2974 1114 3009 :
1154 2952 1277 3007 Non
1305 2951 1511 3007 timebis
1537 2967 1569 3004 a
1597 2951 1782 3003 timore
1805 2963 1899 3000 no-

317 3069 528 3123 cturno,
559 3071 592 3109 a
624 3053 821 3123 sagitta
845 3049 1056 3105 volante
1084 3063 1176 3117 per
1197 3046 1370 3111 diem,
1400 3061 1432 3097 α
1458 3042 1665 3113 negotio
1689 3053 1902 3109 peram-

1973 563 2138 618 modo
2172 572 2352 617 autem
2386 548 2592 617 et‘non
2619 563 2752 618 estis
2794 562 2990 633 placati
3014 561 3260 631 quotidie
3298 577 3555 632 perman-

1976 654 2188 709 sionem
2211 668 2392 708 meam
2423 652 2667 708 videntes
2694 653 2745 706 in
2772 652 2972 722 templo
3001 650 3117 718 Dei,
3144 662 3197 707 et
3227 653 3558 722 praebentem

1976 761 2065 799 me
2089 745 2348 800 omnibus
2372 744 2681 800 volentibus
2717 760 2804 799 me
2831 744 3042 810 audire,
3076 751 3138 799 ut
3166 743 3559 814 conjungerem

1975 852 2071 892 eos
2101 836 2233 890 mihi
2278 836 2345 891 ad
2385 837 2854 906 prodilicationcm
2897 852 3087 891 eorum
3117 851 3215 906 per
3245 834 3472 890 verbum
3508 844 3562 890 ct

1977 930 2145 984 vitam
2186 929 2253 984 ad
2300 928 2693 985 beatitudinem
2743 929 2875 984 Dei?
2905 930 3015 984 Aut
3038 937 3165 985 tunc
3194 929 3415 998 quidem
3451 944 3561 983 non

1977 1021 2234 1078 tenuistis
2279 1038 2368 1078 me
2411 1023 2655 1079 videntes
2700 1022 2988 1078 docentem
3014 1030 3070 1078 et
3105 1022 3243 1076 nihil
3270 1021 3561 1077 facientem

1978 1113 2203 1184 dignum
2255 1114 2449 1182 reatui,
2506 1130 2653 1170 nunc
2707 1124 2889 1170 autem
2946 1115 3104 1185 quasi
3159 1123 3429 1170 mutatum
3477 1131 3567 1170 me

1980 1206 2327 1272 existimatis,
2365 1217 2426 1261 ut
2461 1205 2620 1277 quasi
2650 1207 2918 1263 latronem
2948 1207 3147 1262 debere
3176 1206 3566 1277 comprehendi

1982 1298 2225 1369 putetis?
2279 1297 2386 1354 Sed
2413 1315 2514 1355 nec
2537 1299 2590 1353 in
2623 1300 2730 1356 hoe
2757 1299 3112 1355 occasionem
3144 1299 3384 1370 aliquam
3415 1300 3568 1353 inve-

1986 1389 2140 1455 nitis,
2177 1390 2337 1460 quasi
2372 1391 2439 1445 ad
2470 1391 2698 1446 verbum
2730 1401 2998 1446 mutatum
3026 1392 3099 1446 ab
3128 1391 3209 1447 eis
3227 1407 3350 1462 quae
3378 1392 3433 1447 in
3454 1391 3566 1462 pri-

1983 1481 2088 1537 mis
2133 1497 2526 1552 proposueram
2568 1482 2829 1552 prodesse
2857 1482 3168 1538 volentibus
3196 1485 3375 1540 verbis
3398 1493 3449 1540 et
3476 1482 3561 1538 la-

1984 1574 2107 1631 ctis.
2157 1572 2225 1628 Et
2256 1574 2378 1627 vide
2406 1582 2695 1643 postquam
2726 1573 2865 1628 dixit
2896 1575 2964 1628 ad
2998 1571 3219 1628 Petrum
3259 1591 3275 1630 :
3321 1573 3569 1629 Reconde

1986 1666 2224 1738 gladium
2252 1676 2402 1721 tuum
2423 1667 2478 1720 in
2503 1669 2707 1721 thecam
2729 1682 2884 1720 suam
2902 1666 2969 1733 “,
2992 1668 3137 1735 quod
3163 1674 3245 1721 est
3266 1665 3565 1736 patientiae:

1990 1767 2278 1828 postquam
2315 1756 2621 1812 auriculam
2645 1756 2890 1811 restituit
2916 1763 3279 1825 amputatam,
3316 1755 3459 1810 sicut
3488 1755 3573 1810 al-

1992 1856 2071 1901 ter
2101 1846 2235 1902 dicit
2261 1846 2619 1917 evangelista,
2663 1845 2810 1916 quod
2850 1852 2905 1900 et
2946 1859 3177 1900 summa;
3223 1843 3573 1915 benignitatis

1991 1938 2254 1995 indicium
2293 1937 2470 1993 fuerat
2499 1935 2706 2008 pariter
2731 1945 2787 1991 et
2813 1936 3013 1993 divinae
3037 1936 3275 2004 virtutis,
3316 1946 3446 1992 tunc
3469 1937 3574 1993 ista

1989 2030 2155 2085 verba
2189 2029 2405 2085 locutus
2454 2040 2559 2092 est,
2610 2037 2670 2083 ut
2713 2027 2891 2083 lidelia
2938 2026 3253 2084 viderentur
3274 2042 3341 2081 ex
3376 2041 3577 2096 praece-

1990 2119 2246 2175 dentibus
2276 2118 2460 2175 verbis
2490 2127 2544 2175 et
2575 2118 2757 2186 factis,
2810 2126 2871 2173 ut
2907 2118 2953 2174 si
2980 2119 3254 2190 praeterita
3292 2117 3576 2173 benefacta

1994 2228 2105 2267 non
2136 2219 2518 2279 recordamur,
2549 2211 2632 2266 vel
2657 2211 2948 2281 praesentia
2974 2219 3396 2281 recognoscant.

2066 2304 2191 2359 104.
2240 2303 2355 2358 Hoc
2384 2313 2563 2358 autem
2599 2312 2765 2357 totum
2791 2303 2992 2373 factum
3016 2312 3114 2368 est,
3150 2312 3208 2357 ut
3235 2302 3578 2373 implerentur

1996 2394 2289 2465 Scriptura:
2339 2396 2717 2465 prophetarum
2762 2395 2827 2448 de
2878 2394 3184 2465 Itujusmodi
3231 2396 3297 2449 ²¹.
3349 2393 3575 2448 Multum

1996 2496 2180 2542 autem
2228 2495 2312 2542 est
2348 2503 2497 2542 nunc
2528 2487 2731 2557 eligere
2768 2486 2837 2541 de
2876 2487 3196 2556 prophetis,
3237 2486 3419 2556 qualia
3457 2500 3583 2555 quae

1997 2590 2128 2635 tunc
2170 2580 2392 2649 impleta
2452 2588 2581 2635 sunt
2632 2578 2848 2648 eloquia
2902 2578 3317 2648 prophetarum,
3358 2577 3585 2646 quando

1999 2672 2115 2726 haec
2153 2686 2212 2725 se
2255 2671 2365 2740 pati
2397 2670 2651 2725 Christus
2683 2669 2900 2725 dicebat
2938 2688 2951 2724 :
2981 2677 3037 2725 et
3070 2668 3303 2725 studiosi
3340 2668 3583 2724 hominis

1996 2772 2081 2819 est
2110 2771 2165 2818 et
2191 2762 2363 2817 multa
2392 2761 2616 2818 scientis
2640 2776 2973 2832 congregare
2995 2761 3162 2816 verba
3189 2760 3578 2831 prophetarum

1999 2870 2123 2924 qua:
2160 2862 2290 2909 sunt
2321 2852 2563 2922 impleta.
2614 2850 2680 2907 Et
2725 2852 2781 2905 in
2814 2851 3114 2907 centesimo
3143 2863 3338 2906 octavo
3369 2851 3585 2920 psalmo

2001 2945 2142 3001 forte
2155 2945 2412 3016 pleraque
2427 2942 2669 2999 invenies
2683 2942 3063 2997 convenientia
3081 2941 3200 2998 istis
3212 2941 3306 3012 qui
3321 2952 3584 2996 venerunt

2001 3052 2127 3094 cum
2172 3034 2312 3090 Juda
2351 3033 2814 3104 comprehendere
2841 3030 3052 3098 Jesum,
3098 3031 3239 3087 sicut
3282 3039 3337 3086 et
3383 3030 3487 3083 alia
3515 3029 3585 3084 de

318 3119 533 3203 balante
574 3147 631 3199 in
680 3119 926 3208 tenebris,
954 3139 1127 3211 magis
1148 3136 1402 3193 convenit
1424 3136 1540 3189 viro
1560 3134 1712 3205 justo
1734 3145 1896 3202 quam
1925 3161 1971 3221 ε
2003 3128 2141 3185 Iuda
2174 3129 2228 3182 in
2260 3128 2451 3183 eodem
2486 3126 2632 3182 dicta
2659 3133 2791 3181 sunt
2818 3125 3031 3194 psalmo
3061 3143 3075 3178 :
3116 3122 3261 3178 Tunc
3289 3119 3450 3177 simai
3471 3137 3585 3176 om-

323 3239 461 3293 Filio
491 3235 607 3291 Dei.
660 3235 795 3290 Cum
844 3248 975 3302 ergo
1022 3238 1211 3301 posset
1236 3228 1483 3298 accipere
1515 3225 1775 3295 legiones,
1804 3237 1902 3278 no-

321 3331 465 3384 lebat
497 3328 764 3397 accipere,
806 3333 866 3380 ut
897 3339 994 3394 per
1018 3321 1334 3392 patientiam
1381 3319 1501 3389 ejus
1546 3315 1904 3387 implerentur

324 3421 621 3491 Scriptura:
669 3417 1059 3488 prophetantes
1088 3414 1155 3470 de
1196 3413 1346 3483 ipsof,
1379 3409 1641 3480 quoniam
1673 3407 1747 3460 ita
1775 3420 1901 3461 eum

323 3511 432 3582 pati
454 3508 833 3566 conveniebat.

400 3602 523 3655 105.
556 3601 620 3653 In
651 3599 750 3651 illa
781 3598 912 3650 hora
940 3596 1078 3649 dixit
1100 3592 1258 3648 Iesus
1285 3592 1354 3644 ad
1390 3588 1571 3642 turbas
1600 3603 1618 3638 :
1653 3584 1805 3640 Sicut
1834 3584 1905 3638 ad

331 3696 594 3749 latronem
631 3691 815 3746 existis
848 3705 967 3743 cum
1002 3687 1194 3758 gladiis
1223 3692 1273 3740 et
1306 3681 1535 3754 fustibus
1574 3677 1907 3748 comprehen-

328 3786 449 3841 dere
476 3802 594 3851 me;
643 3781 879 3853 quotidie
924 3779 1066 3849 apud
1106 3794 1193 3833 vos
1217 3777 1271 3830 in
1314 3773 1504 3842 templo
1535 3770 1779 3827 sedebam
1811 3769 1907 3820 do-

329 3893 469 3943 cens,
522 3884 569 3930 et
617 3889 720 3927 non
773 3870 1016 3924 tenuistis
1059 3884 1139 3921 me
1166 3868 1231 3922 ι’.
1272 3863 1537 3920 Voluntas
1572 3874 1759 3915 eorum
1787 3871 1909 3928 qnze

330 3969 384 4025 in
417 3969 522 4023 hoc
556 3968 676 4022 loco
704 3964 982 4027 dicuntur,
1013 3960 1140 4014 talis
1168 3957 1302 4012 mihi
1334 3955 1568 4020 videtur,
1599 3953 1744 4023 quod
1778 3950 1910 4005 dicit

332 4062 583 4117 Salvator
621 4058 689 4113 ad
732 4056 921 4111 turbas
956 4073 969 4110 :
1008 4051 1067 4107 Si
1103 4052 1227 4122 quis
1251 4050 1521 4105 latronem
1554 4047 1669 4101 vult
1703 4056 1906 4110 tenere,

333 4170 444 4210 non
476 4164 559 4209 est
591 4152 953 4219 incongruum
985 4162 1110 4202 cum
1144 4142 1339 4215 gladiis
1371 4150 1426 4197 et
1462 4139 1699 4195 fustibus
1725 4136 1912 4192 venire

332 4249 399 4303 ad
445 4261 593 4312 eum,
638 4244 765 4315 quia
817 4241 941 4296 talis
991 4250 1075 4294 est
1127 4245 1181 4292 et
1214 4236 1352 4290 latro
1387 4242 1446 4305 ut
1479 4232 1664 4287 omnia
1694 4231 1910 4298 audeat,

332 4339 632 4396 dummodo
666 4334 804 4390 nihil
833 4332 959 4388 mali
986 4330 1259 4401 patiatur;
1313 4335 1367 4381 et
1417 4326 1463 4381 si
1506 4332 1706 4395 potest,
1749 4338 1912 4392 para-

2005 3237 2093 3276 nes
2119 3220 2370 3274 derelicto
2387 3235 2445 3272 eo
2476 3217 2723 3288 fugerunt
2746 3218 2814 3270 “.
2848 3214 3128 3269 Timentes
3149 3228 3279 3283 ergo
3308 3213 3500 3282 turbas
3530 3220 3589 3266 et

2005 3310 2305 3384 principem
2333 3325 2524 3366 eorum
2551 3307 2773 3372 Judam,
2800 3305 3072 3377 fugerunt.
3098 3302 3210 3360 Nec
3240 3305 3386 3359 enim
3419 3302 3589 3357 habe-

2005 3404 2139 3459 bant
2167 3401 2349 3457 adhuc
2385 3399 2673 3468 Spiritum,
2697 3397 2949 3466 quoniam
2970 3394 3128 3450 Jesus
3155 3395 3387 3448 nondunt
3411 3393 3587 3462 fuerat

2005 3493 2384 3562 honoriﬁcatus
2404 3491 2473 3555 ⁸³,
2507 3504 2608 3543 nec
2644 3487 2911 3557 Spiritum
2940 3486 3160 3541 virtutis
3194 3496 3247 3541 et
3281 3486 3583 3541 charitatis.

2007 3582 2180 3650 Quem
2204 3582 2250 3637 si
2285 3578 2609 3635 habuissent
2628 3615 2644 3641 ,
2674 3593 2781 3631 non
2809 3584 2996 3631 essent
3027 3576 3286 3630 infirmati
3307 3617 3324 3643 ,
3354 3592 3456 3632 nec
3487 3576 3589 3631 ali-

2007 3673 2137 3744 quid
2164 3672 2314 3726 aliud
2338 3678 2493 3725 extra
2528 3669 2768 3723 divinam
2806 3666 3128 3722 charitatem
3156 3666 3414 3735 egissent.

2079 3762 2203 3819 105.
2233 3760 2304 3815 Et
2328 3760 2411 3814 illi
2438 3768 2671 3814 tenentes
2696 3756 2908 3820 Iesum,
2931 3755 3198 3808 duxerunt
3234 3755 3304 3808 ad
3331 3753 3590 3825 Caipham

2008 3854 2298 3927 principem
2325 3851 2682 3917 sacerdotum,
2721 3848 2808 3902 ubi
2837 3846 3040 3902 Scriba:
3070 3856 3119 3901 et
3142 3847 3372 3901 seniores
3408 3863 3584 3901 canae.

2013 3948 2225 4003 niebant
2253 3945 2318 3999 “.
2349 3943 2601 3998 Arbitror
2626 3941 2772 3996 enim
2794 3982 2806 4006 ,
2836 3938 3095 4008 quoniam
3131 3953 3314 3993 sermo
3349 3938 3591 3992 deservi-

2013 4038 2177 4097 tionis
2211 4036 2486 4099 Judaiczc,
2523 4048 2633 4103 quo
2668 4048 2815 4087 nunc
2843 4030 3085 4085 derelicti
3118 4029 3395 4085 deservire
3423 4030 3590 4100 proli.-

2014 4138 2216 4191 tentur,
2257 4125 2494 4195 Caiphas
2519 4133 2620 4188 est,
2650 4122 2744 4192 qui
2776 4121 3050 4176 adversus
3082 4121 3364 4176 veritatem
3395 4120 3592 4178 militat

2012 4221 2142 4277 Jesu
2173 4219 2265 4290 qui
2293 4217 2493 4273 dicitur
2521 4214 2775 4284 princeps
2798 4212 3168 4267 sacerdotum.
3192 4210 3354 4266 Jesus
3380 4221 3591 4274 autem,

2015 4312 2315 4370 secundum
2365 4308 2686 4372 veritatem,
2744 4302 2998 4360 sacerdos
3045 4311 3129 4358 est
3183 4300 3421 4356 Verbum
3472 4302 3599 4366 Dei,

334 4444 422 4487 tus
448 4439 533 4486 est
571 4428 751 4500 gladio
780 4426 858 4481 uti
893 4433 949 4479 et
978 4392 1120 4477 fuste
1152 4392 1417 4476 adversus
1454 4392 1917 4487 comprehendere
2017 4405 2120 4461 ευι)
2161 4417 2271 4473 (ιυο
2301 4395 2601 4500 ξοηῗξίιυξί
2825 4407 3018 4500 omne:
3054 4392 3160 4500 fit“
3193 4393 3595 4461 θεεθβῑθῦίίίῑθτ

334 4540 393 4580 se
437 4521 703 4586 volentes,
749 4518 928 4589 potius
956 4529 1120 4586 quam
1154 4521 1214 4566 ut
1247 4512 1389 4566 ultro
1419 4509 1600 4564 tradat
1620 4523 1678 4563 se
1707 4508 1762 4562 in
1797 4523 1914 4562 ma-

336 4632 440 4672 nus
469 4628 679 4669 eorum.
714 4610 827 4681 Ego
861 4618 1043 4663 autem
1073 4605 1217 4678 quod
1251 4619 1358 4658 non
1389 4617 1510 4658 sum
1537 4600 1691 4667 talis,
1720 4614 1912 4654 omnes

335 4708 429 4779 qui
469 4714 598 4762 sunt
625 4705 678 4758 in
708 4702 895 4757 Judaza
931 4701 1135 4765 sciunt,
1162 4697 1256 4753 alii
1298 4694 1518 4766 quidem
1548 4693 1795 4748 videntes
1818 4692 1914 4746 do—

335 4799 568 4857 ctrinam
602 4811 777 4850 meam
814 4802 869 4849 et
915 4808 1079 4863 opera
1116 4805 1257 4851 mea,
1305 4786 1394 4842 alii
1450 4796 1632 4841 autem
1666 4783 1912 4838 auditum

338 4892 598 4948 habentes
624 4888 690 4942 de
713 4902 820 4954 me,
854 4895 948 4941 aut
979 4880 1449 4939 conversationem
1478 4890 1656 4931 meam
1684 4888 1916 4943 sequen-

340 4994 450 5050 tes;
476 4979 738 5052 quoniam
771 4976 1021 5048 quotidie
1044 4976 1238 5031 sedens
1265 4974 1319 5028 in
1354 4973 1473 5026 loco
1502 4967 1675 5024 sancti
1708 4964 1914 5034 templi,

338 5074 496 5146 quasi
536 5085 777 5141 congruo
807 5069 873 5123 ad
899 5068 1178 5123 doctrinas
1211 5064 1458 5128 divinas,
1493 5057 1913 5115 manifestabam

339 5183 461 5237 quae
511 5163 837 5237 pertinentia
873 5170 1029 5216 erant
1059 5158 1126 5214 ad
1156 5158 1408 5228 pietatem
1435 5163 1490 5208 ct
1530 5153 1695 5207 vitam
1725 5165 1914 5206 sanam

341 5256 640 5312 secundum
676 5255 847 5325 legem
886 5249 1013 5317 Dei,
1064 5257 1120 5304 et
1168 5262 1263 5318 per
1313 5245 1415 5300 hoc
1470 5240 1919 5298 commendabam

345 5346 629 5415 paciﬁcum
672 5360 758 5399 me
779 5358 924 5399 esse.
952 5340 1109 5408 Quod
1133 5346 1310 5393 autem
1330 5333 1534 5390 nullam
1559 5332 1722 5386 habet
1753 5330 1920 5384 ratio-

346 5453 468 5493 nem
498 5438 748 5492 idoneam
784 5450 963 5506 neque
994 5431 1271 5488 insidiatio
1304 5439 1484 5483 vestra
1517 5424 1779 5479 adversus
1811 5436 1918 5489 me,

345 5544 521 5600 neque
561 5529 755 5584 militia
794 5535 976 5585 vestra
1017 5541 1141 5582 cum
1170 5521 1364 5599 gladiis
1387 5527 1442 5576 et
1471 5517 1707 5574 fustibus
1738 5514 1877 5569 facta
1900 5551 1920 5580 ,

423 5672 468 5705 ³³
506 5671 641 5726 Gen.
679 5686 869 5726 xxvm.
949 5668 992 5702 “
1029 5668 1173 5723 Psal.
1211 5677 1406 5723 χχχιιι,
1438 5660 1491 5713 8.

348 5758 493 5804 xxvi,
739 5742 783 5774 "
820 5739 979 5799 Joau.
1014 5755 1167 5807 xvtu,
1215 5735 1301 5793 il.

347 5813 395 5845 ’⁸
410 5811 539 5868 ibid.
559 5809 650 5867 58.

1575 5659 1616 5691 "'
1655 5655 1723 5709 IV
1761 5655 1893 5725 Reg.
1926 5669 2004 5710 vt.

1407 5731 1449 5764 “
1490 5728 1659 5784 Matth
1715 5742 1862 5795 xxvi,
1889 5725 1980 5781 56.

1946 4514 1990 4572 ο
2018 4495 2263 4552 serviunt
2298 4491 2408 4547 Deo
2435 4488 2605 4542 Patri.
2633 4484 2739 4541 Ubi
2766 4492 2947 4539 autem
2974 4482 3210 4553 Caiphas
3238 4493 3323 4538 est
3345 4484 3596 4554 princeps

2015 4587 2383 4651 sacerdotum,
2429 4582 2505 4636 ibi
2553 4587 2952 4650 congregantur
2989 4574 3216 4642 Scribar,
3248 4575 3301 4629 id
3335 4584 3420 4630 est
3456 4575 3596 4629 litte-

2016 4678 2142 4744 rati,
2190 4676 2285 4747 qui
2336 4682 2578 4745 praesunt
2618 4673 2810 4728 littera:
2844 4668 3133 4724 occidenti.
3185 4666 3250 4721 Et
3296 4667 3594 4727 secundum

2015 4770 2211 4825 litterae
2244 4766 2413 4836 909
2442 4764 2761 4834 qualitatem
2793 4759 3110 4815 Scribarum
3142 4766 3273 4813 sunt
3309 4758 3597 4824 seniores,

2017 4862 2113 4933 qui
2142 4876 2253 4915 non
2282 4861 2334 4912 in
2368 4856 2675 4921 veritatem,
2697 4852 2791 4908 sed
2815 4852 2868 4905 in
2893 4858 3214 4905 vetustatem
3245 4851 3438 4906 littera:
3460 4850 3595 4905 sim-

2020 4953 2177 5026 plicis
2205 4959 2334 5007 sunt
2364 4948 2744 5004 recumbentes
2773 4955 2829 5002 et
2866 4945 3005 5001 nihil
3050 4943 3286 5013 amplius
3329 4942 3600 5013 negotiari

2019 5044 2451 5190 vcll‘ﬁfsl’etrus
2491 5137 2667 5182 autem
2701 5126 3013 5197 sequebatur
3032 5141 3153 5180 eum
3177 5123 3242 5177 de
3262 5122 3416 5194 longe
3437 5137 3599 5192 usque

2021 5232 2077 5284 in
2110 5228 2310 5282 atrium
2342 5222 2598 5294 principis
2629 5220 2987 5274 sacerdotum.
3027 5217 3097 5271 Et
3123 5218 3389 5287 ingressus
3426 5215 3597 5277 intro,

2021 5318 2231 5377 sedebat
2270 5332 2389 5370 cum
2430 5312 2690 5367 ministris
2714 5320 2771 5365 ut
2799 5310 2993 5365 videret
3025 5309 3225 5364 exitum
3249 5307 3325 5360 rei
3346 5305 3414 5358 “.
3457 5305 3602 5360 Cum

2025 5413 2316 5468 duceretur
2345 5414 2525 5462 autem
2557 5403 2838 5474 Magister,
2869 5401 3202 5471 sequebatur
3229 5398 3447 5472 quidem
3487 5396 3593 5451 Pe-

2027 5515 2184 5561 trus:
2230 5515 2337 5555 non
2370 5505 2552 5553 autem
2594 5504 2809 5565 poterat
2847 5493 2918 5549 de
2949 5492 3204 5565 proximo
3248 5505 3375 5545 eum
3418 5488 3602 5558 sequi,

2095 5651 2138 5682 ιε
2176 5646 2321 5702 Psal.
2356 5658 2460 5707 ac,
2494 5639 2582 5693 tl.
2654 5638 2696 5671 ιτ
2737 5635 2951 5707 ibid.6.
3022 5630 3237 5707 eum.
3317 5625 3360 5660 η
3406 5625 3605 5707 Matth.

2081 5722 2126 5754 ²²
2167 5696 2320 5775 ibid:
2356 5696 2649 5767 λιίωυ.
2678 5724 2779 5775 vn,
2820 5706 2911 5761 59.
2996 5704 3041 5737 “
3079 5700 3266 5758 Matth.
3306 5713 3469 5766 xxvi,
3510 5696 3579 5751 51
