4052 6304
516 384 654 441 Hb?)

1682 373 2009 433 ORIGENIS
2049 375 2115 431 IN
2155 373 2572 433 MATTIIEUM

3621 374 3763 431 i756

512 508 608 563 sed
638 506 703 558 de
728 501 1047 570 longinquo,
1081 510 1181 551 nec
1216 495 1442 550 omnino
1475 495 1734 553 recedens
1762 498 1943 563 abeo,
1977 511 2079 552 nec
2107 498 2155 555 Α
2184 495 2254 564 pli
2291 510 2397 549 non
2446 494 2562 565 ipse
2590 492 2841 564 promisit
2885 490 3084 558 facere,
3117 491 3214 548 sed
3261 491 3370 549 iliis
3416 492 3511 563 qui
3546 493 3769 550 fuerant

509 611 635 652 cum
674 608 740 648 eo
778 588 1070 651 incedens,
1114 602 1216 642 nec
1255 586 1412 657 juxta
1454 603 1620 655 eum;
1677 588 1772 642 sed
1815 588 1882 642 de
1928 588 2086 656 longe

512 699 747 756 sequens
781 680 1029 752 pervenit
1069 679 1134 733 ad
1166 679 1365 734 atrium
1411 679 1675 749 principis
1714 680 2080 735 sacerdotum.

515 773 579 829 Et
623 775 903 844 ingressus
945 769 1141 825 Petrus
1200 771 1347 825 intus
1390 771 1644 838 sedebat,
1701 785 1877 841 neque
1939 771 2085 841 quod

504 869 584 926 illi
621 864 860 923 ministri
898 864 1241 929 ministrans,
1277 877 1454 933 neque
1501 862 1708 919 faciens
1734 878 1856 933 quae
1881 864 2087 918 docue-

504 969 590 1017 rat
612 958 792 1022 Jcsus,
820 956 914 1011 sed
946 955 1315 1025 exspectabat,
1350 954 1555 1009 exitum
1595 956 1840 1009 omnium
1886 957 2081 1012 horum

504 1049 699 1104 volens
747 1044 935 1101 videre
980 1060 996 1098 :
1041 1046 1301 1114 quoniam
1344 1043 1526 1099 adhuc
1575 1059 1682 1099 non
1730 1044 2081 1115 intelligebat,

507 1154 685 1209 neque
729 1138 949 1194 videbat
998 1136 1207 1191 exitum
1241 1134 1711 1205 dispensationum
1737 1134 1943 1191 Christi
1972 1151 2087 1206 quo

503 1230 808 1285 tenderent.
869 1225 981 1283 Nec
1032 1226 1178 1282 enim
1235 1234 1322 1281 est
1363 1225 1543 1282 exitus
1587 1240 1779 1281 eorum
1837 1227 1894 1281 in
1946 1228 2085 1282 atrio

501 1319 743 1390 Caiphae.
783 1333 884 1373 nec
925 1317 1019 1372 ubi
1063 1314 1269 1371 Scribze
1318 1323 1375 1370 et
1412 1315 1659 1370 seniores
1702 1314 1886 1384 populi
1936 1316 2083 1373 illius

475 1400 477 1403 ’
501 1419 924 1482 congregantur.
956 1408 1012 1463 Si
1050 1416 1233 1462 tamen
1260 1406 1481 1477 proprie
1509 1407 1637 1473 quis
1663 1407 1844 1461 videat
1874 1406 2080 1462 exitum

502 1504 714 1572 ipsum,
763 1500 966 1554 \idebit
1005 1498 1243 1552 Verbum
1285 1497 1378 1551 Dei
1412 1505 1467 1552 et
1510 1497 1845 1567 Sapientiam
1891 1500 2078 1553 dicen-

502 1607 610 1652 tem
636 1595 720 1645 “z
749 1593 862 1663 Ego
895 1608 1013 1646 sum
1045 1597 1087 1645 A
1126 1600 1175 1644 et
1202 1592 1269 1653 Ω,
1297 1591 1618 1660 principium
1649 1600 1699 1644 et
1725 1592 1868 1660 ﬁnis.

577 1686 692 1742 l07.
738 1685 1013 1753 Principes
1050 1691 1227 1736 autem
1271 1684 1628 1748 sacerdotum,
1664 1690 1714 1736 et
1739 1683 1988 1745 seniores,
2030 1692 2080 1737 et

500 1780 799 1832 universum
855 1776 1139 1831 concilium
1170 1777 1472 1846 qurerebant
1497 1775 1694 1846 falsum
1726 1775 2081 1829 testimonium

495 1883 687 1924 natura
713 1867 917 1931 Iesum,
959 1879 1013 1922 ut
1048 1885 1166 1922 eum
1197 1870 1357 1923 morti
1394 1869 1685 1933 traderent,
1721 1875 1771 1921 et
1808 1883 1909 1920 non
1937 1867 2080 1921 inre-

492 1971 725 2024 neruut;
769 1971 817 2015 et
861 1959 1018 2014 multi
1045 1959 1175 2028 falsi
1210 1969 1362 2015 testes
1393 1969 1743 2024 accesserunt,
1778 1970 1829 2015 et
1857 1977 1961 2016 non
1996 1962 2079 2015 in-

497 2060 744 2106 uenerunt
777 2050 843 2104 ’⁷.
888 2049 954 2104 Et
990 2065 1088 2119 per
1132 2052 1244 2107 haec
1284 2051 1634 2106 manifestum
1679 2060 1761 2108 est
1815 2052 2076 2122 quoniam

495 2148 779 2209 peccatum
827 2153 935 2192 non
982 2139 1109 2194 fecit
1154 2136 1334 2202 Jesus,
1368 2155 1469 2196 nec
1514 2139 1617 2195 fuit
1663 2140 1824 2195 dolus
1875 2142 1931 2194 in
1980 2155 2077 2196 ore

494 2228 636 2297 ejus.
675 2227 1094 2284 Mundissimam
1145 2240 1324 2285 autem
1367 2230 1538 2286 fuisse
1580 2232 1746 2286 vitam
1787 2231 1985 2302 ipsius.
2021 2241 2076 2287 et

493 2320 722 2374 omnino
773 2320 1331 2390 irrepreheusihilem,
1361 2331 1415 2377 et
1446 2321 1788 2377 auferentem
1820 2324 2068 2379 occasio-

496 2425 593 2465 nes
614 2425 805 2465 eorum
836 2413 929 2481 qui
958 2421 1210 2481 quaerunt
1236 2414 1576 2478 occasiones,
1614 2429 1678 2469 ex
1707 2413 1815 2469 hoc
1842 2413 2073 2469 demon-

495 2510 723 2567 stratur,
757 2502 886 2572 quia
916 2518 1028 2558 non
1068 2504 1416 2559 inveniebant
1446 2505 1745 2560 adversarii
1777 2506 1899 2576 ejus
1927 2507 2072 2577 quod

496 2592 681 2646 dicere
728 2603 953 2661 possent
1000 2595 1264 2650 adversus
1303 2609 1451 2659 eum,
1503 2595 1584 2649 vel
1635 2595 1933 2651 colorare:
1977 2598 2073 2652 sed

496 2683 815 2753 quaerebant
852 2698 1046 2739 omnes
1086 2686 1400 2740 sacerdotes
1427 2695 1485 2742 et
1506 2685 1801 2741 concilium
1844 2686 2070 2741 univer-

491 2788 638 2837 sum,
673 2783 728 2828 et
758 2775 891 2829 nihil
925 2786 1175 2845 poterant
1206 2777 1472 2831 invenire.
1505 2774 1776 2842 Quoniam
1811 2775 1944 2830 falsa
1980 2784 2061 2831 te-

492 2865 752 2922 stimonia
791 2876 924 2922 tunc
970 2868 1150 2924 locum
1188 2868 1412 2936 habent,
1454 2870 1675 2939 quando
1717 2886 1843 2925 cum
1887 2872 2070 2927 colore

488 2958 673 3030 aliquo
719 2959 1116 3030 proferuntur:
1163 2962 1425 3017 adversus
1485 2960 1673 3017 Jesum
1736 2972 1915 3018 autem
1967 2980 2069 3020 nec

489 3052 645 3107 color
686 3052 1071 3107 inveniebatur
1107 3054 1201 3124 qui
1242 3063 1427 3123 posset
1470 3064 1660 3111 contra
1689 3054 1878 3111 Jesum
1911 3057 2070 3126 adju-

2150 624 2155 629 .
2188 586 2298 654 apti
2331 586 2399 640 ad
2424 585 2735 655 huiusmodi
2781 600 2919 654 opus
2964 582 3263 651 commisit,
3298 585 3488 641 dicens
3523 584 3769 643 :Soleite

2187 673 2436 742 templum
2464 675 2581 730 hoc.
2608 674 2723 730 Sibi
2753 683 2934 729 autem
2965 673 3109 743 quod
3141 676 3442 729 reservavit
3469 676 3523 730 id
3551 686 3637 731 est
3662 695 3680 732 :
3717 687 3771 733 et

2186 767 2239 817 in
2268 764 2446 818 triduo
2472 764 2741 820 suscitabo
2766 766 2963 833 ipsum.
3001 762 3061 817 Et
3092 764 3237 833 quod
3259 764 3349 818 ille
3368 763 3501 820 dixit
3531 765 3599 821 de
3627 774 3769 820 tem—

2184 856 2276 924 plo
2300 857 2546 926 corporis
2570 857 2678 922 sui,
2709 855 2903 921 Judzei,
2927 855 3205 925 prapediti
3234 856 3465 921 malitia,
3500 865 3762 914 transsu-

2184 947 2405 1002 dierunt
2449 957 2506 1002 et
2566 948 2954 1002 intellexerunt
3002 946 3070 1000 de
3121 946 3320 1016 templo
3372 947 3467 1001 illo
3528 947 3762 1016 lapideo.

2184 1035 2340 1103 Quod
2406 1036 2757 1093 manifestum
2804 1045 2889 1092 est
2936 1052 3004 1091 ex
3053 1051 3122 1091 eo
3170 1036 3313 1106 quod
3370 1038 3764 1107 respondentes

2183 1128 2438 1183 dixerunt
2459 1128 2501 1159 ³¹
2531 1146 2544 1181 :
2571 1127 2939 1198 Quadraginta
2967 1137 3015 1180 et
3043 1141 3136 1180 sex
3161 1128 3314 1182 annis
3339 1128 3663 1197 tediﬁcatum
3686 1140 3765 1184 est

2186 1220 2435 1285 templum
2479 1221 2597 1286 hoc,
2634 1231 2682 1275 et
2717 1227 2772 1272 tu
2817 1219 2873 1272 in
2905 1218 3074 1272 tribus
3107 1218 3290 1272 diebus
3330 1220 3555 1273 suscitas
3588 1220 3723 1275 illud
3736 1223 3766 1278 .'

2184 1309 2252 1364 Et
2291 1310 2579 1365 considera
2619 1310 2877 1380 quoniam
2913 1324 3022 1364 non
3054 1324 3199 1365 unus
3242 1307 3415 1365 falsus
3448 1310 3602 1365 testis
3635 1327 3758 1380 pro-

2187 1402 2356 1458 cessit
2413 1402 2466 1456 in
2524 1401 2895 1456 testimonium
2949 1401 3074 1463 hoc,
3126 1415 3227 1455 nec
3265 1401 3411 1454 enim
3464 1400 3762 1456 sullicichat

2184 1510 2331 1549 unus
2363 1494 2673 1548 volentibus
2719 1492 3025 1548 interﬁcere
3051 1490 3262 1557 Iesum,
3301 1493 3560 1561 quoniam
3608 1493 3688 1546 lex
3713 1494 3759 1525 ³³

2181 1584 2574 1655 praecipiebat:
2616 1583 2740 1637 Non
2777 1583 3008 1637 manebit
3056 1585 3202 1638 testis
3234 1600 3371 1638 unus
3402 1585 3757 1638 testimonium

2182 1678 2302 1730 dari
2335 1676 2581 1730 adversus
2612 1677 2894 1729 hominem.
2929 1675 3035 1730 Sed
3062 1691 3161 1731 nec
3204 1685 3316 1731 tres
3347 1685 3505 1731 erant
3531 1694 3546 1731 :
3574 1678 3760 1733 multis

2183 1772 2327 1824 enim
2363 1768 2752 1824 accedentibus
2798 1768 3026 1823 testibus
3070 1767 3251 1833 falsis,
3279 1769 3368 1823 vix
3409 1770 3519 1824 duo
3558 1771 3761 1826 inventi

2181 1871 2351 1925 sunt,
2409 1863 2503 1931 qui
2570 1861 2776 1932 aliquid
2840 1861 3021 1915 dicere
3089 1861 3422 1917 viderentur.
3500 1860 3606 1917 Sed
3660 1879 3761 1920 nec

2181 1952 2427 2022 ipsorum
2471 1952 2785 2008 testimonia
2821 1952 3200 2007 convenientia
3231 1962 3405 2018 erant,
3441 1955 3585 2008 sicut
3613 1954 3758 2008 Mar-

2178 2060 2278 2098 cus
2328 2043 2551 2113 exponit
2580 2044 2667 2097 ":
2714 2044 2848 2099 dicit
2890 2042 3037 2099 enim
3091 2043 3196 2098 hoc
3244 2044 3446 2109 modo,
3497 2045 3756 2113 quoniam

2175 2134 2434 2203 principes
2471 2133 2804 2186 sacerdotum
2863 2145 2914 2189 et
2947 2133 3232 2188 concilium
3280 2136 3579 2189 uniuersum
3612 2153 3761 2207 qure-

2178 2224 2358 2279 rebant
2410 2232 2596 2277 contra
2640 2222 2825 2277 Iesum
2877 2224 3273 2288 testimonium,
3321 2233 3378 2277 ut
3428 2241 3548 2279 eum
3597 2227 3757 2280 morti

2177 2315 2477 2379 traderent,
2526 2324 2575 2368 et
2625 2330 2728 2367 non
2778 2314 3108 2368 inuenerunt.
3169 2313 3329 2368 Multi
3373 2316 3515 2368 enim
3562 2316 3759 2384 falsum

2176 2406 2533 2462 testimonium
2562 2405 2814 2459 dixerunt
2845 2405 3097 2461 adversus
3129 2421 3270 2473 eum,
3305 2416 3356 2461 et
3395 2408 3761 2462 convenientia

2176 2513 2279 2551 non
2305 2506 2457 2551 erant
2489 2497 2789 2550 testimonia
2815 2512 3017 2550 eorum.
3060 2496 3172 2551 Alii
3214 2506 3389 2552 autem
3417 2507 3755 2567 exsurgentes

2173 2590 2372 2659 falsum
2402 2588 2763 2641 testimonium
2790 2586 3035 2641 dicebant
3053 2587 3300 2642 adversus
3327 2604 3469 2653 eum,
3501 2590 3757 2659 quoniam

2173 2695 2267 2734 nos
2304 2676 2606 2732 audivimus
2648 2692 2766 2729 eum
2806 2675 3062 2732 dicentem
3097 2695 3117 2732 :
3164 2676 3427 2743 Quoniam
3470 2694 3563 2749 ego
3607 2679 3754 2734 soluo

2173 2770 2425 2837 templum
2472 2770 2572 2824 hoc
2607 2766 2850 2824 manibus
2891 2767 3133 2838 factum,
3165 2775 3214 2822 et
3256 2767 3312 2821 in
3360 2766 3528 2821 tribus
3571 2768 3756 2822 diebus

2173 2857 2323 2912 aliud
2359 2875 2464 2913 non
2489 2859 2733 2914 manibus
2761 2859 2965 2929 factum
2999 2857 3223 2927 faciam.
3255 2855 3359 2913 Sed
3387 2874 3482 2912 nec
3507 2859 3583 2912 sic
3616 2874 3747 2912 con-

2173 2947 2437 3003 uenientia
2485 2959 2637 3004 erant
2682 2965 2865 3004 eorum
2910 2949 3239 3004 testimonia.
3295 2947 3450 3004 Tunc
3486 2950 3626 3004 enim
3667 2960 3756 3005 est

2170 3039 2504 3094 conveniens
2551 3039 2966 3100 testimonium.
3011 3039 3233 3108 quando
3280 3038 3467 3094 eadem
3514 3040 3745 3103 dicunt;

487 3158 618 3197 vare
659 3143 940 3199 mendacia
974 3162 986 3197 :
1022 3154 1077 3197 et
1106 3145 1232 3212 hoc,
1260 3162 1384 3201 cum
1411 3157 1597 3202 essent
1646 3148 1801 3202 multi
1821 3148 2064 3204 volentes

2170 3146 2280 3184 non
2333 3140 2515 3185 autem
2567 3139 2696 3186 sunt
2744 3129 3146 3195 convenientia,
3196 3130 3415 3200 quando
3460 3129 3745 3186 dissonant

485 3234 717 3306 gratiam
761 3235 1004 3291 tribucre
1041 3236 1282 3306 Caiphae,
1328 3247 1380 3291 et
1420 3238 1760 3309 principibus
1801 3239 2058 3294 sacerdo-

486 3333 624 3393 tum,
651 3334 706 3380 et
730 3327 959 3392 Scribis,
1002 3338 1055 3382 et
1086 3330 1417 3394 senioribus,
1453 3339 1507 3385 et
1537 3330 1796 3384 universo
1824 3331 2060 3386 concilio

484 3418 588 3473 hoc
622 3418 798 3489 ipsum
838 3420 1028 3475 audire
1056 3420 1412 3476 desideranti.
1448 3420 1516 3474 Et
1546 3422 1660 3477 haec
1688 3423 1781 3492 qui
1809 3422 2061 3478 conside-

482 3516 587 3575 rat,
619 3507 913 3562 masimam
961 3510 1176 3564 laudem
1224 3511 1448 3566 exhibet
1475 3509 1603 3567 Jesu
1634 3521 1858 3582 propter
1886 3513 2060 3567 vitam

481 3599 621 3668 ejus.
652 3610 705 3654 et
727 3600 1032 3656 doctrinam
1065 3594 1259 3671 ipsius,
1284 3605 1377 3673 qui
1403 3605 1483 3659 sic
1504 3603 1688 3658 omnia
1718 3604 2062 3674 irrcprehen-

481 3690 714 3746 sibiliter
755 3702 808 3748 et
837 3693 998 3759 dixit,
1032 3702 1085 3748 et
1118 3693 1263 3759 fecit,
1299 3703 1357 3750 ut
1398 3695 1601 3750 nullam
1630 3695 2062 3753 verisimilitudi-

479 3796 603 3836 nem
637 3784 1077 3852 reprehensionis
1106 3786 1412 3841 invenirent
1438 3786 1493 3843 in
1523 3801 1611 3854 eo,
1640 3801 1742 3843 nec
1771 3787 1922 3857 mali,
1959 3803 2060 3845 nec

485 3874 664 3939 multi,
691 3890 792 3929 nec
826 3876 962 3931 tales
990 3876 1156 3931 astuti
1190 3886 1244 3933 et
1271 3878 1560 3949 ingeniosi.

549 3963 672 4018 108.
719 3964 1021 4021 Novissime
1060 3977 1236 4022 autem
1266 3972 1567 4025 accedentes
1599 3970 1707 4024 duo
1734 3970 1862 4040 falsi
1903 3980 2059 4029 testes

475 4052 726 4110 dixerunt
772 4071 794 4109 :
840 4057 941 4110 Hic
986 4058 1173 4113 dixit:
1217 4058 1444 4115 Possum
1487 4063 1754 4117 destruere
1808 4064 2060 4133 templum

481 4143 597 4210 Dei,
630 4154 680 4200 et
712 4156 831 4216 post
865 4147 1101 4202 triduum
1154 4148 1290 4203 illud
1336 4149 1659 4219 rewdiﬁcare
1683 4151 1749 4206 ⁸⁸.
1803 4149 1922 4207 Non
1969 4167 2060 4206 ar-

479 4235 701 4293 bitreris
731 4238 1041 4295 hlalthaeuin
1073 4241 1211 4295 duos
1237 4241 1338 4297 hos
1367 4250 1529 4298 testes
1549 4244 1667 4298 sine
1694 4258 1860 4299 causa
1890 4244 2058 4299 falsos

474 4328 700 4394 dixisse,
727 4345 850 4384 cum
882 4347 1008 4386 vera
1040 4331 1353 4386 viderentur
1376 4348 1499 4388 esse
1523 4334 1835 4389 testimonia
1865 4349 2055 4390 eorum

474 4436 539 4475 ex
587 4436 651 4474 eo
688 4421 834 4491 quod
881 4422 1106 4491 exponit
1133 4420 1372 4478 Joannes
1405 4425 1448 4455 "
1480 4425 1758 4479 Christum
1810 4426 2054 4483 dixisse:

2169 3225 2300 3287 sibi,
2342 3225 2525 3295 qualia
2566 3232 2722 3278 erant
2771 3222 3081 3279 testimonia
3119 3223 3313 3279 horum
3353 3224 3445 3296 qui
3488 3224 3750 3281 adversus

2166 3313 2352 3369 Iesum
2382 3314 2695 3369 testimonia
2729 3312 3098 3385 proferebant.
3145 3312 3210 3368 Et
3244 3314 3290 3368 si
3318 3330 3509 3370 verum
3556 3315 3744 3372 dicunt

2162 3407 2447 3462 Matthaeus
2470 3415 2525 3462 et
2539 3406 2779 3471 Marcus.
2796 3406 2941 3477 quod
2966 3406 3187 3462 credere
3205 3419 3304 3459 nos
3327 3415 3559 3474 Oportet,
3582 3416 3729 3462 tente

2163 3517 2286 3558 mus
2314 3500 2598 3557 ostendere
2625 3501 2902 3571 quomodo
2933 3515 3039 3555 non
3066 3506 3223 3553 erant
3243 3498 3621 3554 convenientia
3647 3516 3744 3555 ne-

2156 3608 2269 3665 que
2282 3593 2519 3650 duorum
2533 3593 2778 3663 ipsorum
2798 3590 3131 3657 testimonia,
3146 3590 3405 3661 quoniam
3428 3606 3537 3645 non
3554 3592 3744 3647 eadem

2162 3686 2524 3757 protulerunt.
2551 3682 2864 3740 Secundum
2884 3680 3193 3737 Matthazum
3220 3681 3265 3713 "'
3284 3682 3429 3736 enim
3447 3683 3703 3738 dixerunt
3724 3723 3738 3737 .

2166 3777 2268 3832 llic
2294 3776 2472 3832 dixit:
2494 3774 2722 3830 Possum
2749 3774 2946 3829 solvere
2972 3773 3225 3844 templum
3258 3772 3373 3839 Dei,
3401 3783 3452 3827 et
3479 3776 3534 3827 in
3569 3774 3743 3828 tribus

2160 3868 2343 3924 diebus
2380 3866 2703 3937 rewdiﬁcare
2737 3865 2895 3919 illud.
2942 3864 3258 3919 Secundum
3292 3862 3534 3920 Marcum
3567 3863 3611 3897 ³⁸
3642 3878 3744 3918 au-

2160 3969 2270 4015 tem
2306 3974 2322 4012 :
2368 3958 2633 4024 Quoniam
2666 3972 2760 4011 nos
2788 3956 3092 4011 audiuimus
3125 3971 3245 4010 eum
3283 3954 3559 4020 dicentem,
3611 3970 3743 4025 quae

2162 4053 2309 4106 niam
2343 4066 2439 4121 ego
2468 4049 2613 4105 soluo
2647 4048 2745 4103 hoc
2779 4046 3030 4117 templum
3065 4046 3310 4101 manibus
3351 4046 3571 4116 factum,
3606 4056 3657 4100 et
3683 4045 3743 4100 in
3809 4107 3816 4113 ,

2162 4143 2330 4197 tribus
2352 4141 2534 4196 diebus
2562 4140 2713 4196 aliud
2747 4136 3083 4209 rerediﬁcabo
3108 4154 3210 4192 non
3240 4136 3479 4191 manibus
3510 4137 3739 4208 factum.

2163 4232 2289 4288 Sive
2327 4247 2459 4303 ergo
2489 4231 2575 4287 bis
2611 4231 2860 4287 dicentes
2897 4228 3047 4291 haec,
3089 4227 3347 4299 quoniam
3397 4242 3503 4281 non
3543 4225 3736 4283 eadem

2158 4323 2433 4387 dixerunt,
2466 4336 2577 4376 non
2607 4328 2735 4375 sunt
2774 4319 2992 4374 inventa
3026 4314 3330 4373 testimonia
3369 4331 3557 4370 eorum
3593 4329 3734 4370 eou-

2159 4414 2432 4469 venientia
2503 4411 2642 4477 sibi;
2694 4410 2809 4466 sive
2872 4419 3055 4465 autem
3086 4407 3271 4478 .910
3319 4421 3460 4461 unus
3509 4404 3733 4477 quidem

473 4509 669 4567 Solvite
694 4512 945 4582 templum
976 4512 1091 4576 hoc,
1124 4521 1173 4567 et
1202 4530 1294 4584 ego
1320 4515 1375 4567 in
1401 4516 1570 4570 tribus
1596 4516 1779 4571 diebus
1804 4519 2045 4572 excitabo
2079 4524 2121 4578 ι)
2147 4511 2288 4570 dixit
2313 4507 2459 4578 quod
2495 4501 3038 4574 exponitMatthteus,
3056 4500 3189 4555 alter
3209 4508 3390 4553 aulem
3429 4498 3732 4553 secundum

472 4604 653 4668 illud;
705 4603 924 4672 quando
974 4613 1027 4657 et
1078 4604 1329 4658 additur:
1369 4603 1485 4658 Hoc
1525 4617 1702 4660 autem
1739 4608 1948 4662 dicebat
1984 4610 2050 4663 de

473 4693 665 4762 templo
690 4694 925 4761 corporis
955 4693 1040 4747 sui
1070 4694 1136 4748 ".
1173 4692 1277 4748 Sed
1311 4695 1432 4749 vide
1459 4697 1753 4751 versutiam
1784 4697 2044 4753 falsorum

472 4782 688 4836 testium
727 4783 984 4848 duorum,
1020 4798 1128 4853 qua
1177 4785 1532 4852 persuasione
1578 4797 1790 4843 utentes
1829 4798 2045 4858 sumpta

477 4872 546 4925 ab
580 4873 764 4941 aliquo
808 4874 953 4928 dicto
987 4890 1116 4928 vero
1145 4876 1289 4943 quod
1321 4876 1535 4933 dixerat
1560 4875 1742 4942 Jesus,
1775 4878 2047 4935 tinxerunt

472 4959 842 5015 testimonium
887 4960 1105 5017 falsum.
1134 4963 1294 5020 Jesus
1331 4975 1511 5022 autem
1544 4984 1653 5023 non
1676 4968 1815 5023 dixit
1840 4987 1851 5022 :
1880 4967 2044 5024 Solvo

465 5049 728 5118 templum
772 5050 896 5115 hoc,
928 5060 984 5105 et
1032 5052 1085 5106 in
1122 5053 1299 5110 tribus
1344 5056 1536 5113 diebus
1573 5058 1781 5113 suscito
1831 5059 2041 5130 ipsum;

465 5139 559 5194 sed
588 5154 601 5190 :
630 5136 827 5193 Solvite
872 5140 1118 5209 templum
1144 5145 1261 5208 hoc,
1292 5154 1342 5199 et
1381 5146 1438 5199 in
1475 5147 1646 5200 tribus
1675 5148 1856 5202 diebus
1893 5152 2041 5204 exci-

467 5229 588 5283 tabo
616 5230 809 5299 ipsum.
860 5228 1006 5285 Falsi
1034 5241 1213 5287 autem
1253 5242 1417 5290 testes
1447 5236 1747 5293 retulerunt
1785 5254 1911 5294 eum
1954 5243 2039 5296 di-

465 5321 612 5376 xisse
656 5320 798 5392 quod
851 5335 958 5377 non
1009 5321 1187 5378 fuerat
1231 5327 1435 5381 dictum
1485 5328 1554 5383 ab
1592 5345 1678 5395 eo,
1729 5347 1830 5387 nec
1866 5332 2037 5387 dixit:

464 5410 695 5469 Possum
739 5415 950 5470 solvere
990 5418 1247 5486 templum
1281 5418 1398 5487 Dei,
1431 5429 1486 5475 et
1528 5422 1582 5476 in
1625 5424 1799 5480 tribus
1843 5424 2037 5480 diebus

467 5503 795 5560 remdiﬁcare
834 5507 988 5563 illud.
1031 5507 1368 5581 lmpietatem
1407 5527 1540 5585 ergo
1567 5514 1859 5571 solutionis
1901 5524 2036 5571 tem-

538 5638 586 5714 ’.ἦ
622 5638 791 5707 Apoc.
830 5656 868 5696 ι.
898 5640 952 5714 8,
1043 5645 1087 5676 ’⁷
1128 5645 1315 5702 Matth.
1350 5665 1496 5712 xxvr,
1533 5650 1624 5714 59,
1661 5652 1751 5707 60.

475 5688 520 5718 δι

479 5791 682 5831 suum
708 5817 724 5844 ,
761 5778 815 5842 ‘2,
843 5780 895 5832 5.

554 5652 583 5668 ε’
622 5652 791 5707 Apoc.
830 5656 868 5696 l.
898 5652 952 5698 δ.
1043 5652 1087 5676 ’⁷
1129 5652 1315 5702 Matth.
1350 5665 1496 5712 xxvr,
1533 5652 1624 5714 59,
1661 5652 1751 5707 60.
1858 5654 1901 5685 ’⁸
1938 5652 2064 5708 ibid.

554 5705 706 5761 llcut.
746 5725 870 5792 nisi
922 5712 1003 5767 l5.
1085 5716 1128 5747 ³³
1166 5733 1288 5784 xlv,
1347 5720 1417 5773 55
1458 5729 1512 5775 et
1538 5737 1690 5791 seqq.
1770 5721 1814 5756 "‘
1853 5726 2064 5792 Χλνινεῦ

2168 5670 2203 5718 ¹,
2254 5652 2343 5708 61.
2443 5652 2489 5681 ²⁹
2529 5665 2605 5715 ll,
2654 5652 2742 5703 l9.
2849 5652 2893 5680 ³ο
2933 5652 3066 5701 ibid.
3124 5652 3214 5700 21.
3320 5652 3363 5679 ⁸⁸
3433 5652 3562 5699 ibid.
3622 5652 3714 5700 ‘20.

2205 5723 2249 5756 ”
2306 5737 2417 5786 xw,
2496 5719 2583 5775 58.
2662 5718 2711 5750 ”
2746 5717 2934 5775 Matth.
2977 5731 3135 5780 xxvi,
3188 5715 3279 5783 62,
3318 5716 3408 5771 63.
3486 5713 3531 5747 ³⁷
3570 5712 3717 5772 Psal.

2154 4604 2299 4677 quod
2332 4597 2550 4668 scripsit
2575 4596 2812 4658 Marcus,
2842 4611 2906 4650 ac
2935 4610 3030 4665 per
3059 4593 3163 4648 hoc
3199 4592 3508 4648 testimonia
3539 4606 3730 4646 eorum

2154 4711 2262 4751 non
2298 4701 2454 4747 erant
2491 4686 2870 4744 convenientia
2903 4685 3027 4739 sibi.

2228 4784 2350 4839 109.
2392 4779 2463 4833 Et
2501 4794 2786 4848 exsurgens
2824 4777 3063 4846 princeps
3103 4775 3438 4829 sacerdotum
3479 4774 3615 4828 dixit
3643 4774 3725 4828 ei:

2154 4874 2310 4931 Nihil
2360 4872 2641 4941 respondes
2686 4869 2755 4922 ad
2794 4885 2854 4922 ea
2881 4884 2996 4937 quae
3030 4867 3124 4920 isti
3160 4867 3515 4934 testiﬁcantur
3541 4866 3726 4919 aduer-

2150 4983 2241 5023 sus
2273 4966 2363 5019 te?
2397 4962 2556 5017 Jesus
2595 4969 2773 5015 autem
2808 4959 3010 5012 tacebat
3044 4958 3108 5011 ³⁸.
3141 4956 3328 5012 Potest
3374 4959 3427 5011 in
3471 4958 3587 5012 istis
3617 4956 3724 5010 im-

2148 5059 2290 5129 pleta
2324 5054 2549 5125 intelligi
2578 5052 2864 5125 prophetia
2897 5066 3018 5121 qua:
3045 5049 3180 5104 dicit
3200 5049 3244 5081 ³⁷
3270 5066 3285 5102 :
3318 5049 3456 5102 Dum
3488 5047 3731 5103 consistit

2147 5159 2390 5220 peccator
2423 5145 2675 5199 adversus
2711 5159 2813 5210 me,
2858 5141 3118 5208 obmutui,
3157 5152 3205 5195 et
3248 5141 3559 5193 humiliatus
3587 5155 3726 5204 sum,

2147 5248 2195 5295 et
2220 5237 2350 5292 silui
2377 5254 2410 5289 a
2432 5235 2612 5298 bonis;
2650 5241 2707 5288 ut
2735 5243 2987 5303 peccator
3016 5233 3105 5287 ille
3138 5232 3192 5286 in
3232 5233 3347 5286 istis
3376 5228 3727 5299 prophetatns

2149 5329 2484 5398 intelligatur
2529 5325 2764 5395 Caiphas
2817 5325 2910 5393 qui
2965 5324 3214 5379 consistit
3278 5330 3464 5376 contra
3509 5318 3720 5376 Jesum.

2148 5420 2323 5476 Simul
2342 5417 2603 5473 discimus
2631 5432 2695 5470 ex
2727 5417 2827 5471 hoc
2856 5415 2977 5469 loco
3009 5424 3352 5470 contemnere
3368 5411 3717 5465 calumnian-

2144 5515 2279 5568 tium
2310 5522 2364 5567 et
2393 5509 2653 5565 falsorum
2681 5508 2899 5564 testium
2935 5522 3118 5571 voces,
3144 5515 3201 5559 ut
3232 5517 3331 5557 nec
3363 5503 3721 5573 responsione

2443 5650 2489 5681 ιο
2529 5665 2605 5715 ιι,
2654 5649 2742 5703 19.
2849 5647 2893 5680 ιο
2933 5646 3066 5701 una.
3124 5646 3214 5700 et.
3320 5646 3363 5679 ιι
3433 5645 3588 5715 ibid._
3622 5644 3714 5700 eo.
