4052 6304
228 343 361 411 ιτς-ι

1376 349 2025 409 COMMENTARIORCM
2067 351 2333 412 SERIES.

3349 360 3486 415 ιτεε

231 479 417 526 nostra
460 467 652 540 dignos
697 483 794 526 eos
820 468 1141 532 habeamus,
1183 481 1285 522 nec
1329 467 1620 524 defendere
1673 486 1805 526 nos—
1831 477 1878 533 Α
1908 479 1985 524 est
2016 469 2101 538 ⁸⁸,
2143 470 2375 526 faciebat
2425 478 2604 526 autem
2665 479 2949 541 peccatum
3010 472 3174 528 etiam
3231 475 3486 546 princeps

234 571 514 629 metipsos,
548 561 639 615 ubi
671 576 777 615 non
812 568 940 614 sunt
982 559 1358 615 convenientia
1390 576 1512 630 qme
1545 561 1805 616 dicuntur

233 653 494 706 adversus
529 668 648 705 nos.
704 650 842 716 Quid
892 650 1034 703 enim
1075 665 1212 718 opus
1260 659 1342 704 est
1395 651 1502 706 illis
1550 651 1804 706 resistere

233 741 326 810 qui
362 741 463 794 sibi
502 740 602 810 ipsi
635 741 907 794 contraria
936 739 1179 795 dicentes
1215 741 1523 794 resistunt?
1566 742 1804 796 maxime

237 830 324 884 ubi
356 829 534 896 majus
565 837 649 882 est
680 829 846 882 libere
883 839 936 882 et
971 827 1185 883 fortiter
1230 829 1389 883 silere
1419 844 1581 898 quam
1611 828 1802 884 defen-

230 923 357 976 dere
385 921 504 974 sine
534 921 644 974 ulfo
677 919 942 989 proiectu,
977 927 1035 972 ut
1070 937 1175 973 non
1208 921 1560 975 humiliemur
1590 936 1620 975 a
1655 921 1805 976 testi-

227 1010 328 1066 bus
356 1011 512 1065 falsis
548 1021 602 1065 et
631 1012 1119 1066 calumniatoribus
1155 1012 1432 1080 improbis.

296 1102 420 1157 110.
478 1100 542 1154 Ει
575 1101 711 1154 dixit
739 1103 786 1154 ei
826 1101 1063 1170 princeps
1109 1103 1439 1156 sacerdotum
1478 1118 1498 1156 :
1525 1103 1725 1172 Adjuro
1756 1112 1804 1157 te

220 1208 315 1260 per
353 1192 521 1245 Deum
561 1192 728 1243 rivun
753 1233 768 1255 ,
812 1200 866 1243 ut
905 1192 1053 1244 dicas
1097 1194 1245 1249 nobis
1282 1194 1329 1244 si
1368 1203 1423 1245 tu
1465 1210 1518 1246 es
1561 1193 1829 1246 Christus-

226 1281 399 1337 Filius
442 1284 556 1338 Dei.
601 1283 668 1336 Et
709 1283 845 1336 dixit
891 1285 940 1336 ei
969 1281 1124 1337 Jesus
1153 1299 1170 1337 :
1204 1283 1280 1336 Tu
1321 1285 1507 1338 dixisti
1535 1285 1598 1339 ³⁸.
1645 1283 1711 1336 Ει
1748 1285 1800 1338 ἱιι

220 1375 336 1445 lege
362 1376 586 1446 quidem
622 1375 908 1442 adjurandi
944 1390 1105 1429 usum
1140 1374 1468 1430 invenimus.
1505 1374 1562 1429 In
1596 1374 1797 1446 Nume-

218 1469 296 1524 ris
322 1469 472 1522 enim
501 1468 544 1500 ‘9
571 1467 702 1522 dicit
731 1467 837 1529 lex,
866 1467 1125 1535 quoniam
1153 1466 1424 1536 adjurabit
1459 1484 1574 1521 eam
1615 1484 1800 1523 sacero

218 1560 349 1624 dos,
400 1558 457 1614 id
503 1567 585 1614 est
634 1558 914 1613 mulierem
958 1559 1104 1612 illam
1153 1558 1206 1611 in
1259 1559 1419 1626 cujus
1462 1559 1580 1614 viro
1626 1560 1802 1617 factus

217 1660 302 1705 est
333 1649 565 1720 spiritus
595 1650 715 1716 zeli,
739 1658 794 1704 et
809 1649 953 1704 dicet
978 1647 1192 1702 mulieri
1212 1647 1468 1703 sacerdos
1497 1648 1542 1680 ⁸ο
1569 1667 1582 1703 :
1610 1648 1669 1704 Si
1699 1666 1802 1704 non

217 1743 658 1814 dormietaliquis
682 1754 882 1810 tecum,
913 1753 964 1798 et
1005 1743 1110 1796 nisi
1156 1752 1484 1813 transgressa
1514 1761 1566 1798 es
1597 1754 1652 1798 ut
1688 1762 1803 1799 ma-

1907 562 2252 616 saeerdotum
2292 561 2559 617 insidians
2584 561 2711 618 Jesu
2730 603 2744 628 ,
2773 572 2828 617 et
2860 573 3146 634 propterea
3177 567 3244 620 de
3270 566 3488 624 diaboio

1904 663 2022 709 erat
2077 666 2259 720 natus,
2307 665 2358 710 et
2398 657 2554 725 quasi
2601 658 2668 711 de
2706 657 2922 712 diabolo
2962 667 3123 713 natus
3169 659 3487 715 imitabatur

1905 747 2188 817 proprium
2220 757 2426 816 patrem
2471 750 2563 818 qui
2593 751 2678 805 his
2708 751 2870 806 dubie
2914 751 3213 820 interrogat
3239 751 3488 806 Salvato-

1905 853 2017 891 rem
2041 839 2117 892 “z
2146 839 2202 892 Si
2230 849 2283 892 tu
2309 857 2360 893 es
2383 839 2555 893 Filius
2583 840 2698 906 Dei,
2718 842 2859 896 sicut
2884 843 3145 912 scriptum
3173 854 3255 898 est
3282 844 3335 897 in
3370 854 3486 899 ten-

1905 930 2204 986 tationibus
2241 932 2383 1000 ejus.
2429 931 2617 986 Simile
2655 945 2740 986 est
2778 937 2922 988 enim
2972 951 2982 986 :
3028 933 3088 989 Si
3126 945 3181 988 tu
3219 952 3271 988 es
3307 934 3484 989 Filius

1905 1021 2025 1086 Dei,
2057 1030 2111 1076 et
2139 1040 2152 1076 :
2186 1021 2246 1078 Si
2281 1030 2335 1075 tu
2382 1038 2434 1074 es
2465 1020 2706 1077 Christus
2748 1023 2920 1077 Filius
2954 1024 3066 1079 Dei.
3123 1024 3287 1078 Recte
3337 1026 3482 1080 enim

1905 1113 2026 1180 quis
2063 1113 2245 1166 dicere
2284 1121 2466 1182 potest
2510 1113 2564 1167 in
2603 1115 2720 1168 loco
2757 1115 2890 1180 hoc,
2925 1119 3186 1186 quoniam
3235 1119 3484 1174 dubitare

1903 1203 1969 1256 de
1998 1203 2136 1256 Filio
2165 1201 2255 1254 Dei
2295 1212 2477 1256 utrum
2525 1204 2641 1272 ipso
2678 1204 2750 1258 sit
2787 1204 3072 1268 Christus,
3116 1225 3252 1277 opus
3283 1209 3481 1264 diaboli

1902 1301 2026 1358 est,
2071 1304 2124 1346 et
2172 1293 2432 1361 principis
2486 1295 2832 1348 sacerdotum
2890 1296 3201 1352 insidiantis
3253 1297 3484 1355 Domino

1889 1374 2120 1450 nostro;
2159 1384 2249 1438 sed
2281 1399 2385 1437 non
2422 1384 2544 1439 talis
2579 1386 2828 1442 inventus
2860 1386 3168 1445 estPetrus.
3201 1390 3332 1444 Nam
3365 1393 3485 1448 sine

1904 1476 2086 1544 aliqua
2141 1474 2482 1531 dubitatione
2530 1479 2912 1546 pronuntiavit
2956 1499 2967 1532 :
3022 1480 3099 1532 Tu
3153 1499 3207 1535 es
3239 1483 3482 1537 Christus

1904 1567 2082 1620 Filius
2113 1567 2210 1620 Dei
2239 1569 2340 1621 vivi
2372 1568 2437 1633 ⁵⁸,
2470 1584 2570 1622 nec
2610 1571 2796 1638 posuit
2842 1570 2936 1635 ibi,
2969 1573 3060 1625 si:
3085 1585 3304 1641 preptor
3337 1575 3479 1644 quod

1904 1657 2096 1712 beatus
2134 1667 2218 1711 est
2262 1658 2599 1726 appellatus,
2647 1659 2774 1727 quia
2826 1675 2932 1714 non
2981 1675 3110 1714 caro
3160 1669 3214 1715 ct
3261 1665 3484 1733 sanguis

1904 1749 2237 1802 revelaverat
2286 1750 2357 1813 ci,
2411 1751 2504 1802 sed
2537 1750 2680 1804 Deus
2713 1749 2874 1804 Pa'er
2925 1753 3016 1820 qui
3061 1763 3145 1808 est
3207 1756 3259 1808 in
3306 1756 3478 1812 caelis.

216 1835 416 1890 culeris
460 1853 491 1889 a
519 1837 628 1889 viro
663 1851 766 1889 non
799 1845 886 1888 tuo
907 1877 922 1896 ,
967 1834 1214 1888 innocens
1253 1836 1355 1887 eris
1388 1835 1451 1887 ab
1482 1851 1619 1906 aqua
1642 1853 1802 1907 argu-
1838 1811 1878 1864 Β
1906 1838 2007 1904 Qui
2039 1848 2219 1893 autem
2256 1855 2378 1892 eum
2411 1840 2752 1895 dubitatione
2784 1840 2970 1896 dicunt
3002 1860 3014 1896 :
3051 1842 3110 1897 Si
3142 1853 3196 1897 tu
3227 1862 3280 1899 es
3310 1844 3483 1899 Filius

217 1927 376 1979 tionis
411 1927 507 1979 hac
538 1925 842 1980 maledicta.
891 1923 957 1978 Et
991 1935 1112 1995 post
1157 1941 1327 1995 pauca
1354 1926 1395 1956 “
1425 1945 1436 1980 :
1468 1926 1535 1981 Et
1580 1928 1803 1997 adjura-

219 2014 328 2080 bit,
379 2017 603 2085 inquit,
653 2021 899 2070 sacerdos
953 2017 1225 2071 mulierem
1271 2018 1325 2070 in
1369 2019 1801 2088 'adju‘rationibus

221 2109 609 2163 maledictionis
657 2108 836 2178 hujus.
878 2107 1006 2162 Item
1054 2111 1109 2162 in
1153 2111 1311 2164 tertio
1342 2108 1548 2181 Regum
1583 2113 1628 2142 ⁵⁸
1668 2113 1802 2166 dixit

217 2213 311 2252 rex
342 2199 532 2254 Achab
567 2199 632 2253 ad
667 2196 946 2252 Michaaam
983 2217 997 2253 :
1027 2198 1230 2266 Adiuro
1278 2209 1326 2254 te
1371 2210 1427 2254 ut
1459 2201 1693 2272 loquaris
1732 2203 1801 2254 ad

218 2305 299 2342 me
335 2291 613 2343 veritatem
668 2289 721 2342 in
773 2290 982 2342 nomine
1013 2288 1246 2345 Domini.
1291 2290 1576 2362 Adjuravit
1619 2304 1798 2348 autem

219 2397 312 2433 rex
357 2380 718 2450 pmpbetam,
771 2388 824 2433 et
883 2379 1156 2450 adjuravit
1206 2397 1312 2435 non
1361 2383 1503 2437 sicut
1547 2387 1802 2443 sacerdos

217 2471 272 2526 in
300 2473 577 2527 Numer-is.
618 2471 708 2525 llle
732 2472 876 2524 enim
908 2487 971 2526 ex
1004 2473 1139 2542 legis
1167 2484 1458 2545 praecepto,
1494 2478 1595 2532 iste
1618 2489 1798 2534 autem

217 2579 280 2616 cx
333 2561 565 2618 arbitrio
625 2580 743 2619 suo.
796 2565 862 2619 Et
901 2581 1046 2620 nunc
1096 2567 1151 2619 in
1184 2565 1305 2621 loco
1335 2569 1585 2637 praesenti
1614 2567 1797 2625 Jesum

219 2657 475 2711 sacerdos
505 2657 717 2723 adjurat
749 2673 842 2727 per
877 2657 1043 2712 Deum
1076 2659 1278 2712 vivum.
1319 2658 1586 2716 Existimo
1616 2671 1799 2718 autem

217 2746 482 2812 quoniam
521 2762 628 2800 non
683 2755 890 2816 oportet
948 2755 1007 2799 ut
1051 2747 1134 2800 vir
1183 2749 1276 2818 qui
1326 2750 1440 2804 vult
1499 2755 1798 2808 secundum

222 2837 574 2909 Evangelium
624 2840 832 2906 virere,
884 2840 1099 2910 adjuret
1154 2839 1409 2894 alterum.
1474 2840 1664 2897 Simile
1719 2851 1804 2898 est

216 2931 364 2984 enim
398 2931 542 3000 quod
573 2931 706 2985 dicit
736 2931 788 2984 in
819 2929 1110 3000 Evangelio
1142 2930 1405 2986 Dominus
1435 2932 1550 3002 ipse
1576 2933 1650 2985 ⁸³ε
1691 2933 1801 3005 Ego

219 3030 395 3072 aufem
440 3021 558 3073 dico
614 3038 714 3073 non
763 3021 951 3089 jurare
1005 3021 1239 3084 omnino,
1291 3031 1344 3076 et
1397 3035 1502 3076 non
1551 3024 1803 3094 adiurare

218 3111 462 3163 oznnino.
524 3111 578 3163 Si
637 3112 780 3164 cuin:
825 3112 1014 3179 jurare
1072 3129 1179 3165 non
1238 3113 1361 3166 licet
1410 3123 1677 3183 quantum
1733 3117 1798 3171 ad

215 3199 587 3266 evangel'cum
622 3202 822 3255 Christi
861 3203 1194 3266 mandatum,
1223 3220 1408 3258 verum
1435 3214 1514 3260 est
1542 3207 1668 3276 quia
1705 3222 1803 3262 nec

225 3286 478 3358 adjurare
522 3292 748 3344 alterum
797 3293 939 3347 licet.
1000 3291 1292 3364 Propterea
1336 3296 1686 3350 manifestum
1719 3309 1802 3352 est

222 3379 481 3446 quoniam
517 3380 770 3449 princeps
815 3382 1160 3435 sacerdotum
1203 3383 1386 3437 illicite
1415 3382 1599 3437 Jesum
1645 3384 1804 3452 adju-

216 3469 375 3535 ravit,
407 3471 654 3540 quamvis
684 3471 932 3525 vivleatur
961 3487 1057 3539 per
1086 3471 1252 3524 Deum
1285 3473 1465 3524 virum
1494 3474 1797 3541 adjurasse.

215 3556 434 3623 Quaeret
477 3561 676 3628 aliquis
706 3562 751 3614 si
787 3562 1042 3614 convenit
1069 3563 1150 3614 vel
1183 3562 1456 3615 dannones
1499 3563 1752 3629 adjurare
1781 3581 1794 3616 :

223 3659 279 3702 et
309 3651 402 3719 qui
438 3650 656 3718 respicit
684 3651 749 3702 ad
781 3650 980 3704 multos
1011 3652 1102 3720 qui
1137 3651 1262 3703 talia
1292 3649 1469 3704 facere
1503 3653 1623 3705 ausi
1650 3663 1796 3716 sunt,

215 3740 361 3796 dicet
404 3757 512 3794 non
541 3742 661 3795 sine
702 3740 914 3795 ratione
943 3742 1056 3794 fieri
1094 3742 1213 3796 hoc.
1259 3739 1362 3807 Qui
1397 3750 1576 3796 autem
1607 3744 1801 3812 aspicit

219 3829 410 3886 Jcsum
464 3832 818 3900 imperantem
850 3830 1210 3896 daemonibus,
1240 3833 1332 3886 sed
1364 3833 1526 3886 etiam
1557 3842 1800 3903 potesta-

217 3927 324 3975 tem
357 3924 570 3976 dantem
607 3920 891 3989 discipulis
932 3920 1050 3975 suis
1093 3938 1256 3992 super
1287 3924 1472 3978 omnia
1505 3925 1796 3990 daemonia,

219 4020 273 4065 et
304 4022 364 4066 ut
396 4013 736 4066 intirmitates
782 4020 1072 4077 sanarent,
1111 4013 1255 4066 dicet
1285 4013 1543 4083 quoniam
1578 4031 1686 4068 non
1717 4025 1799 4070 est

217 4104 518 4158 secundum
562 4112 883 4172 potestatem
915 4103 1098 4157 datam
1141 4119 1173 4156 a
1209 4102 1489 4158 Salvatore
1541 4106 1798 4175 adiurare

216 4193 486 4251 daemonia
532 4213 545 4248 :
574 4192 859 4249 Judaicum
911 4203 993 4248 est
1034 4196 1200 4249 enim.
1234 4195 1349 4251 lloe
1371 4197 1475 4252 etsi
1507 4198 1800 4266 aliquando

216 4301 247 4337 a
283 4288 486 4341 nostris
527 4289 634 4341 tale
670 4286 875 4355 aliquid
911 4286 1022 4348 liat,
1060 4287 1239 4342 simile
1269 4287 1326 4341 tit
1365 4289 1413 4341 ei
1449 4289 1592 4358 quod
1631 4305 1661 4343 a
1695 4287 1797 4343 Sa-

217 4375 435 4433 lomone
510 4379 727 4446 scriptis
811 4377 1248 4448 adjurationibus
1301 4380 1476 4434 solent
1523 4379 1798 4437 (Ιιειηοιιεε

1903 1927 2020 1990 Dei,
2071 1928 2140 1982 ab
2190 1930 2338 1982 omni
2389 1930 2723 1985 beatitudine
2754 1940 2882 1986 sunt
2935 1933 3116 1988 alieni.
3169 1933 3303 1990 Nam
3356 1938 3484 2006 quia

1901 2035 2007 2072 non
2049 2029 2166 2075 erat
2207 2020 2404 2091 dignus
2455 2022 2705 2092 princeps
2734 2022 3078 2077 sacerdotum
3125 2025 3324 2081 Christi
3387 2026 3484 2082 do-

1901 2111 2097 2174 ctrina,
2142 2121 2428 2182 propterea
2473 2130 2581 2168 non
2622 2130 2749 2170 cum
2794 2115 2983 2184 docet,
3037 2132 3139 2171 nec
3177 2117 3308 2171 dicit
3353 2119 3481 2188 quia

1906 2217 2005 2272 ego
2039 2219 2194 2267 sum;
2241 2205 2334 2257 sed
2375 2205 2596 2259 verbum
2647 2207 2762 2262 oris
2811 2207 2930 2276 ejus
2981 2208 3252 2277 accipiens
3300 2209 3352 2262 iu
3399 2225 3486 2263 re-

1904 2293 2282 2364 dargutionem
2342 2295 2535 2364 ipsius,
2590 2299 2859 2351 convertit
2911 2297 3097 2353 dicens
3125 2317 3136 2353 :
3168 2298 3245 2352 Tu
3273 2300 3484 2364 dixisti,

1901 2389 1961 2433 ut
1995 2397 2059 2434 eo
2093 2385 2259 2436 modo
2288 2383 2563 2438 videretur
2591 2387 2768 2456 argui,
2802 2403 2907 2441 non
2935 2388 3136 2444 doceri.

1972 2471 2094 2525 ill.
2143 2473 2308 2528 Amen
2344 2475 2463 2528 dico
2506 2475 2647 2528 vobis
2697 2476 2949 2530 :Amodo
2989 2477 3229 2555 videltitis
3275 2477 3482 2532 Filium

1899 2561 2128 2617 hominis
2193 2565 2456 2619 sedentem
2499 2584 2530 2620 a
2575 2567 2777 2622 dextris
2831 2569 3062 2635 virtutis,
3105 2577 3152 2621 et
3198 2569 3483 2622 uenientem

1900 2665 2061 2720 supra
2102 2655 2260 2708 nubes
2309 2655 2426 2710 caeli
2467 2655 2536 2713 ⁸⁷.
2594 2656 2864 2724 Quoniam
2922 2674 3030 2712 non
3079 2667 3163 2714 est
3218 2660 3481 2734 scriptun!

1902 2755 1932 2794 a
1973 2742 2180 2802 dextris
2231 2746 2362 2813 Dei,
2413 2747 2508 2802 sed
2561 2748 2703 2816 apud
2750 2763 2942 2803 omnes
2990 2750 3353 2818 evangelistas
3408 2749 3478 2803 ad

1903 2845 2150 2899 dextram
2184 2840 2403 2895 virtutis
2440 2840 2627 2894 sedere
2662 2838 2859 2895 Filium
2903 2840 3164 2906 hominis,
3203 2841 3328 2894 item
3373 2851 3484 2895 tres

1902 2936 2246 3006 evangelista:
2276 2934 2525 2989 similiter
2566 2934 2812 2988 scribunt
2853 2953 2866 2987 :
2907 2933 3147 2987 videbitis
3185 2935 3482 3000 sedentem;

1905 3023 2248 3094 simplicibus
2305 3022 2526 3090 quidem
2597 3023 2919 3076 conceditur
2977 3024 3069 3092 qui
3124 3023 3259 3076 nihil
3313 3024 3484 3077 altum

1905 3121 2138 3185 possunt
2182 3110 2370 3166 audire
2423 3113 2476 3164 in
2513 3126 2579 3166 eo
2619 3112 2761 3181 quod
2811 3113 2962 3177 dicit,
2997 3111 3278 3180 sedentem,
3328 3129 3391 3169 ac
3436 3131 3486 3169 ει

1907 3207 2076 3270 dicat,
2135 3220 2299 3275 supra
2351 3205 2605 3258 virtutem
2671 3204 2976 3260 fundatum.
3037 3204 3248 3272 Quibus
3300 3214 3483 3259 autem

1905 3297 2166 3367 possibile
2189 3306 2272 3352 est
2303 3297 2499 3365 spiritu
2531 3297 2711 3350 omnia
2750 3296 3076 3366 perscrutari
3107 3297 3268 3350 etiam
3301 3297 3486 3350 altitu-

1902 3389 2059 3446 dines
2087 3388 2202 3451 Dei,
2237 3397 2290 3442 et
2321 3387 2465 3457 quod
2497 3388 2760 3456 scriptum
2794 3397 2870 3441 est
2902 3387 2944 3417 ⁵⁸
2968 3405 2980 3439 :
3008 3386 3114 3450 Qui
3145 3389 3290 3441 sedes
3329 3402 3487 3456 super

1904 3479 2171 3533 cherubim
2219 3495 2449 3546 appare;
2508 3487 2563 3532 et
2597 3477 2682 3531 ‘9:
2725 3477 2844 3530 Vidi
2895 3476 3178 3530 Dominum
3222 3479 3483 3532 sedentem

1904 3586 2061 3638 super
2081 3569 2256 3622 sedem
2281 3569 2541 3621 excelsam
2579 3579 2628 3622 et
2653 3568 2944 3633 eleuatum;
2986 3575 3040 3620 et
3062 3569 3107 3598 ⁵⁸
3137 3584 3150 3619 :
3183 3567 3330 3621 Dixit
3370 3567 3482 3621 Do-

1903 3663 2078 3714 minus
2136 3659 2356 3712 Domino
2401 3675 2512 3712 meo
2547 3675 2566 3712 :
2611 3657 2745 3713 Sede
2795 3676 2826 3710 a
2867 3660 3068 3712 dextris
3115 3659 3262 3720 meis,
3311 3659 3476 3711 donec

1900 3769 2095 3821 ponam
2143 3751 2385 3805 inimicos
2435 3760 2550 3804 tuos
2602 3749 2887 3803 scabellum
2930 3751 3121 3819 pedum
3155 3761 3383 3811 tuorum,
3417 3759 3476 3802 et

1903 3843 2012 3896 alia
2043 3841 2246 3897 similia
2273 3857 2398 3910 qua:
2438 3841 2506 3894 de
2535 3839 2646 3893 Deo
2683 3840 2903 3894 sedente
2934 3840 3076 3894 dicta
3109 3849 3254 3900 sunt,
3285 3837 3487 3892 simili-

1903 3940 1985 3986 ter
2027 3939 2081 3986 et
2123 3931 2190 3984 de
2217 3929 2439 3984 Christo
2481 3928 2761 3994 dicuntur,
2806 3943 2929 3997 qua:
2975 3925 3224 3982 conferre
3267 3936 3489 3995 Oportet.

1901 4039 2024 4077 eum
2067 4021 2212 4075 dicto
2253 4021 2525 4090 praesenti,
2570 4029 2629 4073 ut
2657 4035 2720 4073 ex
2758 4019 2947 4073 humili
2991 4018 3392 4074 existimatione
3427 4029 3488 4072 et;

1900 4112 2144 4167 fabulosa
2205 4111 2485 4164 videamus
2535 4109 2666 4178 quid
2705 4109 2973 4179 signiticet
3030 4123 3182 4162 more
3237 4109 3492 4162 humano-

1905 4205 2079 4258 sessio
2118 4202 2340 4256 Christi.
2380 4199 2604 4255 Videtur
2635 4210 2813 4254 autem
2851 4200 2982 4254 mihi
3013 4201 3270 4269 quoniam
3315 4199 3482 4270 911

1896 4292 2269 4347 fundationem
2331 4292 2624 4362 quamdam
2673 4305 2727 4347 ct
2770 4292 3077 4346 firmitatem
3125 4293 3356 4361 regalem
3405 4292 3481 4345 si-

1898 4385 2118 4454 gniﬁcat
2165 4384 2338 4438 sessio
2384 4383 2505 4436 Filii
2550 4383 2806 4436 hominis.
2838 4381 2998 4437 Juxta
3039 4385 3288 4437 virtutem
3325 4399 3477 4453 ergo,

219 4469 487 4536 adjurari.
536 4470 640 4523 Sed
673 4469 774 4538 ipsi
805 4467 896 4538 qui
933 4477 1161 4522 utuntur
1207 4469 1640 4538 adjurationibus
1669 4470 1795 4535 illis,
1831 4504 1874 4557 ι)
1902 4477 1995 4548 qui
2051 4476 2200 4530 solus
2254 4482 2337 4528 est
2389 4475 2560 4528 virtus
2605 4483 2661 4529 et
2706 4475 2919 4544 proprie
2966 4474 3296 4539 nominatur,
3346 4483 3398 4526 et
3449 4489 3486 4526 ιι

217 4561 513 4627 aliquoties
561 4578 662 4616 nec
708 4563 921 4619 idoneis
969 4561 1277 4617 constitutis
1332 4561 1485 4615 libris
1537 4571 1794 4616 utuntur:

216 4654 543 4720 quihusdam
591 4666 772 4708 autem
808 4665 862 4711 et
901 4657 967 4712 de
995 4655 1220 4710 Heln-mo
1262 4655 1498 4723 acceptis
1543 4655 1798 4721 adjurant

216 4744 507 4799 daemonia.
539 4745 744 4800 Tamen
793 4764 896 4801 non
929 4750 1158 4804 decebat
1201 4747 1491 4801 Dominum
1545 4756 1793 4801 nostrum

218 4833 284 4885 ad
319 4835 717 4903 adjuratiom-m
758 4837 1020 4907 principis
1059 4837 1406 4892 sacerdotum
1447 4837 1794 4905 respondere,

217 4924 371 4990 quasi
427 4924 531 4978 vim
581 4941 800 4993 passum
847 4928 916 4981 ab
957 4929 1241 4998 adjurante
1281 4937 1468 4981 contra
1523 4927 1794 4995 propriam

217 5012 571 5070 voluntatem.
605 5014 832 5084 Ρι·(“ζ·ιιεῐ’
861 5018 1006 5086 quod
1046 5031 1147 5071 nec
1178 5017 1394 5088 negavit
1425 5033 1483 5072 se
1512 5016 1795 5073 Christum

219 5098 412 5159 Filium
451 5104 550 5160 'Dei
585 5122 726 5173 esse,
764 5124 865 5162 nec
908 5108 1194 5164 manifeste
1232 5107 1516 5164 confessus
1549 5118 1662 5175 est;
1699 5111 1794 5164 sed

219 5198 373 5260 quasi
408 5197 586 5267 ipsum
617 5209 809 5253 testem
837 5201 1110 5270 accipiens
1139 5201 1503 5270 adjurantem,
1533 5203 1794 5271 quoniam

221 5282 335 5350 ipse
367 5297 450 5343 est
479 5289 571 5353 qui
612 5291 668 5345 in
720 5291 1146 5364 interrogatione
1198 5294 1500 5349 sacerdotis
1555 5310 1797 5364 pronun-

222 5379 384 5433 t'atus
410 5391 494 5435 est
513 5381 765 5438 Christus
794 5383 965 5440 Filius
997 5384 1111 5452 Dei,
1142 5386 1329 5441 dicens
1353 5401 1368 5438 :
1389 5385 1466 5440 Tu
1494 5386 1701 5440 dixisti.
1733 5385 1800 5440 Et

220 5470 478 5534 quoniam
517 5477 684 5530 omnis
714 5477 804 5546 qui
833 5477 962 5546 facit
989 5488 1280 5547 peccatum,
1315 5491 1380 5531 ea:
1404 5477 1613 5530 diabolo
1643 5485 1798 5542 natus

301 5607 343 5639 ³³
367 5607 554 5660 Matth.
587 5625 727 5674 XXVI,
758 5611 844 5670 65,
872 5612 957 5665 (ii.
1045 5610 1089 5642 ³⁹
1113 5629 1162 5675 v,
1190 5611 1270 5664 l9.
1357 5610 1401 5641 ⁵⁰
1428 5610 1554 5664 ibid.

234 5679 276 5704 ’τ
309 5679 496 5733 Matth.
534 5694 606 5740 Iv,
639 5683 689 5734 6.
793 5683 836 5713 ⁸⁸⁸
863 5683 1048 5736 Matth.
1080 5697 1185 5744 xu,
1234 5681 1311 5736 l6.

231 5744 272 5778 "
301 5749 463 5804 Marc.
499 5766 605 5812 xw,
636 5752 722 5806 62.
798 5754 843 5786 ⁵³
870 5751 1058 5807 Matth.
1092 5769 1234 5816 xxvi,
1268 5753 1354 5806 lii.

1646 5611 1687 5643 “
1719 5611 1848 5668 ibid.
1881 5615 1968 5669 25.

1390 5682 1431 5712 ³⁷
1467 5681 1652 5735 Matth.
1698 5699 1837 5740 xxvr.
1877 5686 1963 5740 (ii.

1433 5753 1476 5784 ⁸³
1507 5753 1638 5806 Luc.
1671 5769 1757 5816 xx,
1786 5757 1874 5808 69.

1902 4569 2109 4623 dextris
2166 4567 2422 4620 fundatus
2459 4575 2562 4630 est,
2609 4577 2662 4619 et
2702 4567 2793 4634 qui
2833 4565 3039 4634 accepit
3086 4579 3298 4618 omnem
3330 4571 3486 4632 pote-

1901 4671 2095 4716 statem
2142 4677 2170 4713 a
2199 4659 2358 4713 Patre
2407 4659 2548 4712 sicut
2589 4658 2641 4711 in
2687 4659 2825 4712 coelo
2858 4666 2912 4712 et
2948 4658 3002 4709 in
3043 4666 3202 4709 terra.
3244 4655 3306 4708 Et
3338 4657 3484 4710 hanc

1901 4752 2274 4807 fundationem
2306 4748 2647 4822 [aliquando]
2679 4750 2938 4803 videbunt
2967 4748 3127 4802 etiam
3160 4748 3484 4812 adversarii,

1903 4848 2190 4912 postquam
2225 4856 2349 4892 cum
2383 4839 2567 4893 laetitia
2599 4838 2833 4892 viderint
2872 4852 2997 4891 eum
3035 4836 3198 4890 beati.
3251 4833 3355 4889 Sed
3387 4851 3486 4890 sc-—

1902 4931 2138 4985 cundum
2192 4929 2432 4984 Marcum
2484 4929 2701 4998 quidem
2760 4943 2866 4981 non
2917 4927 3076 4980 habet
3127 4927 3336 4989 amodo,
3385 4927 3482 4982 sed

1901 5019 2128 5090 puriter,
2167 5019 2216 5074 id
2243 5027 2365 5073 est:
2409 5018 2664 5072 Videbitis
2693 5016 2896 5069 Filium
2929 5015 3158 5068 hominis
3201 5031 3232 5068 a
3277 5015 3487 5069 dextris

1903 5114 2161 5165 sedentem
2213 5112 2424 5165 rirtutis
2467 5111 2508 5141 "
2565 5128 2579 5164 :
2623 5108 2919 5163 secundum
2970 5121 3131 5175 quem
3190 5106 3323 5159 nihil
3378 5107 3480 5160 erit

1899 5203 2232 5258 contrarium
2290 5203 2374 5257 his
2405 5217 2526 5272 qum
2586 5199 2929 5254 tradidimus.
2988 5196 3300 5252 Secundum
3343 5194 3478 5247 Mat-

1899 5296 2099 5349 thmum
2129 5304 2305 5349 autem
2335 5295 2428 5362 qui
2457 5293 2588 5347 dicit
2618 5308 2631 5343 :
2658 5289 2860 5344 Amodo
2909 5287 3151 5343 videbitis
3184 5287 3252 5351 ⁵⁸,
3291 5293 3343 5338 et
3391 5299 3478 5338 sc-

1903 5387 2145 5442 cundum
2174 5384 2377 5440 Lucam
2409 5385 2672 5440 dicentem
2700 5399 2712 5433 :
2744 5381 2825 5434 Ex
2852 5382 2947 5433 hoc
2977 5379 3077 5433 erit
3106 5376 3280 5431 Filius
3304 5375 3478 5428 homi-

1904 5479 1986 5532 nis
2018 5478 2086 5540 ⁸³.
2122 5485 2175 5532 et
2227 5485 2458 5543 caetera,
2507 5473 2856 5547 qttairendum
2908 5481 2991 5528 est
3036 5471 3082 5526 si
3127 5483 3192 5523 ea:
3239 5469 3335 5521 hoc
3364 5467 3479 5521 haec

2479 5612 2523 5645 ’⁸³
2547 5613 2733 5666 Matth.
2767 5631 2816 5672 γ,
2845 5614 2932 5667 51.
3010 5609 3054 5640 ⁸⁸
3085 5610 3101 5664 Ι
3131 5611 3286 5664 Joan.
3319 5625 3400 5672 ιιι,
3437 5610 3470 5662 8

2625 5686 2664 5714 ³³
2696 5683 2896 5747 lsa.v1,
2938 5683 2982 5737 ι.
3059 5682 3105 5714 ⁸ο
3130 5681 3270 5736 Psal.
3303 5697 3410 5746 cur,
3442 5681 3500 5737 i.

2058 5613 2102 5644 δ’
2129 5631 2258 5667 xxu.
2304 5613 2384 5666 16.

2045 5684 2084 5718 ³⁵
2114 5685 2251 5740 l’sal.
2289 5700 2463 5748 Lxxtx,
2494 5685 2545 5737 εὶ.
