  <div class='ocr_page' id='page_1' title='image "/cluster/home/n/w/nwhite01/storage/ocr_20150623/13/mdp.39015007036059/893.png"; bbox 0 0 4052 6304; ppageno 0'>
   <div class='ocr_carea' id='block_1_1' title="bbox 595 346 2149 415">
    <p class='ocr_par' dir='ltr' id='par_1_1' title="bbox 595 348 2149 414">
     <span class='ocr_line' id='line_1_1' title="bbox 595 348 2149 414; baseline -0.006 0"><span class='ocrx_word' id='word_1_1' title='bbox 595 359 730 414; x_wconf 70' lang='lat' dir='ltr'><strong>l&#39;iiiit</strong></span> <span class='ocrx_word' id='word_1_2' title='bbox 1770 349 2098 409; x_wconf 77' lang='lat' dir='ltr'><strong>ORIGENIS</strong></span> <span class='ocrx_word' id='word_1_3' title='bbox 2136 348 2149 404; x_wconf 86' lang='grc' dir='ltr'><strong>Ι</strong></span> 
     </span>
    </p>
   </div>
   <div class='ocr_carea' id='block_1_2' title="bbox 2247 346 3897 415">
    <p class='ocr_par' dir='ltr' id='par_1_2' title="bbox 2247 346 3897 415">
     <span class='ocr_line' id='line_1_2' title="bbox 2247 346 3897 415; baseline 0.005 -10"><span class='ocrx_word' id='word_1_4' title='bbox 2247 346 2655 406; x_wconf 70' lang='grc' dir='ltr'><strong>ΜΑΤἹἩᾸΞΗΜ</strong></span> <span class='ocrx_word' id='word_1_5' title='bbox 3734 358 3760 413; x_wconf 75' lang='lat' dir='ltr'><strong>i</strong></span> <span class='ocrx_word' id='word_1_6' title='bbox 3773 356 3897 415; x_wconf 78' lang='lat'><strong>760</strong></span> 
     </span>
    </p>
   </div>
   <div class='ocr_carea' id='block_1_3' title="bbox 605 456 3894 550">
    <p class='ocr_par' dir='ltr' id='par_1_3' title="bbox 605 456 3894 550">
     <span class='ocr_line' id='line_1_3' title="bbox 605 456 3894 550; baseline 0 -15"><span class='ocrx_word' id='word_1_7' title='bbox 605 495 710 550; x_wconf 66' lang='lat' dir='ltr'><strong>tua:</strong></span> <span class='ocrx_word' id='word_1_8' title='bbox 750 477 888 532; x_wconf 89' lang='lat' dir='ltr'><strong>dixit</strong></span> <span class='ocrx_word' id='word_1_9' title='bbox 920 476 1171 531; x_wconf 75' lang='lat' dir='ltr'><strong>Salvator</strong></span> <span class='ocrx_word' id='word_1_10' title='bbox 1213 473 1431 545; x_wconf 88' lang='lat' dir='ltr'><strong>impleta</strong></span> <span class='ocrx_word' id='word_1_11' title='bbox 1468 482 1596 528; x_wconf 89' lang='lat' dir='ltr'><strong>sunt</strong></span> <span class='ocrx_word' id='word_1_12' title='bbox 1633 486 1689 529; x_wconf 83' lang='lat' dir='ltr'><strong>et</strong></span> <span class='ocrx_word' id='word_1_13' title='bbox 1737 474 1790 529; x_wconf 93' lang='lat' dir='ltr'><strong>in</strong></span> <span class='ocrx_word' id='word_1_14' title='bbox 1823 456 1905 531; x_wconf 82' lang='lat' dir='ltr'><strong>eis</strong></span> <span class='ocrx_word' id='word_1_15' title='bbox 1935 474 2028 544; x_wconf 89' lang='lat' dir='ltr'><strong>qui</strong></span> <span class='ocrx_word' id='word_1_16' title='bbox 2075 490 2176 528; x_wconf 92' lang='lat' dir='ltr'><strong>au-</strong></span> <span class='ocrx_word' id='word_1_17' title='bbox 2205 480 2252 537; x_wconf 75' lang='grc' dir='ltr'>Α</span> <span class='ocrx_word' id='word_1_18' title='bbox 2282 482 2337 527; x_wconf 93' lang='lat' dir='ltr'><strong>et</strong></span> <span class='ocrx_word' id='word_1_19' title='bbox 2365 473 2595 544; x_wconf 79' lang='lat' dir='ltr'><strong>gloriam</strong></span> <span class='ocrx_word' id='word_1_20' title='bbox 2644 470 2979 528; x_wconf 74' lang='lat' dir='ltr'><strong>existimavit</strong></span> <span class='ocrx_word' id='word_1_21' title='bbox 3015 458 3298 530; x_wconf 76' lang='lat' dir='ltr'><strong>Iudaicam</strong></span> <span class='ocrx_word' id='word_1_22' title='bbox 3345 485 3400 531; x_wconf 88' lang='lat' dir='ltr'><strong>et</strong></span> <span class='ocrx_word' id='word_1_23' title='bbox 3433 461 3743 534; x_wconf 80' lang='lat' dir='ltr'><strong>labulosam</strong></span> <span class='ocrx_word' id='word_1_24' title='bbox 3788 479 3894 535; x_wconf 79' lang='lat' dir='ltr'><strong>bi-</strong></span> 
     </span>
    </p>
   </div>
   <div class='ocr_carea' id='block_1_4' title="bbox 587 564 3885 640">
    <p class='ocr_par' dir='ltr' id='par_1_4' title="bbox 587 564 3885 640">
     <span class='ocr_line' id='line_1_4' title="bbox 587 564 3885 640; baseline 0 -15"><span class='ocrx_word' id='word_1_25' title='bbox 587 573 806 626; x_wconf 88' lang='lat' dir='ltr'><strong>dierunt</strong></span> <span class='ocrx_word' id='word_1_26' title='bbox 832 569 976 638; x_wconf 84' lang='lat' dir='ltr'><strong>quod</strong></span> <span class='ocrx_word' id='word_1_27' title='bbox 1015 568 1156 623; x_wconf 90' lang='lat' dir='ltr'><strong>dixit</strong></span> <span class='ocrx_word' id='word_1_28' title='bbox 1194 587 1206 620; x_wconf 86' lang='lat'><strong>:</strong></span> <span class='ocrx_word' id='word_1_29' title='bbox 1250 569 1455 622; x_wconf 82' lang='lat' dir='ltr'><strong>Amodo</strong></span> <span class='ocrx_word' id='word_1_30' title='bbox 1490 566 1731 622; x_wconf 82' lang='lat' dir='ltr'><strong>videbitis</strong></span> <span class='ocrx_word' id='word_1_31' title='bbox 1762 565 1965 621; x_wconf 85' lang='lat' dir='ltr'><strong>Filium</strong></span> <span class='ocrx_word' id='word_1_32' title='bbox 1998 567 2172 620; x_wconf 88' lang='lat' dir='ltr'><strong>homi-</strong></span> <span class='ocrx_word' id='word_1_33' title='bbox 2277 565 2503 620; x_wconf 88' lang='lat' dir='ltr'><strong>storiam</strong></span> <span class='ocrx_word' id='word_1_34' title='bbox 2537 564 2730 619; x_wconf 89' lang='lat' dir='ltr'><strong>litterae</strong></span> <span class='ocrx_word' id='word_1_35' title='bbox 2761 565 3087 622; x_wconf 83' lang='lat' dir='ltr'><strong>occidentis.</strong></span> <span class='ocrx_word' id='word_1_36' title='bbox 3119 567 3185 622; x_wconf 88' lang='lat' dir='ltr'><strong>Et</strong></span> <span class='ocrx_word' id='word_1_37' title='bbox 3211 568 3437 637; x_wconf 78' lang='lat' dir='ltr'><strong>putabat</strong></span> <span class='ocrx_word' id='word_1_38' title='bbox 3468 570 3629 640; x_wconf 90' lang='lat' dir='ltr'><strong>quasi</strong></span> <span class='ocrx_word' id='word_1_39' title='bbox 3661 571 3885 626; x_wconf 81' lang='lat' dir='ltr'><strong>intelli—</strong></span> 
     </span>
    </p>
   </div>
   <div class='ocr_carea' id='block_1_5' title="bbox 584 656 3882 732">
    <p class='ocr_par' dir='ltr' id='par_1_5' title="bbox 584 656 3882 732">
     <span class='ocr_line' id='line_1_5' title="bbox 584 656 3882 732; baseline 0 -16"><span class='ocrx_word' id='word_1_40' title='bbox 584 665 664 716; x_wconf 86' lang='lat' dir='ltr'><strong>nis</strong></span> <span class='ocrx_word' id='word_1_41' title='bbox 694 662 955 717; x_wconf 77' lang='lat' dir='ltr'><strong>sedentem</strong></span> <span class='ocrx_word' id='word_1_42' title='bbox 989 678 1020 714; x_wconf 92' lang='lat' dir='ltr'><strong>a</strong></span> <span class='ocrx_word' id='word_1_43' title='bbox 1047 662 1247 715; x_wconf 78' lang='lat' dir='ltr'><strong>dextris</strong></span> <span class='ocrx_word' id='word_1_44' title='bbox 1277 661 1506 715; x_wconf 81' lang='lat' dir='ltr'><strong>virtutis.</strong></span> <span class='ocrx_word' id='word_1_45' title='bbox 1542 660 1607 715; x_wconf 84' lang='lat' dir='ltr'><strong>Et</strong></span> <span class='ocrx_word' id='word_1_46' title='bbox 1638 660 1875 716; x_wconf 83' lang='lat' dir='ltr'><strong>dicimus</strong></span> <span class='ocrx_word' id='word_1_47' title='bbox 1908 662 2169 732; x_wconf 88' lang='lat' dir='ltr'><strong>quoniam</strong></span> <span class='ocrx_word' id='word_1_48' title='bbox 2275 673 2407 725; x_wconf 76' lang='lat' dir='ltr'><strong>gens</strong></span> <span class='ocrx_word' id='word_1_49' title='bbox 2435 656 2643 713; x_wconf 83' lang='lat' dir='ltr'><strong>Citriin</strong></span> <span class='ocrx_word' id='word_1_50' title='bbox 2687 673 2991 724; x_wconf 76' lang='lat' dir='ltr'><strong>sermones,</strong></span> <span class='ocrx_word' id='word_1_51' title='bbox 3042 658 3375 716; x_wconf 77' lang='lat' dir='ltr'><strong>sufﬁcientes</strong></span> <span class='ocrx_word' id='word_1_52' title='bbox 3416 676 3539 717; x_wconf 87' lang='lat' dir='ltr'><strong>esse</strong></span> <span class='ocrx_word' id='word_1_53' title='bbox 3588 662 3655 717; x_wconf 91' lang='lat' dir='ltr'><strong>ad</strong></span> <span class='ocrx_word' id='word_1_54' title='bbox 3710 665 3882 718; x_wconf 84' lang='lat' dir='ltr'><strong>testi-</strong></span> 
     </span>
    </p>
   </div>
   <div class='ocr_carea' id='block_1_6' title="bbox 587 747 3885 823">
    <p class='ocr_par' dir='ltr' id='par_1_6' title="bbox 587 747 3885 823">
     <span class='ocr_line' id='line_1_6' title="bbox 587 747 3885 823; baseline 0.001 -18"><span class='ocrx_word' id='word_1_55' title='bbox 587 760 762 823; x_wconf 80' lang='lat' dir='ltr'><strong>,mtest</strong></span> <span class='ocrx_word' id='word_1_56' title='bbox 815 753 1099 822; x_wconf 86' lang='lat' dir='ltr'><strong>impletum</strong></span> <span class='ocrx_word' id='word_1_57' title='bbox 1151 752 1360 820; x_wconf 82' lang='lat' dir='ltr'><strong>videri,</strong></span> <span class='ocrx_word' id='word_1_58' title='bbox 1407 752 1666 822; x_wconf 91' lang='lat' dir='ltr'><strong>quoniam</strong></span> <span class='ocrx_word' id='word_1_59' title='bbox 1716 767 1783 807; x_wconf 90' lang='lat' dir='ltr'><strong>ex</strong></span> <span class='ocrx_word' id='word_1_60' title='bbox 1826 752 1938 818; x_wconf 90' lang='lat' dir='ltr'><strong>illo,</strong></span> <span class='ocrx_word' id='word_1_61' title='bbox 1991 752 2044 806; x_wconf 85' lang='lat' dir='ltr'><strong>id</strong></span> <span class='ocrx_word' id='word_1_62' title='bbox 2088 763 2172 808; x_wconf 86' lang='lat' dir='ltr'><strong>est</strong></span> <span class='ocrx_word' id='word_1_63' title='bbox 2272 747 2521 801; x_wconf 87' lang='lat' dir='ltr'><strong>monium</strong></span> <span class='ocrx_word' id='word_1_64' title='bbox 2552 756 2741 802; x_wconf 89' lang='lat' dir='ltr'><strong>contra</strong></span> <span class='ocrx_word' id='word_1_65' title='bbox 2792 747 2995 818; x_wconf 91' lang='lat' dir='ltr'><strong>ipsum,</strong></span> <span class='ocrx_word' id='word_1_66' title='bbox 3030 748 3123 820; x_wconf 90' lang='lat' dir='ltr'><strong>qui</strong></span> <span class='ocrx_word' id='word_1_67' title='bbox 3171 760 3334 805; x_wconf 87' lang='lat' dir='ltr'><strong>testes</strong></span> <span class='ocrx_word' id='word_1_68' title='bbox 3375 762 3531 806; x_wconf 85' lang='lat' dir='ltr'><strong>erant</strong></span> <span class='ocrx_word' id='word_1_69' title='bbox 3558 752 3885 808; x_wconf 80' lang='lat' dir='ltr'><strong>divinitatis</strong></span> 
     </span>
    </p>
   </div>
   <div class='ocr_carea' id='block_1_7' title="bbox 584 836 3882 913">
    <p class='ocr_par' dir='ltr' id='par_1_7' title="bbox 584 836 3882 913">
     <span class='ocr_line' id='line_1_7' title="bbox 584 836 3882 913; baseline 0.003 -17"><span class='ocrx_word' id='word_1_70' title='bbox 584 852 828 912; x_wconf 87' lang='lat' dir='ltr'><strong>tempore</strong></span> <span class='ocrx_word' id='word_1_71' title='bbox 883 842 1311 913; x_wconf 77' lang='lat' dir='ltr'><strong>dispensationis</strong></span> <span class='ocrx_word' id='word_1_72' title='bbox 1371 843 1544 899; x_wconf 83' lang='lat' dir='ltr'><strong>Filius</strong></span> <span class='ocrx_word' id='word_1_73' title='bbox 1600 844 1843 901; x_wconf 84' lang='lat' dir='ltr'><strong>hominis</strong></span> <span class='ocrx_word' id='word_1_74' title='bbox 1902 845 2042 901; x_wconf 84' lang='lat' dir='ltr'><strong>sedit</strong></span> <span class='ocrx_word' id='word_1_75' title='bbox 2100 845 2171 901; x_wconf 90' lang='lat' dir='ltr'><strong>ad</strong></span> <span class='ocrx_word' id='word_1_76' title='bbox 2272 836 2465 907; x_wconf 76' lang='lat' dir='ltr'><strong>ipsius,</strong></span> <span class='ocrx_word' id='word_1_77' title='bbox 2506 848 2773 908; x_wconf 78' lang='lat' dir='ltr'><strong>quantum</strong></span> <span class='ocrx_word' id='word_1_78' title='bbox 2808 839 2874 894; x_wconf 82' lang='lat' dir='ltr'><strong>ad</strong></span> <span class='ocrx_word' id='word_1_79' title='bbox 2902 855 2998 895; x_wconf 84' lang='lat' dir='ltr'><strong>eos</strong></span> <span class='ocrx_word' id='word_1_80' title='bbox 3031 841 3124 911; x_wconf 87' lang='lat' dir='ltr'><strong>qui</strong></span> <span class='ocrx_word' id='word_1_81' title='bbox 3164 841 3463 912; x_wconf 75' lang='lat' dir='ltr'><strong>intelligere</strong></span> <span class='ocrx_word' id='word_1_82' title='bbox 3497 856 3768 913; x_wconf 78' lang='lat' dir='ltr'><strong>possunt;</strong></span> <span class='ocrx_word' id='word_1_83' title='bbox 3818 854 3882 900; x_wconf 78' lang='lat' dir='ltr'><strong>et</strong></span> 
     </span>
    </p>
   </div>
   <div class='ocr_carea' id='block_1_8' title="bbox 580 930 3875 1008">
    <p class='ocr_par' dir='ltr' id='par_1_8' title="bbox 580 930 3875 1008">
     <span class='ocr_line' id='line_1_8' title="bbox 580 930 3875 1008; baseline 0.001 -19"><span class='ocrx_word' id='word_1_84' title='bbox 580 935 828 989; x_wconf 88' lang='lat' dir='ltr'><strong>dextram</strong></span> <span class='ocrx_word' id='word_1_85' title='bbox 878 934 1117 1001; x_wconf 91' lang='lat' dir='ltr'><strong>virtutis,</strong></span> <span class='ocrx_word' id='word_1_86' title='bbox 1147 945 1202 990; x_wconf 90' lang='lat' dir='ltr'><strong>et</strong></span> <span class='ocrx_word' id='word_1_87' title='bbox 1246 934 1503 991; x_wconf 86' lang='lat' dir='ltr'><strong>viderunt</strong></span> <span class='ocrx_word' id='word_1_88' title='bbox 1529 952 1655 991; x_wconf 89' lang='lat' dir='ltr'><strong>eum</strong></span> <span class='ocrx_word' id='word_1_89' title='bbox 1685 936 1937 1008; x_wconf 85' lang='lat' dir='ltr'><strong>discipuli</strong></span> <span class='ocrx_word' id='word_1_90' title='bbox 1986 953 2170 992; x_wconf 88' lang='lat' dir='ltr'><strong>resur-</strong></span> <span class='ocrx_word' id='word_1_91' title='bbox 2271 930 2406 985; x_wconf 74' lang='lat' dir='ltr'><strong>dicit</strong></span> <span class='ocrx_word' id='word_1_92' title='bbox 2440 931 2507 986; x_wconf 79' lang='lat' dir='ltr'><strong>ad</strong></span> <span class='ocrx_word' id='word_1_93' title='bbox 2537 946 2634 986; x_wconf 84' lang='lat' dir='ltr'><strong>eos</strong></span> <span class='ocrx_word' id='word_1_94' title='bbox 2660 932 2754 1001; x_wconf 88' lang='lat' dir='ltr'><strong>qui</strong></span> <span class='ocrx_word' id='word_1_95' title='bbox 2787 932 2974 986; x_wconf 79' lang='lat' dir='ltr'><strong>eadem</strong></span> <span class='ocrx_word' id='word_1_96' title='bbox 3009 933 3295 1003; x_wconf 79' lang='lat' dir='ltr'><strong>sapiebaut</strong></span> <span class='ocrx_word' id='word_1_97' title='bbox 3322 951 3336 988; x_wconf 91' lang='lat'><strong>:</strong></span> <span class='ocrx_word' id='word_1_98' title='bbox 3364 933 3497 989; x_wconf 78' lang='lat' dir='ltr'><strong>Ecce</strong></span> <span class='ocrx_word' id='word_1_99' title='bbox 3531 952 3670 990; x_wconf 85' lang='lat' dir='ltr'><strong>nunc</strong></span> <span class='ocrx_word' id='word_1_100' title='bbox 3700 938 3875 991; x_wconf 77' lang='lat' dir='ltr'><strong>audi—</strong></span> 
     </span>
    </p>
   </div>
   <div class='ocr_carea' id='block_1_9' title="bbox 580 1023 3871 1099">
    <p class='ocr_par' dir='ltr' id='par_1_9' title="bbox 580 1023 3871 1099">
     <span class='ocr_line' id='line_1_9' title="bbox 580 1023 3871 1099; baseline 0.001 -21"><span class='ocrx_word' id='word_1_101' title='bbox 580 1036 795 1097; x_wconf 77' lang='lat' dir='ltr'><strong>gentem</strong></span> <span class='ocrx_word' id='word_1_102' title='bbox 832 1044 862 1083; x_wconf 88' lang='lat' dir='ltr'><strong>a</strong></span> <span class='ocrx_word' id='word_1_103' title='bbox 893 1029 1147 1094; x_wconf 80' lang='lat' dir='ltr'><strong>mortuis,</strong></span> <span class='ocrx_word' id='word_1_104' title='bbox 1194 1036 1248 1083; x_wconf 86' lang='lat' dir='ltr'><strong>ct</strong></span> <span class='ocrx_word' id='word_1_105' title='bbox 1288 1044 1387 1099; x_wconf 84' lang='lat' dir='ltr'><strong>per</strong></span> <span class='ocrx_word' id='word_1_106' title='bbox 1425 1028 1530 1085; x_wconf 86' lang='lat' dir='ltr'><strong>hoc</strong></span> <span class='ocrx_word' id='word_1_107' title='bbox 1568 1028 1826 1084; x_wconf 84' lang='lat' dir='ltr'><strong>viderunt</strong></span> <span class='ocrx_word' id='word_1_108' title='bbox 1872 1045 1998 1085; x_wconf 86' lang='lat' dir='ltr'><strong>eum</strong></span> <span class='ocrx_word' id='word_1_109' title='bbox 2041 1028 2169 1085; x_wconf 75' lang='lat' dir='ltr'><strong>fun-</strong></span> <span class='ocrx_word' id='word_1_110' title='bbox 2272 1025 2368 1079; x_wconf 87' lang='lat' dir='ltr'><strong>stis</strong></span> <span class='ocrx_word' id='word_1_111' title='bbox 2401 1023 2788 1095; x_wconf 76' lang='lat' dir='ltr'><strong>blasphemiam</strong></span> <span class='ocrx_word' id='word_1_112' title='bbox 2830 1025 2946 1096; x_wconf 85' lang='lat' dir='ltr'><strong>ejus</strong></span> <span class='ocrx_word' id='word_1_113' title='bbox 2980 1042 2998 1080; x_wconf 91' lang='lat'><strong><em>:</em></strong></span> <span class='ocrx_word' id='word_1_114' title='bbox 3030 1025 3159 1095; x_wconf 87' lang='lat' dir='ltr'><strong>quid</strong></span> <span class='ocrx_word' id='word_1_115' title='bbox 3214 1026 3358 1080; x_wconf 88' lang='lat' dir='ltr'><strong>vobis</strong></span> <span class='ocrx_word' id='word_1_116' title='bbox 3405 1028 3615 1082; x_wconf 78' lang='lat' dir='ltr'><strong>videtur</strong></span> <span class='ocrx_word' id='word_1_117' title='bbox 3640 1029 3732 1081; x_wconf 69' lang='grc'><strong>⁸⁷2</strong></span> <span class='ocrx_word' id='word_1_118' title='bbox 3756 1028 3871 1083; x_wconf 82' lang='lat' dir='ltr'><strong>do—</strong></span> 
     </span>
    </p>
   </div>
   <div class='ocr_carea' id='block_1_10' title="bbox 580 1115 3873 1191">
    <p class='ocr_par' dir='ltr' id='par_1_10' title="bbox 580 1115 3873 1191">
     <span class='ocr_line' id='line_1_10' title="bbox 580 1115 3873 1191; baseline 0.001 -18"><span class='ocrx_word' id='word_1_119' title='bbox 580 1121 767 1174; x_wconf 87' lang='lat' dir='ltr'><strong>datum</strong></span> <span class='ocrx_word' id='word_1_120' title='bbox 804 1120 869 1174; x_wconf 92' lang='lat' dir='ltr'><strong>ad</strong></span> <span class='ocrx_word' id='word_1_121' title='bbox 898 1121 1144 1175; x_wconf 82' lang='lat' dir='ltr'><strong>dextram</strong></span> <span class='ocrx_word' id='word_1_122' title='bbox 1192 1120 1430 1186; x_wconf 90' lang='lat' dir='ltr'><strong>virtutis,</strong></span> <span class='ocrx_word' id='word_1_123' title='bbox 1467 1120 1768 1176; x_wconf 89' lang='lat' dir='ltr'><strong>secundum</strong></span> <span class='ocrx_word' id='word_1_124' title='bbox 1802 1121 1947 1191; x_wconf 86' lang='lat' dir='ltr'><strong>quod</strong></span> <span class='ocrx_word' id='word_1_125' title='bbox 1992 1122 2167 1177; x_wconf 90' lang='lat' dir='ltr'><strong>tradi-</strong></span> <span class='ocrx_word' id='word_1_126' title='bbox 2274 1130 2374 1171; x_wconf 79' lang='lat' dir='ltr'><strong>nec</strong></span> <span class='ocrx_word' id='word_1_127' title='bbox 2422 1115 2813 1185; x_wconf 74' lang='lat' dir='ltr'><strong>respmldeltles</strong></span> <span class='ocrx_word' id='word_1_128' title='bbox 2860 1125 2916 1169; x_wconf 72' lang='lat' dir='ltr'><strong>ei</strong></span> <span class='ocrx_word' id='word_1_129' title='bbox 2960 1117 3061 1185; x_wconf 81' lang='lat' dir='ltr'><strong>ipsi</strong></span> <span class='ocrx_word' id='word_1_130' title='bbox 3098 1117 3362 1172; x_wconf 70' lang='lat' dir='ltr'><strong>adversus</strong></span> <span class='ocrx_word' id='word_1_131' title='bbox 3410 1119 3649 1174; x_wconf 80' lang='lat' dir='ltr'><strong>attimam</strong></span> <span class='ocrx_word' id='word_1_132' title='bbox 3701 1134 3873 1176; x_wconf 72' lang='lat' dir='ltr'><strong>suam</strong></span> 
     </span>
    </p>
   </div>
   <div class='ocr_carea' id='block_1_11' title="bbox 577 1209 2165 1282">
    <p class='ocr_par' dir='ltr' id='par_1_11' title="bbox 577 1209 2165 1282">
     <span class='ocr_line' id='line_1_11' title="bbox 577 1209 2165 1282; baseline 0.004 -19"><span class='ocrx_word' id='word_1_133' title='bbox 577 1212 760 1267; x_wconf 89' lang='lat' dir='ltr'><strong>ditnus</strong></span> <span class='ocrx_word' id='word_1_134' title='bbox 790 1226 977 1281; x_wconf 87' lang='lat' dir='ltr'><strong>supra.</strong></span> <span class='ocrx_word' id='word_1_135' title='bbox 1010 1210 1119 1266; x_wconf 82' lang='lat' dir='ltr'><strong>Aut</strong></span> <span class='ocrx_word' id='word_1_136' title='bbox 1151 1212 1225 1265; x_wconf 93' lang='lat' dir='ltr'><strong>ita</strong></span> <span class='ocrx_word' id='word_1_137' title='bbox 1251 1227 1265 1264; x_wconf 90' lang='lat'>:</span> <span class='ocrx_word' id='word_1_138' title='bbox 1292 1209 1428 1267; x_wconf 82' lang='lat' dir='ltr'><strong>Vide</strong></span> <span class='ocrx_word' id='word_1_139' title='bbox 1458 1213 1505 1267; x_wconf 89' lang='lat' dir='ltr'><strong>si</strong></span> <span class='ocrx_word' id='word_1_140' title='bbox 1535 1221 1690 1282; x_wconf 89' lang='lat' dir='ltr'><strong>potes</strong></span> <span class='ocrx_word' id='word_1_141' title='bbox 1724 1212 1916 1268; x_wconf 87' lang='lat' dir='ltr'><strong>horam</strong></span> <span class='ocrx_word' id='word_1_142' title='bbox 1948 1222 2004 1269; x_wconf 89' lang='lat' dir='ltr'><strong>et</strong></span> <span class='ocrx_word' id='word_1_143' title='bbox 2022 1214 2165 1269; x_wconf 90' lang='lat' dir='ltr'><strong>diem</strong></span> 
     </span>
    </p>
   </div>
   <div class='ocr_carea' id='block_1_12' title="bbox 578 1288 2167 1378">
    <p class='ocr_par' dir='ltr' id='par_1_12' title="bbox 578 1288 2167 1378">
     <span class='ocr_line' id='line_1_12' title="bbox 578 1288 2167 1378; baseline 0.003 -21"><span class='ocrx_word' id='word_1_144' title='bbox 578 1288 756 1358; x_wconf 82' lang='lat' dir='ltr'><strong>metiri</strong></span> <span class='ocrx_word' id='word_1_145' title='bbox 813 1320 922 1359; x_wconf 89' lang='lat' dir='ltr'><strong>non</strong></span> <span class='ocrx_word' id='word_1_146' title='bbox 977 1303 1280 1359; x_wconf 88' lang='lat' dir='ltr'><strong>secundum</strong></span> <span class='ocrx_word' id='word_1_147' title='bbox 1328 1304 1673 1373; x_wconf 82' lang='lat' dir='ltr'><strong>brevitatem,</strong></span> <span class='ocrx_word' id='word_1_148' title='bbox 1727 1322 1850 1376; x_wconf 63' lang='lat' dir='ltr'><strong>quae</strong></span> <span class='ocrx_word' id='word_1_149' title='bbox 1892 1315 1978 1361; x_wconf 89' lang='lat' dir='ltr'><strong>est</strong></span> <span class='ocrx_word' id='word_1_150' title='bbox 2020 1306 2167 1378; x_wconf 88' lang='lat' dir='ltr'><strong>apud</strong></span> 
     </span>
    </p>
   </div>
   <div class='ocr_carea' id='block_1_13' title="bbox 578 1395 2163 1465">
    <p class='ocr_par' dir='ltr' id='par_1_13' title="bbox 578 1395 2163 1465">
     <span class='ocr_line' id='line_1_13' title="bbox 578 1395 2163 1465; baseline 0.002 -16"><span class='ocrx_word' id='word_1_151' title='bbox 578 1396 852 1460; x_wconf 81' lang='lat' dir='ltr'><strong>homines,</strong></span> <span class='ocrx_word' id='word_1_152' title='bbox 910 1396 1169 1450; x_wconf 85' lang='lat' dir='ltr'><strong>horarum</strong></span> <span class='ocrx_word' id='word_1_153' title='bbox 1219 1404 1386 1465; x_wconf 88' lang='lat' dir='ltr'><strong>atque</strong></span> <span class='ocrx_word' id='word_1_154' title='bbox 1428 1395 1682 1460; x_wconf 90' lang='lat' dir='ltr'><strong>dierum,</strong></span> <span class='ocrx_word' id='word_1_155' title='bbox 1727 1397 1821 1452; x_wconf 90' lang='lat' dir='ltr'><strong>sed</strong></span> <span class='ocrx_word' id='word_1_156' title='bbox 1864 1398 2163 1452; x_wconf 89' lang='lat' dir='ltr'><strong>secundum</strong></span> 
     </span>
    </p>
   </div>
   <div class='ocr_carea' id='block_1_14' title="bbox 575 1472 2165 1558">
    <p class='ocr_par' dir='ltr' id='par_1_14' title="bbox 575 1472 2165 1558">
     <span class='ocr_line' id='line_1_14' title="bbox 575 1472 2165 1558; baseline 0.001 -17"><span class='ocrx_word' id='word_1_157' title='bbox 575 1485 996 1558; x_wconf 79' lang='lat' dir='ltr'><strong>longitudinem,</strong></span> <span class='ocrx_word' id='word_1_158' title='bbox 1045 1472 1168 1556; x_wconf 79' lang='lat' dir='ltr'><strong>quae</strong></span> <span class='ocrx_word' id='word_1_159' title='bbox 1216 1494 1301 1540; x_wconf 90' lang='lat' dir='ltr'><strong>est</strong></span> <span class='ocrx_word' id='word_1_160' title='bbox 1351 1486 1493 1555; x_wconf 90' lang='lat' dir='ltr'><strong>apud</strong></span> <span class='ocrx_word' id='word_1_161' title='bbox 1526 1485 1819 1541; x_wconf 90' lang='lat' dir='ltr'><strong>Dominum</strong></span> <span class='ocrx_word' id='word_1_162' title='bbox 1878 1487 2165 1557; x_wconf 88' lang='lat' dir='ltr'><strong>sempiter-</strong></span> 
     </span>
    </p>
   </div>
   <div class='ocr_carea' id='block_1_15' title="bbox 578 1576 2164 1646">
    <p class='ocr_par' dir='ltr' id='par_1_15' title="bbox 578 1576 2164 1646">
     <span class='ocr_line' id='line_1_15' title="bbox 578 1576 2164 1646; baseline 0 -14"><span class='ocrx_word' id='word_1_163' title='bbox 578 1595 732 1642; x_wconf 90' lang='lat' dir='ltr'><strong>nutn,</strong></span> <span class='ocrx_word' id='word_1_164' title='bbox 774 1578 863 1632; x_wconf 90' lang='lat' dir='ltr'><strong>cui</strong></span> <span class='ocrx_word' id='word_1_165' title='bbox 902 1593 933 1631; x_wconf 88' lang='lat' dir='ltr'><strong>a</strong></span> <span class='ocrx_word' id='word_1_166' title='bbox 959 1577 1353 1632; x_wconf 90' lang='lat' dir='ltr'><strong>constitutione</strong></span> <span class='ocrx_word' id='word_1_167' title='bbox 1379 1576 1569 1632; x_wconf 90' lang='lat' dir='ltr'><strong>mundi</strong></span> <span class='ocrx_word' id='word_1_168' title='bbox 1599 1593 1772 1646; x_wconf 90' lang='lat' dir='ltr'><strong>usque</strong></span> <span class='ocrx_word' id='word_1_169' title='bbox 1803 1580 1870 1633; x_wconf 93' lang='lat' dir='ltr'><strong>ad</strong></span> <span class='ocrx_word' id='word_1_170' title='bbox 1902 1594 2164 1634; x_wconf 87' lang='lat' dir='ltr'><strong>consum-</strong></span> 
     </span>
    </p>
   </div>
   <div class='ocr_carea' id='block_1_16' title="bbox 577 1670 2167 1741">
    <p class='ocr_par' dir='ltr' id='par_1_16' title="bbox 577 1670 2167 1741">
     <span class='ocr_line' id='line_1_16' title="bbox 577 1670 2167 1741; baseline 0.002 -16"><span class='ocrx_word' id='word_1_171' title='bbox 577 1672 874 1725; x_wconf 87' lang='lat' dir='ltr'><strong>tnationem</strong></span> <span class='ocrx_word' id='word_1_172' title='bbox 929 1670 1052 1740; x_wconf 88' lang='lat' dir='ltr'><strong>ejus</strong></span> <span class='ocrx_word' id='word_1_173' title='bbox 1099 1678 1183 1726; x_wconf 89' lang='lat' dir='ltr'><strong>est</strong></span> <span class='ocrx_word' id='word_1_174' title='bbox 1225 1684 1370 1726; x_wconf 90' lang='lat' dir='ltr'><strong>unus</strong></span> <span class='ocrx_word' id='word_1_175' title='bbox 1418 1670 1535 1725; x_wconf 88' lang='lat' dir='ltr'><strong>dies</strong></span> <span class='ocrx_word' id='word_1_176' title='bbox 1577 1688 1591 1724; x_wconf 90' lang='lat'><strong>:</strong></span> <span class='ocrx_word' id='word_1_177' title='bbox 1630 1671 1778 1741; x_wconf 90' lang='lat' dir='ltr'><strong>quod</strong></span> <span class='ocrx_word' id='word_1_178' title='bbox 1824 1672 2167 1728; x_wconf 82' lang='lat' dir='ltr'><strong>demonstrat</strong></span> 
     </span>
    </p>
   </div>
   <div class='ocr_carea' id='block_1_17' title="bbox 574 1762 2162 1834">
    <p class='ocr_par' dir='ltr' id='par_1_17' title="bbox 574 1762 2162 1834">
     <span class='ocr_line' id='line_1_17' title="bbox 574 1762 2162 1834; baseline 0.003 -18"><span class='ocrx_word' id='word_1_179' title='bbox 574 1763 858 1833; x_wconf 84' lang='lat' dir='ltr'><strong>parabola,</strong></span> <span class='ocrx_word' id='word_1_180' title='bbox 902 1762 996 1817; x_wconf 93' lang='lat' dir='ltr'><strong>ubi</strong></span> <span class='ocrx_word' id='word_1_181' title='bbox 1039 1762 1173 1817; x_wconf 90' lang='lat' dir='ltr'><strong>dicit</strong></span> <span class='ocrx_word' id='word_1_182' title='bbox 1213 1763 1281 1818; x_wconf 90' lang='lat' dir='ltr'><strong>de</strong></span> <span class='ocrx_word' id='word_1_183' title='bbox 1313 1764 1602 1820; x_wconf 90' lang='lat' dir='ltr'><strong>conductis</strong></span> <span class='ocrx_word' id='word_1_184' title='bbox 1635 1780 1794 1820; x_wconf 90' lang='lat' dir='ltr'><strong>mane</strong></span> <span class='ocrx_word' id='word_1_185' title='bbox 1837 1764 1889 1818; x_wconf 93' lang='lat' dir='ltr'><strong>in</strong></span> <span class='ocrx_word' id='word_1_186' title='bbox 1925 1766 2162 1834; x_wconf 82' lang='lat' dir='ltr'><strong>vineam,</strong></span> 
     </span>
    </p>
   </div>
   <div class='ocr_carea' id='block_1_18' title="bbox 573 1845 2239 1926">
    <p class='ocr_par' dir='ltr' id='par_1_18' title="bbox 573 1845 2239 1926">
     <span class='ocr_line' id='line_1_18' title="bbox 573 1845 2239 1926; baseline 0.003 -19"><span class='ocrx_word' id='word_1_187' title='bbox 573 1865 627 1908; x_wconf 88' lang='lat' dir='ltr'><strong>et</strong></span> <span class='ocrx_word' id='word_1_188' title='bbox 657 1854 814 1909; x_wconf 90' lang='lat' dir='ltr'><strong>tertia</strong></span> <span class='ocrx_word' id='word_1_189' title='bbox 859 1853 1016 1919; x_wconf 92' lang='lat' dir='ltr'><strong>hora,</strong></span> <span class='ocrx_word' id='word_1_190' title='bbox 1059 1863 1113 1909; x_wconf 88' lang='lat' dir='ltr'><strong>et</strong></span> <span class='ocrx_word' id='word_1_191' title='bbox 1161 1862 1338 1919; x_wconf 89' lang='lat' dir='ltr'><strong>sexta,</strong></span> <span class='ocrx_word' id='word_1_192' title='bbox 1370 1864 1424 1911; x_wconf 89' lang='lat' dir='ltr'><strong>et</strong></span> <span class='ocrx_word' id='word_1_193' title='bbox 1460 1871 1633 1926; x_wconf 91' lang='lat' dir='ltr'><strong>usque</strong></span> <span class='ocrx_word' id='word_1_194' title='bbox 1681 1854 1748 1910; x_wconf 90' lang='lat' dir='ltr'><strong>ad</strong></span> <span class='ocrx_word' id='word_1_195' title='bbox 1795 1857 2160 1912; x_wconf 87' lang='lat' dir='ltr'><strong>undecimam.</strong></span> <span class='ocrx_word' id='word_1_196' title='bbox 2196 1845 2239 1900; x_wconf 78' lang='grc' dir='ltr'><strong>Β</strong></span> 
     </span>
    </p>
   </div>
   <div class='ocr_carea' id='block_1_19' title="bbox 573 1945 2158 2019">
    <p class='ocr_par' dir='ltr' id='par_1_19' title="bbox 573 1945 2158 2019">
     <span class='ocr_line' id='line_1_19' title="bbox 573 1945 2158 2019; baseline 0.003 -19"><span class='ocrx_word' id='word_1_197' title='bbox 573 1945 719 2001; x_wconf 87' lang='lat' dir='ltr'><strong>Nihil</strong></span> <span class='ocrx_word' id='word_1_198' title='bbox 748 1964 876 2018; x_wconf 79' lang='lat' dir='ltr'><strong>ergo</strong></span> <span class='ocrx_word' id='word_1_199' title='bbox 909 1948 1109 2003; x_wconf 89' lang='lat' dir='ltr'><strong>mirum</strong></span> <span class='ocrx_word' id='word_1_200' title='bbox 1142 1956 1196 2003; x_wconf 90' lang='lat' dir='ltr'><strong>et</strong></span> <span class='ocrx_word' id='word_1_201' title='bbox 1223 1948 1367 2019; x_wconf 91' lang='lat' dir='ltr'><strong>quod</strong></span> <span class='ocrx_word' id='word_1_202' title='bbox 1403 1948 1493 2003; x_wconf 91' lang='lat' dir='ltr'><strong>hic</strong></span> <span class='ocrx_word' id='word_1_203' title='bbox 1522 1949 1654 2003; x_wconf 90' lang='lat' dir='ltr'><strong>dicit</strong></span> <span class='ocrx_word' id='word_1_204' title='bbox 1680 1948 1930 2003; x_wconf 83' lang='lat' dir='ltr'><strong>Salvator</strong></span> <span class='ocrx_word' id='word_1_205' title='bbox 1967 1949 2158 2004; x_wconf 87' lang='lat' dir='ltr'><strong>amodo</strong></span> 
     </span>
    </p>
   </div>
   <div class='ocr_carea' id='block_1_20' title="bbox 577 2039 2160 2111">
    <p class='ocr_par' dir='ltr' id='par_1_20' title="bbox 577 2039 2160 2111">
     <span class='ocr_line' id='line_1_20' title="bbox 577 2039 2160 2111; baseline 0.001 -17"><span class='ocrx_word' id='word_1_206' title='bbox 577 2040 816 2108; x_wconf 75' lang='lat' dir='ltr'><strong>spatium</strong></span> <span class='ocrx_word' id='word_1_207' title='bbox 874 2055 999 2094; x_wconf 86' lang='lat' dir='ltr'><strong>esse</strong></span> <span class='ocrx_word' id='word_1_208' title='bbox 1053 2039 1438 2094; x_wconf 83' lang='lat' dir='ltr'><strong>brevissimum</strong></span> <span class='ocrx_word' id='word_1_209' title='bbox 1509 2055 1685 2111; x_wconf 91' lang='lat' dir='ltr'><strong>usque</strong></span> <span class='ocrx_word' id='word_1_210' title='bbox 1739 2048 1889 2104; x_wconf 89' lang='lat' dir='ltr'><strong>tunc,</strong></span> <span class='ocrx_word' id='word_1_211' title='bbox 1942 2040 1995 2093; x_wconf 90' lang='lat' dir='ltr'><strong>in</strong></span> <span class='ocrx_word' id='word_1_212' title='bbox 2048 2057 2160 2110; x_wconf 87' lang='lat' dir='ltr'><strong>quo</strong></span> 
     </span>
    </p>
   </div>
   <div class='ocr_carea' id='block_1_21' title="bbox 572 2130 2158 2201">
    <p class='ocr_par' dir='ltr' id='par_1_21' title="bbox 572 2130 2158 2201">
     <span class='ocr_line' id='line_1_21' title="bbox 572 2130 2158 2201; baseline 0.001 -15"><span class='ocrx_word' id='word_1_213' title='bbox 572 2133 752 2201; x_wconf 90' lang='lat' dir='ltr'><strong>spatio</strong></span> <span class='ocrx_word' id='word_1_214' title='bbox 785 2130 1039 2187; x_wconf 87' lang='lat' dir='ltr'><strong>dicebat:</strong></span> <span class='ocrx_word' id='word_1_215' title='bbox 1079 2130 1331 2185; x_wconf 86' lang='lat' dir='ltr'><strong>Videbitis</strong></span> <span class='ocrx_word' id='word_1_216' title='bbox 1372 2130 1419 2184; x_wconf 83' lang='lat' dir='ltr'><em>F</em></span> <span class='ocrx_word' id='word_1_217' title='bbox 1424 2131 1577 2186; x_wconf 89' lang='lat' dir='ltr'><strong>ilium</strong></span> <span class='ocrx_word' id='word_1_218' title='bbox 1618 2133 1846 2187; x_wconf 80' lang='lat' dir='ltr'><strong>hominis</strong></span> <span class='ocrx_word' id='word_1_219' title='bbox 1893 2134 2158 2188; x_wconf 77' lang='lat' dir='ltr'><strong>sedentem</strong></span> 
     </span>
    </p>
   </div>
   <div class='ocr_carea' id='block_1_22' title="bbox 573 2223 2155 2295">
    <p class='ocr_par' dir='ltr' id='par_1_22' title="bbox 573 2223 2155 2295">
     <span class='ocr_line' id='line_1_22' title="bbox 573 2223 2155 2295; baseline 0.003 -20"><span class='ocrx_word' id='word_1_220' title='bbox 573 2241 605 2275; x_wconf 76' lang='grc' dir='ltr'>α</span> <span class='ocrx_word' id='word_1_221' title='bbox 634 2223 838 2277; x_wconf 76' lang='lat' dir='ltr'><strong>dextris</strong></span> <span class='ocrx_word' id='word_1_222' title='bbox 872 2224 1105 2286; x_wconf 83' lang='lat' dir='ltr'><strong>virtutis,</strong></span> <span class='ocrx_word' id='word_1_223' title='bbox 1134 2223 1200 2278; x_wconf 89' lang='lat' dir='ltr'><strong>ad</strong></span> <span class='ocrx_word' id='word_1_224' title='bbox 1231 2223 1355 2280; x_wconf 92' lang='lat' dir='ltr'><strong>illos</strong></span> <span class='ocrx_word' id='word_1_225' title='bbox 1389 2226 1480 2295; x_wconf 87' lang='lat' dir='ltr'><strong>qui</strong></span> <span class='ocrx_word' id='word_1_226' title='bbox 1520 2234 1647 2280; x_wconf 88' lang='lat' dir='ltr'><strong>tunc</strong></span> <span class='ocrx_word' id='word_1_227' title='bbox 1688 2240 1813 2280; x_wconf 90' lang='lat' dir='ltr'><strong>eum</strong></span> <span class='ocrx_word' id='word_1_228' title='bbox 1842 2225 2155 2293; x_wconf 84' lang='lat' dir='ltr'><strong>audiebant,</strong></span> 
     </span>
    </p>
   </div>
   <div class='ocr_carea' id='block_1_23' title="bbox 570 2313 2159 2385">
    <p class='ocr_par' dir='ltr' id='par_1_23' title="bbox 570 2313 2159 2385">
     <span class='ocr_line' id='line_1_23' title="bbox 570 2313 2159 2385; baseline 0.001 -14"><span class='ocrx_word' id='word_1_229' title='bbox 570 2313 710 2371; x_wconf 76' lang='lat' dir='ltr'><strong>forte</strong></span> <span class='ocrx_word' id='word_1_230' title='bbox 739 2323 868 2369; x_wconf 90' lang='lat' dir='ltr'><strong>tunc</strong></span> <span class='ocrx_word' id='word_1_231' title='bbox 900 2314 1120 2385; x_wconf 86' lang='lat' dir='ltr'><strong>quando</strong></span> <span class='ocrx_word' id='word_1_232' title='bbox 1146 2314 1285 2368; x_wconf 75' lang='lat' dir='ltr'><strong>dixit</strong></span> <span class='ocrx_word' id='word_1_233' title='bbox 1314 2314 1569 2370; x_wconf 82' lang='lat' dir='ltr'><strong>Dominus</strong></span> <span class='ocrx_word' id='word_1_234' title='bbox 1592 2316 1821 2371; x_wconf 89' lang='lat' dir='ltr'><strong>Domino</strong></span> <span class='ocrx_word' id='word_1_235' title='bbox 1849 2332 1999 2372; x_wconf 85' lang='lat' dir='ltr'><strong>meo:</strong></span> <span class='ocrx_word' id='word_1_236' title='bbox 2025 2317 2159 2373; x_wconf 84' lang='lat' dir='ltr'><strong>Sede</strong></span> 
     </span>
    </p>
   </div>
   <div class='ocr_carea' id='block_1_24' title="bbox 570 2406 2157 2478">
    <p class='ocr_par' dir='ltr' id='par_1_24' title="bbox 570 2406 2157 2478">
     <span class='ocr_line' id='line_1_24' title="bbox 570 2406 2157 2478; baseline 0 -15"><span class='ocrx_word' id='word_1_237' title='bbox 570 2426 603 2463; x_wconf 82' lang='lat' dir='ltr'><strong>a</strong></span> <span class='ocrx_word' id='word_1_238' title='bbox 625 2410 827 2463; x_wconf 75' lang='lat' dir='ltr'><strong>dextris</strong></span> <span class='ocrx_word' id='word_1_239' title='bbox 857 2410 1005 2473; x_wconf 83' lang='lat' dir='ltr'><strong>meis,</strong></span> <span class='ocrx_word' id='word_1_240' title='bbox 1035 2406 1200 2461; x_wconf 86' lang='lat' dir='ltr'><strong>donec</strong></span> <span class='ocrx_word' id='word_1_241' title='bbox 1223 2425 1414 2478; x_wconf 90' lang='lat' dir='ltr'><strong>ponam</strong></span> <span class='ocrx_word' id='word_1_242' title='bbox 1444 2411 1688 2464; x_wconf 88' lang='lat' dir='ltr'><strong>inimicos</strong></span> <span class='ocrx_word' id='word_1_243' title='bbox 1721 2420 1838 2464; x_wconf 89' lang='lat' dir='ltr'><strong>tuos</strong></span> <span class='ocrx_word' id='word_1_244' title='bbox 1868 2410 2157 2465; x_wconf 87' lang='lat' dir='ltr'><strong>scabellum</strong></span> 
     </span>
    </p>
   </div>
   <div class='ocr_carea' id='block_1_25' title="bbox 567 2498 2156 2572">
    <p class='ocr_par' dir='ltr' id='par_1_25' title="bbox 567 2498 2156 2572">
     <span class='ocr_line' id='line_1_25' title="bbox 567 2498 2156 2572; baseline 0.003 -20"><span class='ocrx_word' id='word_1_245' title='bbox 567 2498 759 2569; x_wconf 86' lang='lat' dir='ltr'><strong>pedum</strong></span> <span class='ocrx_word' id='word_1_246' title='bbox 787 2498 1107 2552; x_wconf 73' lang='lat' dir='ltr'><strong>tuorum“:</strong></span> <span class='ocrx_word' id='word_1_247' title='bbox 1142 2498 1194 2552; x_wconf 89' lang='lat' dir='ltr'><strong>itt</strong></span> <span class='ocrx_word' id='word_1_248' title='bbox 1244 2499 1446 2569; x_wconf 90' lang='lat' dir='ltr'><strong>quibus</strong></span> <span class='ocrx_word' id='word_1_249' title='bbox 1499 2509 1650 2555; x_wconf 88' lang='lat' dir='ltr'><strong>erant</strong></span> <span class='ocrx_word' id='word_1_250' title='bbox 1705 2514 1759 2555; x_wconf 88' lang='lat' dir='ltr'><strong>et</strong></span> <span class='ocrx_word' id='word_1_251' title='bbox 1807 2502 1881 2555; x_wconf 90' lang='lat' dir='ltr'><strong>illi</strong></span> <span class='ocrx_word' id='word_1_252' title='bbox 1922 2501 1987 2556; x_wconf 88' lang='lat' dir='ltr'><strong>ad</strong></span> <span class='ocrx_word' id='word_1_253' title='bbox 2017 2517 2156 2572; x_wconf 92' lang='lat' dir='ltr'><strong>quos</strong></span> 
     </span>
    </p>
   </div>
   <div class='ocr_carea' id='block_1_26' title="bbox 569 2587 2156 2665">
    <p class='ocr_par' dir='ltr' id='par_1_26' title="bbox 569 2587 2156 2665">
     <span class='ocr_line' id='line_1_26' title="bbox 569 2587 2156 2665; baseline 0.003 -22"><span class='ocrx_word' id='word_1_254' title='bbox 569 2587 1057 2665; x_wconf 60' lang='lat' dir='ltr'><strong>dicebatz4modo</strong></span> <span class='ocrx_word' id='word_1_255' title='bbox 1114 2588 1377 2643; x_wconf 73' lang='lat' dir='ltr'><strong>videbitis.</strong></span> <span class='ocrx_word' id='word_1_256' title='bbox 1431 2588 1690 2647; x_wconf 85' lang='lat' dir='ltr'><strong>Inimicus</strong></span> <span class='ocrx_word' id='word_1_257' title='bbox 1738 2592 1883 2646; x_wconf 89' lang='lat' dir='ltr'><strong>enim</strong></span> <span class='ocrx_word' id='word_1_258' title='bbox 1936 2604 2055 2648; x_wconf 87' lang='lat' dir='ltr'><strong>erat</strong></span> <span class='ocrx_word' id='word_1_259' title='bbox 2101 2602 2156 2648; x_wconf 86' lang='lat' dir='ltr'><strong>et</strong></span> 
     </span>
    </p>
   </div>
   <div class='ocr_carea' id='block_1_27' title="bbox 541 2678 2153 2751">
    <p class='ocr_par' dir='ltr' id='par_1_27' title="bbox 541 2678 2153 2751">
     <span class='ocr_line' id='line_1_27' title="bbox 541 2678 2153 2751; baseline 0.002 -15"><span class='ocrx_word' id='word_1_260' title='bbox 541 2681 805 2751; x_wconf 45' lang='lat' dir='ltr'><strong>Caiphas</strong></span> <span class='ocrx_word' id='word_1_261' title='bbox 857 2679 951 2750; x_wconf 87' lang='lat' dir='ltr'><strong>qui</strong></span> <span class='ocrx_word' id='word_1_262' title='bbox 992 2678 1353 2747; x_wconf 73' lang='lat' dir='ltr'><strong>insidiabatur</strong></span> <span class='ocrx_word' id='word_1_263' title='bbox 1397 2680 1635 2737; x_wconf 84' lang='lat' dir='ltr'><strong>Christo.</strong></span> <span class='ocrx_word' id='word_1_264' title='bbox 1690 2680 1757 2737; x_wconf 89' lang='lat' dir='ltr'><strong>Et</strong></span> <span class='ocrx_word' id='word_1_265' title='bbox 1809 2698 1917 2738; x_wconf 92' lang='lat' dir='ltr'><strong>non</strong></span> <span class='ocrx_word' id='word_1_266' title='bbox 1977 2685 2153 2739; x_wconf 89' lang='lat' dir='ltr'><strong>solum</strong></span> 
     </span>
    </p>
   </div>
   <div class='ocr_carea' id='block_1_28' title="bbox 569 2771 2152 2832">
    <p class='ocr_par' dir='ltr' id='par_1_28' title="bbox 569 2771 2152 2832">
     <span class='ocr_line' id='line_1_28' title="bbox 569 2771 2152 2832; baseline 0.003 -5"><span class='ocrx_word' id='word_1_267' title='bbox 569 2774 844 2829; x_wconf 86' lang='lat' dir='ltr'><strong>sedentem</strong></span> <span class='ocrx_word' id='word_1_268' title='bbox 905 2787 1030 2826; x_wconf 91' lang='lat' dir='ltr'><strong>eum</strong></span> <span class='ocrx_word' id='word_1_269' title='bbox 1084 2771 1153 2825; x_wconf 90' lang='lat' dir='ltr'><strong>ad</strong></span> <span class='ocrx_word' id='word_1_270' title='bbox 1207 2771 1454 2827; x_wconf 77' lang='lat' dir='ltr'><strong>dextram</strong></span> <span class='ocrx_word' id='word_1_271' title='bbox 1504 2773 1722 2829; x_wconf 89' lang='lat' dir='ltr'><strong>virtutis</strong></span> <span class='ocrx_word' id='word_1_272' title='bbox 1783 2775 2003 2830; x_wconf 87' lang='lat' dir='ltr'><strong>visuros</strong></span> <span class='ocrx_word' id='word_1_273' title='bbox 2051 2775 2152 2832; x_wconf 88' lang='lat' dir='ltr'><strong>bos</strong></span> 
     </span>
    </p>
   </div>
   <div class='ocr_carea' id='block_1_29' title="bbox 568 2864 2150 2935">
    <p class='ocr_par' dir='ltr' id='par_1_29' title="bbox 568 2864 2150 2935">
     <span class='ocr_line' id='line_1_29' title="bbox 568 2864 2150 2935; baseline 0.004 -19"><span class='ocrx_word' id='word_1_274' title='bbox 568 2865 962 2935; x_wconf 83' lang='lat' dir='ltr'><strong>prOphetahat,</strong></span> <span class='ocrx_word' id='word_1_275' title='bbox 1018 2864 1113 2919; x_wconf 91' lang='lat' dir='ltr'><strong>sed</strong></span> <span class='ocrx_word' id='word_1_276' title='bbox 1172 2865 1336 2919; x_wconf 88' lang='lat' dir='ltr'><strong>etiam</strong></span> <span class='ocrx_word' id='word_1_277' title='bbox 1392 2865 1609 2921; x_wconf 90' lang='lat' dir='ltr'><strong>visuros</strong></span> <span class='ocrx_word' id='word_1_278' title='bbox 1660 2882 1785 2921; x_wconf 90' lang='lat' dir='ltr'><strong>eum</strong></span> <span class='ocrx_word' id='word_1_279' title='bbox 1840 2869 2150 2933; x_wconf 83' lang='lat' dir='ltr'><strong>venientem,</strong></span> 
     </span>
    </p>
   </div>
   <div class='ocr_carea' id='block_1_30' title="bbox 568 2957 2148 3028">
    <p class='ocr_par' dir='ltr' id='par_1_30' title="bbox 568 2957 2148 3028">
     <span class='ocr_line' id='line_1_30' title="bbox 568 2957 2148 3028; baseline 0.001 -14"><span class='ocrx_word' id='word_1_280' title='bbox 568 2960 713 3014; x_wconf 85' lang='lat' dir='ltr'><strong>sicut</strong></span> <span class='ocrx_word' id='word_1_281' title='bbox 763 2957 1050 3012; x_wconf 80' lang='lat' dir='ltr'><strong>Mattlueus</strong></span> <span class='ocrx_word' id='word_1_282' title='bbox 1103 2957 1323 3027; x_wconf 86' lang='lat' dir='ltr'><strong>quidem</strong></span> <span class='ocrx_word' id='word_1_283' title='bbox 1365 2958 1536 3024; x_wconf 87' lang='lat' dir='ltr'><strong>dicit,</strong></span> <span class='ocrx_word' id='word_1_284' title='bbox 1604 2976 1761 3028; x_wconf 88' lang='lat' dir='ltr'><strong>super</strong></span> <span class='ocrx_word' id='word_1_285' title='bbox 1809 2960 1968 3014; x_wconf 86' lang='lat' dir='ltr'><strong>nubes</strong></span> <span class='ocrx_word' id='word_1_286' title='bbox 2012 2962 2148 3016; x_wconf 77' lang='lat' dir='ltr'><strong>cceli.</strong></span> 
     </span>
    </p>
   </div>
   <div class='ocr_carea' id='block_1_31' title="bbox 562 3051 2150 3121">
    <p class='ocr_par' dir='ltr' id='par_1_31' title="bbox 562 3051 2150 3121">
     <span class='ocr_line' id='line_1_31' title="bbox 562 3051 2150 3121; baseline 0 -15"><span class='ocrx_word' id='word_1_287' title='bbox 562 3052 697 3119; x_wconf 64' lang='lat' dir='ltr'><strong>ulla:</strong></span> <span class='ocrx_word' id='word_1_288' title='bbox 742 3058 867 3103; x_wconf 89' lang='lat' dir='ltr'><strong>sunt</strong></span> <span class='ocrx_word' id='word_1_289' title='bbox 900 3056 1079 3103; x_wconf 86' lang='lat' dir='ltr'><strong>autem</strong></span> <span class='ocrx_word' id='word_1_290' title='bbox 1126 3051 1297 3103; x_wconf 89' lang='lat' dir='ltr'><strong>nubes</strong></span> <span class='ocrx_word' id='word_1_291' title='bbox 1329 3065 1492 3119; x_wconf 86' lang='lat' dir='ltr'><strong>super</strong></span> <span class='ocrx_word' id='word_1_292' title='bbox 1526 3067 1663 3119; x_wconf 86' lang='lat' dir='ltr'><strong>quas</strong></span> <span class='ocrx_word' id='word_1_293' title='bbox 1691 3051 1870 3105; x_wconf 91' lang='lat' dir='ltr'><strong>veniet</strong></span> <span class='ocrx_word' id='word_1_294' title='bbox 1896 3051 1987 3121; x_wconf 89' lang='lat' dir='ltr'><strong>qui</strong></span> <span class='ocrx_word' id='word_1_295' title='bbox 2024 3052 2150 3106; x_wconf 83' lang='lat' dir='ltr'><strong>luu-</strong></span> 
     </span>
    </p>
   </div>
   <div class='ocr_carea' id='block_1_32' title="bbox 565 3141 2220 3236">
    <p class='ocr_par' dir='ltr' id='par_1_32' title="bbox 565 3141 2220 3236">
     <span class='ocr_line' id='line_1_32' title="bbox 565 3141 2220 3236; baseline 0.001 -40"><span class='ocrx_word' id='word_1_296' title='bbox 565 3144 724 3197; x_wconf 72' lang='lat' dir='ltr'><strong>datus</strong></span> <span class='ocrx_word' id='word_1_297' title='bbox 748 3152 831 3198; x_wconf 86' lang='lat' dir='ltr'><strong>est</strong></span> <span class='ocrx_word' id='word_1_298' title='bbox 864 3158 892 3195; x_wconf 86' lang='lat' dir='ltr'><strong>a</strong></span> <span class='ocrx_word' id='word_1_299' title='bbox 919 3142 1127 3198; x_wconf 82' lang='lat' dir='ltr'><strong>dextris</strong></span> <span class='ocrx_word' id='word_1_300' title='bbox 1179 3141 1413 3205; x_wconf 84' lang='lat' dir='ltr'><strong>virtutis,</strong></span> <span class='ocrx_word' id='word_1_301' title='bbox 1448 3150 1541 3195; x_wconf 90' lang='lat' dir='ltr'><strong>aut</strong></span> <span class='ocrx_word' id='word_1_302' title='bbox 1567 3156 1688 3195; x_wconf 85' lang='lat' dir='ltr'><strong>cum</strong></span> <span class='ocrx_word' id='word_1_303' title='bbox 1720 3141 1919 3210; x_wconf 81' lang='lat' dir='ltr'><strong>quibus</strong></span> <span class='ocrx_word' id='word_1_304' title='bbox 1949 3143 2147 3208; x_wconf 78' lang='lat' dir='ltr'><strong>veniet,</strong></span> <span class='ocrx_word' id='word_1_305' title='bbox 2178 3179 2220 3236; x_wconf 65' lang='grc' dir='ltr'>ϐ</span> 
     </span>
    </p>
   </div>
   <div class='ocr_carea' id='block_1_33' title="bbox 567 3233 2144 3305">
    <p class='ocr_par' dir='ltr' id='par_1_33' title="bbox 567 3233 2144 3305">
     <span class='ocr_line' id='line_1_33' title="bbox 567 3233 2144 3305; baseline 0.003 -20"><span class='ocrx_word' id='word_1_306' title='bbox 567 3242 661 3287; x_wconf 90' lang='lat' dir='ltr'><strong>aut</strong></span> <span class='ocrx_word' id='word_1_307' title='bbox 696 3233 764 3287; x_wconf 87' lang='lat' dir='ltr'><strong>ad</strong></span> <span class='ocrx_word' id='word_1_308' title='bbox 805 3251 945 3303; x_wconf 86' lang='lat' dir='ltr'><strong>quas</strong></span> <span class='ocrx_word' id='word_1_309' title='bbox 979 3235 1248 3304; x_wconf 79' lang='lat' dir='ltr'><strong>pertinget</strong></span> <span class='ocrx_word' id='word_1_310' title='bbox 1292 3233 1493 3287; x_wconf 87' lang='lat' dir='ltr'><strong>veritas</strong></span> <span class='ocrx_word' id='word_1_311' title='bbox 1525 3233 1617 3287; x_wconf 88' lang='lat' dir='ltr'><strong>Dei</strong></span> <span class='ocrx_word' id='word_1_312' title='bbox 1660 3236 1960 3287; x_wconf 89' lang='lat' dir='ltr'><strong>secundum</strong></span> <span class='ocrx_word' id='word_1_313' title='bbox 1996 3234 2144 3305; x_wconf 88' lang='lat' dir='ltr'><strong>quod</strong></span> 
     </span>
    </p>
   </div>
   <div class='ocr_carea' id='block_1_34' title="bbox 558 3324 2148 3396">
    <p class='ocr_par' dir='ltr' id='par_1_34' title="bbox 558 3324 2148 3396">
     <span class='ocr_line' id='line_1_34' title="bbox 558 3324 2148 3396; baseline 0.001 -17"><span class='ocrx_word' id='word_1_314' title='bbox 558 3324 835 3396; x_wconf 68' lang='lat' dir='ltr'><strong>,scriptum</strong></span> <span class='ocrx_word' id='word_1_315' title='bbox 886 3334 970 3381; x_wconf 90' lang='lat' dir='ltr'><strong>est</strong></span> <span class='ocrx_word' id='word_1_316' title='bbox 996 3327 1088 3380; x_wconf 78' lang='lat' dir='ltr'><strong>&quot;z</strong></span> <span class='ocrx_word' id='word_1_317' title='bbox 1137 3325 1202 3379; x_wconf 78' lang='lat' dir='ltr'><strong>Et</strong></span> <span class='ocrx_word' id='word_1_318' title='bbox 1254 3325 1444 3380; x_wconf 84' lang='lat' dir='ltr'><strong>reritas</strong></span> <span class='ocrx_word' id='word_1_319' title='bbox 1503 3336 1596 3380; x_wconf 90' lang='lat' dir='ltr'><strong>tua</strong></span> <span class='ocrx_word' id='word_1_320' title='bbox 1640 3342 1802 3395; x_wconf 87' lang='lat' dir='ltr'><strong>usque</strong></span> <span class='ocrx_word' id='word_1_321' title='bbox 1850 3326 1919 3379; x_wconf 90' lang='lat' dir='ltr'><strong>ad</strong></span> <span class='ocrx_word' id='word_1_322' title='bbox 1950 3327 2148 3381; x_wconf 83' lang='lat' dir='ltr'><strong>nubes?</strong></span> 
     </span>
    </p>
   </div>
   <div class='ocr_carea' id='block_1_35' title="bbox 566 3417 2145 3491">
    <p class='ocr_par' dir='ltr' id='par_1_35' title="bbox 566 3417 2145 3491">
     <span class='ocr_line' id='line_1_35' title="bbox 566 3417 2145 3491; baseline 0.004 -22"><span class='ocrx_word' id='word_1_323' title='bbox 566 3417 658 3472; x_wconf 58' lang='lat' dir='ltr'><strong>tlte</strong></span> <span class='ocrx_word' id='word_1_324' title='bbox 700 3426 828 3473; x_wconf 89' lang='lat' dir='ltr'><strong>sunt</strong></span> <span class='ocrx_word' id='word_1_325' title='bbox 877 3418 1011 3473; x_wconf 78' lang='lat' dir='ltr'><strong>vivae</strong></span> <span class='ocrx_word' id='word_1_326' title='bbox 1061 3418 1256 3483; x_wconf 90' lang='lat' dir='ltr'><strong>nubes,</strong></span> <span class='ocrx_word' id='word_1_327' title='bbox 1312 3418 1588 3488; x_wconf 69' lang='lat' dir='ltr'><strong>prephetze</strong></span> <span class='ocrx_word' id='word_1_328' title='bbox 1630 3417 1759 3486; x_wconf 93' lang='lat' dir='ltr'><strong>Dei,</strong></span> <span class='ocrx_word' id='word_1_329' title='bbox 1811 3428 1865 3474; x_wconf 93' lang='lat' dir='ltr'><strong>et</strong></span> <span class='ocrx_word' id='word_1_330' title='bbox 1913 3420 2145 3491; x_wconf 86' lang='lat' dir='ltr'><strong>apostoli</strong></span> 
     </span>
    </p>
   </div>
   <div class='ocr_carea' id='block_1_36' title="bbox 562 3510 2147 3583">
    <p class='ocr_par' dir='ltr' id='par_1_36' title="bbox 562 3510 2147 3583">
     <span class='ocr_line' id='line_1_36' title="bbox 562 3510 2147 3583; baseline 0.003 -19"><span class='ocrx_word' id='word_1_331' title='bbox 562 3510 790 3576; x_wconf 84' lang='lat' dir='ltr'><strong>Christi,</strong></span> <span class='ocrx_word' id='word_1_332' title='bbox 823 3510 1026 3581; x_wconf 90' lang='lat' dir='ltr'><strong>quibus</strong></span> <span class='ocrx_word' id='word_1_333' title='bbox 1059 3510 1280 3565; x_wconf 85' lang='lat' dir='ltr'><strong>mandat</strong></span> <span class='ocrx_word' id='word_1_334' title='bbox 1304 3512 1491 3580; x_wconf 89' lang='lat' dir='ltr'><strong>pluere</strong></span> <span class='ocrx_word' id='word_1_335' title='bbox 1526 3528 1650 3566; x_wconf 88' lang='lat' dir='ltr'><strong>cum</strong></span> <span class='ocrx_word' id='word_1_336' title='bbox 1679 3515 2004 3583; x_wconf 87' lang='lat' dir='ltr'><strong>oportuerit,</strong></span> <span class='ocrx_word' id='word_1_337' title='bbox 2052 3525 2147 3569; x_wconf 88' lang='lat' dir='ltr'><strong>aut</strong></span> 
     </span>
    </p>
   </div>
   <div class='ocr_carea' id='block_1_37' title="bbox 564 3602 2141 3676">
    <p class='ocr_par' dir='ltr' id='par_1_37' title="bbox 564 3602 2141 3676">
     <span class='ocr_line' id='line_1_37' title="bbox 564 3602 2141 3676; baseline 0.004 -20"><span class='ocrx_word' id='word_1_338' title='bbox 564 3618 672 3657; x_wconf 89' lang='lat' dir='ltr'><strong>non</strong></span> <span class='ocrx_word' id='word_1_339' title='bbox 702 3603 890 3672; x_wconf 80' lang='lat' dir='ltr'><strong>pluere</strong></span> <span class='ocrx_word' id='word_1_340' title='bbox 922 3618 1087 3673; x_wconf 89' lang='lat' dir='ltr'><strong>super</strong></span> <span class='ocrx_word' id='word_1_341' title='bbox 1119 3603 1331 3656; x_wconf 87' lang='lat' dir='ltr'><strong>vineam</strong></span> <span class='ocrx_word' id='word_1_342' title='bbox 1374 3602 1493 3658; x_wconf 89' lang='lat' dir='ltr'><strong>sine</strong></span> <span class='ocrx_word' id='word_1_343' title='bbox 1524 3605 1725 3659; x_wconf 75' lang='lat' dir='ltr'><strong>fructu.</strong></span> <span class='ocrx_word' id='word_1_344' title='bbox 1776 3603 1833 3660; x_wconf 87' lang='lat' dir='ltr'><strong>Si</strong></span> <span class='ocrx_word' id='word_1_345' title='bbox 1866 3622 2007 3676; x_wconf 89' lang='lat' dir='ltr'><strong>quas</strong></span> <span class='ocrx_word' id='word_1_346' title='bbox 2040 3623 2141 3661; x_wconf 88' lang='lat' dir='ltr'><strong>au-</strong></span> 
     </span>
    </p>
   </div>
   <div class='ocr_carea' id='block_1_38' title="bbox 566 3694 2145 3768">
    <p class='ocr_par' dir='ltr' id='par_1_38' title="bbox 566 3694 2145 3768">
     <span class='ocr_line' id='line_1_38' title="bbox 566 3694 2145 3768; baseline 0.004 -20"><span class='ocrx_word' id='word_1_347' title='bbox 566 3704 673 3750; x_wconf 90' lang='lat' dir='ltr'><strong>tem</strong></span> <span class='ocrx_word' id='word_1_348' title='bbox 726 3710 835 3748; x_wconf 91' lang='lat' dir='ltr'><strong>non</strong></span> <span class='ocrx_word' id='word_1_349' title='bbox 873 3694 987 3748; x_wconf 87' lang='lat' dir='ltr'><strong>vult</strong></span> <span class='ocrx_word' id='word_1_350' title='bbox 1048 3709 1172 3749; x_wconf 90' lang='lat' dir='ltr'><strong>esse</strong></span> <span class='ocrx_word' id='word_1_351' title='bbox 1218 3694 1531 3763; x_wconf 71' lang='lat' dir='ltr'><strong>huiusmodi</strong></span> <span class='ocrx_word' id='word_1_352' title='bbox 1580 3695 1753 3751; x_wconf 88' lang='lat' dir='ltr'><strong>nubes</strong></span> <span class='ocrx_word' id='word_1_353' title='bbox 1800 3712 1964 3767; x_wconf 85' lang='lat' dir='ltr'><strong>super</strong></span> <span class='ocrx_word' id='word_1_354' title='bbox 2006 3714 2145 3768; x_wconf 87' lang='lat' dir='ltr'><strong>quas</strong></span> 
     </span>
    </p>
   </div>
   <div class='ocr_carea' id='block_1_39' title="bbox 559 3776 2143 3859">
    <p class='ocr_par' dir='ltr' id='par_1_39' title="bbox 559 3776 2143 3859">
     <span class='ocr_line' id='line_1_39' title="bbox 559 3776 2143 3859; baseline 0.004 -21"><span class='ocrx_word' id='word_1_355' title='bbox 559 3794 611 3839; x_wconf 90' lang='lat' dir='ltr'><strong>et</strong></span> <span class='ocrx_word' id='word_1_356' title='bbox 646 3800 769 3840; x_wconf 90' lang='lat' dir='ltr'><strong>cum</strong></span> <span class='ocrx_word' id='word_1_357' title='bbox 804 3785 1003 3854; x_wconf 87' lang='lat' dir='ltr'><strong>quibus</strong></span> <span class='ocrx_word' id='word_1_358' title='bbox 1035 3786 1213 3840; x_wconf 91' lang='lat' dir='ltr'><strong>veniet</strong></span> <span class='ocrx_word' id='word_1_359' title='bbox 1234 3776 1404 3840; x_wconf 83' lang='lat' dir='ltr'><strong>Filius</strong></span> <span class='ocrx_word' id='word_1_360' title='bbox 1433 3786 1669 3842; x_wconf 88' lang='lat' dir='ltr'><strong>hominis</strong></span> <span class='ocrx_word' id='word_1_361' title='bbox 1702 3803 1990 3857; x_wconf 85' lang='lat' dir='ltr'><strong>apparens,</strong></span> <span class='ocrx_word' id='word_1_362' title='bbox 2026 3790 2143 3859; x_wconf 90' lang='lat' dir='ltr'><strong>ipse</strong></span> 
     </span>
    </p>
   </div>
   <div class='ocr_carea' id='block_1_40' title="bbox 561 3876 2138 3949">
    <p class='ocr_par' dir='ltr' id='par_1_40' title="bbox 561 3876 2138 3949">
     <span class='ocr_line' id='line_1_40' title="bbox 561 3876 2138 3949; baseline 0.003 -18"><span class='ocrx_word' id='word_1_363' title='bbox 561 3878 684 3932; x_wconf 85' lang='lat' dir='ltr'><strong>scit.</strong></span> <span class='ocrx_word' id='word_1_364' title='bbox 722 3876 946 3948; x_wconf 88' lang='lat' dir='ltr'><strong>Semper</strong></span> <span class='ocrx_word' id='word_1_365' title='bbox 985 3878 1129 3933; x_wconf 89' lang='lat' dir='ltr'><strong>enim</strong></span> <span class='ocrx_word' id='word_1_366' title='bbox 1175 3895 1340 3949; x_wconf 86' lang='lat' dir='ltr'><strong>super</strong></span> <span class='ocrx_word' id='word_1_367' title='bbox 1393 3879 1515 3934; x_wconf 89' lang='lat' dir='ltr'><strong>illas</strong></span> <span class='ocrx_word' id='word_1_368' title='bbox 1562 3888 1617 3934; x_wconf 90' lang='lat' dir='ltr'><strong>et</strong></span> <span class='ocrx_word' id='word_1_369' title='bbox 1665 3896 1788 3934; x_wconf 90' lang='lat' dir='ltr'><strong>cum</strong></span> <span class='ocrx_word' id='word_1_370' title='bbox 1838 3880 1944 3936; x_wconf 90' lang='lat' dir='ltr'><strong>illis</strong></span> <span class='ocrx_word' id='word_1_371' title='bbox 1969 3883 2138 3947; x_wconf 89' lang='lat' dir='ltr'><strong>venit,</strong></span> 
     </span>
    </p>
   </div>
   <div class='ocr_carea' id='block_1_41' title="bbox 561 3970 2137 4042">
    <p class='ocr_par' dir='ltr' id='par_1_41' title="bbox 561 3970 2137 4042">
     <span class='ocr_line' id='line_1_41' title="bbox 561 3970 2137 4042; baseline 0.003 -19"><span class='ocrx_word' id='word_1_372' title='bbox 561 3970 856 4025; x_wconf 88' lang='lat' dir='ltr'><strong>ostendens</strong></span> <span class='ocrx_word' id='word_1_373' title='bbox 898 3988 1055 4026; x_wconf 90' lang='lat' dir='ltr'><strong>suum</strong></span> <span class='ocrx_word' id='word_1_374' title='bbox 1094 3972 1383 4027; x_wconf 85' lang='lat' dir='ltr'><strong>adventum</strong></span> <span class='ocrx_word' id='word_1_375' title='bbox 1415 3972 1592 4042; x_wconf 80' lang='lat' dir='ltr'><strong>dignis</strong></span> <span class='ocrx_word' id='word_1_376' title='bbox 1620 3988 1682 4027; x_wconf 88' lang='lat' dir='ltr'><strong>se</strong></span> <span class='ocrx_word' id='word_1_377' title='bbox 1709 3972 1851 4029; x_wconf 82' lang='lat' dir='ltr'><strong>Deus</strong></span> <span class='ocrx_word' id='word_1_378' title='bbox 1878 3972 2137 4042; x_wconf 84' lang='lat' dir='ltr'><strong>Verbum,</strong></span> 
     </span>
    </p>
   </div>
   <div class='ocr_carea' id='block_1_42' title="bbox 558 4058 2136 4132">
    <p class='ocr_par' dir='ltr' id='par_1_42' title="bbox 558 4058 2136 4132">
     <span class='ocr_line' id='line_1_42' title="bbox 558 4058 2136 4132; baseline 0.005 -20"><span class='ocrx_word' id='word_1_379' title='bbox 558 4065 614 4112; x_wconf 87' lang='lat' dir='ltr'><strong>et</strong></span> <span class='ocrx_word' id='word_1_380' title='bbox 665 4058 969 4126; x_wconf 77' lang='lat' dir='ltr'><strong>sapientia,</strong></span> <span class='ocrx_word' id='word_1_381' title='bbox 1022 4068 1077 4113; x_wconf 91' lang='lat' dir='ltr'><strong>et</strong></span> <span class='ocrx_word' id='word_1_382' title='bbox 1121 4060 1347 4125; x_wconf 87' lang='lat' dir='ltr'><strong>veritas,</strong></span> <span class='ocrx_word' id='word_1_383' title='bbox 1392 4069 1447 4115; x_wconf 91' lang='lat' dir='ltr'><strong>et</strong></span> <span class='ocrx_word' id='word_1_384' title='bbox 1489 4062 1721 4132; x_wconf 88' lang='lat' dir='ltr'><strong>justitia.</strong></span> <span class='ocrx_word' id='word_1_385' title='bbox 1777 4061 1905 4119; x_wconf 68' lang='lat' dir='ltr'><strong>Haec</strong></span> <span class='ocrx_word' id='word_1_386' title='bbox 1956 4073 2136 4119; x_wconf 89' lang='lat' dir='ltr'><strong>autem</strong></span> 
     </span>
    </p>
   </div>
   <div class='ocr_carea' id='block_1_43' title="bbox 557 4146 2135 4223">
    <p class='ocr_par' dir='ltr' id='par_1_43' title="bbox 557 4146 2135 4223">
     <span class='ocr_line' id='line_1_43' title="bbox 557 4146 2135 4223; baseline 0.005 -24"><span class='ocrx_word' id='word_1_387' title='bbox 557 4162 697 4214; x_wconf 86' lang='lat' dir='ltr'><strong>quas</strong></span> <span class='ocrx_word' id='word_1_388' title='bbox 732 4146 1056 4203; x_wconf 86' lang='lat' dir='ltr'><strong>tradidimus</strong></span> <span class='ocrx_word' id='word_1_389' title='bbox 1100 4148 1294 4213; x_wconf 88' lang='lat' dir='ltr'><strong>nubes,</strong></span> <span class='ocrx_word' id='word_1_390' title='bbox 1326 4151 1483 4219; x_wconf 89' lang='lat' dir='ltr'><strong>quasi</strong></span> <span class='ocrx_word' id='word_1_391' title='bbox 1526 4160 1805 4220; x_wconf 88' lang='lat' dir='ltr'><strong>portantes</strong></span> <span class='ocrx_word' id='word_1_392' title='bbox 1842 4152 2135 4223; x_wconf 79' lang='lat' dir='ltr'><strong>imaginem</strong></span> 
     </span>
    </p>
   </div>
   <div class='ocr_carea' id='block_1_44' title="bbox 556 4238 2137 4303">
    <p class='ocr_par' dir='ltr' id='par_1_44' title="bbox 556 4238 2137 4303">
     <span class='ocr_line' id='line_1_44' title="bbox 556 4238 2137 4303; baseline 0.005 -11"><span class='ocrx_word' id='word_1_393' title='bbox 556 4238 814 4303; x_wconf 74' lang='lat' dir='ltr'><strong>cmlestis,</strong></span> <span class='ocrx_word' id='word_1_394' title='bbox 869 4240 1042 4294; x_wconf 88' lang='lat' dir='ltr'><strong>nubes</strong></span> <span class='ocrx_word' id='word_1_395' title='bbox 1093 4250 1222 4295; x_wconf 87' lang='lat' dir='ltr'><strong>sunt</strong></span> <span class='ocrx_word' id='word_1_396' title='bbox 1272 4240 1396 4295; x_wconf 66' lang='lat' dir='ltr'><strong>caeli</strong></span> <span class='ocrx_word' id='word_1_397' title='bbox 1447 4257 1554 4295; x_wconf 92' lang='lat' dir='ltr'><strong>non</strong></span> <span class='ocrx_word' id='word_1_398' title='bbox 1604 4244 1939 4299; x_wconf 88' lang='lat' dir='ltr'><strong>transeuntis</strong></span> <span class='ocrx_word' id='word_1_399' title='bbox 1990 4246 2137 4300; x_wconf 84' lang='lat' dir='ltr'><strong>sedis</strong></span> 
     </span>
    </p>
   </div>
   <div class='ocr_carea' id='block_1_45' title="bbox 560 4325 2133 4401">
    <p class='ocr_par' dir='ltr' id='par_1_45' title="bbox 560 4325 2133 4401">
     <span class='ocr_line' id='line_1_45' title="bbox 560 4325 2133 4401; baseline 0.008 -24"><span class='ocrx_word' id='word_1_400' title='bbox 560 4325 677 4390; x_wconf 86' lang='lat' dir='ltr'><strong>Dei,</strong></span> <span class='ocrx_word' id='word_1_401' title='bbox 708 4336 761 4381; x_wconf 91' lang='lat' dir='ltr'><strong>et</strong></span> <span class='ocrx_word' id='word_1_402' title='bbox 818 4343 985 4397; x_wconf 77' lang='lat' dir='ltr'><strong>regno</strong></span> <span class='ocrx_word' id='word_1_403' title='bbox 1014 4327 1107 4382; x_wconf 91' lang='lat' dir='ltr'><strong>Dei</strong></span> <span class='ocrx_word' id='word_1_404' title='bbox 1141 4327 1490 4399; x_wconf 70' lang='lat' dir='ltr'><strong>dignillcatae,</strong></span> <span class='ocrx_word' id='word_1_405' title='bbox 1544 4331 1702 4401; x_wconf 90' lang='lat' dir='ltr'><strong>quasi</strong></span> <span class='ocrx_word' id='word_1_406' title='bbox 1754 4332 1997 4388; x_wconf 67' lang='lat' dir='ltr'><strong>ltaaredes</strong></span> <span class='ocrx_word' id='word_1_407' title='bbox 2039 4333 2133 4389; x_wconf 88' lang='lat' dir='ltr'><strong>Dei</strong></span> 
     </span>
    </p>
   </div>
   <div class='ocr_carea' id='block_1_46' title="bbox 555 4418 1776 4493">
    <p class='ocr_par' dir='ltr' id='par_1_46' title="bbox 555 4418 1776 4493">
     <span class='ocr_line' id='line_1_46' title="bbox 555 4418 1776 4493; baseline 0.006 -22"><span class='ocrx_word' id='word_1_408' title='bbox 555 4429 608 4472; x_wconf 89' lang='lat' dir='ltr'><strong>et</strong></span> <span class='ocrx_word' id='word_1_409' title='bbox 640 4418 950 4476; x_wconf 68' lang='lat' dir='ltr'><strong>coltazredes</strong></span> <span class='ocrx_word' id='word_1_410' title='bbox 983 4420 1211 4489; x_wconf 88' lang='lat' dir='ltr'><strong>Christi,</strong></span> <span class='ocrx_word' id='word_1_411' title='bbox 1249 4431 1302 4477; x_wconf 90' lang='lat' dir='ltr'><strong>et</strong></span> <span class='ocrx_word' id='word_1_412' title='bbox 1334 4432 1671 4493; x_wconf 76' lang='lat' dir='ltr'><strong>conregnant</strong></span> <span class='ocrx_word' id='word_1_413' title='bbox 1699 4424 1776 4478; x_wconf 89' lang='lat' dir='ltr'><strong>ei.</strong></span> 
     </span>
    </p>
   </div>
   <div class='ocr_carea' id='block_1_47' title="bbox 2271 1206 3867 1278">
    <p class='ocr_par' dir='ltr' id='par_1_47' title="bbox 2271 1206 3867 1278">
     <span class='ocr_line' id='line_1_47' title="bbox 2271 1206 3867 1278; baseline 0.005 -17"><span class='ocrx_word' id='word_1_414' title='bbox 2271 1208 2625 1278; x_wconf 82' lang='lat' dir='ltr'><strong>pronuntient</strong></span> <span class='ocrx_word' id='word_1_415' title='bbox 2665 1208 2733 1263; x_wconf 91' lang='lat' dir='ltr'><strong>de</strong></span> <span class='ocrx_word' id='word_1_416' title='bbox 2767 1206 2921 1273; x_wconf 82' lang='lat' dir='ltr'><strong>Jesu,</strong></span> <span class='ocrx_word' id='word_1_417' title='bbox 2966 1208 3226 1277; x_wconf 89' lang='lat' dir='ltr'><strong>quoniam</strong></span> <span class='ocrx_word' id='word_1_418' title='bbox 3281 1224 3401 1262; x_wconf 90' lang='lat' dir='ltr'><strong>reus</strong></span> <span class='ocrx_word' id='word_1_419' title='bbox 3442 1219 3519 1264; x_wconf 87' lang='lat' dir='ltr'><strong>est</strong></span> <span class='ocrx_word' id='word_1_420' title='bbox 3568 1213 3758 1266; x_wconf 80' lang='lat' dir='ltr'><strong>mortis</strong></span> <span class='ocrx_word' id='word_1_421' title='bbox 3790 1213 3867 1269; x_wconf 77' lang='grc'><strong>⁸⁸.</strong></span> 
     </span>
    </p>
   </div>
   <div class='ocr_carea' id='block_1_48' title="bbox 2270 1298 3866 1376">
    <p class='ocr_par' dir='ltr' id='par_1_48' title="bbox 2270 1298 3866 1376">
     <span class='ocr_line' id='line_1_48' title="bbox 2270 1298 3866 1376; baseline 0.004 -22"><span class='ocrx_word' id='word_1_422' title='bbox 2270 1298 2546 1366; x_wconf 85' lang='lat' dir='ltr'><strong>Quantum</strong></span> <span class='ocrx_word' id='word_1_423' title='bbox 2605 1309 2764 1371; x_wconf 86' lang='lat' dir='ltr'><strong>putas</strong></span> <span class='ocrx_word' id='word_1_424' title='bbox 2834 1298 2938 1355; x_wconf 83' lang='lat' dir='ltr'><strong>luit</strong></span> <span class='ocrx_word' id='word_1_425' title='bbox 2988 1301 3194 1357; x_wconf 79' lang='lat' dir='ltr'><strong>erroris</strong></span> <span class='ocrx_word' id='word_1_426' title='bbox 3252 1301 3427 1372; x_wconf 88' lang='lat' dir='ltr'><strong>ipsam</strong></span> <span class='ocrx_word' id='word_1_427' title='bbox 3498 1304 3866 1376; x_wconf 86' lang='lat' dir='ltr'><strong>principalem</strong></span> 
     </span>
    </p>
   </div>
   <div class='ocr_carea' id='block_1_49' title="bbox 2269 1392 3865 1463">
    <p class='ocr_par' dir='ltr' id='par_1_49' title="bbox 2269 1392 3865 1463">
     <span class='ocr_line' id='line_1_49' title="bbox 2269 1392 3865 1463; baseline 0.004 -16"><span class='ocrx_word' id='word_1_428' title='bbox 2269 1393 2514 1447; x_wconf 90' lang='lat' dir='ltr'><strong>omnium</strong></span> <span class='ocrx_word' id='word_1_429' title='bbox 2565 1393 2731 1446; x_wconf 90' lang='lat' dir='ltr'><strong>vitam</strong></span> <span class='ocrx_word' id='word_1_430' title='bbox 2782 1407 2929 1447; x_wconf 90' lang='lat' dir='ltr'><strong>ream</strong></span> <span class='ocrx_word' id='word_1_431' title='bbox 2982 1392 3176 1448; x_wconf 89' lang='lat' dir='ltr'><strong>mortis</strong></span> <span class='ocrx_word' id='word_1_432' title='bbox 3228 1395 3604 1463; x_wconf 89' lang='lat' dir='ltr'><strong>pronuntiare,</strong></span> <span class='ocrx_word' id='word_1_433' title='bbox 3646 1405 3702 1452; x_wconf 91' lang='lat' dir='ltr'><strong>et</strong></span> <span class='ocrx_word' id='word_1_434' title='bbox 3734 1406 3865 1452; x_wconf 81' lang='lat' dir='ltr'><strong>tan-</strong></span> 
     </span>
    </p>
   </div>
   <div class='ocr_carea' id='block_1_50' title="bbox 2269 1485 3862 1557">
    <p class='ocr_par' dir='ltr' id='par_1_50' title="bbox 2269 1485 3862 1557">
     <span class='ocr_line' id='line_1_50' title="bbox 2269 1485 3862 1557; baseline 0.003 -18"><span class='ocrx_word' id='word_1_435' title='bbox 2269 1493 2449 1539; x_wconf 86' lang='lat' dir='ltr'><strong>torum</strong></span> <span class='ocrx_word' id='word_1_436' title='bbox 2487 1485 2889 1554; x_wconf 78' lang='lat' dir='ltr'><strong>resurgentium</strong></span> <span class='ocrx_word' id='word_1_437' title='bbox 2952 1485 3266 1541; x_wconf 90' lang='lat' dir='ltr'><strong>testimonio</strong></span> <span class='ocrx_word' id='word_1_438' title='bbox 3308 1502 3417 1542; x_wconf 92' lang='lat' dir='ltr'><strong>non</strong></span> <span class='ocrx_word' id='word_1_439' title='bbox 3450 1488 3697 1557; x_wconf 88' lang='lat' dir='ltr'><strong>aspicere</strong></span> <span class='ocrx_word' id='word_1_440' title='bbox 3727 1489 3862 1545; x_wconf 84' lang='lat' dir='ltr'><strong>lon-</strong></span> 
     </span>
    </p>
   </div>
   <div class='ocr_carea' id='block_1_51' title="bbox 2267 1575 3855 1647">
    <p class='ocr_par' dir='ltr' id='par_1_51' title="bbox 2267 1575 3855 1647">
     <span class='ocr_line' id='line_1_51' title="bbox 2267 1575 3855 1647; baseline 0.003 -16"><span class='ocrx_word' id='word_1_441' title='bbox 2267 1584 2377 1632; x_wconf 90' lang='lat' dir='ltr'><strong>tem</strong></span> <span class='ocrx_word' id='word_1_442' title='bbox 2425 1575 2577 1643; x_wconf 67' lang='lat' dir='ltr'><strong>vitae,</strong></span> <span class='ocrx_word' id='word_1_443' title='bbox 2624 1576 2692 1631; x_wconf 90' lang='lat' dir='ltr'><strong>de</strong></span> <span class='ocrx_word' id='word_1_444' title='bbox 2726 1592 2839 1647; x_wconf 89' lang='lat' dir='ltr'><strong>quo</strong></span> <span class='ocrx_word' id='word_1_445' title='bbox 2873 1576 2926 1631; x_wconf 87' lang='lat' dir='ltr'><strong>itt</strong></span> <span class='ocrx_word' id='word_1_446' title='bbox 2961 1592 3153 1633; x_wconf 88' lang='lat' dir='ltr'><strong>omnes</strong></span> <span class='ocrx_word' id='word_1_447' title='bbox 3199 1579 3444 1634; x_wconf 85' lang='lat' dir='ltr'><strong>viventes</strong></span> <span class='ocrx_word' id='word_1_448' title='bbox 3472 1580 3581 1635; x_wconf 88' lang='lat' dir='ltr'><strong>vita</strong></span> <span class='ocrx_word' id='word_1_449' title='bbox 3604 1578 3807 1636; x_wconf 82' lang='lat' dir='ltr'><strong>lluebat</strong></span> <span class='ocrx_word' id='word_1_450' title='bbox 3832 1600 3855 1636; x_wconf 89' lang='lat'><strong>:</strong></span> 
     </span>
    </p>
   </div>
   <div class='ocr_carea' id='block_1_52' title="bbox 2267 1667 3858 1739">
    <p class='ocr_par' dir='ltr' id='par_1_52' title="bbox 2267 1667 3858 1739">
     <span class='ocr_line' id='line_1_52' title="bbox 2267 1667 3858 1739; baseline 0.004 -17"><span class='ocrx_word' id='word_1_451' title='bbox 2267 1670 2529 1737; x_wconf 86' lang='lat' dir='ltr'><strong>quoniam</strong></span> <span class='ocrx_word' id='word_1_452' title='bbox 2562 1669 2698 1723; x_wconf 84' lang='lat' dir='ltr'><strong>sicut</strong></span> <span class='ocrx_word' id='word_1_453' title='bbox 2726 1667 2893 1723; x_wconf 88' lang='lat' dir='ltr'><strong>Pater</strong></span> <span class='ocrx_word' id='word_1_454' title='bbox 2920 1670 3083 1723; x_wconf 83' lang='lat' dir='ltr'><strong>vitam</strong></span> <span class='ocrx_word' id='word_1_455' title='bbox 3123 1668 3278 1726; x_wconf 81' lang='lat' dir='ltr'><strong>habet</strong></span> <span class='ocrx_word' id='word_1_456' title='bbox 3314 1672 3369 1725; x_wconf 88' lang='lat' dir='ltr'><strong>in</strong></span> <span class='ocrx_word' id='word_1_457' title='bbox 3402 1688 3480 1739; x_wconf 90' lang='lat' dir='ltr'><strong>se,</strong></span> <span class='ocrx_word' id='word_1_458' title='bbox 3520 1673 3599 1726; x_wconf 88' lang='lat' dir='ltr'><strong>sic</strong></span> <span class='ocrx_word' id='word_1_459' title='bbox 3629 1682 3680 1727; x_wconf 87' lang='lat' dir='ltr'><strong>et</strong></span> <span class='ocrx_word' id='word_1_460' title='bbox 3703 1671 3858 1729; x_wconf 81' lang='lat' dir='ltr'><strong>Filio</strong></span> 
     </span>
    </p>
   </div>
   <div class='ocr_carea' id='block_1_53' title="bbox 2267 1759 3289 1832">
    <p class='ocr_par' dir='ltr' id='par_1_53' title="bbox 2267 1759 3289 1832">
     <span class='ocr_line' id='line_1_53' title="bbox 2267 1759 3289 1832; baseline 0.004 -19"><span class='ocrx_word' id='word_1_461' title='bbox 2267 1759 2414 1813; x_wconf 86' lang='lat' dir='ltr'><strong>dedit</strong></span> <span class='ocrx_word' id='word_1_462' title='bbox 2436 1760 2602 1813; x_wconf 84' lang='lat' dir='ltr'><strong>vitam</strong></span> <span class='ocrx_word' id='word_1_463' title='bbox 2628 1760 2815 1815; x_wconf 87' lang='lat' dir='ltr'><strong>habere</strong></span> <span class='ocrx_word' id='word_1_464' title='bbox 2843 1761 2899 1815; x_wconf 86' lang='lat' dir='ltr'><strong>in</strong></span> <span class='ocrx_word' id='word_1_465' title='bbox 2922 1762 3204 1832; x_wconf 88' lang='lat' dir='ltr'><strong>semetipso</strong></span> <span class='ocrx_word' id='word_1_466' title='bbox 3221 1763 3289 1817; x_wconf 83' lang='grc'><strong>⁸⁹.</strong></span> 
     </span>
    </p>
   </div>
   <div class='ocr_carea' id='block_1_54' title="bbox 2340 1849 3856 1927">
    <p class='ocr_par' dir='ltr' id='par_1_54' title="bbox 2340 1849 3856 1927">
     <span class='ocr_line' id='line_1_54' title="bbox 2340 1849 3856 1927; baseline 0.005 -23"><span class='ocrx_word' id='word_1_467' title='bbox 2340 1850 2463 1906; x_wconf 78' lang='grc'><strong>113.</strong></span> <span class='ocrx_word' id='word_1_468' title='bbox 2512 1849 2660 1905; x_wconf 86' lang='lat' dir='ltr'><strong>Tunc</strong></span> <span class='ocrx_word' id='word_1_469' title='bbox 2686 1863 3009 1922; x_wconf 74' lang='lat' dir='ltr'><strong>exspuerunt</strong></span> <span class='ocrx_word' id='word_1_470' title='bbox 3044 1854 3101 1907; x_wconf 87' lang='lat' dir='ltr'><strong>in</strong></span> <span class='ocrx_word' id='word_1_471' title='bbox 3130 1854 3322 1923; x_wconf 77' lang='lat' dir='ltr'><strong>[aciem</strong></span> <span class='ocrx_word' id='word_1_472' title='bbox 3352 1854 3492 1924; x_wconf 82' lang='lat' dir='ltr'><strong>ejus,</strong></span> <span class='ocrx_word' id='word_1_473' title='bbox 3532 1864 3584 1910; x_wconf 86' lang='lat' dir='ltr'><strong>et</strong></span> <span class='ocrx_word' id='word_1_474' title='bbox 3610 1856 3856 1927; x_wconf 79' lang='lat' dir='ltr'><strong>colaphis</strong></span> 
     </span>
    </p>
   </div>
   <div class='ocr_carea' id='block_1_55' title="bbox 2263 1943 3857 2015">
    <p class='ocr_par' dir='ltr' id='par_1_55' title="bbox 2263 1943 3857 2015">
     <span class='ocr_line' id='line_1_55' title="bbox 2263 1943 3857 2015; baseline 0.003 -19"><span class='ocrx_word' id='word_1_475' title='bbox 2263 1959 2383 1996; x_wconf 88' lang='lat' dir='ltr'><strong>cum</strong></span> <span class='ocrx_word' id='word_1_476' title='bbox 2424 1943 2749 1998; x_wconf 88' lang='lat' dir='ltr'><strong>ceciderunt.</strong></span> <span class='ocrx_word' id='word_1_477' title='bbox 2814 1943 2927 1998; x_wconf 84' lang='lat' dir='ltr'><strong>Alii</strong></span> <span class='ocrx_word' id='word_1_478' title='bbox 2985 1954 3163 1998; x_wconf 89' lang='lat' dir='ltr'><strong>autem</strong></span> <span class='ocrx_word' id='word_1_479' title='bbox 3208 1943 3417 2015; x_wconf 86' lang='lat' dir='ltr'><strong>palmas</strong></span> <span class='ocrx_word' id='word_1_480' title='bbox 3467 1946 3524 1999; x_wconf 87' lang='lat' dir='ltr'><strong>in</strong></span> <span class='ocrx_word' id='word_1_481' title='bbox 3574 1946 3761 2006; x_wconf 78' lang='lat' dir='ltr'><strong>faciem</strong></span> <span class='ocrx_word' id='word_1_482' title='bbox 3801 1949 3857 2001; x_wconf 87' lang='lat' dir='ltr'><strong>ei</strong></span> 
     </span>
    </p>
   </div>
   <div class='ocr_carea' id='block_1_56' title="bbox 2260 2035 3855 2109">
    <p class='ocr_par' dir='ltr' id='par_1_56' title="bbox 2260 2035 3855 2109">
     <span class='ocr_line' id='line_1_56' title="bbox 2260 2035 3855 2109; baseline 0.004 -21"><span class='ocrx_word' id='word_1_483' title='bbox 2260 2035 2540 2100; x_wconf 89' lang='lat' dir='ltr'><strong>dederunt,</strong></span> <span class='ocrx_word' id='word_1_484' title='bbox 2586 2036 3203 2108; x_wconf 76' lang='lat' dir='ltr'><strong>dicmtes:Pr0phetiza</strong></span> <span class='ocrx_word' id='word_1_485' title='bbox 3236 2036 3408 2102; x_wconf 86' lang='lat' dir='ltr'><strong>nobis,</strong></span> <span class='ocrx_word' id='word_1_486' title='bbox 3453 2036 3682 2104; x_wconf 77' lang='lat' dir='ltr'><strong>Christe,</strong></span> <span class='ocrx_word' id='word_1_487' title='bbox 3729 2040 3855 2109; x_wconf 75' lang='lat' dir='ltr'><strong>quis</strong></span> 
     </span>
    </p>
   </div>
   <div class='ocr_carea' id='block_1_57' title="bbox 2259 2128 3852 2198">
    <p class='ocr_par' dir='ltr' id='par_1_57' title="bbox 2259 2128 3852 2198">
     <span class='ocr_line' id='line_1_57' title="bbox 2259 2128 3852 2198; baseline 0.002 -16"><span class='ocrx_word' id='word_1_488' title='bbox 2259 2138 2335 2182; x_wconf 90' lang='lat' dir='ltr'><strong>est</strong></span> <span class='ocrx_word' id='word_1_489' title='bbox 2365 2129 2456 2198; x_wconf 87' lang='lat' dir='ltr'><strong>qui</strong></span> <span class='ocrx_word' id='word_1_490' title='bbox 2493 2140 2542 2183; x_wconf 87' lang='lat' dir='ltr'><strong>te</strong></span> <span class='ocrx_word' id='word_1_491' title='bbox 2582 2130 2841 2198; x_wconf 84' lang='lat' dir='ltr'><strong>percussit</strong></span> <span class='ocrx_word' id='word_1_492' title='bbox 2867 2129 2934 2183; x_wconf 83' lang='lat'><strong>“.</strong></span> <span class='ocrx_word' id='word_1_493' title='bbox 2979 2128 3247 2195; x_wconf 88' lang='lat' dir='ltr'><strong>Pessime,</strong></span> <span class='ocrx_word' id='word_1_494' title='bbox 3296 2130 3438 2186; x_wconf 87' lang='lat' dir='ltr'><strong>sicut</strong></span> <span class='ocrx_word' id='word_1_495' title='bbox 3482 2131 3737 2196; x_wconf 88' lang='lat' dir='ltr'><strong>arbitror,</strong></span> <span class='ocrx_word' id='word_1_496' title='bbox 3767 2131 3852 2186; x_wconf 84' lang='lat' dir='ltr'><strong>illi</strong></span> 
     </span>
    </p>
   </div>
   <div class='ocr_carea' id='block_1_58' title="bbox 2259 2218 3851 2291">
    <p class='ocr_par' dir='ltr' id='par_1_58' title="bbox 2259 2218 3851 2291">
     <span class='ocr_line' id='line_1_58' title="bbox 2259 2218 3851 2291; baseline 0.003 -18"><span class='ocrx_word' id='word_1_497' title='bbox 2259 2220 2353 2288; x_wconf 88' lang='lat' dir='ltr'><strong>qui</strong></span> <span class='ocrx_word' id='word_1_498' title='bbox 2391 2218 2682 2275; x_wconf 88' lang='lat' dir='ltr'><strong>audierunt</strong></span> <span class='ocrx_word' id='word_1_499' title='bbox 2721 2220 2991 2276; x_wconf 88' lang='lat' dir='ltr'><strong>dicentem</strong></span> <span class='ocrx_word' id='word_1_500' title='bbox 3034 2218 3223 2277; x_wconf 84' lang='lat' dir='ltr'><strong>Jesutn</strong></span> <span class='ocrx_word' id='word_1_501' title='bbox 3264 2237 3281 2275; x_wconf 92' lang='lat'><strong>:</strong></span> <span class='ocrx_word' id='word_1_502' title='bbox 3321 2223 3485 2277; x_wconf 74' lang='lat' dir='ltr'><strong>Amen</strong></span> <span class='ocrx_word' id='word_1_503' title='bbox 3528 2222 3647 2277; x_wconf 87' lang='lat' dir='ltr'><strong>dico</strong></span> <span class='ocrx_word' id='word_1_504' title='bbox 3675 2224 3851 2291; x_wconf 81' lang='lat' dir='ltr'><strong>uobis,</strong></span> 
     </span>
    </p>
   </div>
   <div class='ocr_carea' id='block_1_59' title="bbox 2258 2311 3847 2379">
    <p class='ocr_par' dir='ltr' id='par_1_59' title="bbox 2258 2311 3847 2379">
     <span class='ocr_line' id='line_1_59' title="bbox 2258 2311 3847 2379; baseline 0.005 -17"><span class='ocrx_word' id='word_1_505' title='bbox 2258 2311 2511 2379; x_wconf 89' lang='lat' dir='ltr'><strong>quoniam</strong></span> <span class='ocrx_word' id='word_1_506' title='bbox 2556 2311 2746 2365; x_wconf 90' lang='lat' dir='ltr'><strong>amodo</strong></span> <span class='ocrx_word' id='word_1_507' title='bbox 2793 2312 3032 2367; x_wconf 80' lang='lat' dir='ltr'><strong>videbitis</strong></span> <span class='ocrx_word' id='word_1_508' title='bbox 3061 2312 3263 2367; x_wconf 81' lang='lat' dir='ltr'><strong>Filium</strong></span> <span class='ocrx_word' id='word_1_509' title='bbox 3302 2314 3531 2369; x_wconf 84' lang='lat' dir='ltr'><strong>hominis</strong></span> <span class='ocrx_word' id='word_1_510' title='bbox 3578 2315 3847 2370; x_wconf 85' lang='lat' dir='ltr'><strong>sedentem</strong></span> 
     </span>
    </p>
   </div>
   <div class='ocr_carea' id='block_1_60' title="bbox 2258 2401 3847 2470">
    <p class='ocr_par' dir='ltr' id='par_1_60' title="bbox 2258 2401 3847 2470">
     <span class='ocr_line' id='line_1_60' title="bbox 2258 2401 3847 2470; baseline 0.004 -16"><span class='ocrx_word' id='word_1_511' title='bbox 2258 2417 2291 2454; x_wconf 93' lang='lat' dir='ltr'><strong>a</strong></span> <span class='ocrx_word' id='word_1_512' title='bbox 2352 2401 2554 2456; x_wconf 59' lang='lat' dir='ltr'><strong>dextris</strong></span> <span class='ocrx_word' id='word_1_513' title='bbox 2615 2404 2826 2457; x_wconf 78' lang='lat' dir='ltr'><strong>virtutis</strong></span> <span class='ocrx_word' id='word_1_514' title='bbox 2878 2403 3013 2470; x_wconf 88' lang='lat' dir='ltr'><strong>Dei,</strong></span> <span class='ocrx_word' id='word_1_515' title='bbox 3068 2415 3117 2459; x_wconf 88' lang='lat' dir='ltr'><strong>et</strong></span> <span class='ocrx_word' id='word_1_516' title='bbox 3166 2408 3453 2460; x_wconf 79' lang='lat' dir='ltr'><strong>venientem</strong></span> <span class='ocrx_word' id='word_1_517' title='bbox 3503 2407 3558 2460; x_wconf 83' lang='lat' dir='ltr'><strong>in</strong></span> <span class='ocrx_word' id='word_1_518' title='bbox 3615 2407 3847 2461; x_wconf 83' lang='lat' dir='ltr'><strong>nubibus</strong></span> 
     </span>
    </p>
   </div>
   <div class='ocr_carea' id='block_1_61' title="bbox 2258 2493 3848 2567">
    <p class='ocr_par' dir='ltr' id='par_1_61' title="bbox 2258 2493 3848 2567">
     <span class='ocr_line' id='line_1_61' title="bbox 2258 2493 3848 2567; baseline 0.004 -21"><span class='ocrx_word' id='word_1_519' title='bbox 2258 2493 2377 2546; x_wconf 70' lang='grc' dir='ltr'><strong>ειειὶ</strong></span> <span class='ocrx_word' id='word_1_520' title='bbox 2405 2495 2470 2560; x_wconf 73' lang='grc' dir='ltr'><strong>σί,</strong></span> <span class='ocrx_word' id='word_1_521' title='bbox 2501 2495 2623 2548; x_wconf 85' lang='lat' dir='ltr'><strong>ausi</strong></span> <span class='ocrx_word' id='word_1_522' title='bbox 2653 2504 2784 2549; x_wconf 92' lang='lat' dir='ltr'><strong>sunt</strong></span> <span class='ocrx_word' id='word_1_523' title='bbox 2805 2511 3070 2565; x_wconf 86' lang='lat' dir='ltr'><strong>exspuere</strong></span> <span class='ocrx_word' id='word_1_524' title='bbox 3100 2496 3154 2550; x_wconf 92' lang='lat' dir='ltr'><strong>in</strong></span> <span class='ocrx_word' id='word_1_525' title='bbox 3189 2495 3381 2552; x_wconf 79' lang='lat' dir='ltr'><strong>faciem</strong></span> <span class='ocrx_word' id='word_1_526' title='bbox 3414 2496 3555 2567; x_wconf 88' lang='lat' dir='ltr'><strong>ejus.</strong></span> <span class='ocrx_word' id='word_1_527' title='bbox 3588 2496 3848 2552; x_wconf 79' lang='lat' dir='ltr'><strong>Arbitra-</strong></span> 
     </span>
    </p>
   </div>
   <div class='ocr_carea' id='block_1_62' title="bbox 2258 2586 3846 2658">
    <p class='ocr_par' dir='ltr' id='par_1_62' title="bbox 2258 2586 3846 2658">
     <span class='ocr_line' id='line_1_62' title="bbox 2258 2586 3846 2658; baseline 0.001 -17"><span class='ocrx_word' id='word_1_528' title='bbox 2258 2588 2457 2641; x_wconf 87' lang='lat' dir='ltr'><strong>bantur</strong></span> <span class='ocrx_word' id='word_1_529' title='bbox 2493 2586 2639 2641; x_wconf 90' lang='lat' dir='ltr'><strong>enim</strong></span> <span class='ocrx_word' id='word_1_530' title='bbox 2687 2587 2741 2641; x_wconf 93' lang='lat' dir='ltr'><strong>in</strong></span> <span class='ocrx_word' id='word_1_531' title='bbox 2786 2603 2873 2653; x_wconf 91' lang='lat' dir='ltr'><strong>eo,</strong></span> <span class='ocrx_word' id='word_1_532' title='bbox 2903 2588 3049 2658; x_wconf 90' lang='lat' dir='ltr'><strong>quod</strong></span> <span class='ocrx_word' id='word_1_533' title='bbox 3092 2588 3484 2644; x_wconf 84' lang='lat' dir='ltr'><strong>confunderent</strong></span> <span class='ocrx_word' id='word_1_534' title='bbox 3514 2605 3640 2644; x_wconf 85' lang='lat' dir='ltr'><strong>eum</strong></span> <span class='ocrx_word' id='word_1_535' title='bbox 3687 2605 3846 2644; x_wconf 83' lang='lat' dir='ltr'><strong>meu-</strong></span> 
     </span>
    </p>
   </div>
   <div class='ocr_carea' id='block_1_63' title="bbox 2256 2679 3839 2751">
    <p class='ocr_par' dir='ltr' id='par_1_63' title="bbox 2256 2679 3839 2751">
     <span class='ocr_line' id='line_1_63' title="bbox 2256 2679 3839 2751; baseline 0.001 -17"><span class='ocrx_word' id='word_1_536' title='bbox 2256 2679 2505 2747; x_wconf 89' lang='lat' dir='ltr'><strong>tieutem,</strong></span> <span class='ocrx_word' id='word_1_537' title='bbox 2533 2687 2589 2735; x_wconf 89' lang='lat' dir='ltr'><strong>et</strong></span> <span class='ocrx_word' id='word_1_538' title='bbox 2618 2680 2747 2749; x_wconf 89' lang='lat' dir='ltr'><strong>quia</strong></span> <span class='ocrx_word' id='word_1_539' title='bbox 2776 2695 2883 2734; x_wconf 93' lang='lat' dir='ltr'><strong>non</strong></span> <span class='ocrx_word' id='word_1_540' title='bbox 2918 2680 3215 2735; x_wconf 90' lang='lat' dir='ltr'><strong>sustineret</strong></span> <span class='ocrx_word' id='word_1_541' title='bbox 3241 2679 3602 2751; x_wconf 84' lang='lat' dir='ltr'><strong>exspuitionis</strong></span> <span class='ocrx_word' id='word_1_542' title='bbox 3631 2696 3839 2751; x_wconf 87' lang='lat' dir='ltr'><strong>oppro-</strong></span> 
     </span>
    </p>
   </div>
   <div class='ocr_carea' id='block_1_64' title="bbox 2258 2769 3843 2839">
    <p class='ocr_par' dir='ltr' id='par_1_64' title="bbox 2258 2769 3843 2839">
     <span class='ocr_line' id='line_1_64' title="bbox 2258 2769 3843 2839; baseline 0.003 -17"><span class='ocrx_word' id='word_1_543' title='bbox 2258 2769 2462 2832; x_wconf 90' lang='lat' dir='ltr'><strong>brium,</strong></span> <span class='ocrx_word' id='word_1_544' title='bbox 2493 2769 2585 2839; x_wconf 92' lang='lat' dir='ltr'><strong>qui</strong></span> <span class='ocrx_word' id='word_1_545' title='bbox 2618 2769 2837 2824; x_wconf 87' lang='lat' dir='ltr'><strong>sedebat</strong></span> <span class='ocrx_word' id='word_1_546' title='bbox 2864 2770 2933 2824; x_wconf 90' lang='lat' dir='ltr'><strong>ad</strong></span> <span class='ocrx_word' id='word_1_547' title='bbox 2960 2770 3205 2825; x_wconf 85' lang='lat' dir='ltr'><strong>dextram</strong></span> <span class='ocrx_word' id='word_1_548' title='bbox 3234 2771 3472 2835; x_wconf 69' lang='lat' dir='ltr'><strong>virtutis,</strong></span> <span class='ocrx_word' id='word_1_549' title='bbox 3498 2780 3553 2825; x_wconf 93' lang='lat' dir='ltr'><strong>et</strong></span> <span class='ocrx_word' id='word_1_550' title='bbox 3575 2781 3843 2827; x_wconf 87' lang='lat' dir='ltr'><strong>venturus</strong></span> 
     </span>
    </p>
   </div>
   <div class='ocr_carea' id='block_1_65' title="bbox 2254 2862 3839 2933">
    <p class='ocr_par' dir='ltr' id='par_1_65' title="bbox 2254 2862 3839 2933">
     <span class='ocr_line' id='line_1_65' title="bbox 2254 2862 3839 2933; baseline 0.001 -17"><span class='ocrx_word' id='word_1_551' title='bbox 2254 2871 2375 2916; x_wconf 89' lang='lat' dir='ltr'><strong>erat</strong></span> <span class='ocrx_word' id='word_1_552' title='bbox 2431 2862 2487 2916; x_wconf 92' lang='lat' dir='ltr'><strong>in</strong></span> <span class='ocrx_word' id='word_1_553' title='bbox 2541 2862 2799 2918; x_wconf 90' lang='lat' dir='ltr'><strong>nubibus.</strong></span> <span class='ocrx_word' id='word_1_554' title='bbox 2847 2862 3116 2930; x_wconf 85' lang='lat' dir='ltr'><strong>Quoniam</strong></span> <span class='ocrx_word' id='word_1_555' title='bbox 3172 2864 3501 2933; x_wconf 80' lang='lat' dir='ltr'><strong>ignorabant</strong></span> <span class='ocrx_word' id='word_1_556' title='bbox 3554 2878 3839 2919; x_wconf 80' lang='lat' dir='ltr'><strong>sermones</strong></span> 
     </span>
    </p>
   </div>
   <div class='ocr_carea' id='block_1_66' title="bbox 2254 2949 3835 3023">
    <p class='ocr_par' dir='ltr' id='par_1_66' title="bbox 2254 2949 3835 3023">
     <span class='ocr_line' id='line_1_66' title="bbox 2254 2949 3835 3023; baseline 0.003 -18"><span class='ocrx_word' id='word_1_557' title='bbox 2254 2949 2409 3006; x_wconf 66' lang='lat' dir='ltr'><strong>Isaia:</strong></span> <span class='ocrx_word' id='word_1_558' title='bbox 2453 2952 2729 3022; x_wconf 76' lang='lat' dir='ltr'><strong>prophetae</strong></span> <span class='ocrx_word' id='word_1_559' title='bbox 2757 2951 2872 3007; x_wconf 62' lang='lat' dir='ltr'><strong>haec</strong></span> <span class='ocrx_word' id='word_1_560' title='bbox 2902 2952 3090 3007; x_wconf 89' lang='lat' dir='ltr'><strong>eadem</strong></span> <span class='ocrx_word' id='word_1_561' title='bbox 3126 2954 3504 3023; x_wconf 79' lang='lat' dir='ltr'><strong>prophetantis</strong></span> <span class='ocrx_word' id='word_1_562' title='bbox 3548 2954 3617 3009; x_wconf 90' lang='lat' dir='ltr'><strong>de</strong></span> <span class='ocrx_word' id='word_1_563' title='bbox 3642 2969 3731 3019; x_wconf 90' lang='lat' dir='ltr'><strong>eo,</strong></span> <span class='ocrx_word' id='word_1_564' title='bbox 3777 2966 3835 3010; x_wconf 84' lang='lat' dir='ltr'><strong>et</strong></span> 
     </span>
    </p>
   </div>
   <div class='ocr_carea' id='block_1_67' title="bbox 2253 3042 3834 3114">
    <p class='ocr_par' dir='ltr' id='par_1_67' title="bbox 2253 3042 3834 3114">
     <span class='ocr_line' id='line_1_67' title="bbox 2253 3042 3834 3114; baseline 0.001 -13"><span class='ocrx_word' id='word_1_565' title='bbox 2253 3045 2486 3101; x_wconf 87' lang='lat' dir='ltr'><strong>dicentis</strong></span> <span class='ocrx_word' id='word_1_566' title='bbox 2523 3060 2586 3102; x_wconf 84' lang='lat' dir='ltr'><strong>ex</strong></span> <span class='ocrx_word' id='word_1_567' title='bbox 2606 3042 3627 3114; x_wconf 84' lang='lat' dir='ltr'><strong>personaipsiusDominiSalvatori&quot;:</strong></span> <span class='ocrx_word' id='word_1_568' title='bbox 3668 3048 3834 3114; x_wconf 79' lang='lat' dir='ltr'><strong>Quid.</strong></span> 
     </span>
    </p>
   </div>
   <div class='ocr_carea' id='block_1_68' title="bbox 2253 3137 3833 3207">
    <p class='ocr_par' dir='ltr' id='par_1_68' title="bbox 2253 3137 3833 3207">
     <span class='ocr_line' id='line_1_68' title="bbox 2253 3137 3833 3207; baseline 0.004 -18"><span class='ocrx_word' id='word_1_569' title='bbox 2253 3137 2504 3207; x_wconf 86' lang='lat' dir='ltr'><strong>quoniam</strong></span> <span class='ocrx_word' id='word_1_570' title='bbox 2538 3137 2652 3190; x_wconf 82' lang='lat' dir='ltr'><strong>ueni</strong></span> <span class='ocrx_word' id='word_1_571' title='bbox 2679 3145 2730 3192; x_wconf 85' lang='lat' dir='ltr'><strong>et</strong></span> <span class='ocrx_word' id='word_1_572' title='bbox 2763 3154 2867 3191; x_wconf 85' lang='lat' dir='ltr'><strong>non</strong></span> <span class='ocrx_word' id='word_1_573' title='bbox 2896 3146 3011 3191; x_wconf 87' lang='lat' dir='ltr'><strong>erat</strong></span> <span class='ocrx_word' id='word_1_574' title='bbox 3050 3138 3245 3203; x_wconf 86' lang='lat' dir='ltr'><strong>homo;</strong></span> <span class='ocrx_word' id='word_1_575' title='bbox 3279 3141 3478 3204; x_wconf 78' lang='lat' dir='ltr'><strong>vocavi,</strong></span> <span class='ocrx_word' id='word_1_576' title='bbox 3507 3152 3555 3195; x_wconf 88' lang='lat' dir='ltr'><strong>et</strong></span> <span class='ocrx_word' id='word_1_577' title='bbox 3582 3157 3687 3196; x_wconf 79' lang='lat' dir='ltr'><strong>non</strong></span> <span class='ocrx_word' id='word_1_578' title='bbox 3715 3153 3833 3196; x_wconf 86' lang='lat' dir='ltr'><strong>erat</strong></span> 
     </span>
    </p>
   </div>
   <div class='ocr_carea' id='block_1_69' title="bbox 2253 3228 3833 3300">
    <p class='ocr_par' dir='ltr' id='par_1_69' title="bbox 2253 3228 3833 3300">
     <span class='ocr_line' id='line_1_69' title="bbox 2253 3228 3833 3300; baseline 0.005 -18"><span class='ocrx_word' id='word_1_579' title='bbox 2253 3230 2345 3300; x_wconf 87' lang='lat' dir='ltr'><strong>qui</strong></span> <span class='ocrx_word' id='word_1_580' title='bbox 2380 3228 2634 3283; x_wconf 84' lang='lat' dir='ltr'><strong>obediret.</strong></span> <span class='ocrx_word' id='word_1_581' title='bbox 2671 3228 2929 3300; x_wconf 84' lang='lat' dir='ltr'><strong>Nunquid</strong></span> <span class='ocrx_word' id='word_1_582' title='bbox 2967 3247 3067 3284; x_wconf 89' lang='lat' dir='ltr'><strong>non</strong></span> <span class='ocrx_word' id='word_1_583' title='bbox 3095 3231 3231 3285; x_wconf 81' lang='lat' dir='ltr'><strong>ralet</strong></span> <span class='ocrx_word' id='word_1_584' title='bbox 3266 3247 3455 3286; x_wconf 89' lang='lat' dir='ltr'><strong>manus</strong></span> <span class='ocrx_word' id='word_1_585' title='bbox 3483 3250 3599 3287; x_wconf 86' lang='lat' dir='ltr'><strong>mea</strong></span> <span class='ocrx_word' id='word_1_586' title='bbox 3630 3250 3833 3299; x_wconf 77' lang='lat' dir='ltr'><strong>eruere,</strong></span> 
     </span>
    </p>
   </div>
   <div class='ocr_carea' id='block_1_70' title="bbox 2249 3322 3833 3395">
    <p class='ocr_par' dir='ltr' id='par_1_70' title="bbox 2249 3322 3833 3395">
     <span class='ocr_line' id='line_1_70' title="bbox 2249 3322 3833 3395; baseline 0.006 -22"><span class='ocrx_word' id='word_1_587' title='bbox 2249 3330 2344 3373; x_wconf 86' lang='lat' dir='ltr'><strong>aut</strong></span> <span class='ocrx_word' id='word_1_588' title='bbox 2396 3337 2500 3374; x_wconf 84' lang='lat' dir='ltr'><strong>non</strong></span> <span class='ocrx_word' id='word_1_589' title='bbox 2545 3337 2761 3390; x_wconf 86' lang='lat' dir='ltr'><strong>possunt</strong></span> <span class='ocrx_word' id='word_1_590' title='bbox 2818 3323 3060 3391; x_wconf 80' lang='lat' dir='ltr'><strong>eripere?</strong></span> <span class='ocrx_word' id='word_1_591' title='bbox 3116 3322 3251 3378; x_wconf 87' lang='lat' dir='ltr'><strong>Ecce</strong></span> <span class='ocrx_word' id='word_1_592' title='bbox 3304 3325 3667 3395; x_wconf 85' lang='lat' dir='ltr'><strong>increpatione</strong></span> <span class='ocrx_word' id='word_1_593' title='bbox 3716 3344 3833 3382; x_wconf 85' lang='lat' dir='ltr'><strong>mea</strong></span> 
     </span>
    </p>
   </div>
   <div class='ocr_carea' id='block_1_71' title="bbox 2251 3412 3830 3487">
    <p class='ocr_par' dir='ltr' id='par_1_71' title="bbox 2251 3412 3830 3487">
     <span class='ocr_line' id='line_1_71' title="bbox 2251 3412 3830 3487; baseline 0.004 -22"><span class='ocrx_word' id='word_1_594' title='bbox 2251 3412 2520 3467; x_wconf 84' lang='lat' dir='ltr'><strong>desertum</strong></span> <span class='ocrx_word' id='word_1_595' title='bbox 2565 3413 2765 3483; x_wconf 72' lang='lat' dir='ltr'><strong>faciam</strong></span> <span class='ocrx_word' id='word_1_596' title='bbox 2811 3431 2976 3481; x_wconf 87' lang='lat' dir='ltr'><strong>mare,</strong></span> <span class='ocrx_word' id='word_1_597' title='bbox 3021 3424 3068 3468; x_wconf 89' lang='lat' dir='ltr'><strong>et</strong></span> <span class='ocrx_word' id='word_1_598' title='bbox 3113 3432 3303 3485; x_wconf 88' lang='lat' dir='ltr'><strong>ponam</strong></span> <span class='ocrx_word' id='word_1_599' title='bbox 3327 3418 3550 3487; x_wconf 78' lang='lat' dir='ltr'><strong>[Iumina</strong></span> <span class='ocrx_word' id='word_1_600' title='bbox 3599 3419 3830 3480; x_wconf 79' lang='lat' dir='ltr'><strong>deserta,</strong></span> 
     </span>
    </p>
   </div>
   <div class='ocr_carea' id='block_1_72' title="bbox 2245 3507 3830 3580">
    <p class='ocr_par' dir='ltr' id='par_1_72' title="bbox 2245 3507 3830 3580">
     <span class='ocr_line' id='line_1_72' title="bbox 2245 3507 3830 3580; baseline 0.003 -18"><span class='ocrx_word' id='word_1_601' title='bbox 2245 3517 2294 3563; x_wconf 87' lang='lat' dir='ltr'><strong>et</strong></span> <span class='ocrx_word' id='word_1_602' title='bbox 2325 3507 2664 3562; x_wconf 87' lang='lat' dir='ltr'><strong>siccabuntur</strong></span> <span class='ocrx_word' id='word_1_603' title='bbox 2702 3507 2866 3577; x_wconf 84' lang='lat' dir='ltr'><strong>pisces</strong></span> <span class='ocrx_word' id='word_1_604' title='bbox 2915 3524 3096 3561; x_wconf 89' lang='lat' dir='ltr'><strong>eorunt</strong></span> <span class='ocrx_word' id='word_1_605' title='bbox 3133 3525 3199 3562; x_wconf 79' lang='lat' dir='ltr'><strong>ea:</strong></span> <span class='ocrx_word' id='word_1_606' title='bbox 3239 3526 3298 3563; x_wconf 91' lang='lat' dir='ltr'><strong>eo</strong></span> <span class='ocrx_word' id='word_1_607' title='bbox 3326 3510 3463 3580; x_wconf 85' lang='lat' dir='ltr'><strong>quod</strong></span> <span class='ocrx_word' id='word_1_608' title='bbox 3496 3527 3601 3564; x_wconf 85' lang='lat' dir='ltr'><strong>non</strong></span> <span class='ocrx_word' id='word_1_609' title='bbox 3637 3513 3830 3567; x_wconf 78' lang='lat' dir='ltr'><strong>habent</strong></span> 
     </span>
    </p>
   </div>
   <div class='ocr_carea' id='block_1_73' title="bbox 2247 3599 3831 3670">
    <p class='ocr_par' dir='ltr' id='par_1_73' title="bbox 2247 3599 3831 3670">
     <span class='ocr_line' id='line_1_73' title="bbox 2247 3599 3831 3670; baseline 0.003 -17"><span class='ocrx_word' id='word_1_610' title='bbox 2247 3616 2469 3670; x_wconf 84' lang='lat' dir='ltr'><strong>aquam,</strong></span> <span class='ocrx_word' id='word_1_611' title='bbox 2512 3609 2562 3653; x_wconf 92' lang='lat' dir='ltr'><strong>et</strong></span> <span class='ocrx_word' id='word_1_612' title='bbox 2601 3600 2897 3653; x_wconf 86' lang='lat' dir='ltr'><strong>morientur</strong></span> <span class='ocrx_word' id='word_1_613' title='bbox 2947 3601 3002 3653; x_wconf 89' lang='lat' dir='ltr'><strong>in</strong></span> <span class='ocrx_word' id='word_1_614' title='bbox 3031 3600 3144 3654; x_wconf 85' lang='lat' dir='ltr'><strong>siti.</strong></span> <span class='ocrx_word' id='word_1_615' title='bbox 3180 3599 3247 3653; x_wconf 80' lang='lat' dir='ltr'><strong>Et</strong></span> <span class='ocrx_word' id='word_1_616' title='bbox 3280 3602 3496 3654; x_wconf 86' lang='lat' dir='ltr'><strong>induam</strong></span> <span class='ocrx_word' id='word_1_617' title='bbox 3522 3603 3710 3656; x_wconf 73' lang='lat' dir='ltr'><strong>cwlum</strong></span> <span class='ocrx_word' id='word_1_618' title='bbox 3750 3613 3831 3657; x_wconf 84' lang='lat' dir='ltr'><strong>te-</strong></span> 
     </span>
    </p>
   </div>
   <div class='ocr_carea' id='block_1_74' title="bbox 2244 3690 3828 3762">
    <p class='ocr_par' dir='ltr' id='par_1_74' title="bbox 2244 3690 3828 3762">
     <span class='ocr_line' id='line_1_74' title="bbox 2244 3690 3828 3762; baseline 0.004 -19"><span class='ocrx_word' id='word_1_619' title='bbox 2244 3690 2445 3758; x_wconf 87' lang='lat' dir='ltr'><strong>nebris,</strong></span> <span class='ocrx_word' id='word_1_620' title='bbox 2476 3700 2526 3745; x_wconf 84' lang='lat' dir='ltr'><strong>et</strong></span> <span class='ocrx_word' id='word_1_621' title='bbox 2556 3691 2694 3744; x_wconf 86' lang='lat' dir='ltr'><strong>sicut</strong></span> <span class='ocrx_word' id='word_1_622' title='bbox 2724 3708 2937 3745; x_wconf 85' lang='lat' dir='ltr'><strong>saccum</strong></span> <span class='ocrx_word' id='word_1_623' title='bbox 2977 3695 3230 3746; x_wconf 86' lang='lat' dir='ltr'><strong>amictum</strong></span> <span class='ocrx_word' id='word_1_624' title='bbox 3265 3694 3401 3762; x_wconf 83' lang='lat' dir='ltr'><strong>ejus.</strong></span> <span class='ocrx_word' id='word_1_625' title='bbox 3440 3693 3698 3749; x_wconf 82' lang='lat' dir='ltr'><strong>Dominus</strong></span> <span class='ocrx_word' id='word_1_626' title='bbox 3729 3696 3828 3749; x_wconf 89' lang='lat' dir='ltr'><strong>dat</strong></span> 
     </span>
    </p>
   </div>
   <div class='ocr_carea' id='block_1_75' title="bbox 2245 3781 3830 3857">
    <p class='ocr_par' dir='ltr' id='par_1_75' title="bbox 2245 3781 3830 3857">
     <span class='ocr_line' id='line_1_75' title="bbox 2245 3781 3830 3857; baseline 0.004 -23"><span class='ocrx_word' id='word_1_627' title='bbox 2245 3781 2376 3834; x_wconf 89' lang='lat' dir='ltr'><strong>mihi</strong></span> <span class='ocrx_word' id='word_1_628' title='bbox 2433 3782 2671 3854; x_wconf 88' lang='lat' dir='ltr'><strong>linguam</strong></span> <span class='ocrx_word' id='word_1_629' title='bbox 2735 3784 3033 3849; x_wconf 71' lang='lat' dir='ltr'><strong>doctrinm,</strong></span> <span class='ocrx_word' id='word_1_630' title='bbox 3086 3796 3145 3838; x_wconf 91' lang='lat' dir='ltr'><strong>ut</strong></span> <span class='ocrx_word' id='word_1_631' title='bbox 3197 3786 3363 3840; x_wconf 86' lang='lat' dir='ltr'><strong>sciam</strong></span> <span class='ocrx_word' id='word_1_632' title='bbox 3425 3788 3685 3857; x_wconf 86' lang='lat' dir='ltr'><strong>quomodo</strong></span> <span class='ocrx_word' id='word_1_633' title='bbox 3745 3804 3830 3841; x_wconf 88' lang='lat' dir='ltr'><strong>nte</strong></span> 
     </span>
    </p>
   </div>
   <div class='ocr_carea' id='block_1_76' title="bbox 2241 3874 3825 3949">
    <p class='ocr_par' dir='ltr' id='par_1_76' title="bbox 2241 3874 3825 3949">
     <span class='ocr_line' id='line_1_76' title="bbox 2241 3874 3825 3949; baseline 0.004 -23"><span class='ocrx_word' id='word_1_634' title='bbox 2241 3882 2480 3943; x_wconf 88' lang='lat' dir='ltr'><strong>oporteat</strong></span> <span class='ocrx_word' id='word_1_635' title='bbox 2520 3874 2693 3928; x_wconf 89' lang='lat' dir='ltr'><strong>dicere</strong></span> <span class='ocrx_word' id='word_1_636' title='bbox 2738 3875 2969 3930; x_wconf 78' lang='lat' dir='ltr'><strong>verbum.</strong></span> <span class='ocrx_word' id='word_1_637' title='bbox 3035 3874 3229 3931; x_wconf 87' lang='lat' dir='ltr'><strong>Posuit</strong></span> <span class='ocrx_word' id='word_1_638' title='bbox 3261 3894 3340 3932; x_wconf 88' lang='lat' dir='ltr'><strong>me</strong></span> <span class='ocrx_word' id='word_1_639' title='bbox 3368 3895 3538 3945; x_wconf 86' lang='lat' dir='ltr'><strong>mane,</strong></span> <span class='ocrx_word' id='word_1_640' title='bbox 3575 3882 3825 3949; x_wconf 82' lang='lat' dir='ltr'><strong>apposuit</strong></span> 
     </span>
    </p>
   </div>
   <div class='ocr_carea' id='block_1_77' title="bbox 2242 3963 3823 4033">
    <p class='ocr_par' dir='ltr' id='par_1_77' title="bbox 2242 3963 3823 4033">
     <span class='ocr_line' id='line_1_77' title="bbox 2242 3963 3823 4033; baseline 0.003 -16"><span class='ocrx_word' id='word_1_641' title='bbox 2242 3963 2374 4017; x_wconf 88' lang='lat' dir='ltr'><strong>mihi</strong></span> <span class='ocrx_word' id='word_1_642' title='bbox 2422 3980 2606 4017; x_wconf 89' lang='lat' dir='ltr'><strong>aurem</strong></span> <span class='ocrx_word' id='word_1_643' title='bbox 2656 3965 2726 4018; x_wconf 91' lang='lat' dir='ltr'><strong>ad</strong></span> <span class='ocrx_word' id='word_1_644' title='bbox 2784 3966 3152 4033; x_wconf 83' lang='lat' dir='ltr'><strong>audiendum,</strong></span> <span class='ocrx_word' id='word_1_645' title='bbox 3208 3977 3260 4021; x_wconf 89' lang='lat' dir='ltr'><strong>et</strong></span> <span class='ocrx_word' id='word_1_646' title='bbox 3310 3967 3551 4021; x_wconf 85' lang='lat' dir='ltr'><strong>doctrina</strong></span> <span class='ocrx_word' id='word_1_647' title='bbox 3602 3967 3823 4021; x_wconf 86' lang='lat' dir='ltr'><strong>Domini</strong></span> 
     </span>
    </p>
   </div>
   <div class='ocr_carea' id='block_1_78' title="bbox 2240 4055 3825 4127">
    <p class='ocr_par' dir='ltr' id='par_1_78' title="bbox 2240 4055 3825 4127">
     <span class='ocr_line' id='line_1_78' title="bbox 2240 4055 3825 4127; baseline 0.001 -19"><span class='ocrx_word' id='word_1_648' title='bbox 2240 4055 2441 4124; x_wconf 86' lang='lat' dir='ltr'><strong>aperiet</strong></span> <span class='ocrx_word' id='word_1_649' title='bbox 2486 4072 2640 4109; x_wconf 84' lang='lat' dir='ltr'><strong>aures</strong></span> <span class='ocrx_word' id='word_1_650' title='bbox 2688 4071 2851 4111; x_wconf 88' lang='lat' dir='ltr'><strong>nteas.</strong></span> <span class='ocrx_word' id='word_1_651' title='bbox 2906 4055 3015 4127; x_wconf 87' lang='lat' dir='ltr'><strong>Ego</strong></span> <span class='ocrx_word' id='word_1_652' title='bbox 3050 4067 3226 4111; x_wconf 89' lang='lat' dir='ltr'><strong>autem</strong></span> <span class='ocrx_word' id='word_1_653' title='bbox 3268 4075 3371 4112; x_wconf 88' lang='lat' dir='ltr'><strong>non</strong></span> <span class='ocrx_word' id='word_1_654' title='bbox 3412 4075 3531 4112; x_wconf 88' lang='lat' dir='ltr'><strong>sunt</strong></span> <span class='ocrx_word' id='word_1_655' title='bbox 3575 4058 3825 4113; x_wconf 85' lang='lat' dir='ltr'><strong>incredu-</strong></span> 
     </span>
    </p>
   </div>
   <div class='ocr_carea' id='block_1_79' title="bbox 2238 4145 3821 4219">
    <p class='ocr_par' dir='ltr' id='par_1_79' title="bbox 2238 4145 3821 4219">
     <span class='ocr_line' id='line_1_79' title="bbox 2238 4145 3821 4219; baseline 0.003 -21"><span class='ocrx_word' id='word_1_656' title='bbox 2238 4145 2341 4209; x_wconf 85' lang='lat' dir='ltr'><strong>lus,</strong></span> <span class='ocrx_word' id='word_1_657' title='bbox 2389 4162 2553 4217; x_wconf 78' lang='lat' dir='ltr'><strong>neque</strong></span> <span class='ocrx_word' id='word_1_658' title='bbox 2601 4148 2927 4201; x_wconf 88' lang='lat' dir='ltr'><strong>contradica.</strong></span> <span class='ocrx_word' id='word_1_659' title='bbox 2993 4147 3222 4203; x_wconf 88' lang='lat' dir='ltr'><strong>Dorsunt</strong></span> <span class='ocrx_word' id='word_1_660' title='bbox 3290 4166 3460 4204; x_wconf 90' lang='lat' dir='ltr'><strong>meum</strong></span> <span class='ocrx_word' id='word_1_661' title='bbox 3499 4149 3700 4219; x_wconf 70' lang='lat' dir='ltr'><strong>prwbui</strong></span> <span class='ocrx_word' id='word_1_662' title='bbox 3746 4149 3821 4203; x_wconf 84' lang='lat' dir='ltr'><strong>ad</strong></span> 
     </span>
    </p>
   </div>
   <div class='ocr_carea' id='block_1_80' title="bbox 2233 4235 3820 4309">
    <p class='ocr_par' dir='ltr' id='par_1_80' title="bbox 2233 4235 3820 4309">
     <span class='ocr_line' id='line_1_80' title="bbox 2233 4235 3820 4309; baseline 0.001 -17"><span class='ocrx_word' id='word_1_663' title='bbox 2233 4235 2398 4306; x_wconf 80' lang='lat'><strong>912</strong></span> <span class='ocrx_word' id='word_1_664' title='bbox 2428 4236 2664 4307; x_wconf 79' lang='lat' dir='ltr'><strong>ﬂagella,</strong></span> <span class='ocrx_word' id='word_1_665' title='bbox 2694 4246 2744 4291; x_wconf 89' lang='lat' dir='ltr'><strong>et</strong></span> <span class='ocrx_word' id='word_1_666' title='bbox 2775 4238 3030 4293; x_wconf 76' lang='lat' dir='ltr'><strong>maxillas</strong></span> <span class='ocrx_word' id='word_1_667' title='bbox 3065 4255 3207 4292; x_wconf 87' lang='lat' dir='ltr'><strong>meas</strong></span> <span class='ocrx_word' id='word_1_668' title='bbox 3238 4240 3306 4292; x_wconf 91' lang='lat' dir='ltr'><strong>ad</strong></span> <span class='ocrx_word' id='word_1_669' title='bbox 3338 4240 3561 4309; x_wconf 87' lang='lat' dir='ltr'><strong>palmas.</strong></span> <span class='ocrx_word' id='word_1_670' title='bbox 3596 4239 3820 4294; x_wconf 79' lang='lat' dir='ltr'><strong>Facient</strong></span> 
     </span>
    </p>
   </div>
   <div class='ocr_carea' id='block_1_81' title="bbox 2236 4331 3817 4402">
    <p class='ocr_par' dir='ltr' id='par_1_81' title="bbox 2236 4331 3817 4402">
     <span class='ocr_line' id='line_1_81' title="bbox 2236 4331 3817 4402; baseline 0.001 -19"><span class='ocrx_word' id='word_1_671' title='bbox 2236 4336 2413 4383; x_wconf 87' lang='lat' dir='ltr'><strong>autem</strong></span> <span class='ocrx_word' id='word_1_672' title='bbox 2461 4344 2631 4382; x_wconf 88' lang='lat' dir='ltr'><strong>meam</strong></span> <span class='ocrx_word' id='word_1_673' title='bbox 2672 4345 2775 4383; x_wconf 88' lang='lat' dir='ltr'><strong>non</strong></span> <span class='ocrx_word' id='word_1_674' title='bbox 2819 4331 2985 4383; x_wconf 86' lang='lat' dir='ltr'><strong>averti</strong></span> <span class='ocrx_word' id='word_1_675' title='bbox 3032 4348 3064 4385; x_wconf 79' lang='grc' dir='ltr'><em>α</em></span> <span class='ocrx_word' id='word_1_676' title='bbox 3102 4331 3409 4402; x_wconf 80' lang='lat' dir='ltr'><strong>confusione</strong></span> <span class='ocrx_word' id='word_1_677' title='bbox 3453 4342 3817 4401; x_wconf 83' lang='lat' dir='ltr'><strong>sputamento-</strong></span> 
     </span>
    </p>
   </div>
   <div class='ocr_carea' id='block_1_82' title="bbox 2236 4419 3813 4492">
    <p class='ocr_par' dir='ltr' id='par_1_82' title="bbox 2236 4419 3813 4492">
     <span class='ocr_line' id='line_1_82' title="bbox 2236 4419 3813 4492; baseline 0.003 -20"><span class='ocrx_word' id='word_1_678' title='bbox 2236 4436 2376 4485; x_wconf 88' lang='lat' dir='ltr'><strong>runt,</strong></span> <span class='ocrx_word' id='word_1_679' title='bbox 2426 4428 2475 4475; x_wconf 87' lang='lat' dir='ltr'><strong>et</strong></span> <span class='ocrx_word' id='word_1_680' title='bbox 2522 4419 2780 4475; x_wconf 86' lang='lat' dir='ltr'><strong>Dominus</strong></span> <span class='ocrx_word' id='word_1_681' title='bbox 2829 4420 2972 4475; x_wconf 88' lang='lat' dir='ltr'><strong>Deus</strong></span> <span class='ocrx_word' id='word_1_682' title='bbox 3024 4422 3198 4491; x_wconf 80' lang='lat' dir='ltr'><strong>factus</strong></span> <span class='ocrx_word' id='word_1_683' title='bbox 3250 4434 3330 4478; x_wconf 88' lang='lat' dir='ltr'><strong>est</strong></span> <span class='ocrx_word' id='word_1_684' title='bbox 3386 4423 3601 4492; x_wconf 86' lang='lat' dir='ltr'><strong>adjutor</strong></span> <span class='ocrx_word' id='word_1_685' title='bbox 3646 4440 3813 4477; x_wconf 87' lang='lat' dir='ltr'><strong>meus.</strong></span> 
     </span>
    </p>
   </div>
   <div class='ocr_carea' id='block_1_83' title="bbox 626 4503 3811 4584">
    <p class='ocr_par' dir='ltr' id='par_1_83' title="bbox 626 4503 3811 4584">
     <span class='ocr_line' id='line_1_83' title="bbox 626 4503 3811 4584; baseline 0.002 -23"><span class='ocrx_word' id='word_1_686' title='bbox 626 4503 748 4562; x_wconf 74' lang='grc'><strong>112.</strong></span> <span class='ocrx_word' id='word_1_687' title='bbox 796 4508 940 4564; x_wconf 84' lang='lat' dir='ltr'><strong>Tunc</strong></span> <span class='ocrx_word' id='word_1_688' title='bbox 986 4511 1224 4581; x_wconf 87' lang='lat' dir='ltr'><strong>princeps</strong></span> <span class='ocrx_word' id='word_1_689' title='bbox 1272 4513 1607 4566; x_wconf 88' lang='lat' dir='ltr'><strong>sacerdotum</strong></span> <span class='ocrx_word' id='word_1_690' title='bbox 1667 4515 1926 4568; x_wconf 87' lang='lat' dir='ltr'><strong>conscidit</strong></span> <span class='ocrx_word' id='word_1_691' title='bbox 1972 4516 2130 4568; x_wconf 84' lang='lat' dir='ltr'><strong>vesti—</strong></span> <span class='ocrx_word' id='word_1_692' title='bbox 2162 4525 2205 4580; x_wconf 82' lang='grc' dir='ltr'>ι)</span> <span class='ocrx_word' id='word_1_693' title='bbox 2233 4511 2436 4567; x_wconf 87' lang='lat' dir='ltr'><strong>Omnes</strong></span> <span class='ocrx_word' id='word_1_694' title='bbox 2468 4513 2614 4567; x_wconf 87' lang='lat' dir='ltr'><strong>enim</strong></span> <span class='ocrx_word' id='word_1_695' title='bbox 2640 4514 2732 4584; x_wconf 89' lang='lat' dir='ltr'><strong>qui</strong></span> <span class='ocrx_word' id='word_1_696' title='bbox 2757 4522 2885 4568; x_wconf 90' lang='lat' dir='ltr'><strong>sunt</strong></span> <span class='ocrx_word' id='word_1_697' title='bbox 2918 4514 2986 4568; x_wconf 88' lang='lat' dir='ltr'><strong>ab</strong></span> <span class='ocrx_word' id='word_1_698' title='bbox 3011 4512 3271 4581; x_wconf 86' lang='lat' dir='ltr'><strong>Ecclesia,</strong></span> <span class='ocrx_word' id='word_1_699' title='bbox 3299 4516 3629 4571; x_wconf 80' lang='lat' dir='ltr'><strong>conﬁtentur</strong></span> <span class='ocrx_word' id='word_1_700' title='bbox 3650 4514 3811 4570; x_wconf 88' lang='lat' dir='ltr'><strong>Chri-</strong></span> 
     </span>
    </p>
   </div>
   <div class='ocr_carea' id='block_1_84' title="bbox 552 4600 2127 4672">
    <p class='ocr_par' dir='ltr' id='par_1_84' title="bbox 552 4600 2127 4672">
     <span class='ocr_line' id='line_1_84' title="bbox 552 4600 2127 4672; baseline 0.003 -22"><span class='ocrx_word' id='word_1_701' title='bbox 552 4608 731 4652; x_wconf 89' lang='lat' dir='ltr'><strong>menta</strong></span> <span class='ocrx_word' id='word_1_702' title='bbox 778 4615 875 4652; x_wconf 89' lang='lat' dir='ltr'><strong>sua</strong></span> <span class='ocrx_word' id='word_1_703' title='bbox 924 4600 1101 4667; x_wconf 65' lang='lat' dir='ltr'><strong>dicens</strong></span> <span class='ocrx_word' id='word_1_704' title='bbox 1130 4617 1150 4655; x_wconf 90' lang='lat'><em>:</em></span> <span class='ocrx_word' id='word_1_705' title='bbox 1179 4600 1577 4672; x_wconf 83' lang='lat' dir='ltr'><strong>Blasphemavit</strong></span> <span class='ocrx_word' id='word_1_706' title='bbox 1622 4601 1686 4656; x_wconf 80' lang='lat'><strong>“.</strong></span> <span class='ocrx_word' id='word_1_707' title='bbox 1740 4601 1865 4658; x_wconf 66' lang='lat' dir='ltr'><strong>Haec</strong></span> <span class='ocrx_word' id='word_1_708' title='bbox 1897 4602 2127 4658; x_wconf 86' lang='lat' dir='ltr'><strong>Domino</strong></span> 
     </span>
    </p>
   </div>
   <div class='ocr_carea' id='block_1_85' title="bbox 549 4687 2125 4763">
    <p class='ocr_par' dir='ltr' id='par_1_85' title="bbox 549 4687 2125 4763">
     <span class='ocr_line' id='line_1_85' title="bbox 549 4687 2125 4763; baseline 0.006 -26"><span class='ocrx_word' id='word_1_709' title='bbox 549 4687 906 4756; x_wconf 84' lang='lat' dir='ltr'><strong>pt&#39;opbetanlc</strong></span> <span class='ocrx_word' id='word_1_710' title='bbox 967 4690 1224 4744; x_wconf 88' lang='lat' dir='ltr'><strong>inimicus</strong></span> <span class='ocrx_word' id='word_1_711' title='bbox 1256 4690 1469 4744; x_wconf 92' lang='lat' dir='ltr'><strong>Domini</strong></span> <span class='ocrx_word' id='word_1_712' title='bbox 1522 4693 1777 4748; x_wconf 83' lang='lat' dir='ltr'><strong>sacerdos</strong></span> <span class='ocrx_word' id='word_1_713' title='bbox 1827 4692 1936 4759; x_wconf 90' lang='lat' dir='ltr'><strong>ille,</strong></span> <span class='ocrx_word' id='word_1_714' title='bbox 1967 4692 2125 4763; x_wconf 87' lang='lat' dir='ltr'><strong>quasi</strong></span> 
     </span>
    </p>
   </div>
   <div class='ocr_carea' id='block_1_86' title="bbox 458 4778 2123 4852">
    <p class='ocr_par' dir='ltr' id='par_1_86' title="bbox 458 4778 2123 4852">
     <span class='ocr_line' id='line_1_86' title="bbox 458 4778 2123 4852; baseline 0.005 -22"><span class='ocrx_word' id='word_1_715' title='bbox 458 4778 459 4781; x_wconf 64' lang='grc'><em>“</em></span> <span class='ocrx_word' id='word_1_716' title='bbox 552 4795 660 4832; x_wconf 91' lang='lat' dir='ltr'><strong>non</strong></span> <span class='ocrx_word' id='word_1_717' title='bbox 713 4789 831 4834; x_wconf 87' lang='lat' dir='ltr'><strong>erat</strong></span> <span class='ocrx_word' id='word_1_718' title='bbox 885 4781 1226 4851; x_wconf 89' lang='lat' dir='ltr'><strong>propinquus</strong></span> <span class='ocrx_word' id='word_1_719' title='bbox 1281 4791 1339 4837; x_wconf 92' lang='lat' dir='ltr'><strong>ut</strong></span> <span class='ocrx_word' id='word_1_720' title='bbox 1372 4783 1579 4838; x_wconf 88' lang='lat' dir='ltr'><strong>videret</strong></span> <span class='ocrx_word' id='word_1_721' title='bbox 1612 4784 1807 4839; x_wconf 86' lang='lat' dir='ltr'><strong>Filium</strong></span> <span class='ocrx_word' id='word_1_722' title='bbox 1862 4784 2123 4852; x_wconf 87' lang='lat' dir='ltr'><strong>hominis,</strong></span> 
     </span>
    </p>
   </div>
   <div class='ocr_carea' id='block_1_87' title="bbox 547 4870 2128 4944">
    <p class='ocr_par' dir='ltr' id='par_1_87' title="bbox 547 4870 2128 4944">
     <span class='ocr_line' id='line_1_87' title="bbox 547 4870 2128 4944; baseline 0.004 -22"><span class='ocrx_word' id='word_1_723' title='bbox 547 4879 605 4923; x_wconf 88' lang='lat' dir='ltr'><strong>et</strong></span> <span class='ocrx_word' id='word_1_724' title='bbox 632 4870 888 4926; x_wconf 76' lang='lat' dir='ltr'><strong>virtutem</strong></span> <span class='ocrx_word' id='word_1_725' title='bbox 939 4888 969 4925; x_wconf 91' lang='lat' dir='ltr'><strong>a</strong></span> <span class='ocrx_word' id='word_1_726' title='bbox 1006 4872 1163 4942; x_wconf 87' lang='lat' dir='ltr'><strong>cujus</strong></span> <span class='ocrx_word' id='word_1_727' title='bbox 1210 4873 1419 4929; x_wconf 85' lang='lat' dir='ltr'><strong>dextris</strong></span> <span class='ocrx_word' id='word_1_728' title='bbox 1466 4874 1705 4941; x_wconf 88' lang='lat' dir='ltr'><strong>sedebat,</strong></span> <span class='ocrx_word' id='word_1_729' title='bbox 1761 4874 1917 4944; x_wconf 90' lang='lat' dir='ltr'><strong>quasi</strong></span> <span class='ocrx_word' id='word_1_730' title='bbox 1971 4874 2128 4929; x_wconf 88' lang='lat' dir='ltr'><strong>incli-</strong></span> 
     </span>
    </p>
   </div>
   <div class='ocr_carea' id='block_1_88' title="bbox 550 4964 2126 5034">
    <p class='ocr_par' dir='ltr' id='par_1_88' title="bbox 550 4964 2126 5034">
     <span class='ocr_line' id='line_1_88' title="bbox 550 4964 2126 5034; baseline 0.004 -21"><span class='ocrx_word' id='word_1_731' title='bbox 550 4969 713 5014; x_wconf 89' lang='lat' dir='ltr'><strong>natus</strong></span> <span class='ocrx_word' id='word_1_732' title='bbox 743 4969 798 5015; x_wconf 91' lang='lat' dir='ltr'><strong>et</strong></span> <span class='ocrx_word' id='word_1_733' title='bbox 828 4976 934 5016; x_wconf 92' lang='lat' dir='ltr'><strong>non</strong></span> <span class='ocrx_word' id='word_1_734' title='bbox 966 4971 1158 5032; x_wconf 89' lang='lat' dir='ltr'><strong>potens</strong></span> <span class='ocrx_word' id='word_1_735' title='bbox 1191 4964 1437 5034; x_wconf 88' lang='lat' dir='ltr'><strong>aspicere</strong></span> <span class='ocrx_word' id='word_1_736' title='bbox 1477 4980 1720 5029; x_wconf 86' lang='lat' dir='ltr'><strong>sursum,</strong></span> <span class='ocrx_word' id='word_1_737' title='bbox 1756 4980 1864 5018; x_wconf 91' lang='lat' dir='ltr'><strong>non</strong></span> <span class='ocrx_word' id='word_1_738' title='bbox 1897 4965 2126 5019; x_wconf 87' lang='lat' dir='ltr'><strong>audiens</strong></span> 
     </span>
    </p>
   </div>
   <div class='ocr_carea' id='block_1_89' title="bbox 547 5050 2126 5122">
    <p class='ocr_par' dir='ltr' id='par_1_89' title="bbox 547 5050 2126 5122">
     <span class='ocr_line' id='line_1_89' title="bbox 547 5050 2126 5122; baseline 0.005 -19"><span class='ocrx_word' id='word_1_739' title='bbox 547 5066 671 5120; x_wconf 68' lang='lat' dir='ltr'><strong>qua:</strong></span> <span class='ocrx_word' id='word_1_740' title='bbox 699 5050 935 5117; x_wconf 90' lang='lat' dir='ltr'><strong>dicebat,</strong></span> <span class='ocrx_word' id='word_1_741' title='bbox 974 5053 1243 5109; x_wconf 88' lang='lat' dir='ltr'><strong>conscidit</strong></span> <span class='ocrx_word' id='word_1_742' title='bbox 1287 5055 1612 5110; x_wconf 88' lang='lat' dir='ltr'><strong>vestimenta</strong></span> <span class='ocrx_word' id='word_1_743' title='bbox 1662 5070 1783 5122; x_wconf 89' lang='lat' dir='ltr'><strong>sua,</strong></span> <span class='ocrx_word' id='word_1_744' title='bbox 1830 5056 2126 5112; x_wconf 86' lang='lat' dir='ltr'><strong>ostendens</strong></span> 
     </span>
    </p>
   </div>
   <div class='ocr_carea' id='block_1_90' title="bbox 548 5141 2125 5221">
    <p class='ocr_par' dir='ltr' id='par_1_90' title="bbox 548 5141 2125 5221">
     <span class='ocr_line' id='line_1_90' title="bbox 548 5141 2125 5221; baseline 0.004 -25"><span class='ocrx_word' id='word_1_745' title='bbox 548 5141 937 5211; x_wconf 88' lang='lat' dir='ltr'><strong>turpitudinem</strong></span> <span class='ocrx_word' id='word_1_746' title='bbox 985 5160 1165 5211; x_wconf 86' lang='lat' dir='ltr'><strong>suam,</strong></span> <span class='ocrx_word' id='word_1_747' title='bbox 1202 5154 1256 5221; x_wconf 70' lang='lat' dir='ltr'><strong>et</strong></span> <span class='ocrx_word' id='word_1_748' title='bbox 1309 5146 1610 5201; x_wconf 88' lang='lat' dir='ltr'><strong>nuditatem</strong></span> <span class='ocrx_word' id='word_1_749' title='bbox 1662 5146 1857 5200; x_wconf 67' lang='lat' dir='ltr'><strong>animat</strong></span> <span class='ocrx_word' id='word_1_750' title='bbox 1903 5162 2038 5212; x_wconf 67' lang='lat' dir='ltr'><strong>suae,</strong></span> <span class='ocrx_word' id='word_1_751' title='bbox 2069 5156 2125 5202; x_wconf 90' lang='lat' dir='ltr'><strong>et</strong></span> 
     </span>
    </p>
   </div>
   <div class='ocr_carea' id='block_1_91' title="bbox 545 5235 2122 5306">
    <p class='ocr_par' dir='ltr' id='par_1_91' title="bbox 545 5235 2122 5306">
     <span class='ocr_line' id='line_1_91' title="bbox 545 5235 2122 5306; baseline 0.004 -19"><span class='ocrx_word' id='word_1_752' title='bbox 545 5235 866 5306; x_wconf 81' lang='lat' dir='ltr'><strong>mysterium</strong></span> <span class='ocrx_word' id='word_1_753' title='bbox 902 5236 1279 5303; x_wconf 82' lang='lat' dir='ltr'><strong>manifestans,</strong></span> <span class='ocrx_word' id='word_1_754' title='bbox 1298 5237 1759 5293; x_wconf 90' lang='lat' dir='ltr'><strong>conscindendum</strong></span> <span class='ocrx_word' id='word_1_755' title='bbox 1786 5253 1910 5294; x_wconf 89' lang='lat' dir='ltr'><strong>esse</strong></span> <span class='ocrx_word' id='word_1_756' title='bbox 1939 5254 2122 5294; x_wconf 88' lang='lat' dir='ltr'><strong>sacer-</strong></span> 
     </span>
    </p>
   </div>
   <div class='ocr_carea' id='block_1_92' title="bbox 542 5328 2120 5399">
    <p class='ocr_par' dir='ltr' id='par_1_92' title="bbox 542 5328 2120 5399">
     <span class='ocr_line' id='line_1_92' title="bbox 542 5328 2120 5399; baseline 0.003 -18"><span class='ocrx_word' id='word_1_757' title='bbox 542 5328 755 5383; x_wconf 91' lang='lat' dir='ltr'><strong>dotium</strong></span> <span class='ocrx_word' id='word_1_758' title='bbox 789 5338 963 5392; x_wconf 88' lang='lat' dir='ltr'><strong>vetus,</strong></span> <span class='ocrx_word' id='word_1_759' title='bbox 1005 5338 1061 5384; x_wconf 92' lang='lat' dir='ltr'><strong>et</strong></span> <span class='ocrx_word' id='word_1_760' title='bbox 1093 5329 1286 5385; x_wconf 91' lang='lat' dir='ltr'><strong>stolam</strong></span> <span class='ocrx_word' id='word_1_761' title='bbox 1322 5329 1610 5385; x_wconf 84' lang='lat' dir='ltr'><strong>sacerdotii</strong></span> <span class='ocrx_word' id='word_1_762' title='bbox 1636 5330 1776 5399; x_wconf 80' lang='lat' dir='ltr'><strong>ejus,</strong></span> <span class='ocrx_word' id='word_1_763' title='bbox 1809 5339 1865 5386; x_wconf 87' lang='lat' dir='ltr'><strong>et</strong></span> <span class='ocrx_word' id='word_1_764' title='bbox 1894 5331 2120 5386; x_wconf 70' lang='lat' dir='ltr'><strong>cultura:</strong></span> 
     </span>
    </p>
   </div>
   <div class='ocr_carea' id='block_1_93' title="bbox 541 5418 2119 5490">
    <p class='ocr_par' dir='ltr' id='par_1_93' title="bbox 541 5418 2119 5490">
     <span class='ocr_line' id='line_1_93' title="bbox 541 5418 2119 5490; baseline 0.004 -21"><span class='ocrx_word' id='word_1_765' title='bbox 541 5433 665 5486; x_wconf 73' lang='lat' dir='ltr'><strong>qua:</strong></span> <span class='ocrx_word' id='word_1_766' title='bbox 695 5419 993 5473; x_wconf 88' lang='lat' dir='ltr'><strong>secundum</strong></span> <span class='ocrx_word' id='word_1_767' title='bbox 1026 5419 1259 5474; x_wconf 90' lang='lat' dir='ltr'><strong>litteram</strong></span> <span class='ocrx_word' id='word_1_768' title='bbox 1287 5418 1481 5474; x_wconf 81' lang='lat' dir='ltr'><strong>fuerat.</strong></span> <span class='ocrx_word' id='word_1_769' title='bbox 1515 5418 1910 5490; x_wconf 82' lang='lat' dir='ltr'><strong>Blasphcmiam</strong></span> <span class='ocrx_word' id='word_1_770' title='bbox 1938 5431 2119 5476; x_wconf 90' lang='lat' dir='ltr'><strong>autem</strong></span> 
     </span>
    </p>
   </div>
   <div class='ocr_carea' id='block_1_94' title="bbox 540 5509 2114 5582">
    <p class='ocr_par' dir='ltr' id='par_1_94' title="bbox 540 5509 2114 5582">
     <span class='ocr_line' id='line_1_94' title="bbox 540 5509 2114 5582; baseline 0.003 -21"><span class='ocrx_word' id='word_1_771' title='bbox 540 5509 837 5565; x_wconf 88' lang='lat' dir='ltr'><strong>arbitratus</strong></span> <span class='ocrx_word' id='word_1_772' title='bbox 869 5519 1095 5566; x_wconf 87' lang='lat' dir='ltr'><strong>estesse</strong></span> <span class='ocrx_word' id='word_1_773' title='bbox 1125 5511 1549 5582; x_wconf 79' lang='lat' dir='ltr'><strong>magnitudinem</strong></span> <span class='ocrx_word' id='word_1_774' title='bbox 1581 5512 1867 5567; x_wconf 86' lang='lat' dir='ltr'><strong>verborum</strong></span> <span class='ocrx_word' id='word_1_775' title='bbox 1891 5513 2114 5578; x_wconf 86' lang='lat' dir='ltr'><strong>Christi,</strong></span> 
     </span>
    </p>
   </div>
   <div class='ocr_carea' id='block_1_95' title="bbox 628 5709 1672 5774">
    <p class='ocr_par' dir='ltr' id='par_1_95' title="bbox 628 5709 1672 5774">
     <span class='ocr_line' id='line_1_95' title="bbox 628 5709 1672 5774; baseline 0.007 -12"><span class='ocrx_word' id='word_1_776' title='bbox 628 5710 673 5740; x_wconf 75' lang='lat'><strong>“</strong></span> <span class='ocrx_word' id='word_1_777' title='bbox 697 5709 841 5764; x_wconf 85' lang='lat' dir='ltr'><strong>l’sal.</strong></span> <span class='ocrx_word' id='word_1_778' title='bbox 873 5727 993 5774; x_wconf 66' lang='grc' dir='ltr'><strong>δικ,</strong></span> <span class='ocrx_word' id='word_1_779' title='bbox 1023 5712 1071 5765; x_wconf 87' lang='lat' dir='ltr'><strong>l.</strong></span> <span class='ocrx_word' id='word_1_780' title='bbox 1148 5713 1193 5744; x_wconf 81' lang='grc'><strong><em>³⁵</em></strong></span> <span class='ocrx_word' id='word_1_781' title='bbox 1232 5710 1375 5767; x_wconf 83' lang='lat' dir='ltr'><strong>Psal.</strong></span> <span class='ocrx_word' id='word_1_782' title='bbox 1410 5728 1588 5772; x_wconf 70' lang='lat' dir='ltr'><strong>xxxv.</strong></span> <span class='ocrx_word' id='word_1_783' title='bbox 1620 5714 1672 5769; x_wconf 86' lang='grc'><strong>6.</strong></span> 
     </span>
    </p>
   </div>
   <div class='ocr_carea' id='block_1_96' title="bbox 1766 5712 2386 5783">
    <p class='ocr_par' dir='ltr' id='par_1_96' title="bbox 1766 5712 2386 5783">
     <span class='ocr_line' id='line_1_96' title="bbox 1766 5712 2386 5783; baseline 0.008 -19"><span class='ocrx_word' id='word_1_784' title='bbox 1766 5713 1811 5783; x_wconf 50' lang='grc' dir='ltr'><strong>’ἦ</strong></span> <span class='ocrx_word' id='word_1_785' title='bbox 1863 5712 2050 5767; x_wconf 76' lang='lat' dir='ltr'><strong>Matth.</strong></span> <span class='ocrx_word' id='word_1_786' title='bbox 2085 5730 2248 5783; x_wconf 72' lang='lat' dir='ltr'><strong>xxvi,</strong></span> <span class='ocrx_word' id='word_1_787' title='bbox 2296 5718 2386 5775; x_wconf 77' lang='lat'><strong>65.</strong></span> 
     </span>
    </p>
   </div>
   <div class='ocr_carea' id='block_1_97' title="bbox 542 5777 2212 5856">
    <p class='ocr_par' dir='ltr' id='par_1_97' title="bbox 542 5777 2212 5856">
     <span class='ocr_line' id='line_1_97' title="bbox 542 5777 2212 5856; baseline 0.003 -23"><span class='ocrx_word' id='word_1_788' title='bbox 542 5777 588 5811; x_wconf 81' lang='lat'>“</span> <span class='ocrx_word' id='word_1_789' title='bbox 615 5778 805 5839; x_wconf 78' lang='lat' dir='ltr'><strong>Matth.</strong></span> <span class='ocrx_word' id='word_1_790' title='bbox 849 5796 1002 5846; x_wconf 80' lang='lat' dir='ltr'><strong>xxvi,</strong></span> <span class='ocrx_word' id='word_1_791' title='bbox 1037 5782 1126 5851; x_wconf 82' lang='lat'><strong>67,</strong></span> <span class='ocrx_word' id='word_1_792' title='bbox 1155 5782 1244 5837; x_wconf 77' lang='lat'><strong>68.</strong></span> <span class='ocrx_word' id='word_1_793' title='bbox 1322 5783 1363 5821; x_wconf 80' lang='lat'>&quot;</span> <span class='ocrx_word' id='word_1_794' title='bbox 1408 5782 1537 5838; x_wconf 89' lang='lat' dir='ltr'><strong>ibid.</strong></span> <span class='ocrx_word' id='word_1_795' title='bbox 1568 5783 1655 5838; x_wconf 65' lang='lat'><strong>64.</strong></span> <span class='ocrx_word' id='word_1_796' title='bbox 1734 5782 1896 5855; x_wconf 52' lang='lat' dir='ltr'><strong>“.lsa.</strong></span> <span class='ocrx_word' id='word_1_797' title='bbox 1931 5784 2034 5851; x_wconf 76' lang='lat' dir='ltr'><strong>t.,2</strong></span> <span class='ocrx_word' id='word_1_798' title='bbox 2061 5800 2212 5856; x_wconf 80' lang='lat' dir='ltr'><strong>seqq.</strong></span> 
     </span>
    </p>
   </div>
   <div class='ocr_carea' id='block_1_98' title="bbox 2234 4605 3811 4680">
    <p class='ocr_par' dir='ltr' id='par_1_98' title="bbox 2234 4605 3811 4680">
     <span class='ocr_line' id='line_1_98' title="bbox 2234 4605 3811 4680; baseline 0.001 -21"><span class='ocrx_word' id='word_1_799' title='bbox 2234 4613 2377 4659; x_wconf 91' lang='lat' dir='ltr'><strong>stum</strong></span> <span class='ocrx_word' id='word_1_800' title='bbox 2411 4619 2532 4659; x_wconf 92' lang='lat' dir='ltr'><strong>esse</strong></span> <span class='ocrx_word' id='word_1_801' title='bbox 2576 4610 2671 4680; x_wconf 91' lang='lat' dir='ltr'><strong>qui</strong></span> <span class='ocrx_word' id='word_1_802' title='bbox 2705 4608 2837 4664; x_wconf 88' lang='lat' dir='ltr'><strong>dicit</strong></span> <span class='ocrx_word' id='word_1_803' title='bbox 2870 4623 2884 4659; x_wconf 88' lang='lat'><strong>:</strong></span> <span class='ocrx_word' id='word_1_804' title='bbox 2932 4606 3189 4660; x_wconf 88' lang='lat' dir='ltr'><strong>Dominus</strong></span> <span class='ocrx_word' id='word_1_805' title='bbox 3209 4605 3345 4661; x_wconf 89' lang='lat' dir='ltr'><strong>Deus</strong></span> <span class='ocrx_word' id='word_1_806' title='bbox 3371 4607 3516 4661; x_wconf 87' lang='lat' dir='ltr'><strong>dedit</strong></span> <span class='ocrx_word' id='word_1_807' title='bbox 3548 4607 3674 4661; x_wconf 85' lang='lat' dir='ltr'><strong>mihi</strong></span> <span class='ocrx_word' id='word_1_808' title='bbox 3699 4607 3811 4660; x_wconf 78' lang='lat' dir='ltr'><strong>lin-</strong></span> 
     </span>
    </p>
   </div>
   <div class='ocr_carea' id='block_1_99' title="bbox 2235 4694 3807 4771">
    <p class='ocr_par' dir='ltr' id='par_1_99' title="bbox 2235 4694 3807 4771">
     <span class='ocr_line' id='line_1_99' title="bbox 2235 4694 3807 4771; baseline 0.006 -26"><span class='ocrx_word' id='word_1_809' title='bbox 2235 4710 2393 4765; x_wconf 87' lang='lat' dir='ltr'><strong>guam</strong></span> <span class='ocrx_word' id='word_1_810' title='bbox 2429 4694 2705 4760; x_wconf 82' lang='lat' dir='ltr'><strong>doctrime,</strong></span> <span class='ocrx_word' id='word_1_811' title='bbox 2735 4707 2789 4750; x_wconf 89' lang='lat' dir='ltr'><strong>et</strong></span> <span class='ocrx_word' id='word_1_812' title='bbox 2815 4704 3008 4752; x_wconf 64' lang='lat' dir='ltr'><strong>caetera</strong></span> <span class='ocrx_word' id='word_1_813' title='bbox 3041 4713 3163 4767; x_wconf 70' lang='lat' dir='ltr'><strong>quae</strong></span> <span class='ocrx_word' id='word_1_814' title='bbox 3198 4699 3442 4769; x_wconf 80' lang='lat' dir='ltr'><strong>exposui.</strong></span> <span class='ocrx_word' id='word_1_815' title='bbox 3486 4697 3599 4771; x_wconf 79' lang='lat' dir='ltr'><strong>Ego</strong></span> <span class='ocrx_word' id='word_1_816' title='bbox 3627 4707 3807 4754; x_wconf 89' lang='lat' dir='ltr'><strong>autem</strong></span> 
     </span>
    </p>
   </div>
   <div class='ocr_carea' id='block_1_100' title="bbox 2236 4784 3811 4861">
    <p class='ocr_par' dir='ltr' id='par_1_100' title="bbox 2236 4784 3811 4861">
     <span class='ocr_line' id='line_1_100' title="bbox 2236 4784 3811 4861; baseline 0.004 -22"><span class='ocrx_word' id='word_1_817' title='bbox 2236 4784 2619 4840; x_wconf 89' lang='lat' dir='ltr'><strong>convenienter</strong></span> <span class='ocrx_word' id='word_1_818' title='bbox 2650 4796 2703 4841; x_wconf 90' lang='lat' dir='ltr'><strong>et</strong></span> <span class='ocrx_word' id='word_1_819' title='bbox 2733 4802 2795 4841; x_wconf 92' lang='lat' dir='ltr'><strong>ca</strong></span> <span class='ocrx_word' id='word_1_820' title='bbox 2825 4804 2948 4858; x_wconf 65' lang='lat' dir='ltr'><strong>quae</strong></span> <span class='ocrx_word' id='word_1_821' title='bbox 2982 4790 3234 4859; x_wconf 88' lang='lat' dir='ltr'><strong>superius</strong></span> <span class='ocrx_word' id='word_1_822' title='bbox 3264 4789 3351 4845; x_wconf 88' lang='lat' dir='ltr'><strong>his</strong></span> <span class='ocrx_word' id='word_1_823' title='bbox 3385 4800 3543 4845; x_wconf 90' lang='lat' dir='ltr'><strong>erant</strong></span> <span class='ocrx_word' id='word_1_824' title='bbox 3579 4792 3811 4861; x_wconf 85' lang='lat' dir='ltr'><strong>conjun-</strong></span> 
     </span>
    </p>
   </div>
   <div class='ocr_carea' id='block_1_101' title="bbox 2233 4876 3811 4953">
    <p class='ocr_par' dir='ltr' id='par_1_101' title="bbox 2233 4876 3811 4953">
     <span class='ocr_line' id='line_1_101' title="bbox 2233 4876 3811 4953; baseline 0.006 -22"><span class='ocrx_word' id='word_1_825' title='bbox 2233 4885 2318 4932; x_wconf 90' lang='lat' dir='ltr'><strong>cta</strong></span> <span class='ocrx_word' id='word_1_826' title='bbox 2347 4876 2597 4946; x_wconf 86' lang='lat' dir='ltr'><strong>exposui,</strong></span> <span class='ocrx_word' id='word_1_827' title='bbox 2639 4878 2825 4936; x_wconf 89' lang='lat' dir='ltr'><strong>volens</strong></span> <span class='ocrx_word' id='word_1_828' title='bbox 2862 4880 3148 4936; x_wconf 86' lang='lat' dir='ltr'><strong>ostendere</strong></span> <span class='ocrx_word' id='word_1_829' title='bbox 3184 4881 3254 4937; x_wconf 90' lang='lat' dir='ltr'><strong>de</strong></span> <span class='ocrx_word' id='word_1_830' title='bbox 3301 4882 3392 4937; x_wconf 93' lang='lat' dir='ltr'><strong>illo</strong></span> <span class='ocrx_word' id='word_1_831' title='bbox 3416 4883 3655 4953; x_wconf 78' lang='lat' dir='ltr'><strong>glorioso</strong></span> <span class='ocrx_word' id='word_1_832' title='bbox 3686 4899 3811 4941; x_wconf 83' lang='lat' dir='ltr'><strong>esse</strong></span> 
     </span>
    </p>
   </div>
   <div class='ocr_carea' id='block_1_102' title="bbox 2230 4966 3807 5044">
    <p class='ocr_par' dir='ltr' id='par_1_102' title="bbox 2230 4966 3807 5044">
     <span class='ocr_line' id='line_1_102' title="bbox 2230 4966 3807 5044; baseline 0.006 -23"><span class='ocrx_word' id='word_1_833' title='bbox 2230 4966 2334 5021; x_wconf 89' lang='lat' dir='ltr'><strong>hoc</strong></span> <span class='ocrx_word' id='word_1_834' title='bbox 2376 4968 2791 5038; x_wconf 81' lang='lat' dir='ltr'><strong>prophetatum,</strong></span> <span class='ocrx_word' id='word_1_835' title='bbox 2848 4979 2907 5024; x_wconf 92' lang='lat' dir='ltr'><strong>ut</strong></span> <span class='ocrx_word' id='word_1_836' title='bbox 2950 4981 3251 5042; x_wconf 88' lang='lat' dir='ltr'><strong>exspuatur</strong></span> <span class='ocrx_word' id='word_1_837' title='bbox 3304 4984 3359 5028; x_wconf 82' lang='lat' dir='ltr'><strong>et</strong></span> <span class='ocrx_word' id='word_1_838' title='bbox 3408 4973 3807 5044; x_wconf 82' lang='lat' dir='ltr'><strong>colaphizetur.</strong></span> 
     </span>
    </p>
   </div>
   <div class='ocr_carea' id='block_1_103' title="bbox 2228 5058 3811 5132">
    <p class='ocr_par' dir='ltr' id='par_1_103' title="bbox 2228 5058 3811 5132">
     <span class='ocr_line' id='line_1_103' title="bbox 2228 5058 3811 5132; baseline 0.006 -19"><span class='ocrx_word' id='word_1_839' title='bbox 2228 5058 2329 5113; x_wconf 90' lang='lat' dir='ltr'><strong>Cui</strong></span> <span class='ocrx_word' id='word_1_840' title='bbox 2358 5069 2541 5115; x_wconf 89' lang='lat' dir='ltr'><strong>autem</strong></span> <span class='ocrx_word' id='word_1_841' title='bbox 2574 5060 2667 5116; x_wconf 89' lang='lat' dir='ltr'><strong>alii</strong></span> <span class='ocrx_word' id='word_1_842' title='bbox 2695 5063 2949 5119; x_wconf 85' lang='lat' dir='ltr'><strong>convenit</strong></span> <span class='ocrx_word' id='word_1_843' title='bbox 2978 5064 3160 5120; x_wconf 90' lang='lat' dir='ltr'><strong>dicere</strong></span> <span class='ocrx_word' id='word_1_844' title='bbox 3200 5082 3215 5119; x_wconf 92' lang='lat'><strong>:</strong></span> <span class='ocrx_word' id='word_1_845' title='bbox 3255 5064 3399 5132; x_wconf 77' lang='lat' dir='ltr'><strong>Veni,</strong></span> <span class='ocrx_word' id='word_1_846' title='bbox 3453 5067 3560 5123; x_wconf 87' lang='lat' dir='ltr'><strong>nisi</strong></span> <span class='ocrx_word' id='word_1_847' title='bbox 3585 5067 3811 5122; x_wconf 84' lang='lat' dir='ltr'><strong>Christo</strong></span> 
     </span>
    </p>
   </div>
   <div class='ocr_carea' id='block_1_104' title="bbox 2226 5151 3806 5227">
    <p class='ocr_par' dir='ltr' id='par_1_104' title="bbox 2226 5151 3806 5227">
     <span class='ocr_line' id='line_1_104' title="bbox 2226 5151 3806 5227; baseline 0.006 -23"><span class='ocrx_word' id='word_1_848' title='bbox 2226 5151 2320 5222; x_wconf 91' lang='lat' dir='ltr'><strong>qui</strong></span> <span class='ocrx_word' id='word_1_849' title='bbox 2353 5152 2501 5206; x_wconf 88' lang='lat' dir='ltr'><strong>venit</strong></span> <span class='ocrx_word' id='word_1_850' title='bbox 2537 5152 2592 5207; x_wconf 92' lang='lat' dir='ltr'><strong>in</strong></span> <span class='ocrx_word' id='word_1_851' title='bbox 2624 5154 2938 5209; x_wconf 78' lang='lat' dir='ltr'><strong>mundum?</strong></span> <span class='ocrx_word' id='word_1_852' title='bbox 2983 5165 3078 5211; x_wconf 90' lang='lat' dir='ltr'><strong>aut</strong></span> <span class='ocrx_word' id='word_1_853' title='bbox 3127 5172 3290 5227; x_wconf 86' lang='lat' dir='ltr'><strong>quem</strong></span> <span class='ocrx_word' id='word_1_854' title='bbox 3324 5157 3547 5213; x_wconf 90' lang='lat' dir='ltr'><strong>decebat</strong></span> <span class='ocrx_word' id='word_1_855' title='bbox 3590 5160 3806 5217; x_wconf 87' lang='lat' dir='ltr'><strong>dicere:</strong></span> 
     </span>
    </p>
   </div>
   <div class='ocr_carea' id='block_1_105' title="bbox 2237 5241 3811 5320">
    <p class='ocr_par' dir='ltr' id='par_1_105' title="bbox 2237 5241 3811 5320">
     <span class='ocr_line' id='line_1_105' title="bbox 2237 5241 3811 5320; baseline 0.008 -24"><span class='ocrx_word' id='word_1_856' title='bbox 2237 5241 2449 5311; x_wconf 78' lang='lat' dir='ltr'><strong>Vocavi,</strong></span> <span class='ocrx_word' id='word_1_857' title='bbox 2475 5253 2523 5298; x_wconf 89' lang='lat' dir='ltr'><strong>et</strong></span> <span class='ocrx_word' id='word_1_858' title='bbox 2553 5260 2655 5299; x_wconf 89' lang='lat' dir='ltr'><strong>non</strong></span> <span class='ocrx_word' id='word_1_859' title='bbox 2686 5254 2800 5299; x_wconf 87' lang='lat' dir='ltr'><strong>erat</strong></span> <span class='ocrx_word' id='word_1_860' title='bbox 2826 5246 2916 5316; x_wconf 87' lang='lat' dir='ltr'><strong>qui</strong></span> <span class='ocrx_word' id='word_1_861' title='bbox 2946 5247 3201 5313; x_wconf 88' lang='lat' dir='ltr'><strong>obediret,</strong></span> <span class='ocrx_word' id='word_1_862' title='bbox 3235 5248 3338 5303; x_wconf 91' lang='lat' dir='ltr'><strong>nisi</strong></span> <span class='ocrx_word' id='word_1_863' title='bbox 3371 5263 3495 5304; x_wconf 89' lang='lat' dir='ltr'><strong>eum</strong></span> <span class='ocrx_word' id='word_1_864' title='bbox 3530 5251 3626 5320; x_wconf 92' lang='lat' dir='ltr'><strong>qui</strong></span> <span class='ocrx_word' id='word_1_865' title='bbox 3655 5253 3811 5308; x_wconf 86' lang='lat' dir='ltr'><strong>venit</strong></span> 
     </span>
    </p>
   </div>
   <div class='ocr_carea' id='block_1_106' title="bbox 2227 5334 3809 5408">
    <p class='ocr_par' dir='ltr' id='par_1_106' title="bbox 2227 5334 3809 5408">
     <span class='ocr_line' id='line_1_106' title="bbox 2227 5334 3809 5408; baseline 0.006 -21"><span class='ocrx_word' id='word_1_866' title='bbox 2227 5334 2294 5388; x_wconf 90' lang='lat' dir='ltr'><strong>ad</strong></span> <span class='ocrx_word' id='word_1_867' title='bbox 2326 5334 2629 5391; x_wconf 90' lang='lat' dir='ltr'><strong>vocandum</strong></span> <span class='ocrx_word' id='word_1_868' title='bbox 2676 5338 2934 5408; x_wconf 90' lang='lat' dir='ltr'><strong>populum</strong></span> <span class='ocrx_word' id='word_1_869' title='bbox 2962 5337 3295 5407; x_wconf 60' lang='lat' dir='ltr'><strong>Iudaeorum,</strong></span> <span class='ocrx_word' id='word_1_870' title='bbox 3338 5350 3392 5394; x_wconf 92' lang='lat' dir='ltr'><strong>et</strong></span> <span class='ocrx_word' id='word_1_871' title='bbox 3432 5354 3544 5394; x_wconf 92' lang='lat' dir='ltr'><strong>non</strong></span> <span class='ocrx_word' id='word_1_872' title='bbox 3575 5349 3660 5397; x_wconf 89' lang='lat' dir='ltr'><strong>est</strong></span> <span class='ocrx_word' id='word_1_873' title='bbox 3705 5358 3809 5397; x_wconf 88' lang='lat' dir='ltr'><strong>au-</strong></span> 
     </span>
    </p>
   </div>
   <div class='ocr_carea' id='block_1_107' title="bbox 2223 5423 3806 5502">
    <p class='ocr_par' dir='ltr' id='par_1_107' title="bbox 2223 5423 3806 5502">
     <span class='ocr_line' id='line_1_107' title="bbox 2223 5423 3806 5502; baseline 0.006 -25"><span class='ocrx_word' id='word_1_874' title='bbox 2223 5423 2392 5489; x_wconf 89' lang='lat' dir='ltr'><strong>ditus,</strong></span> <span class='ocrx_word' id='word_1_875' title='bbox 2436 5435 2491 5480; x_wconf 90' lang='lat' dir='ltr'><strong>et</strong></span> <span class='ocrx_word' id='word_1_876' title='bbox 2534 5425 2655 5481; x_wconf 91' lang='lat' dir='ltr'><strong>ideo</strong></span> <span class='ocrx_word' id='word_1_877' title='bbox 2698 5443 2803 5481; x_wconf 92' lang='lat' dir='ltr'><strong>non</strong></span> <span class='ocrx_word' id='word_1_878' title='bbox 2848 5430 2992 5485; x_wconf 87' lang='lat' dir='ltr'><strong>eruit</strong></span> <span class='ocrx_word' id='word_1_879' title='bbox 3039 5435 3319 5501; x_wconf 85' lang='lat' dir='ltr'><strong>populum,</strong></span> <span class='ocrx_word' id='word_1_880' title='bbox 3371 5445 3550 5502; x_wconf 88' lang='lat' dir='ltr'><strong>neque</strong></span> <span class='ocrx_word' id='word_1_881' title='bbox 3598 5430 3806 5500; x_wconf 89' lang='lat' dir='ltr'><strong>eripuit</strong></span> 
     </span>
    </p>
   </div>
   <div class='ocr_carea' id='block_1_108' title="bbox 2222 5512 3798 5591">
    <p class='ocr_par' dir='ltr' id='par_1_108' title="bbox 2222 5512 3798 5591">
     <span class='ocr_line' id='line_1_108' title="bbox 2222 5512 3798 5591; baseline 0.004 -20"><span class='ocrx_word' id='word_1_882' title='bbox 2222 5530 2371 5580; x_wconf 89' lang='lat' dir='ltr'><strong>eum,</strong></span> <span class='ocrx_word' id='word_1_883' title='bbox 2402 5517 2495 5572; x_wconf 90' lang='lat' dir='ltr'><strong>sed</strong></span> <span class='ocrx_word' id='word_1_884' title='bbox 2528 5512 2853 5589; x_wconf 87' lang='lat' dir='ltr'><strong>dereliquit?</strong></span> <span class='ocrx_word' id='word_1_885' title='bbox 2884 5520 3136 5577; x_wconf 89' lang='lat' dir='ltr'><strong>Christus</strong></span> <span class='ocrx_word' id='word_1_886' title='bbox 3160 5530 3245 5576; x_wconf 89' lang='lat' dir='ltr'><strong>est</strong></span> <span class='ocrx_word' id='word_1_887' title='bbox 3286 5528 3465 5575; x_wconf 87' lang='lat' dir='ltr'><strong>autem</strong></span> <span class='ocrx_word' id='word_1_888' title='bbox 3498 5524 3591 5591; x_wconf 89' lang='lat' dir='ltr'><strong>qui</strong></span> <span class='ocrx_word' id='word_1_889' title='bbox 3623 5519 3798 5578; x_wconf 85' lang='lat' dir='ltr'><strong>dicit:</strong></span> 
     </span>
    </p>
   </div>
   <div class='ocr_carea' id='block_1_109' title="bbox 2486 5720 3797 5790">
    <p class='ocr_par' dir='ltr' id='par_1_109' title="bbox 2486 5720 3797 5790">
     <span class='ocr_line' id='line_1_109' title="bbox 2486 5720 3797 5790; baseline 0.001 -13"><span class='ocrx_word' id='word_1_890' title='bbox 2486 5720 2531 5754; x_wconf 89' lang='lat'><strong><em>&quot;</em></strong></span> <span class='ocrx_word' id='word_1_891' title='bbox 2570 5721 2702 5778; x_wconf 88' lang='lat' dir='ltr'><strong>ibid.</strong></span> <span class='ocrx_word' id='word_1_892' title='bbox 2749 5720 2836 5778; x_wconf 82' lang='lat'><strong>66.</strong></span> <span class='ocrx_word' id='word_1_893' title='bbox 2938 5722 2985 5756; x_wconf 86' lang='grc'><strong>⁸⁸</strong></span> <span class='ocrx_word' id='word_1_894' title='bbox 3036 5723 3168 5780; x_wconf 88' lang='lat' dir='ltr'><strong>ibid.</strong></span> <span class='ocrx_word' id='word_1_895' title='bbox 3278 5725 3324 5757; x_wconf 84' lang='grc'><strong>⁸³</strong></span> <span class='ocrx_word' id='word_1_896' title='bbox 3372 5722 3530 5779; x_wconf 80' lang='lat' dir='ltr'><strong>Joan.</strong></span> <span class='ocrx_word' id='word_1_897' title='bbox 3586 5739 3655 5790; x_wconf 89' lang='lat' dir='ltr'><strong>v,</strong></span> <span class='ocrx_word' id='word_1_898' title='bbox 3702 5721 3797 5780; x_wconf 74' lang='lat'><strong>26.</strong></span> 
     </span>
    </p>
   </div>
  </div>
