4052 6304
244 292 417 350 1761

1476 293 2139 356 COMMENTARIORUM
2192 296 2463 355 SERIES.

3460 316 3597 377 {762

252 412 423 468 Ecce
486 412 872 482 increpatione
927 428 1042 468 mea
1093 413 1357 469 desertum
1403 414 1605 484 faciam
1653 432 1822 483 mare,
1863 425 1915 473 et
1942 420 1992 481 Α
2022 416 2345 489 Prop/tetisa
2391 421 2538 478 nobis
2565 423 2684 495 quis
2715 433 2765 480 te
2799 429 3057 497 percussit
3085 430 3155 486 “.
3202 430 3429 506 Propter
3456 443 3601 509 quod

243 516 491 573 ponam
530 504 772 574 [Iuntina
794 506 1001 560 deserta
1019 522 1038 561 :
1064 507 1156 576 qui
1180 509 1711 564 consummationem
1736 508 1911 566 factu-

246 607 374 651 rus
421 602 529 650 est
580 595 797 650 mundi.
844 597 968 665 lpse
1003 606 1089 652 est
1137 596 1285 654 enim
1326 598 1424 670 qui
1468 599 1668 655 coelum
1718 599 1909 656 induet

246 686 599 752 salebras,
644 697 698 743 et
746 687 935 743 induet
963 688 1017 743 id
1060 689 1208 746 velut
1239 706 1485 757 saccum,
1535 701 1591 747 et
1630 693 1908 764 accipiens

247 791 287 829 ι
320 774 527 832 Patre
582 776 833 855 linguam
874 777 1141 836 doctrinae
1187 781 1399 837 sciebat
1429 783 1708 853 quomodo
1740 798 1907 854 opor-

249 880 387 925 teat
425 868 641 926 dicere
685 870 914 928 verbum
962 873 1110 944 quod
1158 874 1510 931 commiserat
1542 875 1592 930 ei
1627 876 1798 942 Deus;
1851 886 1906 932 et

249 962 570 1033 apposuit
608 962 660 1019 ei
702 978 916 1031 aurem,
961 971 1023 1018 ut
1064 965 1300 1034 amplius
1334 964 1524 1021 audiat
1555 966 1904 1023 audientibus

250 1053 548 1119 cunctis,
594 1063 651 1110 et
688 1054 937 1111 doctrina
966 1055 1146 1112 Patris
1179 1057 1395 1127 aperuit
1438 1056 1488 1112 ei
1527 1072 1740 1123 aurem,
1772 1059 1902 1130 quia

252 1161 386 1201 non
428 1145 558 1202 fuit
582 1147 897 1204 incredulus
929 1147 1079 1204 Patri
1112 1150 1373 1217 mittenti,
1405 1150 1497 1205 sed
1540 1166 1719 1219 neque
1769 1167 1897 1207 con-

251 1238 617 1305 tradicens,
664 1250 720 1296 et
762 1256 928 1311 opere
975 1256 1077 1297 suo
1127 1240 1315 1298 docuit
1356 1242 1569 1299 discere
1618 1247 1902 1315 cupientes

251 1333 789 1390 mansuetudinem
835 1334 1278 1405 laudabilemque
1319 1334 1707 1391 humilitatem.
1748 1336 1900 1406 Opus

256 1436 481 1482 autem
516 1436 640 1482 erat
671 1429 725 1483 in
764 1443 833 1483 eo
858 1429 1008 1495 quod
1048 1426 1209 1484 factis
1254 1428 1357 1482 ista
1392 1428 1642 1496 docebat,
1673 1429 1897 1485 dorsum

258 1531 460 1572 suum
491 1518 768 1575 exhihens
815 1519 884 1575 ad
916 1518 1150 1591 flagella,
1189 1526 1243 1574 et
1278 1519 1531 1575 maxillas
1560 1519 1630 1575 ad
1663 1521 1896 1591 palmas,

256 1617 325 1663 et
380 1608 599 1666 faciem
637 1626 746 1667 non
792 1621 1045 1668 avertens
1083 1629 1114 1667 a
1154 1611 1477 1669 confusione
1521 1621 1899 1684 sputamento-

258 1717 435 1770 rum,
479 1712 551 1760 ut
597 1719 719 1771 nos,
767 1706 911 1761 sicut
952 1706 1209 1770 arbitror,
1258 1705 1352 1775 qui
1407 1707 1557 1777 digiti
1612 1705 1895 1763 fueramus

2011 520 2336 598 receperunt
2364 513 2576 584 alapam
2610 523 2897 583 aeternam,
2932 528 2986 574 et
3019 520 3088 574 ab
3131 523 3283 578 omni
3315 528 3598 598 pr0phetia

2009 596 2206 667 privati
2242 608 2394 666 sunt,
2425 604 2671 671 percussi
2701 613 2756 660 et
2782 608 3058 680 castigati,
3093 620 3148 665 et
3176 628 3276 669 nec
3304 616 3387 671 sic
3416 596 3600 675 volen-

2008 697 2090 744 tes
2120 690 2362 761 recipere
2391 692 2760 765 disciplinam,
2787 700 3089 759 secundum
3124 705 3272 774 quod
3302 710 3599 780 propheta-

2005 790 2162 837 verat
2194 782 2299 838 hoc
2328 782 2508 853 ipsum
2535 786 2603 842 de
2627 788 2707 845 eis
2734 787 3003 848 Ieremias
3023 793 3070 826 “
3095 816 3110 850 :
3137 794 3461 870 Flagellasti
3486 822 3595 871 eos,

2004 881 2055 927 et
2089 889 2193 927 non
2216 873 2522 944 doluerunt,
2548 886 2598 932 et
2624 879 2906 937 noluerunt
2934 886 3200 958 suscipere
3230 889 3593 962 disciplinam.

2004 965 2071 1019 Et
2102 981 2249 1020 nunc
2294 968 2388 1037 qui
2431 968 2697 1039 injuriant
2733 990 2902 1029 unttm
2944 977 3181 1048 aliquem
3231 982 3300 1038 de
3324 983 3593 1055 Ecclesia,

2003 1065 2059 1112 et
2094 1055 2302 1115 faciunt
2343 1061 2391 1115 ei
2434 1062 2570 1131 hmo,
2613 1064 2666 1119 in
2714 1065 2907 1123 faciem
2973 1083 3248 1142 exspuunt
3287 1076 3512 1143 Christi,
3543 1092 3597 1137 et

2002 1148 2283 1206 Christum
2314 1153 2564 1223 colaphis
2600 1157 2870 1215 caedentes
2908 1163 3182 1235 castigant
3215 1175 3270 1221 et
3301 1168 3518 1236 palmis.

2079 1240 2199 1295 114.
2248 1240 2438 1297 Petrus
2463 1260 2582 1299 vero
2606 1246 2818 1302 sedebat
2841 1250 2975 1319 [oris
3002 1252 3058 1305 in
3081 1258 3241 1311 atrio.
3276 1255 3346 1311 Et
3369 1262 3592 1317 accessit

2002 1334 2073 1387 ad
2100 1350 2223 1387 eum
2248 1351 2355 1389 una
2393 1353 2458 1391 ea:
2483 1339 2695 1393 ancillis
2732 1343 2910 1398 dicens
2935 1361 2953 1399 :
2979 1344 3048 1398 Et
3083 1357 3139 1400 tu
3173 1365 3292 1402 eras
3321 1367 3439 1404 cum
3462 1352 3592 1408 Iesu

2002 1422 2278 1481 Galilteo?
2330 1427 2395 1482 At
2449 1429 2540 1484 ille
2590 1434 2793 1502 negavit
2855 1451 3034 1489 coram
3091 1439 3335 1495 omnibus
3376 1444 3593 1500 dicens:

2003 1515 2199 1572 Nescio
2229 1519 2358 1590 quid
2386 1523 2544 1578 dicis.
2578 1522 2822 1580 Exeunte
2856 1539 3033 1600 autem
3061 1531 3155 1584 illo
3175 1535 3428 1602 januam,
3460 1540 3590 1595 vidit

2000 1609 2154 1663 illum
2195 1612 2306 1664 alia
2350 1613 2571 1677 ancilla,
2630 1625 2681 1669 et
2721 1618 2796 1670 ait
2829 1620 2878 1672 ei
2922 1621 2995 1673 ibi
3034 1637 3052 1674 :
3090 1621 3160 1675 Et
3188 1626 3278 1677 Itic
3312 1638 3424 1682 erat
3468 1645 3591 1684 cum

1999 1699 2130 1754 Iesu
2160 1700 2464 1759 Nazareno.
2512 1704 2583 1758 Et
2626 1708 2817 1761 iterum
2850 1713 3058 1781 negavit
3103 1730 3223 1767 cum
3255 1716 3586 1786 juramento,

260 1807 492 1854 omnes
537 1796 637 1852 has
681 1795 937 1852 infamias
981 1798 1111 1867 pati,
1158 1807 1377 1854 emeret,
1423 1800 1538 1868 ipse
1582 1814 1683 1869 pro
1725 1800 1884 1853 nobis
1927 1775 1968 1833 Β
1997 1794 2258 1862 quianon
2297 1797 2417 1850 novi
2442 1797 2726 1852 hominem.
2769 1800 2899 1855 Post
2929 1804 3187 1872 pusillum
3227 1817 3406 1862 autem
3439 1827 3586 1865 acce-

259 1886 512 1955 patiens
553 1903 668 1944 eas.
726 1887 846 1942 Non
888 1889 1033 1943 enim
1081 1898 1330 1944 mortuus
1378 1898 1461 1944 est
1506 1905 1605 1959 pro
1635 1882 1795 1944 nobis
1832 1899 1891 1945 ut

262 1995 393 2034 non
451 1981 788 2048 moriamur,
830 1981 922 2036 sed
967 1990 1028 2035 ut
1061 1997 1158 2052 pro
1193 1982 1350 2038 nobis
1393 1998 1501 2037 non
1552 1982 1888 2049 moriamur;

258 2079 324 2125 et
352 2072 551 2143 alapis
594 2088 771 2130 caesus
805 2082 888 2129 est
927 2089 1026 2143 pro
1062 2074 1242 2139 nobis,
1279 2084 1334 2130 et
1374 2084 1639 2146 exsputus
1671 2084 1773 2143 est,
1833 2084 1893 2129 ut

264 2163 345 2219 he
388 2179 507 2222 nos
549 2165 643 2236 qui
676 2165 825 2237 digni
871 2164 1153 2221 fueramus
1201 2167 1460 2223 omnibus
1503 2167 1619 2232 his,
1666 2179 1892 2237 propter

262 2266 484 2314 nostra
542 2271 766 2329 peccata
812 2259 1087 2329 patiamur
1137 2273 1225 2323 ea,
1272 2260 1366 2315 sed
1421 2270 1482 2315 ut
1527 2276 1628 2330 pro
1674 2261 1885 2331 justitia

265 2348 564 2417 patientes
595 2364 656 2404 ea
686 2358 968 2421 gratanter
1006 2348 1367 2418 excipiamus.
1413 2349 1481 2405 Et
1516 2348 1722 2406 Paulus
1763 2351 1889 2422 qui-

264 2440 411 2494 dem
457 2441 596 2497 dicit
641 2441 709 2495 de
752 2438 1131 2507 Salvatore“,
1174 2441 1434 2510 quoniam
1481 2441 1786 2495 humiliavit
1831 2459 1887 2497 se

274 2531 473 2600 [actus
520 2532 766 2588 obediens
811 2550 973 2603 usque
1014 2533 1084 2586 ad
1135 2543 1378 2599 ntortent,
1429 2544 1651 2588 mortem
1704 2544 1880 2590 autent

266 2625 488 2680 crucis.
537 2622 655 2679 Non
691 2625 839 2680 enim
870 2635 954 2680 est
994 2624 1311 2680 indecorum
1342 2624 1391 2679 ei
1418 2624 1511 2695 qui
1540 2626 1656 2680 vult
1684 2642 1881 2684 nume~

272 2730 409 2772 rare
451 2718 508 2775 in
539 2718 761 2789 quantis
791 2733 850 2775 se
873 2718 1127 2773 Christus
1162 2717 1492 2785 humiliavit,
1527 2727 1588 2773 ut
1621 2719 1877 2776 dinume-

272 2813 365 2859 ret
395 2816 561 2862 extra
594 2822 657 2862 ea
683 2823 804 2878 quae
830 2806 1033 2863 Paulus
1061 2807 1316 2878 exposuit
1351 2809 1539 2864 dicens
1568 2826 1581 2863 :
1611 2807 1881 2865 Humilia-

272 2893 359 2948 νὶι
387 2896 665 2955 se‘factus
704 2898 968 2955 obediens
1015 2913 1191 2968 usque
1224 2899 1291 2953 ad
1328 2898 1565 2970 palmas,
1603 2915 1780 2972 usque
1809 2901 1878 2956 ad

271 2986 666 3045 (eortfusionem
727 2997 1234 3060 sputamentorum,
1290 3002 1346 3046 et
1394 2990 1767 3061 ﬂagellorum,
1825 3003 1880 3048 et

276 3082 515 3147 mortis;
568 3090 788 3152 propter
834 3096 957 3152 quae
1005 3083 1189 3138 omnia
1233 3083 1497 3138 exaltavit
1546 3098 1674 3139 eum
1706 3082 1871 3139 Deus.

275 3168 395 3228 Nec
448 3172 595 3228 enim
648 3181 873 3243 propter
927 3181 1158 3228 mortem
1217 3174 1391 3229 solam
1440 3189 1608 3243 quam
1650 3173 1874 3244 pertulit

279 3269 514 3332 propter
567 3275 703 3329 nos,
758 3262 1018 3317 exultavit
1067 3277 1233 3327 eum,
1287 3261 1381 3318 sed
1432 3264 1598 3317 etiam
1650 3273 1878 3334 propter

276 3352 516 3421 palmas,
547 3363 602 3410 et
632 3363 1001 3426 sputamenta,
1030 3363 1086 3410 et
1113 3362 1327 3409 caetera.
1370 3353 1647 3421 Quoniam
1690 3365 1873 3412 autem

275 3446 349 3500 ad
393 3457 698 3503 extremam
754 3447 1012 3516 injuriam
1068 3447 1334 3516 accipitur
1393 3456 1872 3516 sputamentorum

277 3538 508 3611 injuria,
541 3539 896 3596 manifestum
927 3549 1010 3595 est
1041 3540 1204 3594 etiam
1243 3541 1296 3593 in
1333 3540 1451 3611 lege
1495 3540 1549 3594 in
1582 3555 1690 3608 qua
1729 3541 1872 3595 scri-

278 3640 435 3703 ptum
484 3641 569 3689 est
617 3639 677 3687 ut
723 3632 921 3687 mulier
969 3630 1246 3697 defuncti,
1300 3630 1346 3685 si
1401 3631 1642 3685 noluerit
1696 3629 1873 3687 frater

277 3725 387 3781 viri
425 3726 545 3798 ejus
595 3725 843 3796 accipere
887 3740 1032 3791 eam,
1066 3723 1334 3780 accedens
1377 3724 1443 3779 ad
1475 3739 1602 3778 eum
1637 3725 1730 3794 qui
1772 3738 1872 3779 no-

262 3813 385 3875 luit
416 3835 537 3874 eam
569 3818 817 3890 accipere
859 3819 965 3875 sibi
1016 3833 1268 3883 uxorem,
1315 3831 1504 3874 coram
1557 3816 1871 3871 senioribus

281 3909 618 3964 excalceabit
674 3908 1104 3964 calceamentum
1154 3922 1324 3963 unum
1368 3922 1434 3962 ex
1488 3905 1757 3976 pedibus,
1815 3915 1870 3961 et

279 4009 509 4071 cxspuet
541 4001 596 4056 in
627 3999 818 4056 faciem
853 4001 993 4070 ejus,
1029 4009 1082 4055 et
1112 3998 1255 4055 dicet
1281 4016 1293 4052 :
1319 3996 1411 4054 Sic
1442 3996 1643 4068 facient
1665 3998 1867 4053 homini

278 4094 371 4162 qui
400 4110 501 4148 non
533 4092 873 4164 aediﬁcaverit
899 4093 1113 4147 domum
1149 4092 1338 4163 fratris
1367 4091 1451 4146 sui
1480 4091 1545 4144 “.
1581 4089 1701 4146 Non
1736 4107 1867 4162 ergo

280 4185 476 4241 avertit
515 4185 709 4241 faciem
754 4201 910 4242 suam
942 4184 1197 4240 Christus
1235 4199 1265 4239 a
1298 4182 1624 4239 confusione
1676 4191 1867 4253 sputa-

282 4288 610 4343 mentorum,
644 4284 703 4331 ut
734 4277 909 4347 magis
937 4276 1270 4347 glorillcetur
1302 4275 1487 4330 vultus
1524 4273 1668 4344 ejus,
1697 4289 1865 4345 quam

280 4364 384 4423 fuit
411 4370 594 4425 vultus
621 4368 795 4442 Moysi
830 4369 1189 4441 glorificatus,
1217 4376 1367 4423 tanta
1389 4379 1443 4424 et
1464 4368 1557 4424 tali
1583 4367 1779 4438 gloria,
1805 4374 1865 4424 ut

1997 1886 2174 1939 dentes
2217 1888 2308 1957 qui
2350 1887 2591 1954 stabant,
2624 1890 2873 1945 dixerunt
2912 1893 3067 1949 Petro
3092 1913 3110 1950 :
3149 1896 3274 1953 Vere
3294 1916 3360 1953 ea:
3387 1900 3497 1957 illis
3529 1920 3585 1958 es

1997 1986 2076 2038 tu,
2112 1976 2304 2030 etenim
2350 1977 2561 2046 loquela
2607 1989 2700 2032 tua
2746 1983 3086 2053 manifestum
3135 1995 3184 2041 te
3229 1988 3386 2052 facit.
3439 1990 3584 2047 Tunc

1994 2068 2145 2135 coepit
2185 2066 2433 2120 devo'tnre
2469 2076 2518 2121 et
2552 2067 2764 2138 jurare,
2803 2072 2930 2139 quin
2978 2075 3154 2127 nescio
3193 2074 3476 2132 hominem.
3511 2079 3582 2133 Et

1993 2161 2241 2214 continuo
2272 2159 2448 2232 gallus
2481 2163 2735 2216 cantavit.
2778 2161 2846 2216 Et
2885 2177 3265 2223 rememoratus
3290 2180 3367 2225 est
3389 2170 3579 2227 Petrus

1990 2252 2130 2307 verbi
2154 2251 2283 2306 Iesu
2309 2252 2533 2307 dicentis
2563 2255 2611 2307 ei
2636 2271 2654 2308 :
2680 2254 2818 2320 Quia
2839 2257 3150 2326 priusquant
3174 2259 3351 2328 gallus
3376 2272 3576 2329 cantet,

1990 2354 2069 2399 ter
2105 2361 2184 2399 me
2219 2345 2455 2416 negabis.
2509 2345 2575 2400 Et
2631 2363 2870 2416 egressus
2915 2348 3062 2418 foras
3105 2353 3440 2407 amarissime
3477 2355 3578 2423 ﬂe"

1987 2436 2061 2492 rit
2093 2437 2157 2491 ⁸⁷.
2215 2437 2600 2494 Abundantius
2653 2440 3066 2495 considerantes
3116 2440 3265 2497 Petri
3326 2447 3578 2516 negatio-

1987 2540 2135 2593 nem,
2161 2527 2397 2583 dicimus
2421 2528 2681 2597 quoniam
2712 2545 2861 2583 nemo
2890 2540 3057 2600 potest
3087 2532 3259 2589 dicere
3293 2533 3574 2591 Dominum

1983 2614 2210 2681 Iesum,
2249 2618 2354 2672 nisi
2400 2619 2455 2671 iu
2484 2617 2693 2689 Spiritu
2730 2630 2916 2674 sancto
2941 2620 3007 2687 “,
3049 2622 3191 2678 sicut
3218 2622 3424 2683 Paulus
3473 2643 3574 2684 nos

1983 2708 2162 2763 docet.
2200 2707 2267 2762 Et
2300 2710 2533 2763 nondum
2565 2721 2680 2765 erat
2715 2722 2845 2767 tunc
2895 2712 2947 2767 in
2981 2713 3303 2772 hominibus
3333 2716 3573 2789 Spiritu

1982 2810 2229 2865 sanctus,
2261 2804 2515 2872 quoniam
2544 2804 2705 2858 Iesus
2753 2807 2986 2860 nondum
3029 2808 3206 2877 fuerat
3247 2810 3571 2884 honoriﬁca-

1981 2904 2088 2960 tus,
2123 2894 2267 2949 sicut
2293 2894 2424 2951 dicit
2449 2895 2688 2953 Joannes
2710 2897 2777 2951 ".
2814 2897 3106 2970 Propterea
3152 2918 3262 2957 non
3296 2913 3417 2959 erat
3439 2920 3569 2977 pos-

1980 2987 2159 3055 sibile,
2191 3004 2368 3059 neque
2408 2989 2558 3043 illum
2595 2990 2756 3045 talem
2788 2989 3009 3047 Petrum
3050 3003 3181 3050 tunc
3208 2993 3395 3051 Iesum
3431 3013 3563 3053 con-

1984 3080 2121 3133 fiteri
2154 3099 2165 3134 :
2198 3096 2299 3134 nec
2344 3088 2529 3136 tamen
2572 3091 2691 3136 erat
2734 3085 3212 3152 reprehendendus
3253 3103 3361 3141 non
3395 3089 3568 3143 conli-

1982 3180 2102 3227 tens
2143 3171 2354 3228 Iesum.
2432 3172 2703 3240 Quoniam
2760 3177 2827 3231 ad
2880 3177 3202 3234 conﬁtentes
3248 3179 3451 3236 dicitur
3478 3183 3562 3239 ":

1979 3262 2108 3320 Non
2132 3266 2260 3320 estis
2288 3282 2376 3321 vos
2401 3269 2492 3338 qui
2523 3268 2824 3339 loquimini,
2856 3270 2948 3324 sed
2982 3268 3219 3340 Spiritus
3254 3273 3437 3330 Patris
3478 3292 3566 3331 oe-

1975 3359 2079 3413 stri
2120 3359 2211 3429 qui
2252 3359 2487 3429 loquitur
2520 3360 2574 3413 in
2620 3360 2786 3416 vobis.
2840 3359 2956 3417 Non
2991 3372 3172 3418 autem
3209 3379 3334 3418 cum
3367 3365 3435 3421 sit
3468 3382 3564 3436 po-

1976 3457 2099 3503 lens
2141 3448 2376 3518 Spiritus
2425 3449 2516 3503 ille
2546 3449 2726 3507 Patris
2779 3452 2955 3507 nostri
3009 3453 3160 3522 loqui
3216 3455 3268 3508 in
3302 3456 3479 3521 nobis,
3509 3466 3561 3512 et

1974 3554 2099 3594 cum
2140 3540 2193 3593 in
2238 3550 2428 3593 nostra
2471 3540 2544 3594 sit
2573 3550 2842 3609 potestate
2892 3544 3073 3598 locum
3119 3545 3252 3600 dare
3299 3547 3353 3601 in
3401 3549 3563 3603 nobis

1975 3629 2199 3700 Spiritui
2248 3640 2478 3695 sancto,
2539 3641 2594 3685 ct
2653 3647 2763 3686 non
2858 3633 3120 3702 diabolo,
3169 3636 3213 3690 si
3263 3637 3564 3708 denegave-

1973 3723 2190 3791 rimus,
2246 3724 2656 3779 excusationem
2724 3724 2890 3778 ullam
2955 3725 3243 3782 habemus.
3308 3728 3558 3786 Forsitan

1971 3823 2155 3869 autem
2203 3822 2259 3871 et
2308 3814 2623 3884 quicunque
2668 3826 2754 3870 est
2819 3815 2875 3869 in
2926 3817 3067 3871 atrio
3118 3818 3341 3889 Caiphae
3399 3821 3556 3889 prin-

1970 3903 2109 3974 cipis
2150 3906 2521 3970 saccrdotum,
2576 3920 2685 3960 non
2738 3914 2916 3977 potest
2966 3906 3213 3963 conﬁteri
3262 3905 3555 3967 Dominu'm

1967 3994 2177 4064 Iesum,
2240 3997 2344 4053 nisi
2414 3996 2578 4053 fuerit
2643 4011 3042 4068 egressus.ex
3071 4000 3212 4054 atrio
3283 4000 3427 4071 ejus,
3502 4014 3556 4057 et

1966 4088 2130 4160 913
2156 4088 2288 4143 foris
2320 4087 2485 4144 luerit
2519 4088 2697 4144 factus
2726 4089 2796 4143 ab
2825 4089 2975 4143 omni
3001 4090 3251 4147 doctrina
3275 4094 3554 4150 contraria

1965 4179 2116 4237 Iesu.
2177 4180 2311 4236 Nam
2346 4182 2439 4251 qui
2469 4182 2578 4237 illic
2611 4191 2759 4246 sunt,
2811 4179 3070 4238 Iudaicas
3105 4184 3330 4239 tradunt
3378 4186 3552 4241 tradi-

1965 4273 2164 4339 tiones,
2194 4282 2250 4328 et
2280 4287 2386 4328 non
2416 4273 2719 4329 secundum
2767 4273 3082 4329 voluntates
3118 4271 3550 4344 Scripturarum,

1965 4365 2062 4422 sed
2119 4365 2420 4421 secundum
2495 4366 2753 4421 mandata
2817 4365 3101 4421 hominum
3152 4375 3206 4423 ct
3248 4368 3548 4426 doctrinas.

279 4460 690 4530 comparatione
737 4460 1152 4531 glorilicationis
1221 4460 1421 4526 istius,
1471 4459 1656 4517 vultus
1712 4459 1861 4516 illius
1891 4457 2267 4546 DConsidera
2314 4459 2460 4513 enim
2505 4458 2769 4529 quoniam
2817 4457 3011 4514 Petrus
3065 4458 3199 4516 foris
3253 4462 3449 4517 sedens
3478 4463 3549 4517 ab

279 4552 598 4622 gloriﬁcatio
638 4553 979 4618 destruatur,
1005 4553 1149 4609 sicut
1181 4552 1236 4608 in
1268 4562 1562 4625 conspectu
1605 4552 1739 4609 solis
1772 4552 1859 4608 lu—

278 4663 399 4704 men
451 4649 689 4705 lueerna:
735 4649 1058 4717 destruitur,
1100 4659 1156 4705 et
1191 4647 1336 4706 sicut
1383 4647 1611 4705 scientia
1643 4662 1767 4718 qua:
1793 4661 1861 4703 ex

276 4748 431 4809 parte
469 4748 573 4807 est,
612 4739 920 4795 destruitur
960 4756 1089 4797 cum
1123 4740 1334 4797 venerit
1370 4739 1519 4811 quod
1554 4739 1859 4810 perfectum

275 4841 378 4890 est.
416 4832 523 4890 Sed
554 4844 610 4889 et
648 4832 893 4904 colaphis
939 4833 1259 4890 ceciderunt
1311 4842 1565 4889 sanetum
1602 4830 1860 4888 Ecclesiae

276 4934 457 4997 caput,
499 4934 721 4997 propter
751 4924 897 4997 quod
939 4926 1044 4998 ipsi
1086 4925 1504 4997 colaphizantur
1545 4940 1577 4980 a
1613 4923 1854 4980 Satana:

276 5029 379 5070 non
423 5024 483 5072 ut
522 5032 635 5072 non
682 5017 1047 5085 extollantur,
1097 5032 1274 5088 neque
1335 5025 1397 5072 ut
1435 5017 1610 5072 virtus
1664 5031 1855 5072 eorum

275 5108 604 5177 perficiatur,
642 5109 735 5165 sed
771 5117 833 5165 ut
869 5110 1057 5167 traditi
1107 5110 1330 5166 inimico
1373 5117 1427 5165 et
1453 5107 1678 5175 vindici,
1717 5106 1858 5163 rcci-

273 5197 421 5266 Piant
462 5202 609 5271 quod
661 5201 910 5258 fecerunt
957 5211 1266 5275 peccatum,
1310 5201 1717 5272 colaphizantes
1759 5197 1853 5255 Ie-

273 5304 413 5349 sum.
448 5291 515 5348 Ει
540 5309 648 5349 non
684 5294 927 5351 contenti
971 5293 1351 5350 tantummodo
1379 5307 1651 5363 exspuere
1680 5292 1736 5347 in
1767 5290 1844 5346 fa-

272 5380 407 5435 ciem
436 5384 557 5454 ejus
598 5396 653 5440 et
701 5386 946 5457 colaphis
996 5400 1122 5441 eum
1177 5385 1406 5451 credere,
1459 5383 1555 5439 sed
1590 5382 1770 5439 adhuc
1797 5390 1853 5437 et

273 5471 465 5539 palmis
524 5489 649 5531 eum
689 5477 1041 5546 ceciderunt,
1079 5486 1135 5534 et
1194 5476 1515 5533 deludentes
1555 5474 1846 5530 dixerunt:

336 5683 382 5755 ξ’
417 5681 616 5755 Philip.
673 5700 745 5751 II,
802 5689 855 5743 8.
953 5689 1000 5722 “
1052 5688 1209 5745 Deut.
1264 5703 1390 5754 xxv,
1447 5686 1533 5744 19.

266 5752 507 5823 ,"lCor.
543 5752 643 5827 xu,
672 5758 734 5813 5.·
808 5761 853 5794 θ’
874 5775 972 5828 vn,
1038 5761 1128 5816 59.
1205 5759 1252 5792 ⁷⁸
1286 5752 1477 5814 Matth.
1513 5774 1567 5827 x,
1597 5756 1685 5812 20.

1632 5685 1678 5718 “
1720 5684 1912 5743 Matth.

1963 4548 2095 4606 Iesu
2141 4558 2489 4622 segregatus,
2539 4560 2593 4606 et
2639 4551 2695 4605 in
2723 4550 2862 4606 atrio
2889 4550 3152 4622 principis
3190 4552 3544 4619 constitutus,

1962 4658 2148 4699 coram
2195 4643 2451 4699 omnibus
2494 4641 2682 4700 Iesum
2738 4643 3072 4739 denegav":
3107 4652 3163 4700 et
3201 4645 3397 4701 iterum
3429 4645 3547 4701 vice

1962 4737 2202 4796 secunda
2247 4735 2504 4792 similiter
2554 4751 2665 4791 non
2699 4744 2856 4791 extra
2886 4734 3114 4807 iamiam
3162 4737 3298 4793 foris
3343 4734 3541 4802 factus,

1962 4830 2058 4887 sed
2082 4831 2272 4886 volens
2300 4830 2470 4892 exire,
2513 4828 2754 4884 nondum
2782 4837 2965 4884 autem
2992 4844 3247 4897 egressus
3290 4828 3542 4899 januam,

1959 4921 2265 4993 denegavit.
2304 4919 2409 4976 Sed
2436 4929 2490 4976 et
2517 4921 2674 4976 tertia
2703 4920 2819 4977 vice
2842 4919 3062 4991 quando
3088 4921 3181 4991 qui
3216 4921 3433 4975 stabant
3456 4922 3542 4976 di-

1958 5018 2158 5070 Xerunt
2183 5033 2197 5070 :
2244 5013 2374 5069 Vere
2399 5029 2465 5069 ea:
2490 5013 2600 5067 illis
2630 5030 2705 5077 es,
2741 5021 2797 5068 et
2823 5014 3045 5084 quando
3076 5012 3240 5084 cmpit
3282 5029 3343 5071 se
3372 5013 3540 5068 devo-

1961 5114 2076 5161 tare
2123 5113 2178 5161 et
2213 5105 2401 5175 jurare
2451 5104 2582 5174 quia
2616 5104 2803 5157 nescio
2848 5103 3147 5170 hominem,
3195 5103 3376 5158 adhuc
3428 5116 3540 5157 non

1956 5207 2074 5254 erat
2105 5195 2259 5253 foris.
2321 5194 2385 5250 Et
2413 5210 2604 5250 omnes
2643 5194 3029 5266 denegationes
3065 5193 3220 5250 factae
3242 5203 3371 5250 sunt
3398 5194 3446 5247 ei
3484 5194 3538 5247 in

1960 5299 2121 5346 nocte
2166 5298 2222 5345 et
2251 5287 2305 5343 in
2334 5286 2572 5343 tenebris
2619 5287 2937 5357 priusquam
2983 5287 3166 5343 veniat
3195 5286 3334 5351 dies,
3366 5293 3422 5339 ct
3463 5285 3538 5339 si-

1959 5397 2128 5454 gnum
2155 5380 2284 5448 diei,
2314 5379 2366 5434 id
2398 5387 2482 5435 est
2511 5378 2635 5450 galli
2664 5388 2889 5446 cantus,
2918 5379 3012 5449 qui
3047 5378 3274 5433 suscitat
3297 5377 3538 5431 volentes

1959 5490 1990 5530 a
2021 5489 2235 5533 somno.
2297 5470 2365 5528 Et
2409 5478 2469 5527 ut
2514 5470 2663 5527 verbi
2700 5470 2870 5543 gratia
2918 5470 3097 5525 dicam
3119 5511 3134 5536 ,
3172 5468 3218 5524 si
3252 5475 3376 5539 post
3409 5466 3535 5538 galli

1974 5699 2125 5750 xxvt,
2175 5683 2264 5739 68.
2380 5682 2426 5713 “
2465 5696 2528 5749 ν,
2561 5679 2616 5735 5.
2728 5679 2770 5711 ⁸⁷
2811 5676 3003 5732 Matth.
3045 5690 3170 5731 xxvi
3197 5717 3214 5742 ,
3259 5675 3327 5729 (S9
3379 5688 3533 5746 seqq.
