  <div class='ocr_page' id='page_1' title='image "/cluster/home/n/w/nwhite01/storage/ocr_20150623/13/mdp.39015007036059/895.png"; bbox 0 0 4052 6304; ppageno 0'>
   <div class='ocr_carea' id='block_1_1' title="bbox 573 307 712 361">
    <p class='ocr_par' dir='ltr' id='par_1_1' title="bbox 573 307 712 361">
     <span class='ocr_line' id='line_1_1' title="bbox 573 307 712 361; baseline 0 -1"><span class='ocrx_word' id='word_1_1' title='bbox 573 307 712 361; x_wconf 73' lang='grc'><strong>1765</strong></span> 
     </span>
    </p>
   </div>
   <div class='ocr_carea' id='block_1_2' title="bbox 1740 293 2632 356">
    <p class='ocr_par' dir='ltr' id='par_1_2' title="bbox 1740 293 2632 356">
     <span class='ocr_line' id='line_1_2' title="bbox 1740 293 2632 356; baseline -0.004 0"><span class='ocrx_word' id='word_1_2' title='bbox 1740 296 2067 356; x_wconf 75' lang='lat' dir='ltr'><strong>ORIGENIS</strong></span> <span class='ocrx_word' id='word_1_3' title='bbox 2105 293 2175 351; x_wconf 85' lang='lat' dir='ltr'><strong>IN</strong></span> <span class='ocrx_word' id='word_1_4' title='bbox 2213 295 2632 354; x_wconf 72' lang='lat' dir='ltr'><strong>MATTH/EUM</strong></span> 
     </span>
    </p>
   </div>
   <div class='ocr_carea' id='block_1_3' title="bbox 3751 303 3856 360">
    <p class='ocr_par' dir='ltr' id='par_1_3' title="bbox 3751 303 3856 360">
     <span class='ocr_line' id='line_1_3' title="bbox 3751 303 3856 360; baseline -0.01 0"><span class='ocrx_word' id='word_1_5' title='bbox 3751 303 3856 360; x_wconf 76' lang='grc'><strong>761</strong></span> 
     </span>
    </p>
   </div>
   <div class='ocr_carea' id='block_1_4' title="bbox 571 419 3857 494">
    <p class='ocr_par' dir='ltr' id='par_1_4' title="bbox 571 419 3857 494">
     <span class='ocr_line' id='line_1_4' title="bbox 571 419 3857 494; baseline 0.001 -14"><span class='ocrx_word' id='word_1_6' title='bbox 571 434 794 480; x_wconf 76' lang='lat' dir='ltr'><strong>cantum</strong></span> <span class='ocrx_word' id='word_1_7' title='bbox 820 421 1016 477; x_wconf 78' lang='lat' dir='ltr'><strong>Petrus</strong></span> <span class='ocrx_word' id='word_1_8' title='bbox 1048 431 1328 491; x_wconf 85' lang='lat' dir='ltr'><strong>negasset,</strong></span> <span class='ocrx_word' id='word_1_9' title='bbox 1361 431 1421 477; x_wconf 89' lang='lat' dir='ltr'><strong>ut</strong></span> <span class='ocrx_word' id='word_1_10' title='bbox 1447 421 1720 477; x_wconf 78' lang='lat' dir='ltr'><strong>diceretur</strong></span> <span class='ocrx_word' id='word_1_11' title='bbox 1751 441 1766 477; x_wconf 94' lang='lat'>:</span> <span class='ocrx_word' id='word_1_12' title='bbox 1803 419 1924 476; x_wconf 67' lang='lat' dir='ltr'><strong>No.1-</strong></span> <span class='ocrx_word' id='word_1_13' title='bbox 1949 437 2160 492; x_wconf 86' lang='lat' dir='ltr'><strong>promo-</strong></span> <span class='ocrx_word' id='word_1_14' title='bbox 2189 425 2232 482; x_wconf 78' lang='grc' dir='ltr'>Α</span> <span class='ocrx_word' id='word_1_15' title='bbox 2263 423 2558 493; x_wconf 89' lang='lat' dir='ltr'><strong>operibus;</strong></span> <span class='ocrx_word' id='word_1_16' title='bbox 2594 423 2754 492; x_wconf 86' lang='lat' dir='ltr'><strong>longe</strong></span> <span class='ocrx_word' id='word_1_17' title='bbox 2792 431 2976 478; x_wconf 84' lang='lat' dir='ltr'><strong>autem</strong></span> <span class='ocrx_word' id='word_1_18' title='bbox 3023 421 3325 478; x_wconf 80' lang='lat' dir='ltr'><strong>ellieiamur</strong></span> <span class='ocrx_word' id='word_1_19' title='bbox 3359 437 3390 478; x_wconf 83' lang='lat' dir='ltr'><strong>a</strong></span> <span class='ocrx_word' id='word_1_20' title='bbox 3419 424 3604 494; x_wconf 84' lang='lat' dir='ltr'><strong>priore</strong></span> <span class='ocrx_word' id='word_1_21' title='bbox 3647 428 3857 482; x_wconf 71' lang='lat' dir='ltr'><strong>ancilla</strong></span> 
     </span>
    </p>
   </div>
   <div class='ocr_carea' id='block_1_5' title="bbox 572 514 2158 583">
    <p class='ocr_par' dir='ltr' id='par_1_5' title="bbox 572 514 2158 583">
     <span class='ocr_line' id='line_1_5' title="bbox 572 514 2158 583; baseline -0.003 -13"><span class='ocrx_word' id='word_1_22' title='bbox 572 517 646 570; x_wconf 83' lang='lat' dir='ltr'><strong>oit</strong></span> <span class='ocrx_word' id='word_1_23' title='bbox 668 558 682 580; x_wconf 98' lang='lat'><strong>,</strong></span> <span class='ocrx_word' id='word_1_24' title='bbox 723 515 833 568; x_wconf 83' lang='lat' dir='ltr'><strong>dies</strong></span> <span class='ocrx_word' id='word_1_25' title='bbox 861 524 1036 567; x_wconf 81' lang='lat' dir='ltr'><strong>autem</strong></span> <span class='ocrx_word' id='word_1_26' title='bbox 1067 514 1540 583; x_wconf 76' lang='lat' dir='ltr'><strong>appropinquavit,</strong></span> <span class='ocrx_word' id='word_1_27' title='bbox 1581 515 1717 567; x_wconf 84' lang='lat' dir='ltr'><strong>sicut</strong></span> <span class='ocrx_word' id='word_1_28' title='bbox 1749 515 1804 567; x_wconf 86' lang='lat' dir='ltr'><strong>in</strong></span> <span class='ocrx_word' id='word_1_29' title='bbox 1831 514 1918 566; x_wconf 88' lang='lat' dir='ltr'><strong>die</strong></span> <span class='ocrx_word' id='word_1_30' title='bbox 1946 514 2158 566; x_wconf 75' lang='lat' dir='ltr'><strong>honeste</strong></span> 
     </span>
    </p>
   </div>
   <div class='ocr_carea' id='block_1_6' title="bbox 574 601 2154 673">
    <p class='ocr_par' dir='ltr' id='par_1_6' title="bbox 574 601 2154 673">
     <span class='ocr_line' id='line_1_6' title="bbox 574 601 2154 673; baseline -0.002 -14"><span class='ocrx_word' id='word_1_31' title='bbox 574 604 900 659; x_wconf 80' lang='lat' dir='ltr'><strong>ambulemus</strong></span> <span class='ocrx_word' id='word_1_32' title='bbox 929 605 998 669; x_wconf 87' lang='lat'><strong>&#39;“,</strong></span> <span class='ocrx_word' id='word_1_33' title='bbox 1049 604 1198 658; x_wconf 88' lang='lat' dir='ltr'><strong>nulla</strong></span> <span class='ocrx_word' id='word_1_34' title='bbox 1231 604 1586 658; x_wconf 82' lang='lat' dir='ltr'><strong>excusatione</strong></span> <span class='ocrx_word' id='word_1_35' title='bbox 1613 604 1812 673; x_wconf 82' lang='lat' dir='ltr'><strong>dignus</strong></span> <span class='ocrx_word' id='word_1_36' title='bbox 1838 601 2029 657; x_wconf 81' lang='lat' dir='ltr'><strong>fuisset</strong></span> <span class='ocrx_word' id='word_1_37' title='bbox 2053 602 2154 656; x_wconf 80' lang='lat' dir='ltr'><strong>Pe-</strong></span> 
     </span>
    </p>
   </div>
   <div class='ocr_carea' id='block_1_7' title="bbox 573 693 2156 764">
    <p class='ocr_par' dir='ltr' id='par_1_7' title="bbox 573 693 2156 764">
     <span class='ocr_line' id='line_1_7' title="bbox 573 693 2156 764; baseline -0.001 -14"><span class='ocrx_word' id='word_1_38' title='bbox 573 706 709 750; x_wconf 91' lang='lat' dir='ltr'><strong>trus.</strong></span> <span class='ocrx_word' id='word_1_39' title='bbox 774 693 1021 748; x_wconf 83' lang='lat' dir='ltr'><strong>Forsitan</strong></span> <span class='ocrx_word' id='word_1_40' title='bbox 1071 705 1253 749; x_wconf 84' lang='lat' dir='ltr'><strong>autem</strong></span> <span class='ocrx_word' id='word_1_41' title='bbox 1289 705 1344 749; x_wconf 90' lang='lat' dir='ltr'><strong>et</strong></span> <span class='ocrx_word' id='word_1_42' title='bbox 1389 711 1582 750; x_wconf 83' lang='lat' dir='ltr'><strong>omnes</strong></span> <span class='ocrx_word' id='word_1_43' title='bbox 1633 696 1885 749; x_wconf 90' lang='lat' dir='ltr'><strong>homines</strong></span> <span class='ocrx_word' id='word_1_44' title='bbox 1937 695 2156 764; x_wconf 79' lang='lat' dir='ltr'><strong>quando</strong></span> 
     </span>
    </p>
   </div>
   <div class='ocr_carea' id='block_1_8' title="bbox 571 781 2155 854">
    <p class='ocr_par' dir='ltr' id='par_1_8' title="bbox 571 781 2155 854">
     <span class='ocr_line' id='line_1_8' title="bbox 571 781 2155 854; baseline 0.001 -18"><span class='ocrx_word' id='word_1_45' title='bbox 571 784 840 853; x_wconf 85' lang='lat' dir='ltr'><strong>tlenegant</strong></span> <span class='ocrx_word' id='word_1_46' title='bbox 923 781 1148 848; x_wconf 86' lang='lat' dir='ltr'><strong>Jesum,</strong></span> <span class='ocrx_word' id='word_1_47' title='bbox 1206 783 1276 838; x_wconf 91' lang='lat' dir='ltr'><strong>ita</strong></span> <span class='ocrx_word' id='word_1_48' title='bbox 1333 794 1389 837; x_wconf 82' lang='lat' dir='ltr'><strong>ut</strong></span> <span class='ocrx_word' id='word_1_49' title='bbox 1433 798 1712 853; x_wconf 83' lang='lat' dir='ltr'><strong>peccatum</strong></span> <span class='ocrx_word' id='word_1_50' title='bbox 1783 784 2155 854; x_wconf 83' lang='lat' dir='ltr'><strong>denegationis</strong></span> 
     </span>
    </p>
   </div>
   <div class='ocr_carea' id='block_1_9' title="bbox 570 875 2155 946">
    <p class='ocr_par' dir='ltr' id='par_1_9' title="bbox 570 875 2155 946">
     <span class='ocr_line' id='line_1_9' title="bbox 570 875 2155 946; baseline -0.001 -17"><span class='ocrx_word' id='word_1_51' title='bbox 570 889 758 929; x_wconf 87' lang='lat' dir='ltr'><strong>eorum</strong></span> <span class='ocrx_word' id='word_1_52' title='bbox 792 875 1017 945; x_wconf 81' lang='lat' dir='ltr'><strong>recipiat</strong></span> <span class='ocrx_word' id='word_1_53' title='bbox 1049 875 1398 940; x_wconf 76' lang='lat' dir='ltr'><strong>medicinam,</strong></span> <span class='ocrx_word' id='word_1_54' title='bbox 1432 885 1557 929; x_wconf 78' lang='lat' dir='ltr'><strong>alite</strong></span> <span class='ocrx_word' id='word_1_55' title='bbox 1581 876 1706 946; x_wconf 80' lang='lat' dir='ltr'><strong>galli</strong></span> <span class='ocrx_word' id='word_1_56' title='bbox 1733 884 1955 930; x_wconf 90' lang='lat' dir='ltr'><strong>cantum</strong></span> <span class='ocrx_word' id='word_1_57' title='bbox 1985 875 2155 929; x_wconf 78' lang='lat' dir='ltr'><strong>dene—</strong></span> 
     </span>
    </p>
   </div>
   <div class='ocr_carea' id='block_1_10' title="bbox 571 966 2152 1038">
    <p class='ocr_par' dir='ltr' id='par_1_10' title="bbox 571 966 2152 1038">
     <span class='ocr_line' id='line_1_10' title="bbox 571 966 2152 1038; baseline 0.001 -20"><span class='ocrx_word' id='word_1_58' title='bbox 571 982 699 1038; x_wconf 75' lang='lat' dir='ltr'><strong>gare</strong></span> <span class='ocrx_word' id='word_1_59' title='bbox 734 983 857 1020; x_wconf 89' lang='lat' dir='ltr'><strong>cum</strong></span> <span class='ocrx_word' id='word_1_60' title='bbox 892 967 1144 1022; x_wconf 89' lang='lat' dir='ltr'><strong>videntur</strong></span> <span class='ocrx_word' id='word_1_61' title='bbox 1167 1010 1180 1034; x_wconf 94' lang='lat'><strong>,</strong></span> <span class='ocrx_word' id='word_1_62' title='bbox 1231 969 1472 1022; x_wconf 88' lang='lat' dir='ltr'><strong>nondum</strong></span> <span class='ocrx_word' id='word_1_63' title='bbox 1499 968 1579 1022; x_wconf 89' lang='lat' dir='ltr'><strong>eis</strong></span> <span class='ocrx_word' id='word_1_64' title='bbox 1610 975 1740 1022; x_wconf 87' lang='lat' dir='ltr'><strong>nato</strong></span> <span class='ocrx_word' id='word_1_65' title='bbox 1765 967 1878 1022; x_wconf 89' lang='lat' dir='ltr'><strong>sole</strong></span> <span class='ocrx_word' id='word_1_66' title='bbox 1908 966 2152 1035; x_wconf 67' lang='lat' dir='ltr'><strong>justitiae,</strong></span> 
     </span>
    </p>
   </div>
   <div class='ocr_carea' id='block_1_11' title="bbox 572 1057 2156 1127">
    <p class='ocr_par' dir='ltr' id='par_1_11' title="bbox 572 1057 2156 1127">
     <span class='ocr_line' id='line_1_11' title="bbox 572 1057 2156 1127; baseline 0.001 -16"><span class='ocrx_word' id='word_1_67' title='bbox 572 1073 672 1112; x_wconf 90' lang='lat' dir='ltr'><strong>nec</strong></span> <span class='ocrx_word' id='word_1_68' title='bbox 709 1057 1178 1127; x_wconf 80' lang='lat' dir='ltr'><strong>apprOpinquante</strong></span> <span class='ocrx_word' id='word_1_69' title='bbox 1205 1059 1284 1112; x_wconf 89' lang='lat' dir='ltr'><strong>eis</strong></span> <span class='ocrx_word' id='word_1_70' title='bbox 1323 1068 1443 1112; x_wconf 85' lang='lat' dir='ltr'><strong>ortu</strong></span> <span class='ocrx_word' id='word_1_71' title='bbox 1478 1059 1683 1127; x_wconf 83' lang='lat' dir='ltr'><strong>ipsius;</strong></span> <span class='ocrx_word' id='word_1_72' title='bbox 1720 1059 1767 1112; x_wconf 90' lang='lat' dir='ltr'><strong>si</strong></span> <span class='ocrx_word' id='word_1_73' title='bbox 1812 1068 1990 1112; x_wconf 91' lang='lat' dir='ltr'><strong>autem</strong></span> <span class='ocrx_word' id='word_1_74' title='bbox 2032 1065 2156 1127; x_wconf 90' lang='lat' dir='ltr'><strong>post</strong></span> 
     </span>
    </p>
   </div>
   <div class='ocr_carea' id='block_1_12' title="bbox 570 1149 2154 1219">
    <p class='ocr_par' dir='ltr' id='par_1_12' title="bbox 570 1149 2154 1219">
     <span class='ocr_line' id='line_1_12' title="bbox 570 1149 2154 1219; baseline 0.001 -16"><span class='ocrx_word' id='word_1_75' title='bbox 570 1158 751 1204; x_wconf 89' lang='lat' dir='ltr'><strong>ortum</strong></span> <span class='ocrx_word' id='word_1_76' title='bbox 783 1149 1095 1219; x_wconf 88' lang='lat' dir='ltr'><strong>bujusmodi</strong></span> <span class='ocrx_word' id='word_1_77' title='bbox 1137 1150 1270 1205; x_wconf 89' lang='lat' dir='ltr'><strong>solis</strong></span> <span class='ocrx_word' id='word_1_78' title='bbox 1323 1153 1388 1204; x_wconf 89' lang='lat' dir='ltr'><strong>ad</strong></span> <span class='ocrx_word' id='word_1_79' title='bbox 1417 1150 1657 1204; x_wconf 90' lang='lat' dir='ltr'><strong>animam</strong></span> <span class='ocrx_word' id='word_1_80' title='bbox 1694 1151 1936 1205; x_wconf 85' lang='lat' dir='ltr'><strong>volentes</strong></span> <span class='ocrx_word' id='word_1_81' title='bbox 1965 1165 2154 1219; x_wconf 82' lang='lat' dir='ltr'><strong>pecca-</strong></span> 
     </span>
    </p>
   </div>
   <div class='ocr_carea' id='block_1_13' title="bbox 571 1242 2150 1311">
    <p class='ocr_par' dir='ltr' id='par_1_13' title="bbox 571 1242 2150 1311">
     <span class='ocr_line' id='line_1_13' title="bbox 571 1242 2150 1311; baseline 0.002 -17"><span class='ocrx_word' id='word_1_82' title='bbox 571 1242 846 1305; x_wconf 88' lang='lat' dir='ltr'><strong>verimus,</strong></span> <span class='ocrx_word' id='word_1_83' title='bbox 895 1253 1183 1310; x_wconf 86' lang='lat' dir='ltr'><strong>postquam</strong></span> <span class='ocrx_word' id='word_1_84' title='bbox 1228 1243 1539 1311; x_wconf 87' lang='lat' dir='ltr'><strong>accepimus</strong></span> <span class='ocrx_word' id='word_1_85' title='bbox 1571 1242 1852 1296; x_wconf 81' lang='lat' dir='ltr'><strong>scientiam</strong></span> <span class='ocrx_word' id='word_1_86' title='bbox 1887 1242 2150 1309; x_wconf 73' lang='lat' dir='ltr'><strong>veritatis,</strong></span> 
     </span>
    </p>
   </div>
   <div class='ocr_carea' id='block_1_14' title="bbox 566 1331 2150 1402">
    <p class='ocr_par' dir='ltr' id='par_1_14' title="bbox 566 1331 2150 1402">
     <span class='ocr_line' id='line_1_14' title="bbox 566 1331 2150 1402; baseline 0.003 -18"><span class='ocrx_word' id='word_1_87' title='bbox 566 1331 678 1401; x_wconf 88' lang='lat' dir='ltr'><strong>jam</strong></span> <span class='ocrx_word' id='word_1_88' title='bbox 714 1347 821 1384; x_wconf 89' lang='lat' dir='ltr'><strong>non</strong></span> <span class='ocrx_word' id='word_1_89' title='bbox 860 1332 1188 1401; x_wconf 80' lang='lat' dir='ltr'><strong>relinquitur</strong></span> <span class='ocrx_word' id='word_1_90' title='bbox 1218 1332 1378 1386; x_wconf 89' lang='lat' dir='ltr'><strong>nobis</strong></span> <span class='ocrx_word' id='word_1_91' title='bbox 1410 1333 1742 1386; x_wconf 86' lang='lat' dir='ltr'><strong>sacriticium</strong></span> <span class='ocrx_word' id='word_1_92' title='bbox 1782 1347 1879 1402; x_wconf 90' lang='lat' dir='ltr'><strong>pro</strong></span> <span class='ocrx_word' id='word_1_93' title='bbox 1908 1344 2150 1402; x_wconf 88' lang='lat' dir='ltr'><strong>peccato,</strong></span> 
     </span>
    </p>
   </div>
   <div class='ocr_carea' id='block_1_15' title="bbox 570 1421 2153 1492">
    <p class='ocr_par' dir='ltr' id='par_1_15' title="bbox 570 1421 2153 1492">
     <span class='ocr_line' id='line_1_15' title="bbox 570 1421 2153 1492; baseline 0.001 -16"><span class='ocrx_word' id='word_1_94' title='bbox 570 1422 664 1476; x_wconf 85' lang='lat' dir='ltr'><strong>sed</strong></span> <span class='ocrx_word' id='word_1_95' title='bbox 693 1423 931 1477; x_wconf 86' lang='lat' dir='ltr'><strong>terribile</strong></span> <span class='ocrx_word' id='word_1_96' title='bbox 960 1421 1251 1491; x_wconf 88' lang='lat' dir='ltr'><strong>judicium,</strong></span> <span class='ocrx_word' id='word_1_97' title='bbox 1287 1431 1341 1476; x_wconf 89' lang='lat' dir='ltr'><strong>et</strong></span> <span class='ocrx_word' id='word_1_98' title='bbox 1385 1421 1533 1476; x_wconf 88' lang='lat' dir='ltr'><strong>zelus</strong></span> <span class='ocrx_word' id='word_1_99' title='bbox 1579 1423 1718 1492; x_wconf 90' lang='lat' dir='ltr'><strong>ignis</strong></span> <span class='ocrx_word' id='word_1_100' title='bbox 1757 1423 1849 1492; x_wconf 87' lang='lat' dir='ltr'><strong>qui</strong></span> <span class='ocrx_word' id='word_1_101' title='bbox 1877 1433 2153 1478; x_wconf 89' lang='lat' dir='ltr'><strong>comestu-</strong></span> 
     </span>
    </p>
   </div>
   <div class='ocr_carea' id='block_1_16' title="bbox 571 1511 2154 1584">
    <p class='ocr_par' dir='ltr' id='par_1_16' title="bbox 571 1511 2154 1584">
     <span class='ocr_line' id='line_1_16' title="bbox 571 1511 2154 1584; baseline 0 -16"><span class='ocrx_word' id='word_1_102' title='bbox 571 1519 666 1568; x_wconf 89' lang='lat' dir='ltr'><strong>ru&#39;s</strong></span> <span class='ocrx_word' id='word_1_103' title='bbox 699 1521 782 1567; x_wconf 90' lang='lat' dir='ltr'><strong>est</strong></span> <span class='ocrx_word' id='word_1_104' title='bbox 815 1513 1087 1566; x_wconf 91' lang='lat' dir='ltr'><strong>inimicos.</strong></span> <span class='ocrx_word' id='word_1_105' title='bbox 1150 1511 1215 1566; x_wconf 86' lang='lat' dir='ltr'><strong>Et</strong></span> <span class='ocrx_word' id='word_1_106' title='bbox 1264 1513 1317 1566; x_wconf 91' lang='lat' dir='ltr'><strong>in</strong></span> <span class='ocrx_word' id='word_1_107' title='bbox 1363 1511 1524 1567; x_wconf 88' lang='lat' dir='ltr'><strong>Petro</strong></span> <span class='ocrx_word' id='word_1_108' title='bbox 1553 1513 1773 1584; x_wconf 89' lang='lat' dir='ltr'><strong>quidem</strong></span> <span class='ocrx_word' id='word_1_109' title='bbox 1819 1524 1949 1570; x_wconf 90' lang='lat' dir='ltr'><strong>tunc</strong></span> <span class='ocrx_word' id='word_1_110' title='bbox 1989 1515 2154 1569; x_wconf 84' lang='lat' dir='ltr'><strong>dene-</strong></span> 
     </span>
    </p>
   </div>
   <div class='ocr_carea' id='block_1_17' title="bbox 569 1602 2152 1674">
    <p class='ocr_par' dir='ltr' id='par_1_17' title="bbox 569 1602 2152 1674">
     <span class='ocr_line' id='line_1_17' title="bbox 569 1602 2152 1674; baseline 0.004 -20"><span class='ocrx_word' id='word_1_111' title='bbox 569 1612 730 1672; x_wconf 85' lang='lat' dir='ltr'><strong>gante</strong></span> <span class='ocrx_word' id='word_1_112' title='bbox 775 1618 880 1656; x_wconf 92' lang='lat' dir='ltr'><strong>non</strong></span> <span class='ocrx_word' id='word_1_113' title='bbox 914 1602 1266 1655; x_wconf 87' lang='lat' dir='ltr'><strong>conveniebat</strong></span> <span class='ocrx_word' id='word_1_114' title='bbox 1297 1602 1477 1656; x_wconf 88' lang='lat' dir='ltr'><strong>dicere</strong></span> <span class='ocrx_word' id='word_1_115' title='bbox 1508 1622 1521 1656; x_wconf 89' lang='lat'><strong>:</strong></span> <span class='ocrx_word' id='word_1_116' title='bbox 1555 1603 1828 1667; x_wconf 80' lang='lat' dir='ltr'><strong>Quomodo</strong></span> <span class='ocrx_word' id='word_1_117' title='bbox 1858 1621 1920 1658; x_wconf 86' lang='lat' dir='ltr'><strong>ne</strong></span> <span class='ocrx_word' id='word_1_118' title='bbox 1947 1607 2152 1674; x_wconf 84' lang='lat' dir='ltr'><strong>putatis</strong></span> 
     </span>
    </p>
   </div>
   <div class='ocr_carea' id='block_1_18' title="bbox 569 1692 2150 1762">
    <p class='ocr_par' dir='ltr' id='par_1_18' title="bbox 569 1692 2150 1762">
     <span class='ocr_line' id='line_1_18' title="bbox 569 1692 2150 1762; baseline 0.004 -19"><span class='ocrx_word' id='word_1_119' title='bbox 569 1694 751 1762; x_wconf 80' lang='lat' dir='ltr'><strong>pejora</strong></span> <span class='ocrx_word' id='word_1_120' title='bbox 797 1694 987 1745; x_wconf 85' lang='lat' dir='ltr'><strong>mereri</strong></span> <span class='ocrx_word' id='word_1_121' title='bbox 1042 1694 1302 1761; x_wconf 83' lang='lat' dir='ltr'><strong>supplicia</strong></span> <span class='ocrx_word' id='word_1_122' title='bbox 1331 1695 1422 1762; x_wconf 91' lang='lat' dir='ltr'><strong>qui</strong></span> <span class='ocrx_word' id='word_1_123' title='bbox 1454 1692 1655 1747; x_wconf 83' lang='lat' dir='ltr'><strong>Filium</strong></span> <span class='ocrx_word' id='word_1_124' title='bbox 1684 1694 1782 1747; x_wconf 92' lang='lat' dir='ltr'><strong>Dei</strong></span> <span class='ocrx_word' id='word_1_125' title='bbox 1813 1702 2150 1750; x_wconf 79' lang='lat' dir='ltr'><strong>conculcave-</strong></span> 
     </span>
    </p>
   </div>
   <div class='ocr_carea' id='block_1_19' title="bbox 2262 514 3860 584">
    <p class='ocr_par' dir='ltr' id='par_1_19' title="bbox 2262 514 3860 584">
     <span class='ocr_line' id='line_1_19' title="bbox 2262 514 3860 584; baseline 0.003 -15"><span class='ocrx_word' id='word_1_126' title='bbox 2262 526 2314 569; x_wconf 88' lang='lat' dir='ltr'><strong>et</strong></span> <span class='ocrx_word' id='word_1_127' title='bbox 2343 516 2548 579; x_wconf 78' lang='lat' dir='ltr'><strong>altera;</strong></span> <span class='ocrx_word' id='word_1_128' title='bbox 2580 523 2633 568; x_wconf 89' lang='lat' dir='ltr'><strong>et</strong></span> <span class='ocrx_word' id='word_1_129' title='bbox 2666 515 2738 568; x_wconf 87' lang='lat' dir='ltr'><strong>ab</strong></span> <span class='ocrx_word' id='word_1_130' title='bbox 2761 515 3020 570; x_wconf 86' lang='lat' dir='ltr'><strong>omnibus</strong></span> <span class='ocrx_word' id='word_1_131' title='bbox 3049 514 3144 584; x_wconf 87' lang='lat' dir='ltr'><strong>qui</strong></span> <span class='ocrx_word' id='word_1_132' title='bbox 3170 523 3318 568; x_wconf 85' lang='lat' dir='ltr'><strong>stant</strong></span> <span class='ocrx_word' id='word_1_133' title='bbox 3359 515 3409 567; x_wconf 90' lang='lat' dir='ltr'><strong>in</strong></span> <span class='ocrx_word' id='word_1_134' title='bbox 3442 516 3585 569; x_wconf 82' lang='lat' dir='ltr'><strong>atrio</strong></span> <span class='ocrx_word' id='word_1_135' title='bbox 3613 515 3744 584; x_wconf 79' lang='lat' dir='ltr'><strong>ejus</strong></span> <span class='ocrx_word' id='word_1_136' title='bbox 3773 519 3860 572; x_wconf 77' lang='lat' dir='ltr'><strong>vel</strong></span> 
     </span>
    </p>
   </div>
   <div class='ocr_carea' id='block_1_20' title="bbox 2264 605 3860 676">
    <p class='ocr_par' dir='ltr' id='par_1_20' title="bbox 2264 605 3860 676">
     <span class='ocr_line' id='line_1_20' title="bbox 2264 605 3860 676; baseline 0.003 -16"><span class='ocrx_word' id='word_1_137' title='bbox 2264 607 2317 660; x_wconf 91' lang='lat' dir='ltr'><strong>in</strong></span> <span class='ocrx_word' id='word_1_138' title='bbox 2351 607 2519 676; x_wconf 89' lang='lat' dir='ltr'><strong>janua</strong></span> <span class='ocrx_word' id='word_1_139' title='bbox 2545 608 2685 676; x_wconf 83' lang='lat' dir='ltr'><strong>ejus,</strong></span> <span class='ocrx_word' id='word_1_140' title='bbox 2737 615 2796 660; x_wconf 92' lang='lat' dir='ltr'><strong>ut</strong></span> <span class='ocrx_word' id='word_1_141' title='bbox 2824 621 2891 660; x_wconf 91' lang='lat' dir='ltr'><strong>nc</strong></span> <span class='ocrx_word' id='word_1_142' title='bbox 2921 606 2973 659; x_wconf 94' lang='lat' dir='ltr'><strong>in</strong></span> <span class='ocrx_word' id='word_1_143' title='bbox 3003 606 3256 674; x_wconf 89' lang='lat' dir='ltr'><strong>proximo</strong></span> <span class='ocrx_word' id='word_1_144' title='bbox 3281 605 3614 660; x_wconf 88' lang='lat' dir='ltr'><strong>exsistamus</strong></span> <span class='ocrx_word' id='word_1_145' title='bbox 3644 607 3860 664; x_wconf 79' lang='lat' dir='ltr'><strong>iacien-</strong></span> 
     </span>
    </p>
   </div>
   <div class='ocr_carea' id='block_1_21' title="bbox 2263 697 3858 768">
    <p class='ocr_par' dir='ltr' id='par_1_21' title="bbox 2263 697 3858 768">
     <span class='ocr_line' id='line_1_21' title="bbox 2263 697 3858 768; baseline 0.004 -18"><span class='ocrx_word' id='word_1_146' title='bbox 2263 698 2411 752; x_wconf 91' lang='lat' dir='ltr'><strong>tibus</strong></span> <span class='ocrx_word' id='word_1_147' title='bbox 2435 698 2705 768; x_wconf 80' lang='lat' dir='ltr'><strong>denegare</strong></span> <span class='ocrx_word' id='word_1_148' title='bbox 2736 713 2860 752; x_wconf 90' lang='lat' dir='ltr'><strong>eum</strong></span> <span class='ocrx_word' id='word_1_149' title='bbox 2895 699 2987 768; x_wconf 88' lang='lat' dir='ltr'><strong>qui</strong></span> <span class='ocrx_word' id='word_1_150' title='bbox 3013 697 3178 752; x_wconf 81' lang='lat' dir='ltr'><strong>fuerit</strong></span> <span class='ocrx_word' id='word_1_151' title='bbox 3201 697 3354 766; x_wconf 92' lang='lat' dir='ltr'><strong>juxta</strong></span> <span class='ocrx_word' id='word_1_152' title='bbox 3389 697 3490 752; x_wconf 89' lang='lat' dir='ltr'><strong>eis.</strong></span> <span class='ocrx_word' id='word_1_153' title='bbox 3533 698 3858 767; x_wconf 80' lang='lat' dir='ltr'><strong>Cognosce-</strong></span> 
     </span>
    </p>
   </div>
   <div class='ocr_carea' id='block_1_22' title="bbox 2264 789 3857 859">
    <p class='ocr_par' dir='ltr' id='par_1_22' title="bbox 2264 789 3857 859">
     <span class='ocr_line' id='line_1_22' title="bbox 2264 789 3857 859; baseline 0.003 -16"><span class='ocrx_word' id='word_1_154' title='bbox 2264 805 2388 844; x_wconf 89' lang='lat' dir='ltr'><strong>mus</strong></span> <span class='ocrx_word' id='word_1_155' title='bbox 2417 799 2598 843; x_wconf 90' lang='lat' dir='ltr'><strong>autem</strong></span> <span class='ocrx_word' id='word_1_156' title='bbox 2629 805 2750 859; x_wconf 73' lang='lat' dir='ltr'><strong>quae</strong></span> <span class='ocrx_word' id='word_1_157' title='bbox 2783 790 2854 844; x_wconf 88' lang='lat' dir='ltr'><strong>sit</strong></span> <span class='ocrx_word' id='word_1_158' title='bbox 2880 790 3074 843; x_wconf 87' lang='lat' dir='ltr'><strong>ancilla</strong></span> <span class='ocrx_word' id='word_1_159' title='bbox 3111 789 3394 859; x_wconf 82' lang='lat' dir='ltr'><strong>principis,</strong></span> <span class='ocrx_word' id='word_1_160' title='bbox 3438 789 3482 842; x_wconf 89' lang='lat' dir='ltr'><strong>si</strong></span> <span class='ocrx_word' id='word_1_161' title='bbox 3517 790 3857 847; x_wconf 65' lang='lat' dir='ltr'><strong>inti-ﬂexeri-</strong></span> 
     </span>
    </p>
   </div>
   <div class='ocr_carea' id='block_1_23' title="bbox 2263 879 3853 950">
    <p class='ocr_par' dir='ltr' id='par_1_23' title="bbox 2263 879 3853 950">
     <span class='ocr_line' id='line_1_23' title="bbox 2263 879 3853 950; baseline 0.003 -16"><span class='ocrx_word' id='word_1_162' title='bbox 2263 897 2386 936; x_wconf 88' lang='lat' dir='ltr'><strong>mus</strong></span> <span class='ocrx_word' id='word_1_163' title='bbox 2413 896 2535 950; x_wconf 82' lang='lat' dir='ltr'><strong>quae</strong></span> <span class='ocrx_word' id='word_1_164' title='bbox 2565 881 2636 935; x_wconf 92' lang='lat' dir='ltr'><strong>sit</strong></span> <span class='ocrx_word' id='word_1_165' title='bbox 2665 880 2861 936; x_wconf 90' lang='lat' dir='ltr'><strong>ancilla</strong></span> <span class='ocrx_word' id='word_1_166' title='bbox 2897 879 3015 945; x_wconf 90' lang='lat' dir='ltr'><strong>Dei,</strong></span> <span class='ocrx_word' id='word_1_167' title='bbox 3068 881 3136 935; x_wconf 91' lang='lat' dir='ltr'><strong>de</strong></span> <span class='ocrx_word' id='word_1_168' title='bbox 3175 895 3283 950; x_wconf 88' lang='lat' dir='ltr'><strong>qua</strong></span> <span class='ocrx_word' id='word_1_169' title='bbox 3331 881 3594 950; x_wconf 89' lang='lat' dir='ltr'><strong>scriptum</strong></span> <span class='ocrx_word' id='word_1_170' title='bbox 3637 892 3728 937; x_wconf 87' lang='lat' dir='ltr'><strong>est</strong></span> <span class='ocrx_word' id='word_1_171' title='bbox 3757 884 3804 916; x_wconf 84' lang='lat'>&quot;</span> <span class='ocrx_word' id='word_1_172' title='bbox 3837 903 3853 938; x_wconf 88' lang='lat'><strong>:</strong></span> 
     </span>
    </p>
   </div>
   <div class='ocr_carea' id='block_1_24' title="bbox 2263 969 3856 1040">
    <p class='ocr_par' dir='ltr' id='par_1_24' title="bbox 2263 969 3856 1040">
     <span class='ocr_line' id='line_1_24' title="bbox 2263 969 3856 1040; baseline 0.004 -17"><span class='ocrx_word' id='word_1_173' title='bbox 2263 969 2377 1040; x_wconf 85' lang='lat' dir='ltr'><strong>Ego</strong></span> <span class='ocrx_word' id='word_1_174' title='bbox 2425 987 2602 1024; x_wconf 82' lang='lat' dir='ltr'><strong>servus</strong></span> <span class='ocrx_word' id='word_1_175' title='bbox 2649 978 2807 1036; x_wconf 82' lang='lat' dir='ltr'><strong>tuus,</strong></span> <span class='ocrx_word' id='word_1_176' title='bbox 2855 980 2905 1024; x_wconf 89' lang='lat' dir='ltr'><strong>et</strong></span> <span class='ocrx_word' id='word_1_177' title='bbox 2950 971 3097 1040; x_wconf 84' lang='lat' dir='ltr'><strong>ﬁlius</strong></span> <span class='ocrx_word' id='word_1_178' title='bbox 3144 969 3356 1024; x_wconf 67' lang='lat' dir='ltr'><strong>ancilla</strong></span> <span class='ocrx_word' id='word_1_179' title='bbox 3391 980 3515 1025; x_wconf 64' lang='lat' dir='ltr'><strong>tute.</strong></span> <span class='ocrx_word' id='word_1_180' title='bbox 3574 971 3713 1038; x_wconf 73' lang='lat' dir='ltr'><strong>Qua:</strong></span> <span class='ocrx_word' id='word_1_181' title='bbox 3745 974 3856 1029; x_wconf 85' lang='lat' dir='ltr'><strong>sint</strong></span> 
     </span>
    </p>
   </div>
   <div class='ocr_carea' id='block_1_25' title="bbox 2261 1061 3855 1132">
    <p class='ocr_par' dir='ltr' id='par_1_25' title="bbox 2261 1061 3855 1132">
     <span class='ocr_line' id='line_1_25' title="bbox 2261 1061 3855 1132; baseline 0.003 -17"><span class='ocrx_word' id='word_1_182' title='bbox 2261 1072 2442 1116; x_wconf 85' lang='lat' dir='ltr'><strong>autem</strong></span> <span class='ocrx_word' id='word_1_183' title='bbox 2492 1063 2630 1117; x_wconf 88' lang='lat' dir='ltr'><strong>atria</strong></span> <span class='ocrx_word' id='word_1_184' title='bbox 2674 1062 2938 1132; x_wconf 88' lang='lat' dir='ltr'><strong>principis</strong></span> <span class='ocrx_word' id='word_1_185' title='bbox 2970 1061 3176 1132; x_wconf 89' lang='lat' dir='ltr'><strong>poteris</strong></span> <span class='ocrx_word' id='word_1_186' title='bbox 3205 1061 3368 1128; x_wconf 91' lang='lat' dir='ltr'><strong>scire,</strong></span> <span class='ocrx_word' id='word_1_187' title='bbox 3420 1062 3464 1116; x_wconf 87' lang='lat' dir='ltr'><strong>sl</strong></span> <span class='ocrx_word' id='word_1_188' title='bbox 3514 1062 3855 1120; x_wconf 75' lang='lat' dir='ltr'><strong>intellexeris</strong></span> 
     </span>
    </p>
   </div>
   <div class='ocr_carea' id='block_1_26' title="bbox 2261 1154 3850 1226">
    <p class='ocr_par' dir='ltr' id='par_1_26' title="bbox 2261 1154 3850 1226">
     <span class='ocr_line' id='line_1_26' title="bbox 2261 1154 3850 1226; baseline 0.001 -17"><span class='ocrx_word' id='word_1_189' title='bbox 2261 1170 2384 1226; x_wconf 64' lang='lat' dir='ltr'><strong>quae</strong></span> <span class='ocrx_word' id='word_1_190' title='bbox 2429 1155 2539 1210; x_wconf 86' lang='lat' dir='ltr'><strong>sint</strong></span> <span class='ocrx_word' id='word_1_191' title='bbox 2584 1157 2723 1209; x_wconf 88' lang='lat' dir='ltr'><strong>atria</strong></span> <span class='ocrx_word' id='word_1_192' title='bbox 2753 1155 2951 1209; x_wconf 89' lang='lat' dir='ltr'><strong>domus</strong></span> <span class='ocrx_word' id='word_1_193' title='bbox 2981 1154 3230 1221; x_wconf 86' lang='lat' dir='ltr'><strong>Domini,</strong></span> <span class='ocrx_word' id='word_1_194' title='bbox 3255 1156 3322 1210; x_wconf 91' lang='lat' dir='ltr'><strong>de</strong></span> <span class='ocrx_word' id='word_1_195' title='bbox 3347 1156 3548 1225; x_wconf 89' lang='lat' dir='ltr'><strong>quibus</strong></span> <span class='ocrx_word' id='word_1_196' title='bbox 3575 1158 3850 1225; x_wconf 88' lang='lat' dir='ltr'><strong>scriptum</strong></span> 
     </span>
    </p>
   </div>
   <div class='ocr_carea' id='block_1_27' title="bbox 2259 1246 3849 1313">
    <p class='ocr_par' dir='ltr' id='par_1_27' title="bbox 2259 1246 3849 1313">
     <span class='ocr_line' id='line_1_27' title="bbox 2259 1246 3849 1313; baseline 0 -11"><span class='ocrx_word' id='word_1_197' title='bbox 2259 1257 2346 1302; x_wconf 88' lang='lat' dir='ltr'><strong>est</strong></span> <span class='ocrx_word' id='word_1_198' title='bbox 2374 1248 2421 1279; x_wconf 78' lang='grc'><strong>⁸⁸</strong></span> <span class='ocrx_word' id='word_1_199' title='bbox 2449 1267 2464 1302; x_wconf 90' lang='lat'><strong>:</strong></span> <span class='ocrx_word' id='word_1_200' title='bbox 2499 1247 2634 1301; x_wconf 83' lang='lat' dir='ltr'><strong>Ecce</strong></span> <span class='ocrx_word' id='word_1_201' title='bbox 2679 1263 2816 1301; x_wconf 85' lang='lat' dir='ltr'><strong>nunc</strong></span> <span class='ocrx_word' id='word_1_202' title='bbox 2838 1247 3122 1301; x_wconf 85' lang='lat' dir='ltr'><strong>benedicite</strong></span> <span class='ocrx_word' id='word_1_203' title='bbox 3151 1246 3455 1313; x_wconf 88' lang='lat' dir='ltr'><strong>Dominum,</strong></span> <span class='ocrx_word' id='word_1_204' title='bbox 3489 1264 3665 1301; x_wconf 88' lang='lat' dir='ltr'><strong>omnes</strong></span> <span class='ocrx_word' id='word_1_205' title='bbox 3711 1253 3849 1302; x_wconf 77' lang='lat' dir='ltr'><strong>servi</strong></span> 
     </span>
    </p>
   </div>
   <div class='ocr_carea' id='block_1_28' title="bbox 2262 1340 3846 1412">
    <p class='ocr_par' dir='ltr' id='par_1_28' title="bbox 2262 1340 3846 1412">
     <span class='ocr_line' id='line_1_28' title="bbox 2262 1340 3846 1412; baseline 0.001 -18"><span class='ocrx_word' id='word_1_206' title='bbox 2262 1340 2509 1406; x_wconf 82' lang='lat' dir='ltr'><strong>Domini,</strong></span> <span class='ocrx_word' id='word_1_207' title='bbox 2552 1342 2643 1412; x_wconf 87' lang='lat' dir='ltr'><strong>qui</strong></span> <span class='ocrx_word' id='word_1_208' title='bbox 2681 1342 2838 1394; x_wconf 83' lang='lat' dir='ltr'><strong>statis</strong></span> <span class='ocrx_word' id='word_1_209' title='bbox 2864 1342 2916 1394; x_wconf 91' lang='lat' dir='ltr'><strong>in</strong></span> <span class='ocrx_word' id='word_1_210' title='bbox 2939 1341 3094 1393; x_wconf 91' lang='lat' dir='ltr'><strong>domo</strong></span> <span class='ocrx_word' id='word_1_211' title='bbox 3120 1340 3367 1404; x_wconf 88' lang='lat' dir='ltr'><strong>Domini,</strong></span> <span class='ocrx_word' id='word_1_212' title='bbox 3394 1341 3450 1393; x_wconf 88' lang='lat' dir='ltr'><strong>in</strong></span> <span class='ocrx_word' id='word_1_213' title='bbox 3474 1343 3628 1394; x_wconf 88' lang='lat' dir='ltr'><strong>atriis</strong></span> <span class='ocrx_word' id='word_1_214' title='bbox 3654 1342 3846 1395; x_wconf 83' lang='lat' dir='ltr'><strong>domus</strong></span> 
     </span>
    </p>
   </div>
   <div class='ocr_carea' id='block_1_29' title="bbox 2266 1431 3844 1490">
    <p class='ocr_par' dir='ltr' id='par_1_29' title="bbox 2266 1431 3844 1490">
     <span class='ocr_line' id='line_1_29' title="bbox 2266 1431 3844 1490; baseline 0.004 -6"><span class='ocrx_word' id='word_1_215' title='bbox 2266 1432 2362 1485; x_wconf 89' lang='lat' dir='ltr'><strong>Dei</strong></span> <span class='ocrx_word' id='word_1_216' title='bbox 2409 1433 2600 1486; x_wconf 81' lang='lat' dir='ltr'><strong>nostri.</strong></span> <span class='ocrx_word' id='word_1_217' title='bbox 2665 1431 2721 1485; x_wconf 91' lang='lat' dir='ltr'><strong>Si</strong></span> <span class='ocrx_word' id='word_1_218' title='bbox 2747 1441 2927 1486; x_wconf 83' lang='lat' dir='ltr'><strong>autem</strong></span> <span class='ocrx_word' id='word_1_219' title='bbox 2973 1440 3027 1485; x_wconf 88' lang='lat' dir='ltr'><strong>et</strong></span> <span class='ocrx_word' id='word_1_220' title='bbox 3065 1432 3130 1486; x_wconf 90' lang='lat' dir='ltr'><strong>de</strong></span> <span class='ocrx_word' id='word_1_221' title='bbox 3168 1433 3361 1486; x_wconf 82' lang='lat' dir='ltr'><strong>ancilla</strong></span> <span class='ocrx_word' id='word_1_222' title='bbox 3388 1431 3556 1485; x_wconf 88' lang='lat' dir='ltr'><strong>altera</strong></span> <span class='ocrx_word' id='word_1_223' title='bbox 3581 1432 3844 1490; x_wconf 78' lang='lat' dir='ltr'><strong>debemus</strong></span> 
     </span>
    </p>
   </div>
   <div class='ocr_carea' id='block_1_30' title="bbox 2261 1520 3840 1592">
    <p class='ocr_par' dir='ltr' id='par_1_30' title="bbox 2261 1520 3840 1592">
     <span class='ocr_line' id='line_1_30' title="bbox 2261 1520 3840 1592; baseline -0.001 -16"><span class='ocrx_word' id='word_1_224' title='bbox 2261 1522 2461 1592; x_wconf 87' lang='lat' dir='ltr'><strong>aliquid</strong></span> <span class='ocrx_word' id='word_1_225' title='bbox 2492 1521 2693 1585; x_wconf 88' lang='lat' dir='ltr'><strong>dicere,</strong></span> <span class='ocrx_word' id='word_1_226' title='bbox 2721 1530 2780 1575; x_wconf 93' lang='lat' dir='ltr'><strong>ut</strong></span> <span class='ocrx_word' id='word_1_227' title='bbox 2799 1523 2964 1575; x_wconf 89' lang='lat' dir='ltr'><strong>etiam</strong></span> <span class='ocrx_word' id='word_1_228' title='bbox 2996 1521 3064 1575; x_wconf 86' lang='lat' dir='ltr'><strong>ab</strong></span> <span class='ocrx_word' id='word_1_229' title='bbox 3089 1521 3179 1575; x_wconf 86' lang='lat' dir='ltr'><strong>illa</strong></span> <span class='ocrx_word' id='word_1_230' title='bbox 3206 1520 3548 1584; x_wconf 84' lang='lat' dir='ltr'><strong>recedamus,</strong></span> <span class='ocrx_word' id='word_1_231' title='bbox 3577 1521 3840 1592; x_wconf 84' lang='lat' dir='ltr'><strong>intelliga-</strong></span> 
     </span>
    </p>
   </div>
   <div class='ocr_carea' id='block_1_31' title="bbox 2260 1612 3846 1684">
    <p class='ocr_par' dir='ltr' id='par_1_31' title="bbox 2260 1612 3846 1684">
     <span class='ocr_line' id='line_1_31' title="bbox 2260 1612 3846 1684; baseline -0.001 -16"><span class='ocrx_word' id='word_1_232' title='bbox 2260 1629 2382 1669; x_wconf 89' lang='lat' dir='ltr'><strong>mus</strong></span> <span class='ocrx_word' id='word_1_233' title='bbox 2428 1615 2573 1684; x_wconf 91' lang='lat' dir='ltr'><strong>quod</strong></span> <span class='ocrx_word' id='word_1_234' title='bbox 2624 1614 2885 1684; x_wconf 87' lang='lat' dir='ltr'><strong>scriptum</strong></span> <span class='ocrx_word' id='word_1_235' title='bbox 2917 1622 3001 1669; x_wconf 90' lang='lat' dir='ltr'><strong>est</strong></span> <span class='ocrx_word' id='word_1_236' title='bbox 3024 1615 3115 1668; x_wconf 72' lang='lat'><strong>81:</strong></span> <span class='ocrx_word' id='word_1_237' title='bbox 3159 1612 3308 1668; x_wconf 87' lang='lat' dir='ltr'><strong>Sicut</strong></span> <span class='ocrx_word' id='word_1_238' title='bbox 3353 1613 3494 1666; x_wconf 86' lang='lat' dir='ltr'><strong>oculi</strong></span> <span class='ocrx_word' id='word_1_239' title='bbox 3532 1614 3747 1667; x_wconf 65' lang='lat' dir='ltr'><strong>ancillis</strong></span> <span class='ocrx_word' id='word_1_240' title='bbox 3790 1615 3846 1666; x_wconf 89' lang='lat' dir='ltr'><strong>in</strong></span> 
     </span>
    </p>
   </div>
   <div class='ocr_carea' id='block_1_32' title="bbox 2261 1703 3844 1768">
    <p class='ocr_par' dir='ltr' id='par_1_32' title="bbox 2261 1703 3844 1768">
     <span class='ocr_line' id='line_1_32' title="bbox 2261 1703 3844 1768; baseline 0.001 -11"><span class='ocrx_word' id='word_1_241' title='bbox 2261 1708 2505 1759; x_wconf 87' lang='lat' dir='ltr'><strong>manibus</strong></span> <span class='ocrx_word' id='word_1_242' title='bbox 2534 1707 2766 1760; x_wconf 73' lang='lat' dir='ltr'><strong>domina:</strong></span> <span class='ocrx_word' id='word_1_243' title='bbox 2793 1722 2904 1759; x_wconf 71' lang='lat' dir='ltr'><strong>sua:</strong></span> <span class='ocrx_word' id='word_1_244' title='bbox 2923 1747 2936 1768; x_wconf 94' lang='lat'><strong>,</strong></span> <span class='ocrx_word' id='word_1_245' title='bbox 2983 1705 3061 1757; x_wconf 90' lang='lat' dir='ltr'><strong>ita</strong></span> <span class='ocrx_word' id='word_1_246' title='bbox 3089 1704 3232 1757; x_wconf 81' lang='lat' dir='ltr'><strong>oculi</strong></span> <span class='ocrx_word' id='word_1_247' title='bbox 3267 1706 3437 1758; x_wconf 78' lang='lat' dir='ltr'><strong>nostri</strong></span> <span class='ocrx_word' id='word_1_248' title='bbox 3467 1703 3535 1756; x_wconf 91' lang='lat' dir='ltr'><strong>ad</strong></span> <span class='ocrx_word' id='word_1_249' title='bbox 3560 1704 3844 1758; x_wconf 83' lang='lat' dir='ltr'><strong>Dominum</strong></span> 
     </span>
    </p>
   </div>
   <div class='ocr_carea' id='block_1_33' title="bbox 569 1784 3844 1865">
    <p class='ocr_par' dir='ltr' id='par_1_33' title="bbox 569 1784 3844 1865">
     <span class='ocr_line' id='line_1_33' title="bbox 569 1784 3844 1865; baseline 0 -29"><span class='ocrx_word' id='word_1_250' title='bbox 569 1786 698 1849; x_wconf 83' lang='lat' dir='ltr'><strong>rint,</strong></span> <span class='ocrx_word' id='word_1_251' title='bbox 735 1792 784 1836; x_wconf 87' lang='lat' dir='ltr'><strong>et</strong></span> <span class='ocrx_word' id='word_1_252' title='bbox 813 1784 1122 1852; x_wconf 89' lang='lat' dir='ltr'><strong>sanguinem</strong></span> <span class='ocrx_word' id='word_1_253' title='bbox 1169 1785 1469 1836; x_wconf 76' lang='lat' dir='ltr'><strong>testamenti</strong></span> <span class='ocrx_word' id='word_1_254' title='bbox 1517 1801 1840 1837; x_wconf 83' lang='lat' dir='ltr'><strong>communem</strong></span> <span class='ocrx_word' id='word_1_255' title='bbox 1874 1787 2148 1842; x_wconf 77' lang='lat' dir='ltr'><strong>existima-</strong></span> <span class='ocrx_word' id='word_1_256' title='bbox 2185 1791 2224 1845; x_wconf 85' lang='grc' dir='ltr'><strong>Β</strong></span> <span class='ocrx_word' id='word_1_257' title='bbox 2255 1797 2422 1852; x_wconf 60' lang='lat' dir='ltr'><em>Deum</em></span> <span class='ocrx_word' id='word_1_258' title='bbox 2450 1807 2691 1852; x_wconf 68' lang='lat' dir='ltr'><strong>nom-um</strong></span> <span class='ocrx_word' id='word_1_259' title='bbox 2712 1838 2726 1864; x_wconf 63' lang='grc'><em>,</em></span> <span class='ocrx_word' id='word_1_260' title='bbox 2759 1800 2921 1849; x_wconf 60' lang='lat' dir='ltr'><strong>donec</strong></span> <span class='ocrx_word' id='word_1_261' title='bbox 2951 1798 3266 1850; x_wconf 60' lang='lat' dir='ltr'><strong>misereatur</strong></span> <span class='ocrx_word' id='word_1_262' title='bbox 3301 1797 3490 1850; x_wconf 73' lang='grc' dir='ltr'><strong>ηοδιι-ξ,</strong></span> <span class='ocrx_word' id='word_1_263' title='bbox 3558 1795 3700 1850; x_wconf 67' lang='lat' dir='ltr'><strong>pulo</strong></span> <span class='ocrx_word' id='word_1_264' title='bbox 3729 1798 3844 1865; x_wconf 71' lang='grc' dir='ltr'>μι-ὶ-</span> 
     </span>
    </p>
   </div>
   <div class='ocr_carea' id='block_1_34' title="bbox 567 1875 2151 1947">
    <p class='ocr_par' dir='ltr' id='par_1_34' title="bbox 567 1875 2151 1947">
     <span class='ocr_line' id='line_1_34' title="bbox 567 1875 2151 1947; baseline 0.001 -17"><span class='ocrx_word' id='word_1_265' title='bbox 567 1877 732 1930; x_wconf 67' lang='grc' dir='ltr'>ιεενίηι</span> <span class='ocrx_word' id='word_1_266' title='bbox 779 1878 918 1929; x_wconf 87' lang='lat' dir='ltr'><strong>unde</strong></span> <span class='ocrx_word' id='word_1_267' title='bbox 955 1875 1278 1943; x_wconf 82' lang='lat' dir='ltr'><strong>sanctiﬁcati</strong></span> <span class='ocrx_word' id='word_1_268' title='bbox 1304 1887 1446 1939; x_wconf 85' lang='lat' dir='ltr'><strong>sunt,</strong></span> <span class='ocrx_word' id='word_1_269' title='bbox 1477 1885 1525 1928; x_wconf 89' lang='lat' dir='ltr'><strong>et</strong></span> <span class='ocrx_word' id='word_1_270' title='bbox 1553 1875 1816 1944; x_wconf 85' lang='lat' dir='ltr'><strong>Spiritum</strong></span> <span class='ocrx_word' id='word_1_271' title='bbox 1843 1879 2034 1947; x_wconf 72' lang='lat' dir='ltr'><strong>gratim</strong></span> <span class='ocrx_word' id='word_1_272' title='bbox 2063 1881 2151 1932; x_wconf 85' lang='lat' dir='ltr'><strong>in-</strong></span> 
     </span>
    </p>
   </div>
   <div class='ocr_carea' id='block_1_35' title="bbox 559 1964 2152 2038">
    <p class='ocr_par' dir='ltr' id='par_1_35' title="bbox 559 1964 2152 2038">
     <span class='ocr_line' id='line_1_35' title="bbox 559 1964 2152 2038; baseline 0.006 -21"><span class='ocrx_word' id='word_1_273' title='bbox 559 1968 882 2038; x_wconf 76' lang='lat' dir='ltr'><strong>juriaverinl</strong></span> <span class='ocrx_word' id='word_1_274' title='bbox 917 1967 999 2019; x_wconf 75' lang='lat' dir='ltr'><strong>&quot;‘t</strong></span> <span class='ocrx_word' id='word_1_275' title='bbox 1052 1964 1304 2020; x_wconf 73' lang='lat' dir='ltr'><strong>Nondum</strong></span> <span class='ocrx_word' id='word_1_276' title='bbox 1349 1967 1493 2020; x_wconf 86' lang='lat' dir='ltr'><strong>enim</strong></span> <span class='ocrx_word' id='word_1_277' title='bbox 1549 1967 1922 2024; x_wconf 88' lang='lat' dir='ltr'><strong>sanetiticatus</strong></span> <span class='ocrx_word' id='word_1_278' title='bbox 1975 1968 2152 2026; x_wconf 85' lang='lat' dir='ltr'><strong>fuerat</strong></span> 
     </span>
    </p>
   </div>
   <div class='ocr_carea' id='block_1_36' title="bbox 569 2081 2149 2154">
    <p class='ocr_par' dir='ltr' id='par_1_36' title="bbox 569 2081 2149 2154">
     <span class='ocr_line' id='line_1_36' title="bbox 569 2081 2149 2154; baseline 0.004 -19"><span class='ocrx_word' id='word_1_279' title='bbox 569 2082 761 2137; x_wconf 78' lang='lat' dir='ltr'><strong>l’etrus</strong></span> <span class='ocrx_word' id='word_1_280' title='bbox 797 2083 1064 2152; x_wconf 81' lang='lat' dir='ltr'><strong>sanguine</strong></span> <span class='ocrx_word' id='word_1_281' title='bbox 1090 2081 1296 2137; x_wconf 88' lang='lat' dir='ltr'><strong>Christi</strong></span> <span class='ocrx_word' id='word_1_282' title='bbox 1322 2085 1414 2154; x_wconf 90' lang='lat' dir='ltr'><strong>qui</strong></span> <span class='ocrx_word' id='word_1_283' title='bbox 1449 2085 1626 2141; x_wconf 80' lang='lat' dir='ltr'><strong>fuerat</strong></span> <span class='ocrx_word' id='word_1_284' title='bbox 1655 2085 1882 2153; x_wconf 80' lang='lat' dir='ltr'><strong>sanguis</strong></span> <span class='ocrx_word' id='word_1_285' title='bbox 1916 2091 2034 2143; x_wconf 87' lang='lat' dir='ltr'><strong>novi</strong></span> <span class='ocrx_word' id='word_1_286' title='bbox 2068 2099 2149 2142; x_wconf 88' lang='lat' dir='ltr'><strong>te-</strong></span> 
     </span>
    </p>
   </div>
   <div class='ocr_carea' id='block_1_37' title="bbox 566 2169 2148 2247">
    <p class='ocr_par' dir='ltr' id='par_1_37' title="bbox 566 2169 2148 2247">
     <span class='ocr_line' id='line_1_37' title="bbox 566 2169 2148 2247; baseline 0.006 -25"><span class='ocrx_word' id='word_1_287' title='bbox 566 2171 849 2235; x_wconf 83' lang='lat' dir='ltr'><strong>stamenti,</strong></span> <span class='ocrx_word' id='word_1_288' title='bbox 900 2185 998 2224; x_wconf 83' lang='lat' dir='ltr'><strong>nec</strong></span> <span class='ocrx_word' id='word_1_289' title='bbox 1044 2169 1325 2240; x_wconf 85' lang='lat' dir='ltr'><strong>injuriavit</strong></span> <span class='ocrx_word' id='word_1_290' title='bbox 1375 2173 1641 2242; x_wconf 81' lang='lat' dir='ltr'><strong>Spiritum</strong></span> <span class='ocrx_word' id='word_1_291' title='bbox 1693 2176 1881 2240; x_wconf 66' lang='lat' dir='ltr'><strong>gratiae</strong></span> <span class='ocrx_word' id='word_1_292' title='bbox 1920 2195 2081 2247; x_wconf 82' lang='lat' dir='ltr'><strong>quem</strong></span> <span class='ocrx_word' id='word_1_293' title='bbox 2117 2193 2148 2231; x_wconf 72' lang='grc' dir='ltr'>ει</span> 
     </span>
    </p>
   </div>
   <div class='ocr_carea' id='block_1_38' title="bbox 567 2260 2147 2334">
    <p class='ocr_par' dir='ltr' id='par_1_38' title="bbox 567 2260 2147 2334">
     <span class='ocr_line' id='line_1_38' title="bbox 567 2260 2147 2334; baseline 0.006 -21"><span class='ocrx_word' id='word_1_294' title='bbox 567 2260 833 2329; x_wconf 86' lang='lat' dir='ltr'><strong>principio</strong></span> <span class='ocrx_word' id='word_1_295' title='bbox 889 2276 988 2315; x_wconf 90' lang='lat' dir='ltr'><strong>nec</strong></span> <span class='ocrx_word' id='word_1_296' title='bbox 1030 2272 1350 2331; x_wconf 89' lang='lat' dir='ltr'><strong>acceperat,</strong></span> <span class='ocrx_word' id='word_1_297' title='bbox 1395 2265 1658 2334; x_wconf 88' lang='lat' dir='ltr'><strong>quoniam</strong></span> <span class='ocrx_word' id='word_1_298' title='bbox 1702 2261 1864 2321; x_wconf 78' lang='lat' dir='ltr'><strong>Jesus</strong></span> <span class='ocrx_word' id='word_1_299' title='bbox 1909 2269 2147 2323; x_wconf 86' lang='lat' dir='ltr'><strong>nondum</strong></span> 
     </span>
    </p>
   </div>
   <div class='ocr_carea' id='block_1_39' title="bbox 567 2349 2145 2430">
    <p class='ocr_par' dir='ltr' id='par_1_39' title="bbox 567 2349 2145 2430">
     <span class='ocr_line' id='line_1_39' title="bbox 567 2349 2145 2430; baseline 0.005 -24"><span class='ocrx_word' id='word_1_300' title='bbox 567 2352 746 2406; x_wconf 82' lang='lat' dir='ltr'><strong>fuerat</strong></span> <span class='ocrx_word' id='word_1_301' title='bbox 781 2353 1172 2409; x_wconf 87' lang='lat' dir='ltr'><strong>bonorilicatus</strong></span> <span class='ocrx_word' id='word_1_302' title='bbox 1205 2355 1272 2420; x_wconf 85' lang='grc'><strong>⁷³,</strong></span> <span class='ocrx_word' id='word_1_303' title='bbox 1323 2372 1423 2411; x_wconf 91' lang='lat' dir='ltr'><strong>nec</strong></span> <span class='ocrx_word' id='word_1_304' title='bbox 1453 2369 1568 2411; x_wconf 90' lang='lat' dir='ltr'><strong>erat</strong></span> <span class='ocrx_word' id='word_1_305' title='bbox 1600 2357 1653 2412; x_wconf 88' lang='lat' dir='ltr'><strong>in</strong></span> <span class='ocrx_word' id='word_1_306' title='bbox 1686 2349 2145 2430; x_wconf 83' lang='lat' dir='ltr'><strong>bominibusSpi-</strong></span> 
     </span>
    </p>
   </div>
   <div class='ocr_carea' id='block_1_40' title="bbox 566 2442 2150 2517">
    <p class='ocr_par' dir='ltr' id='par_1_40' title="bbox 566 2442 2150 2517">
     <span class='ocr_line' id='line_1_40' title="bbox 566 2442 2150 2517; baseline 0.005 -22"><span class='ocrx_word' id='word_1_307' title='bbox 566 2443 703 2496; x_wconf 88' lang='lat' dir='ltr'><strong>ritus</strong></span> <span class='ocrx_word' id='word_1_308' title='bbox 728 2454 973 2498; x_wconf 90' lang='lat' dir='ltr'><strong>sanctus.</strong></span> <span class='ocrx_word' id='word_1_309' title='bbox 1020 2442 1075 2496; x_wconf 89' lang='lat' dir='ltr'><strong>Si</strong></span> <span class='ocrx_word' id='word_1_310' title='bbox 1109 2454 1290 2498; x_wconf 88' lang='lat' dir='ltr'><strong>autem</strong></span> <span class='ocrx_word' id='word_1_311' title='bbox 1319 2445 1372 2498; x_wconf 91' lang='lat' dir='ltr'><strong>in</strong></span> <span class='ocrx_word' id='word_1_312' title='bbox 1406 2447 1567 2500; x_wconf 90' lang='lat' dir='ltr'><strong>nobis</strong></span> <span class='ocrx_word' id='word_1_313' title='bbox 1599 2446 1702 2502; x_wconf 91' lang='lat' dir='ltr'><strong>hoc</strong></span> <span class='ocrx_word' id='word_1_314' title='bbox 1733 2448 1955 2517; x_wconf 89' lang='lat' dir='ltr'><strong>impium</strong></span> <span class='ocrx_word' id='word_1_315' title='bbox 1988 2449 2150 2503; x_wconf 73' lang='lat' dir='ltr'><strong>fuerit</strong></span> 
     </span>
    </p>
   </div>
   <div class='ocr_carea' id='block_1_41' title="bbox 566 2535 2148 2606">
    <p class='ocr_par' dir='ltr' id='par_1_41' title="bbox 566 2535 2148 2606">
     <span class='ocr_line' id='line_1_41' title="bbox 566 2535 2148 2606; baseline 0.004 -20"><span class='ocrx_word' id='word_1_316' title='bbox 566 2535 767 2590; x_wconf 79' lang='lat' dir='ltr'><strong>factum</strong></span> <span class='ocrx_word' id='word_1_317' title='bbox 818 2535 1192 2605; x_wconf 86' lang='lat' dir='ltr'><strong>denegationis</strong></span> <span class='ocrx_word' id='word_1_318' title='bbox 1227 2549 1544 2606; x_wconf 89' lang='lat' dir='ltr'><strong>peccatum,</strong></span> <span class='ocrx_word' id='word_1_319' title='bbox 1581 2539 1764 2592; x_wconf 87' lang='lat' dir='ltr'><strong>omnia</strong></span> <span class='ocrx_word' id='word_1_320' title='bbox 1809 2538 1921 2592; x_wconf 79' lang='lat' dir='ltr'><strong>haec</strong></span> <span class='ocrx_word' id='word_1_321' title='bbox 1967 2541 2148 2594; x_wconf 78' lang='lat' dir='ltr'><strong>dicere</strong></span> 
     </span>
    </p>
   </div>
   <div class='ocr_carea' id='block_1_42' title="bbox 567 2626 2148 2699">
    <p class='ocr_par' dir='ltr' id='par_1_42' title="bbox 567 2626 2148 2699">
     <span class='ocr_line' id='line_1_42' title="bbox 567 2626 2148 2699; baseline 0.004 -22"><span class='ocrx_word' id='word_1_322' title='bbox 567 2626 842 2688; x_wconf 79' lang='lat' dir='ltr'><strong>convenit,</strong></span> <span class='ocrx_word' id='word_1_323' title='bbox 895 2628 1155 2695; x_wconf 88' lang='lat' dir='ltr'><strong>quoniam</strong></span> <span class='ocrx_word' id='word_1_324' title='bbox 1187 2640 1240 2682; x_wconf 91' lang='lat' dir='ltr'><strong>ct</strong></span> <span class='ocrx_word' id='word_1_325' title='bbox 1271 2629 1323 2680; x_wconf 89' lang='lat' dir='ltr'><strong>in</strong></span> <span class='ocrx_word' id='word_1_326' title='bbox 1352 2629 1618 2699; x_wconf 77' lang='lat' dir='ltr'><strong>sanguine</strong></span> <span class='ocrx_word' id='word_1_327' title='bbox 1663 2631 1970 2684; x_wconf 87' lang='lat' dir='ltr'><strong>testamenti</strong></span> <span class='ocrx_word' id='word_1_328' title='bbox 2021 2647 2148 2684; x_wconf 83' lang='lat' dir='ltr'><strong>san-</strong></span> 
     </span>
    </p>
   </div>
   <div class='ocr_carea' id='block_1_43' title="bbox 563 2705 2147 2788">
    <p class='ocr_par' dir='ltr' id='par_1_43' title="bbox 563 2705 2147 2788">
     <span class='ocr_line' id='line_1_43' title="bbox 563 2705 2147 2788; baseline 0.005 -22"><span class='ocrx_word' id='word_1_329' title='bbox 563 2705 780 2768; x_wconf 58' lang='lat' dir='ltr'><strong>ctiﬁcati</strong></span> <span class='ocrx_word' id='word_1_330' title='bbox 811 2732 1003 2770; x_wconf 88' lang='lat' dir='ltr'><strong>sumus</strong></span> <span class='ocrx_word' id='word_1_331' title='bbox 1034 2725 1088 2770; x_wconf 95' lang='lat' dir='ltr'><strong>et</strong></span> <span class='ocrx_word' id='word_1_332' title='bbox 1119 2715 1381 2785; x_wconf 88' lang='lat' dir='ltr'><strong>Spiritum</strong></span> <span class='ocrx_word' id='word_1_333' title='bbox 1410 2719 1596 2788; x_wconf 75' lang='lat' dir='ltr'><strong>gratia:</strong></span> <span class='ocrx_word' id='word_1_334' title='bbox 1618 2719 1980 2788; x_wconf 84' lang='lat' dir='ltr'><strong>suscepimus.</strong></span> <span class='ocrx_word' id='word_1_335' title='bbox 2012 2719 2147 2775; x_wconf 80' lang='lat' dir='ltr'><strong>Pro-</strong></span> 
     </span>
    </p>
   </div>
   <div class='ocr_carea' id='block_1_44' title="bbox 563 2811 2145 2880">
    <p class='ocr_par' dir='ltr' id='par_1_44' title="bbox 563 2811 2145 2880">
     <span class='ocr_line' id='line_1_44' title="bbox 563 2811 2145 2880; baseline 0.006 -22"><span class='ocrx_word' id='word_1_336' title='bbox 563 2819 746 2875; x_wconf 83' lang='lat' dir='ltr'><strong>pterea</strong></span> <span class='ocrx_word' id='word_1_337' title='bbox 811 2821 1157 2861; x_wconf 86' lang='lat' dir='ltr'><strong>communem</strong></span> <span class='ocrx_word' id='word_1_338' title='bbox 1224 2819 1416 2878; x_wconf 87' lang='lat' dir='ltr'><strong>putare</strong></span> <span class='ocrx_word' id='word_1_339' title='bbox 1465 2811 1787 2880; x_wconf 86' lang='lat' dir='ltr'><strong>sanguinem</strong></span> <span class='ocrx_word' id='word_1_340' title='bbox 1837 2813 2145 2867; x_wconf 87' lang='lat' dir='ltr'><strong>testamenti</strong></span> 
     </span>
    </p>
   </div>
   <div class='ocr_carea' id='block_1_45' title="bbox 563 2898 2146 2971">
    <p class='ocr_par' dir='ltr' id='par_1_45' title="bbox 563 2898 2146 2971">
     <span class='ocr_line' id='line_1_45' title="bbox 563 2898 2146 2971; baseline 0.005 -22"><span class='ocrx_word' id='word_1_341' title='bbox 563 2898 1043 2964; x_wconf 84' lang='lat' dir='ltr'><strong>pretiosissimum,</strong></span> <span class='ocrx_word' id='word_1_342' title='bbox 1073 2908 1126 2952; x_wconf 88' lang='lat' dir='ltr'><strong>et</strong></span> <span class='ocrx_word' id='word_1_343' title='bbox 1149 2899 1412 2968; x_wconf 88' lang='lat' dir='ltr'><strong>injuriare</strong></span> <span class='ocrx_word' id='word_1_344' title='bbox 1442 2899 1704 2970; x_wconf 88' lang='lat' dir='ltr'><strong>Spiritum</strong></span> <span class='ocrx_word' id='word_1_345' title='bbox 1742 2904 1948 2971; x_wconf 65' lang='lat' dir='ltr'><strong>gratiae,</strong></span> <span class='ocrx_word' id='word_1_346' title='bbox 1968 2904 2146 2958; x_wconf 85' lang='lat' dir='ltr'><strong>omni-</strong></span> 
     </span>
    </p>
   </div>
   <div class='ocr_carea' id='block_1_46' title="bbox 564 2987 2144 3056">
    <p class='ocr_par' dir='ltr' id='par_1_46' title="bbox 564 2987 2144 3056">
     <span class='ocr_line' id='line_1_46' title="bbox 564 2987 2144 3056; baseline 0.007 -18"><span class='ocrx_word' id='word_1_347' title='bbox 564 2987 664 3039; x_wconf 84' lang='lat' dir='ltr'><strong>bus</strong></span> <span class='ocrx_word' id='word_1_348' title='bbox 695 2989 929 3055; x_wconf 83' lang='lat' dir='ltr'><strong>peccatis</strong></span> <span class='ocrx_word' id='word_1_349' title='bbox 963 2987 1204 3042; x_wconf 89' lang='lat' dir='ltr'><strong>deterius</strong></span> <span class='ocrx_word' id='word_1_350' title='bbox 1231 2999 1348 3056; x_wconf 91' lang='lat' dir='ltr'><strong>est,</strong></span> <span class='ocrx_word' id='word_1_351' title='bbox 1388 2992 1461 3044; x_wconf 88' lang='lat' dir='ltr'><strong>ita</strong></span> <span class='ocrx_word' id='word_1_352' title='bbox 1497 3001 1552 3045; x_wconf 91' lang='lat' dir='ltr'><strong>ut</strong></span> <span class='ocrx_word' id='word_1_353' title='bbox 1585 3007 1685 3047; x_wconf 89' lang='lat' dir='ltr'><strong>nec</strong></span> <span class='ocrx_word' id='word_1_354' title='bbox 1717 2993 1770 3046; x_wconf 93' lang='lat' dir='ltr'><strong>in</strong></span> <span class='ocrx_word' id='word_1_355' title='bbox 1813 2993 1916 3048; x_wconf 89' lang='lat' dir='ltr'><strong>hoc</strong></span> <span class='ocrx_word' id='word_1_356' title='bbox 1945 2994 2144 3049; x_wconf 66' lang='lat' dir='ltr'><strong>saeculo</strong></span> 
     </span>
    </p>
   </div>
   <div class='ocr_carea' id='block_1_47' title="bbox 563 3077 2143 3153">
    <p class='ocr_par' dir='ltr' id='par_1_47' title="bbox 563 3077 2143 3153">
     <span class='ocr_line' id='line_1_47' title="bbox 563 3077 2143 3153; baseline 0.006 -24"><span class='ocrx_word' id='word_1_357' title='bbox 563 3093 661 3130; x_wconf 89' lang='lat' dir='ltr'><strong>nec</strong></span> <span class='ocrx_word' id='word_1_358' title='bbox 707 3078 759 3130; x_wconf 90' lang='lat' dir='ltr'><strong>in</strong></span> <span class='ocrx_word' id='word_1_359' title='bbox 796 3077 980 3132; x_wconf 83' lang='lat' dir='ltr'><strong>futuro</strong></span> <span class='ocrx_word' id='word_1_360' title='bbox 1013 3078 1393 3134; x_wconf 80' lang='lat' dir='ltr'><strong>remissionem</strong></span> <span class='ocrx_word' id='word_1_361' title='bbox 1441 3082 1718 3150; x_wconf 90' lang='lat' dir='ltr'><strong>possimus</strong></span> <span class='ocrx_word' id='word_1_362' title='bbox 1765 3085 2046 3153; x_wconf 87' lang='lat' dir='ltr'><strong>accipere,</strong></span> <span class='ocrx_word' id='word_1_363' title='bbox 2097 3085 2143 3139; x_wconf 89' lang='lat' dir='ltr'><strong>si</strong></span> 
     </span>
    </p>
   </div>
   <div class='ocr_carea' id='block_1_48' title="bbox 564 3166 2142 3244">
    <p class='ocr_par' dir='ltr' id='par_1_48' title="bbox 564 3166 2142 3244">
     <span class='ocr_line' id='line_1_48' title="bbox 564 3166 2142 3244; baseline 0.006 -24"><span class='ocrx_word' id='word_1_364' title='bbox 564 3169 658 3222; x_wconf 84' lang='lat' dir='ltr'><strong>Dei</strong></span> <span class='ocrx_word' id='word_1_365' title='bbox 709 3166 905 3222; x_wconf 86' lang='lat' dir='ltr'><strong>Filium</strong></span> <span class='ocrx_word' id='word_1_366' title='bbox 956 3169 1308 3239; x_wconf 89' lang='lat' dir='ltr'><strong>denegemus.</strong></span> <span class='ocrx_word' id='word_1_367' title='bbox 1365 3171 1632 3237; x_wconf 84' lang='lat' dir='ltr'><strong>Quoniam</strong></span> <span class='ocrx_word' id='word_1_368' title='bbox 1680 3188 1811 3244; x_wconf 82' lang='lat' dir='ltr'><strong>ergo</strong></span> <span class='ocrx_word' id='word_1_369' title='bbox 1856 3177 2014 3230; x_wconf 89' lang='lat' dir='ltr'><strong>nobis</strong></span> <span class='ocrx_word' id='word_1_370' title='bbox 2039 3193 2142 3230; x_wconf 75' lang='lat' dir='ltr'><strong>nox</strong></span> 
     </span>
    </p>
   </div>
   <div class='ocr_carea' id='block_1_49' title="bbox 557 3279 2140 3352">
    <p class='ocr_par' dir='ltr' id='par_1_49' title="bbox 557 3279 2140 3352">
     <span class='ocr_line' id='line_1_49' title="bbox 557 3279 2140 3352; baseline 0.002 -20"><span class='ocrx_word' id='word_1_371' title='bbox 557 3279 815 3348; x_wconf 83' lang='lat' dir='ltr'><strong>promovit</strong></span> <span class='ocrx_word' id='word_1_372' title='bbox 837 3321 852 3346; x_wconf 91' lang='lat'><strong>,</strong></span> <span class='ocrx_word' id='word_1_373' title='bbox 884 3279 995 3332; x_wconf 85' lang='lat' dir='ltr'><strong>dies</strong></span> <span class='ocrx_word' id='word_1_374' title='bbox 1029 3291 1203 3333; x_wconf 89' lang='lat' dir='ltr'><strong>autem</strong></span> <span class='ocrx_word' id='word_1_375' title='bbox 1239 3281 1676 3350; x_wconf 84' lang='lat' dir='ltr'><strong>appropinquavit</strong></span> <span class='ocrx_word' id='word_1_376' title='bbox 1706 3281 1788 3348; x_wconf 74' lang='grc' dir='ltr'><strong>ἰ,</strong></span> <span class='ocrx_word' id='word_1_377' title='bbox 1841 3290 1894 3336; x_wconf 89' lang='lat' dir='ltr'><strong>et</strong></span> <span class='ocrx_word' id='word_1_378' title='bbox 1923 3282 2140 3352; x_wconf 86' lang='lat' dir='ltr'><strong>signum</strong></span> 
     </span>
    </p>
   </div>
   <div class='ocr_carea' id='block_1_50' title="bbox 559 3371 2139 3444">
    <p class='ocr_par' dir='ltr' id='par_1_50' title="bbox 559 3371 2139 3444">
     <span class='ocr_line' id='line_1_50' title="bbox 559 3371 2139 3444; baseline 0.003 -20"><span class='ocrx_word' id='word_1_379' title='bbox 559 3371 665 3425; x_wconf 84' lang='lat' dir='ltr'><strong>diei</strong></span> <span class='ocrx_word' id='word_1_380' title='bbox 698 3371 822 3441; x_wconf 91' lang='lat' dir='ltr'><strong>galli</strong></span> <span class='ocrx_word' id='word_1_381' title='bbox 851 3381 1044 3426; x_wconf 88' lang='lat' dir='ltr'><strong>cantus</strong></span> <span class='ocrx_word' id='word_1_382' title='bbox 1075 3372 1320 3426; x_wconf 87' lang='lat' dir='ltr'><strong>insonuit</strong></span> <span class='ocrx_word' id='word_1_383' title='bbox 1343 3372 1522 3436; x_wconf 89' lang='lat' dir='ltr'><strong>nobis,</strong></span> <span class='ocrx_word' id='word_1_384' title='bbox 1551 3381 1837 3442; x_wconf 82' lang='lat' dir='ltr'><strong>prOpterca</strong></span> <span class='ocrx_word' id='word_1_385' title='bbox 1871 3390 2046 3444; x_wconf 89' lang='lat' dir='ltr'><strong>usque</strong></span> <span class='ocrx_word' id='word_1_386' title='bbox 2071 3374 2139 3429; x_wconf 80' lang='lat' dir='ltr'><strong>ad</strong></span> 
     </span>
    </p>
   </div>
   <div class='ocr_carea' id='block_1_51' title="bbox 557 3464 2141 3531">
    <p class='ocr_par' dir='ltr' id='par_1_51' title="bbox 557 3464 2141 3531">
     <span class='ocr_line' id='line_1_51' title="bbox 557 3464 2141 3531; baseline 0.001 -15"><span class='ocrx_word' id='word_1_387' title='bbox 557 3464 880 3530; x_wconf 79' lang='lat' dir='ltr'><strong>sanguinem</strong></span> <span class='ocrx_word' id='word_1_388' title='bbox 930 3470 1136 3515; x_wconf 87' lang='lat' dir='ltr'><strong>stemus</strong></span> <span class='ocrx_word' id='word_1_389' title='bbox 1184 3471 1374 3515; x_wconf 83' lang='lat' dir='ltr'><strong>contra</strong></span> <span class='ocrx_word' id='word_1_390' title='bbox 1406 3475 1690 3531; x_wconf 86' lang='lat' dir='ltr'><strong>peccatum</strong></span> <span class='ocrx_word' id='word_1_391' title='bbox 1731 3473 2040 3527; x_wconf 89' lang='lat' dir='ltr'><strong>certantes,</strong></span> <span class='ocrx_word' id='word_1_392' title='bbox 2087 3472 2141 3518; x_wconf 89' lang='lat' dir='ltr'><strong>et</strong></span> 
     </span>
    </p>
   </div>
   <div class='ocr_carea' id='block_1_52' title="bbox 557 3553 2137 3622">
    <p class='ocr_par' dir='ltr' id='par_1_52' title="bbox 557 3553 2137 3622">
     <span class='ocr_line' id='line_1_52' title="bbox 557 3553 2137 3622; baseline 0.003 -18"><span class='ocrx_word' id='word_1_393' title='bbox 557 3561 780 3622; x_wconf 77' lang='lat' dir='ltr'><strong>propter</strong></span> <span class='ocrx_word' id='word_1_394' title='bbox 839 3553 1162 3607; x_wconf 84' lang='lat' dir='ltr'><strong>charitatem</strong></span> <span class='ocrx_word' id='word_1_395' title='bbox 1221 3567 1504 3622; x_wconf 91' lang='lat' dir='ltr'><strong>nunquam</strong></span> <span class='ocrx_word' id='word_1_396' title='bbox 1557 3554 1899 3609; x_wconf 81' lang='lat' dir='ltr'><strong>excidentem</strong></span> <span class='ocrx_word' id='word_1_397' title='bbox 1951 3555 2137 3610; x_wconf 91' lang='lat' dir='ltr'><strong>omnia</strong></span> 
     </span>
    </p>
   </div>
   <div class='ocr_carea' id='block_1_53' title="bbox 557 3641 2139 3716">
    <p class='ocr_par' dir='ltr' id='par_1_53' title="bbox 557 3641 2139 3716">
     <span class='ocr_line' id='line_1_53' title="bbox 557 3641 2139 3716; baseline 0.002 -18"><span class='ocrx_word' id='word_1_398' title='bbox 557 3646 909 3706; x_wconf 84' lang='lat' dir='ltr'><strong>sull&#39;cramus,</strong></span> <span class='ocrx_word' id='word_1_399' title='bbox 963 3653 1023 3695; x_wconf 90' lang='lat' dir='ltr'><strong>ut</strong></span> <span class='ocrx_word' id='word_1_400' title='bbox 1075 3657 1199 3695; x_wconf 93' lang='lat' dir='ltr'><strong>cum</strong></span> <span class='ocrx_word' id='word_1_401' title='bbox 1249 3641 1504 3712; x_wconf 79' lang='lat' dir='ltr'><strong>perfectis</strong></span> <span class='ocrx_word' id='word_1_402' title='bbox 1537 3644 1592 3698; x_wconf 88' lang='lat' dir='ltr'><strong>in</strong></span> <span class='ocrx_word' id='word_1_403' title='bbox 1642 3659 1704 3699; x_wconf 88' lang='lat' dir='ltr'><strong>ea</strong></span> <span class='ocrx_word' id='word_1_404' title='bbox 1735 3655 2139 3716; x_wconf 83' lang='lat' dir='ltr'><strong>consequamur</strong></span> 
     </span>
    </p>
   </div>
   <div class='ocr_carea' id='block_1_54' title="bbox 558 3733 2137 3809">
    <p class='ocr_par' dir='ltr' id='par_1_54' title="bbox 558 3733 2137 3809">
     <span class='ocr_line' id='line_1_54' title="bbox 558 3733 2137 3809; baseline 0.004 -22"><span class='ocrx_word' id='word_1_405' title='bbox 558 3735 950 3789; x_wconf 77' lang='lat' dir='ltr'><strong>lnereditatem.</strong></span> <span class='ocrx_word' id='word_1_406' title='bbox 1013 3733 1078 3787; x_wconf 77' lang='lat' dir='ltr'><strong>Et</strong></span> <span class='ocrx_word' id='word_1_407' title='bbox 1108 3735 1212 3789; x_wconf 91' lang='lat' dir='ltr'><strong>hoc</strong></span> <span class='ocrx_word' id='word_1_408' title='bbox 1255 3735 1510 3802; x_wconf 90' lang='lat' dir='ltr'><strong>attende,</strong></span> <span class='ocrx_word' id='word_1_409' title='bbox 1559 3738 1821 3806; x_wconf 89' lang='lat' dir='ltr'><strong>quoniam</strong></span> <span class='ocrx_word' id='word_1_410' title='bbox 1856 3748 1982 3793; x_wconf 87' lang='lat' dir='ltr'><strong>ante</strong></span> <span class='ocrx_word' id='word_1_411' title='bbox 2011 3739 2137 3809; x_wconf 81' lang='lat' dir='ltr'><strong>galli</strong></span> 
     </span>
    </p>
   </div>
   <div class='ocr_carea' id='block_1_55' title="bbox 556 3825 2138 3900">
    <p class='ocr_par' dir='ltr' id='par_1_55' title="bbox 556 3825 2138 3900">
     <span class='ocr_line' id='line_1_55' title="bbox 556 3825 2138 3900; baseline 0.002 -18"><span class='ocrx_word' id='word_1_412' title='bbox 556 3837 799 3894; x_wconf 83' lang='lat' dir='ltr'><strong>cantum,</strong></span> <span class='ocrx_word' id='word_1_413' title='bbox 848 3837 902 3882; x_wconf 90' lang='lat' dir='ltr'><strong>et</strong></span> <span class='ocrx_word' id='word_1_414' title='bbox 951 3836 1076 3882; x_wconf 87' lang='lat' dir='ltr'><strong>ante</strong></span> <span class='ocrx_word' id='word_1_415' title='bbox 1105 3825 1369 3897; x_wconf 89' lang='lat' dir='ltr'><strong>Spiritum</strong></span> <span class='ocrx_word' id='word_1_416' title='bbox 1421 3837 1694 3894; x_wconf 89' lang='lat' dir='ltr'><strong>sanctum,</strong></span> <span class='ocrx_word' id='word_1_417' title='bbox 1731 3841 1786 3884; x_wconf 89' lang='lat' dir='ltr'><strong>et</strong></span> <span class='ocrx_word' id='word_1_418' title='bbox 1812 3831 1864 3884; x_wconf 90' lang='lat' dir='ltr'><strong>in</strong></span> <span class='ocrx_word' id='word_1_419' title='bbox 1895 3842 2138 3900; x_wconf 88' lang='lat' dir='ltr'><strong>tempore</strong></span> 
     </span>
    </p>
   </div>
   <div class='ocr_carea' id='block_1_56' title="bbox 554 3919 2132 3993">
    <p class='ocr_par' dir='ltr' id='par_1_56' title="bbox 554 3919 2132 3993">
     <span class='ocr_line' id='line_1_56' title="bbox 554 3919 2132 3993; baseline 0.001 -18"><span class='ocrx_word' id='word_1_420' title='bbox 554 3922 732 3975; x_wconf 88' lang='lat' dir='ltr'><strong>noctis</strong></span> <span class='ocrx_word' id='word_1_421' title='bbox 769 3919 1073 3989; x_wconf 69' lang='lat' dir='ltr'><strong>profundae,</strong></span> <span class='ocrx_word' id='word_1_422' title='bbox 1092 3921 1306 3975; x_wconf 87' lang='lat' dir='ltr'><strong>etiamsi</strong></span> <span class='ocrx_word' id='word_1_423' title='bbox 1341 3919 1654 3989; x_wconf 74' lang='lat' dir='ltr'><strong>frequenter</strong></span> <span class='ocrx_word' id='word_1_424' title='bbox 1680 3921 1965 3993; x_wconf 76' lang='lat' dir='ltr'><strong>denegavit</strong></span> <span class='ocrx_word' id='word_1_425' title='bbox 1987 3923 2132 3992; x_wconf 81' lang='lat' dir='ltr'><strong>quis,</strong></span> 
     </span>
    </p>
   </div>
   <div class='ocr_carea' id='block_1_57' title="bbox 553 4009 2137 4084">
    <p class='ocr_par' dir='ltr' id='par_1_57' title="bbox 553 4009 2137 4084">
     <span class='ocr_line' id='line_1_57' title="bbox 553 4009 2137 4084; baseline 0.002 -18"><span class='ocrx_word' id='word_1_426' title='bbox 553 4012 735 4067; x_wconf 88' lang='lat' dir='ltr'><strong>vivere</strong></span> <span class='ocrx_word' id='word_1_427' title='bbox 768 4020 943 4080; x_wconf 79' lang='lat' dir='ltr'><strong>p.;test</strong></span> <span class='ocrx_word' id='word_1_428' title='bbox 972 4029 986 4066; x_wconf 89' lang='lat'><strong>:</strong></span> <span class='ocrx_word' id='word_1_429' title='bbox 1021 4013 1164 4080; x_wconf 92' lang='lat' dir='ltr'><strong>quod</strong></span> <span class='ocrx_word' id='word_1_430' title='bbox 1199 4009 1550 4066; x_wconf 83' lang='lat' dir='ltr'><strong>manifestum</strong></span> <span class='ocrx_word' id='word_1_431' title='bbox 1577 4021 1658 4066; x_wconf 85' lang='lat' dir='ltr'><strong>est</strong></span> <span class='ocrx_word' id='word_1_432' title='bbox 1683 4027 1748 4066; x_wconf 90' lang='lat' dir='ltr'><strong>ex</strong></span> <span class='ocrx_word' id='word_1_433' title='bbox 1787 4028 1852 4068; x_wconf 88' lang='lat' dir='ltr'><strong>eo</strong></span> <span class='ocrx_word' id='word_1_434' title='bbox 1882 4015 2028 4084; x_wconf 90' lang='lat' dir='ltr'><strong>quod</strong></span> <span class='ocrx_word' id='word_1_435' title='bbox 2055 4025 2137 4069; x_wconf 86' lang='lat' dir='ltr'><strong>ter</strong></span> 
     </span>
    </p>
   </div>
   <div class='ocr_carea' id='block_1_58' title="bbox 551 4098 2135 4173">
    <p class='ocr_par' dir='ltr' id='par_1_58' title="bbox 551 4098 2135 4173">
     <span class='ocr_line' id='line_1_58' title="bbox 551 4098 2135 4173; baseline 0.003 -18"><span class='ocrx_word' id='word_1_436' title='bbox 551 4101 839 4170; x_wconf 83' lang='lat' dir='ltr'><strong>denegavit</strong></span> <span class='ocrx_word' id='word_1_437' title='bbox 863 4099 1076 4154; x_wconf 84' lang='lat' dir='ltr'><strong>Petrus.</strong></span> <span class='ocrx_word' id='word_1_438' title='bbox 1140 4098 1195 4154; x_wconf 86' lang='lat' dir='ltr'><strong>Si</strong></span> <span class='ocrx_word' id='word_1_439' title='bbox 1231 4109 1411 4155; x_wconf 86' lang='lat' dir='ltr'><strong>autem</strong></span> <span class='ocrx_word' id='word_1_440' title='bbox 1439 4108 1562 4170; x_wconf 88' lang='lat' dir='ltr'><strong>post</strong></span> <span class='ocrx_word' id='word_1_441' title='bbox 1605 4103 1728 4173; x_wconf 85' lang='lat' dir='ltr'><strong>galli</strong></span> <span class='ocrx_word' id='word_1_442' title='bbox 1775 4116 2018 4170; x_wconf 87' lang='lat' dir='ltr'><strong>cantum,</strong></span> <span class='ocrx_word' id='word_1_443' title='bbox 2052 4105 2135 4160; x_wconf 85' lang='lat' dir='ltr'><strong>vel</strong></span> 
     </span>
    </p>
   </div>
   <div class='ocr_carea' id='block_1_59' title="bbox 552 4193 2136 4265">
    <p class='ocr_par' dir='ltr' id='par_1_59' title="bbox 552 4193 2136 4265">
     <span class='ocr_line' id='line_1_59' title="bbox 552 4193 2136 4265; baseline 0.001 -17"><span class='ocrx_word' id='word_1_444' title='bbox 552 4196 722 4249; x_wconf 87' lang='lat' dir='ltr'><strong>semel</strong></span> <span class='ocrx_word' id='word_1_445' title='bbox 753 4195 806 4249; x_wconf 91' lang='lat' dir='ltr'><strong>in</strong></span> <span class='ocrx_word' id='word_1_446' title='bbox 835 4209 1162 4264; x_wconf 84' lang='lat' dir='ltr'><strong>quocunque</strong></span> <span class='ocrx_word' id='word_1_447' title='bbox 1191 4193 1434 4263; x_wconf 90' lang='lat' dir='ltr'><strong>periculo</strong></span> <span class='ocrx_word' id='word_1_448' title='bbox 1468 4196 1803 4249; x_wconf 88' lang='lat' dir='ltr'><strong>constitutus</strong></span> <span class='ocrx_word' id='word_1_449' title='bbox 1850 4195 2136 4265; x_wconf 76' lang='lat' dir='ltr'><strong>denegavit</strong></span> 
     </span>
    </p>
   </div>
   <div class='ocr_carea' id='block_1_60' title="bbox 551 4285 2131 4356">
    <p class='ocr_par' dir='ltr' id='par_1_60' title="bbox 551 4285 2131 4356">
     <span class='ocr_line' id='line_1_60' title="bbox 551 4285 2131 4356; baseline 0.003 -20"><span class='ocrx_word' id='word_1_450' title='bbox 551 4286 708 4356; x_wconf 82' lang='lat' dir='ltr'><strong>quis,</strong></span> <span class='ocrx_word' id='word_1_451' title='bbox 746 4285 1084 4355; x_wconf 86' lang='lat' dir='ltr'><strong>impossibile</strong></span> <span class='ocrx_word' id='word_1_452' title='bbox 1127 4293 1212 4338; x_wconf 90' lang='lat' dir='ltr'><strong>est</strong></span> <span class='ocrx_word' id='word_1_453' title='bbox 1251 4299 1376 4338; x_wconf 86' lang='lat' dir='ltr'><strong>eum</strong></span> <span class='ocrx_word' id='word_1_454' title='bbox 1421 4285 1670 4338; x_wconf 89' lang='lat' dir='ltr'><strong>renovari</strong></span> <span class='ocrx_word' id='word_1_455' title='bbox 1705 4286 1758 4338; x_wconf 93' lang='lat' dir='ltr'><strong>in</strong></span> <span class='ocrx_word' id='word_1_456' title='bbox 1795 4286 2131 4354; x_wconf 75' lang='lat' dir='ltr'><strong>ptenitentia,</strong></span> 
     </span>
    </p>
   </div>
   <div class='ocr_carea' id='block_1_61' title="bbox 553 4375 2128 4445">
    <p class='ocr_par' dir='ltr' id='par_1_61' title="bbox 553 4375 2128 4445">
     <span class='ocr_line' id='line_1_61' title="bbox 553 4375 2128 4445; baseline -0.001 -12"><span class='ocrx_word' id='word_1_457' title='bbox 553 4390 610 4433; x_wconf 88' lang='lat' dir='ltr'><strong>ut</strong></span> <span class='ocrx_word' id='word_1_458' title='bbox 637 4379 832 4432; x_wconf 88' lang='lat' dir='ltr'><strong>iterum</strong></span> <span class='ocrx_word' id='word_1_459' title='bbox 861 4377 1142 4445; x_wconf 84' lang='lat' dir='ltr'><strong>eruciligat</strong></span> <span class='ocrx_word' id='word_1_460' title='bbox 1169 4376 1270 4430; x_wconf 85' lang='lat' dir='ltr'><strong>sibi</strong></span> <span class='ocrx_word' id='word_1_461' title='bbox 1308 4375 1505 4430; x_wconf 87' lang='lat' dir='ltr'><strong>Filium</strong></span> <span class='ocrx_word' id='word_1_462' title='bbox 1542 4377 1634 4430; x_wconf 82' lang='lat' dir='ltr'><strong>Dei</strong></span> <span class='ocrx_word' id='word_1_463' title='bbox 1669 4377 1738 4428; x_wconf 79' lang='grc'><strong>⁷³.</strong></span> <span class='ocrx_word' id='word_1_464' title='bbox 1813 4377 1917 4442; x_wconf 89' lang='lat' dir='ltr'><strong>Qui</strong></span> <span class='ocrx_word' id='word_1_465' title='bbox 1947 4386 2128 4432; x_wconf 87' lang='lat' dir='ltr'><strong>autem</strong></span> 
     </span>
    </p>
   </div>
   <div class='ocr_carea' id='block_1_62' title="bbox 552 4467 2206 4552">
    <p class='ocr_par' dir='ltr' id='par_1_62' title="bbox 552 4467 2206 4552">
     <span class='ocr_line' id='line_1_62' title="bbox 552 4467 2206 4552; baseline 0.001 -29"><span class='ocrx_word' id='word_1_466' title='bbox 552 4471 605 4524; x_wconf 91' lang='lat' dir='ltr'><strong>in</strong></span> <span class='ocrx_word' id='word_1_467' title='bbox 654 4468 964 4539; x_wconf 87' lang='lat' dir='ltr'><strong>hujusmodi</strong></span> <span class='ocrx_word' id='word_1_468' title='bbox 1012 4469 1391 4538; x_wconf 90' lang='lat' dir='ltr'><strong>denegationis</strong></span> <span class='ocrx_word' id='word_1_469' title='bbox 1437 4479 1657 4538; x_wconf 84' lang='lat' dir='ltr'><strong>peccato</strong></span> <span class='ocrx_word' id='word_1_470' title='bbox 1688 4467 1852 4523; x_wconf 83' lang='lat' dir='ltr'><strong>fuerit</strong></span> <span class='ocrx_word' id='word_1_471' title='bbox 1879 4483 2128 4540; x_wconf 85' lang='lat' dir='ltr'><strong>compre—</strong></span> <span class='ocrx_word' id='word_1_472' title='bbox 2161 4496 2206 4552; x_wconf 69' lang='grc' dir='ltr'><strong>Β</strong></span> 
     </span>
    </p>
   </div>
   <div class='ocr_carea' id='block_1_63' title="bbox 552 4559 2129 4636">
    <p class='ocr_par' dir='ltr' id='par_1_63' title="bbox 552 4559 2129 4636">
     <span class='ocr_line' id='line_1_63' title="bbox 552 4559 2129 4636; baseline 0.002 -24"><span class='ocrx_word' id='word_1_473' title='bbox 552 4561 791 4626; x_wconf 85' lang='lat' dir='ltr'><strong>hensus,</strong></span> <span class='ocrx_word' id='word_1_474' title='bbox 852 4560 1081 4636; x_wconf 84' lang='lat' dir='ltr'><strong>aspiciat</strong></span> <span class='ocrx_word' id='word_1_475' title='bbox 1131 4559 1262 4613; x_wconf 90' lang='lat' dir='ltr'><strong>illud</strong></span> <span class='ocrx_word' id='word_1_476' title='bbox 1305 4561 1448 4629; x_wconf 90' lang='lat' dir='ltr'><strong>quod</strong></span> <span class='ocrx_word' id='word_1_477' title='bbox 1489 4561 1748 4630; x_wconf 89' lang='lat' dir='ltr'><strong>scriptum</strong></span> <span class='ocrx_word' id='word_1_478' title='bbox 1795 4561 1995 4616; x_wconf 83' lang='lat' dir='ltr'><strong>est&quot;:</strong></span> <span class='ocrx_word' id='word_1_479' title='bbox 2041 4559 2129 4615; x_wconf 77' lang='lat' dir='ltr'><strong>Va:</strong></span> 
     </span>
    </p>
   </div>
   <div class='ocr_carea' id='block_1_64' title="bbox 550 4651 2124 4722">
    <p class='ocr_par' dir='ltr' id='par_1_64' title="bbox 550 4651 2124 4722">
     <span class='ocr_line' id='line_1_64' title="bbox 550 4651 2124 4722; baseline 0.002 -19"><span class='ocrx_word' id='word_1_480' title='bbox 550 4651 630 4704; x_wconf 85' lang='lat' dir='ltr'><strong>Itis</strong></span> <span class='ocrx_word' id='word_1_481' title='bbox 667 4653 754 4721; x_wconf 87' lang='lat' dir='ltr'><strong>qui</strong></span> <span class='ocrx_word' id='word_1_482' title='bbox 805 4651 1082 4703; x_wconf 63' lang='lat' dir='ltr'><strong>attrahul</strong></span> <span class='ocrx_word' id='word_1_483' title='bbox 1123 4661 1336 4720; x_wconf 87' lang='lat' dir='ltr'><strong>peccata</strong></span> <span class='ocrx_word' id='word_1_484' title='bbox 1363 4669 1461 4704; x_wconf 86' lang='lat' dir='ltr'><strong>sua</strong></span> <span class='ocrx_word' id='word_1_485' title='bbox 1491 4653 1627 4705; x_wconf 85' lang='lat' dir='ltr'><strong>sicut</strong></span> <span class='ocrx_word' id='word_1_486' title='bbox 1670 4653 1846 4722; x_wconf 79' lang='lat' dir='ltr'><strong>funem</strong></span> <span class='ocrx_word' id='word_1_487' title='bbox 1890 4652 2124 4722; x_wconf 86' lang='lat' dir='ltr'><strong>longum,</strong></span> 
     </span>
    </p>
   </div>
   <div class='ocr_carea' id='block_1_65' title="bbox 554 4743 2122 4814">
    <p class='ocr_par' dir='ltr' id='par_1_65' title="bbox 554 4743 2122 4814">
     <span class='ocr_line' id='line_1_65' title="bbox 554 4743 2122 4814; baseline 0.002 -18"><span class='ocrx_word' id='word_1_488' title='bbox 554 4754 598 4796; x_wconf 81' lang='lat' dir='ltr'><strong>rt</strong></span> <span class='ocrx_word' id='word_1_489' title='bbox 624 4745 759 4797; x_wconf 83' lang='lat' dir='ltr'><strong>sicut</strong></span> <span class='ocrx_word' id='word_1_490' title='bbox 783 4743 1094 4812; x_wconf 86' lang='lat' dir='ltr'><strong>jugulorum</strong></span> <span class='ocrx_word' id='word_1_491' title='bbox 1125 4743 1276 4797; x_wconf 85' lang='lat' dir='ltr'><strong>vituli</strong></span> <span class='ocrx_word' id='word_1_492' title='bbox 1322 4744 1627 4814; x_wconf 81' lang='lat' dir='ltr'><strong>iniquitates</strong></span> <span class='ocrx_word' id='word_1_493' title='bbox 1657 4786 1672 4811; x_wconf 98' lang='lat'><strong>,</strong></span> <span class='ocrx_word' id='word_1_494' title='bbox 1705 4753 1756 4799; x_wconf 91' lang='lat' dir='ltr'><strong>et</strong></span> <span class='ocrx_word' id='word_1_495' title='bbox 1793 4761 1899 4798; x_wconf 88' lang='lat' dir='ltr'><strong>non</strong></span> <span class='ocrx_word' id='word_1_496' title='bbox 1931 4745 2076 4798; x_wconf 88' lang='lat' dir='ltr'><strong>dicat</strong></span> <span class='ocrx_word' id='word_1_497' title='bbox 2110 4763 2122 4799; x_wconf 92' lang='lat'>:</span> 
     </span>
    </p>
   </div>
   <div class='ocr_carea' id='block_1_66' title="bbox 551 4834 2128 4906">
    <p class='ocr_par' dir='ltr' id='par_1_66' title="bbox 551 4834 2128 4906">
     <span class='ocr_line' id='line_1_66' title="bbox 551 4834 2128 4906; baseline 0.003 -19"><span class='ocrx_word' id='word_1_498' title='bbox 551 4834 776 4888; x_wconf 82' lang='lat' dir='ltr'><strong>Peccata</strong></span> <span class='ocrx_word' id='word_1_499' title='bbox 827 4844 1006 4886; x_wconf 82' lang='lat' dir='ltr'><strong>nostra</strong></span> <span class='ocrx_word' id='word_1_500' title='bbox 1036 4835 1086 4886; x_wconf 86' lang='lat' dir='ltr'><strong>in</strong></span> <span class='ocrx_word' id='word_1_501' title='bbox 1119 4834 1266 4888; x_wconf 85' lang='lat' dir='ltr'><strong>nobis</strong></span> <span class='ocrx_word' id='word_1_502' title='bbox 1293 4848 1415 4888; x_wconf 85' lang='lat' dir='ltr'><strong>sunt</strong></span> <span class='ocrx_word' id='word_1_503' title='bbox 1436 4877 1450 4902; x_wconf 90' lang='lat'><strong>,</strong></span> <span class='ocrx_word' id='word_1_504' title='bbox 1496 4846 1543 4889; x_wconf 91' lang='lat' dir='ltr'><strong>et</strong></span> <span class='ocrx_word' id='word_1_505' title='bbox 1571 4836 1830 4906; x_wconf 85' lang='lat' dir='ltr'><strong>quomodo</strong></span> <span class='ocrx_word' id='word_1_506' title='bbox 1853 4837 2128 4892; x_wconf 72' lang='lat' dir='ltr'><strong>vivemus?</strong></span> 
     </span>
    </p>
   </div>
   <div class='ocr_carea' id='block_1_67' title="bbox 561 4925 2124 5000">
    <p class='ocr_par' dir='ltr' id='par_1_67' title="bbox 561 4925 2124 5000">
     <span class='ocr_line' id='line_1_67' title="bbox 561 4925 2124 5000; baseline 0.002 -20"><span class='ocrx_word' id='word_1_507' title='bbox 561 4925 706 4992; x_wconf 81' lang='lat' dir='ltr'><strong>Vivo,</strong></span> <span class='ocrx_word' id='word_1_508' title='bbox 740 4927 908 4997; x_wconf 85' lang='lat' dir='ltr'><strong>inquit</strong></span> <span class='ocrx_word' id='word_1_509' title='bbox 942 4927 1196 4981; x_wconf 85' lang='lat' dir='ltr'><strong>Dominus</strong></span> <span class='ocrx_word' id='word_1_510' title='bbox 1218 4969 1232 4992; x_wconf 96' lang='lat'><strong>,</strong></span> <span class='ocrx_word' id='word_1_511' title='bbox 1267 4930 1515 5000; x_wconf 87' lang='lat' dir='ltr'><strong>quoniam</strong></span> <span class='ocrx_word' id='word_1_512' title='bbox 1548 4929 1667 4982; x_wconf 92' lang='lat' dir='ltr'><strong>nolo</strong></span> <span class='ocrx_word' id='word_1_513' title='bbox 1693 4939 1910 4983; x_wconf 89' lang='lat' dir='ltr'><strong>mortem</strong></span> <span class='ocrx_word' id='word_1_514' title='bbox 1936 4946 2124 4997; x_wconf 86' lang='lat' dir='ltr'><strong>pecca-</strong></span> 
     </span>
    </p>
   </div>
   <div class='ocr_carea' id='block_1_68' title="bbox 549 5019 2130 5091">
    <p class='ocr_par' dir='ltr' id='par_1_68' title="bbox 549 5019 2130 5091">
     <span class='ocr_line' id='line_1_68' title="bbox 549 5019 2130 5091; baseline 0.001 -15"><span class='ocrx_word' id='word_1_515' title='bbox 549 5020 704 5082; x_wconf 82' lang='lat' dir='ltr'><strong>toris,</strong></span> <span class='ocrx_word' id='word_1_516' title='bbox 738 5020 826 5073; x_wconf 80' lang='lat' dir='ltr'><strong>sed</strong></span> <span class='ocrx_word' id='word_1_517' title='bbox 855 5021 1214 5087; x_wconf 71' lang='lat' dir='ltr'><strong>pwnitentiam</strong></span> <span class='ocrx_word' id='word_1_518' title='bbox 1241 5021 1304 5075; x_wconf 87' lang='grc'><strong>⁷⁷.</strong></span> <span class='ocrx_word' id='word_1_519' title='bbox 1347 5019 1465 5091; x_wconf 84' lang='lat' dir='ltr'><strong>Ipse</strong></span> <span class='ocrx_word' id='word_1_520' title='bbox 1508 5031 1687 5076; x_wconf 91' lang='lat' dir='ltr'><strong>autem</strong></span> <span class='ocrx_word' id='word_1_521' title='bbox 1725 5022 1827 5078; x_wconf 87' lang='lat' dir='ltr'><strong>scit</strong></span> <span class='ocrx_word' id='word_1_522' title='bbox 1858 5020 1999 5077; x_wconf 86' lang='lat' dir='ltr'><strong>Deus</strong></span> <span class='ocrx_word' id='word_1_523' title='bbox 2021 5063 2035 5086; x_wconf 87' lang='lat'><strong>,</strong></span> <span class='ocrx_word' id='word_1_524' title='bbox 2065 5022 2130 5077; x_wconf 90' lang='lat' dir='ltr'><strong>de</strong></span> 
     </span>
    </p>
   </div>
   <div class='ocr_carea' id='block_1_69' title="bbox 549 5112 2130 5184">
    <p class='ocr_par' dir='ltr' id='par_1_69' title="bbox 549 5112 2130 5184">
     <span class='ocr_line' id='line_1_69' title="bbox 549 5112 2130 5184; baseline 0.002 -18"><span class='ocrx_word' id='word_1_525' title='bbox 549 5128 658 5184; x_wconf 81' lang='lat' dir='ltr'><strong>quo</strong></span> <span class='ocrx_word' id='word_1_526' title='bbox 687 5113 946 5182; x_wconf 90' lang='lat' dir='ltr'><strong>scriptum</strong></span> <span class='ocrx_word' id='word_1_527' title='bbox 975 5124 1053 5166; x_wconf 84' lang='lat' dir='ltr'><strong>est</strong></span> <span class='ocrx_word' id='word_1_528' title='bbox 1082 5113 1127 5147; x_wconf 82' lang='grc'><strong>⁷⁸</strong></span> <span class='ocrx_word' id='word_1_529' title='bbox 1161 5132 1174 5167; x_wconf 90' lang='lat'><strong>:</strong></span> <span class='ocrx_word' id='word_1_530' title='bbox 1213 5112 1279 5166; x_wconf 82' lang='lat' dir='ltr'><strong>Et</strong></span> <span class='ocrx_word' id='word_1_531' title='bbox 1313 5114 1424 5182; x_wconf 84' lang='lat' dir='ltr'><strong>ipse</strong></span> <span class='ocrx_word' id='word_1_532' title='bbox 1467 5115 1673 5182; x_wconf 79' lang='lat' dir='ltr'><strong>sapiens</strong></span> <span class='ocrx_word' id='word_1_533' title='bbox 1716 5113 1942 5168; x_wconf 83' lang='lat' dir='ltr'><strong>adducet</strong></span> <span class='ocrx_word' id='word_1_534' title='bbox 1972 5130 2130 5184; x_wconf 78' lang='lat' dir='ltr'><strong>super</strong></span> 
     </span>
    </p>
   </div>
   <div class='ocr_carea' id='block_1_70' title="bbox 543 5205 2128 5275">
    <p class='ocr_par' dir='ltr' id='par_1_70' title="bbox 543 5205 2128 5275">
     <span class='ocr_line' id='line_1_70' title="bbox 543 5205 2128 5275; baseline -0.001 -15"><span class='ocrx_word' id='word_1_535' title='bbox 543 5221 636 5260; x_wconf 79' lang='lat' dir='ltr'><strong>eos</strong></span> <span class='ocrx_word' id='word_1_536' title='bbox 665 5205 808 5259; x_wconf 91' lang='lat' dir='ltr'><strong>mala</strong></span> <span class='ocrx_word' id='word_1_537' title='bbox 829 5245 842 5270; x_wconf 94' lang='lat'><strong>,</strong></span> <span class='ocrx_word' id='word_1_538' title='bbox 873 5205 1053 5274; x_wconf 75' lang='lat' dir='ltr'><strong>quaiia</strong></span> <span class='ocrx_word' id='word_1_539' title='bbox 1089 5206 1230 5259; x_wconf 82' lang='lat' dir='ltr'><strong>riiala</strong></span> <span class='ocrx_word' id='word_1_540' title='bbox 1261 5205 1494 5259; x_wconf 88' lang='lat' dir='ltr'><strong>adducet</strong></span> <span class='ocrx_word' id='word_1_541' title='bbox 1525 5221 1688 5275; x_wconf 85' lang='lat' dir='ltr'><strong>super</strong></span> <span class='ocrx_word' id='word_1_542' title='bbox 1715 5205 2045 5272; x_wconf 73' lang='lat' dir='ltr'><strong>denegantcs</strong></span> <span class='ocrx_word' id='word_1_543' title='bbox 2075 5215 2128 5259; x_wconf 86' lang='lat' dir='ltr'><strong>et</strong></span> 
     </span>
    </p>
   </div>
   <div class='ocr_carea' id='block_1_71' title="bbox 547 5297 2126 5368">
    <p class='ocr_par' dir='ltr' id='par_1_71' title="bbox 547 5297 2126 5368">
     <span class='ocr_line' id='line_1_71' title="bbox 547 5297 2126 5368; baseline 0 -18"><span class='ocrx_word' id='word_1_544' title='bbox 547 5312 656 5350; x_wconf 90' lang='lat' dir='ltr'><strong>non</strong></span> <span class='ocrx_word' id='word_1_545' title='bbox 689 5299 1015 5368; x_wconf 75' lang='lat' dir='ltr'><strong>poenitentes</strong></span> <span class='ocrx_word' id='word_1_546' title='bbox 1037 5339 1052 5362; x_wconf 94' lang='lat'><strong>,</strong></span> <span class='ocrx_word' id='word_1_547' title='bbox 1082 5306 1134 5352; x_wconf 84' lang='lat' dir='ltr'><strong>et</strong></span> <span class='ocrx_word' id='word_1_548' title='bbox 1163 5297 1347 5368; x_wconf 83' lang='lat' dir='ltr'><strong>qualia</strong></span> <span class='ocrx_word' id='word_1_549' title='bbox 1379 5313 1546 5367; x_wconf 86' lang='lat' dir='ltr'><strong>super</strong></span> <span class='ocrx_word' id='word_1_550' title='bbox 1577 5297 1909 5366; x_wconf 86' lang='lat' dir='ltr'><strong>denegantcs</strong></span> <span class='ocrx_word' id='word_1_551' title='bbox 1938 5307 1991 5350; x_wconf 91' lang='lat' dir='ltr'><strong>et</strong></span> <span class='ocrx_word' id='word_1_552' title='bbox 2011 5311 2126 5364; x_wconf 69' lang='lat' dir='ltr'><strong>poe-</strong></span> 
     </span>
    </p>
   </div>
   <div class='ocr_carea' id='block_1_72' title="bbox 545 5390 2124 5461">
    <p class='ocr_par' dir='ltr' id='par_1_72' title="bbox 545 5390 2124 5461">
     <span class='ocr_line' id='line_1_72' title="bbox 545 5390 2124 5461; baseline -0.001 -17"><span class='ocrx_word' id='word_1_553' title='bbox 545 5391 804 5457; x_wconf 82' lang='lat' dir='ltr'><strong>uitentes,</strong></span> <span class='ocrx_word' id='word_1_554' title='bbox 849 5392 1030 5460; x_wconf 82' lang='lat' dir='ltr'><strong>qualia</strong></span> <span class='ocrx_word' id='word_1_555' title='bbox 1069 5392 1207 5445; x_wconf 89' lang='lat' dir='ltr'><strong>bona</strong></span> <span class='ocrx_word' id='word_1_556' title='bbox 1255 5407 1417 5461; x_wconf 89' lang='lat' dir='ltr'><strong>super</strong></span> <span class='ocrx_word' id='word_1_557' title='bbox 1447 5405 1541 5445; x_wconf 83' lang='lat' dir='ltr'><strong>eos</strong></span> <span class='ocrx_word' id='word_1_558' title='bbox 1576 5390 1670 5460; x_wconf 86' lang='lat' dir='ltr'><strong>qui</strong></span> <span class='ocrx_word' id='word_1_559' title='bbox 1715 5404 1997 5459; x_wconf 90' lang='lat' dir='ltr'><strong>nunquam</strong></span> <span class='ocrx_word' id='word_1_560' title='bbox 2029 5391 2124 5444; x_wconf 79' lang='lat' dir='ltr'><strong>de-</strong></span> 
     </span>
    </p>
   </div>
   <div class='ocr_carea' id='block_1_73' title="bbox 546 5480 2120 5552">
    <p class='ocr_par' dir='ltr' id='par_1_73' title="bbox 546 5480 2120 5552">
     <span class='ocr_line' id='line_1_73' title="bbox 546 5480 2120 5552; baseline -0.003 -14"><span class='ocrx_word' id='word_1_561' title='bbox 546 5491 904 5552; x_wconf 79' lang='lat' dir='ltr'><strong>negaverunt,</strong></span> <span class='ocrx_word' id='word_1_562' title='bbox 935 5498 1111 5552; x_wconf 89' lang='lat' dir='ltr'><strong>neque</strong></span> <span class='ocrx_word' id='word_1_563' title='bbox 1145 5482 1307 5536; x_wconf 89' lang='lat' dir='ltr'><strong>verbo</strong></span> <span class='ocrx_word' id='word_1_564' title='bbox 1341 5497 1526 5538; x_wconf 90' lang='lat' dir='ltr'><strong>coram</strong></span> <span class='ocrx_word' id='word_1_565' title='bbox 1557 5480 1905 5548; x_wconf 86' lang='lat' dir='ltr'><strong>hominibus,</strong></span> <span class='ocrx_word' id='word_1_566' title='bbox 1943 5494 2120 5550; x_wconf 84' lang='lat' dir='ltr'><strong>neque</strong></span> 
     </span>
    </p>
   </div>
   <div class='ocr_carea' id='block_1_74' title="bbox 615 5633 1836 5702">
    <p class='ocr_par' dir='ltr' id='par_1_74' title="bbox 615 5633 1836 5702">
     <span class='ocr_line' id='line_1_74' title="bbox 615 5633 1836 5702; baseline 0 -13"><span class='ocrx_word' id='word_1_567' title='bbox 615 5639 659 5668; x_wconf 73' lang='grc' dir='ltr'><strong>τί</strong></span> <span class='ocrx_word' id='word_1_568' title='bbox 703 5636 859 5690; x_wconf 82' lang='lat' dir='ltr'><strong>Rom.</strong></span> <span class='ocrx_word' id='word_1_569' title='bbox 902 5652 1022 5702; x_wconf 77' lang='lat' dir='ltr'><strong>xui,</strong></span> <span class='ocrx_word' id='word_1_570' title='bbox 1056 5638 1142 5700; x_wconf 69' lang='grc'><strong>12,</strong></span> <span class='ocrx_word' id='word_1_571' title='bbox 1182 5633 1268 5692; x_wconf 76' lang='grc'><strong>15.</strong></span> <span class='ocrx_word' id='word_1_572' title='bbox 1375 5639 1422 5669; x_wconf 82' lang='grc'><strong>⁷²</strong></span> <span class='ocrx_word' id='word_1_573' title='bbox 1462 5636 1630 5694; x_wconf 78' lang='lat' dir='ltr'><strong>Hebr.</strong></span> <span class='ocrx_word' id='word_1_574' title='bbox 1664 5654 1720 5702; x_wconf 87' lang='lat' dir='ltr'><strong>x,</strong></span> <span class='ocrx_word' id='word_1_575' title='bbox 1745 5636 1836 5693; x_wconf 73' lang='lat'><strong>29.</strong></span> 
     </span>
    </p>
   </div>
   <div class='ocr_carea' id='block_1_75' title="bbox 547 5706 1890 5771">
    <p class='ocr_par' dir='ltr' id='par_1_75' title="bbox 547 5706 1890 5771">
     <span class='ocr_line' id='line_1_75' title="bbox 547 5706 1890 5771; baseline 0.002 -12"><span class='ocrx_word' id='word_1_576' title='bbox 547 5706 591 5737; x_wconf 86' lang='lat'><strong>&quot;</strong></span> <span class='ocrx_word' id='word_1_577' title='bbox 633 5707 732 5760; x_wconf 88' lang='lat' dir='ltr'><strong>lsa.</strong></span> <span class='ocrx_word' id='word_1_578' title='bbox 767 5724 819 5769; x_wconf 90' lang='lat' dir='ltr'><strong>v,</strong></span> <span class='ocrx_word' id='word_1_579' title='bbox 855 5707 940 5760; x_wconf 85' lang='grc'><strong>18.</strong></span> <span class='ocrx_word' id='word_1_580' title='bbox 1047 5708 1089 5738; x_wconf 89' lang='grc'><strong>⁷⁷</strong></span> <span class='ocrx_word' id='word_1_581' title='bbox 1135 5708 1328 5763; x_wconf 77' lang='lat' dir='ltr'><strong>Ezecb.</strong></span> <span class='ocrx_word' id='word_1_582' title='bbox 1380 5725 1590 5771; x_wconf 85' lang='lat' dir='ltr'><strong>xxxm,</strong></span> <span class='ocrx_word' id='word_1_583' title='bbox 1649 5709 1737 5762; x_wconf 86' lang='grc'><strong>10.</strong></span> <span class='ocrx_word' id='word_1_584' title='bbox 1803 5707 1890 5762; x_wconf 87' lang='grc'><strong>11.</strong></span> 
     </span>
    </p>
   </div>
   <div class='ocr_carea' id='block_1_76' title="bbox 547 5775 1637 5844">
    <p class='ocr_par' dir='ltr' id='par_1_76' title="bbox 547 5775 1637 5844">
     <span class='ocr_line' id='line_1_76' title="bbox 547 5775 1637 5844; baseline 0.006 -15"><span class='ocrx_word' id='word_1_585' title='bbox 547 5775 588 5807; x_wconf 68' lang='grc' dir='ltr'><strong>⁸ο</strong></span> <span class='ocrx_word' id='word_1_586' title='bbox 628 5775 770 5831; x_wconf 84' lang='lat' dir='ltr'><strong>l’sal.</strong></span> <span class='ocrx_word' id='word_1_587' title='bbox 810 5791 982 5844; x_wconf 82' lang='lat' dir='ltr'><strong>cxxn,</strong></span> <span class='ocrx_word' id='word_1_588' title='bbox 1011 5777 1065 5831; x_wconf 71' lang='lat'><strong>2.</strong></span> <span class='ocrx_word' id='word_1_589' title='bbox 1145 5779 1187 5810; x_wconf 77' lang='lat'><strong>&quot;</strong></span> <span class='ocrx_word' id='word_1_590' title='bbox 1234 5775 1274 5829; x_wconf 94' lang='lat' dir='ltr'><strong>ll</strong></span> <span class='ocrx_word' id='word_1_591' title='bbox 1301 5780 1424 5834; x_wconf 77' lang='lat' dir='ltr'><strong>Cor.</strong></span> <span class='ocrx_word' id='word_1_592' title='bbox 1463 5795 1516 5843; x_wconf 89' lang='lat' dir='ltr'><strong>v,</strong></span> <span class='ocrx_word' id='word_1_593' title='bbox 1551 5778 1637 5835; x_wconf 82' lang='grc'><strong>16.</strong></span> 
     </span>
    </p>
   </div>
   <div class='ocr_carea' id='block_1_77' title="bbox 1947 5634 2438 5700">
    <p class='ocr_par' dir='ltr' id='par_1_77' title="bbox 1947 5634 2438 5700">
     <span class='ocr_line' id='line_1_77' title="bbox 1947 5634 2438 5700; baseline 0.006 -11"><span class='ocrx_word' id='word_1_594' title='bbox 1947 5637 1992 5668; x_wconf 84' lang='grc'>⁷³</span> <span class='ocrx_word' id='word_1_595' title='bbox 2028 5634 2188 5691; x_wconf 79' lang='lat' dir='ltr'><strong>Joan.</strong></span> <span class='ocrx_word' id='word_1_596' title='bbox 2222 5653 2320 5700; x_wconf 87' lang='lat' dir='ltr'><strong>vn,</strong></span> <span class='ocrx_word' id='word_1_597' title='bbox 2346 5637 2438 5694; x_wconf 77' lang='lat'><strong>39.</strong></span> 
     </span>
    </p>
   </div>
   <div class='ocr_carea' id='block_1_78' title="bbox 1969 5705 2482 5773">
    <p class='ocr_par' dir='ltr' id='par_1_78' title="bbox 1969 5705 2482 5773">
     <span class='ocr_line' id='line_1_78' title="bbox 1969 5705 2482 5773; baseline 0.006 -15"><span class='ocrx_word' id='word_1_598' title='bbox 1969 5708 2016 5738; x_wconf 83' lang='grc'>⁷⁸</span> <span class='ocrx_word' id='word_1_599' title='bbox 2048 5705 2160 5761; x_wconf 82' lang='lat' dir='ltr'><strong>~|sa.</strong></span> <span class='ocrx_word' id='word_1_600' title='bbox 2203 5723 2366 5773; x_wconf 81' lang='lat' dir='ltr'><strong>xxxi,</strong></span> <span class='ocrx_word' id='word_1_601' title='bbox 2425 5707 2482 5761; x_wconf 78' lang='lat'><strong>2.</strong></span> 
     </span>
    </p>
   </div>
   <div class='ocr_carea' id='block_1_79' title="bbox 1715 5775 2292 5845">
    <p class='ocr_par' dir='ltr' id='par_1_79' title="bbox 1715 5775 2292 5845">
     <span class='ocr_line' id='line_1_79' title="bbox 1715 5775 2292 5845; baseline -0.003 -13"><span class='ocrx_word' id='word_1_602' title='bbox 1715 5778 1760 5810; x_wconf 82' lang='grc'><strong>⁸³</strong></span> <span class='ocrx_word' id='word_1_603' title='bbox 1798 5775 1994 5834; x_wconf 78' lang='lat' dir='ltr'><strong>Matth.</strong></span> <span class='ocrx_word' id='word_1_604' title='bbox 2028 5793 2176 5845; x_wconf 75' lang='lat' dir='ltr'><strong>xxvi,</strong></span> <span class='ocrx_word' id='word_1_605' title='bbox 2205 5779 2292 5832; x_wconf 76' lang='grc'><strong>5-1.</strong></span> 
     </span>
    </p>
   </div>
   <div class='ocr_carea' id='block_1_80' title="bbox 2254 1888 3845 1958">
    <p class='ocr_par' dir='ltr' id='par_1_80' title="bbox 2254 1888 3845 1958">
     <span class='ocr_line' id='line_1_80' title="bbox 2254 1888 3845 1958; baseline -0.001 -15"><span class='ocrx_word' id='word_1_606' title='bbox 2254 1906 2396 1943; x_wconf 91' lang='lat' dir='ltr'><strong>mam</strong></span> <span class='ocrx_word' id='word_1_607' title='bbox 2429 1889 2684 1943; x_wconf 88' lang='lat' dir='ltr'><strong>ancillam</strong></span> <span class='ocrx_word' id='word_1_608' title='bbox 2714 1889 2936 1958; x_wconf 82' lang='lat' dir='ltr'><strong>intelligi</strong></span> <span class='ocrx_word' id='word_1_609' title='bbox 2973 1888 3234 1957; x_wconf 85' lang='lat' dir='ltr'><strong>principis</strong></span> <span class='ocrx_word' id='word_1_610' title='bbox 3264 1888 3550 1942; x_wconf 79' lang='lat' dir='ltr'><strong>facientem</strong></span> <span class='ocrx_word' id='word_1_611' title='bbox 3573 1889 3845 1958; x_wconf 80' lang='lat' dir='ltr'><strong>denegare</strong></span> 
     </span>
    </p>
   </div>
   <div class='ocr_carea' id='block_1_81' title="bbox 2251 1977 3844 2050">
    <p class='ocr_par' dir='ltr' id='par_1_81' title="bbox 2251 1977 3844 2050">
     <span class='ocr_line' id='line_1_81' title="bbox 2251 1977 3844 2050; baseline 0 -15"><span class='ocrx_word' id='word_1_612' title='bbox 2251 1981 2548 2049; x_wconf 87' lang='lat' dir='ltr'><strong>discipulos</strong></span> <span class='ocrx_word' id='word_1_613' title='bbox 2584 1979 2811 2046; x_wconf 91' lang='lat' dir='ltr'><strong>Christi,</strong></span> <span class='ocrx_word' id='word_1_614' title='bbox 2866 1979 3209 2050; x_wconf 84' lang='lat' dir='ltr'><strong>Synagogam</strong></span> <span class='ocrx_word' id='word_1_615' title='bbox 3243 1994 3363 2033; x_wconf 87' lang='lat' dir='ltr'><strong>esse</strong></span> <span class='ocrx_word' id='word_1_616' title='bbox 3407 1977 3720 2032; x_wconf 75' lang='lat' dir='ltr'><strong>Judzeorum</strong></span> <span class='ocrx_word' id='word_1_617' title='bbox 3757 1995 3844 2035; x_wconf 81' lang='lat' dir='ltr'><strong>se-</strong></span> 
     </span>
    </p>
   </div>
   <div class='ocr_carea' id='block_1_82' title="bbox 2252 2069 3842 2140">
    <p class='ocr_par' dir='ltr' id='par_1_82' title="bbox 2252 2069 3842 2140">
     <span class='ocr_line' id='line_1_82' title="bbox 2252 2069 3842 2140; baseline -0.001 -14"><span class='ocrx_word' id='word_1_618' title='bbox 2252 2071 2490 2126; x_wconf 84' lang='lat' dir='ltr'><strong>cundum</strong></span> <span class='ocrx_word' id='word_1_619' title='bbox 2521 2086 2773 2134; x_wconf 90' lang='lat' dir='ltr'><strong>carnem,</strong></span> <span class='ocrx_word' id='word_1_620' title='bbox 2827 2073 2918 2140; x_wconf 90' lang='lat' dir='ltr'><strong>qui</strong></span> <span class='ocrx_word' id='word_1_621' title='bbox 2955 2071 3226 2140; x_wconf 84' lang='lat' dir='ltr'><strong>denegare</strong></span> <span class='ocrx_word' id='word_1_622' title='bbox 3261 2069 3572 2138; x_wconf 80' lang='lat' dir='ltr'><strong>frequenter</strong></span> <span class='ocrx_word' id='word_1_623' title='bbox 3606 2085 3842 2138; x_wconf 86' lang='lat' dir='ltr'><strong>compu-</strong></span> 
     </span>
    </p>
   </div>
   <div class='ocr_carea' id='block_1_83' title="bbox 2251 2161 3842 2231">
    <p class='ocr_par' dir='ltr' id='par_1_83' title="bbox 2251 2161 3842 2231">
     <span class='ocr_line' id='line_1_83' title="bbox 2251 2161 3842 2231; baseline 0 -14"><span class='ocrx_word' id='word_1_624' title='bbox 2251 2164 2432 2218; x_wconf 91' lang='lat' dir='ltr'><strong>lerunt</strong></span> <span class='ocrx_word' id='word_1_625' title='bbox 2458 2163 2663 2218; x_wconf 83' lang='lat' dir='ltr'><strong>tidclcs.</strong></span> <span class='ocrx_word' id='word_1_626' title='bbox 2733 2161 3041 2217; x_wconf 90' lang='lat' dir='ltr'><strong>Secundam</strong></span> <span class='ocrx_word' id='word_1_627' title='bbox 3072 2172 3256 2215; x_wconf 88' lang='lat' dir='ltr'><strong>autem</strong></span> <span class='ocrx_word' id='word_1_628' title='bbox 3283 2161 3536 2214; x_wconf 89' lang='lat' dir='ltr'><strong>ancillam</strong></span> <span class='ocrx_word' id='word_1_629' title='bbox 3562 2201 3578 2224; x_wconf 98' lang='lat'><strong>,</strong></span> <span class='ocrx_word' id='word_1_630' title='bbox 3608 2175 3842 2231; x_wconf 83' lang='lat' dir='ltr'><strong>congre-</strong></span> 
     </span>
    </p>
   </div>
   <div class='ocr_carea' id='block_1_84' title="bbox 2251 2251 3841 2324">
    <p class='ocr_par' dir='ltr' id='par_1_84' title="bbox 2251 2251 3841 2324">
     <span class='ocr_line' id='line_1_84' title="bbox 2251 2251 3841 2324; baseline -0.001 -17"><span class='ocrx_word' id='word_1_631' title='bbox 2251 2254 2523 2324; x_wconf 87' lang='lat' dir='ltr'><strong>gationem</strong></span> <span class='ocrx_word' id='word_1_632' title='bbox 2577 2253 2842 2323; x_wconf 86' lang='lat' dir='ltr'><strong>gentium,</strong></span> <span class='ocrx_word' id='word_1_633' title='bbox 2886 2252 2980 2322; x_wconf 90' lang='lat' dir='ltr'><strong>qui</strong></span> <span class='ocrx_word' id='word_1_634' title='bbox 3021 2259 3074 2305; x_wconf 90' lang='lat' dir='ltr'><strong>et</strong></span> <span class='ocrx_word' id='word_1_635' title='bbox 3109 2251 3212 2321; x_wconf 89' lang='lat' dir='ltr'><strong>ipsi</strong></span> <span class='ocrx_word' id='word_1_636' title='bbox 3259 2259 3648 2320; x_wconf 85' lang='lat' dir='ltr'><strong>persequentes</strong></span> <span class='ocrx_word' id='word_1_637' title='bbox 3675 2251 3841 2306; x_wconf 88' lang='lat' dir='ltr'><strong>Chri-</strong></span> 
     </span>
    </p>
   </div>
   <div class='ocr_carea' id='block_1_85' title="bbox 2252 2339 3842 2412">
    <p class='ocr_par' dir='ltr' id='par_1_85' title="bbox 2252 2339 3842 2412">
     <span class='ocr_line' id='line_1_85' title="bbox 2252 2339 3842 2412; baseline -0.003 -14"><span class='ocrx_word' id='word_1_638' title='bbox 2252 2343 2460 2398; x_wconf 89' lang='lat' dir='ltr'><strong>stianos</strong></span> <span class='ocrx_word' id='word_1_639' title='bbox 2509 2341 2780 2412; x_wconf 88' lang='lat' dir='ltr'><strong>denegare</strong></span> <span class='ocrx_word' id='word_1_640' title='bbox 2812 2342 3099 2412; x_wconf 90' lang='lat' dir='ltr'><strong>cogebant.</strong></span> <span class='ocrx_word' id='word_1_641' title='bbox 3165 2339 3384 2394; x_wconf 89' lang='lat' dir='ltr'><strong>Tertios</strong></span> <span class='ocrx_word' id='word_1_642' title='bbox 3413 2347 3594 2392; x_wconf 89' lang='lat' dir='ltr'><strong>autem</strong></span> <span class='ocrx_word' id='word_1_643' title='bbox 3627 2347 3842 2393; x_wconf 89' lang='lat' dir='ltr'><strong>stantes</strong></span> 
     </span>
    </p>
   </div>
   <div class='ocr_carea' id='block_1_86' title="bbox 2251 2429 3839 2500">
    <p class='ocr_par' dir='ltr' id='par_1_86' title="bbox 2251 2429 3839 2500">
     <span class='ocr_line' id='line_1_86' title="bbox 2251 2429 3839 2500; baseline -0.001 -15"><span class='ocrx_word' id='word_1_644' title='bbox 2251 2432 2304 2486; x_wconf 93' lang='lat' dir='ltr'><strong>in</strong></span> <span class='ocrx_word' id='word_1_645' title='bbox 2331 2431 2486 2488; x_wconf 87' lang='lat' dir='ltr'><strong>atriis</strong></span> <span class='ocrx_word' id='word_1_646' title='bbox 2507 2471 2521 2496; x_wconf 90' lang='lat'><strong>,</strong></span> <span class='ocrx_word' id='word_1_647' title='bbox 2555 2432 2840 2486; x_wconf 84' lang='lat' dir='ltr'><strong>ministros</strong></span> <span class='ocrx_word' id='word_1_648' title='bbox 2871 2447 2993 2487; x_wconf 87' lang='lat' dir='ltr'><strong>esse</strong></span> <span class='ocrx_word' id='word_1_649' title='bbox 3041 2431 3309 2486; x_wconf 74' lang='lat' dir='ltr'><strong>hzercsum</strong></span> <span class='ocrx_word' id='word_1_650' title='bbox 3344 2430 3717 2495; x_wconf 85' lang='lat' dir='ltr'><strong>diversarum,</strong></span> <span class='ocrx_word' id='word_1_651' title='bbox 3742 2429 3839 2500; x_wconf 90' lang='lat' dir='ltr'><strong>qui</strong></span> 
     </span>
    </p>
   </div>
   <div class='ocr_carea' id='block_1_87' title="bbox 2249 2521 3838 2592">
    <p class='ocr_par' dir='ltr' id='par_1_87' title="bbox 2249 2521 3838 2592">
     <span class='ocr_line' id='line_1_87' title="bbox 2249 2521 3838 2592; baseline 0 -16"><span class='ocrx_word' id='word_1_652' title='bbox 2249 2533 2301 2576; x_wconf 85' lang='lat' dir='ltr'><strong>et</strong></span> <span class='ocrx_word' id='word_1_653' title='bbox 2331 2524 2433 2592; x_wconf 85' lang='lat' dir='ltr'><strong>ipsi</strong></span> <span class='ocrx_word' id='word_1_654' title='bbox 2463 2523 2743 2577; x_wconf 80' lang='lat' dir='ltr'><strong>veritatem</strong></span> <span class='ocrx_word' id='word_1_655' title='bbox 2774 2522 2979 2578; x_wconf 89' lang='lat' dir='ltr'><strong>Christi</strong></span> <span class='ocrx_word' id='word_1_656' title='bbox 3029 2523 3302 2592; x_wconf 88' lang='lat' dir='ltr'><strong>denegare</strong></span> <span class='ocrx_word' id='word_1_657' title='bbox 3355 2521 3707 2591; x_wconf 85' lang='lat' dir='ltr'><strong>compellunt.</strong></span> <span class='ocrx_word' id='word_1_658' title='bbox 3777 2521 3838 2576; x_wconf 87' lang='lat' dir='ltr'><strong>In</strong></span> 
     </span>
    </p>
   </div>
   <div class='ocr_carea' id='block_1_88' title="bbox 2250 2611 3837 2682">
    <p class='ocr_par' dir='ltr' id='par_1_88' title="bbox 2250 2611 3837 2682">
     <span class='ocr_line' id='line_1_88' title="bbox 2250 2611 3837 2682; baseline -0.001 -14"><span class='ocrx_word' id='word_1_659' title='bbox 2250 2623 2408 2670; x_wconf 90' lang='lat' dir='ltr'><strong>nocte</strong></span> <span class='ocrx_word' id='word_1_660' title='bbox 2449 2622 2630 2668; x_wconf 89' lang='lat' dir='ltr'><strong>autem</strong></span> <span class='ocrx_word' id='word_1_661' title='bbox 2681 2629 2789 2669; x_wconf 91' lang='lat' dir='ltr'><strong>non</strong></span> <span class='ocrx_word' id='word_1_662' title='bbox 2839 2614 3016 2669; x_wconf 90' lang='lat' dir='ltr'><strong>solum</strong></span> <span class='ocrx_word' id='word_1_663' title='bbox 3073 2627 3154 2668; x_wconf 87' lang='lat' dir='ltr'><strong>ter</strong></span> <span class='ocrx_word' id='word_1_664' title='bbox 3186 2614 3415 2682; x_wconf 87' lang='lat' dir='ltr'><strong>denegat</strong></span> <span class='ocrx_word' id='word_1_665' title='bbox 3448 2611 3684 2679; x_wconf 80' lang='lat' dir='ltr'><strong>Petrus,</strong></span> <span class='ocrx_word' id='word_1_666' title='bbox 3740 2612 3837 2667; x_wconf 87' lang='lat' dir='ltr'><strong>sed</strong></span> 
     </span>
    </p>
   </div>
   <div class='ocr_carea' id='block_1_89' title="bbox 2247 2704 3838 2777">
    <p class='ocr_par' dir='ltr' id='par_1_89' title="bbox 2247 2704 3838 2777">
     <span class='ocr_line' id='line_1_89' title="bbox 2247 2704 3838 2777; baseline -0.003 -15"><span class='ocrx_word' id='word_1_667' title='bbox 2247 2707 2412 2762; x_wconf 88' lang='lat' dir='ltr'><strong>etiam</strong></span> <span class='ocrx_word' id='word_1_668' title='bbox 2453 2707 2673 2777; x_wconf 84' lang='lat' dir='ltr'><strong>devotat</strong></span> <span class='ocrx_word' id='word_1_669' title='bbox 2701 2707 2938 2776; x_wconf 88' lang='lat' dir='ltr'><strong>seipsum</strong></span> <span class='ocrx_word' id='word_1_670' title='bbox 2967 2717 3022 2760; x_wconf 90' lang='lat' dir='ltr'><strong>et</strong></span> <span class='ocrx_word' id='word_1_671' title='bbox 3045 2705 3197 2775; x_wconf 87' lang='lat' dir='ltr'><strong>jurat</strong></span> <span class='ocrx_word' id='word_1_672' title='bbox 3228 2745 3243 2770; x_wconf 96' lang='lat'><strong>,</strong></span> <span class='ocrx_word' id='word_1_673' title='bbox 3281 2706 3407 2774; x_wconf 83' lang='lat' dir='ltr'><strong>quia</strong></span> <span class='ocrx_word' id='word_1_674' title='bbox 3441 2704 3623 2758; x_wconf 88' lang='lat' dir='ltr'><strong>nescio</strong></span> <span class='ocrx_word' id='word_1_675' title='bbox 3659 2705 3838 2758; x_wconf 86' lang='lat' dir='ltr'><strong>homi-</strong></span> 
     </span>
    </p>
   </div>
   <div class='ocr_carea' id='block_1_90' title="bbox 2247 2791 3832 2866">
    <p class='ocr_par' dir='ltr' id='par_1_90' title="bbox 2247 2791 3832 2866">
     <span class='ocr_line' id='line_1_90' title="bbox 2247 2791 3832 2866; baseline -0.003 -15"><span class='ocrx_word' id='word_1_676' title='bbox 2247 2811 2393 2851; x_wconf 88' lang='lat' dir='ltr'><strong>nem.</strong></span> <span class='ocrx_word' id='word_1_677' title='bbox 2477 2795 2545 2849; x_wconf 85' lang='lat' dir='ltr'><strong>Et</strong></span> <span class='ocrx_word' id='word_1_678' title='bbox 2575 2795 2812 2866; x_wconf 83' lang='lat' dir='ltr'><strong>quidem</strong></span> <span class='ocrx_word' id='word_1_679' title='bbox 2859 2804 2990 2850; x_wconf 85' lang='lat' dir='ltr'><strong>tunc</strong></span> <span class='ocrx_word' id='word_1_680' title='bbox 3036 2795 3216 2848; x_wconf 88' lang='lat' dir='ltr'><strong>adhuc</strong></span> <span class='ocrx_word' id='word_1_681' title='bbox 3264 2796 3562 2849; x_wconf 84' lang='lat' dir='ltr'><strong>secundum</strong></span> <span class='ocrx_word' id='word_1_682' title='bbox 3613 2791 3832 2848; x_wconf 78' lang='lat' dir='ltr'><strong>carnem</strong></span> 
     </span>
    </p>
   </div>
   <div class='ocr_carea' id='block_1_91' title="bbox 2247 2883 3834 2955">
    <p class='ocr_par' dir='ltr' id='par_1_91' title="bbox 2247 2883 3834 2955">
     <span class='ocr_line' id='line_1_91' title="bbox 2247 2883 3834 2955; baseline -0.004 -13"><span class='ocrx_word' id='word_1_683' title='bbox 2247 2885 2526 2943; x_wconf 88' lang='lat' dir='ltr'><strong>Christum</strong></span> <span class='ocrx_word' id='word_1_684' title='bbox 2559 2888 2785 2952; x_wconf 87' lang='lat' dir='ltr'><strong>sciebat,</strong></span> <span class='ocrx_word' id='word_1_685' title='bbox 2836 2902 2935 2941; x_wconf 88' lang='lat' dir='ltr'><strong>nec</strong></span> <span class='ocrx_word' id='word_1_686' title='bbox 2981 2887 3162 2940; x_wconf 87' lang='lat' dir='ltr'><strong>adhuc</strong></span> <span class='ocrx_word' id='word_1_687' title='bbox 3193 2895 3402 2955; x_wconf 82' lang='lat' dir='ltr'><strong>poterat</strong></span> <span class='ocrx_word' id='word_1_688' title='bbox 3431 2886 3610 2940; x_wconf 87' lang='lat' dir='ltr'><strong>dicere</strong></span> <span class='ocrx_word' id='word_1_689' title='bbox 3643 2903 3656 2938; x_wconf 88' lang='lat'><strong>:</strong></span> <span class='ocrx_word' id='word_1_690' title='bbox 3696 2883 3760 2936; x_wconf 84' lang='lat' dir='ltr'><strong>Et</strong></span> <span class='ocrx_word' id='word_1_691' title='bbox 3786 2884 3834 2936; x_wconf 87' lang='lat' dir='ltr'><strong>si</strong></span> 
     </span>
    </p>
   </div>
   <div class='ocr_carea' id='block_1_92' title="bbox 2248 2977 3824 3049">
    <p class='ocr_par' dir='ltr' id='par_1_92' title="bbox 2248 2977 3824 3049">
     <span class='ocr_line' id='line_1_92' title="bbox 2248 2977 3824 3049; baseline -0.003 -15"><span class='ocrx_word' id='word_1_692' title='bbox 2248 2978 2520 3034; x_wconf 75' lang='lat' dir='ltr'><strong>Christum</strong></span> <span class='ocrx_word' id='word_1_693' title='bbox 2549 2979 2837 3049; x_wconf 89' lang='lat' dir='ltr'><strong>aliquando</strong></span> <span class='ocrx_word' id='word_1_694' title='bbox 2881 2978 3165 3031; x_wconf 87' lang='lat' dir='ltr'><strong>secundum</strong></span> <span class='ocrx_word' id='word_1_695' title='bbox 3209 2993 3419 3030; x_wconf 85' lang='lat' dir='ltr'><strong>carnem</strong></span> <span class='ocrx_word' id='word_1_696' title='bbox 3453 2977 3786 3047; x_wconf 77' lang='lat' dir='ltr'><strong>cognorimus</strong></span> <span class='ocrx_word' id='word_1_697' title='bbox 3807 3017 3824 3040; x_wconf 92' lang='lat'><strong>,</strong></span> 
     </span>
    </p>
   </div>
   <div class='ocr_carea' id='block_1_93' title="bbox 2247 3069 3828 3140">
    <p class='ocr_par' dir='ltr' id='par_1_93' title="bbox 2247 3069 3828 3140">
     <span class='ocr_line' id='line_1_93' title="bbox 2247 3069 3828 3140; baseline -0.002 -14"><span class='ocrx_word' id='word_1_698' title='bbox 2247 3073 2338 3126; x_wconf 84' lang='lat' dir='ltr'><strong>sed</strong></span> <span class='ocrx_word' id='word_1_699' title='bbox 2384 3087 2523 3126; x_wconf 85' lang='lat' dir='ltr'><strong>nunc</strong></span> <span class='ocrx_word' id='word_1_700' title='bbox 2568 3073 2682 3139; x_wconf 81' lang='lat' dir='ltr'><strong>iam</strong></span> <span class='ocrx_word' id='word_1_701' title='bbox 2733 3087 2832 3124; x_wconf 86' lang='lat' dir='ltr'><strong>non</strong></span> <span class='ocrx_word' id='word_1_702' title='bbox 2883 3071 3246 3140; x_wconf 80' lang='lat' dir='ltr'><strong>cognoscimus</strong></span> <span class='ocrx_word' id='word_1_703' title='bbox 3273 3069 3337 3121; x_wconf 83' lang='grc'><strong>⁸².</strong></span> <span class='ocrx_word' id='word_1_704' title='bbox 3403 3070 3655 3134; x_wconf 81' lang='lat' dir='ltr'><strong>Quandiu</strong></span> <span class='ocrx_word' id='word_1_705' title='bbox 3685 3070 3828 3124; x_wconf 84' lang='lat' dir='ltr'><strong>enim</strong></span> 
     </span>
    </p>
   </div>
   <div class='ocr_carea' id='block_1_94' title="bbox 2246 3159 3830 3234">
    <p class='ocr_par' dir='ltr' id='par_1_94' title="bbox 2246 3159 3830 3234">
     <span class='ocr_line' id='line_1_94' title="bbox 2246 3159 3830 3234; baseline -0.002 -16"><span class='ocrx_word' id='word_1_706' title='bbox 2246 3165 2462 3234; x_wconf 88' lang='lat' dir='ltr'><strong>signum</strong></span> <span class='ocrx_word' id='word_1_707' title='bbox 2496 3163 2601 3217; x_wconf 89' lang='lat' dir='ltr'><strong>diei</strong></span> <span class='ocrx_word' id='word_1_708' title='bbox 2627 3178 2734 3217; x_wconf 91' lang='lat' dir='ltr'><strong>non</strong></span> <span class='ocrx_word' id='word_1_709' title='bbox 2763 3162 3081 3224; x_wconf 77' lang='lat' dir='ltr'><strong>exsiszcbat,</strong></span> <span class='ocrx_word' id='word_1_710' title='bbox 3115 3161 3390 3230; x_wconf 85' lang='lat' dir='ltr'><strong>denegans</strong></span> <span class='ocrx_word' id='word_1_711' title='bbox 3417 3160 3611 3214; x_wconf 77' lang='lat' dir='ltr'><strong>Petrus</strong></span> <span class='ocrx_word' id='word_1_712' title='bbox 3639 3159 3830 3215; x_wconf 84' lang='lat' dir='ltr'><strong>verbo-</strong></span> 
     </span>
    </p>
   </div>
   <div class='ocr_carea' id='block_1_95' title="bbox 2246 3250 3831 3321">
    <p class='ocr_par' dir='ltr' id='par_1_95' title="bbox 2246 3250 3831 3321">
     <span class='ocr_line' id='line_1_95' title="bbox 2246 3250 3831 3321; baseline -0.001 -14"><span class='ocrx_word' id='word_1_713' title='bbox 2246 3269 2366 3308; x_wconf 91' lang='lat' dir='ltr'><strong>rum</strong></span> <span class='ocrx_word' id='word_1_714' title='bbox 2396 3252 2525 3308; x_wconf 82' lang='lat' dir='ltr'><strong>Jesu</strong></span> <span class='ocrx_word' id='word_1_715' title='bbox 2552 3268 2659 3307; x_wconf 92' lang='lat' dir='ltr'><strong>non</strong></span> <span class='ocrx_word' id='word_1_716' title='bbox 2689 3253 2793 3307; x_wconf 82' lang='lat' dir='ltr'><strong>luit</strong></span> <span class='ocrx_word' id='word_1_717' title='bbox 2827 3267 3055 3308; x_wconf 88' lang='lat' dir='ltr'><strong>memor.</strong></span> <span class='ocrx_word' id='word_1_718' title='bbox 3114 3250 3410 3321; x_wconf 88' lang='lat' dir='ltr'><strong>Postquam</strong></span> <span class='ocrx_word' id='word_1_719' title='bbox 3450 3263 3628 3305; x_wconf 88' lang='lat' dir='ltr'><strong>autem</strong></span> <span class='ocrx_word' id='word_1_720' title='bbox 3665 3265 3831 3321; x_wconf 56' lang='lat' dir='ltr'><strong>auge.</strong></span> 
     </span>
    </p>
   </div>
   <div class='ocr_carea' id='block_1_96' title="bbox 2244 3343 3827 3411">
    <p class='ocr_par' dir='ltr' id='par_1_96' title="bbox 2244 3343 3827 3411">
     <span class='ocr_line' id='line_1_96' title="bbox 2244 3343 3827 3411; baseline -0.003 -11"><span class='ocrx_word' id='word_1_721' title='bbox 2244 3346 2330 3401; x_wconf 87' lang='lat' dir='ltr'><strong>lus</strong></span> <span class='ocrx_word' id='word_1_722' title='bbox 2366 3345 2462 3400; x_wconf 91' lang='lat' dir='ltr'><strong>Dei</strong></span> <span class='ocrx_word' id='word_1_723' title='bbox 2487 3345 2744 3400; x_wconf 80' lang='lat' dir='ltr'><strong>clamavit</strong></span> <span class='ocrx_word' id='word_1_724' title='bbox 2773 3345 2855 3411; x_wconf 89' lang='lat' dir='ltr'><strong>ei,</strong></span> <span class='ocrx_word' id='word_1_725' title='bbox 2904 3353 3036 3398; x_wconf 90' lang='lat' dir='ltr'><strong>tunc</strong></span> <span class='ocrx_word' id='word_1_726' title='bbox 3082 3345 3396 3398; x_wconf 87' lang='lat' dir='ltr'><strong>recordatus</strong></span> <span class='ocrx_word' id='word_1_727' title='bbox 3425 3349 3506 3397; x_wconf 84' lang='lat' dir='ltr'><strong>est</strong></span> <span class='ocrx_word' id='word_1_728' title='bbox 3537 3343 3827 3397; x_wconf 83' lang='lat' dir='ltr'><strong>verborum</strong></span> 
     </span>
    </p>
   </div>
   <div class='ocr_carea' id='block_1_97' title="bbox 2240 3435 3830 3505">
    <p class='ocr_par' dir='ltr' id='par_1_97' title="bbox 2240 3435 3830 3505">
     <span class='ocr_line' id='line_1_97' title="bbox 2240 3435 3830 3505; baseline -0.002 -14"><span class='ocrx_word' id='word_1_729' title='bbox 2240 3436 2369 3492; x_wconf 87' lang='lat' dir='ltr'><strong>Jesu</strong></span> <span class='ocrx_word' id='word_1_730' title='bbox 2415 3437 2648 3492; x_wconf 84' lang='lat' dir='ltr'><strong>dicentis</strong></span> <span class='ocrx_word' id='word_1_731' title='bbox 2690 3437 2756 3491; x_wconf 84' lang='lat' dir='ltr'><strong>ad</strong></span> <span class='ocrx_word' id='word_1_732' title='bbox 2788 3451 2846 3490; x_wconf 86' lang='lat' dir='ltr'><strong>se</strong></span> <span class='ocrx_word' id='word_1_733' title='bbox 2882 3453 2895 3490; x_wconf 89' lang='lat'><strong>:</strong></span> <span class='ocrx_word' id='word_1_734' title='bbox 2931 3435 3226 3505; x_wconf 79' lang='lat' dir='ltr'><strong>Antequam</strong></span> <span class='ocrx_word' id='word_1_735' title='bbox 3269 3435 3443 3505; x_wconf 84' lang='lat' dir='ltr'><strong>gallus</strong></span> <span class='ocrx_word' id='word_1_736' title='bbox 3483 3445 3701 3502; x_wconf 88' lang='lat' dir='ltr'><strong>cantet,</strong></span> <span class='ocrx_word' id='word_1_737' title='bbox 3751 3444 3830 3488; x_wconf 78' lang='lat' dir='ltr'><strong>ter</strong></span> 
     </span>
    </p>
   </div>
   <div class='ocr_carea' id='block_1_98' title="bbox 2243 3527 3827 3601">
    <p class='ocr_par' dir='ltr' id='par_1_98' title="bbox 2243 3527 3827 3601">
     <span class='ocr_line' id='line_1_98' title="bbox 2243 3527 3827 3601; baseline -0.002 -16"><span class='ocrx_word' id='word_1_738' title='bbox 2243 3548 2323 3586; x_wconf 85' lang='lat' dir='ltr'><strong>me</strong></span> <span class='ocrx_word' id='word_1_739' title='bbox 2352 3531 2566 3601; x_wconf 76' lang='lat' dir='ltr'><strong>negabis</strong></span> <span class='ocrx_word' id='word_1_740' title='bbox 2592 3529 2661 3583; x_wconf 82' lang='grc'><strong>⁸³.</strong></span> <span class='ocrx_word' id='word_1_741' title='bbox 2722 3527 2788 3582; x_wconf 85' lang='lat' dir='ltr'><strong>Et</strong></span> <span class='ocrx_word' id='word_1_742' title='bbox 2837 3528 3058 3598; x_wconf 90' lang='lat' dir='ltr'><strong>quando</strong></span> <span class='ocrx_word' id='word_1_743' title='bbox 3107 3527 3426 3583; x_wconf 88' lang='lat' dir='ltr'><strong>recordatus</strong></span> <span class='ocrx_word' id='word_1_744' title='bbox 3475 3537 3558 3582; x_wconf 86' lang='lat' dir='ltr'><strong>est</strong></span> <span class='ocrx_word' id='word_1_745' title='bbox 3602 3527 3827 3582; x_wconf 87' lang='lat' dir='ltr'><strong>verbum</strong></span> 
     </span>
    </p>
   </div>
   <div class='ocr_carea' id='block_1_99' title="bbox 2242 3619 3828 3692">
    <p class='ocr_par' dir='ltr' id='par_1_99' title="bbox 2242 3619 3828 3692">
     <span class='ocr_line' id='line_1_99' title="bbox 2242 3619 3828 3692; baseline -0.004 -13"><span class='ocrx_word' id='word_1_746' title='bbox 2242 3623 2469 3688; x_wconf 85' lang='lat' dir='ltr'><strong>Christi,</strong></span> <span class='ocrx_word' id='word_1_747' title='bbox 2501 3623 2614 3692; x_wconf 88' lang='lat' dir='ltr'><strong>jam</strong></span> <span class='ocrx_word' id='word_1_748' title='bbox 2643 3635 2752 3675; x_wconf 91' lang='lat' dir='ltr'><strong>non</strong></span> <span class='ocrx_word' id='word_1_749' title='bbox 2782 3630 2899 3676; x_wconf 90' lang='lat' dir='ltr'><strong>erat</strong></span> <span class='ocrx_word' id='word_1_750' title='bbox 2931 3620 2984 3673; x_wconf 91' lang='lat' dir='ltr'><strong>in</strong></span> <span class='ocrx_word' id='word_1_751' title='bbox 3014 3619 3153 3674; x_wconf 88' lang='lat' dir='ltr'><strong>atrio</strong></span> <span class='ocrx_word' id='word_1_752' title='bbox 3180 3619 3438 3690; x_wconf 83' lang='lat' dir='ltr'><strong>principis</strong></span> <span class='ocrx_word' id='word_1_753' title='bbox 3457 3621 3828 3688; x_wconf 89' lang='lat' dir='ltr'><strong>sacerdotum,</strong></span> 
     </span>
    </p>
   </div>
   <div class='ocr_carea' id='block_1_100' title="bbox 2241 3709 3832 3786">
    <p class='ocr_par' dir='ltr' id='par_1_100' title="bbox 2241 3709 3832 3786">
     <span class='ocr_line' id='line_1_100' title="bbox 2241 3709 3832 3786; baseline -0.006 -16"><span class='ocrx_word' id='word_1_754' title='bbox 2241 3731 2341 3770; x_wconf 90' lang='lat' dir='ltr'><strong>nec</strong></span> <span class='ocrx_word' id='word_1_755' title='bbox 2381 3717 2536 3786; x_wconf 82' lang='lat' dir='ltr'><strong>juxta</strong></span> <span class='ocrx_word' id='word_1_756' title='bbox 2567 3713 2792 3782; x_wconf 80' lang='lat' dir='ltr'><strong>januam</strong></span> <span class='ocrx_word' id='word_1_757' title='bbox 2835 3712 2990 3781; x_wconf 87' lang='lat' dir='ltr'><strong>ejus,</strong></span> <span class='ocrx_word' id='word_1_758' title='bbox 3038 3712 3131 3766; x_wconf 89' lang='lat' dir='ltr'><strong>sed</strong></span> <span class='ocrx_word' id='word_1_759' title='bbox 3183 3710 3350 3778; x_wconf 76' lang='lat' dir='ltr'><strong>foris;</strong></span> <span class='ocrx_word' id='word_1_760' title='bbox 3389 3711 3629 3780; x_wconf 88' lang='lat' dir='ltr'><strong>alioquin</strong></span> <span class='ocrx_word' id='word_1_761' title='bbox 3659 3709 3832 3783; x_wconf 55' lang='lat'><strong>914</strong></span> 
     </span>
    </p>
   </div>
   <div class='ocr_carea' id='block_1_101' title="bbox 2245 3803 3826 3877">
    <p class='ocr_par' dir='ltr' id='par_1_101' title="bbox 2245 3803 3826 3877">
     <span class='ocr_line' id='line_1_101' title="bbox 2245 3803 3826 3877; baseline -0.006 -15"><span class='ocrx_word' id='word_1_762' title='bbox 2245 3822 2590 3877; x_wconf 83' lang='lat' dir='ltr'><strong>nequaquam</strong></span> <span class='ocrx_word' id='word_1_763' title='bbox 2643 3806 2929 3876; x_wconf 82' lang='lat' dir='ltr'><strong>plorassel.</strong></span> <span class='ocrx_word' id='word_1_764' title='bbox 3010 3803 3166 3858; x_wconf 89' lang='lat' dir='ltr'><strong>Sicut</strong></span> <span class='ocrx_word' id='word_1_765' title='bbox 3213 3803 3356 3857; x_wconf 88' lang='lat' dir='ltr'><strong>enim</strong></span> <span class='ocrx_word' id='word_1_766' title='bbox 3401 3803 3662 3872; x_wconf 90' lang='lat' dir='ltr'><strong>scriptum</strong></span> <span class='ocrx_word' id='word_1_767' title='bbox 3716 3813 3826 3868; x_wconf 90' lang='lat' dir='ltr'><strong>est,</strong></span> 
     </span>
    </p>
   </div>
   <div class='ocr_carea' id='block_1_102' title="bbox 2240 3889 3832 3968">
    <p class='ocr_par' dir='ltr' id='par_1_102' title="bbox 2240 3889 3832 3968">
     <span class='ocr_line' id='line_1_102' title="bbox 2240 3889 3832 3968; baseline -0.006 -16"><span class='ocrx_word' id='word_1_768' title='bbox 2240 3913 2494 3968; x_wconf 88' lang='lat' dir='ltr'><strong>egressus</strong></span> <span class='ocrx_word' id='word_1_769' title='bbox 2531 3895 2703 3961; x_wconf 81' lang='lat' dir='ltr'><strong>foras,</strong></span> <span class='ocrx_word' id='word_1_770' title='bbox 2745 3894 3091 3950; x_wconf 87' lang='lat' dir='ltr'><strong>amarissime</strong></span> <span class='ocrx_word' id='word_1_771' title='bbox 3146 3891 3397 3963; x_wconf 89' lang='lat' dir='ltr'><strong>ploravit.</strong></span> <span class='ocrx_word' id='word_1_772' title='bbox 3461 3889 3598 3960; x_wconf 85' lang='lat' dir='ltr'><strong>Ergo</strong></span> <span class='ocrx_word' id='word_1_773' title='bbox 3649 3899 3703 3944; x_wconf 89' lang='lat' dir='ltr'><strong>et</strong></span> <span class='ocrx_word' id='word_1_774' title='bbox 3745 3905 3832 3943; x_wconf 76' lang='lat' dir='ltr'><strong>se-</strong></span> 
     </span>
    </p>
   </div>
   <div class='ocr_carea' id='block_1_103' title="bbox 2237 3979 3829 4053">
    <p class='ocr_par' dir='ltr' id='par_1_103' title="bbox 2237 3979 3829 4053">
     <span class='ocr_line' id='line_1_103' title="bbox 2237 3979 3829 4053; baseline -0.003 -14"><span class='ocrx_word' id='word_1_775' title='bbox 2237 3988 2476 4040; x_wconf 89' lang='lat' dir='ltr'><strong>cundum</strong></span> <span class='ocrx_word' id='word_1_776' title='bbox 2539 3981 2818 4037; x_wconf 76' lang='lat' dir='ltr'><strong>Lucam“</strong></span> <span class='ocrx_word' id='word_1_777' title='bbox 2875 3983 3150 4053; x_wconf 81' lang='lat' dir='ltr'><strong>peccatrix</strong></span> <span class='ocrx_word' id='word_1_778' title='bbox 3201 3981 3398 4035; x_wconf 90' lang='lat' dir='ltr'><strong>mulier</strong></span> <span class='ocrx_word' id='word_1_779' title='bbox 3440 3980 3595 4050; x_wconf 83' lang='lat' dir='ltr'><strong>juxta</strong></span> <span class='ocrx_word' id='word_1_780' title='bbox 3658 3979 3829 4048; x_wconf 88' lang='lat' dir='ltr'><strong>pedes</strong></span> 
     </span>
    </p>
   </div>
   <div class='ocr_carea' id='block_1_104' title="bbox 2237 4071 3829 4145">
    <p class='ocr_par' dir='ltr' id='par_1_104' title="bbox 2237 4071 3829 4145">
     <span class='ocr_line' id='line_1_104' title="bbox 2237 4071 3829 4145; baseline -0.004 -15"><span class='ocrx_word' id='word_1_781' title='bbox 2237 4075 2454 4130; x_wconf 89' lang='lat' dir='ltr'><strong>Domini</strong></span> <span class='ocrx_word' id='word_1_782' title='bbox 2505 4075 2777 4145; x_wconf 75' lang='lat' dir='ltr'><strong>ptenitens</strong></span> <span class='ocrx_word' id='word_1_783' title='bbox 2837 4073 3024 4139; x_wconf 84' lang='lat' dir='ltr'><strong>ﬂevit,</strong></span> <span class='ocrx_word' id='word_1_784' title='bbox 3077 4083 3130 4129; x_wconf 89' lang='lat' dir='ltr'><strong>et</strong></span> <span class='ocrx_word' id='word_1_785' title='bbox 3182 4073 3270 4128; x_wconf 91' lang='lat' dir='ltr'><strong>hic</strong></span> <span class='ocrx_word' id='word_1_786' title='bbox 3321 4071 3510 4126; x_wconf 89' lang='lat' dir='ltr'><strong>Petrus</strong></span> <span class='ocrx_word' id='word_1_787' title='bbox 3571 4085 3829 4140; x_wconf 86' lang='lat' dir='ltr'><strong>egressus</strong></span> 
     </span>
    </p>
   </div>
   <div class='ocr_carea' id='block_1_105' title="bbox 2235 4161 3829 4238">
    <p class='ocr_par' dir='ltr' id='par_1_105' title="bbox 2235 4161 3829 4238">
     <span class='ocr_line' id='line_1_105' title="bbox 2235 4161 3829 4238; baseline -0.005 -17"><span class='ocrx_word' id='word_1_788' title='bbox 2235 4168 2435 4222; x_wconf 89' lang='lat' dir='ltr'><strong>atrium</strong></span> <span class='ocrx_word' id='word_1_789' title='bbox 2474 4167 2773 4238; x_wconf 83' lang='lat' dir='ltr'><strong>principis,</strong></span> <span class='ocrx_word' id='word_1_790' title='bbox 2811 4167 2876 4220; x_wconf 90' lang='lat' dir='ltr'><strong>ad</strong></span> <span class='ocrx_word' id='word_1_791' title='bbox 2902 4167 3127 4236; x_wconf 91' lang='lat' dir='ltr'><strong>januam</strong></span> <span class='ocrx_word' id='word_1_792' title='bbox 3173 4165 3301 4235; x_wconf 68' lang='lat' dir='ltr'><strong>ejus;</strong></span> <span class='ocrx_word' id='word_1_793' title='bbox 3315 4164 3488 4234; x_wconf 88' lang='lat' dir='ltr'><strong>plorat</strong></span> <span class='ocrx_word' id='word_1_794' title='bbox 3514 4178 3580 4216; x_wconf 81' lang='lat' dir='ltr'><strong>ex</strong></span> <span class='ocrx_word' id='word_1_795' title='bbox 3622 4161 3829 4216; x_wconf 86' lang='lat' dir='ltr'><strong>amari-</strong></span> 
     </span>
    </p>
   </div>
   <div class='ocr_carea' id='block_1_106' title="bbox 2237 4251 3823 4330">
    <p class='ocr_par' dir='ltr' id='par_1_106' title="bbox 2237 4251 3823 4330">
     <span class='ocr_line' id='line_1_106' title="bbox 2237 4251 3823 4330; baseline -0.005 -16"><span class='ocrx_word' id='word_1_796' title='bbox 2237 4259 2423 4314; x_wconf 89' lang='lat' dir='ltr'><strong>tudine</strong></span> <span class='ocrx_word' id='word_1_797' title='bbox 2455 4259 2700 4330; x_wconf 88' lang='lat' dir='ltr'><strong>peccati,</strong></span> <span class='ocrx_word' id='word_1_798' title='bbox 2746 4260 3129 4314; x_wconf 87' lang='lat' dir='ltr'><strong>examaricans</strong></span> <span class='ocrx_word' id='word_1_799' title='bbox 3176 4257 3231 4312; x_wconf 88' lang='lat' dir='ltr'><strong>in</strong></span> <span class='ocrx_word' id='word_1_800' title='bbox 3267 4255 3588 4328; x_wconf 70' lang='lat' dir='ltr'><strong>pmnitentia</strong></span> <span class='ocrx_word' id='word_1_801' title='bbox 3629 4251 3823 4308; x_wconf 81' lang='lat' dir='ltr'><strong>ﬂetum</strong></span> 
     </span>
    </p>
   </div>
   <div class='ocr_carea' id='block_1_107' title="bbox 2234 4367 2420 4408">
    <p class='ocr_par' dir='ltr' id='par_1_107' title="bbox 2234 4367 2420 4408">
     <span class='ocr_line' id='line_1_107' title="bbox 2234 4367 2420 4408; baseline 0 0"><span class='ocrx_word' id='word_1_802' title='bbox 2234 4367 2420 4408; x_wconf 87' lang='lat' dir='ltr'><strong>suum.</strong></span> 
     </span>
    </p>
   </div>
   <div class='ocr_carea' id='block_1_108' title="bbox 2309 4463 3820 4536">
    <p class='ocr_par' dir='ltr' id='par_1_108' title="bbox 2309 4463 3820 4536">
     <span class='ocr_line' id='line_1_108' title="bbox 2309 4463 3820 4536; baseline -0.006 -13"><span class='ocrx_word' id='word_1_803' title='bbox 2309 4469 2432 4524; x_wconf 83' lang='grc'><strong>115.</strong></span> <span class='ocrx_word' id='word_1_804' title='bbox 2479 4467 2636 4522; x_wconf 72' lang='lat' dir='ltr'><strong>Mane</strong></span> <span class='ocrx_word' id='word_1_805' title='bbox 2689 4475 2868 4521; x_wconf 79' lang='lat' dir='ltr'><strong>autem</strong></span> <span class='ocrx_word' id='word_1_806' title='bbox 2924 4466 3109 4536; x_wconf 79' lang='lat' dir='ltr'><strong>facto,</strong></span> <span class='ocrx_word' id='word_1_807' title='bbox 3159 4463 3444 4518; x_wconf 85' lang='lat' dir='ltr'><strong>consilium</strong></span> <span class='ocrx_word' id='word_1_808' title='bbox 3507 4471 3820 4530; x_wconf 83' lang='lat' dir='ltr'><strong>acceperunt</strong></span> 
     </span>
    </p>
   </div>
   <div class='ocr_carea' id='block_1_109' title="bbox 2237 4555 3818 4632">
    <p class='ocr_par' dir='ltr' id='par_1_109' title="bbox 2237 4555 3818 4632">
     <span class='ocr_line' id='line_1_109' title="bbox 2237 4555 3818 4632; baseline -0.007 -15"><span class='ocrx_word' id='word_1_809' title='bbox 2237 4579 2413 4618; x_wconf 84' lang='lat' dir='ltr'><strong>omnes</strong></span> <span class='ocrx_word' id='word_1_810' title='bbox 2445 4563 2707 4632; x_wconf 84' lang='lat' dir='ltr'><strong>principes</strong></span> <span class='ocrx_word' id='word_1_811' title='bbox 2741 4561 3076 4616; x_wconf 82' lang='lat' dir='ltr'><strong>sacerdotum</strong></span> <span class='ocrx_word' id='word_1_812' title='bbox 3107 4568 3156 4613; x_wconf 85' lang='lat' dir='ltr'><strong>et</strong></span> <span class='ocrx_word' id='word_1_813' title='bbox 3179 4558 3408 4612; x_wconf 82' lang='lat' dir='ltr'><strong>seniores</strong></span> <span class='ocrx_word' id='word_1_814' title='bbox 3437 4555 3600 4625; x_wconf 84' lang='lat' dir='ltr'><strong>plebis</strong></span> <span class='ocrx_word' id='word_1_815' title='bbox 3627 4555 3818 4609; x_wconf 79' lang='lat' dir='ltr'><strong>adver-</strong></span> 
     </span>
    </p>
   </div>
   <div class='ocr_carea' id='block_1_110' title="bbox 2237 4649 3814 4718">
    <p class='ocr_par' dir='ltr' id='par_1_110' title="bbox 2237 4649 3814 4718">
     <span class='ocr_line' id='line_1_110' title="bbox 2237 4649 3814 4718; baseline -0.01 -8"><span class='ocrx_word' id='word_1_816' title='bbox 2237 4672 2326 4712; x_wconf 84' lang='lat' dir='ltr'><strong>sus</strong></span> <span class='ocrx_word' id='word_1_817' title='bbox 2353 4654 2560 4718; x_wconf 71' lang='lat' dir='ltr'><strong>Iesum,</strong></span> <span class='ocrx_word' id='word_1_818' title='bbox 2593 4663 2650 4708; x_wconf 88' lang='lat' dir='ltr'><strong>ut</strong></span> <span class='ocrx_word' id='word_1_819' title='bbox 2677 4669 2795 4708; x_wconf 90' lang='lat' dir='ltr'><strong>eum</strong></span> <span class='ocrx_word' id='word_1_820' title='bbox 2830 4653 2987 4706; x_wconf 87' lang='lat' dir='ltr'><strong>morti</strong></span> <span class='ocrx_word' id='word_1_821' title='bbox 3020 4650 3284 4704; x_wconf 88' lang='lat' dir='ltr'><strong>traderent</strong></span> <span class='ocrx_word' id='word_1_822' title='bbox 3309 4665 3328 4714; x_wconf 88' lang='lat'><em>;</em></span> <span class='ocrx_word' id='word_1_823' title='bbox 3368 4658 3414 4701; x_wconf 89' lang='lat' dir='ltr'><strong>et</strong></span> <span class='ocrx_word' id='word_1_824' title='bbox 3445 4649 3674 4702; x_wconf 86' lang='lat' dir='ltr'><strong>vinctum</strong></span> <span class='ocrx_word' id='word_1_825' title='bbox 3697 4661 3814 4698; x_wconf 83' lang='lat' dir='ltr'><strong>eum</strong></span> 
     </span>
    </p>
   </div>
   <div class='ocr_carea' id='block_1_111' title="bbox 2238 4735 3802 4808">
    <p class='ocr_par' dir='ltr' id='par_1_111' title="bbox 2238 4735 3802 4808">
     <span class='ocr_line' id='line_1_111' title="bbox 2238 4735 3802 4808; baseline -0.008 -7"><span class='ocrx_word' id='word_1_826' title='bbox 2238 4748 2576 4801; x_wconf 78' lang='lat' dir='ltr'><strong>adduxerunt</strong></span> <span class='ocrx_word' id='word_1_827' title='bbox 2606 4753 2654 4798; x_wconf 87' lang='lat' dir='ltr'><strong>et</strong></span> <span class='ocrx_word' id='word_1_828' title='bbox 2695 4742 3029 4797; x_wconf 83' lang='lat' dir='ltr'><strong>tradiderunt</strong></span> <span class='ocrx_word' id='word_1_829' title='bbox 3074 4740 3265 4794; x_wconf 86' lang='lat' dir='ltr'><strong>Pontio</strong></span> <span class='ocrx_word' id='word_1_830' title='bbox 3296 4738 3474 4792; x_wconf 83' lang='lat' dir='ltr'><strong>Pilato</strong></span> <span class='ocrx_word' id='word_1_831' title='bbox 3508 4736 3721 4808; x_wconf 69' lang='lat' dir='ltr'><strong>prazsidi</strong></span> <span class='ocrx_word' id='word_1_832' title='bbox 3744 4735 3802 4788; x_wconf 80' lang='grc'><strong>⁸³.</strong></span> 
     </span>
    </p>
   </div>
   <div class='ocr_carea' id='block_1_112' title="bbox 2236 4829 3776 4904">
    <p class='ocr_par' dir='ltr' id='par_1_112' title="bbox 2236 4829 3776 4904">
     <span class='ocr_line' id='line_1_112' title="bbox 2236 4829 3776 4904; baseline -0.01 -11"><span class='ocrx_word' id='word_1_833' title='bbox 2236 4837 2341 4904; x_wconf 83' lang='lat' dir='ltr'><strong>Qui</strong></span> <span class='ocrx_word' id='word_1_834' title='bbox 2376 4837 2430 4890; x_wconf 91' lang='lat' dir='ltr'><strong>in</strong></span> <span class='ocrx_word' id='word_1_835' title='bbox 2467 4835 2705 4890; x_wconf 89' lang='lat' dir='ltr'><strong>tenebris</strong></span> <span class='ocrx_word' id='word_1_836' title='bbox 2735 4843 2789 4888; x_wconf 87' lang='lat' dir='ltr'><strong>et</strong></span> <span class='ocrx_word' id='word_1_837' title='bbox 2814 4841 2972 4888; x_wconf 89' lang='lat' dir='ltr'><strong>nocte</strong></span> <span class='ocrx_word' id='word_1_838' title='bbox 2991 4830 3238 4895; x_wconf 72' lang='lat' dir='ltr'><strong>olfendit,</strong></span> <span class='ocrx_word' id='word_1_839' title='bbox 3273 4829 3428 4884; x_wconf 87' lang='lat' dir='ltr'><strong>venia</strong></span> <span class='ocrx_word' id='word_1_840' title='bbox 3461 4829 3657 4897; x_wconf 86' lang='lat' dir='ltr'><strong>dignus</strong></span> <span class='ocrx_word' id='word_1_841' title='bbox 3691 4834 3776 4879; x_wconf 88' lang='lat' dir='ltr'><strong>est</strong></span> 
     </span>
    </p>
   </div>
   <div class='ocr_carea' id='block_1_113' title="bbox 2235 4921 3816 5000">
    <p class='ocr_par' dir='ltr' id='par_1_113' title="bbox 2235 4921 3816 5000">
     <span class='ocr_line' id='line_1_113' title="bbox 2235 4921 3816 5000; baseline -0.008 -17"><span class='ocrx_word' id='word_1_842' title='bbox 2235 4930 2328 5000; x_wconf 89' lang='lat' dir='ltr'><strong>qui</strong></span> <span class='ocrx_word' id='word_1_843' title='bbox 2363 4937 2542 4982; x_wconf 88' lang='lat' dir='ltr'><strong>autem</strong></span> <span class='ocrx_word' id='word_1_844' title='bbox 2579 4926 2634 4979; x_wconf 91' lang='lat' dir='ltr'><strong>in</strong></span> <span class='ocrx_word' id='word_1_845' title='bbox 2673 4926 2758 4980; x_wconf 89' lang='lat' dir='ltr'><strong>die</strong></span> <span class='ocrx_word' id='word_1_846' title='bbox 2802 4925 2948 4979; x_wconf 86' lang='lat' dir='ltr'><strong>clara</strong></span> <span class='ocrx_word' id='word_1_847' title='bbox 3000 4921 3260 4985; x_wconf 72' lang='lat' dir='ltr'><strong>offendit,</strong></span> <span class='ocrx_word' id='word_1_848' title='bbox 3317 4933 3595 4989; x_wconf 89' lang='lat' dir='ltr'><strong>nunquam</strong></span> <span class='ocrx_word' id='word_1_849' title='bbox 3641 4925 3816 4984; x_wconf 77' lang='lat' dir='ltr'><strong>potest</strong></span> 
     </span>
    </p>
   </div>
   <div class='ocr_carea' id='block_1_114' title="bbox 2233 5005 3823 5088">
    <p class='ocr_par' dir='ltr' id='par_1_114' title="bbox 2233 5005 3823 5088">
     <span class='ocr_line' id='line_1_114' title="bbox 2233 5005 3823 5088; baseline -0.009 -15"><span class='ocrx_word' id='word_1_850' title='bbox 2233 5019 2454 5088; x_wconf 85' lang='lat' dir='ltr'><strong>culpare</strong></span> <span class='ocrx_word' id='word_1_851' title='bbox 2533 5031 2773 5071; x_wconf 89' lang='lat' dir='ltr'><strong>errorem</strong></span> <span class='ocrx_word' id='word_1_852' title='bbox 2825 5013 2980 5084; x_wconf 90' lang='lat' dir='ltr'><strong>quasi</strong></span> <span class='ocrx_word' id='word_1_853' title='bbox 3029 5011 3392 5066; x_wconf 85' lang='lat' dir='ltr'><strong>continentem</strong></span> <span class='ocrx_word' id='word_1_854' title='bbox 3444 5024 3532 5073; x_wconf 84' lang='lat' dir='ltr'><strong>se,</strong></span> <span class='ocrx_word' id='word_1_855' title='bbox 3581 5005 3823 5060; x_wconf 80' lang='lat' dir='ltr'><strong>maxime</strong></span> 
     </span>
    </p>
   </div>
   <div class='ocr_carea' id='block_1_115' title="bbox 2231 5097 3820 5182">
    <p class='ocr_par' dir='ltr' id='par_1_115' title="bbox 2231 5097 3820 5182">
     <span class='ocr_line' id='line_1_115' title="bbox 2231 5097 3820 5182; baseline -0.009 -17"><span class='ocrx_word' id='word_1_856' title='bbox 2231 5109 2450 5182; x_wconf 91' lang='lat' dir='ltr'><strong>quando</strong></span> <span class='ocrx_word' id='word_1_857' title='bbox 2499 5106 2707 5162; x_wconf 88' lang='lat' dir='ltr'><strong>habens</strong></span> <span class='ocrx_word' id='word_1_858' title='bbox 2756 5106 2808 5160; x_wconf 91' lang='lat' dir='ltr'><strong>in</strong></span> <span class='ocrx_word' id='word_1_859' title='bbox 2860 5120 2919 5160; x_wconf 86' lang='lat' dir='ltr'><strong>se</strong></span> <span class='ocrx_word' id='word_1_860' title='bbox 2968 5104 3248 5159; x_wconf 86' lang='lat' dir='ltr'><strong>lucernam</strong></span> <span class='ocrx_word' id='word_1_861' title='bbox 3291 5100 3536 5170; x_wconf 85' lang='lat' dir='ltr'><strong>corporis</strong></span> <span class='ocrx_word' id='word_1_862' title='bbox 3565 5097 3820 5161; x_wconf 47' lang='lat' dir='ltr'><strong>olli-nuit,</strong></span> 
     </span>
    </p>
   </div>
   <div class='ocr_carea' id='block_1_116' title="bbox 2232 5191 3821 5258">
    <p class='ocr_par' dir='ltr' id='par_1_116' title="bbox 2232 5191 3821 5258">
     <span class='ocr_line' id='line_1_116' title="bbox 2232 5191 3821 5258; baseline -0.011 0"><span class='ocrx_word' id='word_1_863' title='bbox 2232 5203 2327 5258; x_wconf 86' lang='lat' dir='ltr'><strong>sed</strong></span> <span class='ocrx_word' id='word_1_864' title='bbox 2351 5199 2801 5256; x_wconf 80' lang='lat' dir='ltr'><strong>inccntinentiam</strong></span> <span class='ocrx_word' id='word_1_865' title='bbox 2825 5213 3004 5252; x_wconf 87' lang='lat' dir='ltr'><strong>suam.</strong></span> <span class='ocrx_word' id='word_1_866' title='bbox 3024 5195 3136 5252; x_wconf 86' lang='lat' dir='ltr'><strong>Hoc</strong></span> <span class='ocrx_word' id='word_1_867' title='bbox 3161 5204 3340 5250; x_wconf 89' lang='lat' dir='ltr'><strong>autem</strong></span> <span class='ocrx_word' id='word_1_868' title='bbox 3367 5191 3604 5245; x_wconf 79' lang='lat' dir='ltr'><strong>diximus</strong></span> <span class='ocrx_word' id='word_1_869' title='bbox 3632 5200 3821 5243; x_wconf 88' lang='lat' dir='ltr'><strong>osten-</strong></span> 
     </span>
    </p>
   </div>
   <div class='ocr_carea' id='block_1_117' title="bbox 2231 5281 3819 5364">
    <p class='ocr_par' dir='ltr' id='par_1_117' title="bbox 2231 5281 3819 5364">
     <span class='ocr_line' id='line_1_117' title="bbox 2231 5281 3819 5364; baseline -0.009 -14"><span class='ocrx_word' id='word_1_870' title='bbox 2231 5295 2419 5350; x_wconf 88' lang='lat' dir='ltr'><strong>dentes</strong></span> <span class='ocrx_word' id='word_1_871' title='bbox 2469 5292 2730 5364; x_wconf 87' lang='lat' dir='ltr'><strong>quoniam</strong></span> <span class='ocrx_word' id='word_1_872' title='bbox 2779 5289 2984 5344; x_wconf 87' lang='lat' dir='ltr'><strong>Christi</strong></span> <span class='ocrx_word' id='word_1_873' title='bbox 3019 5287 3236 5359; x_wconf 90' lang='lat' dir='ltr'><strong>quidem</strong></span> <span class='ocrx_word' id='word_1_874' title='bbox 3287 5281 3536 5352; x_wconf 82' lang='lat' dir='ltr'><strong>discipuli</strong></span> <span class='ocrx_word' id='word_1_875' title='bbox 3570 5281 3622 5335; x_wconf 91' lang='lat' dir='ltr'><strong>in</strong></span> <span class='ocrx_word' id='word_1_876' title='bbox 3656 5289 3819 5335; x_wconf 86' lang='lat' dir='ltr'><strong>nocte</strong></span> 
     </span>
    </p>
   </div>
   <div class='ocr_carea' id='block_1_118' title="bbox 2231 5371 3815 5451">
    <p class='ocr_par' dir='ltr' id='par_1_118' title="bbox 2231 5371 3815 5451">
     <span class='ocr_line' id='line_1_118' title="bbox 2231 5371 3815 5451; baseline -0.008 -10"><span class='ocrx_word' id='word_1_877' title='bbox 2231 5386 2693 5449; x_wconf 81' lang='lat' dir='ltr'><strong>scandalizantur,</strong></span> <span class='ocrx_word' id='word_1_878' title='bbox 2731 5384 3028 5440; x_wconf 88' lang='lat' dir='ltr'><strong>secundum</strong></span> <span class='ocrx_word' id='word_1_879' title='bbox 3063 5381 3208 5451; x_wconf 84' lang='lat' dir='ltr'><strong>quod</strong></span> <span class='ocrx_word' id='word_1_880' title='bbox 3233 5371 3495 5433; x_wconf 86' lang='lat' dir='ltr'><strong>Dominus</strong></span> <span class='ocrx_word' id='word_1_881' title='bbox 3527 5375 3648 5445; x_wconf 90' lang='lat' dir='ltr'><strong>ejus</strong></span> <span class='ocrx_word' id='word_1_882' title='bbox 3676 5389 3815 5444; x_wconf 67' lang='lat' dir='ltr'><strong>prte-</strong></span> 
     </span>
    </p>
   </div>
   <div class='ocr_carea' id='block_1_119' title="bbox 2229 5467 3813 5545">
    <p class='ocr_par' dir='ltr' id='par_1_119' title="bbox 2229 5467 3813 5545">
     <span class='ocr_line' id='line_1_119' title="bbox 2229 5467 3813 5545; baseline -0.008 -11"><span class='ocrx_word' id='word_1_883' title='bbox 2229 5480 2358 5535; x_wconf 87' lang='lat' dir='ltr'><strong>dicit</strong></span> <span class='ocrx_word' id='word_1_884' title='bbox 2386 5497 2400 5535; x_wconf 88' lang='lat'><strong>:</strong></span> <span class='ocrx_word' id='word_1_885' title='bbox 2441 5479 2634 5536; x_wconf 78' lang='lat' dir='ltr'><strong>Omnes</strong></span> <span class='ocrx_word' id='word_1_886' title='bbox 2662 5495 2753 5532; x_wconf 78' lang='lat' dir='ltr'><strong>vos</strong></span> <span class='ocrx_word' id='word_1_887' title='bbox 2785 5477 3098 5532; x_wconf 83' lang='lat' dir='ltr'><strong>scandalum</strong></span> <span class='ocrx_word' id='word_1_888' title='bbox 3131 5471 3403 5545; x_wconf 81' lang='lat' dir='ltr'><strong>patiemini</strong></span> <span class='ocrx_word' id='word_1_889' title='bbox 3434 5469 3488 5523; x_wconf 87' lang='lat' dir='ltr'><strong>in</strong></span> <span class='ocrx_word' id='word_1_890' title='bbox 3513 5486 3591 5524; x_wconf 85' lang='lat' dir='ltr'><strong>me</strong></span> <span class='ocrx_word' id='word_1_891' title='bbox 3624 5469 3679 5523; x_wconf 83' lang='lat' dir='ltr'><strong>in</strong></span> <span class='ocrx_word' id='word_1_892' title='bbox 3707 5467 3813 5521; x_wconf 82' lang='lat' dir='ltr'><strong>Itac</strong></span> 
     </span>
    </p>
   </div>
   <div class='ocr_carea' id='block_1_120' title="bbox 2540 5627 3811 5698">
    <p class='ocr_par' dir='ltr' id='par_1_120' title="bbox 2540 5627 3811 5698">
     <span class='ocr_line' id='line_1_120' title="bbox 2540 5627 3811 5698; baseline -0.004 -11"><span class='ocrx_word' id='word_1_893' title='bbox 2540 5635 2586 5667; x_wconf 74' lang='grc'><strong>⁷⁴</strong></span> <span class='ocrx_word' id='word_1_894' title='bbox 2626 5633 2789 5691; x_wconf 80' lang='lat' dir='ltr'><strong>Rom.</strong></span> <span class='ocrx_word' id='word_1_895' title='bbox 2852 5648 2990 5698; x_wconf 88' lang='lat' dir='ltr'><strong>xm,</strong></span> <span class='ocrx_word' id='word_1_896' title='bbox 3030 5630 3116 5689; x_wconf 72' lang='grc'><strong>12.</strong></span> <span class='ocrx_word' id='word_1_897' title='bbox 3217 5630 3261 5662; x_wconf 68' lang='grc'><strong>’⁸</strong></span> <span class='ocrx_word' id='word_1_898' title='bbox 3304 5629 3464 5684; x_wconf 84' lang='lat' dir='ltr'><strong>llebr.</strong></span> <span class='ocrx_word' id='word_1_899' title='bbox 3505 5645 3592 5694; x_wconf 71' lang='lat' dir='ltr'><strong>rt,</strong></span> <span class='ocrx_word' id='word_1_900' title='bbox 3639 5627 3708 5691; x_wconf 75' lang='grc' dir='ltr'>ι,</span> <span class='ocrx_word' id='word_1_901' title='bbox 3752 5627 3811 5684; x_wconf 79' lang='grc' dir='ltr'><strong>ϐ.</strong></span> 
     </span>
    </p>
   </div>
   <div class='ocr_carea' id='block_1_121' title="bbox 2557 5697 3809 5766">
    <p class='ocr_par' dir='ltr' id='par_1_121' title="bbox 2557 5697 3809 5766">
     <span class='ocr_line' id='line_1_121' title="bbox 2557 5697 3809 5766; baseline -0.003 -8"><span class='ocrx_word' id='word_1_902' title='bbox 2557 5707 2604 5738; x_wconf 73' lang='grc'>’⁸</span> <span class='ocrx_word' id='word_1_903' title='bbox 2646 5704 2789 5760; x_wconf 88' lang='lat' dir='ltr'><strong>Psal.</strong></span> <span class='ocrx_word' id='word_1_904' title='bbox 2835 5697 2980 5765; x_wconf 82' lang='lat' dir='ltr'><strong>cxv,</strong></span> <span class='ocrx_word' id='word_1_905' title='bbox 3022 5702 3110 5756; x_wconf 86' lang='grc'><strong>16.</strong></span> <span class='ocrx_word' id='word_1_906' title='bbox 3201 5699 3246 5733; x_wconf 74' lang='grc' dir='ltr'><strong>⁸ο</strong></span> <span class='ocrx_word' id='word_1_907' title='bbox 3286 5699 3432 5756; x_wconf 83' lang='lat' dir='ltr'><strong>Psal.</strong></span> <span class='ocrx_word' id='word_1_908' title='bbox 3469 5713 3716 5766; x_wconf 79' lang='lat' dir='ltr'><strong>cxxxnt,</strong></span> <span class='ocrx_word' id='word_1_909' title='bbox 3750 5697 3809 5754; x_wconf 85' lang='grc'><strong>1.</strong></span> 
     </span>
    </p>
   </div>
   <div class='ocr_carea' id='block_1_122' title="bbox 2371 5768 3523 5844">
    <p class='ocr_par' dir='ltr' id='par_1_122' title="bbox 2371 5768 3523 5844">
     <span class='ocr_line' id='line_1_122' title="bbox 2371 5768 3523 5844; baseline -0.01 -12"><span class='ocrx_word' id='word_1_910' title='bbox 2371 5778 2416 5810; x_wconf 68' lang='grc'>³⁸</span> <span class='ocrx_word' id='word_1_911' title='bbox 2455 5792 2551 5844; x_wconf 86' lang='lat' dir='ltr'><strong>vn,</strong></span> <span class='ocrx_word' id='word_1_912' title='bbox 2580 5774 2670 5830; x_wconf 75' lang='lat'><strong>&#39;57.</strong></span> <span class='ocrx_word' id='word_1_913' title='bbox 2696 5773 2784 5828; x_wconf 78' lang='lat'><strong>&#39;58.</strong></span> <span class='ocrx_word' id='word_1_914' title='bbox 2862 5774 2909 5807; x_wconf 82' lang='grc'><strong>⁸⁸</strong></span> <span class='ocrx_word' id='word_1_915' title='bbox 2947 5771 3136 5828; x_wconf 80' lang='lat' dir='ltr'><strong>Matth.</strong></span> <span class='ocrx_word' id='word_1_916' title='bbox 3173 5785 3352 5836; x_wconf 85' lang='lat' dir='ltr'><strong>xxvu,</strong></span> <span class='ocrx_word' id='word_1_917' title='bbox 3391 5770 3444 5836; x_wconf 81' lang='grc'><strong>1,</strong></span> <span class='ocrx_word' id='word_1_918' title='bbox 3469 5768 3523 5824; x_wconf 70' lang='grc'><strong>2.</strong></span> 
     </span>
    </p>
   </div>
  </div>
