4052 6304
373 296 397 350 1
410 295 512 350 765

365 501 530 572 gavit.
571 498 674 565 Qui
706 511 887 556 autem
912 502 1201 558 consilium
1239 503 1513 572 accipiunt
1535 514 1722 559 contra
1752 504 1939 562 Jesum

367 606 560 649 Omnes
594 594 864 663 principes
895 607 950 649 et
986 596 1229 650 seniores
1263 596 1437 665 plebis
1466 612 1626 652 mane
1669 596 1814 654 facto
1836 640 1851 663 ,
1887 600 1940 657 in

369 684 575 739 lumine
617 695 878 755 peccant,
931 686 982 738 id
1034 696 1120 741 est
1146 687 1415 753 scientes,
1468 688 1768 744 secundum
1798 692 1943 760 quod

368 776 631 845 scriptum
681 787 765 832 est
809 778 878 833 de
909 780 1013 833 hoc
1041 779 1308 846 consilio,
1356 781 1616 850 quoniam
1671 785 1939 840 cousiliati

369 874 500 920 sunt
530 880 595 919 ex
628 880 901 920 consensu
951 869 1005 921 in
1051 883 1219 922 unum
1241 907 1269 932 ,_
1309 869 1452 924 sicut
1481 871 1743 941 scriptum
1774 882 1857 928 est
1885 875 1939 928 in

367 954 600 1011 Psalmis
631 954 710 1023 ⁸⁷,
746 965 809 1009 ut
839 957 1001 1011 morti
1046 959 1325 1013 traderent
1354 959 1654 1028 Christum,
1688 974 1941 1031 putantes

367 1061 464 1116 per
509 1055 737 1103 mortem
784 1050 1133 1120 exstinguere
1179 1052 1299 1122 ejus
1346 1053 1652 1110 doctrinam
1686 1067 1738 1110 et
1781 1056 1939 1112 ﬁdem

366 1138 487 1207 eius
519 1139 664 1208 apud
707 1154 805 1194 eos
849 1141 942 1209 qui
972 1142 1318 1198 crediderunt
1347 1144 1398 1198 in
1426 1160 1552 1200 eum
1582 1148 1738 1217 quasi
1766 1147 1819 1201 in
1849 1147 1939 1201 Fi—

367 1230 499 1285 lium
547 1229 663 1287 Dei.
727 1230 878 1287 Talia
931 1242 1113 1288 autem
1167 1246 1356 1291 contra
1409 1252 1535 1293 eum
1591 1241 1939 1296 consiliantes

366 1322 639 1391 principes
682 1323 912 1380 cultura:
964 1326 1158 1381 litterae
1217 1328 1552 1394 occidentis,
1608 1341 1661 1384 ct
1700 1332 1938 1388 ministri

366 1412 734 1469 damnationis
783 1418 1059 1481 seniores,
1095 1419 1457 1490 alligaverunt
1500 1419 1686 1476 Jesum
1718 1425 1938 1478 solven-

374 1493 480 1558 tem
515 1519 548 1558 a
594 1504 826 1560 vinculis
859 1514 914 1561 et
943 1506 1212 1563 dicentem
1262 1509 1342 1564 eis
1376 1509 1470 1578 qui
1496 1520 1625 1565 sunt
1659 1511 1713 1565 in
1751 1514 1940 1567 vincu-

368 1594 436 1650 lis
466 1613 482 1648 :
519 1594 678 1651 Exite
706 1597 789 1662 ἐς
839 1605 894 1652 et
926 1600 1264 1669 compeditos
1298 1600 1595 1656 solventem
1616 1642 1631 1667 ,
1665 1612 1828 1674 atque
1852 1604 1937 1659 tli-

365 1697 580 1744 centem
624 1707 641 1744 :
683 1690 1061 1761 Dirumpamus
1108 1694 1320 1748 vincula
1348 1710 1529 1748 eorum
1561 1696 1643 1763 ⁸⁹;
1674 1707 1728 1752 et
1755 1699 1846 1768 qui
1876 1699 1937 1753 li-

1499 291 2163 354 COMMENTARIORU‘M
2196 296 2462 355 SERIES.

368 423 520 466 nocte
546 410 614 476 ⁸⁸,
642 419 697 467 et
730 411 856 482 quia
889 411 1084 468 Petrus
1109 420 1236 467 ante
1257 411 1381 482 galli
1413 423 1632 469 cantum
1666 424 1749 468 ter
1780 418 1947 470 deue-
1976 424 2017 479 Α

3489 306 3625 365 ίῗῦϐ

2047 512 2188 565 uiam
2232 512 2520 568 damnatus
2563 526 2670 583 est,
2720 519 3024 586 paenitentia
3067 518 3255 571 ductus
3300 520 3479 573 retulit
3522 522 3626 575 tri-

2044 602 2194 671 ginta
2236 613 2507 672 argenteos
2561 606 2885 674 principibus
2928 610 3260 661 sacerdotum
3306 618 3355 662 et
3396 609 3625 664 seniori-

2044 691 2160 757 bus,
2198 693 2377 747 dicens
2414 711 2433 747 :
2485 694 2703 748 Peccavi
2750 695 2893 768 quod
2942 697 3253 751 tradiderim
3312 700 3624 770 sanguinem

2037 783 2271 851 justum.
2304 789 2370 838 At
2403 786 2485 838 illi
2515 787 2761 840 dixerunt
2793 803 2811 841 :
2847 786 2988 853 Quid
3028 788 3096 842 ad
3124 789 3260 842 nos?
3302 782 3379 842 Tu
3409 789 3622 844 videris.

2052 870 2121 924 Et
2161 873 2409 941 projectis
2453 877 2718 946 argenteis
2762 877 2815 928 in
2851 875 3062 945 templo,
3100 879 3333 943 recessit,
3363 887 3412 932 et
3445 880 3623 933 abiens

2042 962 2226 1033 laqueo
2277 981 2331 1018 se
2384 968 2674 1035 suspendit.
2736 966 3007 1036 Principes
3062 979 3238 1022 autem
3290 970 3621 1024 sacerdotum

2043 1055 2269 1125 acceptis
2316 1058 2575 1126 argenteis
2615 1056 2856 1108 dixerunt
2901 1072 2920 1110 :
2961 1055 3081 1109 Non
3124 1059 3241 1113 licet
3283 1062 3487 1115 mittere
3533 1077 3621 1117 eos

2041 1146 2094 1199 in
2156 1146 2477 1212 corbonam,
2533 1151 2659 1219 quia
2715 1153 2941 1220 pretium
2995 1152 3266 1222 sanguinis
3323 1161 3420 1207 est.
3482 1150 3621 1208 Cau-

2040 1234 2161 1288 silio
2190 1246 2366 1290 autem
2418 1248 2628 1305 accepto
2677 1240 2816 1294 inter
2848 1258 2921 1305 se,
2962 1251 3197 1295 emerunt
3235 1258 3420 1312 agrum
3463 1242 3620 1313 ﬁguli

2041 1324 2095 1377 in
2145 1328 2468 1396 sepulturam
2511 1331 2922 1400 peregrinorum.
2992 1332 3213 1403 Propter
3256 1333 3352 1387 hoc
3405 1345 3617 1389 vocatus

2038 1429 2117 1473 est
2169 1435 2294 1490 ager
2352 1420 2476 1483 ille,
2542 1422 2948 1488 Acheldemach,
2995 1428 3131 1495 quod
3192 1436 3269 1478 est
3330 1443 3454 1496 ager
3491 1444 3619 1480 san-

2039 1511 2237 1581 guinis,
2294 1528 2457 1582 usque
2507 1514 2563 1566 iu
2608 1514 2917 1568 hodiernum
2957 1516 3109 1568 diem.
3171 1514 3315 1569 Tunc
3347 1517 3617 1583 impletum

2038 1609 2114 1652 est
2142 1600 2279 1668 quod
2305 1600 2509 1654 dictum
2538 1612 2616 1654 est
2651 1618 2745 1670 per
2768 1600 3059 1656 Jeremiam
3093 1604 3401 1672 prop/telam
3438 1604 3616 1658 dicen-

2042 1701 2146 1745 tem
2191 1709 2209 1746 :
2254 1691 2324 1745 Et
2368 1702 2681 1763 acceperunt
2734 1695 2956 1764 triginta
3022 1704 3330 1764 argenteos,
3386 1697 3614 1765 pretium

365 1777 494 1832 liam
519 1780 751 1835 Abrahae
778 1781 1052 1852 alligatam
1082 1798 1113 1837 a
1139 1783 1344 1839 Satana
1391 1784 1579 1841 decem
1605 1797 1659 1843 et
1680 1767 1805 1844 octo
1835 1807 1926 1845 an-
1972 1767 2014 1822 B
2040 1785 2359 1855 appretiati,
2400 1786 2541 1856 quod
2579 1787 3006 1856 appretiarerunt
3052 1804 3083 1839 a
3125 1788 3257 1856 ﬁliis
3308 1785 3509 1854 Israel,
3563 1798 3612 1842 et

365 1869 452 1924 nis
478 1884 511 1924 a
533 1870 765 1927 vineuLs
799 1873 1035 1928 solverat
1055 1874 1125 1939 ",
1160 1875 1349 1945 utjam
1374 1891 1716 1949 nequaquam
1751 1882 1824 1936 sit
1851 1883 1935 1936 iu-

362 1957 563 2013 clinata
589 1999 606 2025 ,
638 1974 762 2030 quae
790 1976 899 2015 non
931 1971 1141 2032 poterat
1187 1980 1406 2021 sursum
1453 1969 1696 2038 aspicere
1735 1971 1887 2041 prius
1916 1992 1933 2027 :

361 2060 417 2106 et
443 2052 803 2123 alligaverunt
826 2070 953 2111 eum
982 2057 1251 2113 volentem
1272 2097 1289 2123 ,
1316 2069 1372 2114 et
1400 2060 1452 2114 in
1475 2077 1545 2117 eo
1568 2064 1715 2133 quod
1751 2066 1938 2137 alliga-

365 2154 515 2200 retur
559 2147 793 2202 vinculis
842 2147 975 2218 ipsis
1026 2149 1255 2205 insidias
1275 2152 1697 2223 dirumpentem,
1737 2168 1794 2210 ut
1819 2157 1932 2227 jam

364 2252 473 2291 nou
504 2237 737 2293 habeant
777 2240 1048 2309 principes
1093 2242 1436 2299 sacerdotum
1471 2255 1523 2301 et
1564 2249 1807 2304 seniores
1832 2247 1931 2303 Ju-

362 2328 605 2384 dzeorum
634 2331 898 2387 adversus
927 2332 1176 2391 homines
1207 2337 1418 2393 vincula
1436 2379 1453 2405 ,
1506 2337 1732 2395 Domino
1752 2357 1814 2396 ea
1847 2344 1931 2397 vi-

360 2419 558 2475 delicet
577 2421 922 2493 dirumpente
949 2425 1003 2479 in
1028 2441 1108 2481 se.
1148 2427 1205 2483 Si
1236 2430 1361 2499 quis
1386 2440 1566 2486 autem
1596 2433 1763 2503 exigit
1787 2449 1817 2488 a
1844 2449 1932 2491 me

362 2509 700 2582 Scripturam
729 2514 843 2570 haec
868 2515 935 2571 de
963 2517 1370 2589 disrumpendis
1397 2523 1628 2592 vinculis
1648 2525 1931 2581 ostenden-

359 2610 466 2655 tem
487 2643 503 2668 ,
533 2602 733 2672 quibus
773 2604 1131 2677 alligaverunt
1157 2607 1340 2664 Jesum
1366 2612 1643 2682 principes
1678 2615 1930 2670 sacerdo-

342 2703 472 2747 -tum
506 2703 561 2749 et
591 2697 852 2763 seniores,
887 2698 1152 2771 intelligat
1181 2703 1327 2771 quod
1360 2712 1580 2773 prepter
1608 2705 1786 2774 ipsum
1822 2704 1929 2763 hoc

357 2784 491 2840 dicit
540 2786 656 2856 ipse
696 2787 858 2845 Jcsus
910 2806 1006 2861 per
1047 2790 1371 2863 Prophetam
1404 2796 1448 2828 ⁰¹
1498 2813 1511 2850 :
1550 2796 1927 2867 Dirumpamus

358 2875 565 2928 vincula
589 2891 788 2944 eorum,
819 2889 1076 2948 tanquam
1111 2882 1155 2936 si
1184 2881 1350 2946 dicat,
1381 2882 1710 2953 principum,
1740 2899 1927 2939 sacer-

356 2958 542 3019 dotum
570 2975 624 3021 et
651 2968 946 3036 seniorum,
977 2981 1071 3025 aut
1096 2973 1267 3027 multo
1299 2974 1470 3040 magis
1501 2988 1691 3042 eorum
1723 2974 1928 3046 princi-

2037 1876 2292 1930 dederunt
2334 1892 2421 1931 eos
2460 1878 2514 1930 in
2553 1892 2740 1947 agrum
2767 1876 2943 1948 ﬁguli,
2993 1878 3130 1931 sicut
3173 1878 3444 1932 constituit
3484 1880 3612 1933 mihi

2038 1964 2296 2021 Dominus
2322 1966 2390 2024 ³⁵.
2421 1965 2809 2037 Respondeant
2836 1969 2969 2024 mihi
2997 1969 3090 2041 qui
3119 1969 3185 2024 de
3218 1971 3431 2023 naturis
3456 1984 3616 2039 quas-

2035 2060 2160 2113 dam
2208 2058 2421 2115 fabulas
2468 2060 2846 2125 introducunt,
2902 2063 3281 2117 existimantes
3325 2077 3384 2116 se
3430 2061 3613 2117 dicere

2035 2165 2186 2215 vera,
2218 2158 2273 2204 et
2310 2165 2417 2207 non
2448 2162 2847 2222 cOgnoscentes
2871 2151 3017 2224 quod
3057 2168 3246 2207 eorum
3275 2152 3461 2223 opinio
3501 2151 3609 2205 ini-

2035 2243 2296 2312 quitatem
2311 2243 2585 2299 Creatoris
2602 2255 2842 2312 accusat,
2865 2244 2958 2314 qui
2983 2243 3110 2300 fecit
3125 2245 3368 2315 quaedam
3391 2242 3607 2314 quidem

2034 2349 2167 2390 vasa
2224 2335 2278 2390 in
2326 2335 2614 2400 honorem,
2662 2352 2769 2391 non
2812 2351 2880 2391 ex
2928 2352 3092 2392 causa
3147 2337 3364 2391 virtutis
3413 2350 3604 2389 eorum

2030 2410 2285 2483 ducentia
2326 2443 2423 2483 eos
2462 2428 2529 2482 ad
2559 2428 2853 2495 honorem;
2886 2428 3134 2499 quaedam
3167 2439 3351 2486 autem
3390 2429 3443 2483 in
3474 2443 3608 2483 con-

2033 2520 2347 2583 tumeliam,
2399 2535 2505 2574 non
2558 2528 2777 2589 propter
2835 2528 3059 2590 peccata
3106 2535 3298 2575 eorum
3347 2518 3602 2573 ducentia

2030 2627 2124 2669 eos
2172 2612 2240 2667 ad
2287 2611 2693 2668 contumeliam.
2758 2609 2815 2666 Si
2865 2612 3009 2667 enim
3070 2612 3348 2682 pcrdibilis
3395 2620 3607 2666 natura:

2029 2712 2147 2759 erat
2175 2701 2377 2774 fJudas,
2423 2703 2696 2773 quomodo
2748 2702 3121 2773 paenitentiam
3170 2711 3373 2757 tantam
3419 2716 3603 2757 susceo

2028 2794 2127 2864 pit,
2156 2803 2212 2849 ut
2239 2809 2345 2848 non
2389 2793 2699 2848 vinceretur
2735 2792 3032 2863 cupiditate
3071 2792 3287 2862 triginta
3320 2799 3605 2861 argentcm

2029 2901 2173 2948 rum,
2229 2893 2446 2954 propter
2493 2899 2660 2954 quam
2714 2882 2936 2954 impiam
2993 2883 3315 2953 proditionis
3362 2881 3603 2952 suscepit

2029 2975 2352 3031 audaciam?
2414 2972 2473 3029 Si
2526 2975 2671 3029 enim
2724 2974 2793 3027 ad
2843 2975 3227 3043 proprietatem
3277 2980 3598 3027 naturarum

356 3069 483 3122 Ριιω
518 3058 613 3126 qui
643 3066 773 3114 διηιι
818 3061 1027 3128 operati
1081 3061 1134 3115 in
1176 3062 1289 3127 eis,
1325 3071 1378 3118 et
1402 3080 1588 3133 regum
1621 3073 1778 3121 terrae
1808 3066 1928 3121 illo-
1952 3103 1996 3159 ε
2029 3066 2270 3121 referunt
2302 3066 2445 3136 quod
2476 3074 2559 3121 est
2584 3066 2790 3120 dictum
2815 3064 2899 3117 ’δε
2933 3063 3055 3118 Νοη
3079 3073 3246 3133 potest
3276 3065 3435 3119 arbor
3461 3064 3601 3117 mala

357 3163 476 3201 rum
504 3148 599 3218 qui
632 3150 937 3216 astiterunt,
956 3162 1013 3205 et
1034 3153 1341 3222 principum
1373 3154 1467 3223 qui
1496 3167 1842 3209 convenerunt
1871 3158 1927 3210 in

355 3252 520 3295 tinum
581 3242 831 3300 adversus
878 3243 1207 3311 Dominum,
1257 3255 1309 3302 et
1355 3246 1603 3301 adversus
1655 3246 1928 3302 Christum

348 3334 502 3404 ejus,
532 3350 765 3404 quorum
792 3345 850 3392 et
864 3335 1054 3408 jugum
1080 3338 1430 3408 proﬁciamus
1462 3357 1493 3394 a
1520 3340 1669 3394 nobis
1697 3341 1765 3394 ".
1815 3340 1928 3396 Ad-

354 3425 462 3480 huc
509 3436 690 3482 autem
738 3429 975 3497 amplius
1011 3438 1061 3483 te
1099 3430 1337 3498 placabit
1385 3439 1445 3484 ut
1491 3430 1762 3499 suscipias
1795 3445 1928 3500 quo-

353 3516 500 3569 niam
549 3516 653 3572 etsi
693 3517 981 3587 alligantes
1025 3515 1212 3571 Jesum
1243 3519 1580 3573 induxerunt
1606 3520 1699 3587 qui
1738 3521 1925 3575 consi-

351 3608 485 3660 lium
528 3605 774 3660 feceruut
817 3606 1080 3662 adversus
1111 3623 1258 3674 eum,
1294 3618 1474 3663 tamen
1523 3609 1728 3679 dirupit
1764 3608 1925 3666 .Iesus

350 3696 608 3752 vincula:
644 3697 690 3752 si
726 3697 1060 3753 intellexeris
1103 3713 1227 3769 quae
1272 3700 1475 3770 scripta
1519 3711 1649 3757 sunt
1674 3703 1743 3757 de
1766 3702 1924 3758 Sam-

348 3809 485 3849 sane
511 3793 578 3860 ",
609 3795 701 3863 qui
732 3791 1049 3862 frequenter
1081 3792 1183 3848 fuit
1225 3794 1444 3865 ligatus,
1475 3803 1530 3849 et
1557 3795 1765 3864 dirupit
1792 3796 1924 3852 alie-

349 3884 669 3955 nigenarum
713 3884 950 3949 vincula,
994 3886 1255 3953 quoniam
1286 3883 1577 3942 Nazarwus
1625 3885 1800 3942 fuerat
1825 3886 1920 3943 Dei

345 3987 400 4032 et
446 3978 681 4032 habebat
721 3992 933 4032 comam
986 3976 1196 4047 plenam
1242 3979 1481 4035 virtutis.
1550 3979 1610 4035 Si
1656 3995 1786 4052 ergo
1831 3981 1921 4037 ille

346 4075 567 4136 propter
616 4082 786 4121 comae
830 4066 1081 4121 virtutem
1132 4082 1298 4137 quam
1355 4068 1589 4124 habebat
1634 4069 1690 4124 in
1720 4070 1917 4140 capite,

345 4166 525 4226 potuit
552 4173 805 4228 rumpere
832 4157 1045 4212 vincula
1072 4157 1503 4228 alienigenarum
1523 4200 1540 4226 ,
1570 4160 1770 4229 quibus
1799 4160 1919 4214 ιιιιὶ-

345 4258 606 4315 gaveraut
644 4266 768 4305 eum
821 4248 1132 4319 frequenter
1156 4288 1174 4313 ,
1206 4257 1415 4319 quanto
1447 4251 1619 4320 magis
1644 4249 1916 4317 Christus,

345 4340 439 4409 qui
469 4350 593 4410 post
638 4350 786 4398 tanta
831 4341 1076 4412 prodigia
1109 4349 1164 4395 et
1189 4341 1419 4396 virtutes
1446 4356 1586 4411 quas
1616 4339 1778 4404 fecit,
1816 4355 1913 4395 vo-

2030 3158 2191 3211 bonos
2235 3157 2443 3227 fructus
2476 3156 2751 3227 proferre,
2781 3155 2984 3221 dicant,
3026 3154 3129 3209 nisi
3164 3153 3454 3208 bonitatem
3501 3153 3601 3207 ali-

2027 3264 2193 3318 quam
2234 3246 2404 3318 spiret
2442 3265 2456 3301 :
2490 3254 2545 3302 et
2589 3245 2638 3301 si
2683 3259 2792 3299 non
2827 3242 3084 3315 perfecte,
3120 3260 3296 3314 neque
3325 3244 3468 3298 sicut
3507 3243 3600 3298 de-

2025 3338 2144 3395 buit
2182 3352 2482 3394 conversus
2518 3334 2644 3393 fecit
2669 3335 2838 3392 ludas
2870 3336 2975 3391 hoc
3018 3335 3195 3406 ipsum
3231 3335 3378 3406 quod
3420 3335 3600 3391 retulit

2025 3431 2244 3500 triginta
2270 3438 2578 3501 argenteos,
2602 3428 2745 3483 unde
2765 3436 2849 3482 est
2869 3437 2923 3482 et
2941 3427 3090 3496 quod
3112 3427 3242 3485 dicit
3262 3441 3600 3497 cognoscens

2022 3518 2185 3590 915
2212 3528 2497 3588 peceatum
2527 3530 2688 3571 suum
2722 3530 2735 3566 :
2782 3514 3001 3568 Peccavi
3035 3514 3251 3568 tradens
3272 3516 3584 3585 sanguinem

2013 3609 2224 3677 justum
2260 3606 2336 3673 ’7;
2391 3604 2497 3660 nisi
2521 3620 2588 3660 ex
2621 3603 2761 3658 bona
2806 3603 3140 3671 plantatione
3188 3605 3424 3670 mentis,
3451 3613 3505 3660 et
3531 3620 3595 3659 ex

2023 3697 2382 3753 seminatione
2409 3693 2628 3750 virtutis
2658 3708 2780 3764 qua:
2816 3692 3083 3747 seminata
3123 3703 3207 3747 est
3237 3693 3289 3747 in
3317 3696 3465 3749 omni
3502 3710 3594 3750 ra-

2022 3788 2268 3843 tionabili
2294 3788 2498 3851 anima,
2528 3801 2691 3857 quam
2711 3799 2818 3838 non
2842 3783 3009 3839 coluit
3032 3781 3061 3838 J
3071 3784 3225 3850 udas,
3256 3794 3309 3840 et
3352 3786 3475 3840 ideo
3505 3801 3597 3841 ce-

2020 3880 2152 3935 cidit
2181 3878 2233 3933 in
2266 3880 2370 3934 tale
2397 3886 2700 3948 peccatum.
2739 3874 2794 3929 Si
2826 3883 3007 3929 autem
3056 3884 3266 3932 natura;
3317 3879 3595 3947 pereuntis

2019 3974 2104 4023 est
2135 3968 2334 4039 aliquis
2383 3965 2686 4027 hominum,
2721 3965 2839 4022 sine
2872 3964 3040 4020 dubio
3071 3966 3245 4037 magis
3277 3966 3592 4036 hujusmodi

2020 4070 2228 4117 natura;
2270 4058 2545 4131 pereuntis
2602 4058 2700 4114 fuit
2730 4068 2784 4113 ct
2822 4056 3012 4112 Judas.
3057 4054 3214 4123 Quod
3265 4059 3384 4114 sine
3425 4060 3593 4115 dubio

2018 4152 2189 4208 fuisse
2216 4153 2520 4215 videretur,
2557 4151 2601 4207 si
2635 4152 2857 4207 tradens
2892 4151 3213 4222 sanguinem
3231 4150 3464 4222 justum,
3499 4164 3592 4208 aut

2018 4261 2126 4300 non
2187 4244 2460 4299 retulisset
2510 4245 2772 4314 pecunias
2809 4243 3215 4300 condelectatus
3251 4244 3305 4298 in
3348 4245 3450 4309 eis,
3498 4256 3594 4301 aut

2017 4334 2271 4393 auferens
2299 4352 2406 4391 non
2433 4336 2683 4402 dixisset,
2715 4334 2841 4405 quia
2870 4336 3078 4406 peccavi
3108 4336 3322 4391 tradens
3368 4337 3590 4407 sangui—

343 4434 462 4489 lens
489 4435 710 4491 tradidit
757 4451 816 4490 se
846 4435 913 4490 ad
948 4434 1196 4501 vincula,
1231 4448 1498 4504 soporans
1541 4433 1597 4487 in
1631 4447 1692 4488 se
1716 4432 1913 4488 divini-
1947 4431 1991 4497 ι)
2020 4449 2137 4486 nem
2187 4432 2419 4501 justum.
2479 4427 2541 4484 Et
2600 4428 2644 4484 si
2690 4428 2910 4499 quidem
2965 4438 3088 4500 post
3132 4429 3591 4484 resurrectionem

345 4530 472 4583 tatis
499 4530 751 4584 virtutem
804 4536 858 4583 et
902 4531 1257 4601 acquiescens
1309 4537 1369 4583 ut
1414 4527 1761 4600 alligaretur,
1798 4528 1916 4582 sine

340 4621 508 4676 dubio
549 4623 756 4692 dirupit
798 4622 1015 4678 vincula
1064 4620 1460 4678 circumdantia
1505 4619 1604 4675 se?
1667 4616 1913 4685 Quorum

339 4714 688 4769 vinculorum
718 4715 974 4787 mysteria
1005 4714 1219 4771 vincula
1248 4713 1533 4769 Samsonis
1562 4710 1805 4766 fuerunt.

413 4808 537 4862 H6.
582 4808 650 4862 Et
675 4807 1008 4864 tradiderunt
1034 4824 1151 4862 eum
1186 4806 1377 4861 Pontio
1411 4804 1591 4858 Pilato
1615 4803 1681 4858 ".
1715 4801 1908 4857 Utrum

338 4912 517 4957 autem
549 4902 710 4955 etiam
739 4900 961 4955 nomina
994 4908 1224 4965 utraque
1253 4896 1504 4967 praesidis
1530 4895 1764 4949 habeant
1807 4894 1909 4948 ali-

337 5012 503 5062 quam
537 4995 801 5049 rationem
831 4991 1241 5048 convenientem
1268 4985 1662 5058 dispensationi
1696 4983 1909 5039 Domini

339 5088 659 5154 Salvatoris,
694 5101 802 5140 non
831 5085 989 5140 facile
1016 5092 1100 5139 est
1128 5081 1524 5138 scntentialiter
1554 5079 1903 5148 respondere.

337 5176 596 5233 Poterant
631 5180 775 5231 cutim
807 5176 1044 5246 aliquem
1090 5187 1307 5229 movere
1338 5170 1660 5243 principalia
1686 5184 1752 5225 ex
1783 5168 1907 5239 qui-

335 5269 439 5325 bus
468 5272 583 5326 haee
611 5269 875 5325 vocabula
906 5269 1277 5330 deducuntur,
1311 5263 1541 5319 Pontius
1592 5270 1646 5318 et
1673 5260 1901 5316 Pilatus.

338 5360 532 5417 Utrum
565 5371 745 5417 autem
785 5362 925 5417 bene
963 5360 1089 5431 quis
1135 5365 1438 5428 moveatur,
1486 5369 1689 5420 sitnon,
1736 5369 1906 5408 unus-

334 5452 565 5521 quisque
594 5454 899 5524 potentium
928 5450 1279 5507 considerare
1331 5456 1645 5518 cognoscat.

388 5571 435 5603 "
473 5568 658 5625 Matth.
701 5587 849 5638 xxvi,
876 5570 965 5626 51.

332 5641 376 5672 ’³
402 5641 531 5696 ibid.
564 5641 632 5704 2,
661 5641 714 5695 5.
829 5642 875 5676 ’³
905 5641 1085 5697 indic.
1114 5654 1189 5694 xi.

333 5726 502 5779 xxvu,
534 5713 590 5766 ι.

1302 5637 1349 5670 ⁸³
1385 5634 1575 5692 Matth.
1612 5649 1794 5702 xxvii,
1833 5635 1887 5689 2.

2016 4525 2219 4581 Christi
2243 4540 2310 4579 ex
2345 4521 2574 4578 mortuis
2612 4523 2836 4577 dixisset
2860 4519 3029 4577 ludas
3070 4537 3192 4592 qua:
3230 4520 3397 4584 dixit,
3422 4518 3590 4574 forsi-

2016 4628 2106 4674 tan
2142 4616 2509 4673 verisimiliter
2547 4623 2665 4669 erat
2696 4612 3017 4676 dicendum,
3042 4613 3302 4682 quoniam
3327 4611 3589 4682 compulit

2015 4726 2139 4766 eum
2168 4708 2431 4780 pmnitere
2462 4708 2528 4761 de
2560 4703 2726 4772 facto,
2763 4713 2817 4760 et
2840 4703 3087 4762 conlinri
3106 4703 3173 4758 de
3204 4717 3306 4758 suo
3329 4711 3585 4773 peccato,

2015 4800 2132 4870 ipsa
2158 4800 2332 4854 virtus
2375 4793 2793 4852 resurrectionis
2846 4793 3038 4863 ipsius.
3070 4791 3226 4847 Nunc
3255 4801 3433 4846 autem
3459 4805 3585 4846 mox

2019 4899 2077 4945 ut
2101 4890 2236 4944 vidit
2265 4903 2390 4943 eum
2427 4887 2683 4942 traditum
2708 4900 2829 4941 esse
2858 4884 3052 4951 Pilato,
3083 4890 3445 4953 compunctus
3473 4895 3587 4952 pa:-

2017 4983 2180 5038 nituit
2209 5000 2224 5038 :
2255 4979 2485 5036 forsitan
2547 4990 2728 5034 autem
2777 4986 2828 5033 et
2870 4976 3188 5032 recordatus
3219 4990 3281 5029 ea
3312 4989 3435 5046 quae
3471 4972 3583 5029 fre-

1980 5058 1985 5061 ’
2014 5080 2244 5143 quenter
2260 5069 2424 5126 Jesus
2439 5070 2655 5125 dixerat
2667 5066 2953 5138 discipulis
2969 5065 3086 5121 suis
3098 5065 3164 5121 de
3187 5063 3584 5120 resurrectione

2014 5181 2114 5221 sua
2143 5162 2344 5219 l'utura.
2381 5159 2581 5216 Videns
2609 5161 2772 5231 igitur
2804 5156 2974 5213 Judas
3001 5157 3427 5229 magnitudinem
3452 5152 3585 5208 faci-

2012 5258 2166 5313 noris
2186 5257 2294 5321 sui,
2324 5252 2577 5326 paenituit
2608 5252 2851 5323 quidem,
2881 5259 2935 5306 et
2966 5251 3184 5306 locutus
3208 5264 3277 5304 ex
3312 5246 3582 5318 peniten-

2013 5352 2084 5408 tia
2109 5348 2312 5416 cordis,
2354 5343 2637 5404 confessus
2657 5352 2743 5401 est
2774 5353 3055 5415 peccatum
3078 5355 3238 5399 suum
3258 5356 3324 5395 ex
3347 5354 3414 5393 eo
3436 5337 3580 5408 quod

2009 5442 2291 5501 tradiderit
2331 5436 2650 5511 sanguinem
2667 5437 2877 5507 justum
2907 5454 2921 5490 :
2957 5450 3063 5489 non
3100 5441 3278 5489 autem
3304 5440 3358 5486 et
3386 5444 3582 5486 secun-

1040 5568 1087 5602 ⁸⁷
1127 5567 1268 5626 Psal.
1310 5580 1385 5632 ιι,
1415 5562 1471 5619 2.
1541 5564 1588 5597 ⁸⁸
1625 5563 1729 5619 lsa.
1759 5578 1918 5632 xux,

2086 5562 2132 5632 με
2158 5557 2315 5632 Psal.
2344 5572 2379 5611 u
2401 5597 2415 5623 ,
2449 5556 2502 5610 5.
2581 5551 2821 5632 "nime.
2846 5564 2975 5632 xm,
3007 5546 3215 5632 16.m"
3258 5540 3577 5632 Ρεειιίίμτιξ.

2637 5624 2683 5657 ’⁸
2726 5621 2912 5678 Matth.
2962 5612 3060 5683 vlt,
3106 5613 3192 5672 18.
3289 5613 3335 5647 ⁸⁷
3386 5612 3578 5668 Matth.

1982 5634 2028 5668 ”
2063 5630 2195 5688 ibid.
2244 5629 2277 5684 5
2312 5637 2366 5683 et
2406 5640 2561 5697 seqq.

2122 420 2242 474 H7.
2299 421 2443 475 Tunc
2488 423 2665 478 videns
2700 422 2877 480 ludas
2918 427 3010 498 qui
3055 443 3173 480 eum
3217 428 3462 492 tradidit,
3496 446 3628 500 quo-
3714 454 3715 457 η
