4052 6304
540 337 649 395 ’ἴϐτ

1676 326 2002 385 ORIGENIS
2038 323 2111 405 tu
2144 324 2556 384 MA-TTHAZUM

3652 347 3677 404 l
3690 351 3799 408 768

503 456 633 510 dum
695 454 977 514 scientiam
1022 451 1307 523 pmnituit,
1365 450 1508 505 sicut
1551 449 1739 505 debuit
1801 451 2087 520 ptenitere.
2121 452 2163 509 Α
2199 450 2425 504 tentiam
2448 450 2500 504 in
2520 450 2750 505 salutem
2771 450 3021 507 stabilem
3051 462 3342 522 operatur;
3371 454 3464 510 sed
3496 468 3796 530 postquam

503 546 852 603 Existimavit
904 546 1049 599 enim
1101 542 1399 613 praevenire
1435 542 1489 595 in
1534 549 1711 595 morte
1764 543 2090 595 moriturum

503 638 821 711 Magistrum
843 678 859 704 ,
907 645 963 691 et
1017 650 1308 690 occurrere
1362 635 1410 690 ei
1439 650 1563 689 cum
1597 634 1781 688 anima
1816 634 1962 688 nuda
1988 671 2005 697 ,
2036 642 2096 688 ut

502 729 806 798 confitens,
869 727 1208 799 deprecans,
1270 725 1703 782 misericordiam
1766 731 2089 779 mereretur.

502 820 728 891 Propter
773 820 919 890 quod
966 820 1083 891 ipse
1125 834 1183 875 se
1225 817 1511 889 judicavit,
1542 827 1595 872 et
1624 815 2011 872 condemnavit
2035 815 2089 869 in

499 929 564 968 eo
590 912 735 984 quod
768 913 947 968 sciens
969 912 1235 983 peccavit,
1264 921 1311 966 et
1344 926 1451 967 non
1485 910 1699 981 aspexit
1728 910 1780 964 in
1815 910 1919 964 hoc
1942 909 2088 978 quod

494 1005 714 1060 dixerat
737 1002 840 1060 Job
870 1020 927 1060 In
973 1005 1139 1060 tantis
1168 1004 1419 1059 cladibus
1453 1004 1787 1059 constitutus
1818 1017 1831 1053 :
1872 1000 2092 1056 Utinam

496 1114 705 1170 possem
750 1113 831 1151 me
858 1096 1177 1167 interﬁcere,
1210 1105 1302 1149 aut
1331 1096 1564 1166 aliquem
1587 1110 1773 1165 rogare
1803 1102 1859 1147 ut
1895 1094 2091 1163 faceret

500 1188 632 1243 mihi
676 1190 815 1251 hoc;
844 1204 943 1244 nec
966 1188 1101 1243 vidit
1125 1187 1254 1258 quia
1304 1203 1409 1241 non
1455 1187 1713 1241 convenit
1742 1202 1957 1241 servum
1998 1185 2090 1239 Dei

501 1280 745 1350 seipsum
776 1279 1050 1351 expellere
1077 1280 1143 1333 dc
1172 1282 1272 1333 hac
1290 1278 1423 1343 vita,
1456 1276 1549 1332 sed
1575 1286 1895 1348 exspectare
1926 1276 2089 1332 etiam

500 1370 569 1424 de
598 1369 700 1424 hoc
728 1368 821 1424 Dei
851 1370 1142 1440 judicium.
1176 1367 1472 1424 Videamus
1498 1384 1646 1423 nunc
1677 1369 1746 1434 si,
1778 1368 1923 1439 quod
1959 1368 2092 1423 latet

501 1459 727 1527 multos,
751 1460 859 1515 loci
889 1460 1072 1527 istius,
1094 1459 1203 1515 Deo
1234 1460 1492 1525 donante,
1527 1459 1804 1529 possimus
1819 1459 2091 1529 explicare

500 1553 645 1623 quod
680 1553 885 1607 dictum
916 1560 999 1606 est
1026 1570 1038 1605 :
1079 1550 1273 1604 l'idens
1301 1560 1479 1604 autem
1509 1549 1686 1606 ludas
1732 1553 1823 1623 qui
1862 1552 2090 1606 tradidit

499 1661 639 1712 eum,
667 1646 917 1716 quoniam
938 1644 1316 1698 condemnatus
1337 1654 1435 1708 est,
1461 1647 1768 1715 paenitentia
1789 1646 1981 1699 ductus
2007 1662 2089 1700 re-

500 1737 621 1791 tulit
663 1738 883 1808 triginta
934 1746 1207 1807 argenteos
1257 1737 1585 1807 principibus
1627 1739 1984 1802 sacerdotum,
2035 1746 2089 1792 et

498 1839 693 1885 caetera
725 1807 792 1885 δ’.
834 1828 891 1883 Si
922 1830 1066 1883 enim
1100 1831 1363 1899 scriptum
1392 1829 1585 1885 fuisset
1615 1839 1737 1900 post
1760 1831 2085 1884 sententiam
2119 1807 2160 1862 Β

502 1920 679 1984 l’ilati,
709 1927 1000 1990 postquam
1032 1919 1259 1991 flagellis
1295 1919 1703 1976 cmsumlesum
1738 1921 1958 1976 tradidit
1988 1920 2086 1975 Ju-

497 2011 631 2067 daais
661 2020 720 2065 ut
744 2013 1127 2081 crucifigerent
1148 2029 1271 2067 eum
1299 2055 1313 2081 ,
1349 2013 1492 2084 quod
1528 2015 1600 2067 ita
1633 2014 1853 2070 fecisset
1878 2013 2048 2070 ludas
2068 2057 2084 2081 ,

501 2104 637 2158 nihil
665 2104 784 2159 sine
807 2104 972 2158 dubio
1004 2104 1316 2173 hujusmodi
1348 2121 1721 2176 qurerrremus
1755 2106 1806 2160 in
1839 2121 1905 2161 eo
1937 2106 2088 2177 quod

496 2194 704 2249 dictum
757 2202 884 2250 est:
922 2193 1113 2249 Videas
1162 2205 1339 2250 autem
1382 2197 1508 2266 quia
1559 2198 1940 2251 condemnatus
1985 2206 2084 2252 est.

501 2286 655 2341 Nunc
684 2297 864 2343 autem
894 2288 1173 2358 quomodo
1204 2289 1337 2343 vidit
1358 2287 1528 2345 Judas
1545 2290 1670 2360 quia
1690 2290 2087 2345 condemnatus

496 2379 622 2434 est?
653 2376 840 2449 Neque
874 2380 1020 2434 enim
1054 2380 1235 2435 adhuc
1264 2381 1667 2436 condemnatus
1700 2381 1879 2437 fuerat
1903 2380 2085 2446 .Iesus,

498 2486 677 2542 neque
700 2487 730 2526 a
760 2470 935 2526 Pilato
959 2472 1352 2544 interrogatus.
1385 2471 1637 2528 Forsitan
1669 2488 1800 2544 ergo
1825 2473 1958 2529 dicit
1989 2475 2089 2529 ali-

498 2563 626 2633 quis
654 2563 762 2617 vim
802 2562 1036 2631 faciens,
1081 2564 1342 2635 quoniam
1388 2564 1834 2621 consideratione
1883 2567 2086 2623 mentis

499 2670 616 2711 suae
644 2654 780 2710 vidit
826 2656 1032 2711 exitum
1079 2656 1156 2711 rei
1193 2656 1322 2726 quia
1356 2656 1757 2713 condemnatus
1801 2665 1886 2713 est
1917 2673 1981 2713 ex
2018 2674 2086 2715 eo

500 2746 647 2819 quod
681 2747 939 2801 traditum
977 2748 1190 2817 aspexit
1221 2763 1251 2802 a
1282 2747 1623 2818 principibus
1657 2750 1999 2804 sacerdotum
2033 2759 2089 2805 et

500 2838 813 2895 senioribus
842 2839 1036 2909 plebis.
1063 2840 1219 2894 Alius
1248 2847 1429 2895 autem
1464 2840 1607 2896 dicet
1634 2841 1739 2897 boc
1756 2844 1921 2896 modo
1937 2843 2086 2913 quod

500 2929 764 3000 scriptum
793 2940 872 2986 est
902 2950 914 2985 :
957 2930 1147 2986 Videtis
1180 2944 1357 2987 autem
1384 2931 1562 2987 ludas
1606 2935 1731 3003 quia
1762 2935 2086 2989 condemna-

503 3030 587 3074 tus
620 3033 696 3075 est
719 3061 734 3086 ,
773 3022 839 3076 ad
878 3022 1054 3092 ipsum
1087 3022 1285 3079 Judam
1328 3023 1583 3079 refertur.
1611 3024 1748 3080 Cum
1785 3027 2087 3082 enim'tra-

2206 544 2451 612 suscepit
2488 542 2804 612 lmjusmodi
2839 543 3142 612 tristitiam,
3193 548 3452 619 apposuit
3486 549 3686 606 iterum
3734 570 3798 606 se

2196 634 2245 688 ei
2278 636 2552 700 diabolus,
2588 636 2777 690 volens
2801 637 2974 706 ipsam
3013 639 3293 696 tristitiam
3334 641 3456 711 ejus
3482 659 3648 714 supra
3670 661 3795 699 mo-

2197 726 2328 781 dum
2362 742 2720 799 exaggerare,
2759 736 2817 783 ut
2842 729 2956 799 jam
2979 744 3086 785 non
3113 734 3575 789 essetsecundum
3590 734 3791 800 Deum,

2198 821 2291 877 sed
2333 831 2394 877 ttt
2432 822 2799 878 abundantior
2840 823 2983 881 facta
3012 824 3334 883 absorberet
3362 828 3669 885 tristantem
3694 848 3793 887 sn-

2197 927 2295 984 pra
2322 929 2640 970 mensuram
2673 923 2729 969 et
2758 914 2900 970 ultra
2923 931 3089 985 quam
3114 916 3321 973 tristari
3348 918 3590 988 deberet,
3625 931 3678 977 et
3709 924 3793 978 sic

2194 1020 2320 1060 eum
2371 1006 2693 1061 absorberet
2730 1003 2965 1062 Satanas
3010 1007 3064 1062 in
3100 1007 3486 1064 abundantiori
3538 1011 3787 1068 tristitia.

2194 1096 2351 1163 Quod
2397 1114 2848 1170 praecognoscens
2892 1100 3219 1171 Apostolus,
3252 1102 3543 1158 consilium
3581 1104 3788 1167 Corin-

2198 1192 2330 1246 tbiis
2362 1192 2455 1246 dat
2483 1201 2544 1246 ut
2589 1192 2919 1247 confirment
2949 1193 3272 1249 cbaritatem
3315 1194 3369 1249 in
3404 1211 3564 1261 eum,
3593 1197 3791 1252 dicens

2195 1286 2508 1357 huiusmodi
2542 1302 2767 1341 causam
2804 1307 2817 1343 :
2856 1285 2924 1340 Ut
2952 1303 3036 1351 ne,
3066 1288 3664 1358 inquit,abunduntiori
3689 1294 3799 1346 tri-

2192 1378 2344 1432 stitia
2399 1378 2747 1432 absorbeatur
2798 1380 2889 1449 qui
2931 1379 3240 1449 hujusmodi
3282 1392 3359 1436 est
3388 1381 3431 1434 ².
3464 1380 3582 1436 Νοη
3632 1384 3785 1441 enim

2190 1470 2463 1525 versutias
2492 1469 2613 1539 ejus
2643 1468 2979 1539 ignoramus.
3027 1468 3292 1525 Similiter
3331 1471 3539 1541 aliquid
3579 1470 3788 1528 factum

2190 1571 2275 1617 est
2300 1570 2350 1616 et
2378 1561 2432 1615 in
2461 1559 2599 1615 Juda
2635 1560 2729 1631 qui
2765 1560 2988 1614 tradidit
3033 1559 3220 1616 .lesum
3244 1578 3258 1627 ;
3286 1572 3340 1617 et
3369 1562 3673 1618 secundum
3708 1565 3777 1619 si-

2192 1652 2554 1707 militudinem
2592 1651 2738 1707 illius
2776 1652 3011 1706 tristitia:
3046 1668 3167 1722 qum
3195 1653 3573 1722 pmniteutiam
3608 1656 3661 1707 in
3692 1671 3779 1709 sa~

2194 1743 2361 1798 lutcm
2396 1743 2647 1798 stabilem
2671 1752 2948 1812 operatur,
2975 1743 3222 1799 tristatus
3243 1752 3297 1797 et
3328 1745 3466 1815 ipse,
3492 1755 3783 1816 postquam

2190 1832 2508 1903 ptenitentia
2527 1831 2723 1887 ductus
2743 1841 2846 1897 est,
2872 1832 3057 1886 retulit
3086 1833 3306 1902 triginta
3327 1843 3618 1904 argenteos
3638 1836 3761 1906 prin

2190 1922 2407 1993 cipibus
2432 1922 2779 1977 sacerdotum
2806 1923 2996 1978 dicens
3027 1942 3039 1976 :
3077 1921 3300 1977 Peccavi
3333 1927 3547 1978 tradens
3571 1928 3765 1995 δαιτρειὶ

2189 2029 2304 2066 nem
2324 2013 2535 2081 justum
2559 2012 2580 2044 ³
2606 2014 2783 2083 :quod
2813 2014 2992 2084 ipsum
3023 2014 3354 2083 paenitentia:
3392 2026 3543 2083 erat,
3586 2026 3640 2070 et
3677 2019 3781 2072 tri-

2190 2103 2350 2157 stitia:
2394 2103 2672 2158 salutaris.
2722 2101 2829 2158 Sed
2888 2104 3015 2173 quia
3067 2120 3349 2175 nunquam
3389 2108 3627 2161 servavit
3680 2123 3781 2162 cor

2190 2209 2376 2256 suum,
2438 2209 2616 2264 neque
2660 2195 2936 2264 sapienter
2986 2196 3236 2251 tristatus
3278 2207 3384 2263 est,
3417 2199 3510 2253 sed
3540 2200 3782 2269 Suscepit

2189 2286 2646 2341 abundantiorem
2680 2287 2956 2342 tristitiam
2988 2303 3017 2342 a
3041 2288 3258 2344 diabolo
3288 2289 3393 2343 sibi
3420 2290 3777 2356 submissam,

2190 2378 2284 2447 qui
2315 2377 2491 2432 voluit
2523 2392 2647 2433 eum
2673 2378 2971 2433 absorbere
3012 2379 3065 2433 in
3108 2380 3494 2435 abundantiori
3520 2385 3741 2438 tristitia
3761 2423 3777 2449 ,

2189 2467 2316 2524 ideo
2343 2467 2592 2525 referens
2620 2479 2905 2541 argenteos
2935 2471 3059 2527 illos
3086 2471 3139 2525 in
3164 2471 3449 2542 templum,
3482 2475 3671 2530 abiens
3707 2476 3779 2530 Ia-

2188 2575 2333 2631 queo
2361 2576 2421 2617 se
2454 2563 2757 2631 suspendit.
2795 2562 2850 2616 Si
2881 2563 3027 2618 enim
3060 2574 3350 2634 postquam
3391 2565 3568 2618 retulit
3604 2580 3780 2634 pecu-

2189 2652 2363 2718 niam,
2398 2652 2755 2709 ctconfessus
2786 2663 2869 2709 est
2905 2668 2964 2709 se
2999 2670 3259 2724 peccasse
3287 2671 3353 2712 eo
3382 2658 3522 2725 quod
3552 2658 3782 2712 tradidit

2190 2748 2514 2820 sanguinem
2556 2747 2791 2818 justum,
2825 2763 2934 2803 non
2977 2748 3168 2805 abiens
3201 2750 3395 2820 laqueo
3445 2765 3503 2805 se
3546 2766 3784 2822 suspenc

2189 2842 2383 2905 disset,
2411 2840 2506 2894 sed
2537 2839 2718 2895 locum
2751 2838 3087 2909 paenitentiae
3103 2842 3463 2912 requisiisset,
3484 2851 3538 2897 et
3563 2851 3780 2914 tempus

2174 2924 2526 3003 pos-nitentia:
2553 2929 2917 2993 obscrvasset,
2968 2928 3200 2985 forsitan
3227 2939 3280 2984 ct
3321 2930 3618 2985 invenisset
3653 2947 3780 2986 eum

2190 3019 2283 3089 qui
2320 3018 2457 3073 dixit
2484 3017 2506 3049 ⁸
2540 3037 2553 3072 :
2594 3016 2721 3072 Vivo
2760 3033 2875 3088 ego,
2906 3020 3158 3088 quoniam
3197 3019 3365 3090 916
3401 3020 3523 3074 nolo
3559 3034 3782 3075 mortem

500 3111 771 3168 didissent
815 3112 1002 3169 Jesum
1036 3114 1320 3185 principes
1373 3115 1721 3171 sacerdotum
1754 3127 1806 3171 et
1841 3117 2088 3173 seniores
2117 3152 2159 3209 ε
2192 3111 2655 3181 peccatoris,sicut
2671 3112 3032 3181 paenitentiam
3047 3112 3181 3180 ejus.
3199 3111 3309 3181 Ego
3326 3122 3508 3166 autem
3529 3113 3785 3167 existimo

501 3204 676 3276 plebis
700 3204 875 3260 Pilato
905 3215 1035 3262 tune
1066 3207 1241 3261 sensit
1263 3207 1466 3261 malum
1491 3223 1652 3263 suum
1674 3206 1846 3263 Judas
1867 3250 1882 3275 ,
1909 3218 1965 3263 et
1998 3210 2084 3263 in-

501 3296 710 3350 tellexit
731 3298 992 3366 quoniam
1021 3298 1113 3368 qui
1151 3299 1277 3353 talia
1314 3314 1486 3353 ausus
1522 3308 1625 3361 est,
1661 3299 1781 3355 sine
1810 3300 2090 3370 dubioju-

500 3386 716 3441 dicatus
744 3396 796 3440 et
827 3387 1224 3445 condemnatus
1259 3406 1289 3443 a
1317 3389 1428 3445 Deo
1454 3401 1555 3446 est.
1608 3388 1860 3445 Forsitan
1903 3401 1954 3446 et
1987 3392 2090 3446 Sa-

502 3485 685 3540 tanas,
720 3477 813 3547 qui
844 3485 981 3557 post
1018 3493 1212 3548 panem
1255 3479 1547 3535 intinctum
1586 3479 1762 3534 fuerat
1805 3481 2087 3551 ingressus

500 3566 558 3621 in
592 3565 787 3621 ludam
813 3608 825 3632 ,
882 3578 1079 3639 praesto
1115 3568 1216 3624 fuit
1263 3569 1344 3638 ei,
1386 3570 1560 3626 donec
1587 3569 1748 3627 Jesus
1787 3573 2090 3629 traderetur

504 3658 679 3713 Pilato
707 3677 721 3715 :
754 3671 1043 3731 postquam
1080 3660 1207 3716 fecit
1229 3660 1376 3734 quod
1409 3662 1610 3730 voluit,
1640 3664 1867 3719 recessit
1889 3665 1957 3718 ab
1986 3679 2085 3732 eo;

502 3751 791 3806 recedente
820 3762 1001 3815 autem
1028 3754 1270 3818 diabolo,
1301 3755 1632 3810 intellexitet
1669 3755 1800 3810 vidit
1824 3758 2087 3826 quoniam

502 3843 724 3898 tradens
752 3843 1073 3912 sanguinem
1102 3844 1315 3915 justum
1343 3847 1741 3903 condemnatus
1786 3864 1816 3902 a
1847 3848 1959 3905 Deo
1982 3858 2086 3917 est,

501 3943 556 3987 et
601 3935 777 4004 potuit
806 3935 1109 4007 intelligere
1145 3953 1339 3994 sensus
1375 3941 1495 4007 ejus
1523 3940 1636 4010 jam
1668 3957 1871 3996 vacans
1896 3952 1949 3996 et
1977 3959 2087 3997 non

505 4026 713 4081 habens
733 4027 1008 4084 diabolum
1034 4039 1350 4099 operantem
1380 4032 1432 4086 in
1464 4048 1543 4088 se.
1572 4034 1756 4087 Potuit
1781 4048 1933 4103 ergo,
1971 4050 2003 4088 a
2031 4050 2090 4090 se

502 4119 796 4175 recedente
828 4120 1084 4189 diabolo,
1118 4137 1314 4193 capere
1350 4124 1729 4194 pmnitentiam
1776 4133 1831 4179 et
1883 4124 2088 4180 referre

500 4212 725 4283 triginta
756 4226 1045 4282 argenteos
1074 4215 1162 4270 bis
1191 4217 1285 4287 qui
1330 4216 1594 4272 dederant
1631 4233 1727 4273 eos
1776 4236 1788 4271 :
1829 4226 1882 4273 et
1911 4219 2089 4289 potuit

502 4303 705 4368 dicere,
738 4305 1024 4359 recedente
1071 4305 1323 4373 diabolo,
1359 4307 1507 4376 quod
1559 4309 1881 4380 priusquam
1925 4309 1996 4364 ab
2020 4324 2089 4365 eo

2193 3202 2455 3273 quoniam
2485 3211 2540 3257 et
2582 3201 2761 3271 majus
2794 3201 3003 3272 aliquid
3037 3203 3105 3256 de.
3133 3200 3421 3256 Salvatore
3470 3202 3784 3272 intelligens

2190 3291 2380 3359 Judas,
2414 3306 2525 3346 non
2574 3291 2703 3345 alibi
2751 3292 2985 3361 projecit
3011 3291 3232 3363 triginta
3271 3301 3563 3362 argenteos
3591 3293 3696 3346 nisi
3728 3294 3783 3345 iu

2193 3384 2480 3454 templum,
2507 3383 2601 3438 ubi
2646 3382 2857 3439 sciebat
2900 3382 3192 3438 Dominum
3225 3383 3452 3453 ejecisse
3475 3384 3542 3439 de
3577 3385 3784 3454 templo

2193 3489 2324 3529 oves
2350 3484 2403 3529 et
2430 3474 2620 3541 boves,
2650 3483 2704 3529 et
2729 3474 2936 3530 dixisse
2964 3474 3335 3530 venditoribus
3355 3474 3780 3530 columbarum:

2197 3563 2389 3619 Tollite
2415 3567 2525 3618 haec
2546 3564 2688 3629 hinc,
2726 3574 2774 3618 et
2816 3564 2980 3618 nolite
3011 3564 3185 3633 facere
3210 3564 3426 3617 domum
3456 3563 3644 3619 Patris
3678 3568 3781 3618 mei

2193 3656 2409 3710 domum
2443 3655 2819 3726 negotiationis
2848 3656 2890 3709 ⁸.
2931 3653 3079 3710 Satis
3108 3669 3238 3725 ergo
3278 3655 3577 3726 desperans
3610 3670 3677 3710 ex
3722 3671 3785 3711 se

2193 3748 2341 3819 quod
2387 3748 2649 3802 intellexit
2700 3746 3131 3818 magnitudinem
3175 3747 3260 3801 sui
3293 3748 3534 3817 peccati,
3561 3747 3786 3818 iactans

2193 3849 2480 3911 argenteos
2513 3839 2635 3895 illos
2665 3840 2718 3893 in
2768 3840 3060 3908 templum,
3092 3840 3226 3894 abiit
3245 3848 3301 3894 et
3336 3840 3535 3911 laqueo
3570 3856 3629 3895 se
3651 3856 3781 3897 sus-

2193 3930 2398 4001 pendit.
2444 3931 2790 4001 Aecipientes
2824 3939 3007 3987 autem
3059 3941 3346 4002 argenteos
3393 3931 3545 3996 illos,
3591 3929 3784 3986 volue-

2190 4029 2313 4076 runt
2339 4021 2545 4091 aliquid
2598 4022 2900 4093 legitimum
2934 4022 3250 4086 observare,
3294 4031 3349 4078 et
3397 4037 3503 4077 non
3551 4023 3778 4078 mittere

2192 4127 2289 4167 eos
2319 4113 2374 4168 in
2407 4113 2727 4179 corbonam,
2767 4115 2858 4168 ubi
2887 4114 3015 4169 data
3060 4115 3244 4185 populi
3281 4124 3501 4185 prepter
3533 4115 3781 4169 necessio

2193 4211 2333 4259 tates
2385 4220 2689 4276 pauperum
2747 4205 3223 4277 congregabantur
3261 4204 3588 4276 :sanguinis
3627 4206 3780 4260 enim

2193 4297 2428 4370 pretium
2459 4296 2686 4368 impium
2715 4296 3106 4352 existimabant
3132 4297 3254 4352 mitt
3291 4315 3350 4353 re
3375 4299 3428 4352 in
3456 4297 3779 4353 corbonam.

504 4391 817 4457 recederet,
849 4394 1031 4449 dicere
1065 4409 1173 4449 non
1220 4396 1511 4465 potuisset.
1555 4396 1668 4454 Nec
1714 4400 1859 4454 enim
1908 4401 2085 4455 adhuc

2193 4385 2421 4458 Propter
2461 4388 2606 4459 quod
2650 4388 2942 4441 consilium
3002 4388 3368 4458 accipientes,
3424 4401 3783 4458 comparave—

504 4480 765 4551 itnplente
812 4482 1032 4538 diabolo
1086 4500 1183 4540 cor
1237 4486 1358 4556 ejus
1384 4489 1559 4557 ροιυίι
1610 4489 1792 4547 dicere
1823 4507 1836 4545 ι
1866 4490 2058 4548 peccat
2075 4515 2094 4549 λ
2121 4521 2168 4576 n
2195 4488 2325 4534 runt
2352 4495 2416 4534 ex
2450 4480 2788 4550 pecnniailla
2808 4481 3166 4551 agrumliguli
3199 4491 3251 4536 et
3268 4482 3548 4551 operantis
3577 4482 3777 4535 lutum.

501 4572 720 4626 tradens
776 4576 1085 4645 sanguinem
1117 4575 1350 4645 justum.
1390 4577 1495 4634 Sed
1541 4596 1649 4635 non
1700 4582 1807 4637 boc
1854 4583 2089 4640 dicimus

503 4663 765 4734 quoniam
801 4664 1081 4753 diabolus
1097 4667 1353 4725 recedens
1387 4669 1457 4725 ab
1482 4671 1668 4743 aliquo
1693 4674 1786 4729 tali
1809 4673 1955 4745 ,jam
1992 4690 2089 4732 nc-

504 4770 780 4826 quaquam
840 4757 890 4812 ei
925 4754 1250 4827 insidiatur,
1287 4761 1380 4816 sed
1419 4763 1675 4820 observat
1718 4766 1912 4819 iterum
1950 4773 2090 4821 tem-

503 4861 630 4916 pus,
661 4847 708 4902 si
739 4847 979 4916 potuerit
1009 4849 1205 4905 iterum
1224 4865 1283 4904 se
1299 4865 1571 4920 apponere
1600 4853 1680 4920 ei;
1708 4859 1763 4907 et
1795 4860 2086 4922 postquam

503 4938 822 5007 cognoverit
845 4941 1145 4994 secundum
1168 4953 1451 5011 peccatum
1482 4957 1644 4997 suum
1666 4943 1812 5014 quis,
1836 4943 2093 4999 observat

503 5029 668 5084 etiam
699 5031 871 5085 tertia:
916 5032 1255 5103 deceptionis
1314 5034 1494 5089 locum
1529 5036 1583 5089 in
1620 5051 1687 5089 eo
1726 5034 1995 5091 diabolus.
2032 5034 2091 5091 Si

505 5132 688 5177 autem
742 5137 882 5193 opus
917 5136 1001 5180 est
1033 5134 1088 5181 et
1109 5128 1373 5197 exemplis
1413 5127 1524 5195 uti,
1557 5128 1839 5183 videamus
1865 5129 1920 5182 in
1958 5128 2087 5200 Epi-

504 5215 649 5273 stola
676 5217 744 5273 ad
772 5216 1086 5275 Corinthios
1117 5220 1290 5290 prima
1317 5221 1385 5288 θ’,
1409 5236 1532 5275 eum
1577 5221 1669 5291 qui
1718 5237 1946 5276 uxorem
1992 5224 2090 5277 Ita-

506 5306 626 5363 buit
673 5308 846 5379 patris
878 5327 893 5363 :
922 5324 1023 5365 nec
1077 5312 1221 5366 enim
1285 5312 1339 5367 in
1398 5312 1713 5383 ltujusmodi
1752 5313 1897 5368 malo
1970 5314 2090 5369 sine

509 5416 708 5471 magno
739 5414 904 5472 Opere
931 5402 1133 5458 diaboli
1158 5404 1335 5473 potuit
1360 5420 1500 5459 esse.
1538 5403 1614 5459 De
1646 5420 1757 5475 quo
1785 5405 1942 5474 .malo
1973 5420 2091 5476 pm-

507 5493 693 5558 nituit,
724 5495 865 5548 sicut
887 5491 1171 5565 Scriptura
1193 5494 1306 5564 ipsa
1332 5504 1562 5551 testatur
1591 5497 1630 5562 ί,
1655 5505 1709 5551 et
1738 5496 1984 5551 tristatus
2005 5502 2090 5551 est

507 5584 785 5645 tristitiam
834 5587 1135 5644 secundum
1189 5587 1357 5644 Deum
1385 5631 1400 5656 ,
1438 5588 1715 5644 tristitiam
1746 5602 1868 5659 qua:
1919 5588 2089 5658 poeni-

581 5720 627 5793 ξ⁴¹
668 5721 797 5776 ibid.
833 5723 887 5777 5.
966 5725 1011 5758 ⁸³
1054 5742 1106 5793 v,
1139 5726 1186 5780 l.
1271 5728 1283 5758 ¹
1321 5726 1362 5781 ΙΙ
1387 5726 1512 5783 Cor.
1546 5742 1643 5791 vn,
1672 5727 1726 5793 9,
1770 5724 1850 5779 l0.

512 5789 533 5822 ⁸
571 5789 707 5846 Joau
764 5809 823 5859 tt,
854 5793 939 5851 1.6.
1092 5789 1102 5793 ’
1216 5806 1223 5809 ‘

1967 5727 1986 5811 ξ
2033 5722 2083 5785 ,11
2114 5723 2241 5781 Cor.
2279 5739 2336 5793 tl,
2369 5722 2422 5781 7.

2199 4571 2471 4625 Videbunt
2499 4572 2644 4625 enim
2693 4572 2952 4642 quoniam
2992 4571 3139 4626 circa
3177 4582 3425 4627 mortuos
3463 4571 3634 4642 magis
3653 4586 3779 4625 eam

2196 4663 2486 4734 pecuniam
2510 4664 2870 4718 conveniebat
2894 4663 3151 4733 expendi,
3178 4672 3232 4718 et
3251 4664 3397 4718 circa
3431 4663 3610 4719 locum
3638 4678 3784 4718 mor-

2198 4764 2417 4810 tuorum
2457 4764 2511 4809 et
2548 4754 2861 4825 sepulturae,
2893 4755 3153 4824 quoniam
3206 4757 3443 4825 pretium
3494 4754 3780 4823 sanguinis

2197 4856 2334 4914 erat,
2362 4862 2527 4917 quam
2567 4848 2618 4900 in
2644 4847 2884 4901 corbona
2918 4855 3013 4899 aut
3045 4845 3100 4900 in
3128 4846 3310 4917 aliqua
3337 4846 3661 4901 necessitate
3684 4845 3780 4899 bo-

2195 4948 2369 4994 ncsta.
2402 4938 2507 4993 Sed
2555 4939 2683 5008 quia
2733 4950 2787 4993 et
2814 4939 2954 4992 inter
2984 4938 3103 4993 loca
3137 4948 3482 4993 mortuorum
3521 4937 3781 4991 dill‘eren-

2196 5031 2284 5085 tiae
2311 5038 2440 5086 sunt
2470 5047 2484 5083 ε
2520 5032 2780 5099 quoniam
2816 5030 2970 5083 llllllll
3007 5030 3230 5099 quidem
3266 5030 3565 5085 secundum
3592 5036 3779 5083 votum

2197 5123 2507 5194 optabiliter
2555 5122 2893 5192 sepeliuntur
2928 5124 2982 5177 in
3030 5124 3404 5196 monumentis
3434 5123 3549 5178 suis
3599 5130 3784 5191 pater-

2197 5217 2304 5281 nis,
2328 5216 2550 5286 quidam
2610 5223 2792 5269 autem
2846 5222 3068 5285 propter
3125 5215 3391 5285 quasdam
3439 5214 3786 5269 calamitates

2196 5306 2589 5379 frequenterin
2642 5307 2949 5377 peregrinis
2995 5307 3363 5361 monumentis
3396 5305 3783 5374 sepeluntur;

2197 5400 2320 5457 ideo
2353 5397 2685 5469 accipientes
2698 5398 2933 5468 pretium
2959 5398 3244 5470 sanguinis
3270 5394 3421 5461 Jesu,
3443 5395 3526 5450 usi
3561 5405 3692 5449 sunt
3714 5412 3786 5450 eo

2197 5492 2266 5547 ad
2290 5493 2753 5560 comparationem
2784 5489 2901 5561 agri
2929 5488 3076 5560 figuli
3106 5489 3373 5555 alicujus,
3409 5496 3468 5542 ut
3497 5488 3551 5541 in
3584 5502 3653 5543 eo
3689 5504 3783 5558 pe-

2196 5583 2399 5655 regrini
2433 5581 2635 5639 mortui
2672 5581 3027 5652 sepeliantur,
3066 5595 3173 5636 non
3204 5578 3505 5635 secundum
3552 5586 3740 5633 votum
3761 5616 3785 5648 ,

2533 5723 2553 5755 ³
2594 5718 2782 5777 Matth.
2817 5736 2988 5788 xxvn,
3022 5718 3075 5773 4.
3154 5716 3178 5750 ⁸
3215 5714 3414 5773 Ezecb.
3453 5728 3649 5781 nam,
3692 5713 3782 5771 ll.
