4052 6304
330 289 356 340 Ι
375 287 494 345 769
1486 298 2146 360 COMMENTARIORUM
2189 303 2448 361 SERIES.
3466 322 3605 380 I770

323 409 448 465 sed
483 413 782 470 secundum
815 430 1004 472 casum
1038 416 1274 488 aliquem
1306 423 1640 477 contrarium
1671 424 1773 480 hoc
1804 439 1932 496 pro-
2025 427 2284 485 dubitans
2311 430 2520 488 Pilatus
2549 432 2901 507 interrogavit
2927 436 3114 493 dicens
3143 453 3156 492 :
3188 439 3265 495 Tu
3295 456 3348 496 es
3386 455 3478 497 rex
3497 441 3604 496 Ju-

327 511 650 559 merentes.
680 505 734 559 Si
767 516 950 561 autem
982 515 1037 562 et
1069 510 1389 579 peregrinos
1425 513 1746 578 spiritaliter
1771 516 1930 571 intel-
2023 517 2304 578 divorum?
2332 522 2410 577 Ad
2454 537 2619 594 quam
2663 505 3146 598 interrogationem
3193 532 3342 600 quod
3393 533 3598 604 putavit

326 591 519 662 ligare
545 595 818 662 convenit,
853 598 1169 669 peregrinos
1207 600 1443 658 dicimus
1485 618 1605 658 esse
1627 605 1718 675 qui
1754 621 1928 676 usque
2023 625 2144 668 esse
2189 591 2496 669 condeeens
2549 617 2848 685 respondit,
2874 591 3077 674 vdicens
3115 637 3129 676 :
3164 591 3242 675 ri.
3275 591 3432 679 dicii.
3475 625 3542 680 Et
3570 641 3600 680 a

325 683 410 736 ad
449 686 610 738 tinem
643 687 885 741 extranei
913 698 1040 744 sunt
1067 705 1098 742 a
1130 688 1240 746 Deo
1267 701 1320 746 et
1335 695 1601 765 peregrini
1625 705 1921 753 testamen-

326 783 532 830 torum
551 777 690 847 ejus.
720 777 878 835 Tales
909 781 1073 850 igitur
1091 785 1360 854 peregrini
1391 785 1702 857 hujusmodi
1726 790 1927 846 habent

325 865 536 931 ﬁnem,
573 877 634 923 ut
662 869 717 924 in
747 885 881 942 agro
911 872 1058 941 ﬁguli
1087 876 1443 944 sepeliantur,
1478 880 1570 949 qui
1602 882 1774 950 pretio
1797 899 1925 938 san-

325 957 532 1026 guinis
557 968 640 1014 est
663 973 1031 1031 Comparatus.
1062 964 1196 1019 Nam
1226 967 1361 1036 justi
1411 979 1540 1024 sunt
1575 973 1668 1040 qui
1699 974 1918 1030 dicunt:

324 1046 662 1119 Consepulti
697 1068 889 1109 sutnus
910 1054 1127 1110 Christo
1151 1057 1203 1111 in
1229 1075 1372 1114 novo
1402 1074 1754 1118 monumento
1776 1067 1919 1136 quod

323 1141 590 1195 excisum
634 1143 865 1198 habetur
912 1146 964 1199 in
1015 1157 1200 1216 petra,
1232 1149 1284 1202 in
1327 1163 1682 1209 monumento
1715 1156 1918 1222 dolato,

326 1231 438 1285 ubi
501 1233 740 1288 nondum
795 1237 1084 1306 quisquam
1127 1253 1469 1298 mortuorum
1522 1248 1732 1315 positus
1760 1258 1844 1305 cst
1877 1252 1916 1302 ⁸.

325 1321 450 1387 Qui
467 1335 644 1377 autem
665 1341 836 1396 usque
869 1328 934 1382 ad
961 1329 1120 1384 ﬁnem
1138 1333 1402 1402 peregrini
1432 1346 1557 1389 sunt
1581 1352 1611 1390 a
1630 1337 1847 1393 Christo
1867 1351 1921 1394 et

324 1412 505 1465 alieni
529 1428 558 1466 a
585 1412 716 1478 Deo,
752 1417 936 1472 dicent
965 1419 1085 1474 sine
1115 1421 1281 1476 dubio
1306 1438 1738 1496 consequenter:
1769 1431 1916 1486 Con-

324 1503 542 1572 sepulti
570 1517 762 1560 sumus
789 1510 1086 1576 peregrinis
1118 1511 1170 1566 in
1198 1527 1328 1582 agro
1352 1515 1498 1585 tigttli
1526 1521 1802 1586 operantis
1831 1522 1918 1576 ln-

325 1602 484 1657 tum,
527 1596 617 1665 qui
672 1600 843 1667 pretio
874 1604 1157 1672 sanguinis
1201 1616 1286 1661 est
1340 1621 1710 1680 comparatus,
1743 1623 1796 1668 et
1827 1630 1918 1669 su-

325 1701 469 1740 mus
519 1687 570 1740 in
612 1704 744 1756 agro
778 1694 870 1761 qui
911 1710 1040 1765 ager
1085 1699 1370 1767 sanguinis
1413 1703 1749 1759 nominatur.
1811 1707 1914 1761 Sed

2033 693 2278 763 principe
2329 695 2547 763 quidem
2611 697 2952 750 sacerdotum
2986 698 3269 766 adjuratus
3309 710 3370 755 ut
3399 702 3604 760 diceret

2032 783 2077 838 si
2103 784 2217 853 ipse
2232 794 2316 840 est
2342 785 2596 840 Christus
2616 785 2785 841 Filius
2806 785 2919 850 Dei,
2955 790 3232 859 rc5pondit
3249 809 3262 846 :
3281 790 3358 847 Tu
3379 793 3603 858 dixisti;

2031 887 2063 927 a
2089 873 2263 929 Pilato
2295 885 2475 929 autem
2509 878 2872 947 interrogatus
2896 897 2908 932 :
2939 879 3016 932 Tu
3036 897 3089 933 es
3114 897 3205 935 rex
3242 880 3552 936 Judteorum
3577 887 3602 938 1’

2032 966 2346 1035 respondit:
2381 966 2458 1020 Tu
2481 968 2614 1021 dicis
2672 968 2802 1024 Vide
2853 971 3326 1041 interrogationes.
3363 973 3599 1030 nisiilla

2029 1057 2246 1125 quidem
2287 1059 2634 1129 interrogatio
2671 1079 2683 1112 :
2719 1060 2780 1113 Si
2809 1071 2862 1114 tu
2892 1079 2943 1114 es
2969 1063 3210 1118 Christus
3253 1063 3428 1118 Filius
3461 1060 3599 1130 Dei,

2025 1147 2268 1204 Judaieze
2299 1151 2654 1205 conveniebat
2707 1167 2983 1220 personae;
3027 1153 3272 1210 Romano
3303 1164 3479 1210 autem
3506 1157 3600 1224 ju-

2027 1239 2133 1293 dici
2172 1240 2369 1295 dicenti
2417 1242 2864 1312 interrogatntie,
2893 1244 3008 1313 jam
3038 1261 3147 1300 non
3177 1264 3190 1300 :
3225 1246 3305 1300 Tu
3338 1263 3399 1304 cs
3433 1247 3599 1303 Chri-

2027 1339 2166 1396 stus,
2199 1334 2327 1386 sed:
2376 1331 2452 1385 Tu
2486 1351 2538 1386 es
2578 1350 2667 1386 rex
2703 1334 3059 1390 Jndwornm?
3084 1336 3187 1403 Qui
3219 1347 3399 1393 autem
3443 1350 3600 1394 caute

2027 1423 2338 1477 considerat
2366 1425 2514 1492 ipsos
2552 1426 2732 1493 apices
2766 1428 3200 1497 evangelicorum
3248 1445 3558 1486 sermonum
3581 1475 3597 1498 ,

2027 1514 2230 1569 videbit
2271 1517 2529 1585 quoniam
2569 1518 2821 1587 princeps
2865 1520 3082 1587 quidem
3123 1522 3467 1576 sacerdotum
3497 1523 3599 1577 du-

2026 1608 2258 1662 bitanter
2287 1609 2424 1662 divit
2461 1628 2472 1662 :
2512 1608 2572 1664 Si
2593 1621 2646 1662 tu
2678 1626 2731 1662 es
2755 1608 2998 1664 Christus
3025 1610 3199 1664 Filius
3228 1611 3342 1667 Dei.
3367 1611 3427 1668 Si
3450 1615 3594 1668 cnim

2024 1696 2229 1765 syllaba
2259 1697 2654 1753 dubitationem
2681 1699 3124 1770 interrogationis
3154 1704 3413 1759 ostendit.
3451 1704 3596 1759 Pila-

324 1777 601 1844 quoniam
624 1782 769 1850 quod
801 1793 924 1852 post
945 1786 1059 1841 htec
1086 1787 1218 1842 dicit
1238 1792 1567 1861 evangelista
1594 1811 1607 1845 :
1646 1794 1790 1849 Tunc
1814 1799 1904 1850 im-

2024 1795 2109 1842 tus
2161 1799 2341 1844 autem
2392 1791 2792 1859 pronuntiativo
2837 1811 2847 1844 :
2886 1791 2964 1846 Tu
3017 1810 3070 1847 es
3120 1811 3212 1848 rex
3245 1794 3594 1852 Iudaeorum?

321 1867 538 1935 pletum
563 1882 638 1925 est
661 1875 800 1943 quod
821 1878 1021 1932 dictum
1047 1880 1222 1949 fuerat
1247 1899 1340 1950 per
1367 1883 1672 1940 Ieremiam'
1696 1890 1919 1958 prophe-

325 1970 452 2014 tam
493 1964 769 2030 dicentem,
797 1977 903 2024 etc.
936 1971 1137 2028 'vinter
1168 1989 1230 2028 ea
1255 1992 1378 2044 quae
1409 1981 1610 2046 scripta
1633 1989 1780 2045 sunt,
1809 1997 1915 2037 non

325 2051 617 2109 invenitur
649 2057 750 2112 hoc
769 2057 1034 2118 Jeremias
1049 2063 1250 2119 alicubi
1276 2067 1630 2136 propltetasse
1666 2071 1718 2124 itt
1762 2073 1918 2130 libris

321 2144 478 2212 suis,
514 2149 608 2217 qui
639 2151 723 2205 vel
754 2152 808 2206 in
835 2151 1093 2212 Ecclesiis
1119 2157 1395 2228 leguntur,
1433 2162 1514 2216 vel
1543 2164 1681 2232 apud
1701 2163 1917 2224 Judazos

319 2237 688 2308 referuntur;
722 2243 767 2298 si
794 2247 918 2313 quis
945 2256 1125 2302 autem
1151 2258 1329 2318 potest
1359 2253 1521 2318 scire,
1547 2259 1795 2314 ostendat
1824 2261 1914 2316 ubi

321 2328 402 2382 sit
444 2331 706 2399 scriptum
736 2351 750 2387 :
780 2336 1034 2405 suspicor
1067 2348 1416 2396 auterrorem
1445 2359 1567 2401 esse
1597 2345 1911 2418 Scriptura,

316 2428 380 2473 et
404 2434 513 2488 pro
538 2421 800 2482 Zacharia
825 2427 1062 2496 positum
1087 2429 1404 2501 Jeremiam,
1426 2444 1655 2496 autesse
1673 2441 1911 2512 aliquam

318 2520 603 2566 secretam
629 2513 880 2573 Jeremiaa
903 2521 1230 2590 scripturam
1254 2525 1306 2578 in
1349 2543 1456 2596 qua
1497 2531 1775 2587 scribitur.
1803 2529 1915 2590 Tu-

315 2603 391 2659 lis
450 2615 532 2659 est
566 2617 745 2661 autem
783 2618 963 2666 textus
994 2614 1136 2682 apud
1165 2614 1487 2674 Zachariam
1511 2621 1532 2653 ⁸
1564 2624 1908 2694 prophetam.

315 2693 392 2748 Et
437 2693 610 2748 dicant
634 2696 703 2750 ad
745 2715 830 2753 eos
855 2717 874 2754 :
909 2701 969 2756 Si
991 2703 1184 2758 bonum
1214 2717 1291 2760 est
1319 2709 1374 2762 in
1395 2693 1864 2782 conspectuvcstro
1891 2758 1906 2780 ,

315 2787 456 2841 date
491 2790 775 2844 mercedem
801 2809 970 2848 meam
994 2836 1010 2862 ,
1050 2807 1143 2850 aut
1186 2798 1474 2871 ubnegate;
1516 2819 1567 2857 et
1606 2814 1909 2863 statuerunt

322 2879 621 2933 mercedem
660 2899 830 2937 meam
861 2887 1084 2956 triginta
1115 2902 1413 2961 argenteos.
1446 2892 1514 2947 Et
1553 2895 1691 2950 dixit
1727 2897 1909 2954 Domi-

323 2989 428 3026 nus
471 2975 540 3026 ad
574 2990 652 3028 me
675 2991 693 3028 :
721 2976 929 3047 Depone
948 2997 1033 3035 eos
1064 2982 1119 3035 in
1144 2984 1432 3053 fornacem,
1458 2996 1507 3039 et
1548 2989 1664 3042 vide
1700 2991 1748 3044 si
1781 3009 1906 3061 pro-

2023 1877 2293 1945 Quoniam
2353 1890 2532 1936 autem
2593 1884 2991 1951 pronuntiative
3049 1884 3156 1941 hoc
3192 1887 3329 1943 dixit
3351 1886 3590 1956 Pilatus,

2023 1971 2151 2026 illud
2182 1987 2400 2044 quoque
2430 1975 2719 2029 conﬁrmat
2743 1976 2884 2045 quod
2923 1977 3086 2032 etiam
3117 1979 3246 2034 alibi
3284 1982 3593 2050 suprascri-

2020 2063 2099 2118 hit
2128 2065 2180 2118 in
2205 2065 2378 2131 titulo,
2415 2065 2524 2119 Rex
2544 2065 2878 2134 Jndworum,
2932 2067 2984 2121 in
3027 2069 3201 2125 tribus
3228 2070 3450 2142 linguis,
3485 2071 3592 2126 llr-

2020 2155 2224 2221 braice,
2259 2156 2466 2224 Graece,
2501 2167 2553 2212 ct
2611 2156 2819 2224 Latine,
2861 2169 2919 2214 ut
2960 2157 3190 2227 Hebraei,
3220 2171 3274 2217 et
3296 2162 3468 2218 Grieci
3492 2207 3507 2230 ,
3537 2172 3591 2218 et

2021 2244 2252 2301 Romani
2293 2254 2715 2317 cognoscerent,
2764 2249 3023 2318 quoniam
3053 2259 3106 2304 et
3146 2248 3354 2306 Pilatus
3387 2252 3516 2308 sciel
3537 2262 3591 2308 at

2017 2352 2142 2392 eum
2189 2352 2368 2410 regem
2401 2336 2714 2393 Iudaeorum
2771 2354 2913 2394 esse.
2944 2339 3170 2411 Propter
3189 2343 3332 2412 quod
3367 2355 3590 2413 apparet

2018 2445 2141 2485 eum
2167 2447 2273 2500 qua
2305 2431 2605 2486 reverentia
2640 2431 2948 2500 tequirebat
2977 2433 3041 2488 de
3064 2432 3216 2498 Iesu,
3241 2442 3296 2489 et
3328 2449 3591 2503 provoca-

2017 2524 2112 2578 bat
2136 2523 2299 2594 917
2333 2523 2592 2595 populum
2638 2533 2696 2578 ιιι
2733 2524 2919 2579 Jesum
2971 2527 3143 2596 magis
3195 2528 3263 2582 ad
3310 2529 3590 2584 dimitten-

2017 2613 2147 2669 dum
2182 2623 2425 2684 peterent
2473 2629 2635 2684 quam
2663 2613 2984 2669 Barabbam.
3025 2614 3360 2672 Reverentite
3407 2627 3586 2673 autem

2014 2705 2173 2760 Pilati
2203 2706 2334 2760 illud
2368 2705 2535 2760 etiam
2571 2703 2674 2758 fuit
2717 2704 2930 2773 signum
2956 2747 2970 2770 ,
2999 2705 3144 2774 quod
3174 2706 3364 2760 lavans
3393 2722 3588 2761 manus

2014 2813 2142 2853 suas
2170 2795 2304 2851 dixit
2331 2814 2343 2849 :
2370 2793 2627 2848 Innocens
2651 2809 2744 2863 ego
2764 2809 2884 2845 sum
2906 2810 2938 2845 a
2979 2795 3235 2864 sanguine
3275 2794 3432 2863 hujus
3454 2811 3474 2849 :
3498 2811 3585 2851 vos

2013 2889 2246 2944 videritis
2278 2887 2342 2941 ¹³.
2373 2885 2530 2952 Quod
2571 2896 2750 2940 autem
2787 2885 2926 2940 dixit
2961 2886 3028 2940 ad
3060 2886 3357 2956 principem
3397 2903 3582 2943 sacer-

2012 2981 2198 3034 dotum
2234 2997 2248 3032 :
2282 2977 2358 3032 Tu
2384 2976 2596 3040 dixisti,
2645 2976 3040 3031 dubitationem
3077 2977 3197 3046 ejus
3243 2977 3460 3048 oblique
3493 2995 3585 3034 ar-

324 3069 451 3122 bum
482 3081 581 3134 est,
623 3072 759 3127 sicut
793 3074 1046 3143 probatus
1071 3094 1189 3131 sum
1235 3096 1329 3149 pro
1349 3081 1447 3134 eis.
1480 3078 1549 3132 Et
1579 3085 1777 3152 accepit
1809 3086 1904 3138 tri-

2011 3087 2182 3142 guens
2212 3069 2504 3125 convincit.
2539 3068 2606 3124 Et
2636 3071 2780 3138 quod
2817 3069 2893 3124 ait
2913 3069 3089 3124 Pilato
3115 3088 3129 3124 :
3165 3068 3242 3123 Tu
3274 3070 3430 3136 dicis,
3461 3086 3587 3126 sen-

323 3162 478 3228 ginta
539 3173 831 3231 argenteos,
881 3175 930 3219 et
973 3167 1119 3221 misit
1165 3185 1250 3222 eos
1277 3171 1331 3222 in
1353 3170 1564 3223 domum
1604 3171 1819 3226 Domini
1849 3175 1905 3227 in

324 3250 619 3318 fornacem.
653 3251 710 3307 Si
739 3263 918 3310 autem
958 3258 1072 3312 haec
1107 3258 1296 3315 dicens
1325 3259 1524 3330 aliquis
1552 3261 1904 3318 existimatse

323 3340 625 3406 otl‘cndere,
652 3345 831 3401 videat
857 3363 924 3401 ne
951 3348 1150 3403 alicubi
1185 3349 1241 3405 in
1271 3351 1496 3406 secretis
1514 3350 1767 3409 Jeremia:
1798 3353 1905 3411 hoc

322 3433 705 3502 prophetatur,
741 3439 920 3495 sciens
940 3442 1199 3509 quoniam
1249 3453 1305 3497 et
1345 3443 1638 3512 Apostolus
1669 3446 1904 3514 scriptu-

322 3539 419 3576 ras
445 3526 710 3591 quasdam
754 3537 1088 3582 secretorum
1131 3533 1367 3598 profert,
1405 3533 1703 3588 sicutdicit
1734 3535 1903 3588 alicu-

321 3614 378 3667 bi
404 3615 425 3646 ’
456 3613 642 3678 :Quod
686 3617 868 3672 oculus
913 3635 1019 3671 non
1060 3621 1213 3686 vidit,
1243 3638 1333 3675 nec
1371 3625 1520 3677 auris
1567 3626 1813 3689 audivit;
1846 3627 1900 3682 in

322 3706 478 3761 nullo
503 3706 647 3760 enim
681 3709 912 3778 regulari
943 3711 1084 3765 libro
1104 3710 1208 3766 hoc
1225 3713 1458 3781 positum
1485 3713 1775 3778 invenitur,
1795 3717 1900 3772 nisi

325 3799 380 3854 in
430 3801 656 3856 secretis
685 3801 816 3857 Elite
849 3805 1145 3873 prophetae.
1189 3805 1316 3860 Item
1348 3806 1493 3876 quod
1521 3806 1598 3860 ait
1629 3807 1671 3839 ¹⁰
1699 3826 1712 3861 :
1747 3805 1902 3863 Sicut

318 3890 541 3946 Jamnes
572 3906 619 3947 et
648 3894 910 3949 Mambres
935 3897 1239 3952 restiterunt
1271 3896 1467 3969 Moysi,
1495 3913 1600 3954 non
1627 3899 1899 3956 invenitur

323 3985 378 4038 in
411 3985 643 4054 publicis
673 3987 980 4056 scripturis,
1018 3989 1108 4043 sed
1138 3989 1190 4042 in
1233 3991 1369 4046 libro
1397 3999 1636 4058 secreto,
1665 3992 1756 4061 qui
1803 4007 1899 4047 su-

321 4074 681 4143 prascribitur
721 4075 938 4134 Jamnes
981 4090 1030 4133 et
1075 4079 1339 4134 Mambres
1383 4080 1530 4135 liber.
1575 4079 1730 4136 Unde
1774 4083 1896 4138 ausi

321 4175 449 4221 sunt
477 4167 697 4237 quidam
749 4169 1041 4240 Epistulam
1073 4174 1139 4226 ad
1191 4172 1535 4227 Timotheum
1593 4175 1892 4244 repellere,

321 4259 477 4326 quasi
514 4261 796 4316 habentem
838 4264 893 4317 itt
935 4279 993 4318 se
1032 4273 1238 4318 textum
1269 4264 1504 4334 alicujus
1543 4265 1759 4332 secreti,
1797 4267 1891 4321 sed

321 4365 429 4404 non
472 4363 781 4421 potuerunt.
808 4353 1047 4409 Primam
1075 4365 1256 4409 autem
1286 4355 1586 4425 Epistolam
1607 4357 1672 4411 ad
1697 4357 1892 4412 Corin-

2011 3160 2232 3216 tentiam
2263 3161 2382 3230 ejus
2410 3159 2812 3229 pronuntiantis
2826 3161 3134 3214 conﬁrmat.
3153 3159 3373 3216 Marcus
3401 3170 3582 3217 autem

2008 3266 2108 3322 pro
2139 3269 2152 3305 :
2187 3250 2247 3307 Si
2276 3260 2330 3304 tu
2356 3268 2409 3305 es
2435 3250 2678 3304 Christus
2706 3249 2881 3304 Filius
2906 3250 3003 3305 Dei
3028 3292 3042 3318 ,
3067 3251 3148 3306 sic
3183 3253 3434 3307 scribit“
3459 3272 3472 3307 :
3503 3253 3583 3307 Tu

2006 3359 2060 3396 es
2087 3341 2259 3396 Filius
2283 3342 2598 3398 Benedicti?
2632 3340 2881 3396 Forsitan
2923 3349 3016 3396 aut
3037 3340 3170 3396 illud
3200 3343 3346 3413 quod
3371 3343 3586 3415 simpli-

2007 3435 2141 3489 citer
2169 3435 2432 3502 scriptum
2461 3443 2564 3498 est,
2601 3443 2696 3488 aut
2718 3434 2822 3487 hoc
2849 3434 2993 3502 quod
3027 3434 3369 3501 dubitanter,
3398 3437 3583 3492 nescio

2009 3525 2054 3579 si
2087 3541 2196 3579 non
2229 3526 2490 3578 mendosa
2528 3525 2766 3577 habeant
2794 3524 3124 3594 exemplaria
3147 3564 3162 3590 ,
3197 3540 3323 3579 cum
3364 3527 3583 3582 debuis-

2007 3625 2128 3670 sent
2180 3616 2342 3670 ambo
2392 3614 2674 3682 aequaliter
2726 3612 2908 3668 dicere
2942 3631 2958 3669 :
2990 3611 3047 3668 ﬁ
3093 3622 3149 3669 tu
3192 3630 3286 3688 es,
3326 3626 3459 3670 aut:
3501 3616 3580 3672 Tu

2002 3724 2077 3760 88.

2075 3799 2196 3854 119.
2252 3798 2319 3852 Et
2371 3814 2488 3850 cum
2537 3806 2880 3851 accusaretur
2907 3815 2939 3851 a
2977 3800 3301 3870 principibus
3331 3803 3575 3856 sacerdo-

2002 3900 2113 3944 tum
2165 3900 2215 3945 et
2257 3891 2555 3945 senioribus
2600 3889 2788 3960 plebis,
2836 3891 2970 3944 nihil
3016 3894 3375 3962 respondebat.
3430 3893 3575 3949 Tunc

1999 3984 2138 4037 dixit
2168 3984 2217 4036 ei
2247 3981 2458 4036 Pilatus
2484 3997 2503 4036 :
2535 3981 2659 4036 Non
2697 3983 2852 4036 audis
2882 3993 3082 4052 quanta
3123 3985 3370 4039 adversus
3403 3995 3452 4040 te
3483 3988 3572 4041 di-

1998 4086 2121 4129 cunt
2154 4073 2493 4130 testimonia?
2521 4074 2588 4128 Et
2621 4091 2724 4128 non
2756 4074 3019 4144 respondit
3058 4077 3106 4129 ei
3139 4076 3306 4129 ullum
3337 4078 3568 4140 verbum,

1999 4169 2074 4223 ita
2105 4178 2160 4222 ut
2193 4168 2481 4221 miraretur
2508 4182 2700 4236 prteses
2750 4168 3071 4222 vehementer
3102 4169 3163 4222 ¹⁸.
3204 4168 3444 4225 Iudaica:
3482 4170 3570 4224 lit-

1997 4269 2125 4316 terae
2153 4259 2449 4316 occidentis
2472 4258 2706 4314 ministri
2730 4268 2782 4314 et
2808 4259 3071 4322 seniores,
3098 4260 3190 4314 lilii
3221 4271 3350 4316 sunt
3376 4277 3566 4318 eorum

1997 4350 2340 4406 sacerdotum
2379 4356 2434 4404 et
2462 4348 2738 4405 seniorum
2789 4349 2881 4418 qui
2921 4360 3317 4406 accusaverunt
3355 4351 3564 4414 Jesum.

321 4442 485 4508 thios,
518 4454 737 4514 propter
764 4447 868 4501 hoc
896 4448 1130 4516 aliquem
1176 4447 1444 4504 refutasse
1492 4450 1652 4519 quasi
1686 4450 1891 4505 adulte-

2010 4437 2398 4494 accusationem
2443 4452 2634 4492 eorum
2681 4452 2856 4507 usque
2903 4453 3049 4494 nunc
3097 4438 3478 4510 suscipientes,
3513 4451 3567 4495 et

317 4535 515 4597 rinam,
545 4534 611 4586 ad
644 4551 804 4590 aures
833 4552 981 4591 meas
1015 4553 1290 4606 nunquam
1321 4538 1584 4607 pervenit.

388 4623 508 4677 118.
542 4624 698 4679 Jesus
741 4637 917 4680 autem
948 4629 1090 4680 stetit
1135 4638 1258 4681 ante
1301 4628 1603 4698 prwsidem.
1632 4628 1701 4682 Et
1723 4630 1888 4683 inter-

316 4719 517 4784 rogavit
541 4732 656 4768 eum
677 4733 891 4786 prteses,
922 4719 1141 4772 dicens:
1171 4717 1246 4771 Tu
1293 4736 1345 4773 es
1390 4736 1481 4773 rex
1525 4718 1834 4775 Judceorum
1863 4721 1888 4773 I’

314 4805 465 4861 Dixit
493 4808 540 4860 ci
565 4805 718 4861 Jesus
744 4825 761 4861 :
789 4808 865 4862 Tu
894 4811 1028 4864 dicis
1054 4813 1116 4867 “.
1160 4812 1296 4867 Vere
1321 4811 1480 4867 Jesus
1500 4827 1604 4865 non
1641 4812 1884 4881 rapinam

313 4897 600 4952 arbitratus
626 4909 702 4953 est
725 4916 836 4954 esse
862 4918 915 4955 se
944 4902 1200 4972 (aqualem
1232 4902 1336 4956 Deo
1364 4904 1425 4953 η.
1452 4900 1514 4955 Ει
1542 4917 1651 4955 non
1692 4901 1881 4965 semel,

315 4993 404 5048 sed
427 4992 740 5064 frequenter
770 5012 867 5066 pro
893 5000 1154 5054 omnibus
1182 5000 1422 5068 seipsum
1456 4997 1780 5051 humiliavit.
1815 4996 1884 5051 Et

315 5099 455 5138 nunc
485 5100 615 5155 ergo
644 5087 808 5154 judex
829 5089 994 5144 totius
1023 5099 1286 5145 creaturae
1328 5092 1656 5147 constitutus
1698 5107 1724 5144 a
1780 5090 1884 5145 Pa—

313 5182 410 5240 tre,
466 5175 610 5246 Rege
659 5194 844 5248 regum
893 5192 945 5235 et
996 5179 1226 5236 Domino
1261 5182 1631 5249 dominorum,
1675 5181 1796 5236 vide
1827 5183 1878 5237 in

312 5276 569 5332 quantum
601 5285 660 5324 se
693 5270 1000 5325 humiliavit
1042 5282 1101 5325 ut
1134 5272 1504 5343 acquiesceret
1557 5283 1702 5328 stare
1756 5280 1880 5327 ante

309 5354 540 5423 iudicem
568 5369 698 5416 tunc
725 5373 881 5418 terra;
904 5362 1126 5426 ludatis,
1159 5372 1214 5418 et
1241 5373 1466 5420 vocatus
1513 5367 1879 5435 interrogatus

313 5458 389 5503 est
429 5451 904 5523 interrogationem
931 5497 946 5521 ,
988 5472 1152 5525 quam
1200 5456 1428 5513 forsitan
1481 5458 1732 5513 deridens
1783 5468 1877 5511 aut

375 5614 395 5645 °
429 5612 588 5668 Rom.
619 5629 693 5676 v1,
732 5615 990 5676 4:10am
1021 5633 1136 5679 xu.
1177 5618 1266 5672 ιι.
1341 5617 1362 5648 ⁷
1393 5615 1579 5671 Matth.
1619 5632 1788 5676 xxvn,
1823 5614 1877 5669 9.

313 5683 352 5713 “
382 5684 570 5738 Matth.
599 5699 772 5749 xxvu,
813 5686 900 5741 tl.
982 5689 1025 5722 “
1058 5687 1250 5757 Philip.
1295 5704 1358 5746 tt.
1393 5689 1446 5742 6.

312 5767 346 5816 ι,
378 5757 429 5808 8.

623 5851 871 5908 l’nnou.
942 5853 1057 5911 Gn.
1099 5855 1270 5915 Xlll.

1958 5616 1979 5646 ⁸
2009 5632 2086 5672 ιι.
2121 5617 2187 5670 {'2
2213 5625 2263 5670 et
2303 5629 2457 5683 seqq.

1538 5688 1580 5718 ³³
1609 5687 1800 5741 Matth.
1835 5702 2006 5745 xxv".
2035 5687 2125 5740 2i.

1993 4541 2314 4588 accusantes
2351 4528 2562 4584 Jcsum.
2617 4526 2911 4598 Propterea
2943 4539 3294 4599 permanente
3321 4533 3401 4588 eis
3447 4535 3566 4604 ipso

1993 4632 2236 4694 peccato,
2268 4630 2321 4675 et
2349 4620 2708 4690 praaveniente
2747 4635 2840 4675 eos
2867 4622 3032 4676 semel
3070 4622 3172 4688 ira,
3211 4639 3387 4694 usque
3420 4624 3472 4679 in
3502 4626 3566 4680 ti-

1995 4730 2115 4770 nem
2144 4714 2322 4767 adhuc
2353 4713 2637 4782 patiuntur
2668 4699 3137 4782 operatores'ipsi,
3167 4714 3409 4770 derelicti
3435 4733 3561 4771 cum

1993 4805 2192 4876 populo
2215 4803 2470 4858 universo
2498 4802 2636 4856 sicut
2665 4801 3060 4856 tabernaculum
3090 4804 3141 4856 in
3174 4809 3558 4873 cucumerario,

1991 4908 2039 4951 et
2075 4897 2211 4950 sicut
2237 4894 2422 4948 civitas
2448 4909 2566 4964 qua:
2601 4902 2933 4963 expugnatur
2958 4894 3020 4947 ’⁵.
3052 4893 3354 4952 Accusatus
3378 4910 3558 4954 autem

1987 4989 2170 5052 Jesus,
2219 4988 2360 5043 sicut
2403 4995 2533 5041 tunc
2568 4986 2705 5040 nihil
2733 4987 3032 5056 respondit,
3063 4989 3143 5044 sic
3171 4997 3228 5044 et
3268 4991 3430 5048 modo
3457 4997 3547 5050 ad-

1991 5096 2179 5136 versus
2230 5078 2608 5136 accusationes
2642 5078 2868 5133 istorum
2919 5081 3263 5136 sacerdotum
3293 5093 3348 5138 et
3379 5088 3556 5140 senio.

1993 5193 2110 5232 rum
2139 5174 2275 5229 nihil
2320 5170 2614 5241 respondit.
2648 5171 2816 5226 Tacet
2847 5171 2991 5226 enim
3037 5173 3117 5228 eis
3150 5172 3389 5231 Verbum
3433 5177 3554 5242 Dei,

1987 5278 2040 5324 et
2061 5269 2174 5338 jam
2211 5281 2318 5320 non
2354 5264 2584 5319 audiunt
2628 5263 2854 5317 verbum
2906 5262 3023 5329 Dei,
3071 5266 3215 5320 sicut
3260 5268 3552 5336 aliquando

1985 5360 2186 5415 factum
2223 5357 2398 5412 fuerat
2427 5358 2492 5411 ad
2533 5355 2842 5424 prophetas,
2891 5365 2945 5409 et
2983 5357 3034 5410 in
3082 5361 3553 5416 consummatiorc

1991 5451 2314 5509 saeculorum
2365 5463 2493 5503 caro
2540 5447 2713 5502 factus
2758 5457 2862 5513 est,
2893 5459 2945 5501 et
2975 5448 3235 5503 habitavit
3279 5450 3333 5503 in
3369 5451 3544 5504 nobis.

2552 5616 2573 5646 ’
2608 5614 2623 5667 Ι
2660 5614 2786 5668 Cor.
2824 5631 2881 5680 tt,
2917 5616 2968 5670 9.
3051 5618 3092 5650 ¹⁰
3127 5617 3170 5672 ll
3202 5619 3340 5672 Tim.
3378 5634 3461 5678 In,
3494 5622 3543 5674 8.

2221 5685 2261 5716 “
2292 5700 2404 5749 stv,
2433 5685 2521 5738 (ii.
2605 5685 2646 5715 "
2673 5683 2860 5740 Matth.
2898 5703 3066 5750 xxv",
3108 5688 3169 5742 l2
3202 5689 3286 5743 14.
3367 5691 3410 5721 ⁸⁸
3445 5691 3545 5746 Is.t.

3041 5855 3117 5915 56
