4052 6304
538 386 663 439 t77t

1699 374 1859 430 ORIC
1873 372 2021 426 15le
2066 368 2128 421 ΙΝ
2173 365 2587 423 MATTIIIEUM

3640 348 3789 403 ἔτη

536 506 599 560 lit
624 520 733 561 nen
778 502 906 559 solis
937 498 1268 570 principibus
1314 495 1657 551 sacerdotum
1704 503 1756 549 et
1780 494 2086 549 senioribus
2121 491 2158 546 Α
2194 498 2248 541 ttt
2273 487 2514 542 solvatur
2552 499 2581 537 a
2609 475 3059 537 condemnatione
3087 470 3313 542 peccati,
3334 467 3566 522 maxime
3588 476 3784 521 autem

536 597 704 650 olebis
741 592 874 646 falsa
904 588 1292 645 accusantibus
1321 602 1427 641 non
1454 586 1753 655 respondit,
1790 586 1882 639 sed
1918 599 2093 652 neque

537 688 724 747 Pilato,
752 684 1009 753 quoniam
1042 681 1257 735 volebat
1297 695 1422 734 eum
1475 677 1666 732 audire
1717 676 2091 731 defendentem

531 791 590 831 se
630 785 815 831 contra
858 773 1236 826 accusationes
1284 786 1473 826 eorum
1525 770 1834 823 mendaces.
1866 767 2096 833 Quando

537 866 678 919 enim
710 864 846 919 dixit
874 864 921 915 ei
968 860 1175 916 Pilatus
1210 870 1330 931 post
1368 861 1742 916 accusationes
1789 858 2094 928 principum

536 951 873 1007 sacerdotum
908 960 961 1003 et
992 949 1268 1004 seniorum
1302 967 1313 1000 :
1357 947 1475 1000 Non
1518 947 1670 1000 audis
1696 955 1893 1015 quanta
1926 953 1974 997 te
2003 959 2094 996 ac-

537 1049 717 1093 .‘ttsattt
768 1038 852 1091 ‘7?
909 1053 1083 1107 neque
1133 1036 1234 1105 ipsi
1283 1035 1582 1105 respomlit.
1622 1033 1731 1089 Nec
1779 1034 1922 1088 enim
1979 1039 2097 1086 erat

534 1131 753 1202 dignum
795 1131 1122 1199 respondere
1153 1129 1236 1182 vel
1269 1128 1538 1182 dubitanti
1571 1137 1752 1181 utrum
1784 1124 1976 1179 debeat
2003 1124 2097 1177 ad-

535 1236 723 1275 versus
753 1220 1128 1274 accusationes
1169 1234 1356 1272 eorum
1389 1217 1556 1272 falsas
1589 1216 1937 1286 respondere.
1986 1215 2097 1268 lloc

534 1309 773 1363 diximus
804 1323 909 1361 non
942 1306 1092 1360 obliti
1122 1305 1266 1375 quod
1298 1306 1501 1360 dictum
1533 1315 1618 1359 est
1652 1304 1718 1359 de
1749 1304 1943 1366 Pilato,
1972 1304 2097 1372 quia

534 1400 615 1454 vel
666 1408 997 1453 momentum
1049 1394 1265 1465 aliquod
1312 1396 1603 1467 benignum
1656 1412 1781 1466 erga
1821 1396 2096 1452 Christum

536 1488 786 1544 habebat.
820 1486 930 1541 Iloc
962 1486 1106 1540 enim
1154 1501 1340 1540 verum
1371 1501 1492 1541 esse
1523 1487 1589 1541 de
1634 1482 1808 1541 Pilato
1852 1502 1918 1540 ex
1951 1487 2097 1541 oumi

535 1581 846 1635 narratione
892 1581 1011 1649 ejus
1055 1577 1380 1634 ostenditur.
1406 1574 1523 1630 Non
1558 1586 1736 1633 autem
1767 1578 1948 1632 dicere
1977 1578 2099 1648 quis

532 1673 771 1737 audebit,
813 1672 1070 1742 quoniam
1117 1686 1441 1739 permanens
1472 1680 1527 1725 et
1556 1671 1768 1725 ﬁrmum
1811 1680 1927 1724 erat
1955 1671 2006 1724 in
2036 1687 2100 1727 eo

534 1765 601 1817 de
641 1762 856 1817 Christo
896 1762 1180 1831 judicium.
1220 1760 1562 1816 Traltebatur
1594 1762 1737 1815 enim
1771 1770 1825 1817 et
1856 1763 1922 1817 ad
1969 1778 2098 1816 con-

534 1852 699 1906 traria
740 1872 751 1907 :
786 1862 1067 1922 propterea
1088 1864 1144 1907 et
1192 1868 1337 1906 nunc
1383 1851 1614 1907 trahenti
1663 1853 1729 1908 ad
1774 1853 2096 1908 deteriorem

534 1943 842 2012 opinionem
874 1941 1133 1997 Dominus
1165 1958 1271 1998 non
1306 1943 1603 2013 respondit,
1632 1945 1958 2017 contemptis
1984 1961 2099 2000 om-

536 2034 697 2088 nibus
747 2049 868 2103 qu:e
906 2035 1050 2088 dicta
1097 2034 1311 2088 fuerant
1349 2034 1402 2087 in
1447 2035 1851 2090 accusationem
1904 2036 2093 2106 ipsius.

535 2123 759 2178 Miratus
787 2133 869 2179 est
895 2134 1072 2179 autem
1103 2126 1310 2180 Pilatus
1338 2126 1705 2180 constantiam
1730 2127 1885 2197 ejus;
1935 2127 2097 2182 forsi-

535 2229 624 2271 tan
668 2218 848 2273 sciens
889 2218 1165 2288 quomodo
1216 2218 1443 2274 idoneus
1489 2226 1632 2274 esset
1663 2221 2016 2288 pronuntiare
2047 2229 2099 2274 et

534 2307 805 2361 remittere
838 2307 1062 2369 crimen,
1097 2308 1323 2364 miratus
1357 2317 1440 2365 est
1483 2308 1672 2364 videns
1710 2324 1835 2365 eum
1870 2310 1921 2364 in
1950 2318 2099 2364 tran-

531 2399 698 2469 quilla
738 2408 793 2453 et
837 2399 1015 2469 quieta
1059 2401 1334 2470 sapientiae
1366 2398 1649 2468 gravitate,
1685 2408 1739 2455 et
1784 2400 2096 2456 inturbabili

530 2506 656 2544 eum
707 2489 914 2561 judicio
967 2499 1130 2556 stare,
1178 2491 1231 2546 in
1285 2506 1393 2560 quo
1433 2491 1499 2545 ad
1548 2498 1775 2545 mortem
1808 2474 2098 2561 periclitari

531 2580 947 2635 existimabatur
975 2581 1044 2634 ab
1071 2581 1155 2636 his
1189 2581 1279 2653 qui
1317 2580 1534 2636 fuerant
1563 2580 1659 2648 ibi,
1687 2590 1741 2636 et
1767 2581 1959 2637 fortior
1981 2591 2101 2637 erat

532 2670 769 2726 humana
818 2681 1033 2737 natura,
1074 2681 1127 2727 ct
1166 2672 1316 2727 omni
1361 2672 1481 2742 ejus
1527 2672 1840 2728 inﬁrmitate
1888 2673 2099 2729 volente

532 2760 831 2817 obtundere
878 2762 1131 2815 virtutem
1164 2762 1389 2833 spiritus
1423 2762 1563 2833 ejus,
1595 2778 1701 2817 non
1736 2773 1917 2818 autem
1962 2775 2099 2832 prae-

529 2850 741 2905 valente
770 2849 946 2907 facere
988 2852 1109 2907 hoc.
1144 2851 1298 2918 Quod
1333 2860 1513 2907 autem
1544 2852 1805 2921 scriptum
1850 2862 1953 2917 est,
1988 2868 2097 2908 non

531 2943 707 2995 solum
742 2941 926 2994 mirari
950 2939 1207 3007 Pilatum,
1236 2941 1330 2995 sed
1360 2943 1521 2997 etiam
1555 2943 1711 2998 valde
1736 2942 1944 3009 mirati,
1975 2959 2095 2997 tno-

530 3039 615 3086 vet
643 3046 729 3087 me
756 3042 806 3085 ut
833 3031 1159 3095 existimem,
1196 3032 1455 3103 quoniam
1485 3033 1709 3105 dignum
1739 3033 1789 3089 ei
1816 3034 2098 3090 videbatur

2200 580 2247 633 si
2286 574 2506 647 quando
2540 575 2735 628 habeat
2779 567 3096 639 perditionis
3130 573 3323 619 ett-tera
3357 572 3540 629 opera,
3581 557 3654 609 ad
3689 557 3787 609 lie-

2197 645 2570 723 nelaciendum
2618 671 2800 716 autem
2860 656 3118 711 Ecclesiae
3171 654 3401 721 impiger
3460 649 3535 702 sit
3605 645 3786 699 Tales

2196 760 2339 814 enim
2371 755 2612 813 invenies
2643 767 2784 821 sa-pe
2826 750 2879 804 in
2914 745 3224 818 potentibus
3258 740 3572 796 constitutor
3594 776 3607 796 .
3640 737 3787 790 alias

2197 851 2414 921 quidem
2442 854 2778 917 peccatores,
2803 849 2982 894 tamen
3009 849 3109 908 pro
3130 830 3481 895 Christianis,
3503 836 3784 899 quantum

2199 939 2457 1011 possibile
2482 936 2562 992 eis
2589 944 2690 998 est,
2742 932 2912 986 multa
2953 935 3192 997 agentes.
3238 922 3541 978 Addueeris
3585 927 3784 974 autem

2200 1032 2373 1101 magis
2404 1029 2469 1084 ad
2500 1025 2887 1097 requirendum
2917 1021 3066 1082 talia,
3095 1019 3141 1072 si
3166 1017 3429 1071 rationem
3460 1013 3622 1067 habet
3656 1012 3785 1066 ideo

2202 1139 2357 1179 ncam
2392 1122 2537 1193 quod
2572 1119 2735 1174 etiam
2778 1114 2942 1171 lsrael
2984 1126 3083 1182 pro
3124 1112 3231 1164 vita
3274 1106 3786 1173 Nabuchodonosor

2200 1228 2250 1272 ct
2284 1216 2569 1269 Balthasar
2609 1210 2702 1265 lilii
2748 1209 2866 1278 ejus
2899 1205 3067 1260 Deum
3113 1203 3304 1258 orabat
3347 1200 3415 1252 '°.
3454 1198 3558 1253 Sed
3586 1197 3701 1251 hoc
3733 1197 3783 1249 si

2201 1309 2413 1363 videtur
2458 1305 2619 1360 alicui
2653 1303 2878 1373 dignum
2915 1296 3292 1367 rcquisitione,
3322 1291 3580 1360 requiret.
3614 1288 3780 1355 Quod

2201 1407 2379 1453 autern
2410 1393 2761 1450 manifestum
2798 1397 2903 1454 est,
2932 1398 3123 1443 omnes
3165 1395 3362 1438 curare
3390 1390 3689 1439 tentemus,
3721 1386 3782 1433 ut

2200 1505 2265 1543 ex
2290 1487 2600 1558 petentibus
2627 1481 2970 1537 inveniamur
2997 1490 3139 1541 esse,
3169 1485 3224 1529 et
3257 1474 3311 1527 in
3346 1472 3537 1527 ordine
3578 1485 3777 1526 eorum

2202 1579 2294 1650 qui
2343 1580 2480 1633 bene
2511 1575 2785 1634 vixerunt,
2823 1569 2996 1641 magis
3022 1580 3189 1637 quam
3218 1579 3283 1618 ex
3317 1562 3424 1618 illis
3452 1576 3550 1631 pro
3570 1560 3780 1631 quibus

2205 1672 2407 1742 petitur
2437 1668 2595 1738 quasi
2624 1678 2723 1735 pro
2748 1660 3061 1718 hominibus
3085 1656 3263 1712 malis.
3290 1654 3424 1709 Nam
3451 1652 3554 1709 etsi
3581 1666 3779 1707 conce-

2202 1764 2361 1818 datur
2394 1759 2593 1828 aliquis
2624 1764 2875 1826 peccator
2898 1752 2965 1807 ad
2995 1761 3187 1821 preces
3226 1745 3506 1812 Ecclesiae,
3532 1758 3648 1797 non
3695 1752 3778 1796 ta-

2130 1818 2171 1873 B
2203 1870 2325 1908 men
2361 1818 2571 1922 justum
2601 1818 2683 1901 est
2714 1843 2942 1915 gloriam
2985 1818 3038 1897 et
3084 1836 3473 1894 beatitudinem
3506 1832 3776 1902 consequi

2200 1958 2323 1999 cum
2366 1941 2459 2012 qui
2492 1935 2805 2008 huiusmodi
2844 1942 2946 1999 est,
2973 1928 3171 1987 suillcit
3198 1928 3346 1983 enim
3369 1927 3518 1996 quod
3549 1940 3579 1979 a
3608 1937 3775 1993 paena

2201 2030 2510 2088 dimittitur.
2576 2026 2828 2081 Arbitror
2883 2031 3064 2076 autem
3132 2027 3352 2088 propter
3405 2015 3571 2069 istum
3624 2014 3774 2068 diem

2202 2122 2397 2178 festum
2419 2118 2730 2174 Iudaeorum
2759 2114 2813 2168 in
2841 2126 2953 2183 quo
2979 2109 3257 2164 Barabbas
3286 2108 3352 2160 ad
3377 2106 3543 2159 vitam
3563 2104 3776 2158 electus

2200 2223 2305 2279 est,
2359 2211 2616 2267 Christus
2666 2215 2849 2262 autem
2903 2202 3197 2274 neglectus,
3252 2197 3423 2269 918
3480 2196 3772 2250 Dominum

2200 2304 2379 2358 dicere
2406 2314 2502 2369 per
2527 2296 2847 2367 prophetam
2876 2291 2921 2323 ἰ
2965 2308 2980 2344 :
3010 2286 3248 2355 Jejunia,
3278 2297 3329 2338 et
3357 2283 3541 2352 ferias,
3572 2291 3622 2334 et
3659 2281 3772 2333 dies

2202 2394 2360 2464 festos
2389 2398 2586 2446 vestros
2608 2386 2722 2441 odit
2744 2384 2926 2438 anima
2948 2394 3103 2444 mea;
3129 2386 3183 2433 et
3209 2375 3339 2446 quia
3369 2373 3544 2442 magis
3568 2371 3771 2425 solent-

2203 2486 2425 2539 uitatem
2447 2494 2609 2550 agere
2643 2478 2930 2531 voluerunt
2951 2485 3077 2528 cum
3109 2470 3320 2525 latrone
3347 2466 3576 2521 dimisso
3599 2477 3766 2532 quam

2201 2590 2323 2631 cum
2353 2572 2503 2628 Iesu.
2530 2569 2689 2624 Verbi
2715 2566 2886 2635 gratia
2910 2564 3088 2619 dicam
3117 2578 3132 2617 :
3166 2560 3224 2615 Si
3247 2559 3484 2630 egissent
3508 2552 3768 2610 solemni-

2200 2674 2364 2721 tatem
2406 2670 2549 2717 recte
2587 2655 2968 2714 sicurtlosias.
3013 2661 3106 2707 aut
3138 2648 3340 2720 aliquis
3370 2645 3559 2703 similis
3600 2644 3679 2708 ei,
3711 2651 3768 2697 et

2200 2755 2324 2810 data
2355 2754 2438 2809 eis
2470 2750 2666 2806 fuisset
2691 2761 2853 2817 quem
2892 2744 3089 2800 Vellent
3116 2740 3331 2810 petendi
3377 2735 3609 2798 licentia,
3644 2735 3768 2788 sine

2200 2846 2369 2902 dubio
2399 2843 2585 2897 .Iesum
2630 2836 3017 2909 postulassent,
3060 2830 3363 2887 Barabbant
3406 2837 3585 2883 autem
3629 2840 3766 2880 cou-

2200 2935 2569 2990 demnassent.
2622 2928 2733 2983 Nos
2774 2936 2955 2982 autem
3003 2937 3224 2977 oremus
3271 2930 3331 2974 ut
3374 2918 3572 2974 festum
3618 2916 3761 2971 diem

2199 3026 2458 3089 colentes,
2490 3036 2593 3075 non
2620 3020 2672 3073 in
2704 3017 2956 3086 fermento
2984 3013 3164 3078 veteri,
3208 3024 3368 3079 neque
3410 3009 3466 3062 in
3511 3008 3763 3078 fermento

530 3137 728 3195 magno
751 3123 1035 3190 miraculo,
1055 3132 1114 3177 ut
1137 3100 1413 3180 exhibitus
1435 3125 1501 3180 ad
1524 3100 1808 3182 criminale
1829 3126 2094 3198 judicium
2122 3141 2171 3203 ρ
2202 3111 2425 3173 malitia:
2453 3122 2503 3169 et
2540 3110 2809 3180 nequitiis,
2849 3108 2938 3163 sed
2989 3107 3044 3160 in
3093 3105 3295 3175 azymis
3338 3100 3663 3157 sinceritatis
3715 3106 3764 3151 et

530 3212 779 3269 Christus
821 3215 1163 3271 inturbabilis
1195 3222 1462 3283 maneret,
1490 3226 1544 3271 et
1578 3225 1749 3273 staret
1779 3227 1903 3272 ante
1949 3232 2097 3273 mor-

530 3314 636 3360 tem
660 3321 781 3375 qum
803 3304 942 3375 apud
971 3321 1160 3365 omnes
1182 3306 1432 3362 homines
1449 3307 1709 3364 terribilis
1731 3306 2093 3363 existimatur.

601 3394 722 3450 120.
751 3392 854 3448 Per
876 3394 1013 3448 diem
1036 3403 1209 3449 autem
1233 3395 1512 3449 soletnnem
1538 3406 1876 3451 consueverat
1903 3411 2095 3465 praeses

527 3489 790 3541 dunittere
818 3485 1007 3556 populo
1034 3502 1195 3540 unum
1234 3488 1463 3542 vinctum
1508 3505 1659 3559 quem
1704 3490 1989 3545 valuissent
2028 3492 2091 3547 “.

528 3579 644 3633 Non
669 3579 880 3634 mireris
907 3579 952 3634 si
983 3578 1160 3633 adhuc
1189 3581 1548 3650 primordium
1580 3583 1786 3639 habens
1816 3582 2097 3639 Romanus

529 3674 865 3744 principatus
901 3675 954 3730 in
981 3676 1082 3739 eis,
1115 3684 1165 3728 ct
1205 3674 1417 3729 noviter
1452 3672 1658 3731 Iudaeis
1696 3676 1887 3746 jugum
1920 3678 2096 3732 susci-

530 3763 800 3834 pientibus
830 3763 1225 3827 Romanorum,
1265 3764 1393 3833 quia
1436 3764 1698 3818 donatum
1729 3771 1846 3818 erat
1892 3761 2095 3820 ludatis

530 3864 589 3910 ut
620 3855 671 3909 itt
698 3855 1040 3911 solemnitate
1068 3855 1310 3925 paschali
1344 3862 1587 3924 peterent
1621 3868 1786 3909 unum
1813 3870 1973 3925 quem
2001 3871 2095 3910 vo-

528 3946 772 4010 luissent,
804 3948 1054 4017 quamvis
1100 3948 1247 4003 mille
1288 3945 1598 4002 homicidiis
1630 3946 1902 4004 obnoxius
1945 3948 2095 4005 vide-

526 4047 693 4091 retur.
724 4034 815 4090 Sic
838 4037 981 4091 enim
1007 4035 1270 4108 quasdam
1298 4035 1499 4104 gratias
1519 4044 1777 4107 praestant
1803 4047 1989 4108 gentes
2013 4039 2093 4097 eis

524 4142 662 4194 quos
709 4127 1006 4196 subjiciunt
1036 4126 1159 4190 sibi,
1190 4126 1363 4181 donec
1390 4125 1746 4181 conﬁrmetur
1789 4141 1955 4198 super
1997 4143 2093 4186 eos

526 4217 708 4286 iugum
737 4218 1003 4287 ipsorum.
1035 4217 1239 4274 Tamen
1263 4217 1605 4275 consuetudo
1633 4218 1748 4274 inec
1776 4219 2090 4277 absolvendi

527 4310 688 4362 vineti
736 4308 835 4361 fuit
877 4308 1170 4377 aliquando
1215 4315 1270 4364 et
1314 4308 1455 4378 apud
1498 4305 1737 4364 Iudaeos.
1781 4308 1915 4364 Nam
1962 4325 2088 4367 cum

526 4398 655 4453 Saul
700 4399 1033 4453 decrevisset
1058 4407 1116 4453 ut
1143 4412 1209 4452 ne
1237 4397 1363 4468 quis
1393 4397 1660 4468 acciperet
1690 4398 1895 4466 cibum,
1922 4398 2092 4456 Jona-

2201 3208 2438 3264 veritatis
2470 3206 2536 3270 ⁸³,
2565 3201 2868 3257 Barabbam
2911 3197 3131 3269 quidem
3164 3194 3550 3259 condemnare,
3578 3188 3763 3245 Jesum

2195 3312 2376 3358 autem
2408 3298 2478 3353 ab
2502 3294 2758 3352 omnibus
2787 3290 3019 3348 vinculis
3048 3288 3282 3343 liberum
3313 3284 3562 3355 accipere
3603 3282 3766 3337 nobis

2196 3404 2502 3448 mereamur
2545 3388 2601 3443 in
2631 3399 2813 3455 regem
2841 3391 2898 3438 et
2925 3380 3236 3434 Dominum.
3275 3373 3343 3430 Et
3371 3371 3613 3444 quandiu
3652 3372 3766 3426 btec

2195 3485 2446 3546 facimus,
2477 3496 2582 3536 non
2626 3481 3022 3535 convertuntur
3052 3469 3168 3526 dies
3212 3467 3335 3524 festi
3363 3464 3534 3520 nostri
3564 3464 3622 3518 in
3676 3463 3762 3518 lu-

2194 3586 2365 3639 ctum,
2397 3587 2574 3644 neque
2600 3569 2813 3627 cantica
2855 3573 3041 3621 nostra
3078 3562 3134 3617 in
3169 3556 3632 3622 lamentationem,
3669 3552 3763 3610 sed

2193 3666 2433 3723 eruntin
2462 3662 2623 3719 nobis
2648 3659 3023 3717 solemnitates
3051 3667 3213 3718 verte,
3236 3647 3610 3708 solemnitates
3641 3644 3759 3701 Dei.

2266 3758 2389 3814 121.
2438 3754 2679 3809 Habebat
2727 3761 2902 3805 autem
2940 3755 3063 3798 tunc
3098 3742 3328 3797 vinctum
3369 3737 3645 3807 insignem,
3675 3731 3763 3804 qui

2193 3848 2468 3905 dicebatur
2504 3841 2798 3900 Barabbas.
2836 3832 3178 3909 Congrrgatis
3214 3845 3336 3901 ergo
3382 3828 3482 3892 eis,
3513 3825 3658 3878 dixit
3688 3823 3761 3876 eis

2194 3938 2405 3993 Pilatus
2466 3948 2485 3991 :
2546 3933 2715 3998 Quem
2771 3926 2929 3982 vultis
2993 3921 3264 3977 dimittam
3333 3916 3520 3980 vobis,
3575 3910 3760 3966 Iesum

2193 4027 2517 4093 Barabbant,
2551 4040 2623 4077 an
2673 4021 2855 4075 Iesum
2898 4015 2987 4088 qui
3040 4014 3237 4068 dicitur
3286 4006 3569 4064 Christus?
3614 4002 3762 4060 Scie-

2193 4123 2282 4175 bat
2322 4120 2459 4174 enim
2504 4114 2642 4187 quod
2691 4128 2784 4183 per
2834 4109 3088 4165 invidiam
3145 4104 3474 4159 tradiderunt
3526 4115 3646 4153 eum
3686 4097 3755 4151 ”.

2192 4214 2247 4269 in
2296 4210 2482 4268 multis
2522 4205 2918 4277 exemplaribus
2964 4215 3073 4256 non
3114 4198 3422 4254 continetur
3465 4192 3610 4264 quod
3660 4191 3757 4246 Ba-

2191 4303 2390 4358 rabbas
2430 4301 2596 4357 etiam
2635 4296 2797 4354 Jesus
2838 4292 3157 4355 dicebatur,
3197 4300 3252 4343 et
3306 4287 3534 4343 forsitan
3588 4293 3756 4347 recte,

2192 4405 2250 4451 ut
2306 4409 2372 4449 ne
2429 4406 2628 4449 nomen
2677 4389 2805 4445 Jesu
2861 4383 3151 4441 conveniat
3204 4379 3366 4434 alicui
3418 4378 3754 4446 iniquorum.

524 4490 643 4545 thas
672 4499 848 4546 autem
882 4488 1063 4543 favum
1091 4464 1271 4544 mellis
1307 4464 1580 4559 gustasset
1600 4501 1788 4545 contra
1821 4464 1965 4564 regis
1993 4493 2088 4549 de-
2116 4481 2167 4539 Β
2195 4485 2250 4539 In
2308 4492 2457 4540 tanta
2515 4483 2664 4538 enim
2719 4474 3068 4533 multitudine
3123 4470 3530 4541 Scripturarum
3584 4464 3755 4521 nemi-

524 4588 752 4643 crctum,
800 4577 1006 4633 invenit
1045 4576 1341 4631 obnoxium
1390 4576 1702 4642 Jonatltam,
1734 4588 1790 4633 et
1838 4580 2087 4650 quamvis

525 4670 692 4724 tilium
745 4669 1125 4751 constitutum,
1178 4678 1359 4721 tamen
1405 4675 1625 4736 propter
1675 4668 1895 4739 aliquod
1927 4670 2083 4740 jura-

524 4771 761 4816 mentum
799 4775 957 4816 suum
991 4758 1304 4814 decreverat
1332 4758 1634 4813 interﬁcere
1656 4774 1780 4813 eum
1808 4778 1823 4810 τ
1854 4760 1947 4814 sed
1977 4775 2084 4815 non

523 4852 810 4916 interfecit,
836 4850 985 4906 omni
1033 4849 1234 4920 populo
1264 4847 1428 4903 lsrael
1462 4848 1879 4917 interveniente,
1909 4859 1962 4906 et
1994 4867 2089 4921 pe-

522 4952 666 4995 tente
710 4956 834 4996 eum
878 4940 946 4995 ad
973 4940 1137 4995 vitam
1187 4941 1251 4992 η.
1304 4938 1409 4994 Sed
1455 4939 1598 5009 quod
1632 4938 1837 4995 Pilatus
1881 4941 2091 4996 dimisit

521 5047 690 5086 unum
725 5032 961 5086 vinctum
999 5032 1221 5101 populo,
1257 5031 1341 5085 vel
1389 5030 1517 5086 Saul
1548 5030 1845 5087 secundum
1872 5034 2087 5102 petitio-

524 5138 645 5178 nem
668 5122 849 5192 populi
872 5122 1016 5192 quod
1040 5123 1245 5177 dimisit
1271 5120 1584 5189 Jonalham,
1611 5137 1718 5180 non
1748 5133 1835 5179 est
1864 5125 2084 5194 mirum;

522 5216 624 5269 sub
655 5214 813 5284 culpa
864 5216 1008 5268 enim
1058 5225 1174 5269 erat
1219 5215 1503 5268 amborum
1557 5214 1851 5284 petentium
1896 5215 2082 5283 vitam,

522 5308 777 5378 quoniam
826 5306 995 5361 Judaei
1051 5321 1264 5376 semper
1311 5305 1531 5360 obnoxii
1577 5313 1753 5360 erant.
1792 5305 1895 5362 Sed
1948 5308 2083 5365 illud

522 5412 827 5468 qureramus
870 5398 914 5453 si
948 5399 1051 5453 tale
1098 5397 1300 5466 aliquid
1349 5398 1441 5451 tiat
1464 5408 1519 5450 et
1549 5396 1601 5450 in
1630 5396 1837 5466 judicio
1882 5398 1998 5464 Dei,
2030 5411 2085 5457 et

523 5491 699 5544 nnmis
745 5488 984 5545 Ecclesia
1032 5497 1214 5558 petere
1260 5488 1431 5556 possit
1464 5487 1698 5556 aliquem
1732 5500 2082 5561 peccatorum

596 5694 634 5722 ’τ
678 5691 842 5745 Marc.
868 5707 957 5754 xv,
988 5691 1041 5744 4.
1123 5690 1165 5720 ¹⁸
1203 5687 1387 5742 Matth.
1426 5704 1604 5754 xxrtt,
1638 5689 1714 5743 15.

521 5756 566 5786 ’³
602 5761 785 5814 Matth.
815 5776 984 5824 χιι-ιι,
1019 5758 1082 5813 16
1111 5768 1160 5814 et
1195 5773 1347 5825 seqq.

1837 5694 1878 5723 ¹⁹
1914 5690 1931 5743 Ι
1974 5691 2102 5764 Reg.
2136 5709 2243 5746 xw.

2194 4591 2316 4630 nem
2355 4575 2560 4632 scimus
2600 4571 2785 4627 Jesnm
2836 4576 3198 4639 peccatorem,
3234 4564 3378 4618 sicut
3422 4562 3476 4615 in
3508 4559 3632 4616 aliis
3662 4571 3757 4613 no-

2194 4667 2432 4721 minibus
2471 4662 2778 4719 invenimus
2816 4659 3193 4729 justorum,ut
3235 4651 3476 4724 ejusdem
3520 4646 3754 4703 nominis

2193 4757 2534 4812 inveniantur
2573 4768 2694 4812 esse
2728 4750 2891 4806 etiam
2929 4746 3124 4818 iniqui,
3169 4751 3379 4815 utputa,
3420 4740 3591 4796 .Iudas
3619 4753 3752 4809 apo-

2193 4849 2365 4905 stolus
2395 4847 2628 4912 Zelotes,
2652 4853 2705 4898 et
2728 4840 2898 4897 Judas
2923 4836 3255 4909 patriarcha,
3288 4835 3418 4889 item
3450 4842 3505 4887 et
3536 4829 3753 4886 Macha-

2192 4944 2340 4996 batus
2363 4938 2552 5004 Judas,
2582 4948 2771 4991 omnes
2797 4930 3094 4986 laudabiles
3120 4945 3135 4983 :
3167 4926 3260 4982 sed
3293 4923 3464 4979 Judas
3491 4921 3753 4993 proditor.

2192 5030 2257 5085 Et
2304 5031 2358 5084 in
2400 5028 2596 5084 Genesi
2648 5023 2997 5079 inveniuntur
3046 5017 3289 5089 ejusdem
3338 5014 3578 5071 nominis
3632 5024 3755 5068 esse

2191 5122 2284 5177 lilii
2330 5121 2482 5182 Seth,
2523 5127 2575 5172 et
2605 5116 2699 5171 lilii
2733 5113 2895 5177 Cain,
2925 5113 3068 5167 sicut
3098 5110 3306 5171 Enoch,
3329 5117 3385 5161 et
3404 5103 3664 5168 Lameclt,
3702 5111 3755 5155 et

2190 5211 2543 5268 Matltusaletn
2587 5227 2601 5263 ε
2638 5214 2958 5268 nonautctn
2985 5201 3343 5258 conveniebat
3364 5213 3485 5254 esse
3518 5195 3623 5250 tale
3653 5194 3753 5247 ali-

2186 5305 2315 5376 quid
2349 5313 2400 5357 et
2432 5303 2483 5355 in
2515 5298 2733 5353 nomine
2759 5294 2911 5352 Jesu.
2946 5293 3008 5348 Et
3046 5307 3176 5363 puto
3196 5291 3340 5363 quod
3369 5290 3422 5342 itt
3452 5286 3751 5343 haeresibus

2189 5398 2291 5452 tale
2331 5393 2534 5464 aliquid
2589 5390 2997 5460 superadditum
3045 5395 3150 5449 ost,
3201 5392 3257 5438 ut
3289 5381 3523 5436 habeant
3566 5377 3747 5447 aliqua

2187 5485 2557 5546 convenientia
2589 5484 2768 5539 dicere
2790 5482 2988 5538 fabulis
3012 5480 3148 5545 suis,
3174 5478 3240 5534 de
3269 5471 3625 5533 similitudine
3653 5483 3747 5524 no-

2359 5692 2402 5722 ²⁰
2444 5690 2637 5743 Baruc.
2677 5704 2710 5743 ι.
2821 5689 2861 5719 ’⁸
2905 5685 3006 5739 lsa.
3051 5698 3087 5750 ι,
3144 5683 3227 5736 Η.
3329 5683 3373 5712 ²¹
3416 5678 3587 5735 ICOr.
3617 5691 3668 5743 ν,
3692 5677 3747 5731 8.
