  <div class='ocr_page' id='page_1' title='image "/cluster/home/n/w/nwhite01/storage/ocr_20150623/13/mdp.39015007036059/900.png"; bbox 0 0 4052 6304; ppageno 0'>
   <div class='ocr_carea' id='block_1_1' title="bbox 389 374 522 428">
    <p class='ocr_par' dir='ltr' id='par_1_1' title="bbox 389 374 522 428">
     <span class='ocr_line' id='line_1_1' title="bbox 389 374 522 428; baseline 0.023 -3"><span class='ocrx_word' id='word_1_1' title='bbox 389 374 522 428; x_wconf 73' lang='grc' dir='ltr'><strong>Πῗό</strong></span> 
     </span>
    </p>
   </div>
   <div class='ocr_carea' id='block_1_2' title="bbox 1511 358 2463 421">
    <p class='ocr_par' dir='ltr' id='par_1_2' title="bbox 1511 358 2463 421">
     <span class='ocr_line' id='line_1_2' title="bbox 1511 358 2463 421; baseline -0.005 0"><span class='ocrx_word' id='word_1_2' title='bbox 1511 359 2162 421; x_wconf 70' lang='lat' dir='ltr'><strong>COMMENTARIORUM</strong></span> <span class='ocrx_word' id='word_1_3' title='bbox 2200 358 2463 418; x_wconf 82' lang='lat' dir='ltr'><strong>SERIES.</strong></span> 
     </span>
    </p>
   </div>
   <div class='ocr_carea' id='block_1_3' title="bbox 3490 361 3629 420">
    <p class='ocr_par' dir='ltr' id='par_1_3' title="bbox 3490 361 3629 420">
     <span class='ocr_line' id='line_1_3' title="bbox 3490 361 3629 420; baseline 0.014 -2"><span class='ocrx_word' id='word_1_4' title='bbox 3490 361 3629 420; x_wconf 67' lang='lat' dir='ltr'><strong>i774</strong></span> 
     </span>
    </p>
   </div>
   <div class='ocr_carea' id='block_1_4' title="bbox 386 477 3632 551">
    <p class='ocr_par' dir='ltr' id='par_1_4' title="bbox 386 477 3632 551">
     <span class='ocr_line' id='line_1_4' title="bbox 386 477 3632 551; baseline -0.003 -7"><span class='ocrx_word' id='word_1_5' title='bbox 386 492 548 544; x_wconf 82' lang='lat' dir='ltr'><strong>minis</strong></span> <span class='ocrx_word' id='word_1_6' title='bbox 577 487 704 545; x_wconf 73' lang='lat' dir='ltr'><strong>Iesu</strong></span> <span class='ocrx_word' id='word_1_7' title='bbox 740 498 793 543; x_wconf 88' lang='lat' dir='ltr'><strong>et</strong></span> <span class='ocrx_word' id='word_1_8' title='bbox 821 488 1093 542; x_wconf 73' lang='lat' dir='ltr'><strong>Barablnn.</strong></span> <span class='ocrx_word' id='word_1_9' title='bbox 1131 485 1393 540; x_wconf 79' lang='lat' dir='ltr'><strong>Existimo</strong></span> <span class='ocrx_word' id='word_1_10' title='bbox 1418 487 1562 539; x_wconf 84' lang='lat' dir='ltr'><strong>enim</strong></span> <span class='ocrx_word' id='word_1_11' title='bbox 1601 486 1656 538; x_wconf 89' lang='lat' dir='ltr'><strong>in</strong></span> <span class='ocrx_word' id='word_1_12' title='bbox 1688 484 1828 549; x_wconf 83' lang='lat' dir='ltr'><strong>istis,</strong></span> <span class='ocrx_word' id='word_1_13' title='bbox 1858 495 1948 538; x_wconf 88' lang='lat' dir='ltr'><strong>ve-</strong></span> <span class='ocrx_word' id='word_1_14' title='bbox 1980 488 2022 544; x_wconf 74' lang='grc' dir='ltr'>Α</span> <span class='ocrx_word' id='word_1_15' title='bbox 2051 481 2151 538; x_wconf 90' lang='lat' dir='ltr'><strong>cis.</strong></span> <span class='ocrx_word' id='word_1_16' title='bbox 2198 481 2264 536; x_wconf 88' lang='lat' dir='ltr'><strong>Et</strong></span> <span class='ocrx_word' id='word_1_17' title='bbox 2314 481 2436 536; x_wconf 93' lang='lat' dir='ltr'><strong>vide</strong></span> <span class='ocrx_word' id='word_1_18' title='bbox 2475 480 2604 551; x_wconf 86' lang='lat' dir='ltr'><strong>quia</strong></span> <span class='ocrx_word' id='word_1_19' title='bbox 2649 480 2858 550; x_wconf 85' lang='lat' dir='ltr'><strong>justum</strong></span> <span class='ocrx_word' id='word_1_20' title='bbox 2906 479 3199 549; x_wconf 89' lang='lat' dir='ltr'><strong>appellavit</strong></span> <span class='ocrx_word' id='word_1_21' title='bbox 3255 477 3442 537; x_wconf 86' lang='lat' dir='ltr'><strong>Jesnm</strong></span> <span class='ocrx_word' id='word_1_22' title='bbox 3489 495 3632 536; x_wconf 75' lang='lat' dir='ltr'><strong>uxor</strong></span> 
     </span>
    </p>
   </div>
   <div class='ocr_carea' id='block_1_5' title="bbox 385 578 1954 656">
    <p class='ocr_par' dir='ltr' id='par_1_5' title="bbox 385 578 1954 656">
     <span class='ocr_line' id='line_1_5' title="bbox 385 578 1954 656; baseline -0.004 -16"><span class='ocrx_word' id='word_1_23' title='bbox 385 603 505 640; x_wconf 87' lang='lat' dir='ltr'><strong>rum</strong></span> <span class='ocrx_word' id='word_1_24' title='bbox 555 586 770 655; x_wconf 81' lang='lat' dir='ltr'><strong>aliquod</strong></span> <span class='ocrx_word' id='word_1_25' title='bbox 804 585 1121 656; x_wconf 72' lang='lat' dir='ltr'><strong>mysterium</strong></span> <span class='ocrx_word' id='word_1_26' title='bbox 1151 581 1538 644; x_wconf 83' lang='lat' dir='ltr'><strong>demonstrari,</strong></span> <span class='ocrx_word' id='word_1_27' title='bbox 1575 586 1633 633; x_wconf 86' lang='lat' dir='ltr'><strong>ut</strong></span> <span class='ocrx_word' id='word_1_28' title='bbox 1680 578 1954 633; x_wconf 81' lang='lat' dir='ltr'><strong>Barahbas</strong></span> 
     </span>
    </p>
   </div>
   <div class='ocr_carea' id='block_1_6' title="bbox 386 671 1958 748">
    <p class='ocr_par' dir='ltr' id='par_1_6' title="bbox 386 671 1958 748">
     <span class='ocr_line' id='line_1_6' title="bbox 386 671 1958 748; baseline -0.006 -15"><span class='ocrx_word' id='word_1_29' title='bbox 386 679 602 748; x_wconf 83' lang='lat' dir='ltr'><strong>quidem</strong></span> <span class='ocrx_word' id='word_1_30' title='bbox 636 678 962 733; x_wconf 86' lang='lat' dir='ltr'><strong>constitutus</strong></span> <span class='ocrx_word' id='word_1_31' title='bbox 993 676 1065 730; x_wconf 87' lang='lat' dir='ltr'><strong>sit</strong></span> <span class='ocrx_word' id='word_1_32' title='bbox 1111 673 1176 728; x_wconf 88' lang='lat' dir='ltr'><strong>ad</strong></span> <span class='ocrx_word' id='word_1_33' title='bbox 1220 672 1564 733; x_wconf 82' lang='lat' dir='ltr'><strong>seditionem,</strong></span> <span class='ocrx_word' id='word_1_34' title='bbox 1612 681 1666 726; x_wconf 90' lang='lat' dir='ltr'><strong>et</strong></span> <span class='ocrx_word' id='word_1_35' title='bbox 1697 671 1855 735; x_wconf 85' lang='lat' dir='ltr'><strong>bella,</strong></span> <span class='ocrx_word' id='word_1_36' title='bbox 1903 677 1958 724; x_wconf 87' lang='lat' dir='ltr'><strong>et</strong></span> 
     </span>
    </p>
   </div>
   <div class='ocr_carea' id='block_1_7' title="bbox 383 761 1955 829">
    <p class='ocr_par' dir='ltr' id='par_1_7' title="bbox 383 761 1955 829">
     <span class='ocr_line' id='line_1_7' title="bbox 383 761 1955 829; baseline -0.008 -4"><span class='ocrx_word' id='word_1_37' title='bbox 383 770 674 825; x_wconf 81' lang='lat' dir='ltr'><strong>homicidia</strong></span> <span class='ocrx_word' id='word_1_38' title='bbox 714 768 958 824; x_wconf 79' lang='lat' dir='ltr'><strong>facienda</strong></span> <span class='ocrx_word' id='word_1_39' title='bbox 988 764 1278 821; x_wconf 90' lang='lat' dir='ltr'><strong>animabus</strong></span> <span class='ocrx_word' id='word_1_40' title='bbox 1309 763 1628 829; x_wconf 86' lang='lat' dir='ltr'><strong>hominum;</strong></span> <span class='ocrx_word' id='word_1_41' title='bbox 1660 761 1820 817; x_wconf 86' lang='lat' dir='ltr'><strong>Jesus</strong></span> <span class='ocrx_word' id='word_1_42' title='bbox 1859 774 1955 814; x_wconf 78' lang='lat' dir='ltr'><strong>au-</strong></span> 
     </span>
    </p>
   </div>
   <div class='ocr_carea' id='block_1_8' title="bbox 382 853 1954 932">
    <p class='ocr_par' dir='ltr' id='par_1_8' title="bbox 382 853 1954 932">
     <span class='ocr_line' id='line_1_8' title="bbox 382 853 1954 932; baseline -0.006 -16"><span class='ocrx_word' id='word_1_43' title='bbox 382 873 488 917; x_wconf 73' lang='lat' dir='ltr'><strong>tem</strong></span> <span class='ocrx_word' id='word_1_44' title='bbox 520 862 676 932; x_wconf 90' lang='lat' dir='ltr'><strong>quasi</strong></span> <span class='ocrx_word' id='word_1_45' title='bbox 711 863 879 916; x_wconf 88' lang='lat' dir='ltr'><strong>Filius</strong></span> <span class='ocrx_word' id='word_1_46' title='bbox 922 859 1035 924; x_wconf 89' lang='lat' dir='ltr'><strong>Del,</strong></span> <span class='ocrx_word' id='word_1_47' title='bbox 1080 871 1131 913; x_wconf 91' lang='lat' dir='ltr'><strong>et</strong></span> <span class='ocrx_word' id='word_1_48' title='bbox 1175 873 1278 928; x_wconf 80' lang='lat' dir='ltr'><strong>pax</strong></span> <span class='ocrx_word' id='word_1_49' title='bbox 1317 858 1668 919; x_wconf 85' lang='lat' dir='ltr'><strong>constitutus,</strong></span> <span class='ocrx_word' id='word_1_50' title='bbox 1718 862 1772 909; x_wconf 86' lang='lat' dir='ltr'><strong>et</strong></span> <span class='ocrx_word' id='word_1_51' title='bbox 1821 853 1954 908; x_wconf 52' lang='lat' dir='ltr'><strong>Ver-</strong></span> 
     </span>
    </p>
   </div>
   <div class='ocr_carea' id='block_1_9' title="bbox 381 947 1955 1024">
    <p class='ocr_par' dir='ltr' id='par_1_9' title="bbox 381 947 1955 1024">
     <span class='ocr_line' id='line_1_9' title="bbox 381 947 1955 1024; baseline -0.006 -15"><span class='ocrx_word' id='word_1_52' title='bbox 381 956 532 1021; x_wconf 88' lang='lat' dir='ltr'><strong>bum,</strong></span> <span class='ocrx_word' id='word_1_53' title='bbox 573 963 625 1011; x_wconf 92' lang='lat' dir='ltr'><strong>et</strong></span> <span class='ocrx_word' id='word_1_54' title='bbox 669 955 965 1024; x_wconf 80' lang='lat' dir='ltr'><strong>Sapientia,</strong></span> <span class='ocrx_word' id='word_1_55' title='bbox 1013 954 1078 1006; x_wconf 86' lang='lat' dir='ltr'><strong>ad</strong></span> <span class='ocrx_word' id='word_1_56' title='bbox 1116 952 1298 1005; x_wconf 76' lang='lat' dir='ltr'><strong>ornliia</strong></span> <span class='ocrx_word' id='word_1_57' title='bbox 1357 947 1519 1005; x_wconf 86' lang='lat' dir='ltr'><strong>bona.</strong></span> <span class='ocrx_word' id='word_1_58' title='bbox 1567 948 1630 1003; x_wconf 80' lang='lat' dir='ltr'><strong>lii</strong></span> <span class='ocrx_word' id='word_1_59' title='bbox 1672 962 1802 1018; x_wconf 84' lang='lat' dir='ltr'><strong>ergo</strong></span> <span class='ocrx_word' id='word_1_60' title='bbox 1846 947 1955 1002; x_wconf 91' lang='lat' dir='ltr'><strong>duo</strong></span> 
     </span>
    </p>
   </div>
   <div class='ocr_carea' id='block_1_10' title="bbox 380 1037 1952 1110">
    <p class='ocr_par' dir='ltr' id='par_1_10' title="bbox 380 1037 1952 1110">
     <span class='ocr_line' id='line_1_10' title="bbox 380 1037 1952 1110; baseline -0.007 -7"><span class='ocrx_word' id='word_1_61' title='bbox 380 1065 503 1103; x_wconf 91' lang='lat' dir='ltr'><strong>cum</strong></span> <span class='ocrx_word' id='word_1_62' title='bbox 537 1049 646 1103; x_wconf 88' lang='lat' dir='ltr'><strong>sint</strong></span> <span class='ocrx_word' id='word_1_63' title='bbox 681 1046 848 1102; x_wconf 85' lang='lat' dir='ltr'><strong>vincti</strong></span> <span class='ocrx_word' id='word_1_64' title='bbox 903 1048 956 1100; x_wconf 93' lang='lat' dir='ltr'><strong>in</strong></span> <span class='ocrx_word' id='word_1_65' title='bbox 987 1047 1151 1100; x_wconf 80' lang='lat' dir='ltr'><strong>rebus</strong></span> <span class='ocrx_word' id='word_1_66' title='bbox 1203 1042 1459 1098; x_wconf 87' lang='lat' dir='ltr'><strong>humanis</strong></span> <span class='ocrx_word' id='word_1_67' title='bbox 1506 1049 1558 1098; x_wconf 89' lang='lat' dir='ltr'><strong>et</strong></span> <span class='ocrx_word' id='word_1_68' title='bbox 1609 1037 1952 1110; x_wconf 85' lang='lat' dir='ltr'><strong>corporibus,</strong></span> 
     </span>
    </p>
   </div>
   <div class='ocr_carea' id='block_1_11' title="bbox 383 1129 1952 1209">
    <p class='ocr_par' dir='ltr' id='par_1_11' title="bbox 383 1129 1952 1209">
     <span class='ocr_line' id='line_1_11' title="bbox 383 1129 1952 1209; baseline -0.005 -19"><span class='ocrx_word' id='word_1_69' title='bbox 383 1140 617 1209; x_wconf 88' lang='lat' dir='ltr'><strong>populus</strong></span> <span class='ocrx_word' id='word_1_70' title='bbox 674 1139 762 1192; x_wconf 91' lang='lat' dir='ltr'><strong>ille</strong></span> <span class='ocrx_word' id='word_1_71' title='bbox 823 1135 925 1190; x_wconf 91' lang='lat' dir='ltr'><strong>sibi</strong></span> <span class='ocrx_word' id='word_1_72' title='bbox 979 1133 1270 1204; x_wconf 79' lang='lat' dir='ltr'><strong>postulavit</strong></span> <span class='ocrx_word' id='word_1_73' title='bbox 1320 1131 1526 1186; x_wconf 81' lang='lat' dir='ltr'><strong>absolvi</strong></span> <span class='ocrx_word' id='word_1_74' title='bbox 1579 1129 1880 1185; x_wconf 88' lang='lat' dir='ltr'><strong>Barabham</strong></span> <span class='ocrx_word' id='word_1_75' title='bbox 1939 1145 1952 1182; x_wconf 92' lang='lat'>:</span> 
     </span>
    </p>
   </div>
   <div class='ocr_carea' id='block_1_12' title="bbox 383 1222 1955 1304">
    <p class='ocr_par' dir='ltr' id='par_1_12' title="bbox 383 1222 1955 1304">
     <span class='ocr_line' id='line_1_12' title="bbox 383 1222 1955 1304; baseline -0.006 -19"><span class='ocrx_word' id='word_1_76' title='bbox 383 1244 604 1304; x_wconf 80' lang='lat' dir='ltr'><strong>propter</strong></span> <span class='ocrx_word' id='word_1_77' title='bbox 633 1247 793 1300; x_wconf 85' lang='lat' dir='ltr'><strong>quem</strong></span> <span class='ocrx_word' id='word_1_78' title='bbox 825 1241 932 1282; x_wconf 89' lang='lat' dir='ltr'><strong>non</strong></span> <span class='ocrx_word' id='word_1_79' title='bbox 972 1235 1153 1283; x_wconf 80' lang='lat' dir='ltr'><strong>cessat</strong></span> <span class='ocrx_word' id='word_1_80' title='bbox 1195 1240 1326 1296; x_wconf 86' lang='lat' dir='ltr'><strong>gens</strong></span> <span class='ocrx_word' id='word_1_81' title='bbox 1359 1225 1449 1278; x_wconf 90' lang='lat' dir='ltr'><strong>illa</strong></span> <span class='ocrx_word' id='word_1_82' title='bbox 1495 1222 1704 1278; x_wconf 87' lang='lat' dir='ltr'><strong>habens</strong></span> <span class='ocrx_word' id='word_1_83' title='bbox 1731 1222 1955 1278; x_wconf 79' lang='lat' dir='ltr'><strong>seditio-</strong></span> 
     </span>
    </p>
   </div>
   <div class='ocr_carea' id='block_1_13' title="bbox 381 1315 1952 1392">
    <p class='ocr_par' dir='ltr' id='par_1_13' title="bbox 381 1315 1952 1392">
     <span class='ocr_line' id='line_1_13' title="bbox 381 1315 1952 1392; baseline -0.009 -12"><span class='ocrx_word' id='word_1_84' title='bbox 381 1343 500 1392; x_wconf 85' lang='lat' dir='ltr'><strong>nes,</strong></span> <span class='ocrx_word' id='word_1_85' title='bbox 528 1335 580 1379; x_wconf 91' lang='lat' dir='ltr'><strong>et</strong></span> <span class='ocrx_word' id='word_1_86' title='bbox 609 1321 922 1384; x_wconf 89' lang='lat' dir='ltr'><strong>homicidia,</strong></span> <span class='ocrx_word' id='word_1_87' title='bbox 946 1329 999 1373; x_wconf 89' lang='lat' dir='ltr'><strong>et</strong></span> <span class='ocrx_word' id='word_1_88' title='bbox 1028 1318 1332 1382; x_wconf 88' lang='lat' dir='ltr'><strong>latrocinia,</strong></span> <span class='ocrx_word' id='word_1_89' title='bbox 1351 1317 1650 1373; x_wconf 86' lang='lat' dir='ltr'><strong>secundum</strong></span> <span class='ocrx_word' id='word_1_90' title='bbox 1687 1315 1952 1385; x_wconf 85' lang='lat' dir='ltr'><strong>quosdam</strong></span> 
     </span>
    </p>
   </div>
   <div class='ocr_carea' id='block_1_14' title="bbox 387 1405 1953 1486">
    <p class='ocr_par' dir='ltr' id='par_1_14' title="bbox 387 1405 1953 1486">
     <span class='ocr_line' id='line_1_14' title="bbox 387 1405 1953 1486; baseline -0.008 -15"><span class='ocrx_word' id='word_1_91' title='bbox 387 1414 562 1486; x_wconf 81' lang='lat' dir='ltr'><strong>gentis</strong></span> <span class='ocrx_word' id='word_1_92' title='bbox 592 1429 705 1469; x_wconf 82' lang='lat' dir='ltr'><strong>suae</strong></span> <span class='ocrx_word' id='word_1_93' title='bbox 727 1414 782 1466; x_wconf 93' lang='lat' dir='ltr'><strong>in</strong></span> <span class='ocrx_word' id='word_1_94' title='bbox 815 1412 976 1466; x_wconf 87' lang='lat' dir='ltr'><strong>rebus</strong></span> <span class='ocrx_word' id='word_1_95' title='bbox 1009 1425 1129 1480; x_wconf 79' lang='lat' dir='ltr'><strong>quae</strong></span> <span class='ocrx_word' id='word_1_96' title='bbox 1155 1407 1290 1462; x_wconf 79' lang='lat' dir='ltr'><strong>loris</strong></span> <span class='ocrx_word' id='word_1_97' title='bbox 1321 1405 1621 1475; x_wconf 89' lang='lat' dir='ltr'><strong>habentur;</strong></span> <span class='ocrx_word' id='word_1_98' title='bbox 1653 1405 1953 1462; x_wconf 88' lang='lat' dir='ltr'><strong>secundum</strong></span> 
     </span>
    </p>
   </div>
   <div class='ocr_carea' id='block_1_15' title="bbox 383 1495 1954 1570">
    <p class='ocr_par' dir='ltr' id='par_1_15' title="bbox 383 1495 1954 1570">
     <span class='ocr_line' id='line_1_15' title="bbox 383 1495 1954 1570; baseline -0.004 -9"><span class='ocrx_word' id='word_1_99' title='bbox 383 1522 574 1562; x_wconf 90' lang='lat' dir='ltr'><strong>omnes</strong></span> <span class='ocrx_word' id='word_1_100' title='bbox 607 1515 787 1559; x_wconf 89' lang='lat' dir='ltr'><strong>autem</strong></span> <span class='ocrx_word' id='word_1_101' title='bbox 811 1504 1028 1558; x_wconf 72' lang='lat' dir='ltr'><strong>Judreos</strong></span> <span class='ocrx_word' id='word_1_102' title='bbox 1055 1503 1146 1570; x_wconf 92' lang='lat' dir='ltr'><strong>qui</strong></span> <span class='ocrx_word' id='word_1_103' title='bbox 1180 1515 1284 1554; x_wconf 90' lang='lat' dir='ltr'><strong>non</strong></span> <span class='ocrx_word' id='word_1_104' title='bbox 1317 1500 1545 1554; x_wconf 89' lang='lat' dir='ltr'><strong>credunt</strong></span> <span class='ocrx_word' id='word_1_105' title='bbox 1572 1495 1780 1561; x_wconf 82' lang='lat' dir='ltr'><strong>Jesum,</strong></span> <span class='ocrx_word' id='word_1_106' title='bbox 1806 1497 1954 1554; x_wconf 88' lang='lat' dir='ltr'><strong>intus</strong></span> 
     </span>
    </p>
   </div>
   <div class='ocr_carea' id='block_1_16' title="bbox 382 1585 1951 1657">
    <p class='ocr_par' dir='ltr' id='par_1_16' title="bbox 382 1585 1951 1657">
     <span class='ocr_line' id='line_1_16' title="bbox 382 1585 1951 1657; baseline -0.006 -5"><span class='ocrx_word' id='word_1_107' title='bbox 382 1601 434 1653; x_wconf 92' lang='lat' dir='ltr'><strong>in</strong></span> <span class='ocrx_word' id='word_1_108' title='bbox 460 1596 662 1652; x_wconf 88' lang='lat' dir='ltr'><strong>anima.</strong></span> <span class='ocrx_word' id='word_1_109' title='bbox 694 1593 798 1650; x_wconf 89' lang='lat' dir='ltr'><strong>Ubi</strong></span> <span class='ocrx_word' id='word_1_110' title='bbox 833 1596 978 1648; x_wconf 86' lang='lat' dir='ltr'><strong>enim</strong></span> <span class='ocrx_word' id='word_1_111' title='bbox 1018 1606 1126 1646; x_wconf 93' lang='lat' dir='ltr'><strong>non</strong></span> <span class='ocrx_word' id='word_1_112' title='bbox 1159 1599 1239 1646; x_wconf 90' lang='lat' dir='ltr'><strong>est</strong></span> <span class='ocrx_word' id='word_1_113' title='bbox 1284 1587 1464 1657; x_wconf 88' lang='lat' dir='ltr'><strong>Jesus,</strong></span> <span class='ocrx_word' id='word_1_114' title='bbox 1497 1585 1607 1644; x_wconf 91' lang='lat' dir='ltr'><strong>illic</strong></span> <span class='ocrx_word' id='word_1_115' title='bbox 1633 1588 1951 1656; x_wconf 82' lang='lat' dir='ltr'><strong>seditiones,</strong></span> 
     </span>
    </p>
   </div>
   <div class='ocr_carea' id='block_1_17' title="bbox 380 1678 1955 1757">
    <p class='ocr_par' dir='ltr' id='par_1_17' title="bbox 380 1678 1955 1757">
     <span class='ocr_line' id='line_1_17' title="bbox 380 1678 1955 1757; baseline -0.006 -12"><span class='ocrx_word' id='word_1_116' title='bbox 380 1701 432 1745; x_wconf 90' lang='lat' dir='ltr'><strong>et</strong></span> <span class='ocrx_word' id='word_1_117' title='bbox 465 1691 609 1751; x_wconf 90' lang='lat' dir='ltr'><strong>lites,</strong></span> <span class='ocrx_word' id='word_1_118' title='bbox 645 1697 699 1743; x_wconf 92' lang='lat' dir='ltr'><strong>et</strong></span> <span class='ocrx_word' id='word_1_119' title='bbox 747 1686 930 1757; x_wconf 70' lang='lat' dir='ltr'><strong>praelia</strong></span> <span class='ocrx_word' id='word_1_120' title='bbox 984 1693 1131 1739; x_wconf 90' lang='lat' dir='ltr'><strong>sunt.</strong></span> <span class='ocrx_word' id='word_1_121' title='bbox 1180 1680 1280 1737; x_wconf 90' lang='lat' dir='ltr'><strong>Ubi</strong></span> <span class='ocrx_word' id='word_1_122' title='bbox 1331 1692 1511 1737; x_wconf 86' lang='lat' dir='ltr'><strong>autem</strong></span> <span class='ocrx_word' id='word_1_123' title='bbox 1553 1688 1638 1737; x_wconf 87' lang='lat' dir='ltr'><strong>est</strong></span> <span class='ocrx_word' id='word_1_124' title='bbox 1677 1678 1862 1744; x_wconf 74' lang='lat' dir='ltr'><strong>Iesus,</strong></span> <span class='ocrx_word' id='word_1_125' title='bbox 1894 1689 1955 1736; x_wconf 90' lang='lat' dir='ltr'><strong>ut</strong></span> 
     </span>
    </p>
   </div>
   <div class='ocr_carea' id='block_1_18' title="bbox 380 1773 1951 1850">
    <p class='ocr_par' dir='ltr' id='par_1_18' title="bbox 380 1773 1951 1850">
     <span class='ocr_line' id='line_1_18' title="bbox 380 1773 1951 1850; baseline -0.005 -14"><span class='ocrx_word' id='word_1_126' title='bbox 380 1781 560 1836; x_wconf 90' lang='lat' dir='ltr'><strong>dicere</strong></span> <span class='ocrx_word' id='word_1_127' title='bbox 587 1777 800 1850; x_wconf 86' lang='lat' dir='ltr'><strong>possint</strong></span> <span class='ocrx_word' id='word_1_128' title='bbox 832 1797 844 1832; x_wconf 95' lang='lat'>:</span> <span class='ocrx_word' id='word_1_129' title='bbox 885 1777 945 1833; x_wconf 90' lang='lat' dir='ltr'><strong>Si</strong></span> <span class='ocrx_word' id='word_1_130' title='bbox 986 1786 1162 1830; x_wconf 87' lang='lat' dir='ltr'><strong>autem</strong></span> <span class='ocrx_word' id='word_1_131' title='bbox 1195 1774 1440 1830; x_wconf 77' lang='lat' dir='ltr'><strong>Christus</strong></span> <span class='ocrx_word' id='word_1_132' title='bbox 1474 1773 1530 1827; x_wconf 84' lang='lat' dir='ltr'><strong>in</strong></span> <span class='ocrx_word' id='word_1_133' title='bbox 1568 1774 1737 1840; x_wconf 86' lang='lat' dir='ltr'><strong>nobis,</strong></span> <span class='ocrx_word' id='word_1_134' title='bbox 1763 1787 1951 1842; x_wconf 83' lang='lat' dir='ltr'><strong>corpus</strong></span> 
     </span>
    </p>
   </div>
   <div class='ocr_carea' id='block_1_19' title="bbox 379 1859 1950 1940">
    <p class='ocr_par' dir='ltr' id='par_1_19' title="bbox 379 1859 1950 1940">
     <span class='ocr_line' id='line_1_19' title="bbox 379 1859 1950 1940; baseline -0.008 -17"><span class='ocrx_word' id='word_1_135' title='bbox 379 1870 588 1940; x_wconf 79' lang='lat' dir='ltr'><strong>quidem</strong></span> <span class='ocrx_word' id='word_1_136' title='bbox 636 1878 902 1921; x_wconf 86' lang='lat' dir='ltr'><strong>mortuum</strong></span> <span class='ocrx_word' id='word_1_137' title='bbox 946 1873 1157 1934; x_wconf 79' lang='lat' dir='ltr'><strong>propter</strong></span> <span class='ocrx_word' id='word_1_138' title='bbox 1187 1870 1477 1933; x_wconf 83' lang='lat' dir='ltr'><strong>peccatum,</strong></span> <span class='ocrx_word' id='word_1_139' title='bbox 1512 1859 1731 1928; x_wconf 72' lang='lat' dir='ltr'><strong>spiritus</strong></span> <span class='ocrx_word' id='word_1_140' title='bbox 1775 1867 1950 1911; x_wconf 87' lang='lat' dir='ltr'><strong>autem</strong></span> 
     </span>
    </p>
   </div>
   <div class='ocr_carea' id='block_1_20' title="bbox 378 1949 1951 2030">
    <p class='ocr_par' dir='ltr' id='par_1_20' title="bbox 378 1949 1951 2030">
     <span class='ocr_line' id='line_1_20' title="bbox 378 1949 1951 2030; baseline -0.008 -15"><span class='ocrx_word' id='word_1_141' title='bbox 378 1963 484 2016; x_wconf 83' lang='lat' dir='ltr'><strong>vita</strong></span> <span class='ocrx_word' id='word_1_142' title='bbox 509 1971 722 2030; x_wconf 83' lang='lat' dir='ltr'><strong>propter</strong></span> <span class='ocrx_word' id='word_1_143' title='bbox 737 1959 1009 2027; x_wconf 79' lang='lat' dir='ltr'><strong>justitiam</strong></span> <span class='ocrx_word' id='word_1_144' title='bbox 1032 1955 1080 1987; x_wconf 69' lang='grc'><strong>³³</strong></span> <span class='ocrx_word' id='word_1_145' title='bbox 1105 1972 1116 2008; x_wconf 91' lang='lat'><strong>:</strong></span> <span class='ocrx_word' id='word_1_146' title='bbox 1145 1952 1217 2008; x_wconf 91' lang='lat' dir='ltr'><strong>ibi</strong></span> <span class='ocrx_word' id='word_1_147' title='bbox 1243 1960 1367 2008; x_wconf 87' lang='lat' dir='ltr'><strong>sunt</strong></span> <span class='ocrx_word' id='word_1_148' title='bbox 1393 1951 1576 2007; x_wconf 84' lang='lat' dir='ltr'><strong>omnia</strong></span> <span class='ocrx_word' id='word_1_149' title='bbox 1601 1949 1765 2007; x_wconf 83' lang='lat' dir='ltr'><strong>simul</strong></span> <span class='ocrx_word' id='word_1_150' title='bbox 1790 1951 1951 2017; x_wconf 89' lang='lat' dir='ltr'><strong>bona,</strong></span> 
     </span>
    </p>
   </div>
   <div class='ocr_carea' id='block_1_21' title="bbox 380 2042 1951 2116">
    <p class='ocr_par' dir='ltr' id='par_1_21' title="bbox 380 2042 1951 2116">
     <span class='ocr_line' id='line_1_21' title="bbox 380 2042 1951 2116; baseline -0.007 -10"><span class='ocrx_word' id='word_1_151' title='bbox 380 2063 432 2106; x_wconf 89' lang='lat' dir='ltr'><strong>et</strong></span> <span class='ocrx_word' id='word_1_152' title='bbox 455 2050 884 2106; x_wconf 89' lang='lat' dir='ltr'><strong>innumerabiles</strong></span> <span class='ocrx_word' id='word_1_153' title='bbox 906 2046 1111 2101; x_wconf 67' lang='lat' dir='ltr'><strong>divitiae</strong></span> <span class='ocrx_word' id='word_1_154' title='bbox 1140 2042 1411 2116; x_wconf 84' lang='lat' dir='ltr'><strong>spiritales</strong></span> <span class='ocrx_word' id='word_1_155' title='bbox 1443 2042 1496 2098; x_wconf 92' lang='lat' dir='ltr'><strong>in</strong></span> <span class='ocrx_word' id='word_1_156' title='bbox 1528 2043 1781 2098; x_wconf 89' lang='lat' dir='ltr'><strong>manibus</strong></span> <span class='ocrx_word' id='word_1_157' title='bbox 1810 2043 1951 2111; x_wconf 85' lang='lat' dir='ltr'><strong>ejus,</strong></span> 
     </span>
    </p>
   </div>
   <div class='ocr_carea' id='block_1_22' title="bbox 380 2135 1955 2212">
    <p class='ocr_par' dir='ltr' id='par_1_22' title="bbox 380 2135 1955 2212">
     <span class='ocr_line' id='line_1_22' title="bbox 380 2135 1955 2212; baseline -0.008 -14"><span class='ocrx_word' id='word_1_158' title='bbox 380 2154 434 2198; x_wconf 87' lang='lat' dir='ltr'><strong>et</strong></span> <span class='ocrx_word' id='word_1_159' title='bbox 467 2159 589 2212; x_wconf 80' lang='lat' dir='ltr'><strong>pax.</strong></span> <span class='ocrx_word' id='word_1_160' title='bbox 622 2141 742 2211; x_wconf 83' lang='lat' dir='ltr'><strong>Ipse</strong></span> <span class='ocrx_word' id='word_1_161' title='bbox 784 2148 860 2195; x_wconf 88' lang='lat' dir='ltr'><strong>est</strong></span> <span class='ocrx_word' id='word_1_162' title='bbox 889 2141 1027 2194; x_wconf 87' lang='lat' dir='ltr'><strong>enim</strong></span> <span class='ocrx_word' id='word_1_163' title='bbox 1075 2151 1181 2207; x_wconf 70' lang='lat' dir='ltr'><strong>pas</strong></span> <span class='ocrx_word' id='word_1_164' title='bbox 1220 2147 1401 2190; x_wconf 83' lang='lat' dir='ltr'><strong>nostra</strong></span> <span class='ocrx_word' id='word_1_165' title='bbox 1438 2136 1526 2205; x_wconf 86' lang='lat' dir='ltr'><strong>qui</strong></span> <span class='ocrx_word' id='word_1_166' title='bbox 1564 2135 1686 2204; x_wconf 81' lang='lat' dir='ltr'><strong>fecit</strong></span> <span class='ocrx_word' id='word_1_167' title='bbox 1733 2141 1955 2203; x_wconf 85' lang='lat' dir='ltr'><strong>utraque</strong></span> 
     </span>
    </p>
   </div>
   <div class='ocr_carea' id='block_1_23' title="bbox 380 2229 1956 2304">
    <p class='ocr_par' dir='ltr' id='par_1_23' title="bbox 380 2229 1956 2304">
     <span class='ocr_line' id='line_1_23' title="bbox 380 2229 1956 2304; baseline -0.005 -13"><span class='ocrx_word' id='word_1_168' title='bbox 380 2253 542 2291; x_wconf 89' lang='lat' dir='ltr'><strong>unum</strong></span> <span class='ocrx_word' id='word_1_169' title='bbox 573 2237 641 2290; x_wconf 81' lang='grc'><strong>³⁵.</strong></span> <span class='ocrx_word' id='word_1_170' title='bbox 681 2235 742 2288; x_wconf 87' lang='lat' dir='ltr'><strong>Et</strong></span> <span class='ocrx_word' id='word_1_171' title='bbox 777 2233 822 2289; x_wconf 91' lang='lat' dir='ltr'><strong>si</strong></span> <span class='ocrx_word' id='word_1_172' title='bbox 853 2234 977 2304; x_wconf 86' lang='lat' dir='ltr'><strong>quis</strong></span> <span class='ocrx_word' id='word_1_173' title='bbox 1005 2231 1185 2286; x_wconf 85' lang='lat' dir='ltr'><strong>videat</strong></span> <span class='ocrx_word' id='word_1_174' title='bbox 1209 2231 1540 2286; x_wconf 83' lang='lat' dir='ltr'><strong>contrariam</strong></span> <span class='ocrx_word' id='word_1_175' title='bbox 1575 2229 1720 2283; x_wconf 85' lang='lat' dir='ltr'><strong>illam</strong></span> <span class='ocrx_word' id='word_1_176' title='bbox 1762 2243 1956 2298; x_wconf 88' lang='lat' dir='ltr'><strong>opera-</strong></span> 
     </span>
    </p>
   </div>
   <div class='ocr_carea' id='block_1_24' title="bbox 381 2318 1954 2395">
    <p class='ocr_par' dir='ltr' id='par_1_24' title="bbox 381 2318 1954 2395">
     <span class='ocr_line' id='line_1_24' title="bbox 381 2318 1954 2395; baseline -0.004 -13"><span class='ocrx_word' id='word_1_177' title='bbox 381 2329 606 2389; x_wconf 83' lang='lat' dir='ltr'><strong>tionem,</strong></span> <span class='ocrx_word' id='word_1_178' title='bbox 651 2331 942 2395; x_wconf 86' lang='lat' dir='ltr'><strong>e0gnoscet</strong></span> <span class='ocrx_word' id='word_1_179' title='bbox 995 2321 1253 2392; x_wconf 86' lang='lat' dir='ltr'><strong>quoniam</strong></span> <span class='ocrx_word' id='word_1_180' title='bbox 1306 2322 1420 2391; x_wconf 90' lang='lat' dir='ltr'><strong>ipse</strong></span> <span class='ocrx_word' id='word_1_181' title='bbox 1468 2329 1552 2375; x_wconf 90' lang='lat' dir='ltr'><strong>est</strong></span> <span class='ocrx_word' id='word_1_182' title='bbox 1602 2318 1654 2374; x_wconf 92' lang='lat' dir='ltr'><strong>in</strong></span> <span class='ocrx_word' id='word_1_183' title='bbox 1699 2319 1954 2375; x_wconf 89' lang='lat' dir='ltr'><strong>omnibus</strong></span> 
     </span>
    </p>
   </div>
   <div class='ocr_carea' id='block_1_25' title="bbox 380 2408 1957 2484">
    <p class='ocr_par' dir='ltr' id='par_1_25' title="bbox 380 2408 1957 2484">
     <span class='ocr_line' id='line_1_25' title="bbox 380 2408 1957 2484; baseline -0.004 -14"><span class='ocrx_word' id='word_1_184' title='bbox 380 2418 597 2472; x_wconf 87' lang='lat' dir='ltr'><strong>vinctus</strong></span> <span class='ocrx_word' id='word_1_185' title='bbox 637 2410 866 2484; x_wconf 79' lang='lat' dir='ltr'><strong>insignis</strong></span> <span class='ocrx_word' id='word_1_186' title='bbox 897 2411 1198 2475; x_wconf 86' lang='lat' dir='ltr'><strong>Barabbas,</strong></span> <span class='ocrx_word' id='word_1_187' title='bbox 1231 2423 1391 2481; x_wconf 88' lang='lat' dir='ltr'><strong>quem</strong></span> <span class='ocrx_word' id='word_1_188' title='bbox 1423 2409 1525 2465; x_wconf 90' lang='lat' dir='ltr'><strong>sibi</strong></span> <span class='ocrx_word' id='word_1_189' title='bbox 1572 2409 1704 2462; x_wconf 90' lang='lat' dir='ltr'><strong>solvi</strong></span> <span class='ocrx_word' id='word_1_190' title='bbox 1743 2408 1957 2464; x_wconf 83' lang='lat' dir='ltr'><strong>deside-</strong></span> 
     </span>
    </p>
   </div>
   <div class='ocr_carea' id='block_1_26' title="bbox 380 2497 1954 2571">
    <p class='ocr_par' dir='ltr' id='par_1_26' title="bbox 380 2497 1954 2571">
     <span class='ocr_line' id='line_1_26' title="bbox 380 2497 1954 2571; baseline -0.006 -10"><span class='ocrx_word' id='word_1_191' title='bbox 380 2516 534 2571; x_wconf 89' lang='lat' dir='ltr'><strong>rant,</strong></span> <span class='ocrx_word' id='word_1_192' title='bbox 585 2519 695 2558; x_wconf 93' lang='lat' dir='ltr'><strong>non</strong></span> <span class='ocrx_word' id='word_1_193' title='bbox 746 2502 924 2557; x_wconf 89' lang='lat' dir='ltr'><strong>solum</strong></span> <span class='ocrx_word' id='word_1_194' title='bbox 973 2513 1102 2556; x_wconf 87' lang='lat' dir='ltr'><strong>tunc</strong></span> <span class='ocrx_word' id='word_1_195' title='bbox 1152 2515 1386 2570; x_wconf 83' lang='lat' dir='ltr'><strong>peccans</strong></span> <span class='ocrx_word' id='word_1_196' title='bbox 1435 2498 1602 2553; x_wconf 90' lang='lat' dir='ltr'><strong>Israel</strong></span> <span class='ocrx_word' id='word_1_197' title='bbox 1656 2497 1954 2555; x_wconf 90' lang='lat' dir='ltr'><strong>secundum</strong></span> 
     </span>
    </p>
   </div>
   <div class='ocr_carea' id='block_1_27' title="bbox 383 2587 1955 2662">
    <p class='ocr_par' dir='ltr' id='par_1_27' title="bbox 383 2587 1955 2662">
     <span class='ocr_line' id='line_1_27' title="bbox 383 2587 1955 2662; baseline -0.004 -12"><span class='ocrx_word' id='word_1_198' title='bbox 383 2610 622 2660; x_wconf 87' lang='lat' dir='ltr'><strong>carnem,</strong></span> <span class='ocrx_word' id='word_1_199' title='bbox 659 2592 750 2649; x_wconf 89' lang='lat' dir='ltr'><strong>sed</strong></span> <span class='ocrx_word' id='word_1_200' title='bbox 787 2602 842 2649; x_wconf 89' lang='lat' dir='ltr'><strong>et</strong></span> <span class='ocrx_word' id='word_1_201' title='bbox 881 2607 1070 2647; x_wconf 91' lang='lat' dir='ltr'><strong>omnes</strong></span> <span class='ocrx_word' id='word_1_202' title='bbox 1115 2592 1208 2662; x_wconf 88' lang='lat' dir='ltr'><strong>qui</strong></span> <span class='ocrx_word' id='word_1_203' title='bbox 1239 2591 1318 2646; x_wconf 89' lang='lat' dir='ltr'><strong>eis</strong></span> <span class='ocrx_word' id='word_1_204' title='bbox 1361 2588 1568 2646; x_wconf 91' lang='lat' dir='ltr'><strong>similes</strong></span> <span class='ocrx_word' id='word_1_205' title='bbox 1609 2599 1758 2654; x_wconf 89' lang='lat' dir='ltr'><strong>sunt,</strong></span> <span class='ocrx_word' id='word_1_206' title='bbox 1790 2587 1871 2644; x_wconf 83' lang='lat' dir='ltr'><strong>vel</strong></span> <span class='ocrx_word' id='word_1_207' title='bbox 1902 2589 1955 2644; x_wconf 93' lang='lat' dir='ltr'><strong>in</strong></span> 
     </span>
    </p>
   </div>
   <div class='ocr_carea' id='block_1_28' title="bbox 382 2680 1952 2756">
    <p class='ocr_par' dir='ltr' id='par_1_28' title="bbox 382 2680 1952 2756">
     <span class='ocr_line' id='line_1_28' title="bbox 382 2680 1952 2756; baseline -0.003 -18"><span class='ocrx_word' id='word_1_208' title='bbox 382 2685 657 2756; x_wconf 84' lang='lat' dir='ltr'><strong>dogmate,</strong></span> <span class='ocrx_word' id='word_1_209' title='bbox 685 2683 768 2738; x_wconf 87' lang='lat' dir='ltr'><strong>vel</strong></span> <span class='ocrx_word' id='word_1_210' title='bbox 802 2684 855 2738; x_wconf 92' lang='lat' dir='ltr'><strong>in</strong></span> <span class='ocrx_word' id='word_1_211' title='bbox 906 2681 1037 2738; x_wconf 89' lang='lat' dir='ltr'><strong>vita.</strong></span> <span class='ocrx_word' id='word_1_212' title='bbox 1075 2682 1400 2751; x_wconf 84' lang='lat' dir='ltr'><strong>Quicunque</strong></span> <span class='ocrx_word' id='word_1_213' title='bbox 1446 2693 1575 2752; x_wconf 86' lang='lat' dir='ltr'><strong>ergo</strong></span> <span class='ocrx_word' id='word_1_214' title='bbox 1625 2681 1769 2735; x_wconf 88' lang='lat' dir='ltr'><strong>mala</strong></span> <span class='ocrx_word' id='word_1_215' title='bbox 1819 2680 1952 2750; x_wconf 84' lang='lat' dir='ltr'><strong>agit,</strong></span> 
     </span>
    </p>
   </div>
   <div class='ocr_carea' id='block_1_29' title="bbox 381 2772 1957 2846">
    <p class='ocr_par' dir='ltr' id='par_1_29' title="bbox 381 2772 1957 2846">
     <span class='ocr_line' id='line_1_29' title="bbox 381 2772 1957 2846; baseline -0.005 -13"><span class='ocrx_word' id='word_1_216' title='bbox 381 2776 597 2833; x_wconf 82' lang='lat' dir='ltr'><strong>solutus</strong></span> <span class='ocrx_word' id='word_1_217' title='bbox 625 2784 707 2832; x_wconf 88' lang='lat' dir='ltr'><strong>est</strong></span> <span class='ocrx_word' id='word_1_218' title='bbox 739 2775 790 2829; x_wconf 93' lang='lat' dir='ltr'><strong>in</strong></span> <span class='ocrx_word' id='word_1_219' title='bbox 828 2787 1058 2845; x_wconf 88' lang='lat' dir='ltr'><strong>corpore</strong></span> <span class='ocrx_word' id='word_1_220' title='bbox 1085 2773 1206 2846; x_wconf 78' lang='lat' dir='ltr'><strong>ejus</strong></span> <span class='ocrx_word' id='word_1_221' title='bbox 1233 2772 1532 2840; x_wconf 86' lang='lat' dir='ltr'><strong>Barabbas,</strong></span> <span class='ocrx_word' id='word_1_222' title='bbox 1564 2772 1818 2830; x_wconf 84' lang='lat' dir='ltr'><strong>Christus</strong></span> <span class='ocrx_word' id='word_1_223' title='bbox 1858 2787 1957 2827; x_wconf 82' lang='lat' dir='ltr'><strong>au-</strong></span> 
     </span>
    </p>
   </div>
   <div class='ocr_carea' id='block_1_30' title="bbox 380 2861 1954 2933">
    <p class='ocr_par' dir='ltr' id='par_1_30' title="bbox 380 2861 1954 2933">
     <span class='ocr_line' id='line_1_30' title="bbox 380 2861 1954 2933; baseline 0.001 -16"><span class='ocrx_word' id='word_1_224' title='bbox 380 2872 492 2919; x_wconf 86' lang='lat' dir='ltr'><strong>tem</strong></span> <span class='ocrx_word' id='word_1_225' title='bbox 538 2865 776 2920; x_wconf 87' lang='lat' dir='ltr'><strong>vinctus.</strong></span> <span class='ocrx_word' id='word_1_226' title='bbox 814 2865 918 2931; x_wconf 93' lang='lat' dir='ltr'><strong>Qui</strong></span> <span class='ocrx_word' id='word_1_227' title='bbox 951 2873 1132 2918; x_wconf 89' lang='lat' dir='ltr'><strong>autem</strong></span> <span class='ocrx_word' id='word_1_228' title='bbox 1164 2864 1306 2918; x_wconf 87' lang='lat' dir='ltr'><strong>bona</strong></span> <span class='ocrx_word' id='word_1_229' title='bbox 1334 2861 1462 2933; x_wconf 82' lang='lat' dir='ltr'><strong>agit,</strong></span> <span class='ocrx_word' id='word_1_230' title='bbox 1500 2863 1751 2919; x_wconf 87' lang='lat' dir='ltr'><strong>Christus</strong></span> <span class='ocrx_word' id='word_1_231' title='bbox 1781 2863 1830 2919; x_wconf 89' lang='lat' dir='ltr'><strong>ei</strong></span> <span class='ocrx_word' id='word_1_232' title='bbox 1861 2877 1954 2919; x_wconf 87' lang='lat' dir='ltr'><strong>so-</strong></span> 
     </span>
    </p>
   </div>
   <div class='ocr_carea' id='block_1_31' title="bbox 381 2949 1448 3014">
    <p class='ocr_par' dir='ltr' id='par_1_31' title="bbox 381 2949 1448 3014">
     <span class='ocr_line' id='line_1_31' title="bbox 381 2949 1448 3014; baseline -0.003 -6"><span class='ocrx_word' id='word_1_233' title='bbox 381 2952 531 3008; x_wconf 89' lang='lat' dir='ltr'><strong>lutus</strong></span> <span class='ocrx_word' id='word_1_234' title='bbox 555 2961 658 3014; x_wconf 88' lang='lat' dir='ltr'><strong>est,</strong></span> <span class='ocrx_word' id='word_1_235' title='bbox 693 2951 970 3007; x_wconf 87' lang='lat' dir='ltr'><strong>Barabbas</strong></span> <span class='ocrx_word' id='word_1_236' title='bbox 1005 2961 1186 3006; x_wconf 89' lang='lat' dir='ltr'><strong>autem</strong></span> <span class='ocrx_word' id='word_1_237' title='bbox 1212 2949 1448 3007; x_wconf 82' lang='lat' dir='ltr'><strong>vinctus.</strong></span> 
     </span>
    </p>
   </div>
   <div class='ocr_carea' id='block_1_32' title="bbox 457 3043 1956 3114">
    <p class='ocr_par' dir='ltr' id='par_1_32' title="bbox 457 3043 1956 3114">
     <span class='ocr_line' id='line_1_32' title="bbox 457 3043 1956 3114; baseline 0 -16"><span class='ocrx_word' id='word_1_238' title='bbox 457 3043 578 3100; x_wconf 72' lang='lat'><strong>122.</strong></span> <span class='ocrx_word' id='word_1_239' title='bbox 608 3043 830 3100; x_wconf 86' lang='lat' dir='ltr'><strong>Sedente</strong></span> <span class='ocrx_word' id='word_1_240' title='bbox 855 3053 1029 3098; x_wconf 86' lang='lat' dir='ltr'><strong>autem</strong></span> <span class='ocrx_word' id='word_1_241' title='bbox 1060 3059 1118 3098; x_wconf 87' lang='lat' dir='ltr'><strong>eo</strong></span> <span class='ocrx_word' id='word_1_242' title='bbox 1140 3059 1234 3114; x_wconf 88' lang='lat' dir='ltr'><strong>pra</strong></span> <span class='ocrx_word' id='word_1_243' title='bbox 1259 3043 1534 3107; x_wconf 85' lang='lat' dir='ltr'><strong>tribunali,</strong></span> <span class='ocrx_word' id='word_1_244' title='bbox 1571 3043 1713 3097; x_wconf 82' lang='lat' dir='ltr'><strong>misit</strong></span> <span class='ocrx_word' id='word_1_245' title='bbox 1741 3043 1810 3098; x_wconf 85' lang='lat' dir='ltr'><strong>ad</strong></span> <span class='ocrx_word' id='word_1_246' title='bbox 1838 3057 1956 3098; x_wconf 89' lang='lat' dir='ltr'><strong>eum</strong></span> 
     </span>
    </p>
   </div>
   <div class='ocr_carea' id='block_1_33' title="bbox 381 3133 1957 3207">
    <p class='ocr_par' dir='ltr' id='par_1_33' title="bbox 381 3133 1957 3207">
     <span class='ocr_line' id='line_1_33' title="bbox 381 3133 1957 3207; baseline -0.003 -14"><span class='ocrx_word' id='word_1_247' title='bbox 381 3153 518 3194; x_wconf 72' lang='lat' dir='ltr'><strong>uxor</strong></span> <span class='ocrx_word' id='word_1_248' title='bbox 541 3139 653 3207; x_wconf 83' lang='lat' dir='ltr'><strong>ejus</strong></span> <span class='ocrx_word' id='word_1_249' title='bbox 679 3137 856 3191; x_wconf 86' lang='lat' dir='ltr'><strong>dicens</strong></span> <span class='ocrx_word' id='word_1_250' title='bbox 890 3155 908 3191; x_wconf 90' lang='lat'><strong><em>:</em></strong></span> <span class='ocrx_word' id='word_1_251' title='bbox 940 3134 1093 3190; x_wconf 82' lang='lat' dir='ltr'><strong>Nihil</strong></span> <span class='ocrx_word' id='word_1_252' title='bbox 1129 3136 1198 3190; x_wconf 85' lang='lat' dir='ltr'><strong>sit</strong></span> <span class='ocrx_word' id='word_1_253' title='bbox 1231 3135 1350 3200; x_wconf 86' lang='lat' dir='ltr'><strong>tibi,</strong></span> <span class='ocrx_word' id='word_1_254' title='bbox 1383 3144 1434 3189; x_wconf 90' lang='lat' dir='ltr'><strong>et</strong></span> <span class='ocrx_word' id='word_1_255' title='bbox 1457 3135 1606 3204; x_wconf 84' lang='lat' dir='ltr'><strong>justo</strong></span> <span class='ocrx_word' id='word_1_256' title='bbox 1637 3136 1741 3190; x_wconf 88' lang='lat' dir='ltr'><strong>illi.</strong></span> <span class='ocrx_word' id='word_1_257' title='bbox 1781 3133 1957 3189; x_wconf 82' lang='lat' dir='ltr'><strong>Multa</strong></span> 
     </span>
    </p>
   </div>
   <div class='ocr_carea' id='block_1_34' title="bbox 382 3223 1957 3293">
    <p class='ocr_par' dir='ltr' id='par_1_34' title="bbox 382 3223 1957 3293">
     <span class='ocr_line' id='line_1_34' title="bbox 382 3223 1957 3293; baseline 0 -15"><span class='ocrx_word' id='word_1_258' title='bbox 382 3225 520 3278; x_wconf 87' lang='lat' dir='ltr'><strong>enim</strong></span> <span class='ocrx_word' id='word_1_259' title='bbox 542 3240 700 3292; x_wconf 87' lang='lat' dir='ltr'><strong>passa</strong></span> <span class='ocrx_word' id='word_1_260' title='bbox 735 3240 851 3278; x_wconf 88' lang='lat' dir='ltr'><strong>sum</strong></span> <span class='ocrx_word' id='word_1_261' title='bbox 894 3224 1048 3277; x_wconf 81' lang='lat' dir='ltr'><strong>hodie</strong></span> <span class='ocrx_word' id='word_1_262' title='bbox 1084 3239 1176 3293; x_wconf 87' lang='lat' dir='ltr'><strong>per</strong></span> <span class='ocrx_word' id='word_1_263' title='bbox 1202 3224 1371 3277; x_wconf 86' lang='lat' dir='ltr'><strong>visum</strong></span> <span class='ocrx_word' id='word_1_264' title='bbox 1399 3233 1612 3292; x_wconf 80' lang='lat' dir='ltr'><strong>prapter</strong></span> <span class='ocrx_word' id='word_1_265' title='bbox 1635 3238 1754 3277; x_wconf 80' lang='lat' dir='ltr'><strong>eum</strong></span> <span class='ocrx_word' id='word_1_266' title='bbox 1791 3223 1859 3279; x_wconf 80' lang='grc'><strong>³⁸.</strong></span> <span class='ocrx_word' id='word_1_267' title='bbox 1891 3223 1957 3278; x_wconf 86' lang='lat' dir='ltr'><strong>Et</strong></span> 
     </span>
    </p>
   </div>
   <div class='ocr_carea' id='block_1_35' title="bbox 380 3302 1957 3387">
    <p class='ocr_par' dir='ltr' id='par_1_35' title="bbox 380 3302 1957 3387">
     <span class='ocr_line' id='line_1_35' title="bbox 380 3302 1957 3387; baseline 0.001 -18"><span class='ocrx_word' id='word_1_268' title='bbox 380 3313 539 3371; x_wconf 82' lang='lat' dir='ltr'><strong>Jesus</strong></span> <span class='ocrx_word' id='word_1_269' title='bbox 568 3315 787 3385; x_wconf 87' lang='lat' dir='ltr'><strong>quidem</strong></span> <span class='ocrx_word' id='word_1_270' title='bbox 823 3331 918 3385; x_wconf 91' lang='lat' dir='ltr'><strong>per</strong></span> <span class='ocrx_word' id='word_1_271' title='bbox 947 3302 1206 3370; x_wconf 85' lang='lat' dir='ltr'><strong>invidiam</strong></span> <span class='ocrx_word' id='word_1_272' title='bbox 1249 3313 1482 3370; x_wconf 87' lang='lat' dir='ltr'><strong>traditus</strong></span> <span class='ocrx_word' id='word_1_273' title='bbox 1509 3324 1648 3384; x_wconf 87' lang='lat' dir='ltr'><strong>erat,</strong></span> <span class='ocrx_word' id='word_1_274' title='bbox 1673 3325 1727 3371; x_wconf 90' lang='lat' dir='ltr'><strong>et</strong></span> <span class='ocrx_word' id='word_1_275' title='bbox 1753 3317 1825 3371; x_wconf 90' lang='lat' dir='ltr'><strong>ita</strong></span> <span class='ocrx_word' id='word_1_276' title='bbox 1860 3329 1957 3387; x_wconf 86' lang='lat' dir='ltr'><strong>per</strong></span> 
     </span>
    </p>
   </div>
   <div class='ocr_carea' id='block_1_36' title="bbox 383 3405 1953 3473">
    <p class='ocr_par' dir='ltr' id='par_1_36' title="bbox 383 3405 1953 3473">
     <span class='ocr_line' id='line_1_36' title="bbox 383 3405 1953 3473; baseline 0.001 -13"><span class='ocrx_word' id='word_1_277' title='bbox 383 3405 642 3460; x_wconf 88' lang='lat' dir='ltr'><strong>invidiam</strong></span> <span class='ocrx_word' id='word_1_278' title='bbox 689 3406 1057 3473; x_wconf 83' lang='lat' dir='ltr'><strong>manifestam,</strong></span> <span class='ocrx_word' id='word_1_279' title='bbox 1096 3415 1156 3461; x_wconf 91' lang='lat' dir='ltr'><strong>ut</strong></span> <span class='ocrx_word' id='word_1_280' title='bbox 1195 3405 1358 3462; x_wconf 89' lang='lat' dir='ltr'><strong>etiam</strong></span> <span class='ocrx_word' id='word_1_281' title='bbox 1408 3409 1617 3464; x_wconf 86' lang='lat' dir='ltr'><strong>Pilatus</strong></span> <span class='ocrx_word' id='word_1_282' title='bbox 1664 3423 1786 3463; x_wconf 89' lang='lat' dir='ltr'><strong>eam</strong></span> <span class='ocrx_word' id='word_1_283' title='bbox 1843 3423 1953 3462; x_wconf 90' lang='lat' dir='ltr'><strong>non</strong></span> 
     </span>
    </p>
   </div>
   <div class='ocr_carea' id='block_1_37' title="bbox 381 3495 1958 3566">
    <p class='ocr_par' dir='ltr' id='par_1_37' title="bbox 381 3495 1958 3566">
     <span class='ocr_line' id='line_1_37' title="bbox 381 3495 1958 3566; baseline -0.001 -16"><span class='ocrx_word' id='word_1_284' title='bbox 381 3496 674 3566; x_wconf 85' lang='lat' dir='ltr'><strong>ignoraret.</strong></span> <span class='ocrx_word' id='word_1_285' title='bbox 711 3495 911 3550; x_wconf 86' lang='lat' dir='ltr'><strong>Volunt</strong></span> <span class='ocrx_word' id='word_1_286' title='bbox 952 3505 1131 3550; x_wconf 89' lang='lat' dir='ltr'><strong>autem</strong></span> <span class='ocrx_word' id='word_1_287' title='bbox 1164 3497 1510 3566; x_wconf 72' lang='lat' dir='ltr'><strong>evangelista:</strong></span> <span class='ocrx_word' id='word_1_288' title='bbox 1539 3512 1645 3550; x_wconf 91' lang='lat' dir='ltr'><strong>non</strong></span> <span class='ocrx_word' id='word_1_289' title='bbox 1679 3497 1958 3564; x_wconf 65' lang='lat' dir='ltr'><strong>prasterire</strong></span> 
     </span>
    </p>
   </div>
   <div class='ocr_carea' id='block_1_38' title="bbox 381 3585 1953 3654">
    <p class='ocr_par' dir='ltr' id='par_1_38' title="bbox 381 3585 1953 3654">
     <span class='ocr_line' id='line_1_38' title="bbox 381 3585 1953 3654; baseline 0 -15"><span class='ocrx_word' id='word_1_290' title='bbox 381 3601 496 3640; x_wconf 90' lang='lat' dir='ltr'><strong>rem</strong></span> <span class='ocrx_word' id='word_1_291' title='bbox 543 3585 739 3640; x_wconf 76' lang='lat' dir='ltr'><strong>divina:</strong></span> <span class='ocrx_word' id='word_1_292' title='bbox 789 3586 1143 3654; x_wconf 66' lang='lat' dir='ltr'><strong>providentia:</strong></span> <span class='ocrx_word' id='word_1_293' title='bbox 1187 3585 1402 3640; x_wconf 92' lang='lat' dir='ltr'><strong>laudem</strong></span> <span class='ocrx_word' id='word_1_294' title='bbox 1438 3585 1528 3641; x_wconf 88' lang='lat' dir='ltr'><strong>Dei</strong></span> <span class='ocrx_word' id='word_1_295' title='bbox 1562 3587 1953 3651; x_wconf 84' lang='lat' dir='ltr'><strong>continentem,</strong></span> 
     </span>
    </p>
   </div>
   <div class='ocr_carea' id='block_1_39' title="bbox 383 3673 1955 3748">
    <p class='ocr_par' dir='ltr' id='par_1_39' title="bbox 383 3673 1955 3748">
     <span class='ocr_line' id='line_1_39' title="bbox 383 3673 1955 3748; baseline -0.002 -16"><span class='ocrx_word' id='word_1_296' title='bbox 383 3681 476 3748; x_wconf 88' lang='lat' dir='ltr'><strong>qui</strong></span> <span class='ocrx_word' id='word_1_297' title='bbox 506 3678 678 3732; x_wconf 89' lang='lat' dir='ltr'><strong>voluit</strong></span> <span class='ocrx_word' id='word_1_298' title='bbox 707 3691 803 3746; x_wconf 89' lang='lat' dir='ltr'><strong>per</strong></span> <span class='ocrx_word' id='word_1_299' title='bbox 827 3677 1004 3731; x_wconf 85' lang='lat' dir='ltr'><strong>visum</strong></span> <span class='ocrx_word' id='word_1_300' title='bbox 1033 3684 1349 3731; x_wconf 85' lang='lat' dir='ltr'><strong>convertere</strong></span> <span class='ocrx_word' id='word_1_301' title='bbox 1387 3673 1542 3732; x_wconf 81' lang='lat' dir='ltr'><strong>Pilati</strong></span> <span class='ocrx_word' id='word_1_302' title='bbox 1591 3689 1840 3741; x_wconf 82' lang='lat' dir='ltr'><strong>uxorem,</strong></span> <span class='ocrx_word' id='word_1_303' title='bbox 1875 3684 1955 3739; x_wconf 90' lang='lat' dir='ltr'><strong>ut,</strong></span> 
     </span>
    </p>
   </div>
   <div class='ocr_carea' id='block_1_40' title="bbox 381 3765 1955 3841">
    <p class='ocr_par' dir='ltr' id='par_1_40' title="bbox 381 3765 1955 3841">
     <span class='ocr_line' id='line_1_40' title="bbox 381 3765 1955 3841; baseline -0.003 -16"><span class='ocrx_word' id='word_1_304' title='bbox 381 3777 646 3841; x_wconf 89' lang='lat' dir='ltr'><strong>quantum</strong></span> <span class='ocrx_word' id='word_1_305' title='bbox 679 3769 744 3822; x_wconf 92' lang='lat' dir='ltr'><strong>ad</strong></span> <span class='ocrx_word' id='word_1_306' title='bbox 793 3782 870 3833; x_wconf 89' lang='lat' dir='ltr'><strong>se,</strong></span> <span class='ocrx_word' id='word_1_307' title='bbox 907 3773 1112 3821; x_wconf 86' lang='lat' dir='ltr'><strong>vetaret</strong></span> <span class='ocrx_word' id='word_1_308' title='bbox 1149 3767 1327 3819; x_wconf 89' lang='lat' dir='ltr'><strong>virum</strong></span> <span class='ocrx_word' id='word_1_309' title='bbox 1359 3780 1519 3821; x_wconf 91' lang='lat' dir='ltr'><strong>suum</strong></span> <span class='ocrx_word' id='word_1_310' title='bbox 1559 3773 1713 3820; x_wconf 88' lang='lat' dir='ltr'><strong>utne</strong></span> <span class='ocrx_word' id='word_1_311' title='bbox 1758 3765 1955 3820; x_wconf 83' lang='lat' dir='ltr'><strong>audeat</strong></span> 
     </span>
    </p>
   </div>
   <div class='ocr_carea' id='block_1_41' title="bbox 382 3852 1956 3928">
    <p class='ocr_par' dir='ltr' id='par_1_41' title="bbox 382 3852 1956 3928">
     <span class='ocr_line' id='line_1_41' title="bbox 382 3852 1956 3928; baseline -0.004 -12"><span class='ocrx_word' id='word_1_312' title='bbox 382 3868 572 3917; x_wconf 89' lang='lat' dir='ltr'><strong>contra</strong></span> <span class='ocrx_word' id='word_1_313' title='bbox 621 3859 808 3914; x_wconf 84' lang='lat' dir='ltr'><strong>Jesum</strong></span> <span class='ocrx_word' id='word_1_314' title='bbox 856 3856 1101 3928; x_wconf 75' lang='lat' dir='ltr'><strong>proferre</strong></span> <span class='ocrx_word' id='word_1_315' title='bbox 1129 3858 1476 3912; x_wconf 87' lang='lat' dir='ltr'><strong>sententiam.</strong></span> <span class='ocrx_word' id='word_1_316' title='bbox 1506 3852 1570 3912; x_wconf 85' lang='lat' dir='ltr'><strong>Et</strong></span> <span class='ocrx_word' id='word_1_317' title='bbox 1600 3856 1778 3912; x_wconf 84' lang='lat' dir='ltr'><strong>visum</strong></span> <span class='ocrx_word' id='word_1_318' title='bbox 1831 3856 1956 3926; x_wconf 88' lang='lat' dir='ltr'><strong>qni-</strong></span> 
     </span>
    </p>
   </div>
   <div class='ocr_carea' id='block_1_42' title="bbox 389 3949 1956 4021">
    <p class='ocr_par' dir='ltr' id='par_1_42' title="bbox 389 3949 1956 4021">
     <span class='ocr_line' id='line_1_42' title="bbox 389 3949 1956 4021; baseline -0.003 -13"><span class='ocrx_word' id='word_1_319' title='bbox 389 3953 514 4008; x_wconf 90' lang='lat' dir='ltr'><strong>dem</strong></span> <span class='ocrx_word' id='word_1_320' title='bbox 562 3969 670 4008; x_wconf 85' lang='lat' dir='ltr'><strong>non</strong></span> <span class='ocrx_word' id='word_1_321' title='bbox 709 3951 961 4021; x_wconf 80' lang='lat' dir='ltr'><strong>exposuit</strong></span> <span class='ocrx_word' id='word_1_322' title='bbox 1008 3949 1312 4013; x_wconf 71' lang='lat' dir='ltr'><strong>Matthazus,</strong></span> <span class='ocrx_word' id='word_1_323' title='bbox 1353 3957 1564 4004; x_wconf 90' lang='lat' dir='ltr'><strong>tantum</strong></span> <span class='ocrx_word' id='word_1_324' title='bbox 1610 3959 1791 4004; x_wconf 87' lang='lat' dir='ltr'><strong>autem</strong></span> <span class='ocrx_word' id='word_1_325' title='bbox 1820 3949 1956 4004; x_wconf 79' lang='lat' dir='ltr'><strong>dixit</strong></span> 
     </span>
    </p>
   </div>
   <div class='ocr_carea' id='block_1_43' title="bbox 381 4037 1957 4112">
    <p class='ocr_par' dir='ltr' id='par_1_43' title="bbox 381 4037 1957 4112">
     <span class='ocr_line' id='line_1_43' title="bbox 381 4037 1957 4112; baseline -0.001 -16"><span class='ocrx_word' id='word_1_326' title='bbox 381 4043 510 4112; x_wconf 84' lang='lat' dir='ltr'><strong>quia</strong></span> <span class='ocrx_word' id='word_1_327' title='bbox 534 4042 702 4096; x_wconf 91' lang='lat' dir='ltr'><strong>multa</strong></span> <span class='ocrx_word' id='word_1_328' title='bbox 725 4055 884 4111; x_wconf 86' lang='lat' dir='ltr'><strong>passa</strong></span> <span class='ocrx_word' id='word_1_329' title='bbox 906 4049 1025 4096; x_wconf 88' lang='lat' dir='ltr'><strong>erat</strong></span> <span class='ocrx_word' id='word_1_330' title='bbox 1057 4053 1152 4111; x_wconf 87' lang='lat' dir='ltr'><strong>per</strong></span> <span class='ocrx_word' id='word_1_331' title='bbox 1182 4040 1359 4094; x_wconf 81' lang='lat' dir='ltr'><strong>visum</strong></span> <span class='ocrx_word' id='word_1_332' title='bbox 1404 4049 1623 4108; x_wconf 88' lang='lat' dir='ltr'><strong>propter</strong></span> <span class='ocrx_word' id='word_1_333' title='bbox 1647 4037 1856 4094; x_wconf 85' lang='lat' dir='ltr'><strong>Jesum.</strong></span> <span class='ocrx_word' id='word_1_334' title='bbox 1889 4037 1957 4094; x_wconf 87' lang='lat' dir='ltr'><strong>Et</strong></span> 
     </span>
    </p>
   </div>
   <div class='ocr_carea' id='block_1_44' title="bbox 383 4131 1951 4203">
    <p class='ocr_par' dir='ltr' id='par_1_44' title="bbox 383 4131 1951 4203">
     <span class='ocr_line' id='line_1_44' title="bbox 383 4131 1951 4203; baseline -0.002 -15"><span class='ocrx_word' id='word_1_335' title='bbox 383 4134 505 4189; x_wconf 88' lang='lat' dir='ltr'><strong>ideo</strong></span> <span class='ocrx_word' id='word_1_336' title='bbox 549 4149 643 4203; x_wconf 90' lang='lat' dir='ltr'><strong>per</strong></span> <span class='ocrx_word' id='word_1_337' title='bbox 688 4133 864 4187; x_wconf 86' lang='lat' dir='ltr'><strong>visum</strong></span> <span class='ocrx_word' id='word_1_338' title='bbox 905 4147 1065 4202; x_wconf 87' lang='lat' dir='ltr'><strong>passa</strong></span> <span class='ocrx_word' id='word_1_339' title='bbox 1109 4141 1192 4186; x_wconf 86' lang='lat' dir='ltr'><strong>est</strong></span> <span class='ocrx_word' id='word_1_340' title='bbox 1239 4143 1307 4186; x_wconf 86' lang='lat' dir='ltr'><strong>ne</strong></span> <span class='ocrx_word' id='word_1_341' title='bbox 1354 4131 1586 4200; x_wconf 82' lang='lat' dir='ltr'><strong>amplius</strong></span> <span class='ocrx_word' id='word_1_342' title='bbox 1630 4139 1951 4199; x_wconf 88' lang='lat' dir='ltr'><strong>pateretur:</strong></span> 
     </span>
    </p>
   </div>
   <div class='ocr_carea' id='block_1_45' title="bbox 382 4222 1942 4291">
    <p class='ocr_par' dir='ltr' id='par_1_45' title="bbox 382 4222 1942 4291">
     <span class='ocr_line' id='line_1_45' title="bbox 382 4222 1942 4291; baseline -0.002 -12"><span class='ocrx_word' id='word_1_343' title='bbox 382 4235 442 4279; x_wconf 90' lang='lat' dir='ltr'><strong>ut</strong></span> <span class='ocrx_word' id='word_1_344' title='bbox 491 4225 704 4278; x_wconf 89' lang='lat' dir='ltr'><strong>beatam</strong></span> <span class='ocrx_word' id='word_1_345' title='bbox 738 4223 910 4278; x_wconf 83' lang='lat' dir='ltr'><strong>fuisse</strong></span> <span class='ocrx_word' id='word_1_346' title='bbox 938 4223 1184 4277; x_wconf 87' lang='lat' dir='ltr'><strong>dicamus</strong></span> <span class='ocrx_word' id='word_1_347' title='bbox 1211 4222 1369 4276; x_wconf 88' lang='lat' dir='ltr'><strong>Pilati</strong></span> <span class='ocrx_word' id='word_1_348' title='bbox 1415 4235 1662 4286; x_wconf 80' lang='lat' dir='ltr'><strong>uxorem,</strong></span> <span class='ocrx_word' id='word_1_349' title='bbox 1697 4235 1819 4291; x_wconf 75' lang='lat' dir='ltr'><strong>qua:</strong></span> <span class='ocrx_word' id='word_1_350' title='bbox 1846 4238 1942 4291; x_wconf 90' lang='lat' dir='ltr'><strong>per</strong></span> 
     </span>
    </p>
   </div>
   <div class='ocr_carea' id='block_1_46' title="bbox 382 4311 1954 4386">
    <p class='ocr_par' dir='ltr' id='par_1_46' title="bbox 382 4311 1954 4386">
     <span class='ocr_line' id='line_1_46' title="bbox 382 4311 1954 4386; baseline -0.001 -17"><span class='ocrx_word' id='word_1_351' title='bbox 382 4315 560 4371; x_wconf 84' lang='lat' dir='ltr'><strong>visum</strong></span> <span class='ocrx_word' id='word_1_352' title='bbox 611 4330 770 4386; x_wconf 85' lang='lat' dir='ltr'><strong>passa</strong></span> <span class='ocrx_word' id='word_1_353' title='bbox 813 4325 898 4370; x_wconf 89' lang='lat' dir='ltr'><strong>est</strong></span> <span class='ocrx_word' id='word_1_354' title='bbox 947 4315 1115 4369; x_wconf 86' lang='lat' dir='ltr'><strong>multa</strong></span> <span class='ocrx_word' id='word_1_355' title='bbox 1161 4323 1380 4384; x_wconf 87' lang='lat' dir='ltr'><strong>propter</strong></span> <span class='ocrx_word' id='word_1_356' title='bbox 1411 4311 1622 4377; x_wconf 85' lang='lat' dir='ltr'><strong>Jcsum,</strong></span> <span class='ocrx_word' id='word_1_357' title='bbox 1660 4321 1714 4367; x_wconf 88' lang='lat' dir='ltr'><strong>et</strong></span> <span class='ocrx_word' id='word_1_358' title='bbox 1748 4311 1954 4383; x_wconf 84' lang='lat' dir='ltr'><strong>recepit</strong></span> 
     </span>
    </p>
   </div>
   <div class='ocr_carea' id='block_1_47' title="bbox 382 4405 1954 4479">
    <p class='ocr_par' dir='ltr' id='par_1_47' title="bbox 382 4405 1954 4479">
     <span class='ocr_line' id='line_1_47' title="bbox 382 4405 1954 4479; baseline -0.001 -17"><span class='ocrx_word' id='word_1_359' title='bbox 382 4423 478 4479; x_wconf 89' lang='lat' dir='ltr'><strong>per</strong></span> <span class='ocrx_word' id='word_1_360' title='bbox 506 4410 682 4463; x_wconf 87' lang='lat' dir='ltr'><strong>visum</strong></span> <span class='ocrx_word' id='word_1_361' title='bbox 715 4409 859 4478; x_wconf 90' lang='lat' dir='ltr'><strong>quod</strong></span> <span class='ocrx_word' id='word_1_362' title='bbox 893 4417 1010 4463; x_wconf 84' lang='lat' dir='ltr'><strong>erat</strong></span> <span class='ocrx_word' id='word_1_363' title='bbox 1039 4422 1287 4477; x_wconf 88' lang='lat' dir='ltr'><strong>passura.</strong></span> <span class='ocrx_word' id='word_1_364' title='bbox 1326 4405 1405 4460; x_wconf 76' lang='lat' dir='ltr'><strong>Ex</strong></span> <span class='ocrx_word' id='word_1_365' title='bbox 1439 4421 1549 4477; x_wconf 90' lang='lat' dir='ltr'><strong>quo</strong></span> <span class='ocrx_word' id='word_1_366' title='bbox 1580 4406 1800 4460; x_wconf 87' lang='lat' dir='ltr'><strong>audebit</strong></span> <span class='ocrx_word' id='word_1_367' title='bbox 1828 4406 1954 4476; x_wconf 85' lang='lat' dir='ltr'><strong>quis</strong></span> 
     </span>
    </p>
   </div>
   <div class='ocr_carea' id='block_1_48' title="bbox 2061 571 3634 642">
    <p class='ocr_par' dir='ltr' id='par_1_48' title="bbox 2061 571 3634 642">
     <span class='ocr_line' id='line_1_48' title="bbox 2061 571 3634 642; baseline 0.001 -16"><span class='ocrx_word' id='word_1_368' title='bbox 2061 573 2238 639; x_wconf 88' lang='lat' dir='ltr'><strong>Pilati,</strong></span> <span class='ocrx_word' id='word_1_369' title='bbox 2272 585 2341 628; x_wconf 90' lang='lat' dir='ltr'><strong>ne</strong></span> <span class='ocrx_word' id='word_1_370' title='bbox 2377 571 2516 627; x_wconf 81' lang='lat' dir='ltr'><strong>forte</strong></span> <span class='ocrx_word' id='word_1_371' title='bbox 2555 572 2870 642; x_wconf 84' lang='lat' dir='ltr'><strong>mysterium</strong></span> <span class='ocrx_word' id='word_1_372' title='bbox 2911 571 2984 626; x_wconf 85' lang='lat' dir='ltr'><strong>sit</strong></span> <span class='ocrx_word' id='word_1_373' title='bbox 3017 572 3132 626; x_wconf 69' lang='lat' dir='ltr'><strong>hate</strong></span> <span class='ocrx_word' id='word_1_374' title='bbox 3162 587 3301 627; x_wconf 80' lang='lat' dir='ltr'><strong>uxor</strong></span> <span class='ocrx_word' id='word_1_375' title='bbox 3333 571 3492 627; x_wconf 83' lang='lat' dir='ltr'><strong>Pilati</strong></span> <span class='ocrx_word' id='word_1_376' title='bbox 3529 571 3634 628; x_wconf 78' lang='lat' dir='ltr'><strong>Ee-</strong></span> 
     </span>
    </p>
   </div>
   <div class='ocr_carea' id='block_1_49' title="bbox 2058 662 3636 734">
    <p class='ocr_par' dir='ltr' id='par_1_49' title="bbox 2058 662 3636 734">
     <span class='ocr_line' id='line_1_49' title="bbox 2058 662 3636 734; baseline 0 -15"><span class='ocrx_word' id='word_1_377' title='bbox 2058 665 2238 720; x_wconf 75' lang='lat' dir='ltr'><strong>clesize</strong></span> <span class='ocrx_word' id='word_1_378' title='bbox 2263 677 2328 719; x_wconf 79' lang='lat' dir='ltr'><strong>ex</strong></span> <span class='ocrx_word' id='word_1_379' title='bbox 2359 663 2630 734; x_wconf 79' lang='lat' dir='ltr'><strong>gentibus,</strong></span> <span class='ocrx_word' id='word_1_380' title='bbox 2659 677 2781 732; x_wconf 69' lang='lat' dir='ltr'><strong>quae</strong></span> <span class='ocrx_word' id='word_1_381' title='bbox 2813 662 3110 732; x_wconf 87' lang='lat' dir='ltr'><strong>aliquando</strong></span> <span class='ocrx_word' id='word_1_382' title='bbox 3152 663 3375 734; x_wconf 87' lang='lat' dir='ltr'><strong>quidem</strong></span> <span class='ocrx_word' id='word_1_383' title='bbox 3406 663 3636 733; x_wconf 77' lang='lat' dir='ltr'><strong>regeba~</strong></span> 
     </span>
    </p>
   </div>
   <div class='ocr_carea' id='block_1_50' title="bbox 2057 753 3635 825">
    <p class='ocr_par' dir='ltr' id='par_1_50' title="bbox 2057 753 3635 825">
     <span class='ocr_line' id='line_1_50' title="bbox 2057 753 3635 825; baseline 0.001 -15"><span class='ocrx_word' id='word_1_384' title='bbox 2057 763 2146 810; x_wconf 91' lang='lat' dir='ltr'><strong>tur</strong></span> <span class='ocrx_word' id='word_1_385' title='bbox 2174 770 2204 810; x_wconf 86' lang='lat' dir='ltr'><strong>a</strong></span> <span class='ocrx_word' id='word_1_386' title='bbox 2233 754 2428 820; x_wconf 91' lang='lat' dir='ltr'><strong>Pilato,</strong></span> <span class='ocrx_word' id='word_1_387' title='bbox 2461 767 2607 809; x_wconf 90' lang='lat' dir='ltr'><strong>nunc</strong></span> <span class='ocrx_word' id='word_1_388' title='bbox 2637 763 2818 810; x_wconf 84' lang='lat' dir='ltr'><strong>autem</strong></span> <span class='ocrx_word' id='word_1_389' title='bbox 2857 754 2972 822; x_wconf 84' lang='lat' dir='ltr'><strong>jam</strong></span> <span class='ocrx_word' id='word_1_390' title='bbox 3004 769 3114 810; x_wconf 89' lang='lat' dir='ltr'><strong>non</strong></span> <span class='ocrx_word' id='word_1_391' title='bbox 3151 763 3234 810; x_wconf 81' lang='lat' dir='ltr'><strong>est</strong></span> <span class='ocrx_word' id='word_1_392' title='bbox 3273 753 3378 810; x_wconf 90' lang='lat' dir='ltr'><strong>sub</strong></span> <span class='ocrx_word' id='word_1_393' title='bbox 3408 767 3478 810; x_wconf 85' lang='lat' dir='ltr'><strong>eo</strong></span> <span class='ocrx_word' id='word_1_394' title='bbox 3506 769 3635 825; x_wconf 85' lang='lat' dir='ltr'><strong>pro-</strong></span> 
     </span>
    </p>
   </div>
   <div class='ocr_carea' id='block_1_51' title="bbox 2059 845 2905 915">
    <p class='ocr_par' dir='ltr' id='par_1_51' title="bbox 2059 845 2905 915">
     <span class='ocr_line' id='line_1_51' title="bbox 2059 845 2905 915; baseline -0.001 -16"><span class='ocrx_word' id='word_1_395' title='bbox 2059 856 2178 915; x_wconf 85' lang='lat' dir='ltr'><strong>pter</strong></span> <span class='ocrx_word' id='word_1_396' title='bbox 2209 847 2363 900; x_wconf 85' lang='lat' dir='ltr'><strong>[ldetn</strong></span> <span class='ocrx_word' id='word_1_397' title='bbox 2393 860 2546 900; x_wconf 88' lang='lat' dir='ltr'><strong>suam</strong></span> <span class='ocrx_word' id='word_1_398' title='bbox 2577 847 2630 900; x_wconf 85' lang='lat' dir='ltr'><strong>in</strong></span> <span class='ocrx_word' id='word_1_399' title='bbox 2665 845 2905 900; x_wconf 87' lang='lat' dir='ltr'><strong>Christo.</strong></span> 
     </span>
    </p>
   </div>
   <div class='ocr_carea' id='block_1_52' title="bbox 2133 936 3632 1007">
    <p class='ocr_par' dir='ltr' id='par_1_52' title="bbox 2133 936 3632 1007">
     <span class='ocr_line' id='line_1_52' title="bbox 2133 936 3632 1007; baseline -0.002 -16"><span class='ocrx_word' id='word_1_400' title='bbox 2133 939 2253 991; x_wconf 70' lang='grc' dir='ltr'><strong>ηδ.</strong></span> <span class='ocrx_word' id='word_1_401' title='bbox 2293 937 2561 1006; x_wconf 82' lang='lat' dir='ltr'><strong>Principes</strong></span> <span class='ocrx_word' id='word_1_402' title='bbox 2587 946 2762 992; x_wconf 88' lang='lat' dir='ltr'><strong>autem</strong></span> <span class='ocrx_word' id='word_1_403' title='bbox 2797 938 3131 992; x_wconf 83' lang='lat' dir='ltr'><strong>sacerdotum</strong></span> <span class='ocrx_word' id='word_1_404' title='bbox 3165 945 3216 991; x_wconf 88' lang='lat' dir='ltr'><strong>et</strong></span> <span class='ocrx_word' id='word_1_405' title='bbox 3238 936 3468 991; x_wconf 73' lang='lat' dir='ltr'><strong>seniores</strong></span> <span class='ocrx_word' id='word_1_406' title='bbox 3508 952 3632 1007; x_wconf 79' lang='lat' dir='ltr'><strong>per-</strong></span> 
     </span>
    </p>
   </div>
   <div class='ocr_carea' id='block_1_53' title="bbox 2058 1025 3632 1098">
    <p class='ocr_par' dir='ltr' id='par_1_53' title="bbox 2058 1025 3632 1098">
     <span class='ocr_line' id='line_1_53' title="bbox 2058 1025 3632 1098; baseline -0.001 -16"><span class='ocrx_word' id='word_1_407' title='bbox 2058 1038 2336 1082; x_wconf 86' lang='lat' dir='ltr'><strong>suaserunt</strong></span> <span class='ocrx_word' id='word_1_408' title='bbox 2368 1029 2560 1098; x_wconf 85' lang='lat' dir='ltr'><strong>popula</strong></span> <span class='ocrx_word' id='word_1_409' title='bbox 2599 1037 2657 1081; x_wconf 92' lang='lat' dir='ltr'><strong>ut</strong></span> <span class='ocrx_word' id='word_1_410' title='bbox 2690 1037 2919 1098; x_wconf 85' lang='lat' dir='ltr'><strong>peterent</strong></span> <span class='ocrx_word' id='word_1_411' title='bbox 2945 1028 3266 1093; x_wconf 87' lang='lat' dir='ltr'><strong>Barabbam,</strong></span> <span class='ocrx_word' id='word_1_412' title='bbox 3300 1025 3485 1082; x_wconf 71' lang='lat' dir='ltr'><strong>Iesum</strong></span> <span class='ocrx_word' id='word_1_413' title='bbox 3513 1043 3632 1083; x_wconf 73' lang='lat' dir='ltr'><strong>vero</strong></span> 
     </span>
    </p>
   </div>
   <div class='ocr_carea' id='block_1_54' title="bbox 2057 1121 3632 1193">
    <p class='ocr_par' dir='ltr' id='par_1_54' title="bbox 2057 1121 3632 1193">
     <span class='ocr_line' id='line_1_54' title="bbox 2057 1121 3632 1193; baseline -0.001 -16"><span class='ocrx_word' id='word_1_414' title='bbox 2057 1124 2349 1192; x_wconf 86' lang='lat' dir='ltr'><strong>perderent.</strong></span> <span class='ocrx_word' id='word_1_415' title='bbox 2403 1122 2731 1193; x_wconf 81' lang='lat' dir='ltr'><strong>Respondens</strong></span> <span class='ocrx_word' id='word_1_416' title='bbox 2789 1132 2965 1176; x_wconf 85' lang='lat' dir='ltr'><strong>autent</strong></span> <span class='ocrx_word' id='word_1_417' title='bbox 3013 1139 3206 1193; x_wconf 75' lang='lat' dir='ltr'><strong>prwses</strong></span> <span class='ocrx_word' id='word_1_418' title='bbox 3251 1122 3391 1176; x_wconf 74' lang='lat' dir='ltr'><strong>dixit</strong></span> <span class='ocrx_word' id='word_1_419' title='bbox 3440 1121 3552 1175; x_wconf 86' lang='lat' dir='ltr'><strong>illis</strong></span> <span class='ocrx_word' id='word_1_420' title='bbox 3609 1136 3632 1176; x_wconf 89' lang='lat'><strong><em>:</em></strong></span> 
     </span>
    </p>
   </div>
   <div class='ocr_carea' id='block_1_55' title="bbox 2059 1212 3632 1279">
    <p class='ocr_par' dir='ltr' id='par_1_55' title="bbox 2059 1212 3632 1279">
     <span class='ocr_line' id='line_1_55' title="bbox 2059 1212 3632 1279; baseline 0 -11"><span class='ocrx_word' id='word_1_421' title='bbox 2059 1217 2221 1279; x_wconf 90' lang='lat' dir='ltr'><strong>Quem</strong></span> <span class='ocrx_word' id='word_1_422' title='bbox 2250 1214 2405 1268; x_wconf 80' lang='lat' dir='ltr'><strong>vultis</strong></span> <span class='ocrx_word' id='word_1_423' title='bbox 2437 1217 2500 1268; x_wconf 83' lang='lat' dir='ltr'><strong>de</strong></span> <span class='ocrx_word' id='word_1_424' title='bbox 2522 1214 2724 1268; x_wconf 85' lang='lat' dir='ltr'><strong>duobus</strong></span> <span class='ocrx_word' id='word_1_425' title='bbox 2753 1215 3020 1269; x_wconf 85' lang='lat' dir='ltr'><strong>dimittam</strong></span> <span class='ocrx_word' id='word_1_426' title='bbox 3051 1214 3196 1268; x_wconf 80' lang='lat' dir='ltr'><strong>vobis</strong></span> <span class='ocrx_word' id='word_1_427' title='bbox 3218 1215 3244 1268; x_wconf 70' lang='lat'><strong>.9</strong></span> <span class='ocrx_word' id='word_1_428' title='bbox 3265 1213 3336 1266; x_wconf 86' lang='lat' dir='ltr'><strong>At</strong></span> <span class='ocrx_word' id='word_1_429' title='bbox 3367 1213 3447 1266; x_wconf 87' lang='lat' dir='ltr'><strong>illi</strong></span> <span class='ocrx_word' id='word_1_430' title='bbox 3477 1212 3632 1268; x_wconf 59' lang='lat' dir='ltr'><strong>diuo</strong></span> 
     </span>
    </p>
   </div>
   <div class='ocr_carea' id='block_1_56' title="bbox 2058 1304 3634 1375">
    <p class='ocr_par' dir='ltr' id='par_1_56' title="bbox 2058 1304 3634 1375">
     <span class='ocr_line' id='line_1_56' title="bbox 2058 1304 3634 1375; baseline 0 -15"><span class='ocrx_word' id='word_1_431' title='bbox 2058 1316 2178 1360; x_wconf 89' lang='lat' dir='ltr'><strong>runt</strong></span> <span class='ocrx_word' id='word_1_432' title='bbox 2205 1319 2221 1358; x_wconf 90' lang='lat'><em>:</em></span> <span class='ocrx_word' id='word_1_433' title='bbox 2252 1305 2550 1360; x_wconf 86' lang='lat' dir='ltr'><strong>Barabbam</strong></span> <span class='ocrx_word' id='word_1_434' title='bbox 2580 1306 2646 1361; x_wconf 82' lang='grc'><strong>⁸³.</strong></span> <span class='ocrx_word' id='word_1_435' title='bbox 2680 1305 2743 1359; x_wconf 82' lang='lat' dir='ltr'><strong>Et</strong></span> <span class='ocrx_word' id='word_1_436' title='bbox 2784 1315 2868 1360; x_wconf 80' lang='lat' dir='ltr'><strong>est</strong></span> <span class='ocrx_word' id='word_1_437' title='bbox 2893 1304 3078 1360; x_wconf 85' lang='lat' dir='ltr'><strong>videre</strong></span> <span class='ocrx_word' id='word_1_438' title='bbox 3112 1319 3286 1375; x_wconf 90' lang='lat' dir='ltr'><strong>usque</strong></span> <span class='ocrx_word' id='word_1_439' title='bbox 3319 1317 3466 1370; x_wconf 78' lang='lat' dir='ltr'><strong>nunc</strong></span> <span class='ocrx_word' id='word_1_440' title='bbox 3495 1319 3634 1374; x_wconf 61' lang='lat' dir='ltr'><strong>quo.</strong></span> 
     </span>
    </p>
   </div>
   <div class='ocr_carea' id='block_1_57' title="bbox 2057 1393 3635 1468">
    <p class='ocr_par' dir='ltr' id='par_1_57' title="bbox 2057 1393 3635 1468">
     <span class='ocr_line' id='line_1_57' title="bbox 2057 1393 3635 1468; baseline -0.001 -16"><span class='ocrx_word' id='word_1_441' title='bbox 2057 1399 2219 1452; x_wconf 91' lang='lat' dir='ltr'><strong>modo</strong></span> <span class='ocrx_word' id='word_1_442' title='bbox 2245 1398 2480 1468; x_wconf 89' lang='lat' dir='ltr'><strong>populus</strong></span> <span class='ocrx_word' id='word_1_443' title='bbox 2511 1396 2822 1451; x_wconf 69' lang='lat' dir='ltr'><strong>Judteornm</strong></span> <span class='ocrx_word' id='word_1_444' title='bbox 2857 1411 2887 1450; x_wconf 88' lang='lat' dir='ltr'><strong>a</strong></span> <span class='ocrx_word' id='word_1_445' title='bbox 2923 1395 3235 1451; x_wconf 86' lang='lat' dir='ltr'><strong>senioribus</strong></span> <span class='ocrx_word' id='word_1_446' title='bbox 3283 1395 3401 1450; x_wconf 86' lang='lat' dir='ltr'><strong>suis</strong></span> <span class='ocrx_word' id='word_1_447' title='bbox 3438 1403 3494 1450; x_wconf 91' lang='lat' dir='ltr'><strong>et</strong></span> <span class='ocrx_word' id='word_1_448' title='bbox 3535 1393 3635 1450; x_wconf 80' lang='lat' dir='ltr'><strong>Ju-</strong></span> 
     </span>
    </p>
   </div>
   <div class='ocr_carea' id='block_1_58' title="bbox 2057 1485 3637 1546">
    <p class='ocr_par' dir='ltr' id='par_1_58' title="bbox 2057 1485 3637 1546">
     <span class='ocr_line' id='line_1_58' title="bbox 2057 1485 3637 1546; baseline -0.003 -2"><span class='ocrx_word' id='word_1_449' title='bbox 2057 1491 2225 1546; x_wconf 79' lang='lat' dir='ltr'><strong>daicae</strong></span> <span class='ocrx_word' id='word_1_450' title='bbox 2259 1492 2486 1544; x_wconf 67' lang='lat' dir='ltr'><strong>cultura:</strong></span> <span class='ocrx_word' id='word_1_451' title='bbox 2520 1485 2837 1544; x_wconf 89' lang='lat' dir='ltr'><strong>doctoribus</strong></span> <span class='ocrx_word' id='word_1_452' title='bbox 2864 1486 3126 1542; x_wconf 83' lang='lat' dir='ltr'><strong>suadetur</strong></span> <span class='ocrx_word' id='word_1_453' title='bbox 3158 1493 3215 1542; x_wconf 91' lang='lat' dir='ltr'><strong>et</strong></span> <span class='ocrx_word' id='word_1_454' title='bbox 3241 1488 3511 1543; x_wconf 84' lang='lat' dir='ltr'><strong>excitatur</strong></span> <span class='ocrx_word' id='word_1_455' title='bbox 3538 1486 3637 1540; x_wconf 77' lang='lat' dir='ltr'><strong>ad—</strong></span> 
     </span>
    </p>
   </div>
   <div class='ocr_carea' id='block_1_59' title="bbox 2057 1579 3638 1650">
    <p class='ocr_par' dir='ltr' id='par_1_59' title="bbox 2057 1579 3638 1650">
     <span class='ocr_line' id='line_1_59' title="bbox 2057 1579 3638 1650; baseline 0 -16"><span class='ocrx_word' id='word_1_456' title='bbox 2057 1597 2247 1636; x_wconf 87' lang='lat' dir='ltr'><strong>versus</strong></span> <span class='ocrx_word' id='word_1_457' title='bbox 2293 1581 2477 1636; x_wconf 73' lang='lat' dir='ltr'><strong>Iesum</strong></span> <span class='ocrx_word' id='word_1_458' title='bbox 2533 1590 2593 1635; x_wconf 91' lang='lat' dir='ltr'><strong>ut</strong></span> <span class='ocrx_word' id='word_1_459' title='bbox 2637 1581 2862 1650; x_wconf 88' lang='lat' dir='ltr'><strong>perdant</strong></span> <span class='ocrx_word' id='word_1_460' title='bbox 2895 1594 3042 1647; x_wconf 89' lang='lat' dir='ltr'><strong>eum,</strong></span> <span class='ocrx_word' id='word_1_461' title='bbox 3077 1589 3342 1650; x_wconf 85' lang='lat' dir='ltr'><strong>quantum</strong></span> <span class='ocrx_word' id='word_1_462' title='bbox 3367 1579 3436 1635; x_wconf 87' lang='lat' dir='ltr'><strong>ad</strong></span> <span class='ocrx_word' id='word_1_463' title='bbox 3465 1594 3549 1644; x_wconf 83' lang='lat' dir='ltr'><strong>se,</strong></span> <span class='ocrx_word' id='word_1_464' title='bbox 3579 1585 3638 1636; x_wconf 86' lang='lat' dir='ltr'><strong>et</strong></span> 
     </span>
    </p>
   </div>
   <div class='ocr_carea' id='block_1_60' title="bbox 2059 1669 3637 1726">
    <p class='ocr_par' dir='ltr' id='par_1_60' title="bbox 2059 1669 3637 1726">
     <span class='ocr_line' id='line_1_60' title="bbox 2059 1669 3637 1726; baseline 0 -1"><span class='ocrx_word' id='word_1_465' title='bbox 2059 1671 2294 1725; x_wconf 86' lang='lat' dir='ltr'><strong>habeant</strong></span> <span class='ocrx_word' id='word_1_466' title='bbox 2341 1670 2636 1725; x_wconf 82' lang='lat' dir='ltr'><strong>Barahbsm</strong></span> <span class='ocrx_word' id='word_1_467' title='bbox 2679 1671 2939 1726; x_wconf 92' lang='lat' dir='ltr'><strong>solutum.</strong></span> <span class='ocrx_word' id='word_1_468' title='bbox 2980 1669 3224 1726; x_wconf 89' lang='lat' dir='ltr'><strong>Credunt</strong></span> <span class='ocrx_word' id='word_1_469' title='bbox 3265 1670 3412 1726; x_wconf 82' lang='lat' dir='ltr'><strong>enim</strong></span> <span class='ocrx_word' id='word_1_470' title='bbox 3457 1670 3637 1725; x_wconf 66' lang='lat' dir='ltr'><strong>turba!</strong></span> 
     </span>
    </p>
   </div>
   <div class='ocr_carea' id='block_1_61' title="bbox 2055 1760 3637 1832">
    <p class='ocr_par' dir='ltr' id='par_1_61' title="bbox 2055 1760 3637 1832">
     <span class='ocr_line' id='line_1_61' title="bbox 2055 1760 3637 1832; baseline 0.001 -18"><span class='ocrx_word' id='word_1_471' title='bbox 2055 1761 2395 1832; x_wconf 88' lang='lat' dir='ltr'><strong>principibus</strong></span> <span class='ocrx_word' id='word_1_472' title='bbox 2418 1770 2470 1816; x_wconf 91' lang='lat' dir='ltr'><strong>et</strong></span> <span class='ocrx_word' id='word_1_473' title='bbox 2502 1762 2877 1817; x_wconf 86' lang='lat' dir='ltr'><strong>sacerdotibus</strong></span> <span class='ocrx_word' id='word_1_474' title='bbox 2901 1761 3038 1817; x_wconf 84' lang='lat' dir='ltr'><strong>suis.</strong></span> <span class='ocrx_word' id='word_1_475' title='bbox 3068 1760 3397 1832; x_wconf 87' lang='lat' dir='ltr'><strong>Plerumque</strong></span> <span class='ocrx_word' id='word_1_476' title='bbox 3418 1770 3472 1817; x_wconf 90' lang='lat' dir='ltr'><strong>et</strong></span> <span class='ocrx_word' id='word_1_477' title='bbox 3497 1776 3637 1832; x_wconf 69' lang='lat' dir='ltr'><strong>pra:-</strong></span> 
     </span>
    </p>
   </div>
   <div class='ocr_carea' id='block_1_62' title="bbox 2056 1853 3633 1922">
    <p class='ocr_par' dir='ltr' id='par_1_62' title="bbox 2056 1853 3633 1922">
     <span class='ocr_line' id='line_1_62' title="bbox 2056 1853 3633 1922; baseline 0.001 -14"><span class='ocrx_word' id='word_1_478' title='bbox 2056 1868 2142 1908; x_wconf 88' lang='lat' dir='ltr'><strong>ses</strong></span> <span class='ocrx_word' id='word_1_479' title='bbox 2165 1853 2383 1922; x_wconf 86' lang='lat' dir='ltr'><strong>quidem</strong></span> <span class='ocrx_word' id='word_1_480' title='bbox 2413 1853 2546 1908; x_wconf 90' lang='lat' dir='ltr'><strong>dicit</strong></span> <span class='ocrx_word' id='word_1_481' title='bbox 2574 1853 2640 1907; x_wconf 90' lang='lat' dir='ltr'><strong>ad</strong></span> <span class='ocrx_word' id='word_1_482' title='bbox 2673 1853 2932 1922; x_wconf 90' lang='lat' dir='ltr'><strong>populum</strong></span> <span class='ocrx_word' id='word_1_483' title='bbox 2967 1872 2980 1908; x_wconf 90' lang='lat'>:</span> <span class='ocrx_word' id='word_1_484' title='bbox 3014 1854 3182 1918; x_wconf 84' lang='lat' dir='ltr'><strong>Quem</strong></span> <span class='ocrx_word' id='word_1_485' title='bbox 3213 1853 3373 1908; x_wconf 78' lang='lat' dir='ltr'><strong>uultis</strong></span> <span class='ocrx_word' id='word_1_486' title='bbox 3401 1869 3468 1910; x_wconf 68' lang='lat' dir='ltr'><strong>ea:</strong></span> <span class='ocrx_word' id='word_1_487' title='bbox 3495 1854 3633 1909; x_wconf 78' lang='lat' dir='ltr'><strong>duo-</strong></span> 
     </span>
    </p>
   </div>
   <div class='ocr_carea' id='block_1_63' title="bbox 2057 1941 3637 2016">
    <p class='ocr_par' dir='ltr' id='par_1_63' title="bbox 2057 1941 3637 2016">
     <span class='ocr_line' id='line_1_63' title="bbox 2057 1941 3637 2016; baseline 0.003 -20"><span class='ocrx_word' id='word_1_488' title='bbox 2057 1945 2150 1998; x_wconf 87' lang='lat' dir='ltr'><strong>bus</strong></span> <span class='ocrx_word' id='word_1_489' title='bbox 2204 1945 2474 1998; x_wconf 87' lang='lat' dir='ltr'><strong>dimittam</strong></span> <span class='ocrx_word' id='word_1_490' title='bbox 2513 1945 2654 1998; x_wconf 77' lang='lat' dir='ltr'><strong>uobis</strong></span> <span class='ocrx_word' id='word_1_491' title='bbox 2704 1945 2786 1998; x_wconf 73' lang='lat' dir='ltr'><strong>&quot;i</strong></span> <span class='ocrx_word' id='word_1_492' title='bbox 2816 1941 3013 2000; x_wconf 73' lang='lat' dir='ltr'><strong>Turba:</strong></span> <span class='ocrx_word' id='word_1_493' title='bbox 3048 1955 3254 2009; x_wconf 88' lang='lat' dir='ltr'><strong>autem,</strong></span> <span class='ocrx_word' id='word_1_494' title='bbox 3305 1946 3463 2016; x_wconf 89' lang='lat' dir='ltr'><strong>quasi</strong></span> <span class='ocrx_word' id='word_1_495' title='bbox 3493 1959 3637 2002; x_wconf 74' lang='lat' dir='ltr'><strong>verae</strong></span> 
     </span>
    </p>
   </div>
   <div class='ocr_carea' id='block_1_64' title="bbox 2056 2037 3632 2108">
    <p class='ocr_par' dir='ltr' id='par_1_64' title="bbox 2056 2037 3632 2108">
     <span class='ocr_line' id='line_1_64' title="bbox 2056 2037 3632 2108; baseline 0.001 -18"><span class='ocrx_word' id='word_1_496' title='bbox 2056 2037 2228 2090; x_wconf 60' lang='lat' dir='ltr'><strong>turbae</strong></span> <span class='ocrx_word' id='word_1_497' title='bbox 2263 2044 2316 2090; x_wconf 90' lang='lat' dir='ltr'><strong>et</strong></span> <span class='ocrx_word' id='word_1_498' title='bbox 2345 2038 2546 2102; x_wconf 71' lang='lat' dir='ltr'><strong>multae,</strong></span> <span class='ocrx_word' id='word_1_499' title='bbox 2576 2049 2699 2106; x_wconf 62' lang='lat' dir='ltr'><strong>quae</strong></span> <span class='ocrx_word' id='word_1_500' title='bbox 2723 2038 3016 2106; x_wconf 87' lang='lat' dir='ltr'><strong>spatiosam</strong></span> <span class='ocrx_word' id='word_1_501' title='bbox 3046 2037 3215 2108; x_wconf 78' lang='lat'><strong>919</strong></span> <span class='ocrx_word' id='word_1_502' title='bbox 3245 2046 3298 2092; x_wconf 90' lang='lat' dir='ltr'><strong>et</strong></span> <span class='ocrx_word' id='word_1_503' title='bbox 3326 2037 3632 2107; x_wconf 80' lang='lat' dir='ltr'><strong>perducen-</strong></span> 
     </span>
    </p>
   </div>
   <div class='ocr_carea' id='block_1_65' title="bbox 2057 2125 3634 2197">
    <p class='ocr_par' dir='ltr' id='par_1_65' title="bbox 2057 2125 3634 2197">
     <span class='ocr_line' id='line_1_65' title="bbox 2057 2125 3634 2197; baseline 0.004 -21"><span class='ocrx_word' id='word_1_504' title='bbox 2057 2133 2164 2179; x_wconf 88' lang='lat' dir='ltr'><strong>tem</strong></span> <span class='ocrx_word' id='word_1_505' title='bbox 2196 2125 2261 2179; x_wconf 89' lang='lat' dir='ltr'><strong>ad</strong></span> <span class='ocrx_word' id='word_1_506' title='bbox 2305 2125 2662 2194; x_wconf 86' lang='lat' dir='ltr'><strong>perditionem</strong></span> <span class='ocrx_word' id='word_1_507' title='bbox 2693 2126 2976 2181; x_wconf 86' lang='lat' dir='ltr'><strong>ambulant</strong></span> <span class='ocrx_word' id='word_1_508' title='bbox 3015 2128 3181 2191; x_wconf 85' lang='lat' dir='ltr'><strong>viam,</strong></span> <span class='ocrx_word' id='word_1_509' title='bbox 3216 2127 3491 2197; x_wconf 86' lang='lat' dir='ltr'><strong>petierunt</strong></span> <span class='ocrx_word' id='word_1_510' title='bbox 3527 2127 3634 2182; x_wconf 84' lang='lat' dir='ltr'><strong>Ba-</strong></span> 
     </span>
    </p>
   </div>
   <div class='ocr_carea' id='block_1_66' title="bbox 2058 2215 3632 2282">
    <p class='ocr_par' dir='ltr' id='par_1_66' title="bbox 2058 2215 3632 2282">
     <span class='ocr_line' id='line_1_66' title="bbox 2058 2215 3632 2282; baseline 0.004 -13"><span class='ocrx_word' id='word_1_511' title='bbox 2058 2215 2280 2270; x_wconf 89' lang='lat' dir='ltr'><strong>rabbam</strong></span> <span class='ocrx_word' id='word_1_512' title='bbox 2331 2217 2488 2282; x_wconf 86' lang='lat' dir='ltr'><strong>solvi,</strong></span> <span class='ocrx_word' id='word_1_513' title='bbox 2526 2217 2769 2272; x_wconf 87' lang='lat' dir='ltr'><strong>volentes</strong></span> <span class='ocrx_word' id='word_1_514' title='bbox 2812 2232 2935 2272; x_wconf 89' lang='lat' dir='ltr'><strong>eum</strong></span> <span class='ocrx_word' id='word_1_515' title='bbox 2976 2218 3081 2272; x_wconf 86' lang='lat' dir='ltr'><strong>sibi</strong></span> <span class='ocrx_word' id='word_1_516' title='bbox 3131 2218 3333 2274; x_wconf 82' lang='lat' dir='ltr'><strong>habere</strong></span> <span class='ocrx_word' id='word_1_517' title='bbox 3367 2218 3632 2275; x_wconf 79' lang='lat' dir='ltr'><strong>solutum.</strong></span> 
     </span>
    </p>
   </div>
   <div class='ocr_carea' id='block_1_67' title="bbox 2127 2307 3634 2382">
    <p class='ocr_par' dir='ltr' id='par_1_67' title="bbox 2127 2307 3634 2382">
     <span class='ocr_line' id='line_1_67' title="bbox 2127 2307 3634 2382; baseline 0.002 -19"><span class='ocrx_word' id='word_1_518' title='bbox 2127 2307 2252 2363; x_wconf 72' lang='grc'><strong>124.</strong></span> <span class='ocrx_word' id='word_1_519' title='bbox 2292 2307 2432 2361; x_wconf 83' lang='lat' dir='ltr'><strong>Dicit</strong></span> <span class='ocrx_word' id='word_1_520' title='bbox 2460 2310 2536 2362; x_wconf 84' lang='lat' dir='ltr'><strong>eis</strong></span> <span class='ocrx_word' id='word_1_521' title='bbox 2566 2307 2782 2362; x_wconf 83' lang='lat' dir='ltr'><strong>Pilatus</strong></span> <span class='ocrx_word' id='word_1_522' title='bbox 2803 2325 2822 2362; x_wconf 85' lang='lat'><strong><em>:</em></strong></span> <span class='ocrx_word' id='word_1_523' title='bbox 2859 2308 3000 2373; x_wconf 83' lang='lat' dir='ltr'><strong>Quid</strong></span> <span class='ocrx_word' id='word_1_524' title='bbox 3033 2323 3154 2382; x_wconf 81' lang='lat' dir='ltr'><strong>ergo</strong></span> <span class='ocrx_word' id='word_1_525' title='bbox 3179 2311 3378 2380; x_wconf 78' lang='lat' dir='ltr'><strong>faciam</strong></span> <span class='ocrx_word' id='word_1_526' title='bbox 3410 2311 3476 2366; x_wconf 76' lang='lat' dir='ltr'><strong>de</strong></span> <span class='ocrx_word' id='word_1_527' title='bbox 3501 2310 3634 2367; x_wconf 80' lang='lat' dir='ltr'><strong>Jssss</strong></span> 
     </span>
    </p>
   </div>
   <div class='ocr_carea' id='block_1_68' title="bbox 2056 2400 3632 2474">
    <p class='ocr_par' dir='ltr' id='par_1_68' title="bbox 2056 2400 3632 2474">
     <span class='ocr_line' id='line_1_68' title="bbox 2056 2400 3632 2474; baseline 0.001 -19"><span class='ocrx_word' id='word_1_528' title='bbox 2056 2403 2147 2472; x_wconf 86' lang='lat' dir='ltr'><strong>qui</strong></span> <span class='ocrx_word' id='word_1_529' title='bbox 2186 2401 2388 2455; x_wconf 86' lang='lat' dir='ltr'><strong>dicitur</strong></span> <span class='ocrx_word' id='word_1_530' title='bbox 2430 2400 2715 2457; x_wconf 75' lang='lat' dir='ltr'><strong>Christus?</strong></span> <span class='ocrx_word' id='word_1_531' title='bbox 2747 2401 2942 2457; x_wconf 85' lang='lat' dir='ltr'><strong>Dicunt</strong></span> <span class='ocrx_word' id='word_1_532' title='bbox 2979 2417 3158 2458; x_wconf 80' lang='lat' dir='ltr'><strong>omnes</strong></span> <span class='ocrx_word' id='word_1_533' title='bbox 3185 2418 3207 2457; x_wconf 87' lang='lat'><strong>.&#39;</strong></span> <span class='ocrx_word' id='word_1_534' title='bbox 3235 2403 3632 2474; x_wconf 73' lang='lat' dir='ltr'><strong>Cruciﬁgatur,</strong></span> 
     </span>
    </p>
   </div>
   <div class='ocr_carea' id='block_1_69' title="bbox 2057 2489 3635 2564">
    <p class='ocr_par' dir='ltr' id='par_1_69' title="bbox 2057 2489 3635 2564">
     <span class='ocr_line' id='line_1_69' title="bbox 2057 2489 3635 2564; baseline 0.001 -16"><span class='ocrx_word' id='word_1_535' title='bbox 2057 2503 2110 2548; x_wconf 88' lang='lat' dir='ltr'><strong>et</strong></span> <span class='ocrx_word' id='word_1_536' title='bbox 2140 2501 2334 2548; x_wconf 74' lang='lat' dir='ltr'><strong>etetera</strong></span> <span class='ocrx_word' id='word_1_537' title='bbox 2372 2493 2438 2544; x_wconf 80' lang='grc' dir='ltr'><strong>³ο.</strong></span> <span class='ocrx_word' id='word_1_538' title='bbox 2485 2491 2681 2548; x_wconf 88' lang='lat' dir='ltr'><strong>Volcns</strong></span> <span class='ocrx_word' id='word_1_539' title='bbox 2717 2489 2800 2548; x_wconf 86' lang='lat' dir='ltr'><strong>eis</strong></span> <span class='ocrx_word' id='word_1_540' title='bbox 2830 2493 3094 2564; x_wconf 87' lang='lat' dir='ltr'><strong>pudorem</strong></span> <span class='ocrx_word' id='word_1_541' title='bbox 3130 2503 3292 2549; x_wconf 66' lang='lat' dir='ltr'><strong>tanta:</strong></span> <span class='ocrx_word' id='word_1_542' title='bbox 3326 2492 3635 2564; x_wconf 86' lang='lat' dir='ltr'><strong>iniquitatis</strong></span> 
     </span>
    </p>
   </div>
   <div class='ocr_carea' id='block_1_70' title="bbox 2059 2577 3634 2655">
    <p class='ocr_par' dir='ltr' id='par_1_70' title="bbox 2059 2577 3634 2655">
     <span class='ocr_line' id='line_1_70' title="bbox 2059 2577 3634 2655; baseline 0.003 -19"><span class='ocrx_word' id='word_1_543' title='bbox 2059 2583 2306 2636; x_wconf 87' lang='lat' dir='ltr'><strong>incutere</strong></span> <span class='ocrx_word' id='word_1_544' title='bbox 2354 2577 2600 2648; x_wconf 83' lang='lat' dir='ltr'><strong>Pilatus,</strong></span> <span class='ocrx_word' id='word_1_545' title='bbox 2653 2582 2787 2638; x_wconf 84' lang='lat' dir='ltr'><strong>dicit</strong></span> <span class='ocrx_word' id='word_1_546' title='bbox 2835 2583 2914 2638; x_wconf 85' lang='lat' dir='ltr'><strong>eis</strong></span> <span class='ocrx_word' id='word_1_547' title='bbox 2944 2602 2957 2637; x_wconf 92' lang='lat'>:</span> <span class='ocrx_word' id='word_1_548' title='bbox 2987 2583 3128 2649; x_wconf 84' lang='lat' dir='ltr'><strong>Quid</strong></span> <span class='ocrx_word' id='word_1_549' title='bbox 3167 2600 3290 2655; x_wconf 87' lang='lat' dir='ltr'><strong>ergo</strong></span> <span class='ocrx_word' id='word_1_550' title='bbox 3322 2584 3521 2652; x_wconf 84' lang='lat' dir='ltr'><strong>faciam</strong></span> <span class='ocrx_word' id='word_1_551' title='bbox 3566 2585 3634 2640; x_wconf 77' lang='lat' dir='ltr'><strong>de</strong></span> 
     </span>
    </p>
   </div>
   <div class='ocr_carea' id='block_1_71' title="bbox 2055 2660 3635 2744">
    <p class='ocr_par' dir='ltr' id='par_1_71' title="bbox 2055 2660 3635 2744">
     <span class='ocr_line' id='line_1_71' title="bbox 2055 2660 3635 2744; baseline 0.004 -16"><span class='ocrx_word' id='word_1_552' title='bbox 2055 2673 2184 2729; x_wconf 74' lang='lat' dir='ltr'><strong>Iesu</strong></span> <span class='ocrx_word' id='word_1_553' title='bbox 2208 2676 2295 2744; x_wconf 86' lang='lat' dir='ltr'><strong>qui</strong></span> <span class='ocrx_word' id='word_1_554' title='bbox 2328 2675 2526 2728; x_wconf 82' lang='lat' dir='ltr'><strong>dicitur</strong></span> <span class='ocrx_word' id='word_1_555' title='bbox 2557 2674 2800 2729; x_wconf 82' lang='lat' dir='ltr'><strong>Christus</strong></span> <span class='ocrx_word' id='word_1_556' title='bbox 2816 2660 2982 2732; x_wconf 55' lang='lat' dir='ltr'><strong>2&quot;Non</strong></span> <span class='ocrx_word' id='word_1_557' title='bbox 3010 2678 3188 2732; x_wconf 84' lang='lat' dir='ltr'><strong>solum</strong></span> <span class='ocrx_word' id='word_1_558' title='bbox 3221 2686 3424 2744; x_wconf 91' lang='lat' dir='ltr'><strong>autem,</strong></span> <span class='ocrx_word' id='word_1_559' title='bbox 3457 2678 3554 2734; x_wconf 85' lang='lat' dir='ltr'><strong>sed</strong></span> <span class='ocrx_word' id='word_1_560' title='bbox 3579 2687 3635 2734; x_wconf 86' lang='lat' dir='ltr'><strong>et</strong></span> 
     </span>
    </p>
   </div>
   <div class='ocr_carea' id='block_1_72' title="bbox 2059 2767 3708 2839">
    <p class='ocr_par' dir='ltr' id='par_1_72' title="bbox 2059 2767 3708 2839">
     <span class='ocr_line' id='line_1_72' title="bbox 2059 2767 3708 2839; baseline 0.002 -18"><span class='ocrx_word' id='word_1_561' title='bbox 2059 2781 2374 2822; x_wconf 89' lang='lat' dir='ltr'><strong>mensuram</strong></span> <span class='ocrx_word' id='word_1_562' title='bbox 2403 2767 2661 2836; x_wconf 80' lang='lat' dir='ltr'><strong>colligere</strong></span> <span class='ocrx_word' id='word_1_563' title='bbox 2704 2767 2894 2823; x_wconf 89' lang='lat' dir='ltr'><strong>volens</strong></span> <span class='ocrx_word' id='word_1_564' title='bbox 2943 2768 3240 2839; x_wconf 82' lang='lat' dir='ltr'><strong>impietatis</strong></span> <span class='ocrx_word' id='word_1_565' title='bbox 3286 2784 3499 2824; x_wconf 89' lang='lat' dir='ltr'><strong>eorum.</strong></span> <span class='ocrx_word' id='word_1_566' title='bbox 3554 2768 3634 2824; x_wconf 88' lang='lat' dir='ltr'><strong>Illi</strong></span> <span class='ocrx_word' id='word_1_567' title='bbox 3689 2782 3708 2792; x_wconf 85' lang='lat'><strong>‘</strong></span> 
     </span>
    </p>
   </div>
   <div class='ocr_carea' id='block_1_73' title="bbox 2059 2856 3633 2927">
    <p class='ocr_par' dir='ltr' id='par_1_73' title="bbox 2059 2856 3633 2927">
     <span class='ocr_line' id='line_1_73' title="bbox 2059 2856 3633 2927; baseline 0.004 -19"><span class='ocrx_word' id='word_1_568' title='bbox 2059 2865 2259 2922; x_wconf 92' lang='lat' dir='ltr'><strong>autem,</strong></span> <span class='ocrx_word' id='word_1_569' title='bbox 2297 2870 2398 2911; x_wconf 89' lang='lat' dir='ltr'><strong>nec</strong></span> <span class='ocrx_word' id='word_1_570' title='bbox 2447 2856 2551 2911; x_wconf 90' lang='lat' dir='ltr'><strong>hoc</strong></span> <span class='ocrx_word' id='word_1_571' title='bbox 2592 2857 2976 2927; x_wconf 80' lang='lat' dir='ltr'><strong>erubescentes</strong></span> <span class='ocrx_word' id='word_1_572' title='bbox 3017 2859 3163 2927; x_wconf 90' lang='lat' dir='ltr'><strong>quod</strong></span> <span class='ocrx_word' id='word_1_573' title='bbox 3210 2858 3418 2915; x_wconf 85' lang='lat' dir='ltr'><strong>Pilatus</strong></span> <span class='ocrx_word' id='word_1_574' title='bbox 3443 2859 3633 2916; x_wconf 85' lang='lat' dir='ltr'><strong>Jesum</strong></span> 
     </span>
    </p>
   </div>
   <div class='ocr_carea' id='block_1_74' title="bbox 2058 2924 3635 3020">
    <p class='ocr_par' dir='ltr' id='par_1_74' title="bbox 2058 2924 3635 3020">
     <span class='ocr_line' id='line_1_74' title="bbox 2058 2924 3635 3020; baseline 0.001 -17"><span class='ocrx_word' id='word_1_575' title='bbox 2058 2948 2339 3003; x_wconf 89' lang='lat' dir='ltr'><strong>Christum</strong></span> <span class='ocrx_word' id='word_1_576' title='bbox 2362 2963 2487 3004; x_wconf 90' lang='lat' dir='ltr'><strong>esse</strong></span> <span class='ocrx_word' id='word_1_577' title='bbox 2519 2924 2903 3012; x_wconf 81' lang='lat' dir='ltr'><strong>conﬁtebatur,</strong></span> <span class='ocrx_word' id='word_1_578' title='bbox 2948 2924 3052 3004; x_wconf 76' lang='lat' dir='ltr'><strong>nec</strong></span> <span class='ocrx_word' id='word_1_579' title='bbox 3085 2950 3308 3004; x_wconf 83' lang='lat' dir='ltr'><strong>modum</strong></span> <span class='ocrx_word' id='word_1_580' title='bbox 3335 2950 3635 3020; x_wconf 83' lang='lat' dir='ltr'><strong>impietatis</strong></span> 
     </span>
    </p>
   </div>
   <div class='ocr_carea' id='block_1_75' title="bbox 2059 3039 3636 3112">
    <p class='ocr_par' dir='ltr' id='par_1_75' title="bbox 2059 3039 3636 3112">
     <span class='ocr_line' id='line_1_75' title="bbox 2059 3039 3636 3112; baseline 0.001 -17"><span class='ocrx_word' id='word_1_581' title='bbox 2059 3049 2360 3104; x_wconf 82' lang='lat' dir='ltr'><strong>servantes,</strong></span> <span class='ocrx_word' id='word_1_582' title='bbox 2387 3040 2646 3096; x_wconf 83' lang='lat' dir='ltr'><strong>dixerunt</strong></span> <span class='ocrx_word' id='word_1_583' title='bbox 2667 3056 2858 3096; x_wconf 86' lang='lat' dir='ltr'><strong>omnes</strong></span> <span class='ocrx_word' id='word_1_584' title='bbox 2878 3059 2903 3095; x_wconf 88' lang='lat'><strong>-:</strong></span> <span class='ocrx_word' id='word_1_585' title='bbox 2931 3039 3312 3112; x_wconf 78' lang='lat' dir='ltr'><strong>Cruciﬁgatur.</strong></span> <span class='ocrx_word' id='word_1_586' title='bbox 3334 3039 3402 3096; x_wconf 89' lang='lat' dir='ltr'><strong>Et</strong></span> <span class='ocrx_word' id='word_1_587' title='bbox 3435 3043 3481 3097; x_wconf 89' lang='lat' dir='ltr'><strong>sl</strong></span> <span class='ocrx_word' id='word_1_588' title='bbox 3509 3043 3636 3111; x_wconf 87' lang='lat' dir='ltr'><strong>qui-</strong></span> 
     </span>
    </p>
   </div>
   <div class='ocr_carea' id='block_1_76' title="bbox 2059 3132 3634 3204">
    <p class='ocr_par' dir='ltr' id='par_1_76' title="bbox 2059 3132 3634 3204">
     <span class='ocr_line' id='line_1_76' title="bbox 2059 3132 3634 3204; baseline 0.003 -18"><span class='ocrx_word' id='word_1_589' title='bbox 2059 3133 2181 3187; x_wconf 86' lang='lat' dir='ltr'><strong>dem</strong></span> <span class='ocrx_word' id='word_1_590' title='bbox 2238 3132 2540 3188; x_wconf 86' lang='lat' dir='ltr'><strong>Barabbam</strong></span> <span class='ocrx_word' id='word_1_591' title='bbox 2592 3135 2858 3204; x_wconf 87' lang='lat' dir='ltr'><strong>petissent</strong></span> <span class='ocrx_word' id='word_1_592' title='bbox 2906 3134 3221 3200; x_wconf 80' lang='lat' dir='ltr'><strong>dimittere,</strong></span> <span class='ocrx_word' id='word_1_593' title='bbox 3282 3150 3392 3189; x_wconf 92' lang='lat' dir='ltr'><strong>non</strong></span> <span class='ocrx_word' id='word_1_594' title='bbox 3449 3144 3634 3191; x_wconf 86' lang='lat' dir='ltr'><strong>autem</strong></span> 
     </span>
    </p>
   </div>
   <div class='ocr_carea' id='block_1_77' title="bbox 2058 3223 3636 3292">
    <p class='ocr_par' dir='ltr' id='par_1_77' title="bbox 2058 3223 3636 3292">
     <span class='ocr_line' id='line_1_77' title="bbox 2058 3223 3636 3292; baseline 0.003 -15"><span class='ocrx_word' id='word_1_595' title='bbox 2058 3229 2285 3277; x_wconf 84' lang='lat' dir='ltr'><strong>econtra</strong></span> <span class='ocrx_word' id='word_1_596' title='bbox 2334 3233 2389 3278; x_wconf 86' lang='lat' dir='ltr'><strong>et</strong></span> <span class='ocrx_word' id='word_1_597' title='bbox 2437 3223 2720 3277; x_wconf 88' lang='lat' dir='ltr'><strong>Christum</strong></span> <span class='ocrx_word' id='word_1_598' title='bbox 2767 3223 3138 3292; x_wconf 72' lang='lat' dir='ltr'><strong>postulaSsent</strong></span> <span class='ocrx_word' id='word_1_599' title='bbox 3163 3223 3233 3278; x_wconf 83' lang='lat' dir='ltr'><strong>ad</strong></span> <span class='ocrx_word' id='word_1_600' title='bbox 3260 3238 3505 3290; x_wconf 88' lang='lat' dir='ltr'><strong>crucem,</strong></span> <span class='ocrx_word' id='word_1_601' title='bbox 3546 3233 3636 3282; x_wconf 66' lang='lat' dir='ltr'><strong>uta</strong></span> 
     </span>
    </p>
   </div>
   <div class='ocr_carea' id='block_1_78' title="bbox 2059 3312 3636 3386">
    <p class='ocr_par' dir='ltr' id='par_1_78' title="bbox 2059 3312 3636 3386">
     <span class='ocr_line' id='line_1_78' title="bbox 2059 3312 3636 3386; baseline 0.002 -16"><span class='ocrx_word' id='word_1_602' title='bbox 2059 3323 2213 3385; x_wconf 87' lang='lat' dir='ltr'><strong>puta,</strong></span> <span class='ocrx_word' id='word_1_603' title='bbox 2258 3312 2564 3369; x_wconf 88' lang='lat' dir='ltr'><strong>Barabbam</strong></span> <span class='ocrx_word' id='word_1_604' title='bbox 2615 3313 2837 3385; x_wconf 89' lang='lat' dir='ltr'><strong>quidem</strong></span> <span class='ocrx_word' id='word_1_605' title='bbox 2877 3315 3162 3386; x_wconf 84' lang='lat' dir='ltr'><strong>petiissent</strong></span> <span class='ocrx_word' id='word_1_606' title='bbox 3201 3315 3433 3381; x_wconf 82' lang='lat' dir='ltr'><strong>absolvi,</strong></span> <span class='ocrx_word' id='word_1_607' title='bbox 3485 3316 3636 3373; x_wconf 86' lang='lat' dir='ltr'><strong>hunc</strong></span> 
     </span>
    </p>
   </div>
   <div class='ocr_carea' id='block_1_79' title="bbox 2060 3405 3634 3480">
    <p class='ocr_par' dir='ltr' id='par_1_79' title="bbox 2060 3405 3634 3480">
     <span class='ocr_line' id='line_1_79' title="bbox 2060 3405 3634 3480; baseline 0.001 -20"><span class='ocrx_word' id='word_1_608' title='bbox 2060 3416 2242 3462; x_wconf 80' lang='lat' dir='ltr'><strong>autem</strong></span> <span class='ocrx_word' id='word_1_609' title='bbox 2278 3421 2383 3462; x_wconf 87' lang='lat' dir='ltr'><strong>non</strong></span> <span class='ocrx_word' id='word_1_610' title='bbox 2404 3408 2691 3480; x_wconf 85' lang='lat' dir='ltr'><strong>petiissent</strong></span> <span class='ocrx_word' id='word_1_611' title='bbox 2717 3405 2983 3478; x_wconf 74' lang='lat' dir='ltr'><strong>cruciﬁgi,</strong></span> <span class='ocrx_word' id='word_1_612' title='bbox 3015 3406 3111 3462; x_wconf 89' lang='lat' dir='ltr'><strong>sed</strong></span> <span class='ocrx_word' id='word_1_613' title='bbox 3143 3406 3201 3461; x_wconf 88' lang='lat' dir='ltr'><strong>in</strong></span> <span class='ocrx_word' id='word_1_614' title='bbox 3239 3415 3508 3476; x_wconf 79' lang='lat' dir='ltr'><strong>potestate</strong></span> <span class='ocrx_word' id='word_1_615' title='bbox 3549 3408 3634 3464; x_wconf 82' lang='lat' dir='ltr'><strong>di-</strong></span> 
     </span>
    </p>
   </div>
   <div class='ocr_carea' id='block_1_80' title="bbox 2062 3489 3634 3566">
    <p class='ocr_par' dir='ltr' id='par_1_80' title="bbox 2062 3489 3634 3566">
     <span class='ocr_line' id='line_1_80' title="bbox 2062 3489 3634 3566; baseline 0.004 -16"><span class='ocrx_word' id='word_1_616' title='bbox 2062 3498 2344 3552; x_wconf 87' lang='lat' dir='ltr'><strong>misissent</strong></span> <span class='ocrx_word' id='word_1_617' title='bbox 2374 3489 2533 3550; x_wconf 83' lang='lat' dir='ltr'><strong>Pilati</strong></span> <span class='ocrx_word' id='word_1_618' title='bbox 2566 3501 2625 3550; x_wconf 89' lang='lat' dir='ltr'><strong>ut</strong></span> <span class='ocrx_word' id='word_1_619' title='bbox 2651 3496 2851 3552; x_wconf 83' lang='lat' dir='ltr'><strong>faceret</strong></span> <span class='ocrx_word' id='word_1_620' title='bbox 2879 3498 2946 3551; x_wconf 86' lang='lat' dir='ltr'><strong>de</strong></span> <span class='ocrx_word' id='word_1_621' title='bbox 2967 3513 3035 3552; x_wconf 85' lang='lat' dir='ltr'><strong>eo</strong></span> <span class='ocrx_word' id='word_1_622' title='bbox 3065 3498 3210 3566; x_wconf 89' lang='lat' dir='ltr'><strong>quod</strong></span> <span class='ocrx_word' id='word_1_623' title='bbox 3240 3499 3424 3566; x_wconf 84' lang='lat' dir='ltr'><strong>vellet,</strong></span> <span class='ocrx_word' id='word_1_624' title='bbox 3451 3499 3634 3556; x_wconf 83' lang='lat' dir='ltr'><strong>adhuc</strong></span> 
     </span>
    </p>
   </div>
   <div class='ocr_carea' id='block_1_81' title="bbox 2063 3583 3632 3653">
    <p class='ocr_par' dir='ltr' id='par_1_81' title="bbox 2063 3583 3632 3653">
     <span class='ocr_line' id='line_1_81' title="bbox 2063 3583 3632 3653; baseline 0.003 -17"><span class='ocrx_word' id='word_1_625' title='bbox 2063 3598 2275 3652; x_wconf 63' lang='lat' dir='ltr'><strong>magna:</strong></span> <span class='ocrx_word' id='word_1_626' title='bbox 2306 3593 2450 3637; x_wconf 84' lang='lat' dir='ltr'><strong>esset</strong></span> <span class='ocrx_word' id='word_1_627' title='bbox 2489 3583 2783 3652; x_wconf 83' lang='lat' dir='ltr'><strong>impietatis</strong></span> <span class='ocrx_word' id='word_1_628' title='bbox 2808 3583 2976 3651; x_wconf 88' lang='lat' dir='ltr'><strong>quod,</strong></span> <span class='ocrx_word' id='word_1_629' title='bbox 3013 3583 3203 3637; x_wconf 87' lang='lat' dir='ltr'><strong>relicto</strong></span> <span class='ocrx_word' id='word_1_630' title='bbox 3225 3583 3380 3653; x_wconf 85' lang='lat' dir='ltr'><strong>justo</strong></span> <span class='ocrx_word' id='word_1_631' title='bbox 3400 3623 3415 3649; x_wconf 87' lang='lat'><strong>,</strong></span> <span class='ocrx_word' id='word_1_632' title='bbox 3451 3585 3632 3641; x_wconf 51' lang='lat' dir='ltr'><strong>homi:</strong></span> 
     </span>
    </p>
   </div>
   <div class='ocr_carea' id='block_1_82' title="bbox 2059 3673 3631 3746">
    <p class='ocr_par' dir='ltr' id='par_1_82' title="bbox 2059 3673 3631 3746">
     <span class='ocr_line' id='line_1_82' title="bbox 2059 3673 3631 3746; baseline 0.002 -17"><span class='ocrx_word' id='word_1_633' title='bbox 2059 3675 2236 3729; x_wconf 80' lang='lat' dir='ltr'><strong>cidem</strong></span> <span class='ocrx_word' id='word_1_634' title='bbox 2269 3673 2576 3744; x_wconf 85' lang='lat' dir='ltr'><strong>petiisseut:</strong></span> <span class='ocrx_word' id='word_1_635' title='bbox 2615 3688 2760 3728; x_wconf 89' lang='lat' dir='ltr'><strong>nunc</strong></span> <span class='ocrx_word' id='word_1_636' title='bbox 2791 3682 2973 3728; x_wconf 89' lang='lat' dir='ltr'><strong>autem</strong></span> <span class='ocrx_word' id='word_1_637' title='bbox 3002 3675 3501 3746; x_wconf 85' lang='lat' dir='ltr'><strong>multiplicaverunt</strong></span> <span class='ocrx_word' id='word_1_638' title='bbox 3527 3677 3631 3732; x_wconf 89' lang='lat' dir='ltr'><strong>im-</strong></span> 
     </span>
    </p>
   </div>
   <div class='ocr_carea' id='block_1_83' title="bbox 2060 3765 3632 3838">
    <p class='ocr_par' dir='ltr' id='par_1_83' title="bbox 2060 3765 3632 3838">
     <span class='ocr_line' id='line_1_83' title="bbox 2060 3765 3632 3838; baseline 0.004 -20"><span class='ocrx_word' id='word_1_639' title='bbox 2060 3765 2279 3835; x_wconf 85' lang='lat' dir='ltr'><strong>pietatis</strong></span> <span class='ocrx_word' id='word_1_640' title='bbox 2305 3779 2419 3819; x_wconf 71' lang='lat' dir='ltr'><strong>suae</strong></span> <span class='ocrx_word' id='word_1_641' title='bbox 2445 3779 2784 3833; x_wconf 84' lang='lat' dir='ltr'><strong>mensuram,</strong></span> <span class='ocrx_word' id='word_1_642' title='bbox 2815 3781 2924 3820; x_wconf 88' lang='lat' dir='ltr'><strong>non</strong></span> <span class='ocrx_word' id='word_1_643' title='bbox 2955 3765 3131 3821; x_wconf 85' lang='lat' dir='ltr'><strong>solum</strong></span> <span class='ocrx_word' id='word_1_644' title='bbox 3175 3766 3503 3822; x_wconf 88' lang='lat' dir='ltr'><strong>homicidam</strong></span> <span class='ocrx_word' id='word_1_645' title='bbox 3531 3783 3632 3838; x_wconf 84' lang='lat' dir='ltr'><strong>po-</strong></span> 
     </span>
    </p>
   </div>
   <div class='ocr_carea' id='block_1_84' title="bbox 2061 3856 3628 3926">
    <p class='ocr_par' dir='ltr' id='par_1_84' title="bbox 2061 3856 3628 3926">
     <span class='ocr_line' id='line_1_84' title="bbox 2061 3856 3628 3926; baseline 0.001 -15"><span class='ocrx_word' id='word_1_646' title='bbox 2061 3856 2328 3911; x_wconf 87' lang='lat' dir='ltr'><strong>stulantes</strong></span> <span class='ocrx_word' id='word_1_647' title='bbox 2377 3857 2444 3910; x_wconf 88' lang='lat' dir='ltr'><strong>ad</strong></span> <span class='ocrx_word' id='word_1_648' title='bbox 2503 3856 2703 3921; x_wconf 88' lang='lat' dir='ltr'><strong>vitam,</strong></span> <span class='ocrx_word' id='word_1_649' title='bbox 2749 3856 2843 3911; x_wconf 87' lang='lat' dir='ltr'><strong>sed</strong></span> <span class='ocrx_word' id='word_1_650' title='bbox 2889 3856 3055 3910; x_wconf 90' lang='lat' dir='ltr'><strong>etiam</strong></span> <span class='ocrx_word' id='word_1_651' title='bbox 3099 3857 3311 3926; x_wconf 84' lang='lat' dir='ltr'><strong>justum</strong></span> <span class='ocrx_word' id='word_1_652' title='bbox 3362 3857 3430 3913; x_wconf 89' lang='lat' dir='ltr'><strong>ad</strong></span> <span class='ocrx_word' id='word_1_653' title='bbox 3477 3873 3628 3914; x_wconf 87' lang='lat' dir='ltr'><strong>mor-</strong></span> 
     </span>
    </p>
   </div>
   <div class='ocr_carea' id='block_1_85' title="bbox 2063 3947 3634 4017">
    <p class='ocr_par' dir='ltr' id='par_1_85' title="bbox 2063 3947 3634 4017">
     <span class='ocr_line' id='line_1_85' title="bbox 2063 3947 3634 4017; baseline 0.003 -15"><span class='ocrx_word' id='word_1_654' title='bbox 2063 3957 2168 4002; x_wconf 89' lang='lat' dir='ltr'><strong>tem</strong></span> <span class='ocrx_word' id='word_1_655' title='bbox 2213 3958 2269 4002; x_wconf 89' lang='lat' dir='ltr'><strong>et</strong></span> <span class='ocrx_word' id='word_1_656' title='bbox 2329 3947 2396 4001; x_wconf 91' lang='lat' dir='ltr'><strong>ad</strong></span> <span class='ocrx_word' id='word_1_657' title='bbox 2452 3956 2682 4002; x_wconf 89' lang='lat' dir='ltr'><strong>mortem</strong></span> <span class='ocrx_word' id='word_1_658' title='bbox 2744 3947 3118 4017; x_wconf 88' lang='lat' dir='ltr'><strong>turpissimam</strong></span> <span class='ocrx_word' id='word_1_659' title='bbox 3181 3950 3380 4003; x_wconf 84' lang='lat' dir='ltr'><strong>crucis.</strong></span> <span class='ocrx_word' id='word_1_660' title='bbox 3437 3949 3634 4006; x_wconf 84' lang='lat' dir='ltr'><strong>Adhuc</strong></span> 
     </span>
    </p>
   </div>
   <div class='ocr_carea' id='block_1_86' title="bbox 2059 4038 3633 4110">
    <p class='ocr_par' dir='ltr' id='par_1_86' title="bbox 2059 4038 3633 4110">
     <span class='ocr_line' id='line_1_86' title="bbox 2059 4038 3633 4110; baseline 0.003 -15"><span class='ocrx_word' id='word_1_661' title='bbox 2059 4049 2242 4096; x_wconf 88' lang='lat' dir='ltr'><strong>autem</strong></span> <span class='ocrx_word' id='word_1_662' title='bbox 2297 4055 2622 4110; x_wconf 86' lang='lat' dir='ltr'><strong>permanens</strong></span> <span class='ocrx_word' id='word_1_663' title='bbox 2687 4039 2741 4094; x_wconf 90' lang='lat' dir='ltr'><strong>in</strong></span> <span class='ocrx_word' id='word_1_664' title='bbox 2792 4055 2858 4093; x_wconf 87' lang='lat' dir='ltr'><strong>eo</strong></span> <span class='ocrx_word' id='word_1_665' title='bbox 2904 4040 3024 4108; x_wconf 90' lang='lat' dir='ltr'><strong>ipso</strong></span> <span class='ocrx_word' id='word_1_666' title='bbox 3077 4038 3227 4109; x_wconf 89' lang='lat' dir='ltr'><strong>quod</strong></span> <span class='ocrx_word' id='word_1_667' title='bbox 3291 4039 3633 4099; x_wconf 78' lang='lat' dir='ltr'><strong>confundere</strong></span> 
     </span>
    </p>
   </div>
   <div class='ocr_carea' id='block_1_87' title="bbox 2059 4129 3632 4202">
    <p class='ocr_par' dir='ltr' id='par_1_87' title="bbox 2059 4129 3632 4202">
     <span class='ocr_line' id='line_1_87' title="bbox 2059 4129 3632 4202; baseline -0.001 -15"><span class='ocrx_word' id='word_1_668' title='bbox 2059 4146 2154 4187; x_wconf 87' lang='lat' dir='ltr'><strong>eos</strong></span> <span class='ocrx_word' id='word_1_669' title='bbox 2210 4132 2460 4197; x_wconf 82' lang='lat' dir='ltr'><strong>volebat,</strong></span> <span class='ocrx_word' id='word_1_670' title='bbox 2515 4141 2574 4185; x_wconf 88' lang='lat' dir='ltr'><strong>ut</strong></span> <span class='ocrx_word' id='word_1_671' title='bbox 2627 4131 2710 4184; x_wconf 90' lang='lat' dir='ltr'><strong>vel</strong></span> <span class='ocrx_word' id='word_1_672' title='bbox 2763 4129 2981 4184; x_wconf 80' lang='lat' dir='ltr'><strong>confusi</strong></span> <span class='ocrx_word' id='word_1_673' title='bbox 3037 4131 3106 4185; x_wconf 90' lang='lat' dir='ltr'><strong>ad</strong></span> <span class='ocrx_word' id='word_1_674' title='bbox 3169 4129 3489 4186; x_wconf 86' lang='lat' dir='ltr'><strong>electionem</strong></span> <span class='ocrx_word' id='word_1_675' title='bbox 3541 4132 3632 4202; x_wconf 79' lang='lat' dir='ltr'><strong>ju-</strong></span> 
     </span>
    </p>
   </div>
   <div class='ocr_carea' id='block_1_88' title="bbox 2061 4217 3627 4286">
    <p class='ocr_par' dir='ltr' id='par_1_88' title="bbox 2061 4217 3627 4286">
     <span class='ocr_line' id='line_1_88' title="bbox 2061 4217 3627 4286; baseline 0.003 -13"><span class='ocrx_word' id='word_1_676' title='bbox 2061 4218 2128 4274; x_wconf 91' lang='lat' dir='ltr'><strong>sti</strong></span> <span class='ocrx_word' id='word_1_677' title='bbox 2165 4219 2434 4283; x_wconf 88' lang='lat' dir='ltr'><strong>venirent,</strong></span> <span class='ocrx_word' id='word_1_678' title='bbox 2483 4218 2586 4272; x_wconf 88' lang='lat' dir='ltr'><strong>etsi</strong></span> <span class='ocrx_word' id='word_1_679' title='bbox 2629 4233 2735 4270; x_wconf 92' lang='lat' dir='ltr'><strong>non</strong></span> <span class='ocrx_word' id='word_1_680' title='bbox 2771 4233 2837 4271; x_wconf 77' lang='lat' dir='ltr'><strong>ex</strong></span> <span class='ocrx_word' id='word_1_681' title='bbox 2865 4217 3076 4286; x_wconf 88' lang='lat' dir='ltr'><strong>judicio</strong></span> <span class='ocrx_word' id='word_1_682' title='bbox 3109 4219 3313 4284; x_wconf 88' lang='lat' dir='ltr'><strong>cordis,</strong></span> <span class='ocrx_word' id='word_1_683' title='bbox 3340 4219 3472 4276; x_wconf 91' lang='lat' dir='ltr'><strong>dicit</strong></span> <span class='ocrx_word' id='word_1_684' title='bbox 3498 4222 3580 4277; x_wconf 90' lang='lat' dir='ltr'><strong>eis</strong></span> <span class='ocrx_word' id='word_1_685' title='bbox 3613 4241 3627 4277; x_wconf 91' lang='lat'><strong>:</strong></span> 
     </span>
    </p>
   </div>
   <div class='ocr_carea' id='block_1_89' title="bbox 2061 4308 3632 4378">
    <p class='ocr_par' dir='ltr' id='par_1_89' title="bbox 2061 4308 3632 4378">
     <span class='ocr_line' id='line_1_89' title="bbox 2061 4308 3632 4378; baseline 0.003 -15"><span class='ocrx_word' id='word_1_686' title='bbox 2061 4309 2203 4374; x_wconf 84' lang='lat' dir='ltr'><strong>Quid</strong></span> <span class='ocrx_word' id='word_1_687' title='bbox 2228 4310 2364 4364; x_wconf 86' lang='lat' dir='ltr'><strong>enim</strong></span> <span class='ocrx_word' id='word_1_688' title='bbox 2390 4308 2526 4362; x_wconf 85' lang='lat' dir='ltr'><strong>male</strong></span> <span class='ocrx_word' id='word_1_689' title='bbox 2565 4309 2689 4378; x_wconf 79' lang='lat' dir='ltr'><strong>fecit</strong></span> <span class='ocrx_word' id='word_1_690' title='bbox 2714 4309 2798 4363; x_wconf 71' lang='lat' dir='ltr'><strong>“i</strong></span> <span class='ocrx_word' id='word_1_691' title='bbox 2824 4309 3029 4364; x_wconf 66' lang='lat' dir='ltr'><strong>Corrtra</strong></span> <span class='ocrx_word' id='word_1_692' title='bbox 3057 4310 3160 4365; x_wconf 87' lang='lat' dir='ltr'><strong>hoc</strong></span> <span class='ocrx_word' id='word_1_693' title='bbox 3189 4311 3326 4364; x_wconf 87' lang='lat' dir='ltr'><strong>nihil</strong></span> <span class='ocrx_word' id='word_1_694' title='bbox 3368 4312 3632 4368; x_wconf 81' lang='lat' dir='ltr'><strong>habentes</strong></span> 
     </span>
    </p>
   </div>
   <div class='ocr_carea' id='block_1_90' title="bbox 2058 4402 3629 4473">
    <p class='ocr_par' dir='ltr' id='par_1_90' title="bbox 2058 4402 3629 4473">
     <span class='ocr_line' id='line_1_90' title="bbox 2058 4402 3629 4473; baseline 0.001 -16"><span class='ocrx_word' id='word_1_695' title='bbox 2058 4403 2202 4472; x_wconf 88' lang='lat' dir='ltr'><strong>quod</strong></span> <span class='ocrx_word' id='word_1_696' title='bbox 2231 4403 2658 4472; x_wconf 89' lang='lat' dir='ltr'><strong>responderent,</strong></span> <span class='ocrx_word' id='word_1_697' title='bbox 2689 4404 2926 4473; x_wconf 89' lang='lat' dir='ltr'><strong>amplius</strong></span> <span class='ocrx_word' id='word_1_698' title='bbox 2961 4402 3356 4467; x_wconf 88' lang='lat' dir='ltr'><strong>clamaverunt,</strong></span> <span class='ocrx_word' id='word_1_699' title='bbox 3385 4419 3492 4457; x_wconf 91' lang='lat' dir='ltr'><strong>non</strong></span> <span class='ocrx_word' id='word_1_700' title='bbox 3532 4405 3629 4459; x_wconf 75' lang='lat' dir='ltr'><strong>de-</strong></span> 
     </span>
    </p>
   </div>
   <div class='ocr_carea' id='block_1_91' title="bbox 383 4494 3631 4570">
    <p class='ocr_par' dir='ltr' id='par_1_91' title="bbox 383 4494 3631 4570">
     <span class='ocr_line' id='line_1_91' title="bbox 383 4494 3631 4570; baseline -0.002 -15"><span class='ocrx_word' id='word_1_701' title='bbox 383 4500 563 4556; x_wconf 88' lang='lat' dir='ltr'><strong>dicere</strong></span> <span class='ocrx_word' id='word_1_702' title='bbox 590 4499 850 4570; x_wconf 87' lang='lat' dir='ltr'><strong>quoniam</strong></span> <span class='ocrx_word' id='word_1_703' title='bbox 890 4500 1083 4554; x_wconf 90' lang='lat' dir='ltr'><strong>melius</strong></span> <span class='ocrx_word' id='word_1_704' title='bbox 1129 4507 1211 4554; x_wconf 90' lang='lat' dir='ltr'><strong>est</strong></span> <span class='ocrx_word' id='word_1_705' title='bbox 1255 4499 1494 4569; x_wconf 88' lang='lat' dir='ltr'><strong>recipere</strong></span> <span class='ocrx_word' id='word_1_706' title='bbox 1531 4498 1763 4569; x_wconf 84' lang='lat' dir='ltr'><strong>aliquem</strong></span> <span class='ocrx_word' id='word_1_707' title='bbox 1812 4500 1954 4555; x_wconf 87' lang='lat' dir='ltr'><strong>mala</strong></span> <span class='ocrx_word' id='word_1_708' title='bbox 1989 4505 2032 4562; x_wconf 90' lang='lat' dir='ltr'><strong>D</strong></span> <span class='ocrx_word' id='word_1_709' title='bbox 2061 4502 2344 4563; x_wconf 83' lang='lat' dir='ltr'><strong>Ponentes,</strong></span> <span class='ocrx_word' id='word_1_710' title='bbox 2379 4494 2473 4548; x_wconf 80' lang='lat' dir='ltr'><strong>sed</strong></span> <span class='ocrx_word' id='word_1_711' title='bbox 2520 4506 2781 4566; x_wconf 79' lang='lat' dir='ltr'><strong>augentes</strong></span> <span class='ocrx_word' id='word_1_712' title='bbox 2823 4497 2960 4549; x_wconf 88' lang='lat' dir='ltr'><strong>iram</strong></span> <span class='ocrx_word' id='word_1_713' title='bbox 2990 4533 3006 4560; x_wconf 90' lang='lat'><strong>,</strong></span> <span class='ocrx_word' id='word_1_714' title='bbox 3055 4495 3478 4558; x_wconf 87' lang='lat' dir='ltr'><strong>animositatem,</strong></span> <span class='ocrx_word' id='word_1_715' title='bbox 3515 4495 3631 4549; x_wconf 84' lang='lat' dir='ltr'><strong>bla-</strong></span> 
     </span>
    </p>
   </div>
   <div class='ocr_carea' id='block_1_92' title="bbox 383 4588 1956 4659">
    <p class='ocr_par' dir='ltr' id='par_1_92' title="bbox 383 4588 1956 4659">
     <span class='ocr_line' id='line_1_92' title="bbox 383 4588 1956 4659; baseline -0.001 -14"><span class='ocrx_word' id='word_1_716' title='bbox 383 4590 440 4645; x_wconf 88' lang='lat' dir='ltr'><strong>in</strong></span> <span class='ocrx_word' id='word_1_717' title='bbox 482 4592 602 4643; x_wconf 90' lang='lat' dir='ltr'><strong>visu</strong></span> <span class='ocrx_word' id='word_1_718' title='bbox 651 4605 814 4659; x_wconf 91' lang='lat' dir='ltr'><strong>quam</strong></span> <span class='ocrx_word' id='word_1_719' title='bbox 850 4591 1088 4659; x_wconf 87' lang='lat' dir='ltr'><strong>recipere</strong></span> <span class='ocrx_word' id='word_1_720' title='bbox 1130 4589 1182 4644; x_wconf 89' lang='lat' dir='ltr'><strong>in</strong></span> <span class='ocrx_word' id='word_1_721' title='bbox 1221 4588 1350 4644; x_wconf 88' lang='lat' dir='ltr'><strong>vita.</strong></span> <span class='ocrx_word' id='word_1_722' title='bbox 1383 4588 1518 4657; x_wconf 86' lang='lat' dir='ltr'><strong>Quis</strong></span> <span class='ocrx_word' id='word_1_723' title='bbox 1540 4589 1684 4644; x_wconf 92' lang='lat' dir='ltr'><strong>enim</strong></span> <span class='ocrx_word' id='word_1_724' title='bbox 1720 4603 1825 4642; x_wconf 92' lang='lat' dir='ltr'><strong>non</strong></span> <span class='ocrx_word' id='word_1_725' title='bbox 1858 4589 1956 4644; x_wconf 90' lang='lat' dir='ltr'><strong>eli-</strong></span> 
     </span>
    </p>
   </div>
   <div class='ocr_carea' id='block_1_93' title="bbox 383 4680 1955 4754">
    <p class='ocr_par' dir='ltr' id='par_1_93' title="bbox 383 4680 1955 4754">
     <span class='ocr_line' id='line_1_93' title="bbox 383 4680 1955 4754; baseline -0.001 -17"><span class='ocrx_word' id='word_1_726' title='bbox 383 4693 475 4754; x_wconf 81' lang='lat' dir='ltr'><strong>gat</strong></span> <span class='ocrx_word' id='word_1_727' title='bbox 507 4697 600 4753; x_wconf 88' lang='lat' dir='ltr'><strong>per</strong></span> <span class='ocrx_word' id='word_1_728' title='bbox 631 4683 807 4737; x_wconf 91' lang='lat' dir='ltr'><strong>visum</strong></span> <span class='ocrx_word' id='word_1_729' title='bbox 839 4683 980 4736; x_wconf 87' lang='lat' dir='ltr'><strong>mala</strong></span> <span class='ocrx_word' id='word_1_730' title='bbox 1024 4696 1122 4736; x_wconf 87' lang='lat' dir='ltr'><strong>sua</strong></span> <span class='ocrx_word' id='word_1_731' title='bbox 1173 4682 1410 4752; x_wconf 87' lang='lat' dir='ltr'><strong>recipere</strong></span> <span class='ocrx_word' id='word_1_732' title='bbox 1442 4682 1494 4736; x_wconf 93' lang='lat' dir='ltr'><strong>in</strong></span> <span class='ocrx_word' id='word_1_733' title='bbox 1546 4683 1654 4736; x_wconf 90' lang='lat' dir='ltr'><strong>vita</strong></span> <span class='ocrx_word' id='word_1_734' title='bbox 1699 4695 1820 4748; x_wconf 88' lang='lat' dir='ltr'><strong>sua,</strong></span> <span class='ocrx_word' id='word_1_735' title='bbox 1849 4680 1955 4737; x_wconf 88' lang='lat' dir='ltr'><strong>nisi</strong></span> 
     </span>
    </p>
   </div>
   <div class='ocr_carea' id='block_1_94' title="bbox 385 4774 1954 4844">
    <p class='ocr_par' dir='ltr' id='par_1_94' title="bbox 385 4774 1954 4844">
     <span class='ocr_line' id='line_1_94' title="bbox 385 4774 1954 4844; baseline -0.002 -14"><span class='ocrx_word' id='word_1_736' title='bbox 385 4776 523 4831; x_wconf 81' lang='lat' dir='ltr'><strong>forte</strong></span> <span class='ocrx_word' id='word_1_737' title='bbox 556 4775 682 4829; x_wconf 88' lang='lat' dir='ltr'><strong>talia</strong></span> <span class='ocrx_word' id='word_1_738' title='bbox 707 4783 980 4829; x_wconf 85' lang='lat' dir='ltr'><strong>mereatur</strong></span> <span class='ocrx_word' id='word_1_739' title='bbox 1009 4781 1066 4828; x_wconf 92' lang='lat' dir='ltr'><strong>ut</strong></span> <span class='ocrx_word' id='word_1_740' title='bbox 1105 4775 1355 4842; x_wconf 74' lang='lat' dir='ltr'><strong>expediat</strong></span> <span class='ocrx_word' id='word_1_741' title='bbox 1383 4775 1432 4828; x_wconf 89' lang='lat' dir='ltr'><strong>ei</strong></span> <span class='ocrx_word' id='word_1_742' title='bbox 1472 4774 1682 4829; x_wconf 88' lang='lat' dir='ltr'><strong>acriora</strong></span> <span class='ocrx_word' id='word_1_743' title='bbox 1714 4775 1954 4844; x_wconf 89' lang='lat' dir='ltr'><strong>recipere</strong></span> 
     </span>
    </p>
   </div>
   <div class='ocr_carea' id='block_1_95' title="bbox 384 4861 1954 4935">
    <p class='ocr_par' dir='ltr' id='par_1_95' title="bbox 384 4861 1954 4935">
     <span class='ocr_line' id='line_1_95' title="bbox 384 4861 1954 4935; baseline -0.005 -13"><span class='ocrx_word' id='word_1_744' title='bbox 384 4867 440 4922; x_wconf 87' lang='lat' dir='ltr'><strong>in</strong></span> <span class='ocrx_word' id='word_1_745' title='bbox 486 4866 599 4920; x_wconf 88' lang='lat' dir='ltr'><strong>vita</strong></span> <span class='ocrx_word' id='word_1_746' title='bbox 643 4881 740 4921; x_wconf 89' lang='lat' dir='ltr'><strong>sua</strong></span> <span class='ocrx_word' id='word_1_747' title='bbox 792 4866 972 4935; x_wconf 88' lang='lat' dir='ltr'><strong>potius</strong></span> <span class='ocrx_word' id='word_1_748' title='bbox 999 4879 1159 4934; x_wconf 83' lang='lat' dir='ltr'><strong>quam</strong></span> <span class='ocrx_word' id='word_1_749' title='bbox 1201 4865 1444 4934; x_wconf 78' lang='lat' dir='ltr'><strong>recipere</strong></span> <span class='ocrx_word' id='word_1_750' title='bbox 1471 4865 1670 4919; x_wconf 87' lang='lat' dir='ltr'><strong>leviora</strong></span> <span class='ocrx_word' id='word_1_751' title='bbox 1707 4865 1760 4918; x_wconf 91' lang='lat' dir='ltr'><strong>in</strong></span> <span class='ocrx_word' id='word_1_752' title='bbox 1794 4861 1954 4917; x_wconf 81' lang='lat' dir='ltr'><strong>visu?</strong></span> 
     </span>
    </p>
   </div>
   <div class='ocr_carea' id='block_1_96' title="bbox 382 4954 1954 5029">
    <p class='ocr_par' dir='ltr' id='par_1_96' title="bbox 382 4954 1954 5029">
     <span class='ocr_line' id='line_1_96' title="bbox 382 4954 1954 5029; baseline -0.004 -15"><span class='ocrx_word' id='word_1_753' title='bbox 382 4959 712 5014; x_wconf 87' lang='lat' dir='ltr'><strong>Consolatur</strong></span> <span class='ocrx_word' id='word_1_754' title='bbox 749 4959 895 5014; x_wconf 89' lang='lat' dir='ltr'><strong>enim</strong></span> <span class='ocrx_word' id='word_1_755' title='bbox 921 4970 974 5014; x_wconf 90' lang='lat' dir='ltr'><strong>et</strong></span> <span class='ocrx_word' id='word_1_756' title='bbox 1003 4959 1293 5029; x_wconf 81' lang='lat' dir='ltr'><strong>requiescit</strong></span> <span class='ocrx_word' id='word_1_757' title='bbox 1313 4958 1371 5012; x_wconf 86' lang='lat' dir='ltr'><strong>in</strong></span> <span class='ocrx_word' id='word_1_758' title='bbox 1409 4956 1622 5012; x_wconf 87' lang='lat' dir='ltr'><strong>sinibus</strong></span> <span class='ocrx_word' id='word_1_759' title='bbox 1649 4955 1882 5010; x_wconf 66' lang='lat' dir='ltr'><strong>Abrahae</strong></span> <span class='ocrx_word' id='word_1_760' title='bbox 1910 4954 1954 4985; x_wconf 80' lang='grc'>³⁷</span> 
     </span>
    </p>
   </div>
   <div class='ocr_carea' id='block_1_97' title="bbox 383 5047 1956 5121">
    <p class='ocr_par' dir='ltr' id='par_1_97' title="bbox 383 5047 1956 5121">
     <span class='ocr_line' id='line_1_97' title="bbox 383 5047 1956 5121; baseline -0.006 -14"><span class='ocrx_word' id='word_1_761' title='bbox 383 5052 476 5121; x_wconf 85' lang='lat' dir='ltr'><strong>qui</strong></span> <span class='ocrx_word' id='word_1_762' title='bbox 508 5051 713 5121; x_wconf 89' lang='lat' dir='ltr'><strong>recepit</strong></span> <span class='ocrx_word' id='word_1_763' title='bbox 739 5050 880 5104; x_wconf 88' lang='lat' dir='ltr'><strong>maia</strong></span> <span class='ocrx_word' id='word_1_764' title='bbox 905 5051 959 5104; x_wconf 95' lang='lat' dir='ltr'><strong>in</strong></span> <span class='ocrx_word' id='word_1_765' title='bbox 985 5050 1094 5104; x_wconf 81' lang='lat' dir='ltr'><strong>vita</strong></span> <span class='ocrx_word' id='word_1_766' title='bbox 1132 5063 1252 5115; x_wconf 84' lang='lat' dir='ltr'><strong>sua,</strong></span> <span class='ocrx_word' id='word_1_767' title='bbox 1281 5057 1335 5103; x_wconf 90' lang='lat' dir='ltr'><strong>et</strong></span> <span class='ocrx_word' id='word_1_768' title='bbox 1363 5063 1473 5102; x_wconf 92' lang='lat' dir='ltr'><strong>non</strong></span> <span class='ocrx_word' id='word_1_769' title='bbox 1511 5048 1626 5102; x_wconf 69' lang='lat' dir='ltr'><strong>llaec</strong></span> <span class='ocrx_word' id='word_1_770' title='bbox 1657 5047 1800 5100; x_wconf 88' lang='lat' dir='ltr'><strong>mala</strong></span> <span class='ocrx_word' id='word_1_771' title='bbox 1831 5060 1956 5114; x_wconf 67' lang='lat' dir='ltr'><strong>quae</strong></span> 
     </span>
    </p>
   </div>
   <div class='ocr_carea' id='block_1_98' title="bbox 385 5139 1954 5218">
    <p class='ocr_par' dir='ltr' id='par_1_98' title="bbox 385 5139 1954 5218">
     <span class='ocr_line' id='line_1_98' title="bbox 385 5139 1954 5218; baseline -0.006 -16"><span class='ocrx_word' id='word_1_772' title='bbox 385 5149 586 5218; x_wconf 89' lang='lat' dir='ltr'><strong>recepit</strong></span> <span class='ocrx_word' id='word_1_773' title='bbox 625 5147 678 5200; x_wconf 91' lang='lat' dir='ltr'><strong>in</strong></span> <span class='ocrx_word' id='word_1_774' title='bbox 711 5144 832 5200; x_wconf 86' lang='lat' dir='ltr'><strong>visu</strong></span> <span class='ocrx_word' id='word_1_775' title='bbox 859 5160 998 5211; x_wconf 90' lang='lat' dir='ltr'><strong>suo;</strong></span> <span class='ocrx_word' id='word_1_776' title='bbox 1030 5143 1326 5199; x_wconf 87' lang='lat' dir='ltr'><strong>secundum</strong></span> <span class='ocrx_word' id='word_1_777' title='bbox 1353 5141 1500 5211; x_wconf 88' lang='lat' dir='ltr'><strong>quod</strong></span> <span class='ocrx_word' id='word_1_778' title='bbox 1532 5149 1587 5195; x_wconf 90' lang='lat' dir='ltr'><strong>et</strong></span> <span class='ocrx_word' id='word_1_779' title='bbox 1617 5139 1954 5194; x_wconf 89' lang='lat' dir='ltr'><strong>consolatio-</strong></span> 
     </span>
    </p>
   </div>
   <div class='ocr_carea' id='block_1_99' title="bbox 385 5231 1954 5294">
    <p class='ocr_par' dir='ltr' id='par_1_99' title="bbox 385 5231 1954 5294">
     <span class='ocr_line' id='line_1_99' title="bbox 385 5231 1954 5294; baseline -0.008 0"><span class='ocrx_word' id='word_1_780' title='bbox 385 5254 507 5294; x_wconf 86' lang='lat' dir='ltr'><strong>nem</strong></span> <span class='ocrx_word' id='word_1_781' title='bbox 542 5238 780 5294; x_wconf 78' lang='lat' dir='ltr'><strong>habebit.</strong></span> <span class='ocrx_word' id='word_1_782' title='bbox 813 5233 1006 5291; x_wconf 87' lang='lat' dir='ltr'><strong>Utrum</strong></span> <span class='ocrx_word' id='word_1_783' title='bbox 1034 5244 1210 5290; x_wconf 86' lang='lat' dir='ltr'><strong>autem</strong></span> <span class='ocrx_word' id='word_1_784' title='bbox 1245 5243 1300 5289; x_wconf 87' lang='lat' dir='ltr'><strong>et</strong></span> <span class='ocrx_word' id='word_1_785' title='bbox 1329 5233 1546 5286; x_wconf 90' lang='lat' dir='ltr'><strong>initium</strong></span> <span class='ocrx_word' id='word_1_786' title='bbox 1592 5231 1787 5285; x_wconf 84' lang='lat' dir='ltr'><strong>habeat</strong></span> <span class='ocrx_word' id='word_1_787' title='bbox 1815 5246 1954 5283; x_wconf 86' lang='lat' dir='ltr'><strong>con—</strong></span> 
     </span>
    </p>
   </div>
   <div class='ocr_carea' id='block_1_100' title="bbox 386 5322 1947 5397">
    <p class='ocr_par' dir='ltr' id='par_1_100' title="bbox 386 5322 1947 5397">
     <span class='ocr_line' id='line_1_100' title="bbox 386 5322 1947 5397; baseline -0.005 -13"><span class='ocrx_word' id='word_1_788' title='bbox 386 5331 652 5388; x_wconf 88' lang='lat' dir='ltr'><strong>versionis</strong></span> <span class='ocrx_word' id='word_1_789' title='bbox 685 5329 749 5385; x_wconf 88' lang='lat' dir='ltr'><strong>ad</strong></span> <span class='ocrx_word' id='word_1_790' title='bbox 780 5329 948 5385; x_wconf 86' lang='lat' dir='ltr'><strong>Deum</strong></span> <span class='ocrx_word' id='word_1_791' title='bbox 974 5343 1041 5384; x_wconf 81' lang='lat' dir='ltr'><strong>ex</strong></span> <span class='ocrx_word' id='word_1_792' title='bbox 1066 5343 1130 5382; x_wconf 93' lang='lat' dir='ltr'><strong>eo</strong></span> <span class='ocrx_word' id='word_1_793' title='bbox 1153 5327 1299 5397; x_wconf 90' lang='lat' dir='ltr'><strong>quod</strong></span> <span class='ocrx_word' id='word_1_794' title='bbox 1322 5326 1490 5380; x_wconf 86' lang='lat' dir='ltr'><strong>multa</strong></span> <span class='ocrx_word' id='word_1_795' title='bbox 1515 5334 1732 5394; x_wconf 84' lang='lat' dir='ltr'><strong>propter</strong></span> <span class='ocrx_word' id='word_1_796' title='bbox 1759 5322 1947 5377; x_wconf 82' lang='lat' dir='ltr'><strong>Jesnm</strong></span> 
     </span>
    </p>
   </div>
   <div class='ocr_carea' id='block_1_101' title="bbox 387 5415 1952 5492">
    <p class='ocr_par' dir='ltr' id='par_1_101' title="bbox 387 5415 1952 5492">
     <span class='ocr_line' id='line_1_101' title="bbox 387 5415 1952 5492; baseline -0.005 -18"><span class='ocrx_word' id='word_1_797' title='bbox 387 5422 560 5476; x_wconf 90' lang='lat' dir='ltr'><strong>luerat</strong></span> <span class='ocrx_word' id='word_1_798' title='bbox 590 5435 749 5492; x_wconf 86' lang='lat' dir='ltr'><strong>passa</strong></span> <span class='ocrx_word' id='word_1_799' title='bbox 785 5436 884 5492; x_wconf 89' lang='lat' dir='ltr'><strong>per</strong></span> <span class='ocrx_word' id='word_1_800' title='bbox 908 5422 1107 5486; x_wconf 87' lang='lat' dir='ltr'><strong>visum,</strong></span> <span class='ocrx_word' id='word_1_801' title='bbox 1143 5419 1285 5474; x_wconf 90' lang='lat' dir='ltr'><strong>Deus</strong></span> <span class='ocrx_word' id='word_1_802' title='bbox 1319 5419 1458 5474; x_wconf 90' lang='lat' dir='ltr'><strong>scit:</strong></span> <span class='ocrx_word' id='word_1_803' title='bbox 1490 5427 1670 5472; x_wconf 84' lang='lat' dir='ltr'><strong>tamen</strong></span> <span class='ocrx_word' id='word_1_804' title='bbox 1702 5415 1952 5470; x_wconf 88' lang='lat' dir='ltr'><strong>contine-</strong></span> 
     </span>
    </p>
   </div>
   <div class='ocr_carea' id='block_1_102' title="bbox 383 5503 1948 5582">
    <p class='ocr_par' dir='ltr' id='par_1_102' title="bbox 383 5503 1948 5582">
     <span class='ocr_line' id='line_1_102' title="bbox 383 5503 1948 5582; baseline -0.006 -16"><span class='ocrx_word' id='word_1_805' title='bbox 383 5519 472 5566; x_wconf 86' lang='lat' dir='ltr'><strong>tur</strong></span> <span class='ocrx_word' id='word_1_806' title='bbox 503 5512 666 5567; x_wconf 88' lang='lat' dir='ltr'><strong>etiam</strong></span> <span class='ocrx_word' id='word_1_807' title='bbox 700 5515 803 5568; x_wconf 91' lang='lat' dir='ltr'><strong>hoc</strong></span> <span class='ocrx_word' id='word_1_808' title='bbox 833 5513 888 5567; x_wconf 88' lang='lat' dir='ltr'><strong>in</strong></span> <span class='ocrx_word' id='word_1_809' title='bbox 929 5509 1224 5582; x_wconf 75' lang='lat' dir='ltr'><strong>Scriptus-is</strong></span> <span class='ocrx_word' id='word_1_810' title='bbox 1259 5508 1584 5580; x_wconf 87' lang='lat' dir='ltr'><strong>quibusdam</strong></span> <span class='ocrx_word' id='word_1_811' title='bbox 1629 5520 1736 5562; x_wconf 91' lang='lat' dir='ltr'><strong>non</strong></span> <span class='ocrx_word' id='word_1_812' title='bbox 1771 5503 1948 5574; x_wconf 86' lang='lat' dir='ltr'><strong>publi-</strong></span> 
     </span>
    </p>
   </div>
   <div class='ocr_carea' id='block_1_103' title="bbox 453 5711 1558 5794">
    <p class='ocr_par' dir='ltr' id='par_1_103' title="bbox 453 5711 1558 5794">
     <span class='ocr_line' id='line_1_103' title="bbox 453 5711 1558 5794; baseline -0.007 -23"><span class='ocrx_word' id='word_1_813' title='bbox 453 5719 499 5750; x_wconf 72' lang='lat'>&quot;</span> <span class='ocrx_word' id='word_1_814' title='bbox 537 5714 971 5794; x_wconf 45' lang='lat' dir='ltr'><strong>R0m.ﬂvlll_,_lq._</strong></span> <span class='ocrx_word' id='word_1_815' title='bbox 1040 5713 1397 5794; x_wconf 42' lang='lat' dir='ltr'><strong>&quot;__Ephes.nrt</strong></span> <span class='ocrx_word' id='word_1_816' title='bbox 1421 5753 1436 5776; x_wconf 92' lang='lat'><strong>,</strong></span> 
     </span>
    </p>
   </div>
   <div class='ocr_carea' id='block_1_104' title="bbox 381 5782 1410 5859">
    <p class='ocr_par' dir='ltr' id='par_1_104' title="bbox 381 5782 1410 5859">
     <span class='ocr_line' id='line_1_104' title="bbox 381 5782 1410 5859; baseline -0.004 -19"><span class='ocrx_word' id='word_1_817' title='bbox 381 5797 433 5840; x_wconf 90' lang='lat' dir='ltr'><strong>ct</strong></span> <span class='ocrx_word' id='word_1_818' title='bbox 461 5804 614 5859; x_wconf 88' lang='lat' dir='ltr'><strong>seqq.</strong></span> <span class='ocrx_word' id='word_1_819' title='bbox 692 5788 738 5819; x_wconf 88' lang='grc'><strong>³³</strong></span> <span class='ocrx_word' id='word_1_820' title='bbox 765 5788 1002 5843; x_wconf 72' lang='lat' dir='ltr'><strong>ibid.2l.</strong></span> <span class='ocrx_word' id='word_1_821' title='bbox 1081 5788 1124 5818; x_wconf 88' lang='grc'><strong>³⁰</strong></span> <span class='ocrx_word' id='word_1_822' title='bbox 1159 5782 1288 5840; x_wconf 87' lang='lat' dir='ltr'><strong>ibid.</strong></span> <span class='ocrx_word' id='word_1_823' title='bbox 1320 5782 1410 5836; x_wconf 60' lang='grc' dir='ltr'><strong>Ἡ.</strong></span> 
     </span>
    </p>
   </div>
   <div class='ocr_carea' id='block_1_105' title="bbox 1657 5703 2961 5773">
    <p class='ocr_par' dir='ltr' id='par_1_105' title="bbox 1657 5703 2961 5773">
     <span class='ocr_line' id='line_1_105' title="bbox 1657 5703 2961 5773; baseline 0 -12"><span class='ocrx_word' id='word_1_824' title='bbox 1657 5710 1702 5747; x_wconf 75' lang='lat'><strong>&quot;</strong></span> <span class='ocrx_word' id='word_1_825' title='bbox 1741 5707 1930 5762; x_wconf 84' lang='lat' dir='ltr'><strong>Matth.</strong></span> <span class='ocrx_word' id='word_1_826' title='bbox 1965 5721 2148 5771; x_wconf 76' lang='lat' dir='ltr'><strong>xxvii,</strong></span> <span class='ocrx_word' id='word_1_827' title='bbox 2187 5705 2272 5759; x_wconf 85' lang='grc'><strong>19.</strong></span> <span class='ocrx_word' id='word_1_828' title='bbox 2347 5706 2390 5736; x_wconf 88' lang='grc'>³⁷</span> <span class='ocrx_word' id='word_1_829' title='bbox 2431 5703 2562 5760; x_wconf 82' lang='lat' dir='ltr'><strong>Luc.</strong></span> <span class='ocrx_word' id='word_1_830' title='bbox 2600 5719 2712 5770; x_wconf 78' lang='lat' dir='ltr'><strong>xvi,</strong></span> <span class='ocrx_word' id='word_1_831' title='bbox 2744 5705 2838 5773; x_wconf 75' lang='lat'><strong>‘22,</strong></span> <span class='ocrx_word' id='word_1_832' title='bbox 2867 5705 2961 5761; x_wconf 74' lang='grc'><strong>25.</strong></span> 
     </span>
    </p>
   </div>
   <div class='ocr_carea' id='block_1_106' title="bbox 1499 5775 2538 5834">
    <p class='ocr_par' dir='ltr' id='par_1_106' title="bbox 1499 5775 2538 5834">
     <span class='ocr_line' id='line_1_106' title="bbox 1499 5775 2538 5834; baseline -0.002 -2"><span class='ocrx_word' id='word_1_833' title='bbox 1499 5782 1541 5813; x_wconf 83' lang='grc'><strong>³³</strong></span> <span class='ocrx_word' id='word_1_834' title='bbox 1576 5779 1710 5834; x_wconf 85' lang='lat' dir='ltr'><strong>ibid.</strong></span> <span class='ocrx_word' id='word_1_835' title='bbox 1747 5779 1837 5832; x_wconf 78' lang='lat'><strong>‘23.</strong></span> <span class='ocrx_word' id='word_1_836' title='bbox 1917 5779 1960 5809; x_wconf 90' lang='grc'><strong>³³</strong></span> <span class='ocrx_word' id='word_1_837' title='bbox 1995 5777 2126 5832; x_wconf 86' lang='lat' dir='ltr'><strong>ibid.</strong></span> <span class='ocrx_word' id='word_1_838' title='bbox 2204 5775 2249 5807; x_wconf 81' lang='grc'><strong>³³</strong></span> <span class='ocrx_word' id='word_1_839' title='bbox 2281 5775 2390 5831; x_wconf 84' lang='lat' dir='ltr'><strong>ibid</strong></span> <span class='ocrx_word' id='word_1_840' title='bbox 2447 5775 2538 5832; x_wconf 71' lang='grc'><strong>24.</strong></span> 
     </span>
    </p>
   </div>
   <div class='ocr_carea' id='block_1_107' title="bbox 2060 4583 3630 4657">
    <p class='ocr_par' dir='ltr' id='par_1_107' title="bbox 2060 4583 3630 4657">
     <span class='ocr_line' id='line_1_107' title="bbox 2060 4583 3630 4657; baseline -0.001 -16"><span class='ocrx_word' id='word_1_841' title='bbox 2060 4585 2383 4657; x_wconf 86' lang='lat' dir='ltr'><strong>sphemiam,</strong></span> <span class='ocrx_word' id='word_1_842' title='bbox 2412 4591 2467 4639; x_wconf 89' lang='lat' dir='ltr'><strong>et</strong></span> <span class='ocrx_word' id='word_1_843' title='bbox 2489 4585 2745 4640; x_wconf 80' lang='lat' dir='ltr'><strong>dixerunt</strong></span> <span class='ocrx_word' id='word_1_844' title='bbox 2769 4603 2782 4640; x_wconf 90' lang='lat'><strong>:</strong></span> <span class='ocrx_word' id='word_1_845' title='bbox 2813 4585 3173 4655; x_wconf 76' lang='lat' dir='ltr'><strong>Ct‘uciﬁgatur</strong></span> <span class='ocrx_word' id='word_1_846' title='bbox 3193 4584 3259 4637; x_wconf 89' lang='grc'>³³.</span> <span class='ocrx_word' id='word_1_847' title='bbox 3286 4583 3494 4639; x_wconf 86' lang='lat' dir='ltr'><strong>Pilatus</strong></span> <span class='ocrx_word' id='word_1_848' title='bbox 3525 4599 3630 4639; x_wconf 80' lang='lat' dir='ltr'><strong>au-</strong></span> 
     </span>
    </p>
   </div>
   <div class='ocr_carea' id='block_1_108' title="bbox 2063 4676 3634 4747">
    <p class='ocr_par' dir='ltr' id='par_1_108' title="bbox 2063 4676 3634 4747">
     <span class='ocr_line' id='line_1_108' title="bbox 2063 4676 3634 4747; baseline 0 -15"><span class='ocrx_word' id='word_1_849' title='bbox 2063 4684 2192 4741; x_wconf 88' lang='lat' dir='ltr'><strong>tem,</strong></span> <span class='ocrx_word' id='word_1_850' title='bbox 2225 4677 2414 4732; x_wconf 88' lang='lat' dir='ltr'><strong>videns</strong></span> <span class='ocrx_word' id='word_1_851' title='bbox 2441 4677 2586 4747; x_wconf 89' lang='lat' dir='ltr'><strong>quod</strong></span> <span class='ocrx_word' id='word_1_852' title='bbox 2613 4677 2746 4731; x_wconf 87' lang='lat' dir='ltr'><strong>nihil</strong></span> <span class='ocrx_word' id='word_1_853' title='bbox 2777 4678 3098 4746; x_wconf 85' lang='lat' dir='ltr'><strong>proliceret,</strong></span> <span class='ocrx_word' id='word_1_854' title='bbox 3128 4676 3358 4732; x_wconf 81' lang='lat' dir='ltr'><strong>Judaieo</strong></span> <span class='ocrx_word' id='word_1_855' title='bbox 3385 4691 3517 4730; x_wconf 90' lang='lat' dir='ltr'><strong>usus</strong></span> <span class='ocrx_word' id='word_1_856' title='bbox 3548 4686 3634 4732; x_wconf 89' lang='lat' dir='ltr'><strong>est</strong></span> 
     </span>
    </p>
   </div>
   <div class='ocr_carea' id='block_1_109' title="bbox 2060 4766 3629 4836">
    <p class='ocr_par' dir='ltr' id='par_1_109' title="bbox 2060 4766 3629 4836">
     <span class='ocr_line' id='line_1_109' title="bbox 2060 4766 3629 4836; baseline -0.004 -12"><span class='ocrx_word' id='word_1_857' title='bbox 2060 4785 2236 4836; x_wconf 89' lang='lat' dir='ltr'><strong>more,</strong></span> <span class='ocrx_word' id='word_1_858' title='bbox 2276 4769 2462 4824; x_wconf 86' lang='lat' dir='ltr'><strong>volens</strong></span> <span class='ocrx_word' id='word_1_859' title='bbox 2497 4783 2593 4823; x_wconf 91' lang='lat' dir='ltr'><strong>eos</strong></span> <span class='ocrx_word' id='word_1_860' title='bbox 2623 4767 2691 4823; x_wconf 89' lang='lat' dir='ltr'><strong>de</strong></span> <span class='ocrx_word' id='word_1_861' title='bbox 2717 4767 2920 4822; x_wconf 84' lang='lat' dir='ltr'><strong>Christi</strong></span> <span class='ocrx_word' id='word_1_862' title='bbox 2965 4767 3276 4822; x_wconf 89' lang='lat' dir='ltr'><strong>innocentia</strong></span> <span class='ocrx_word' id='word_1_863' title='bbox 3308 4781 3415 4820; x_wconf 91' lang='lat' dir='ltr'><strong>non</strong></span> <span class='ocrx_word' id='word_1_864' title='bbox 3452 4766 3629 4820; x_wconf 87' lang='lat' dir='ltr'><strong>solum</strong></span> 
     </span>
    </p>
   </div>
   <div class='ocr_carea' id='block_1_110' title="bbox 2059 4857 3632 4930">
    <p class='ocr_par' dir='ltr' id='par_1_110' title="bbox 2059 4857 3632 4930">
     <span class='ocr_line' id='line_1_110' title="bbox 2059 4857 3632 4930; baseline -0.002 -14"><span class='ocrx_word' id='word_1_865' title='bbox 2059 4862 2262 4928; x_wconf 89' lang='lat' dir='ltr'><strong>verbis,</strong></span> <span class='ocrx_word' id='word_1_866' title='bbox 2313 4861 2407 4916; x_wconf 83' lang='lat' dir='ltr'><strong>sed</strong></span> <span class='ocrx_word' id='word_1_867' title='bbox 2429 4861 2595 4915; x_wconf 87' lang='lat' dir='ltr'><strong>etiam</strong></span> <span class='ocrx_word' id='word_1_868' title='bbox 2631 4861 2752 4930; x_wconf 91' lang='lat' dir='ltr'><strong>ipso</strong></span> <span class='ocrx_word' id='word_1_869' title='bbox 2774 4857 2916 4914; x_wconf 80' lang='lat' dir='ltr'><strong>iacto</strong></span> <span class='ocrx_word' id='word_1_870' title='bbox 2944 4859 3158 4928; x_wconf 88' lang='lat' dir='ltr'><strong>placare</strong></span> <span class='ocrx_word' id='word_1_871' title='bbox 3184 4859 3230 4914; x_wconf 87' lang='lat' dir='ltr'><strong>si</strong></span> <span class='ocrx_word' id='word_1_872' title='bbox 3259 4859 3550 4926; x_wconf 89' lang='lat' dir='ltr'><strong>voluerint,</strong></span> <span class='ocrx_word' id='word_1_873' title='bbox 3581 4860 3632 4914; x_wconf 87' lang='lat' dir='ltr'><strong>si</strong></span> 
     </span>
    </p>
   </div>
   <div class='ocr_carea' id='block_1_111' title="bbox 2058 4950 3629 5014">
    <p class='ocr_par' dir='ltr' id='par_1_111' title="bbox 2058 4950 3629 5014">
     <span class='ocr_line' id='line_1_111' title="bbox 2058 4950 3629 5014; baseline -0.002 -6"><span class='ocrx_word' id='word_1_874' title='bbox 2058 4962 2238 5009; x_wconf 89' lang='lat' dir='ltr'><strong>autem</strong></span> <span class='ocrx_word' id='word_1_875' title='bbox 2282 4953 2578 5014; x_wconf 88' lang='lat' dir='ltr'><strong>noluerint,</strong></span> <span class='ocrx_word' id='word_1_876' title='bbox 2619 4951 3006 5014; x_wconf 87' lang='lat' dir='ltr'><strong>condemnare,</strong></span> <span class='ocrx_word' id='word_1_877' title='bbox 3054 4950 3260 5007; x_wconf 80' lang='lat' dir='ltr'><strong>faciens</strong></span> <span class='ocrx_word' id='word_1_878' title='bbox 3291 4967 3400 5006; x_wconf 88' lang='lat' dir='ltr'><strong>non</strong></span> <span class='ocrx_word' id='word_1_879' title='bbox 3429 4967 3629 5008; x_wconf 77' lang='lat' dir='ltr'><strong>secun-</strong></span> 
     </span>
    </p>
   </div>
   <div class='ocr_carea' id='block_1_112' title="bbox 2058 5041 3631 5115">
    <p class='ocr_par' dir='ltr' id='par_1_112' title="bbox 2058 5041 3631 5115">
     <span class='ocr_line' id='line_1_112' title="bbox 2058 5041 3631 5115; baseline -0.001 -16"><span class='ocrx_word' id='word_1_880' title='bbox 2058 5045 2187 5100; x_wconf 90' lang='lat' dir='ltr'><strong>dum</strong></span> <span class='ocrx_word' id='word_1_881' title='bbox 2210 5044 2450 5114; x_wconf 90' lang='lat' dir='ltr'><strong>aliquam</strong></span> <span class='ocrx_word' id='word_1_882' title='bbox 2491 5042 2943 5098; x_wconf 88' lang='lat' dir='ltr'><strong>consuetudinem</strong></span> <span class='ocrx_word' id='word_1_883' title='bbox 2982 5041 3377 5100; x_wconf 82' lang='lat' dir='ltr'><strong>Romanorum.</strong></span> <span class='ocrx_word' id='word_1_884' title='bbox 3406 5044 3631 5115; x_wconf 78' lang='lat' dir='ltr'><strong>Accepit</strong></span> 
     </span>
    </p>
   </div>
   <div class='ocr_carea' id='block_1_113' title="bbox 2057 5135 3630 5206">
    <p class='ocr_par' dir='ltr' id='par_1_113' title="bbox 2057 5135 3630 5206">
     <span class='ocr_line' id='line_1_113' title="bbox 2057 5135 3630 5206; baseline -0.002 -14"><span class='ocrx_word' id='word_1_885' title='bbox 2057 5139 2201 5193; x_wconf 90' lang='lat' dir='ltr'><strong>enim</strong></span> <span class='ocrx_word' id='word_1_886' title='bbox 2240 5150 2436 5206; x_wconf 87' lang='lat' dir='ltr'><strong>aquam</strong></span> <span class='ocrx_word' id='word_1_887' title='bbox 2473 5135 2527 5189; x_wconf 92' lang='lat' dir='ltr'><strong>in</strong></span> <span class='ocrx_word' id='word_1_888' title='bbox 2558 5143 2853 5203; x_wconf 87' lang='lat' dir='ltr'><strong>conspectu</strong></span> <span class='ocrx_word' id='word_1_889' title='bbox 2881 5135 3149 5199; x_wconf 77' lang='lat' dir='ltr'><strong>oninium,</strong></span> <span class='ocrx_word' id='word_1_890' title='bbox 3181 5145 3236 5190; x_wconf 90' lang='lat' dir='ltr'><strong>et</strong></span> <span class='ocrx_word' id='word_1_891' title='bbox 3275 5137 3466 5191; x_wconf 67' lang='lat' dir='ltr'><strong>lavant:</strong></span> <span class='ocrx_word' id='word_1_892' title='bbox 3509 5150 3630 5190; x_wconf 83' lang='lat' dir='ltr'><strong>ma-</strong></span> 
     </span>
    </p>
   </div>
   <div class='ocr_carea' id='block_1_114' title="bbox 2058 5225 3628 5299">
    <p class='ocr_par' dir='ltr' id='par_1_114' title="bbox 2058 5225 3628 5299">
     <span class='ocr_line' id='line_1_114' title="bbox 2058 5225 3628 5299; baseline -0.003 -14"><span class='ocrx_word' id='word_1_893' title='bbox 2058 5246 2164 5284; x_wconf 90' lang='lat' dir='ltr'><strong>nus</strong></span> <span class='ocrx_word' id='word_1_894' title='bbox 2196 5244 2324 5284; x_wconf 87' lang='lat' dir='ltr'><strong>suas</strong></span> <span class='ocrx_word' id='word_1_895' title='bbox 2352 5227 2491 5281; x_wconf 78' lang='lat' dir='ltr'><strong>dixit</strong></span> <span class='ocrx_word' id='word_1_896' title='bbox 2526 5245 2538 5278; x_wconf 91' lang='lat'><strong>:</strong></span> <span class='ocrx_word' id='word_1_897' title='bbox 2573 5225 2829 5280; x_wconf 85' lang='lat' dir='ltr'><strong>Innocens</strong></span> <span class='ocrx_word' id='word_1_898' title='bbox 2876 5243 2968 5296; x_wconf 82' lang='lat' dir='ltr'><strong>ego</strong></span> <span class='ocrx_word' id='word_1_899' title='bbox 3002 5244 3119 5282; x_wconf 81' lang='lat' dir='ltr'><strong>sum</strong></span> <span class='ocrx_word' id='word_1_900' title='bbox 3162 5247 3196 5282; x_wconf 90' lang='lat' dir='ltr'><strong>a</strong></span> <span class='ocrx_word' id='word_1_901' title='bbox 3243 5230 3498 5299; x_wconf 83' lang='lat' dir='ltr'><strong>sanguine</strong></span> <span class='ocrx_word' id='word_1_902' title='bbox 3528 5228 3628 5280; x_wconf 83' lang='lat' dir='ltr'><strong>hu-</strong></span> 
     </span>
    </p>
   </div>
   <div class='ocr_carea' id='block_1_115' title="bbox 2049 5316 3625 5390">
    <p class='ocr_par' dir='ltr' id='par_1_115' title="bbox 2049 5316 3625 5390">
     <span class='ocr_line' id='line_1_115' title="bbox 2049 5316 3625 5390; baseline -0.003 -16"><span class='ocrx_word' id='word_1_903' title='bbox 2049 5321 2180 5390; x_wconf 84' lang='lat' dir='ltr'><strong>jus;</strong></span> <span class='ocrx_word' id='word_1_904' title='bbox 2212 5336 2297 5373; x_wconf 84' lang='lat' dir='ltr'><strong>vos</strong></span> <span class='ocrx_word' id='word_1_905' title='bbox 2322 5319 2557 5374; x_wconf 82' lang='lat' dir='ltr'><strong>videritis</strong></span> <span class='ocrx_word' id='word_1_906' title='bbox 2580 5318 2647 5372; x_wconf 90' lang='grc'>³³.</span> <span class='ocrx_word' id='word_1_907' title='bbox 2688 5316 2752 5372; x_wconf 86' lang='lat' dir='ltr'><strong>Et</strong></span> <span class='ocrx_word' id='word_1_908' title='bbox 2802 5319 2917 5387; x_wconf 85' lang='lat' dir='ltr'><strong>ipse</strong></span> <span class='ocrx_word' id='word_1_909' title='bbox 2966 5320 3183 5387; x_wconf 85' lang='lat' dir='ltr'><strong>quidem</strong></span> <span class='ocrx_word' id='word_1_910' title='bbox 3234 5334 3293 5375; x_wconf 82' lang='lat' dir='ltr'><strong>se</strong></span> <span class='ocrx_word' id='word_1_911' title='bbox 3343 5320 3493 5384; x_wconf 90' lang='lat' dir='ltr'><strong>lavit,</strong></span> <span class='ocrx_word' id='word_1_912' title='bbox 3547 5317 3625 5372; x_wconf 89' lang='lat' dir='ltr'><strong>illi</strong></span> 
     </span>
    </p>
   </div>
   <div class='ocr_carea' id='block_1_116' title="bbox 2058 5410 3624 5467">
    <p class='ocr_par' dir='ltr' id='par_1_116' title="bbox 2058 5410 3624 5467">
     <span class='ocr_line' id='line_1_116' title="bbox 2058 5410 3624 5467; baseline -0.003 0"><span class='ocrx_word' id='word_1_913' title='bbox 2058 5423 2236 5467; x_wconf 88' lang='lat' dir='ltr'><strong>autem</strong></span> <span class='ocrx_word' id='word_1_914' title='bbox 2289 5426 2398 5464; x_wconf 92' lang='lat' dir='ltr'><strong>non</strong></span> <span class='ocrx_word' id='word_1_915' title='bbox 2459 5411 2636 5465; x_wconf 91' lang='lat' dir='ltr'><strong>solum</strong></span> <span class='ocrx_word' id='word_1_916' title='bbox 2693 5424 2752 5464; x_wconf 84' lang='lat' dir='ltr'><strong>se</strong></span> <span class='ocrx_word' id='word_1_917' title='bbox 2792 5410 3059 5464; x_wconf 90' lang='lat' dir='ltr'><strong>mundare</strong></span> <span class='ocrx_word' id='word_1_918' title='bbox 3089 5411 3383 5465; x_wconf 90' lang='lat' dir='ltr'><strong>noluerunt</strong></span> <span class='ocrx_word' id='word_1_919' title='bbox 3425 5427 3457 5465; x_wconf 89' lang='lat' dir='ltr'><strong>a</strong></span> <span class='ocrx_word' id='word_1_920' title='bbox 3494 5426 3624 5465; x_wconf 84' lang='lat' dir='ltr'><strong>san-</strong></span> 
     </span>
    </p>
   </div>
   <div class='ocr_carea' id='block_1_117' title="bbox 2059 5499 3625 5576">
    <p class='ocr_par' dir='ltr' id='par_1_117' title="bbox 2059 5499 3625 5576">
     <span class='ocr_line' id='line_1_117' title="bbox 2059 5499 3625 5576; baseline -0.002 -19"><span class='ocrx_word' id='word_1_921' title='bbox 2059 5506 2220 5576; x_wconf 77' lang='lat' dir='ltr'><strong>guine</strong></span> <span class='ocrx_word' id='word_1_922' title='bbox 2263 5501 2488 5568; x_wconf 75' lang='lat' dir='ltr'><strong>Christi,</strong></span> <span class='ocrx_word' id='word_1_923' title='bbox 2539 5503 2632 5556; x_wconf 89' lang='lat' dir='ltr'><strong>sed</strong></span> <span class='ocrx_word' id='word_1_924' title='bbox 2663 5501 2828 5557; x_wconf 85' lang='lat' dir='ltr'><strong>etiam</strong></span> <span class='ocrx_word' id='word_1_925' title='bbox 2863 5516 3029 5571; x_wconf 85' lang='lat' dir='ltr'><strong>super</strong></span> <span class='ocrx_word' id='word_1_926' title='bbox 3059 5517 3118 5556; x_wconf 83' lang='lat' dir='ltr'><strong>se</strong></span> <span class='ocrx_word' id='word_1_927' title='bbox 3149 5509 3509 5570; x_wconf 84' lang='lat' dir='ltr'><strong>susceperunt</strong></span> <span class='ocrx_word' id='word_1_928' title='bbox 3538 5499 3625 5556; x_wconf 85' lang='lat' dir='ltr'><strong>di-</strong></span> 
     </span>
    </p>
   </div>
   <div class='ocr_carea' id='block_1_118' title="bbox 3041 5705 3626 5776">
    <p class='ocr_par' dir='ltr' id='par_1_118' title="bbox 3041 5705 3626 5776">
     <span class='ocr_line' id='line_1_118' title="bbox 3041 5705 3626 5776; baseline 0.005 -16"><span class='ocrx_word' id='word_1_929' title='bbox 3041 5706 3084 5739; x_wconf 75' lang='grc'><strong>³³</strong></span> <span class='ocrx_word' id='word_1_930' title='bbox 3119 5705 3308 5760; x_wconf 82' lang='lat' dir='ltr'><strong>Matth.</strong></span> <span class='ocrx_word' id='word_1_931' title='bbox 3344 5719 3530 5776; x_wconf 77' lang='lat' dir='ltr'><strong>mm,</strong></span> <span class='ocrx_word' id='word_1_932' title='bbox 3558 5706 3626 5763; x_wconf 75' lang='lat'><strong>‘20</strong></span> 
     </span>
    </p>
   </div>
  </div>
