4052 6304
537 321 676 374 4⁵77ἓί

1685 304 2012 364 ΟῐὶὶΟΕΝἶδ
2050 304 2116 360 IN
2159 301 2574 360 “ATTIM'ZUM

3635 302 3779 355 I776

512 445 735 492 'ccntcs:
761 433 982 502 Sanguis
997 431 1108 500 ejus
1121 435 1460 498 supernos,et
1478 425 1780 495 super/ilics
1795 422 2077 478 nostros”.
2113 433 2152 490 Α
2183 421 2328 491 quod
2357 429 2409 476 et
2437 435 2536 474 nos
2562 431 2804 488 quaerere
2830 418 3117 472 voluerunt
3137 416 3340 471 exitum
3374 415 3449 470 rei
3473 416 3537 469 de
3567 432 3777 473 corona

519 527 747 596 Propter
781 525 882 577 huc
926 523 1002 576 rei
1040 520 1166 574 facti
1214 527 1342 572 sunt
1371 532 1479 571 non
1521 517 1696 570 solum
1732 516 1786 568 in
1820 515 2086 586 sanguine

519 618 927 686 prophetarum,
954 611 1046 666 sed
1070 610 1356 680 implentes
1377 622 1691 662 mensuram
1721 617 1932 675 patrum
1951 619 2083 658 suo-

519 723 664 770 rum,
689 705 816 759 lacti
845 713 972 758 sunt
1005 703 1079 756 rei
1112 703 1166 756 in
1198 701 1465 772 sanguine
1494 698 1736 762 Christi,
1775 707 1832 750 ut
1861 697 2086 750 audiant

516 797 686 851 Deum
745 795 846 851 sibi
895 797 1162 850 dicentem
1191 794 1235 826 ³⁸
1269 811 1282 846 :
1319 792 1450 846 Cum
1509 789 1852 844 extendet-itis
1896 805 2083 842 manus

515 898 714 942 vestras
738 889 807 940 ad
841 903 922 940 me
942 928 958 954 ,
988 895 1222 940 avertam
1251 886 1430 940 oculos
1463 902 1604 940 meos
1642 902 1674 938 a
1697 882 1874 946 vobis;
1897 897 2083 934 manus

512 979 649 1032 enim
675 989 862 1032 vestrae
884 978 1138 1047 sanguine
1169 975 1336 1046 pleme
1357 985 1500 1032 sunt.
1531 975 1821 1045 Propterea
1853 975 2080 1042 sanguis

511 1068 640 1124 Jesu
678 1083 786 1123 non
816 1070 990 1122 solum
1035 1084 1201 1136 super
1227 1083 1324 1122 eos
1357 1067 1534 1122 factus
1565 1077 1650 1122 est
1679 1067 1770 1135 qui
1805 1075 1935 1120 tunc
1970 1065 2085 1118 fue-

512 1167 662 1222 runt,
697 1175 884 1214 Verum
933 1159 1096 1212 etiam
1149 1172 1313 1227 super
1353 1171 1544 1210 omnes
1572 1153 1947 1226 generationes
1987 1151 2084 1206 Ju-

510 1254 751 1306 daeorum
775 1259 900 1321 post
931 1258 1224 1319 sequentes
1239 1263 1413 1318 usque
1438 1247 1506 1302 ad
1531 1246 2078 1301 consummationem.

511 1344 801 1414 Propterea
841 1357 1014 1412 usque
1053 1355 1200 1394 nunc
1231 1340 1430 1394 domus
1463 1353 1654 1393 eorum
1699 1337 1962 1393 derelicta
2001 1345 2084 1390 est

510 1440 592 1492 eis
613 1439 846 1492 deserta.
885 1435 1092 1489 Pilatus
1112 1443 1292 1486 autem
1317 1431 1520 1486 oblitus
1541 1429 1833 1485 verborum
1857 1443 2080 1484 suorum

511 1529 781 1582 bonorum
831 1526 1034 1596 quibus
1083 1534 1326 1594 casperat
1377 1519 1669 1578 defendere
1714 1520 2081 1576 innocentiam

509 1619 737 1683 Christi,
769 1616 1048 1671 declinans
1078 1615 1144 1668 ad
1187 1612 1412 1676 malum,
1473 1627 1582 1667 non
1622 1611 1800 1666 solum
1863 1610 2084 1665 tradidit

507 1707 718 1776 Jcsum,
761 1707 856 1762 sed
900 1705 1064 1761 etiam
1101 1705 1325 1776 flagellis
1363 1719 1564 1760 caesum
1599 1703 1819 1759 tradidit
1852 1711 1911 1757 ut
1951 1719 2080 1756 cru-

508 1803 790 1872 ciligerent
833 1814 980 1854 eum.

581 1893 702 1947 125.
735 1891 880 1946 Tunc
911 1889 1103 1943 milites
1135 1886 1380 1958 prasidis
1419 1893 1755 1954 susceperunt
1796 1883 1977 1939 Iesum
2032 1883 2085 1935 in

505 1984 832 2056 primarium,
871 1992 919 2035 et
962 1987 1399 2051 congregat-erunt
1441 1977 1510 2030 ad
1542 1991 1660 2030 eum
1703 1984 1870 2030 totam
1899 1972 2086 2026 cohor-

505 2086 630 2143 tem,
659 2085 708 2130 et
733 2076 1014 2130 induerunt
1038 2088 1157 2126 cum
1185 2069 1511 2140 chlamydem
1535 2067 1854 2128 coccineum,
1887 2072 1934 2118 et
1967 2079 2086 2132 pur-

503 2183 692 2236 puram
729 2163 1186 2218 circumdederunt
1223 2161 1292 2226 ei,
1327 2169 1377 2214 et
1416 2173 1662 2212 coronam
1701 2157 1764 2210 de
1801 2155 1964 2224 spinis
1993 2169 2082 2222 po-

504 2267 718 2314 suerunt
759 2272 916 2326 super
949 2261 1108 2324 caput
1143 2253 1280 2320 eius,
1324 2261 1373 2306 et
1409 2250 1726 2305 arundinem
1767 2247 1821 2301 in
1865 2247 2084 2300 dextera

503 2353 637 2424 ejus.
671 2360 719 2406 ct
750 2348 1178 2420 adgeniculantes
1221 2361 1300 2411 se,
1331 2343 1646 2399 deludebant
1672 2357 1790 2396 eum
1819 2341 2082 2394 dicentes:

504 2447 629 2510 Are,
658 2457 751 2497 rea:
775 2439 1088 2496 Judxorum
1113 2439 1178 2490 ³⁸.
1213 2435 1518 2492 Verisimile
1541 2443 1644 2500 est,
1673 2441 1733 2487 ut
1762 2431 1814 2484 in
1853 2431 2084 2500 primor-

501 2537 607 2592 diis
649 2546 778 2591 tunc
826 2534 1038 2589 noviter
1072 2530 1238 2586 erecti
1287 2525 1660 2598 imperatoris,
1699 2523 1919 2586 milites,
1953 2536 2086 2576 non-

501 2630 631 2683 dum
683 2627 982 2696 disciplina;
1035 2623 1283 2680 ordinem
1335 2626 1726 2676 conservantes
1779 2615 2082 2678 decentem,

500 2731 652 2776 extra
677 2717 1128 2776 consuetudinem
1159 2712 1459 2784 disciplina!
1488 2725 1608 2780 quae
1630 2722 1776 2764 nunc
1802 2715 1905 2772 est,
1941 2705 2085 2760 face-

499 2823 621 2868 rent
645 2814 699 2867 iu
723 2812 1084 2872 Salvatorem,
1114 2805 1334 2876 quando
1363 2803 1690 2872 accipientes
1715 2814 1840 2853 cum
1869 2799 1920 2856 in
1948 2812 2085 2868 prte-

499 2909 700 2962 torium
729 2909 1199 2975 congregaveruut
1225 2907 1394 2954 totam
1424 2897 1728 2960 cohortem,
1755 2901 1809 2947 et
1840 2890 2086 2946 fecerunt

497 2987 620 3070 qdae
657 2997 852 3053 fecisse
893 2995 1169 3056 dicuntur,
1207 2991 1388 3046 lusum
1429 2987 1532 3043 sibi
1568 2985 1756 3042 Jesum
1799 2983 2080 3049 facientes,

500 3099 719 3160 propter
749 3086 894 3157 quod
931 3084 1245 3139 nominatus
1274 3081 1451 3136 fuerat
1481 3094 1576 3134 rex
1604 3076 1940 3133 Judaaorum.
1972 3074 2086 3145 Ego

497 3191 679 3236 autem
717 3187 848 3248 puto
894 3176 1093 3230 milites
1120 3174 1334 3238 fecisse,
1362 3169 1717 3241 operantibus
1749 3169 1803 3222 in
1854 3181 1914 3222 se
1943 3167 2080 3220 invi-

498 3271 748 3330 sibilibus
793 3269 1032 3342 regibus,
1065 3276 1121 3322 et
1171 3263 1504 3337 principibus
1537 3260 1722 3318 saeculi
1758 3260 1944 3330 hujus,
1983 3259 2075 3328 qui

497 3367 776 3421 astiterunt
812 3372 862 3417 et
905 3367 1254 3415 convenerunt
1295 3357 1348 3410 in
1391 3369 1554 3408 unum
1597 3353 1850 3406 adversus
1898 3349 2078 3403 Domi-

497 3475 625 3514 num
664 3466 714 3512 et
760 3455 1009 3510 adversus
1049 3451 1320 3508 Christum
1354 3446 1468 3518 ejus
1495 3446 1559 3512 "',
1599 3453 1662 3500 ut
1707 3443 1954 3499 videatur
1987 3439 2074 3495 illa

496 3549 706 3605 delusio
727 3561 918 3602 eorum
944 3545 1128 3617 potius
1157 3542 1325 3597 fuisse
1344 3555 1508 3610 quam
1541 3537 1858 3601 hominum;
1885 3548 2074 3588 eorum

497 3654 678 3698 autem
727 3643 820 3712 qui
869 3655 974 3695 non
1019 3644 1392 3709 cognoverunt
1436 3633 1490 3687 in
1537 3630 1624 3684 illa
1671 3626 2077 3698 dispensatione

496 3735 817 3805 sapientiam
853 3732 944 3786 Dei
971 3750 985 3786 :
1019 3729 1078 3785 Si
1101 3729 1240 3785 enim
1267 3724 1647 3795 cognovissent,
1678 3733 1942 3788 nunquam
1969 3715 2077 3768 Do-

495 3831 697 3882 minum
725 3823 1017 3891 maiestatis
1047 3819 1438 3888 cruciﬁxissent
1473 3815 1538 3868 ³⁸.
1575 3812 1716 3884 Ergo
1753 3810 1951 3866 cohors
1985 3809 2074 3862 illa

497 3918 812 3991 mysterium
843 3927 960 3970 erat
985 3913 1191 3972 militiae
1219 3907 1454 3978 alicujus
1477 3905 1752 3974 malignae.
1782 3900 1848 3955 Et
1874 3915 2072 3969 exspo-

495 4012 764 4066 liaverunt
791 4022 915 4062 eum
949 4005 1269 4060 vestimenta
1299 4001 1422 4072 ejus
1451 4013 1572 4068 quae
1594 3995 1882 4050 desursum
1917 3993 2076 4046 habe-

497 4103 606 4163 bat,
644 4099 878 4154 tunicam
928 4095 1334 4157 iucousutilem,
1389 4099 1444 4145 et
1486 4088 1716 4160 stolam;
1769 4087 1882 4140 haec
1925 4085 2069 4139 enim

495 4191 812 4246 vestimenta
845 4189 965 4258 ejus
1010 4187 1135 4240 talia
1165 4181 1420 4238 describit
1459 4177 1737 4234 Joannes:
1781 4185 1832 4230 et
1882 4175 2070 4230 induc-

495 4291 624 4338 runt
667 4296 792 4336 cum
831 4279 1148 4334 deludentes
1187 4282 1408 4345 propter
1456 4283 1654 4325 nomen
1701 4267 1822 4338 ejus
1868 4266 2066 4336 regale,

494 4373 802 4429 coccincam
825 4367 1185 4438 chlamydem,
1204 4380 1310 4419 non
1335 4362 1694 4432 iutelligcntes
1713 4359 1858 4429 quod
1881 4367 2067 4426 agunt.

497 4467 589 4520 Illa
620 4475 799 4520 autem
833 4463 1086 4518 coccinea
1129 4457 1374 4528 chlamys
1410 4453 1726 4525 mysterium
1754 4459 1869 4505 erat
1893 4449 2069 4505 cocci-

495 4559 580 4612 nei
622 4557 762 4628 signi
793 4553 939 4626 quod
969 4549 1230 4618 scriptum
1263 4557 1345 4602 est
1377 4547 1430 4600 in
1471 4544 1599 4600 Jesu
1643 4541 1789 4598 Nave
1820 4543 1885 4606 ³⁸,
1919 4540 2064 4610 quod

493 4651 557 4704 ad
589 4648 820 4704 salutem
862 4658 1018 4701 suam
1058 4639 1248 4694 habuit
1277 4638 1367 4692 illa
1409 4637 1580 4700 Raab,
1613 4644 1668 4689 et
1702 4634 1754 4686 in
1799 4631 1992 4687 Genesi
2023 4630 2066 4661 ⁸ο

492 4740 636 4811 quod
681 4738 884 4794 factum
915 4743 998 4792 est
1042 4734 1096 4790 in
1143 4746 1254 4788 uno
1297 4729 1531 4784 ﬁliorum
1573 4725 1814 4780 Thamar
1845 4723 1911 4776 ad
1949 4737 2065 4776 ma-

493 4809 622 4884 num
652 4827 945 4890 nascentis,
977 4836 1036 4880 ut
1068 4836 1292 4878 coccum
1318 4819 1630 4889 alligaretur
1659 4815 1712 4868 in
1739 4812 1895 4882 signo
1925 4809 2070 4864 futu-

493 4936 566 4974 rzc
589 4917 858 4988 passionis
883 4913 1110 4972 Christi.
1138 4912 1279 4982 Ergo
1303 4920 1358 4966 et
1384 4922 1526 4963 nunc
1553 4903 1855 4974 suscipiens
1888 4899 2069 4954 Domi-

493 5027 596 5066 nus
627 5009 936 5064 coccineam
962 5003 1324 5075 chlamydem,
1358 5003 1412 5056 in
1437 5016 1495 5055 se
1522 4996 1840 5066 sanguinem
1878 4991 2064 5046 mundi

488 5099 746 5170 suscepit,
791 5105 844 5152 et
878 5097 930 5150 in
978 5095 1165 5165 spinea
1216 5093 1306 5147 illa
1351 5105 1552 5146 corona
1601 5085 1842 5154 suscepit
1883 5083 2070 5152 spinas

490 5201 832 5265 peccatorum
859 5198 1166 5243 nostrorum
1203 5187 1437 5242 intextas
1461 5182 1512 5234 in
1547 5177 1721 5247 capite
1753 5189 1874 5230 suo.
1907 5172 1970 5228 Et
2001 5172 2068 5226 de

489 5285 772 5355 chlamyde
797 5283 1056 5350 scriptum
1085 5291 1168 5335 est
1194 5278 1454 5349 quoniam
1484 5275 1664 5329 denuo
1697 5267 2070 5338 spoliaverunt

486 5394 610 5432 eum
641 5374 981 5444 chlamydem
1011 5371 1357 5432 coccineam;
1391 5365 1458 5419 dc
1495 5375 1697 5418 corona
1740 5368 1918 5412 autem
1960 5357 2066 5424 spi-

490 5481 588 5521 nea
647 5465 779 5521 nihil
829 5464 934 5519 tale
981 5461 1327 5532 evangelista!
1374 5457 1729 5524 scripserunt,
1777 5458 2061 5521 propterea

1207 5666 1252 5696 ³⁸
1289 5663 1392 5717 lsa.
1431 5679 1468 5723 ι.
1503 5662 1584 5715 ιεί.

557 5670 600 5700 ³³
629 5670 816 5726 Matth.
843 5685 1013 5732 xxv",
1038 5669 1130 5722 ‘25.

1294 5735 1336 5766 “
1366 5732 1509 5787 Psal.
1547 5746 1692 5795 κων,
1720 5731 1774 5784 7.

488 5755 546 5790 ιι.
620 5740 663 5770 ⁸⁰
688 5741 822 5794 Gen.
857 5755 1096 5802 xxxvm,
1125 5736 1215 5789 27.

2115 1785 2155 1838 B

2111 3124 2152 3178 Ο

2107 4479 2146 4532 D

1663 5661 1707 5692 ³⁸
1737 5659 1927 5714 Matth.
1958 5672 2140 5727 asin,
2160 5653 2232 5709 27
2265 5663 2320 5709 et
2345 5669 2498 5727 seqq.

1875 5729 1920 5760 ’δ’
1955 5725 2126 5781 ιυοτ.
2169 5741 2242 5792 Iv,
2269 5727 2360 5780 2t.

2187 513 2372 582 spinea
2415 511 2582 566 semel
2627 510 2879 579 imposita
2923 520 2978 562 et
3025 523 3304 577 nunquam
3353 507 3622 562 detracta.
3656 508 3780 580 Ego

2188 602 2353 672 igitur
2378 601 2612 654 arbitror
2635 599 2896 669 quoniam
2931 599 3120 666 spinea
3155 597 3244 651 illa
3274 609 3475 650 corona
3504 611 3774 651 consum-

2188 704 2276 762 pta
2303 701 2388 748 est
2411 708 2443 747 a
2470 695 2646 762 capite
2667 689 2821 756 Jesu,
2849 699 2907 744 ut
2943 690 3054 760 jam
3089 705 3194 743 non
3227 689 3336 743 sint
3368 689 3538 759 spinae
3566 700 3779 744 nostra!

2187 783 2444 853 antiqurc,
2477 791 2764 854 postquam
2795 781 2960 836 semel
2993 796 3088 835 eas
3115 797 3144 834 a
3173 781 3330 836 nobis
3363 779 3589 835 abstulit
3609 778 3779 835 Jesus

2187 891 2352 946 super
2381 874 2685 930 venerabile
2721 881 2886 942 caput
2927 887 3112 926 suum.
3161 871 3217 924 Si
3267 880 3450 925 autem
3487 881 3540 926 et
3582 873 3652 926 de
3681 887 3781 927 ca-

2187 967 2331 1022 lamo
2370 981 2530 1036 quem
2581 972 2880 1036 posuerunt
2923 964 2976 1016 iu
3010 963 3229 1017 dextera
3263 962 3405 1032 ejus,
3447 961 3653 1032 aliquid
3693 961 3780 1015 di-

2185 1073 2308 1114 cere
2335 1057 2610 1119 convenit,
2646 1053 2956 1125 hujusmodi
3000 1054 3236 1109 dicimus
3279 1054 3576 1110 rationem.
3607 1052 3777 1116 Cala-

2187 1165 2308 1204 mus
2333 1165 2464 1219 ergo
2501 1149 2590 1202 ille
2617 1148 2932 1218 mysterium
2977 1145 3076 1200 fuit
3103 1147 3299 1215 sceptri
3324 1146 3448 1200 vani
3485 1155 3539 1200 et
3562 1145 3778 1214 fragilis

2186 1255 2352 1310 super
2381 1253 2542 1308 quem
2575 1237 3022 1293 incumbehamus
3053 1253 3245 1290 omnes
3287 1236 3606 1307 pziusquam
3653 1253 3775 1291 creo

2187 1332 2442 1385 dercmus
2477 1339 2750 1399 sceptrum
2792 1328 3038 1399 maligni.
3084 1327 3510 1383 Conlidcbamus
3531 1329 3678 1384 enim
3715 1327 3773 1382 in

2186 1422 2333 1491 virga
2362 1421 2629 1476 calamina
2657 1418 2894 1490 Egypti,
2919 1419 3001 1472 vel
3025 1418 3339 1490 Babylonis,
3368 1419 3449 1473 vel
3479 1421 3772 1490 cujuscun-

2183 1527 2290 1582 que
2338 1513 2488 1583 regni
2519 1511 2780 1566 contrarii
2817 1519 3008 1566 contra
3057 1526 3282 1580 regnum
3328 1510 3446 1578 Dei,
3477 1519 3532 1565 et
3559 1511 3774 1580 accepit

2185 1605 2454 1658 calamum
2489 1603 2639 1657 illum
2676 1611 2731 1657 et
2757 1601 2963 1672 virgam
2998 1601 3204 1672 fragilis
3241 1603 3392 1674 regni
3421 1603 3489 1657 de
3517 1603 3774 1657 manibus

2187 1697 2409 1757 nostris.
2438 1706 2496 1750 ut
2529 1695 2818 1766 triumphet
2851 1710 2998 1759 eum,
3029 1695 3194 1766 920
3223 1707 3276 1750 et
3321 1705 3574 1750 conterat
3611 1696 3666 1750 in
3707 1695 3774 1749 li-

2185 1804 2291 1858 gno
2329 1788 2543 1851 crucis;
2570 1797 2626 1844 ct
2666 1803 2764 1858 pro
2805 1789 3019 1843 calamo
3061 1788 3154 1842 illo
3197 1787 3364 1856 priori
3399 1801 3565 1857 super
3604 1802 3770 1858 quem

2189 1879 2341 1948 prius
2390 1879 2864 1941 recumbebamus,
2907 1879 3058 1934 dedit
3101 1878 3259 1932 nobis
3305 1887 3578 1948 sceptrum
3618 1876 3772 1948 regni

2187 1970 2448 2034 cmlestis,
2477 1979 2531 2024 ct
2567 1971 2771 2042 virgam
2815 1970 2884 2026 de
2919 1985 3026 2040 qua
3057 1970 3318 2040 scriptum
3356 1978 3440 2024 est
3482 1969 3563 2020 “z
3612 1966 3770 2038 Virga

2186 2061 2476 2130 tenuitatis,
2503 2063 2650 2131 virga
2685 2061 2829 2133 regni
2866 2061 2974 2124 tui;
3011 2059 3092 2116 vel
3123 2061 3331 2130 virgam
3363 2075 3487 2130 qua:
3511 2058 3772 2127 corripiat

2185 2169 2280 2209 eos
2322 2153 2414 2224 qui
2445 2168 2582 2222 opus
2609 2153 2810 2207 habent
2833 2151 3194 2222 correptione,
3222 2152 3288 2206 de
3313 2167 3422 2222 qua
3454 2151 3587 2206 dicit
3620 2151 3769 2221 Apo-

2187 2236 2357 2298 stolus
2380 2243 2425 2275 “
2453 2259 2467 2295 :
2497 2243 2636 2309 Quid
2660 2243 2814 2298 vultis
2832 2243 2858 2297 .9
2881 2243 2936 2298 in
2965 2243 3111 2312 virga
3127 2242 3329 2296 veniam
3359 2243 3428 2295 ad
3455 2243 3585 2298 vos?
3615 2242 3772 2296 Dedit

2188 2334 2343 2389 nobis
2381 2341 2436 2388 et
2462 2333 2713 2388 baculum
2745 2343 2803 2387 ut
2837 2333 3173 2388 celebremus
3202 2330 3434 2396 Pascha,
3467 2335 3766 2390 secundum

2185 2427 2327 2495 quod
2359 2426 2619 2496 scriptum
2651 2435 2731 2480 est
2762 2426 2847 2478 “z
2887 2423 3078 2478 Baculi
3112 2427 3269 2478 vestri
3309 2426 3364 2478 in
3401 2426 3644 2480 manibus
3678 2442 3766 2480 ve-

2185 2516 2311 2569 stris
2335 2515 2477 2580 sint;
2511 2523 2570 2569 ut
2591 2514 2926 2569 celebremus
2961 2513 3167 2570 Pascha
3201 2515 3532 2584 deponentes
3558 2515 3766 2586 virgam

2185 2606 2381 2661 calami
2419 2621 2538 2660 eam
2577 2621 2740 2674 quam
2793 2603 3126 2660 habebamus
3163 2606 3476 2674 priusquam
3517 2604 3766 2660 celebra—

2188 2713 2370 2754 remus
2404 2697 2615 2750 Domini
2660 2695 2890 2752 Pascha.
2926 2695 3241 2750 Percutiunt
3279 2705 3456 2750 autem
3499 2711 3622 2750 cum
3660 2696 3768 2752 hoc

2185 2787 2366 2859 fragili
2397 2797 2450 2843 et
2483 2803 2624 2842 vano
2656 2787 2866 2843 calamo
2902 2795 3067 2856 caput
3096 2785 3224 2842 Jesu
3273 2786 3601 2854 venerabile,
3623 2803 3764 2857 quo-

2187 2882 2330 2935 niam
2357 2889 2413 2936 et
2439 2895 2655 2949 semper
2683 2894 2908 2948 regnum
2953 2876 3085 2932 illud
3131 2877 3468 2933 contrarium
3498 2879 3767 2934 conviciat

2184 2983 2237 3028 ct
2262 2971 2509 3028 verberat
2537 2970 2702 3026 Deum
2731 2968 2970 3036 Patrem,
2995 2979 3157 3040 caput
3189 2968 3404 3025 Domini
3443 2968 3762 3026 Salvatoris.

2185 3065 2252 3120 Et
2279 3066 2332 3120 in
2371 3065 2454 3121 his
2498 3063 2754 3119 omnibus
2787 3063 3064 3134 unigenita
3091 3065 3264 3118 virtus
3295 3062 3472 3118 nocita
3519 3078 3624 3117 non
3659 3073 3764 3130 est,

2185 3158 2328 3214 sicut
2369 3172 2470 3212 nec
2507 3170 2666 3226 passa
2698 3163 2780 3210 est
2813 3154 3038 3224 aliquid,
3085 3155 3220 3210 facta
3264 3171 3364 3224 pro
3410 3155 3569 3210 nobis
3600 3158 3766 3209 malc-

2183 3248 2409 3309 dictum,
2443 3263 2566 3303 cum
2598 3245 2915 3300 naturaliter
2953 3246 3256 3302 benedictio
3283 3255 3468 3301 esset:
3508 3245 3602 3302 sed
3636 3261 3761 3300 cum

2185 3337 2488 3392 benedictio
2521 3344 2690 3396 esset,
2725 3335 3086 3404 consumpsit,
3127 3346 3179 3392 et
3221 3337 3476 3401 absolvit,
3501 3345 3554 3391 et
3599 3337 3764 3391 dissi-

2183 3427 2330 3498 pavit
2359 3443 2575 3484 onmem
2621 3428 3051 3484 maledictionem
3084 3429 3402 3484 humanam.

2256 3522 2376 3578 116.
2420 3520 2679 3576 Ezeuntes
2719 3531 2892 3574 autem
2939 3521 3242 3575 invenerunt
3294 3522 3554 3576 lioutinem
3599 3519 3761 3592 Cyre-

2181 3629 2376 3679 narum,
2425 3615 2630 3668 nomine
2683 3611 3002 3668 Simonem:
3047 3611 3184 3666 hunc
3230 3613 3641 3684 angariaverunt
3707 3621 3763 3666 ut

2183 3703 2384 3759 tolleret
2429 3720 2634 3760 crucem
2672 3709 2784 3776 ejus
2807 3705 2874 3760 “.
2922 3703 3076 3761 Sicut
3116 3705 3262 3761 enim
3305 3705 3601 3762 secundum
3654 3715 3765 3762 tres

2179 3797 2538 3867 evangelistas
2587 3807 2826 3853 tentatur
2859 3813 2888 3853 a
2937 3798 3158 3854 diabolo
3205 3797 3408 3856 Jesus:
3455 3799 3760 3854 secundum

2179 3884 2442 3942 Joannem
2466 3898 2670 3955 autem,
2695 3889 2788 3958 qui
2817 3889 3079 3960 spiritalis
3107 3899 3317 3946 natura
3342 3890 3460 3960 ejus
3489 3888 3617 3946 fecit
3643 3907 3764 3947 ser-

2181 3993 2420 4044 monem,
2449 3994 2555 4034 non
2593 3989 2832 4035 tentatur
2857 3996 2873 4033 :
2907 3997 3007 4037 nec
3029 3982 3175 4037 enim
3201 3990 3436 4038 tentatur
3463 3983 3686 4046 veritas,
3713 3992 3766 4036 et

2180 4070 2310 4138 vita,
2335 4079 2388 4126 et
2433 4071 2780 4139 resurrectio,
2813 4081 2867 4128 et
2897 4073 3078 4127 lumen
3123 4087 3350 4129 verum:
3389 4075 3480 4130 sed
3510 4075 3762 4128 tentaba-

2177 4171 2268 4232 _tur
2291 4163 2590 4218 secundum
2622 4163 2896 4219 hominem
2923 4180 3085 4236 quem
3111 4176 3426 4236 susceperat
3445 4165 3764 4236 unigenitus

2179 4251 2355 4320 Deus;
2388 4253 2467 4308 sic
2494 4255 2792 4330 secundum
2817 4253 3080 4310 Joannem
3106 4256 3325 4325 quidem
3357 4255 3628 4321 Salvator,
3665 4244 3763 4312 im-

2177 4345 2508 4414 ponentibus
2539 4345 2620 4401 eis
2655 4346 2748 4416 qui
2775 4357 3138 4418 susceperunt
3165 4363 3314 4414 eum,
3348 4363 3566 4404 crucem
3599 4363 3760 4405 suam

2179 4444 2402 4504 portans
2427 4449 2680 4504 egressus
2713 4447 2796 4492 est
2835 4436 2888 4490 in
2930 4437 3113 4493 locum
3142 4439 3236 4509 qui
3265 4439 3466 4494 dicitur
3494 4438 3761 4496 Calvariae

2177 4527 2348 4588 locus,
2387 4527 2685 4582 secundum
2721 4527 2960 4598 reliquos
2988 4537 3170 4585 autem
3199 4529 3304 4586 sibi
3334 4545 3456 4586 eam
3491 4546 3598 4586 non
3627 4548 3759 4601 por-

2173 4626 2268 4674 tat.
2301 4617 2575 4674 Exeuntes
2599 4620 2745 4674 enim
2788 4620 2882 4690 qui
2905 4620 3176 4678 ducebant
3195 4637 3322 4678 eum
3349 4623 3416 4677 ad
3437 4623 3760 4694 cruciﬁgen-

2171 4711 2324 4772 duut,
2357 4711 2680 4766 invenerunt
2707 4711 2998 4781 quemdam
3045 4711 3387 4784 Cyrenarum,
3423 4713 3645 4768 nomine
3672 4711 3759 4770 Si-

2173 4819 2414 4872 monem,
2447 4821 2610 4876 quem
2652 4805 3077 4876 angariaverunt
3127 4812 3187 4859 ut
3224 4803 3496 4874 acciperet
3535 4819 3756 4859 crucrm

2172 4897 2397 4953 Clu-isti.
2437 4896 2554 4952 Non
2587 4906 2766 4953 autem
2804 4899 2982 4952 solum
3034 4894 3370 4952 Salvatorem
3401 4894 3756 4951 conveniebat

2175 4991 2420 5060 accipere
2453 5005 2671 5046 crucem
2697 5004 2878 5052 suam,
2913 4989 3006 5044 sed
3032 4996 3088 5044 et
3119 5002 3220 5044 nos
3242 4987 3596 5044 conveniebat
3628 5003 3760 5056 por-

2174 5094 2290 5138 tare
2319 5098 2460 5149 cam,
2501 5083 2797 5138 salutarem
2844 5081 3003 5138 nobis
3042 5080 3322 5151 augariam
3371 5079 3755 5148 adimpleutes.

2175 5173 2286 5231 Nec
2317 5175 2512 5231 iterum
2557 5183 2736 5229 autem
2773 5173 2853 5229 sic
2889 5171 3244 5242 prodilicaudi
3291 5170 3572 5226 fueramus
3625 5187 3756 5226 cru-

2175 5280 2293 5320 cem
2329 5263 2450 5334 ejus
2479 5262 2828 5333 accipientes,
2860 5273 3125 5332 quantum
3161 5259 3324 5317 modo
3363 5259 3758 5330 proditlcamur

2175 5372 2204 5412 a
2239 5371 2401 5412 cruce
2433 5356 2573 5426 ejus,
2600 5369 2724 5410 cum
2751 5364 2805 5408 et
2843 5355 2957 5424 ipse
2998 5353 3101 5408 sibi
3131 5352 3361 5422 accipiat
3389 5365 3509 5405 eam
3534 5361 3589 5404 et
3627 5367 3757 5420 por-

2174 5457 2267 5502 tet.
2325 5446 2549 5514 Quaercs
2601 5446 2668 5510 si,
2713 5445 3012 5501 secundum
3059 5455 3286 5507 textum,
3335 5453 3626 5514 utrumque
3669 5453 3754 5496 est

2577 5655 2620 5687 ³⁷
2647 5651 2791 5708 Psal.
2822 5668 2880 5716 ιι,
2913 5652 2969 5706 2.
3046 5651 3092 5682 ³⁸
3119 5651 3136 5705 l
3165 5651 3290 5704 Cor.
3329 5667 3388 5713 ιι,
3427 5651 3482 5705 8.
3561 5647 3738 5702 ".los.

2455 5719 2499 5756 ‘3
2529 5723 2704 5778 Exod.
2741 5739 2840 5781 xu.
2875 5723 2962 5777 ll.
3057 5721 3102 5753 “
3136 5719 3330 5798 Matth.
3369 5734 3537 5776 xxv".
3575 5719 3648 5773 δὲ
