4052 6304
341 397 494 453 I777

1488 398 2142 456 COMMENTARIORUM
2179 401 2443 457 SlililES.

3474 406 3607 462 1178

341 517 582 585 factum,
609 527 662 575 ct
696 536 801 574 non
831 520 1115 575 dissonant
1150 518 1251 574 sibi
1298 521 1643 590 evangelista:
1680 521 1748 573 ab
1796 521 1932 574 iuvi-
1963 528 2005 583 Α
2037 523 2240 592 gratias
2278 538 2464 594 agens,
2504 523 2786 593 discipulis
2811 524 2978 587 dedit,
3008 532 3062 579 et
3095 525 3347 592 promisit
3380 542 3438 582 se
3476 526 3609 581 bibi-

342 625 498 677 eem,
529 619 582 665 et
613 611 742 681 quid
771 627 960 665 eorum
997 611 1151 680 prius
1183 619 1266 665 est
1297 610 1494 665 factum
1522 629 1536 664 ε
1565 621 1748 666 utrum
1785 612 1931 666 enim

342 702 447 768 qui
478 711 838 772 susceperunt
863 700 1049 758 Jesum
1086 701 1154 756 ad
1205 702 1630 773 crueiligendum
1662 712 1718 757 et
1758 703 1934 771 impo-

346 800 546 849 uentes
576 793 626 847 ei
677 807 918 856 crucem,
957 801 1017 847 ut
1062 800 1286 861 portans
1314 808 1432 847 eam
1464 802 1622 847 exeat
1665 794 1718 847 in
1755 794 1934 848 locum

340 881 639 946 Calvarim,
669 883 773 939 hoc
800 884 1038 953 primum
1074 882 1318 938 fecerunt
1350 894 1642 953 antequam
1685 885 1934 954 angaria-

342 984 475 1029 rent
515 973 794 1031 Simonem
829 976 1148 1047 Cyrenaaum
1176 993 1190 1031 :
1218 985 1315 1031 aut
1354 976 1558 1048 egressi
1593 976 1812 1046 quidem
1847 993 1941 1031 au-

342 1066 705 1137 gariaverunt
725 1068 1029 1135 Simonem,
1060 1067 1190 1123 facti
1224 1076 1410 1124 autem
1439 1070 1505 1125 ad
1534 1070 1716 1125 locum
1739 1069 1792 1123 in
1828 1085 1940 1140 quo

341 1172 479 1212 eum
517 1158 738 1215 fuerunt
774 1159 1122 1228 suspensuri,
1158 1169 1459 1230 posuerunt
1485 1175 1705 1216 crucem
1743 1160 1792 1216 ei
1838 1154 1940 1230 ipsi

340 1258 411 1302 ut
442 1249 559 1319 ipse
589 1264 708 1304 eam
741 1258 1003 1321 portaret.
1040 1250 1105 1305 Et
1134 1252 1226 1322 qui
1264 1261 1442 1322 potest
1464 1252 1760 1315 discutere,
1792 1268 1939 1321 qua:-

342 1351 441 1394 rat
477 1340 781 1397 discutiens
807 1342 859 1396 in
893 1350 1147 1412 utroque,
1180 1350 1240 1397 ut
1271 1344 1507 1399 inveniat
1547 1351 1730 1397 utrum
1776 1343 1937 1397 linem

342 1431 636 1502 portanda:
667 1432 850 1489 crucis
896 1434 1127 1502 accepit,
1175 1442 1271 1488 aut
1302 1435 1475 1506 magis
1515 1435 1807 1506 Cyrenazus
1852 1432 1932 1489 Si-

343 1540 505 1587 mon,
540 1538 646 1578 non
696 1524 922 1581 fortuitu
961 1525 1301 1596 angariatus,
1349 1527 1443 1582 sed
1487 1526 1787 1582 secundum
1833 1526 1935 1582 ali-

342 1630 518 1685 quam
551 1615 618 1671 de
653 1631 721 1671 eo
755 1617 1155 1687 praescientiam
1201 1617 1315 1680 Dei,
1356 1619 1658 1673 secundum
1701 1617 1937 1687 disposi-

345 1707 560 1762 tionem
599 1706 692 1764 Dei
724 1709 922 1765 ductus
956 1709 1025 1764 ad
1071 1709 1178 1766 hoc
1212 1719 1270 1765 ut
1311 1709 1620 1780 evangelica
1657 1709 1936 1779 Scriptura

2040 624 2222 669 turum
2253 630 2451 670 novum
2485 615 2663 685 ipsum
2702 616 2753 668 in
2780 631 2944 686 regno
2975 614 3092 670 Det.

2110 703 2232 758 128.
2278 701 2565 773 Postquam
2610 713 2787 758 autent
2830 705 3210 773 cruciﬁxerunt
3243 723 3383 770 eum,
3422 710 3607 763 divisea

2042 801 2163 845 runt
2204 792 2304 846 sibi
2351 794 2656 846 vestimenta
2695 793 2830 862 ejus,
2863 803 3055 848 sortem
3093 796 3397 850 mittentes:
3440 808 3488 850 et
3525 817 3610 852 εει

2041 881 2218 935 dentes
2243 883 2516 937 servabant
2540 900 2659 938 eum
2686 884 2751 938 “.
2792 884 2855 939 Et
2881 894 3006 940 sunt
3037 901 3209 955 usque
3246 889 3503 956 nuncqui
3527 889 3613 957 ip-

2044 988 2166 1028 sum
2195 972 2414 1042 quidem
2444 989 2551 1027 non
2580 974 2862 1040 habentes,
2881 977 3198 1031 vestimenta
3227 986 3428 1042 autem,
3452 979 3503 1032 id
3528 989 3612 1035 est

2044 1064 2206 1117 verba
2244 1062 2297 1116 in
2330 1061 2626 1133 Scripturis
2649 1065 2825 1134 posita
2855 1066 3072 1131 habent,
3101 1083 3200 1123 nec
3233 1069 3347 1138 ipsa
3387 1071 3452 1123 ad
3493 1072 3608 1139 ple-

2044 1171 2197 1222 num,
2223 1155 2316 1211 sed
2339 1169 2405 1211 ex
2434 1165 2605 1226 parte,
2630 1155 2988 1212 nihilominus
3016 1158 3120 1212 hoc.
3149 1159 3324 1228 ipsum
3351 1162 3608 1230 propheta

2042 1246 2252 1301 dicente
2285 1248 2599 1318 mysterium
2631 1246 2776 1317 quod
2801 1262 2945 1302 nunc
2968 1262 3046 1302 est
3085 1248 3384 1318 impletum.
3419 1249 3609 1307 Utrum

2041 1345 2220 1393 autem
2245 1338 2581 1395 conscissnm
2604 1348 2687 1394 est
2710 1338 2926 1408 aliquod
2948 1341 3389 1397 vestimentorum
3415 1346 3533 1415 ejus
3556 1346 3610 1399 in

2038 1430 2128 1485 illa
2156 1431 2316 1501 921
2334 1431 2645 1501 partitione,
2664 1447 2733 1485 an
2755 1431 2956 1486 mansit
2971 1434 3399 1504 unumquodque
3418 1451 3609 1491 eorum

2039 1523 2311 1592 integrum
2355 1522 2496 1577 sicut
2528 1521 2649 1588 fuit,
2682 1529 2736 1575 et
2775 1522 2957 1591 qualia
2998 1522 3087 1576 illa
3136 1524 3456 1580 vestimenta
3491 1526 3609 1582 fue-

2040 1622 2200 1678 runt,
2252 1630 2360 1668 non
2402 1614 2634 1684 legimus
2679 1608 2820 1684 apud
2871 1622 2981 1670 tres
3027 1617 3427 1685 evangelistas:
3467 1619 3611 1688 apud

2038 1705 2303 1761 Joannem
2343 1716 2525 1761 autem
2559 1707 2853 1764 didicimus
2897 1710 3041 1779 quod
3077 1711 3275 1766 milites
3321 1722 3609 1782 postquam

345 1800 552 1871 dignus
583 1801 941 1868 inveniretur,
981 1810 1036 1856 et
1068 1801 1373 1858 ministerio
1409 1803 1589 1856 crucis
1620 1801 1848 1867 Christi,
1882 1802 1936 1856 in
1969 1809 2011 1862 Β
2040 1797 2427 1854 cruciﬁxerunt
2448 1797 2748 1865 Christum,
2773 1810 3098 1869 acceperunt
3123 1800 3441 1858 vestimenta
3465 1805 3609 1874 ejus,

346 1907 464 1961 qua
496 1892 735 1948 mundus
773 1893 1112 1964 cruciligitur
1145 1895 1373 1961 sanctis,
1407 1904 1461 1948 et
1491 1894 1665 1949 sancti
1709 1893 1933 1948 mundo.

347 1981 587 2048 Quidam
641 1991 823 2038 autem
876 1995 932 2038 et
984 1984 1265 2039 moraliter
1317 1999 1591 2054 exponere
1648 1984 1940 2038 voluerunt

346 2073 502 2129 hunc
538 2073 719 2143 ipsum
763 2073 1043 2130 Simonem
1083 2075 1425 2147 Cyrenaeum,
1474 2092 1541 2130 ex
1570 2091 1636 2131 eo
1678 2077 1822 2145 quod
1871 2076 1940 2131 de

350 2164 637 2234 Pentapoli
669 2174 813 2221 esset
832 2165 1070 2237 Cyrenes
1098 2166 1397 2221 secundum
1431 2165 1655 2237 Libyam
1688 2168 1755 2230 ⁸⁸,
1796 2165 1939 2220 acci-

347 2255 566 2324 pientes
597 2255 940 2311 occasionem
975 2257 1044 2311 de
1085 2255 1340 2313 sensibus
1364 2257 1607 2328 quinque
1646 2267 1705 2313 ut
1729 2256 1936 2329 dicant,

344 2345 514 2415 quasi
558 2346 804 2417 quinque
854 2362 1051 2404 sensus
1108 2356 1460 2418 portaveruut
1512 2347 1938 2419 dispensationis

344 2437 502 2493 Illius
525 2453 765 2493 crucem.
789 2437 978 2494 Simon
1002 2448 1183 2494 autem
1215 2440 1602 2511 interpretatur
1620 2438 1934 2494 obedientia.

344 2529 454 2583 Cui
495 2537 675 2583 autem
716 2531 890 2603 magis
930 2531 1288 2587 conveniebat
1335 2540 1399 2587 ut‘
1440 2547 1657 2587 crucem
1718 2531 1936 2587 Christi

348 2629 593 2690 portaret
627 2621 731 2678 nisi
769 2623 1127 2678 obedientiae?
1168 2633 1282 2691 aut,
1332 2624 1473 2681 sicut
1512 2624 1785 2680 secundus
1827 2622 1938 2679 Lia:

345 2712 500 2767 ﬁlius
527 2721 776 2778 vocatur,
804 2711 1084 2769 Simeoui?
1112 2713 1406 2785 Dupliciter
1428 2714 1573 2769 enim
1612 2714 1755 2785 apud
1789 2712 1936 2769 Grae—

344 2821 448 2862 cos
480 2805 796 2861 nominatur
839 2815 895 2861 et
932 2807 1265 2876 patriarcha,
1293 2817 1347 2863 et
1388 2806 1604 2868 Petrus.
1635 2806 1933 2861 secundum

345 2895 742 2967 proprietatem
786 2896 1038 2954 Hebraici
1091 2899 1384 2965 sermonis,
1432 2908 1492 2953 ut
1545 2899 1835 2953 conveniat
1885 2898 1934 2952 ei

346 2987 448 3059 qui
498 2987 571 3042 ita
619 2998 866 3056 vocatur,
908 2998 968 3045 ut
1003 3001 1058 3045 et
1099 2990 1286 3046 Simon
1331 2990 1545 3045 dicatur
1588 2998 1644 3045 et
1687 2990 1930 3053 Simeon,

345 3079 615 3150 quoniam
648 3079 840 3135 iisdem
874 3080 1068 3137 litteris
1106 3081 1353 3136 scribunt
1397 3080 1605 3136 Hebraei
1638 3090 1695 3135 et
1724 3080 1936 3135 Simeo-

348 3172 443 3226 nis
475 3186 671 3225 nomen
704 3178 760 3226 et
791 3169 1051 3227 Simonis.
1080 3171 1260 3228 Locus
1291 3183 1471 3227 autem
1504 3173 1769 3227 Calvaria:
1798 3171 1936 3227 dici-

346 3273 443 3319 tur
474 3277 583 3317 non
628 3263 1065 3334 qualemcunque
1112 3262 1576 3333 dispensationem
1620 3261 1841 3329 habere,
1876 3272 1938 3317 ut

348 3353 465 3409 illic
510 3352 604 3422 qui
644 3367 746 3422 pro
790 3353 1101 3409 hominibus
1129 3352 1427 3407 moriturus
1460 3350 1658 3415 fuerat,
1695 3364 1937 3406 morere-

350 3455 465 3500 tur.
496 3443 656 3499 Venit
696 3445 842 3499 enim
878 3445 946 3500 ad
981 3460 1066 3498 me
1109 3442 1329 3497 traditio
1361 3441 1607 3510 quaedam
1648 3441 1771 3495 talis
1794 3439 1933 3511 (89),

347 3535 498 3604 quod
532 3549 733 3602 corpus
760 3533 890 3587 Adae
926 3532 1086 3601 primi
1130 3530 1368 3586 hominis
1420 3529 1493 3583 ibi
1529 3528 1802 3595 sepultum
1849 3537 1937 3583 est

350 3625 448 3679 ubi
475 3623 770 3678 crucifixus
796 3630 881 3677 est
903 3621 1179 3689 Christus,
1202 3620 1428 3674 utsicut
1452 3619 1509 3672 in
1541 3617 1711 3672 Adam
1744 3633 1936 3673 omnes

351 3716 683 3780 moriuntur,
727 3713 808 3770 sic
854 3714 909 3768 in
953 3711 1175 3768 Christo
1225 3725 1416 3766 omnes
1463 3708 1802 3763 viviﬁcentur
1846 3707 1931 3762 “:

352 3808 507 3877 utin
539 3808 657 3864 loco
693 3806 784 3861 illo
817 3805 913 3875 qui
942 3804 1143 3861 dicitur
1164 3801 1429 3859 Calvariae
1452 3800 1629 3866 locus,
1656 3799 1709 3854 id
1739 3807 1822 3854 est
1856 3798 1935 3853 lo-

352 3916 446 3954 cus
490 3898 702 3969 capitis,
749 3905 914 3967 caput
957 3894 1182 3950 humani
1222 3892 1438 3963 generis
1480 3889 1932 3946 resurrectionem

353 3991 594 4047 inveniat
635 4005 759 4046 cum
801 3988 1002 4059 populo
1043 3986 1298 4043 universo
1341 4000 1435 4055 per
1476 3982 1932 4039 resurrectionem

353 4082 570 4137 Domini
598 4080 915 4146 Salvatoris,
945 4078 1041 4150 qui
1076 4079 1148 4133 ibi
1176 4092 1370 4148 passus
1393 4084 1496 4140 est,
1527 4082 1582 4128 et
1612 4072 1929 4127 resurrexit.

351 4171 745 4229 lnconveniens
767 4171 912 4227 enim
940 4178 1061 4226 erat
1086 4178 1145 4224 ut
1173 4183 1297 4223 cum
1328 4165 1486 4221 multi
1507 4180 1573 4220 ex
1611 4180 1676 4220 eo
1707 4163 1816 4217 nati
1847 4179 1933 4218 re-

354 4263 672 4319 missionem
727 4262 1037 4332 acciperent
1082 4265 1454 4332 peccatorum,
1509 4263 1564 4310 et
1608 4254 1931 4308 beneﬁcium

355 4353 773 4411 resurrectionis
801 4359 1286 4423 consequerentur,
1323 4365 1431 4404 non
1483 4348 1657 4417 magis
1684 4346 1800 4416 ipse
1829 4345 1931 4402 Pa-

2038 1897 2094 1943 et
2122 1887 2370 1943 fecerunt
2392 1898 2627 1958 quatuor
2644 1900 2845 1960 partes,
2877 1891 3172 1962 unicuique
3194 1892 3349 1948 militi
3376 1906 3610 1965 partem.

2040 1978 2302 2036 Tunicam
2341 1989 2544 2059 autem,
2576 1983 2833 2051 quoniam
2879 1995 2995 2040 erat
3035 2001 3142 2041 non
3176 1989 3485 2055 consutilis,
3515 1992 3612 2047 sed

2038 2086 2070 2125 a
2102 2085 2323 2124 sursum
2350 2071 2553 2128 textilis
2586 2088 2680 2142 per
2719 2083 2914 2141 totum,
2946 2075 3200 2132 dixerunt
3230 2079 3296 2133 ad
3334 2079 3565 2134 invicem
3591 2099 3607 2133 :

2042 2160 2164 2215 Non
2191 2163 2591 2217 conscindamus
2623 2180 2760 2230 eam,
2790 2167 2879 2220 sed
2909 2168 3200 2222 sortiantur
3222 2170 3288 2224 de
3315 2186 3377 2225 ea
3401 2171 3465 2224 δ’.
3491 2170 3608 2226 Non

2038 2268 2169 2323 ergo
2211 2268 2404 2311 omnes
2445 2268 2771 2327 acceperunt
2796 2273 2915 2314 eam
2937 2300 2951 2323 ,
2990 2258 3084 2313 sed
3119 2261 3210 2329 qui
3246 2261 3472 2317 sortitus
3502 2256 3605 2318 est.

2039 2343 2338 2414 Disputans
2381 2355 2562 2401 autem
2610 2347 2812 2417 aliquis
2847 2348 2914 2404 de
2951 2348 3252 2404 differentia
3295 2365 3483 2405 eorum
3514 2353 3609 2421 qui

2038 2436 2363 2493 vestimenta
2395 2436 2609 2492 Domini
2650 2438 2867 2505 habent,
2909 2440 3146 2496 inveniet
3174 2440 3293 2496 siue
3321 2440 3490 2497 dubio
3513 2444 3609 2512 qui

2037 2527 2092 2580 in
2118 2526 2463 2598 dogmatibus
2485 2528 2622 2596 suis,
2652 2528 2754 2583 etsi
2781 2543 2888 2583 non
2919 2530 3119 2584 habent
3140 2530 3339 2600 ipsum,
3365 2532 3606 2588 tunicam

2037 2624 2217 2672 tamen
2270 2618 2558 2674 desursum
2608 2618 2846 2674 textilem
2888 2633 2986 2689 per
3017 2627 3189 2674 totum
3237 2621 3481 2676 habent:
3517 2623 3607 2676 alii

2035 2716 2214 2762 autem
2260 2722 2360 2763 nec
2407 2708 2610 2778 ipsam,
2656 2708 2749 2765 sed
2798 2708 3036 2779 aliquam
3082 2710 3405 2779 particulam
3436 2712 3607 2767 vesti-

2036 2798 2202 2853 menti
2253 2799 2392 2869 ejus.
2449 2796 2517 2853 Et
2562 2799 2669 2855 hoc
2725 2799 3011 2855 considera
3065 2800 3248 2869 quod,
3303 2803 3603 2859 secundum

2035 2885 2344 2943 Mattlueum
2376 2889 2422 2921 '°
2447 2890 2689 2961 quidem,
2718 2888 2878 2946 Jesus
2927 2890 3201 2960 accipiens
3233 2901 3443 2946 acetum
3478 2909 3604 2947 cum

2035 2978 2159 3036 felle
2190 2981 2512 3050 permistum
2558 2982 2820 3052 gustavit,
2849 2989 2904 3036 et
2934 2981 3111 3036 noluit
3157 2981 3371 3047 bibere;
3405 2997 3606 3038 secun-

2034 3071 2165 3127 dum
2197 3071 2438 3128 Marcum
2472 3082 2654 3128 autem
2687 3074 2757 3140 ⁸⁸,
2785 3088 2909 3129 cum
2947 3074 3168 3129 daretur
3191 3075 3240 3130 ei
3266 3073 3605 3144 myrrhatum

1958 3138 2004 3196 ο
2037 3163 2247 3229 vinum,
2280 3178 2389 3219 non
2412 3164 2640 3234 accepit.

2111 3253 2231 3310 129.
2269 3254 2336 3308 Et
2378 3256 2612 3310 sedentes
2643 3256 2920 3311 servabant
2949 3272 3068 3310 eum
3110 3257 3186 3311 ibi
3206 3258 3275 3313 δ’.
3312 3257 3375 3311 Et
3404 3257 3606 3313 milites

2036 3347 2254 3416 quidem
2299 3347 2592 3403 servabant
2633 3362 2855 3418 corpus,
2899 3346 3158 3403 submissi
3203 3363 3234 3402 a
3271 3347 3608 3418 principibus

2037 3437 2382 3493 sacerdotum
2404 3477 2419 3501 ,
2471 3436 2629 3505 quasi
2683 3434 2974 3493 furandum
3021 3451 3051 3490 a
3087 3436 3370 3506 discipulis
3404 3437 3525 3506 ejus
3561 3438 3605 3489 si

2037 3543 2143 3581 non
2198 3536 2542 3596 servaretur;
2605 3527 2943 3597 dispensatio
3005 3534 3187 3581 autem
3257 3529 3609 3583 resuscilavit

2034 3631 2182 3678 cum,
2224 3627 2274 3671 et
2329 3626 2493 3673 testes
2541 3616 2955 3672 resurrectionis
3005 3617 3125 3685 ejus
3170 3634 3293 3673 esse
3339 3620 3468 3676 fecit
3497 3636 3605 3676 non

2033 3707 2175 3763 duos
2217 3715 2448 3773 tantum,
2491 3717 2586 3761 aut
2631 3715 2776 3771 tres,
2831 3705 2928 3761 sed
2970 3706 3142 3761 multo
3190 3708 3392 3776 plures.
3445 3709 3607 3768 Visus

2033 3804 2117 3852 est
2145 3795 2290 3850 enim
2322 3794 2539 3866 Cephaa,
2562 3803 2746 3866 postea
2776 3793 2883 3849 illis
2914 3794 3185 3857 undecim,
3214 3795 3407 3851 deinde
3440 3814 3606 3867 appa.

2034 3888 2144 3943 ruit
2173 3887 2405 3956 amplius
2435 3901 2597 3956 quam
2637 3885 2948 3956 quingentis
2990 3884 3274 3952 fratribus,
3306 3890 3605 3946 novissirue

2032 3989 2211 4036 autem
2244 3978 2490 4035 omnium
2538 3976 2708 4033 Paulo
2738 3978 2806 4033 ⁵³.
2835 3977 2902 4033 Et
2929 3993 3037 4033 non
3069 3988 3190 4034 erat
3218 3980 3492 4036 modicum
3527 3983 3603 4038 si-

2033 4089 2198 4145 gnum
2247 4071 2663 4128 resurrectionis
2694 4070 2814 4141 ejus
2855 4070 3000 4140 quod
3045 4087 3075 4125 a
3110 4072 3278 4127 tantis
3313 4083 3399 4127 est
3428 4074 3599 4143 visus,

2034 4167 2120 4223 his
2167 4165 2259 4236 qui
2311 4174 2668 4235 susceperunt
2699 4164 2996 4234 periculum
3041 4175 3100 4219 ut
3140 4166 3433 4234 praedicent
3471 4182 3596 4222 eum

2032 4260 2297 4314 viventem
2331 4257 2385 4312 in
2414 4256 2628 4328 populis
2659 4256 2752 4326 qui
2784 4255 3050 4326 petierant
3088 4272 3216 4312 eum
3258 4258 3322 4312 ad
3353 4273 3592 4314 crucem.

2032 4351 2099 4407 Et
2141 4367 2286 4407 nunc
2328 4352 2453 4405 novi
2504 4349 2775 4420 principes
2824 4350 3194 4416 sacerdotum,
3229 4351 3474 4406 videlicet
3506 4353 3601 4406 hlii

352 4449 438 4496 ter
479 4441 724 4497 omnium
765 4440 1049 4495 hominum
1096 4437 1407 4510 huiusmodi
1459 4436 1686 4508 gratiam
1738 4452 1930 4493 conse-
1962 4465 2006 4519 ι)
2036 4440 2341 4512 principum
2398 4439 2636 4503 illorum,
2687 4440 2911 4493 verbum
2961 4441 3206 4495 veritatis
3253 4442 3490 4510 positum
3545 4442 3599 4495 in

351 4541 631 4601 queretur.

424 4622 546 4678 127.
575 4622 645 4676 Et
672 4622 925 4678 dederunt
949 4625 997 4678 ei
1018 4631 1224 4677 acetum
1248 4623 1419 4677 bibere
1449 4623 1569 4693 felle
1592 4623 1828 4676 mistum.
1856 4620 1926 4675 Et

351 4729 473 4766 cum
505 4721 788 4784 gustasset,
822 4713 990 4767 noluit
1020 4712 1191 4767 bibere
1216 4713 1281 4766 ⁸⁷.
1314 4711 1623 4766 Sulliciebat
1652 4712 1797 4765 enim
1826 4727 1925 4765 no—

350 4803 438 4861 bis
478 4816 536 4859 ut
583 4811 793 4859 tantum
840 4813 1085 4879 gustaret
1124 4819 1223 4874 pro
1270 4804 1446 4869 nobis,
1496 4802 1640 4860 sicut
1691 4811 1920 4856 mortem

351 4895 515 4951 tridui
546 4896 804 4965 temporis
843 4912 952 4951 non
990 4897 1312 4968 longiorem,
1343 4895 1423 4951 sic
1459 4904 1514 4951 et
1547 4904 1759 4950 acetum
1801 4893 1925 4949 ftlle

350 4991 692 5059 permistum.
727 4990 885 5045 Aliud
930 5000 1108 5045 autem
1159 4989 1341 5043 vinum
1383 5002 1490 5042 non
1537 4988 1756 5041 mistum
1796 5002 1919 5042 cum

351 5080 476 5137 felle
502 5096 601 5137 nec
624 5096 749 5136 cum
794 5081 979 5152 aliquo
1005 5080 1302 5144 contrario,
1344 5078 1551 5149 accepit
1582 5087 1633 5133 et
1678 5076 1833 5143 bibit,
1868 5087 1921 5133 et

423 5261 468 5292 "
500 5262 585 5316 Cf.
622 5262 735 5317 Act.
776 5279 838 5326 tt,
870 5261 956 5318 10.
1032 5260 1108 5314 ’Ἰ
1138 5260 1262 5316 Cor.
1301 5278 1390 5324 xv,
1421 5260 1509 5314 9.9..

354 5345 527 5396 xxvii,
558 5331 650 5387 34.
750 5334 795 5366 ⁸⁸
832 5332 998 5387 Marc.
1038 5347 1138 5398 xv,
1182 5331 1271 5386 25.

425 5516 541 5586 (89)
591 5517 736 5573 Venit
780 5522 850 5574 ad
886 5538 965 5575 me
995 5521 1213 5575 traditio
1250 5520 1492 5589 quoniam
1523 5520 1648 5572 talis
1673 5560 1686 5578 ,
1724 5528 1830 5573 etc.
1867 5521 1922 5574 In

350 5585 545 5660 Calen.
600 5604 706 5660 ms.
739 5591 924 5660 tit-seca
965 5593 1125 5645 verba
1177 5585 1288 5643 haec
1334 5598 1551 5660 exstant
1595 5606 1605 5640 :
1650 5590 1787 5660 Περὶ
1829 5590 1925 5643 τοῦ

353 5656 595 5731 [(-ρανιου
620 5658 792 5731 Δξιτόποῳ
826 5657 986 5730 ἦλθεν
1012 5660 1380 5731 εἰςγήμᾶςλὸτι
1400 5729 1407 5731 ξ
1425 5657 1661 5731 Ἐβραξίρι
1697 5656 1923 5731 tit-apam-

356 5724 572 5801 ᾄόὰᾳιγ,
616 5726 697 5801 su
843 5724 1000 5801 ὰῶμα
1039 5724 1347 5801 toi-“A5341.
1393 5724 1807 5801 ὲκεῖτὲθᾳπτοίι
1838 5724 1927 5801 ῗνςι

357 5794 477 5849 ἐπεὶ
502 5797 560 5849 ἐν
592 5795 673 5866 τῷ
708 5797 873 5851 Ἀδὰα
899 5794 1092 5865 τέάντες
1130 5794 1551 5857 ἁποῢνῆσκουσι,
1587 5800 1742 5853 πάλιν
1770 5801 1826 5852 ἐν
1851 5796 1929 5866 τῷ

1589 5264 1628 5293 κ’
1648 5261 1832 5315 Matth.
1866 5278 2032 5321 xxvii,
2059 5263 2148 5316 54.

1347 5332 1392 5363 δ’
1426 5330 1618 5385 Matth.
1656 5347 1801 5385 xxvtt
1823 5374 1837 5397 ,
1865 5332 1953 5386 56.
2028 5333 2075 5364 ³³
2106 5332 2122 5385 l
2149 5331 2276 5387 Cor.
2314 5348 2412 5397 xv,
2444 5331 2559 5387 5-7.

2037 4531 2336 4603 Scripturis
2386 4529 2713 4600 cruciliguut
2764 4529 2916 4586 falsis
2962 4533 3397 4600 expositionibus
3446 4534 3598 4600 suis,

2031 4634 2086 4680 et
2134 4624 2394 4678 occidunt
2444 4622 2770 4689 mendaciis;
2829 4622 3050 4677 verbum
3101 4633 3279 4678 autem
3331 4624 3597 4686 veritatis.

2028 4717 2156 4787 quia
2192 4715 2332 4785 apud
2378 4714 2501 4769 illos
2545 4714 2762 4782 quidem
2806 4715 3092 4779 occiditur,
3141 4716 3274 4770 vivit
3309 4726 3489 4772 autem
3542 4717 3595 4771 in

2030 4822 2127 4861 sua
2159 4816 2373 4865 natura,
2405 4817 2620 4871 semper
2669 4801 2893 4868 invenit,
2935 4812 2991 4865 et
3035 4803 3183 4872 eligit
3235 4804 3341 4859 sibi
3377 4822 3504 4861 rasa
3542 4808 3594 4860 in

2029 4896 2226 4966 quibus
2259 4900 2523 4963 resurgat,
2553 4902 2608 4947 et
2635 4893 2811 4957 vivat,
2840 4901 2895 4947 et
2924 4894 3103 4950 adhuc
3135 4896 3433 4951 confundat
3463 4914 3596 4952 suos

2030 4979 2438 5047 interfectores,
2498 4979 2684 5035 multis
2741 4980 3067 5037 testimoniis
3123 4985 3302 5039 vivere
3363 4987 3593 5042 demon-

2028 5084 2280 5130 ειηηυηι.

2225 5264 2268 5294 ⁸⁸
2296 5261 2426 5315 ibid.
2461 5261 2551 5324 35,
2580 5260 2668 5316 36.
2747 5261 2792 5292 δ’
2819 5259 2976 5315 Joan.
3008 5276 3122 5323 xu,
3154 5260 3245 5315 24.
3320 5260 3368 5292 ⁸ο
3403 5258 3589 5314 Matth.

2028 5524 2247 5595 Χριστῷ
2276 5526 2476 5587 πάντες
2512 5522 2904 5595 ζωοπᾳηοῶσι.
2941 5522 3012 5576 De
3044 5520 3315 5595 Calvarite_
3334 5520 3449 5595 loco
3473 5534 3591 5583 per-

2028 5589 2163 5649 venit
2190 5589 2257 5647 ad
2293 5611 2384 5648 nos
2416 5595 2637 5647 traditio
2671 5589 3034 5653 Hébrazorum,
3068 5607 3253 5658 corpus
3285 5589 3453 5641 Adam
3481 5604 3593 5641 esse

2028 5665 2101 5718 ibi
2131 5664 2392 5733 sepultum
2418 5704 2432 5727 ,
2471 5673 2526 5715 ut
2567 5665 2703 5717 sicut
2749 5664 2803 5716 iu
2850 5663 3019 5716 Adam
3061 5676 3236 5715 omnes
3273 5659 3590 5723 moriuntur,

2030 5751 2210 5789 rursus
2242 5735 2294 5788 in
2325 5733 2535 5788 Christo
2563 5749 2737 5799 omnes
2769 5733 3110 5801 viviﬁceutur.
