4052 6304
472 313 616 379 ηπ

1629 313 1953 372 ORIGENIS
1991 312 2059 370 IN
2095 310 2514 371 ΜΑΤΤΗΛΕΠΜ

3574 312 3727 368 ςτεθ

544 428 669 495 180.
725 427 794 498 Et
847 431 1207 502 imposuerunt
1257 447 1413 502 super
1458 443 1616 503 caput
1670 434 1783 505 ejus
1823 447 2039 489 causam
2070 434 2113 492 Α
2139 433 2292 501 pedes
2326 446 2465 484 meos
2492 430 2559 493 °',
2587 436 2641 487 et
2683 442 2793 487 non
2832 426 3174 502 blasphemat
3200 424 3410 487 Jesum.
3445 427 3503 489 Si
3530 439 3721 483 alitem

468 523 585 591 ejus
633 523 886 593 scriptam
915 538 936 577 :
963 520 1066 579 Hic
1107 535 1185 585 est
1234 522 1428 590 Iesus,
1477 540 1570 584 rex
1616 522 1929 583 luatecrum
1973 524 2040 576 “.

474 613 604 673 Sive
632 614 943 680 occasione,
971 615 1086 672 sive
1117 615 1367 684 veritate,
1397 615 1650 674 Christus
1680 632 1774 675 rex
1800 631 2040 686 pronun-

471 704 658 769 tiatur,
686 711 740 769 et
767 704 948 767 omnis
997 704 1175 767 littera
1212 721 1437 775 regnum
1488 706 1609 776 ejus
1643 716 1894 776 testatur,
1927 708 2044 767 sive

470 792 808 858 Graecorum,
840 793 956 855 sive
989 794 1380 865 Romanorum,
1410 795 1524 851 sive
1550 795 1960 863 Hebraicorutn,
1989 804 2044 853 et

469 899 569 955 pro
605 900 810 949 corona
862 900 1028 955 super
1076 894 1241 957 caput
1299 887 1419 956 ejus
1469 888 1777 958 scriptum:
1819 889 1921 946 llic
1961 899 2039 945 est

465 972 661 1039 Iesus,
711 988 805 1035 res:
844 970 1178 1033 Judaorum.
1229 972 1300 1032 Et.
1353 989 1477 1035 cum
1533 977 1679 1039 nulla
1734 978 2040 1041 inveniatur

467 1075 634 1123 causa
661 1061 765 1124 alia
801 1063 995 1123 mortis
1019 1062 1160 1136 ejus,
1197 1078 1297 1125 nec
1325 1063 1469 1121 enim
1497 1074 1637 1138 erat,
1664 1066 1780 1127 haec
1806 1065 2037 1126 habetur

468 1154 626 1215 sola:
664 1151 777 1215 Rex
806 1152 910 1215 fuit
932 1152 1280 1221 indecorum;
1308 1156 1378 1213 de
1414 1172 1523 1226 qua
1562 1156 1776 1217 locutus
1808 1166 1913 1231 est,
1947 1158 2034 1215 di-

469 1257 601 1305 cens
623 1241 669 1275 "
697 1258 712 1297 :
747 1242 863 1317 Ego
893 1254 1070 1305 autem
1097 1247 1412 1307 constitutus
1436 1262 1554 1305 sum
1582 1263 1674 1306 rex
1704 1248 1769 1307 ab
1799 1264 1858 1307 eo
1882 1265 2041 1319 super

470 1331 604 1391 Sion
642 1341 869 1393 mentm
894 1343 1136 1393 sanctum
1159 1335 1297 1407 ejus.
1328 1334 1396 1399 Et
1422 1337 1676 1413 princeps
1700 1337 1921 1409 quidem
1951 1353 2041 1397 sa-

468 1424 750 1485 cerdotum
781 1429 1083 1487 secundum
1126 1426 1358 1488 litteram
1400 1426 1534 1505 legis
1571 1428 1823 1504 portabat
1856 1429 1908 1488 in
1939 1444 2028 1488 ca-

466 1511 578 1581 pite
607 1526 709 1573 suo
744 1512 979 1577 formam
1010 1514 1175 1592 signi,
1211 1524 1266 1577 et
1301 1517 1784 1579 sanctiﬁcationem
1820 1518 2037 1581 Domini

467 1603 725 1681 scriptam
772 1603 827 1665 in
867 1604 1128 1665 metallo:
1171 1621 1332 1667 verus
1365 1616 1546 1669 autem
1579 1611 1831 1689 princeps
1855 1626 2038 1673 sacer-

465 1694 653 1751 datum
699 1701 755 1753 et
798 1709 889 1757 rex
941 1692 1101 1757 Jesua
1144 1697 1200 1757 iu
1242 1712 1404 1759 cruce
1432 1699 1651 1769 quidem
1691 1700 1855 1761 habet
1895 1703 2036 1763 scri-

2145 521 2422 589 ceciderit,
2469 529 2563 578 aut
2591 520 2945 592 praterierit,
2983 520 3067 573 vel
3099 520 3404 582 transierit,
3434 519 3516 572 vel
3545 520 3725 575 decli—

2146 612 2375 677 naverit,
2404 619 2532 671 tunc
2576 624 2701 669 eum
2736 608 3100 679 blasphemat.
3134 608 3286 663 Sicut
3314 598 3503 661 adhuc
3531 609 3627 679 qui
3665 609 3720 663 in

2145 700 2287 761 mula
2336 715 2499 769 opera
2553 698 2896 766 ceciderunt,
2939 708 2992 757 et
3045 698 3188 755 sicut
3232 696 3326 768 qui
3377 697 3724 771 reliquerunt

2144 791 2406 849 terminos
2433 799 2667 851 aeternos
2705 800 2759 851 et
2790 789 2931 849 viam
2966 787 3223 845 Ecclesiae
3255 788 3511 854 caelestis,
3537 799 3589 844 et
3614 788 3725 845 llu—

2142 888 2418 944 ctuantur,
2452 887 2506 933 et
2532 877 2992 932 circumferuntur
3015 877 3079 931 ab
3107 878 3252 930 omni
3278 886 3427 931 vento
3456 878 3723 932 doctrinm

2140 973 2196 1033 in
2231 972 2452 1047 fallacia
2482 972 2772 1045 hominum,
2820 971 2875 1025 in
2917 971 3143 1032 astutia,
3188 970 3258 1023 ad
3298 971 3582 1029 remedium
3630 987 3723 1024 er-

2141 1064 2278 1125 roris
2310 1064 2375 1117 θ’.
2411 1062 2612 1121 Omnes
2648 1061 2792 1124 enim
2836 1061 3068 1117 haereses
3104 1068 3489 1133 praetereuntes
3532 1070 3587 1121 et
3618 1062 3722 1115 de-

2140 1154 2408 1213 clinantes
2439 1166 2560 1213 esse
2597 1152 2640 1207 si
2672 1151 2798 1224 quis
2828 1150 3055 1219 dixerit,
3105 1165 3210 1204 non
3258 1150 3533 1225 peccabit;
3585 1165 3722 1220 pro-

2139 1253 2321 1315 ptcrea
2353 1244 2497 1315 quod
2540 1254 2591 1297 et
2621 1242 2723 1314 ipsi
2766 1243 2905 1305 inter
2935 1251 3321 1314 praetereuntes
3353 1243 3625 1301 habentur
3660 1252 3719 1299 et

2139 1334 2523 1404 blasphemanl
2549 1330 2771 1405 Jesum,
2814 1349 2921 1389 non
2968 1333 3231 1389 habentes
3263 1342 3427 1407 caput
3458 1334 3712 1400 ﬁrmum,

2140 1428 2235 1484 sed
2267 1437 2541 1489 moventes
2572 1424 2751 1498 ipsum
2785 1441 3002 1483 sursum
3031 1435 3084 1482 et
3111 1426 3365 1485 deorsum
3399 1444 3413 1489 ;
3448 1430 3714 1503 quoniam

2139 1533 2247 1573 non
2280 1528 2409 1575 sunt
2438 1520 2750 1588 prudentes,
2778 1534 2878 1579 nee
2917 1519 3119 1575 habent
3150 1518 3335 1576 oculos
3368 1534 3496 1574 suos
3528 1519 3579 1579 in
3614 1533 3715 1573 ca-

2137 1610 2248 1680 pile
2280 1626 2403 1677 suo,
2451 1612 2505 1665 in
2541 1628 2652 1683 quo
2682 1612 2880 1667 habere
2920 1612 3239 1682 debuerant,
3270 1609 3595 1671 Ecclesiaste
3626 1610 3714 1665 di-

2138 1711 2295 1758 cente
2320 1703 2365 1734 ⁶³
2393 1721 2405 1754 :
2440 1701 2703 1772 Sapientis
2726 1702 2865 1757 oculi
2891 1705 2944 1758 in
2967 1705 3141 1775 capite
3163 1702 3276 1777 ejus
3306 1711 3448 1761 sunt.
3478 1701 3713 1756 Praeter-

465 1795 619 1855 ptum
650 1801 665 1840 :
698 1784 804 1847 llic
835 1795 912 1849 est
940 1802 1032 1847 rex
1053 1786 1397 1863 “datorum,
1428 1790 1728 1853 ascendens
1751 1802 1933 1852 autem
1967 1794 2035 1856 ad
2065 1780 2109 1835 Β
2135 1793 2380 1851 euntium
2429 1808 2561 1864 ergo
2598 1801 2652 1848 et
2693 1792 3083 1848 declinautium
3122 1793 3285 1867 922
3314 1808 3452 1863 opus
3499 1800 3582 1846 est
3615 1788 3711 1845 Je-

465 1874 703 1949 Patrem.
738 1884 793 1939 et
820 1877 1127 1955 suscipiens
1165 1878 1381 1943 Patrem
1418 1881 1474 1941 in
1508 1895 1569 1943 ee
1613 1897 1714 1956 pro
1761 1883 1957 1943 litteris
1983 1893 2038 1945 et

463 1981 567 2038 pro
591 1968 815 2031 nomine
838 1968 999 2033 habet
1028 1971 1123 2045 qui
1145 1971 1479 2040 nominatur,
1512 1981 1567 2032 et
1598 1972 1756 2034 habet
1787 1990 1913 2034 eum
1940 1992 2036 2037 co-

463 2073 678 2125 ronam.
710 2068 767 2119 et
811 2061 1010 2135 dignus
1039 2078 1105 2123 eo
1142 2062 1391 2135 ell‘ectus,
1415 2073 1472 2127 et
1503 2065 1701 2129 domus
1734 2066 1830 2130 Dei
1858 2068 2038 2131 Patris

462 2154 626 2233 digna
678 2153 941 2233 eiectus,
988 2156 1140 2219 solus
1198 2157 1524 2220 suﬁcienter
1570 2158 1787 2225 Patrem
1844 2174 2038 2236 capere

463 2253 663 2316 ροιεει.

534 2336 660 2401 131,
707 2334 853 2401 Tunc
897 2340 1277 2417 cruciﬁxerunt
1323 2359 1443 2401 cum
1493 2359 1554 2400 eo
1586 2344 1718 2404 duos
1765 2345 2035 2421 latrones,

464 2442 628 2493 unum
657 2447 691 2491 α
722 2430 952 2500 ἀδειής,
984 2442 1035 2492 et
1078 2449 1240 2491 unum
1269 2451 1303 2493 α
1346 2434 1579 2495 sinistris
1618 2437 1686 2494 ⁸⁸.
1725 2436 2036 2501 Crucilisus

467 2519 605 2583 inter
636 2522 877 2583 latrones
906 2524 1171 2585 Dominus
1204 2526 1347 2582 sicut
1379 2527 1483 2602 ipsi
1527 2528 1768 2589 latrones
1793 2531 2035 2606 implevit

462 2612 800 2689 prophetiam
835 2613 1105 2677 dicentem
1133 2615 1202 2675 de
1233 2629 1295 2675 se
1320 2617 1365 2653 "
1394 2632 1410 2675 :
1442 2616 1511 2671 Et
1555 2634 1675 2678 cum
1718 2620 1916 2693 iniquis
1950 2637 2035 2681 rc-

461 2712 679 2775 pstatus
719 2714 829 2772 est;
871 2715 1038 2769 etest
1069 2707 1257 2770 videre
1294 2708 1595 2784 discipulos
1636 2711 1758 2782 eius
1788 2716 2035 2777 testimo-

462 2796 617 2859 nium
645 2795 841 2857 dantes
882 2798 1112 2861 culturae
1160 2798 1256 2861 Dei
1290 2816 1412 2872 quae
1447 2817 1546 2874 per
1572 2817 1696 2863 eum
1738 2813 1822 2865 est
1854 2806 2032 2867 intro-

461 2889 647 2955 ducta.
675 2905 803 2957 cum
840 2890 1042 2963 iniquis
1068 2894 1332 2964 reputari,
1371 2903 1426 2955 et
1469 2911 1597 2959 cum
1635 2896 1717 2955 eis
1761 2898 2032 2971 cruciﬁgi,

460 2989 559 3047 aut
585 2983 866 3053 passiones
890 2984 1128 3055 reliquas
1156 2988 1451 3056 sustinere,
1482 2989 1628 3047 sicut
1654 2999 1708 3051 et
1740 2991 1839 3051 illi.
1871 2992 2031 3051 Mun.

2136 1896 2259 1941 sum
2304 1882 2682 1957 blasphemare
2708 1881 2905 1937 Filium
2937 1881 3054 1951 Dei,
3081 1887 3209 1958 quia
3249 1898 3399 1938 nemo
3428 1882 3485 1936 in
3510 1881 3712 1951 spiritu

2135 1973 2387 2046 loquens,
2440 1974 2571 2027 dicit
2625 1974 2906 2030 anathema
2966 1973 3097 2033 «Iesu
3150 1974 3214 2027 “.
3264 1972 3473 2032 Diversi
3521 1981 3709 2026 autem

2135 2053 2626 2137 blasp'hemantium
2657 2080 2936 2125 sermones
2961 2066 3247 2134 habentur,
3275 2082 3508 2141 quorum
3534 2085 3708 2126 unum

2133 2166 2219 2212 est
2243 2156 2644 2228 blasphemum,
2669 2157 2814 2228 quod
2844 2156 3046 2213 dicitur
3072 2157 3141 2217 ab
3168 2157 3249 2214 eis
3281 2159 3374 2229 qui
3406 2174 3511 2214 non
3547 2161 3710 2216 intel-

2136 2248 2308 2322 ligunt
2352 2262 2451 2303 nec
2495 2247 2723 2309 audiunt
2771 2261 2894 2323 quae
2936 2248 3216 2316 dicuntur,
3263 2264 3365 2305 nec
3393 2250 3461 2309 de
3502 2252 3709 2327 quibus

2134 2342 2445 2403 aﬂirmant:
2477 2338 2638 2401 Iesus
2665 2341 2811 2396 enim
2846 2341 2982 2397 dixit
3017 2357 3031 2394 :
3075 2340 3271 2399 Solvite
3304 2342 3554 2412 templum
3580 2343 3705 2410 hoc,

2132 2443 2180 2489 et
2205 2449 2300 2509 ego
2331 2435 2386 2488 iu
2415 2432 2590 2486 triduo
2619 2431 2886 2487 suscitabo
2914 2431 3053 2489 illud
3080 2432 3147 2487 ⁸⁸.
3182 2431 3573 2489 Praetereuntes
3602 2450 3707 2493 au-

2135 2533 2268 2595 tem,
2298 2522 2453 2601 «Iussi
2486 2522 2610 2578 fulsi
2639 2532 2824 2590 testes,
2853 2530 3043 2581 contra
3064 2520 3251 2579 Jesum
3275 2524 3526 2585 dicebant
3549 2526 3701 2594 quod

2133 2632 2240 2675 non
2275 2626 2394 2675 erat
2420 2614 2622 2670 dictum
2655 2613 2724 2669 de
2762 2628 2853 2682 eo,
2881 2621 3195 2687 appetentes
3237 2628 3362 2671 eum
3394 2631 3407 2668 :
3459 2612 3568 2667 Vah
3604 2615 3703 2685 qui

2130 2710 2356 2771 destruit
2388 2709 2635 2779 templum
2665 2705 2779 2775 Dei,
2805 2717 2853 2762 et
2882 2707 2937 2767 iu
2962 2707 3139 2763 triduo
3163 2707 3451 2777 rewdiﬁcat
3470 2706 3608 2763 illud
3630 2707 3701 2764 ⁸⁸.

2131 2798 2249 2857 Non
2278 2799 2425 2857 enim
2465 2798 2581 2868 ipse
2611 2797 2845 2856 destruit
2874 2797 3155 2872 templum,
3181 2796 3274 2857 sed
3305 2797 3449 2868 quod
3480 2797 3570 2850 alii
3602 2796 3725 2852 de—'

2132 2900 2356 2951 struunt
2388 2890 2504 2959 ipse
2529 2887 2800 2945 aediﬁcat:
2830 2887 2942 2943 sive
2974 2888 3233 2957 templum
3267 2888 3546 2961 proprium
3574 2902 3701 2941 cor-

2130 2984 2300 3055 poris,
2330 2982 2472 3053 quod
2509 2997 2538 3037 a
2582 2979 2783 3038 Iudaeis
2828 2978 3007 3040 fuerat
3061 2980 3316 3041 traditum
3353 2981 3537 3043 morti,
3584 2980 3703 3035 sive

458 3072 563 3129 dus
588 3073 757 3141 enim,
781 3083 831 3130 et
854 3074 1078 3145 spiritus
1102 3076 1196 3148 qui
1232 3078 1285 3131 in
1314 3091 1381 3133 eo
1408 3087 1513 3144 est,
1542 3095 1789 3139 summos
1817 3096 2030 3153 semper
2057 3112 2100 3171 ο
2133 3074 2392 3145 templum
2437 3072 2656 3131 testium
2706 3087 2930 3129 suorum
2979 3080 3034 3133 et
3083 3073 3323 3131 omnium
3356 3071 3449 3142 qui
3494 3071 3703 3126 habue-

457 3165 808 3235 porsequitur
838 3165 1023 3232 viros,
1055 3175 1113 3227 et
1157 3167 1315 3237 punit
1347 3168 1569 3227 malitias
1610 3172 1830 3241 quidem
1878 3189 2029 3233 sum-

456 3266 580 3315 mos
610 3260 830 3325 propter
871 3253 1157 3315 utilitatem
1189 3255 1485 3315 multorum
1521 3274 1536 3317 :
1565 3273 1813 3317 summos
1844 3270 2029 3321 autem

455 3342 697 3408 virtutis.
721 3343 983 3415 etruriam
1029 3359 1140 3407 non
1167 3353 1253 3407 est
1279 3344 1479 3417 dignus
1519 3349 1759 3409 mundus
1807 3350 1912 3409 iste
1948 3352 2030 3409 eis

455 3433 553 3504 qui
596 3447 709 3497 non
737 3433 1085 3497 considerant
1128 3450 1252 3507 qute
1295 3436 1566 3513 videntur,
1619 3439 1715 3496 sed
1750 3456 1874 3512 quae
1919 3458 2026 3501 non

456 3524 708 3591 Videntur
736 3540 752 3579 :
778 3531 837 3589 et
864 3534 1219 3589 containnunt
1248 3543 1396 3594 eum,
1430 3528 1573 3589 sicut
1602 3538 1657 3591 et
1693 3530 1824 3593 olim
1853 3533 2028 3590 sancti

454 3616 798 3683 ambulantes
846 3618 903 3683 in
948 3621 1183 3688 molotis,
1228 3629 1283 3685 et
1325 3623 1382 3681 in
1414 3624 1671 3695 pellibus,
1702 3633 1758 3683 et
1810 3625 1865 3685 in
1899 3642 2027 3699 spe-

454 3710 653 3778 luncis,
679 3717 736 3771 et
764 3712 824 3774 in
851 3710 1025 3775 lovels
1053 3721 1232 3782 terra,
1263 3729 1498 3786 quorum
1531 3731 1642 3772 non
1681 3726 1801 3777 erat
1826 3717 2028 3789 dignus

454 3800 694 3863 mundus
713 3801 780 3862 ⁸⁸.

528 3890 654 3953 ιω.
682 3889 1035 3955 Transeuntes
1063 3903 1241 3959 autem
1279 3895 1710 3967 blasphemabant
1754 3914 1872 3957 eum
1908 3915 2024 3957 nm-

451 3988 629 4041 oenm
672 3982 849 4051 capita
882 3999 1001 4047 sua,
1029 3994 1080 4038 et
1120 3984 1350 4043 dicentes
1377 4001 1396 4040 :
1447 3985 1558 4043 Vat:
1587 3988 1677 4058 qui
1718 3987 2024 4047 destruebas

454 4069 728 4143 templum,
755 4082 806 4133 et
844 4073 900 4131 in
930 4073 1108 4135 triduo
1136 4076 1517 4148 rea’diﬁcabas.
1551 4075 1742 4135 Libera
1774 4078 2018 4148 teipsum.

452 4159 517 4225 Si
563 4160 738 4219 Filius
767 4164 869 4223 Dei
913 4181 992 4234 es,
1038 4164 1289 4225 descende
1330 4167 1394 4225 de
1438 4183 1610 4227 cruce.
1659 4167 1924 4227 Similiter
1969 4179 2019 4227 et

450 4251 713 4323 principes
742 4254 1399 4325 sacerdotum,deludetttes
1433 4273 1551 4316 eum
1576 4273 1696 4315 cum
1721 4256 1943 4322 Scribis,
1971 4268 2021 4319 ct

450 4344 769 4419 senioribus,
800 4356 847 4405 et
889 4345 1182 4409 Plurimis
1222 4347 1466 4404 dicebant
1492 4363 1512 4401 :
1541 4347 1690 4407 Alios
1723 4350 1893 4409 salvos
1936 4349 2018 4422 fe—

2131 3176 2259 3227 runt
2287 3166 2510 3227 verbum
2557 3164 2650 3219 Dei
2696 3165 2751 3227 in
2799 3180 2893 3235 se,
2936 3172 2991 3225 et
3032 3180 3099 3220 ex
3144 3164 3354 3223 insidiis
3403 3163 3700 3234 impiorum

2129 3267 2349 3329 propter
2392 3255 2642 3325 pietatem
2689 3256 2889 3310 mortui
2930 3264 3078 3312 sunt.
3135 3253 3285 3309 Venit
3329 3255 3475 3310 enim
3525 3254 3700 3322 hora,

2128 3345 2340 3417 quando
2368 3360 2544 3405 omnes
2574 3345 2665 3415 qui
2707 3344 2764 3398 in
2802 3347 3150 3403 monumentis
3183 3353 3335 3410 sunt,
3367 3344 3582 3397 audient
3609 3359 3702 3398 vo-

2128 3450 2240 3495 cem
2270 3433 2405 3493 Filii
2440 3433 2572 3501 Dei,
2617 3443 2666 3493 et
2697 3445 2963 3509 resurgent
2993 3435 3059 3490 ⁸⁷.
3089 3433 3154 3489 Et
3193 3450 3303 3493 non
3334 3434 3509 3489 solum
3541 3433 3594 3486 in
3631 3445 3700 3486 eo

2128 3526 2275 3607 quod
2298 3526 2550 3586 dicebant
2581 3527 2726 3593 :Qui
2750 3525 2975 3581 destruit
3009 3525 3279 3596 templum,
3311 3523 3519 3579 mentiti
3542 3534 3693 3587 sunt,

2128 3618 2224 3675 sed
2272 3620 2435 3679 etiam
2486 3618 2618 3675 illud
2668 3617 2813 3693 quod
2857 3618 3155 3677 dixerunt:
3198 3617 3269 3677 Et
3303 3634 3396 3693 ego
3430 3618 3485 3672 in
3512 3617 3692 3671 triduo

2128 3710 2459 3785 readiﬁcabo
2502 3712 2695 3782 ipsum.
2730 3705 2840 3770 Nee
2885 3711 3030 3769 enim
3076 3710 3213 3771 dixit
3238 3710 3690 3766 reazdillcaturum

2127 3816 2187 3861 se
2223 3802 2509 3877 templum,
2536 3803 2629 3857 sed
2670 3802 3137 3858 resuscitaturum.
3173 3800 3365 3856 Sermo
3391 3800 3535 3855 enim
3561 3799 3694 3853 cedi-

2126 3892 2398 3953 licationis
2440 3908 2548 3948 non
2588 3896 2826 3949 ostendit
2868 3894 3213 3949 subitaneum
3255 3906 3428 3961 opus,
3457 3888 3689 3943 suscita-

2128 3984 2292 4040 tionis
2321 3991 2503 4043 autem
2556 3984 2809 4041 ostendit.
2846 3982 2914 4037 Et
2945 3982 3039 4054 qui
3090 3981 3309 4055 quidem
3354 3978 3689 4042 deridebant,

2123 4075 2377 4133 dicebant
2417 4090 2431 4127 :
2484 4073 2650 4132 Salva
2689 4078 2950 4145 teipsum;
2998 4075 3114 4149 ipse
3161 4081 3375 4135 autem,
3419 4069 3694 4139 accipiens

2124 4168 2382 4227 virtutem
2415 4183 2446 4227 a
2474 4166 2660 4239 Patre,
2687 4175 2742 4221 et
2786 4167 2891 4227 hoc
2931 4165 3060 4221 fecit
3101 4174 3154 4219 et
3178 4163 3435 4234 amplius.
3464 4161 3694 4216 Cunctis

2122 4259 2268 4317 enim
2322 4258 2661 4328 capientibus
2722 4258 2944 4311 verbum
3001 4270 3198 4321 suum,
3250 4254 3480 4309 salutem
3532 4267 3689 4307 suam

2123 4351 2379 4409 ostendit.
2425 4349 2491 4409 Et
2534 4350 2610 4411 illi
2662 4349 2879 4420 quidem
2924 4349 3231 4405 deridentes
3280 4346 3576 4407 dicebant:
3628 4340 3691 4397 Si

450 4435 544 4503 cit,
571 4435 801 4505 «ipsum
827 4453 934 4495 nats
955 4446 1122 4511 potest
1148 4436 1351 4503 salvum
1381 4438 1574 4511 facere.
1598 4438 1661 4498 Si
1690 4441 1800 4511 ipse
1829 4453 1904 4499 est
1929 4457 2021 4501 rex
2050 4447 2096 4503 D
2129 4444 2305 4499 Filius
2338 4444 2431 4497 Dei
2457 4460 2532 4511 es,
2560 4444 2808 4498 descende
2838 4443 2901 4496 de
2924 4457 3096 4496 cruce.
3126 4439 3244 4509 Ipse
3282 4448 3463 4493 autem
3491 4436 3690 4490 Filium

451 4523 645 4595 Israel,
674 4528 956 4589 descendat
1007 4545 1147 4587 nunc
1190 4531 1255 4589 de
1297 4547 1470 4594 cruce,
1504 4542 1555 4589 et
1602 4534 1863 4589 credimus
1910 4535 2016 4591 illi.

448 4614 681 4686 Cmﬁdit
714 4617 770 4675 in
800 4616 991 4693 Deum,
1019 4617 1263 4679 liberabit
1290 4634 1426 4677 nunc
1450 4637 1567 4679 eum
1598 4622 1646 4677 si
1689 4623 1798 4679 vult
1830 4639 1849 4678 :
1882 4623 2018 4679 dixit

448 4704 773 4789 enim,un
822 4704 996 4765 Filius
1040 4706 1137 4769 Dei
1182 4724 1300 4763 sum
1340 4708 1406 4765 ⁸³.
1436 4708 1604 4769 Nemo
1650 4721 1800 4769 stans
1829 4710 2014 4767 Jesum

450 4796 806 4866 blasphemat,
824 4813 997 4873 neque
1024 4808 1169 4857 recte
1189 4800 1464 4861 incedens.
1481 4800 1847 4859 Transeuntes
1871 4805 2018 4865 enim

451 4888 903 4959 hiasphemabant
925 4907 1071 4961 eum.
1094 4900 1148 4953 et
1183 4894 1328 4953 sicut
1362 4894 1416 4953 iu
1453 4894 1642 4951 Gnaeo
1672 4896 1852 4962 habet,
1880 4912 2019 4967 pra-

451 4988 733 5045 tcreuntes,
768 4981 862 5050 qui
889 4983 1051 5037 etiam
1085 4986 1317 5040 macerie
1346 4986 1518 5042 vinea:
1545 4988 1808 5042 dissoluta
1841 5002 1874 5045 a
1905 4986 2017 5043 Deo

450 5067 782 5125 vindemiant
834 5087 928 5127 eos
995 5074 1088 5153 qui
1144 5085 1543 5131 remanserunt.
1607 5077 1879 5147 Scriptum
1933 5091 2016 5136 est

448 5158 595 5218 enim
621 5159 667 5193 “
697 5177 712 5215 :
745 5159 813 5215 Ut
845 5164 972 5234 quid
1001 5166 1224 5237 posuisti
1255 5166 1526 5221 macerie»:
1575 5168 1686 5234 ejus
1710 5209 1723 5230 ,
1754 5179 1802 5224 et
1836 5170 2014 5223 vinde-

449 5250 616 5304 miant
658 5269 773 5305 eam
817 5270 992 5308 omnes
1043 5257 1132 5325 qui
1178 5266 1491 5323 praetereunt
1542 5258 1726 5310 viam?
1765 5259 2012 5325 Quaudiu

446 5356 577 5412 ergo
604 5344 727 5411 quis
756 5360 860 5398 non
908 5347 1200 5414 prteterivit
1232 5345 1394 5409 viam,
1435 5361 1607 5415 neque
1654 5350 1945 5404 declinavit
1981 5367 2011 5406 a

448 5434 556 5497 via,
584 5442 737 5493 stans
764 5436 946 5498 dicere
976 5446 1150 5506 potest
1172 5437 1281 5493 Deo
1306 5455 1318 5490 :
1346 5437 1598 5493 Statuisti
1627 5457 1787 5510 supra
1808 5454 2012 5511 petram

2122 4535 2217 4592 Dei
2251 4551 2311 4593 se
2339 4534 2713 4593 deridentibus
2742 4534 2959 4604 quidem
2992 4547 3100 4589 nou
3140 4530 3483 4595 ostendebat,
3506 4538 3692 4583 osten-

2119 4626 2199 4681 dit
2237 4634 2419 4681 autem
2460 4624 2806 4681 credentibus
2848 4623 2991 4686 sibi,
3023 4631 3312 4693 postquam
3355 4619 3695 4692 dispensavit

2119 4733 2243 4794 quae
2264 4717 2547 4792 oportebat
2572 4732 2695 4777 cum
2724 4715 3039 4786 dispensare
3064 4714 3116 4768 in
3146 4714 3320 4768 tribus
3345 4713 3451 4768 illis
3477 4711 3689 4777 diebus,

2125 4816 2416 4878 postquam
2442 4806 2776 4863 descendens
2817 4804 2885 4858 ad
2942 4804 3146 4859 inferos
3196 4803 3544 4874 mortiﬁcatus
3570 4817 3691 4854 σοι·⁴

2123 4915 2283 4969 pore,
2335 4898 2625 4968 viviﬁcatus
2674 4906 2851 4950 autem
2895 4896 2951 4951 in
2992 4896 3223 4965 spiritu,
3274 4894 3550 4964 spiritibus
3598 4893 3691 4962 qui

2123 4999 2274 5046 erant
2300 4989 2355 5045 in
2379 5004 2585 5042 carcere
2609 4986 2911 5061 praedicavit
2939 4987 3077 5057 quod
3101 5003 3206 5040 non
3230 4986 3560 5040 crediderant
3585 4984 3691 5037 ali-

2123 5080 2333 5149 quando
2360 5078 2569 5148 quando
2596 5081 2996 5147 exspectabatur
3020 5078 3277 5146 patientia
3303 5075 3399 5130 Dei
3433 5077 3483 5129 in
3507 5077 3690 5128 diebus

2127 5169 2263 5236 Noe,
2289 5187 2407 5225 cum
2433 5169 2789 5240 [abricaretur
2811 5186 2938 5227 arca
2962 5172 3018 5225 in
3042 5187 3149 5240 qua
3187 5170 3361 5240 pauci,
3390 5169 3444 5221 id
3467 5177 3544 5220 est
3571 5177 3689 5219 octo

2122 5262 2334 5325 animm,
2376 5270 2499 5314 sunt
2538 5262 2732 5315 saluati
2770 5278 2861 5331 per
2898 5279 3091 5331 aquam
3115 5263 3179 5317 ⁵⁸.
3228 5261 3292 5315 Et
3330 5274 3435 5312 non
3471 5267 3555 5311 est
3590 5259 3688 5312 dc-

2121 5354 2340 5407 relictus
2372 5353 2500 5415 illic,
2529 5353 2668 5407 sicut
2694 5354 2807 5421 ipse
2832 5354 3043 5408 dicebat
3073 5371 3084 5406 :
3115 5353 3372 5417 Quoniam
3404 5365 3505 5402 non
3537 5349 3689 5401 dere-

2118 5445 2319 5514 linques
2349 5446 2583 5497 animum
2629 5462 2797 5500 meum
2845 5447 2901 5501 in
2941 5448 3148 5515 inferno
3184 5448 3247 5499 θ’.
3276 5443 3569 5517 Oportebat
3590 5457 3687 5497 au-

518 5596 566 5628 “
600 5595 790 5669 Matth.
823 5611 990 5660 xxv",
1022 5597 1110 5652 57.
1138 5667 1161 5669 _
1188 5600 1232 5630 ⁸⁸
1251 5597 1394 5653 Psal.
1417 5600 1545 5665 ",6.
1623 5600 1667 5633 '6
1697 5601 1883 5657 Matth.
1917 5604 2190 5668 xxvn,58.
2267 5605 2310 5635 δ’
2334 5605 2433 5657 lsa.
2466 5619 2582 5668 LIII,
2618 5605 2700 5658 12.
2775 5606 2820 5637 ⁸⁸
2842 5604 3004 5661 llehr.
3039 5624 3113 5669 xl,
3142 5606 3230 5668 57,
3257 5606 3343 5662 58.
3422 5607 3468 5638 "
3495 5604 3683 5663 Matth.

450 5679 621 5739 χχι-ῃ,
647 5667 807 5739 wet
827 5681 979 5729 seqq.
1059 5667 1280 5739 “ipsal.
1308 5685 1491 5739 Luxus,
1526 5671 1610 5723 l3.
1690 5675 1731 5703 θ’
1769 5672 1911 5727 Fsal.
1951 5667 2137 5739 xxxix,
2175 5676 2225 5727 5.

704 5735 749 5765 θ’
779 5734 935 5789 Joan.
972 5752 1031 5798 ιι.
1068 5738 1149 5791 l9.
1230 5739 1273 5769 ⁸⁸⁵
1311 5738 1494 5792 Mullll.
1534 5754 1698 5796 axul.
1743 5742 1829 5796 ω.
1912 5744 1951 5774 ⁵⁷
1982 5734 2134 5798 λύειιιξ
2173 5759 2225 5798 v.
2262 5743 2350 5803 28.
2387 5734 2473 5797 :59.

451 5751 545 5794 ιιι.
570 5736 622 5787 5.

2305 5675 2347 5703 θ’
2380 5673 2577 5741 Ephes.
2618 5692 2688 5729 tv.
2726 5675 2807 5728 Η.

2555 5746 2599 5773 ⁵⁸
2633 5744 2651 5796 l
2683 5745 2823 5800 l‘etr.
2859 5761 2940 5804 ιιι.
2982 5746 3160 5799 lci-20.

2886 5677 2932 5706 ⁸³
2968 5677 3141 5731 lict'le.
3181 5692 3240 5731 Il.
3280 5678 3360 5729 Η.
3439 5678 3482 5706 ⁸⁸
3513 5675 3529 5727 l
3556 5679 3681 5729 (Lor.

3228 5720 3284 5779 ’δί’
3322 5746 3460 5801 l’sal.
3492 5762 3574 5800 xv.
3600 5746 3677 5799 ιυ.
