4052 6304
408 366 534 423 1781

1524 365 2182 425 COMMENTARiORUM
2222 366 2486 424 SERIES.

3513 368 3677 435 i781

404 498 510 541 tem
534 504 657 543 cum
679 496 733 543 et
760 489 1052 544 ascendere
1074 489 1140 544 ad
1168 490 1446 560 proprium
1468 490 1683 544 Patrem
1700 499 1755 544 et
1776 488 1968 554 Deum,
2000 496 2042 549 Α
2071 488 2182 543 ctio
2204 487 2338 543 solis
2364 503 2486 557 qua:
2511 486 2806 543 secundum
2850 485 3301 540 consuetudinem
3340 490 3645 552 temporum

402 586 461 631 ut
489 579 787 635 ascendens
814 581 867 633 in
900 580 1069 634 altum
1102 581 1337 650 captivet
1367 581 1757 651 captivitatem,
1784 590 1838 635 et
1875 595 1969 637 ac~

400 670 565 738 cipiat
595 672 735 725 dona
769 672 827 725 in
859 671 1108 728 homines
1138 674 1205 739 ⁷⁸,
1236 683 1289 727 et
1318 682 1439 743 post
1482 674 1598 729 hmo
1627 675 1879 730 ostendat
1911 689 1971 731 se

402 758 676 814 fortiorem
703 770 874 816 morte
902 762 1090 818 dicens
1108 763 1175 817 ad
1199 778 1318 817 eam
1347 780 1360 816 :
1390 764 1491 822 Ubi
1517 776 1618 832 est,
1647 783 1807 832 mors,
1840 782 1969 821 acu-

401 847 513 901 leus
554 857 674 903 tuus
707 850 792 904 "1
829 849 1093 906 Similiter
1125 862 1308 909 autem
1334 894 1349 919 ,
1389 856 1600 912 caeteris
1641 865 1970 926 praetereun-

404 938 550 994 tibus
596 948 652 995 et
688 939 1195 1012 blasphemantibus
1242 958 1408 1011 eum,
1453 945 1726 1015 principes
1754 962 1968 1016 quoque

402 1029 747 1085 sacerdotum
768 1041 823 1086 et
844 1030 1050 1088 Scriba;
1079 1041 1483 1103 praetereuntes,
1509 1047 1564 1093 et
1591 1036 1693 1105 ipsi
1716 1036 1969 1095 dicebant

398 1120 465 1174 ad
499 1136 623 1176 eum
676 1122 801 1178 victi
848 1123 1142 1181 virtutibus
1186 1135 1313 1182 ante
1356 1129 1525 1197 gestis
1556 1129 1626 1185 ab
1675 1144 1742 1185 co
1774 1151 1784 1185 :
1816 1129 1965 1186 Alios

395 1214 564 1268 salvos
610 1215 754 1284 fecit,
805 1218 1038 1286 seipsum
1081 1218 1286 1274 sulcum
1333 1221 1507 1290 facere
1554 1236 1657 1276 non
1703 1230 1869 1291 potest
1895 1223 1962 1277 ".

396 1303 656 1360 Videlicet
704 1321 812 1361 non
857 1307 1140 1365 credentes
1168 1312 1428 1379 quoniam
1460 1312 1551 1382 qui
1584 1312 1722 1367 alios
1754 1313 1965 1370 salvare

398 1396 590 1465 potuit,
622 1397 792 1452 multo
820 1397 1056 1468 amplius
1080 1408 1295 1469 poterat
1340 1411 1395 1457 et
1436 1403 1673 1473 seipsum
1718 1405 1962 1470 salvere;

391 1495 445 1541 et
476 1488 860 1557 promittebant
904 1506 964 1545 se
1005 1492 1314 1551 credituros
1357 1494 1413 1548 in
1445 1510 1571 1549 cum
1607 1497 1764 1564 quasi
1793 1496 1845 1551 in
1875 1512 1962 1550 re-

391 1594 508 1647 gem
549 1579 712 1634 Israel
733 1619 749 1645 ,
778 1581 824 1634 si
858 1581 1193 1637 descendens
1220 1600 1250 1638 a
1283 1600 1448 1641 cruce
1472 1585 1744 1642 videretur
1767 1588 1834 1641 ab
1859 1587 1959 1643 eis.

391 1668 507 1738 Ipse
549 1678 730 1725 autent
784 1685 891 1725 non
937 1673 1166 1727 curabat
1214 1674 1498 1745 indignum
1543 1676 1748 1745 aliquid
1801 1691 1963 1746 agere

388 1769 606 1829 propter
636 1761 929 1819 derisionis
979 1763 1258 1833 injuriam,
1302 1774 1359 1821 et
1404 1766 1581 1822 facere
1626 1768 1771 1838 quod
1807 1768 1956 1825 dice-

388 1851 547 1906 batur
568 1851 636 1906 ab
663 1853 743 1907 eis
771 1859 924 1908 extra
953 1854 1218 1909 rationem
1253 1864 1308 1910 et
1331 1856 1601 1913 ordinem.

454 1940 580 1995 {33.
607 1937 847 2011 Idipsum
870 1953 1049 1997 autem
1076 1951 1127 1996 et
1150 1943 1382 1999 latrones
1407 1946 1498 2014 qui
1531 1948 1773 2017 cruciﬁxi
1800 1956 1951 2002 erant

382 2044 499 2084 cum
529 2046 611 2094 co,
640 2032 1063 2102 improperabant
1092 2035 1141 2089 ei
1162 2034 1230 2089 ⁷³.
1258 2034 1320 2090 Ει
1357 2036 1499 2101 apud
1524 2035 1788 2093 Joannem
1811 2040 1955 2096 sicut

384 2119 662 2189 potuimus
708 2121 1065 2190 exposuimus
1117 2124 1185 2179 de
1234 2125 1452 2183 duobus
1501 2126 1807 2186 latronibus
1855 2132 1949 2200 qui

380 2210 604 2265 fuerunt
631 2212 877 2267 crucifixi
917 2228 1042 2269 cum
1073 2213 1314 2283 Christo,
1348 2217 1444 2287 qui
1485 2219 1786 2275 secundum
1815 2220 1951 2277 Mat-

379 2301 579 2355 thaeum
628 2301 849 2372 quidem
910 2313 967 2359 et
1026 2302 1268 2362 Marcum
1329 2310 1837 2378 improperaverunt
1897 2313 1948 2369 ei

377 2390 547 2448 ambo
578 2393 633 2448 in
670 2407 851 2449 cruce.
887 2392 1196 2452 Secundum
1227 2396 1431 2456 Lucam
1466 2408 1645 2459 autem
1677 2401 1945 2458 dicentem

376 2484 635 2553 quoniam
665 2500 807 2541 unus
846 2486 914 2541 de
959 2486 1324 2556 pendentibus
1358 2489 1665 2547 latronibus
1695 2493 1947 2563 blasphe—

377 2578 560 2635 mabat
584 2580 775 2635 dicens
806 2595 820 2629 τ
856 2578 916 2634 Si
946 2588 1003 2633 tu
1043 2596 1099 2635 es
1137 2578 1401 2648 Christus,
1446 2583 1597 2638 salva
1639 2585 1865 2653 teipsum
1895 2597 1945 2641 et

377 2682 494 2724 nos.
521 2667 851 2739 Respondeas
878 2677 1052 2723 autem
1086 2673 1223 2725 alter
1248 2671 1553 2742 increpabat
1574 2689 1695 2728 eum
1715 2674 1893 2730 dicens
1924 2692 1943 2731 :

378 2757 500 2814 Non
535 2760 686 2814 times
719 2769 777 2813 tu
807 2759 972 2814 Deum
1001 2760 1143 2831 quod
1174 2762 1228 2817 in
1270 2763 1452 2819 eadem
1481 2765 1820 2821 damnatione
1848 2769 1946 2824 es?

377 2848 446 2903 Et
465 2865 558 2904 nos
586 2848 983 2919 quidem'juste,
1008 2865 1135 2905 nam
1154 2853 1415 2923 condigna
1438 2853 1595 2923 factis
1624 2855 1904 2924 recipimus
1922 2871 1941 2909 :

372 2942 470 2994 iste
498 2949 672 2994 autem
722 2940 857 2994 nihil
906 2941 1035 2995 mali
1076 2940 1219 3010 fecit.
1256 2942 1325 2998 Et
1350 2943 1559 2999 dicebat
1600 2945 1671 2999 ad
1707 2943 1893 2999 desum
1920 2961 1938 2998 :

376 3029 634 3085 Memento
678 3031 779 3085 mei
822 3047 941 3085 cum
981 3033 1179 3087 ueneris
1209 3034 1267 3089 in
1309 3050 1524 3104 regnum
1565 3045 1714 3090 tuum
1732 3035 1798 3091 ⁷⁸.
1836 3034 1939 3091 Bc-

371 3119 643 3188 spondens
671 3126 852 3175 autem
902 3118 1063 3177 Iesus
1104 3122 1243 3178 dixit
1281 3123 1351 3179 ad
1391 3138 1538 3190 eum,
1565 3125 1656 3194 qui
1692 3125 1937 3198 increpa-
1962 3159 2005 3214 ο

372 3217 520 3264 verat
561 3209 1064 3280 blasphemantem:
1109 3214 1273 3273 Amen
1307 3215 1425 3269 dico
1457 3214 1592 3270 tibi:
1629 3213 1800 3270 Hodie
1829 3232 1935 3271 meo

368 3312 481 3351 cum
509 3297 613 3351 eris
650 3298 705 3351 in
734 3300 984 3368 paradiso
1009 3301 1077 3357 ⁷⁸.
1102 3301 1445 3359 Conveniens
1482 3318 1612 3376 ergo
1643 3313 1749 3371 est,
1787 3313 1845 3360 ut
1882 3306 1934 3363 in

370 3386 556 3452 primis
599 3390 819 3459 quidem
862 3392 1025 3449 ambo
1068 3392 1310 3451 latrones
1353 3394 1725 3464 intelligantur
1752 3395 1937 3461 mei-

367 3493 500 3533 num
529 3479 935 3549 blasphemasse
960 3496 975 3534 :
1004 3492 1127 3550 post
1175 3484 1281 3537 hoc
1329 3492 1512 3539 autem
1543 3500 1710 3539 unum
1751 3501 1818 3541 ex
1856 3486 1935 3545 eis

364 3581 690 3624 conversum
748 3585 901 3638 esse,
957 3581 1013 3627 et
1059 3573 1357 3630 credidisse
1407 3583 1729 3631 tractantem
1793 3577 1935 3646 apud

366 3658 603 3727 seipsum
654 3659 742 3715 his
782 3661 1065 3718 miraculis
1095 3679 1217 3725 quae
1248 3663 1503 3721 audiebat
1548 3665 1687 3722 facta
1719 3666 1790 3721 ab
1818 3681 1884 3721 eo
1916 3685 1931 3724 :

364 3746 594 3804 forsitan
644 3758 823 3805 autem
870 3761 925 3807 et
973 3753 1162 3809 videns
1208 3755 1624 3813 conversionem
1665 3756 1841 3822 aeris.
1880 3767 1935 3818 et

366 3841 617 3898 tenebras
642 3840 757 3897 fieri
785 3841 1052 3907 insuetas,
1080 3852 1137 3900 et
1166 3860 1270 3899 non
1301 3845 1443 3902 sicut
1475 3845 1589 3902 fieri
1623 3845 1934 3921 frequenter

364 3932 633 3988 solebant.
675 3933 786 3988 Aut
827 3949 895 3989 ne
942 3933 1099 4000 forte,
1134 3936 1279 3991 sicut
1317 3944 1373 3991 et
1411 3936 1521 3992 illic
1549 3937 1818 4006 diximus,
1841 3940 1930 3996 alii

362 4029 490 4075 sunt
516 4021 573 4076 hi
597 4021 707 4077 duo
736 4023 995 4089 latrones,
1023 4024 1115 4094 qui
1146 4024 1308 4080 ambo
1337 4025 1798 4098 blasphemarunt.
1828 4028 1930 4087 Sed

361 4110 453 4165 ille
501 4110 639 4165 latro
684 4111 775 4181 qui
827 4112 1067 4169 salvatus
1096 4122 1199 4178 est,
1246 4122 1425 4184 potest
1453 4131 1576 4173 esse
1615 4119 1929 4189 mysterium

359 4212 549 4252 eorum
580 4199 674 4269 qui
717 4208 841 4270 post
888 4200 1091 4256 multas
1134 4201 1450 4272 iniquitates
1490 4205 1837 4262 crediderunt
1876 4208 1929 4265 in

358 4286 660 4354 Christum,
698 4298 755 4344 et
793 4289 1048 4344 dixerunt
1094 4288 1312 4345 Christo
1345 4308 1357 4343 :
1403 4289 1613 4345 Conﬁxi
1656 4306 1850 4347 sumus
1879 4307 1931 4348 et

357 4379 681 4450 configurati
737 4381 791 4437 in
843 4391 1015 4435 morte
1061 4379 1267 4437 Christi
1318 4398 1333 4436 :
1381 4390 1436 4438 ct
1487 4397 1702 4451 semper
1741 4382 1932 4439 dicunt

2074 580 2148 634 ita
2177 580 2515 634 currentium
2561 577 2673 633 fieri
2723 577 2883 641 solet,
2930 593 3034 630 non
3081 577 3134 630 in
3180 576 3288 630 alio
3320 586 3561 645 tempore
3593 578 3649 632 fit

2072 671 2174 727 nisi
2200 671 2254 725 in
2282 678 2554 725 conventu
2600 670 2732 724 solis
2766 677 2820 722 et
2858 668 3020 733 lunae,
3049 668 3268 738 quando
3294 668 3419 721 luna
3453 669 3647 723 subtus

2069 777 2296 816 currens
2341 761 2472 816 solis
2521 760 2744 828 impedit
2779 758 2961 812 radios
3008 773 3302 815 occurrens
3346 758 3431 821 ei,
3462 766 3516 811 et
3548 773 3644 813 oc~

2069 867 2232 907 cursu
2261 867 2363 906 suo
2409 850 2590 905 lumen
2624 849 2745 919 ejus
2785 848 3056 903 obtundit.
3097 847 3153 901 ln
3184 858 3428 918 tempore
3463 858 3641 903 autem

2068 957 2179 1012 quo
2207 956 2405 1015 passus
2441 950 2525 996 est
2565 940 2837 1006 Christus,
2872 939 3221 997 manifestum
3269 952 3349 997 est
3383 942 3644 1013 quoniam

2067 1043 2368 1094 conventus
2401 1048 2507 1089 non
2548 1041 2666 1089 erat
2701 1032 2845 1087 Iun-.e
2881 1032 2945 1088 ad
2995 1034 3186 1099 solem,
3209 1035 3467 1103 quoniam
3507 1042 3639 1088 tem-

2068 1139 2169 1194 pus
2209 1135 2321 1182 erat
2369 1124 2625 1195 paschale
2650 1165 2664 1191 ,
2710 1124 2854 1195 quod
2895 1125 3312 1180 consuetudinis
3358 1134 3443 1181 est
3481 1141 3639 1195 agere

2066 1214 2285 1283 quando
2316 1214 2443 1269 luna
2475 1215 2608 1273 solis
2636 1215 3025 1284 plenitudinem
3057 1215 3220 1271 habet
3245 1224 3299 1272 ct
3329 1217 3382 1271 in
3421 1224 3530 1271 tota
3557 1224 3637 1272 est

2067 1312 2243 1359 nocte.
2290 1302 2575 1368 Quomodo
2620 1318 2750 1375 ergo
2808 1312 3019 1374 poterat
3060 1303 3175 1359 fieri
3225 1304 3457 1360 defectio
3505 1306 3637 1363 solis

2064 1407 2188 1448 cum
2229 1393 2355 1449 luna
2382 1401 2526 1448 esset
2552 1393 2709 1462 plena
2733 1400 2786 1447 ct
2806 1392 3199 1462 plenitudinem
3228 1394 3361 1450 solis
3384 1394 3636 1449 haberet!

2064 1482 2297 1548 Quidam
2328 1493 2508 1537 autem
2561 1482 2932 1545 credentium,
2980 1483 3220 1541 volentes
3263 1484 3632 1540 defensionem

2064 1573 2301 1642 aliquam
2327 1573 2672 1627 introducere
2707 1586 2894 1627 contra
2936 1574 3070 1641 hanc,
3105 1575 3392 1644 augustiati
3424 1591 3633 1630 sermo-

2064 1664 2224 1718 nibus
2269 1664 2639 1733 profitentium
2687 1662 2835 1729 talia,
2880 1662 2952 1717 ita
2992 1663 3250 1718 dixerunt
3285 1684 3297 1718 :
3327 1664 3384 1725 Si
3420 1666 3630 1719 nullum

2062 1753 2225 1823 923
2255 1753 2556 1823 prodigium
2594 1769 2791 1807 novum
2827 1751 3029 1807 factum
3068 1752 3261 1811 fuisset
3300 1754 3357 1808 in
3391 1762 3634 1825 tempore

1985 1822 2029 1877 Β
2056 1847 2327 1917 passionis
2357 1846 2586 1906 Christi,
2622 1846 2715 1901 sed
2739 1845 2923 1899 omnia
2946 1847 3247 1900 secundum
3272 1848 3627 1901 consuetudi-

2055 1954 2202 2004 nem,
2265 1938 2577 1992 crederetur
2636 1937 2935 1992 secundum
2996 1938 3446 1992 consuetudinem
3492 1938 3631 1994 facta

2053 2027 2225 2087 fuisse
2253 2028 2343 2083 illa
2379 2026 2611 2082 defectio
2637 2029 2789 2082 solis.
2820 2026 2976 2082 Nunc
3008 2039 3190 2082 autem
3237 2043 3360 2083 cum
3410 2038 3635 2097 constet,

2051 2130 2243 2177 uetera
2274 2119 2518 2190 prodigia
2551 2135 2674 2193 quae
2708 2128 2836 2177 tunc
2886 2121 3027 2178 facta
3067 2129 3230 2187 sunt,
3279 2136 3385 2175 non
3435 2136 3630 2176 secun-

2050 2212 2180 2268 dum
2211 2210 2658 2267 consuetudinem
2696 2210 2836 2266 facta
2865 2211 3059 2277 fuisse,
3092 2213 3186 2268 sed
3222 2229 3360 2268 nova
3378 2223 3429 2266 et
3453 2214 3627 2268 admi~

2048 2302 2250 2358 randa:
2287 2317 2413 2357 nam
2434 2310 2484 2356 et
2511 2300 2679 2356 velum
2701 2303 2884 2372 templi
2904 2304 3129 2357 scissum
3151 2313 3230 2357 est
3263 2304 3315 2357 in
3337 2304 3473 2357 duas
3504 2321 3628 2368 par-

2049 2402 2124 2448 tes
2149 2410 2183 2448 a
2204 2409 2415 2449 sursum
2445 2409 2609 2463 usque
2637 2393 2903 2459 deorsum,
2931 2403 2981 2448 et
3016 2404 3158 2449 terra
3190 2397 3527 2460 contremuit,
3576 2405 3626 2449 et

2045 2491 2208 2551 petra:
2254 2482 2483 2553 dirupta:
2516 2492 2661 2550 sunt,
2713 2493 2764 2538 et
2793 2494 3131 2539 monumenta
3171 2496 3350 2553 aperta
3384 2497 3529 2562 sunt,
3573 2495 3621 2540 et

2048 2571 2217 2627 multa
2254 2588 2478 2643 corpora
2526 2573 2900 2628 dormientium
2951 2583 3258 2627 sanctorum
3318 2590 3621 2629 recurrere-

2045 2673 2170 2718 runt
2202 2664 2279 2731 ";
2330 2662 2682 2721 manifestum
2729 2674 2814 2719 est
2860 2665 3121 2735 quoniam
3156 2672 3211 2719 et
3266 2664 3355 2718 illa
3392 2664 3625 2723 defectio

2043 2755 2177 2812 solis
2201 2764 2595 2827 consequenter
2617 2755 2918 2812 secundum
2950 2767 3145 2812 caetera
3172 2756 3441 2827 prodigia,
3480 2773 3621 2813 nova

2041 2856 2232 2901 contra
2263 2846 2711 2907 consuetudinem
2748 2846 2889 2901 facta
2915 2856 3017 2901 est.
3051 2845 3182 2900 Item
3215 2845 3479 2902 adversus
3506 2846 3621 2902 hac

2041 2935 2143 3007 filii
2168 2936 2352 2993 seculi
2398 2935 2580 3005 hujus,
2608 2936 2702 3006 qui
2743 2936 3112 3005 prudentiores
3149 2945 3271 2990 sunt
3311 2936 3438 3007 ﬁliis
3484 2937 3621 2992 lucis

2040 3026 2096 3080 in
2116 3044 2214 3083 sua
2243 3027 2576 3098 generatione
2600 3027 2669 3091 ⁷⁸,
2701 3027 2825 3081 talia
2864 3028 3053 3082 dicunt
3082 3045 3098 3082 :
3127 3026 3274 3083 Pone
3303 3029 3428 3098 quia
3464 3039 3617 3083 extra

2040 3120 2489 3177 consuetudinem
2523 3117 2667 3174 facta
2696 3128 2780 3174 est
2820 3118 2911 3173 illa
2944 3117 3176 3174 defectio
3210 3119 3341 3175 solis
3390 3120 3443 3173 in
3484 3131 3619 3173 tem-

2036 3224 2169 3281 pore
2203 3225 2310 3265 non
2336 3209 2565 3278 antiquo
2598 3208 2702 3264 sub
2748 3207 3052 3278 principatu
3098 3206 3464 3261 Romanorum
3490 3251 3504 3274 ,
3542 3209 3617 3262 ita

2037 3311 2096 3357 ut
2126 3302 2362 3361 tcncbrze
2390 3300 2581 3357 ﬂerent
2612 3315 2777 3370 super
2807 3309 3023 3354 onmem
3072 3308 3274 3355 terram
3318 3315 3492 3370 usque
3551 3303 3617 3355 ad

2035 3393 2224 3449 horam
2249 3406 2470 3454 nonam,
2501 3391 2779 3465 quomodo
2815 3391 2916 3445 hoc
2968 3390 3172 3445 factum
3216 3400 3324 3446 tam
3369 3392 3617 3448 mirabile

2035 3496 2196 3537 nemo
2238 3480 2585 3544 Graecorum,
2632 3493 2793 3532 nemo
2838 3478 3198 3534 barbarorum
3237 3480 3441 3535 factum
3480 3496 3615 3535 cou-

2033 3570 2254 3639 scripsit
2282 3569 2337 3622 in
2376 3576 2617 3638 tempore
2647 3568 2760 3634 illo,
2783 3568 3019 3623 maxime
3050 3569 3145 3638 qui
3185 3570 3444 3625 chronica
3482 3589 3616 3627 con-

2034 3659 2406 3729 scripserunt,
2445 3665 2500 3712 et
2532 3666 2858 3712 notaverunt
2908 3658 3083 3713 sicubi
3126 3659 3232 3714 tale
3270 3661 3477 3731 aliquid
3514 3679 3615 3717 nn-

2034 3762 2159 3803 vam
2185 3745 2384 3800 factum
2407 3755 2492 3800 est
2515 3746 2831 3815 aliquando,
2868 3747 2964 3802 sed
2987 3748 3088 3802 soli
3125 3749 3226 3803 hoc
3271 3756 3613 3818 scripserunt

2032 3836 2197 3892 vestri
2241 3834 2621 3891 auctoreSTEt
2674 3834 2919 3905 Phlegon
2977 3837 3196 3907 quidem
3243 3839 3296 3893 in
3330 3841 3610 3896 Cltronicis

2032 3931 2149 3988 suis
2175 3928 2392 3999 scripsit
2428 3928 2482 3982 in
2518 3928 2824 3999 principatu
2852 3926 3054 3985 Tiberii
3112 3931 3344 3990 Caesaris
3382 3933 3607 4000 factum,

2034 4023 2127 4080 sed
2162 4040 2267 4079 non
2302 4020 2627 4091 significavit
2662 4019 2715 4073 in
2747 4019 2877 4074 luna
2899 4021 3056 4090 plena
3085 4023 3189 4079 hoc
3215 4023 3438 4081 factum.
3480 4026 3611 4084 Vide

2033 4130 2163 4185 ergo
2197 4113 2303 4171 nisi
2336 4111 2496 4166 fortis
2539 4119 2624 4166 est
2650 4110 2888 4180 objectio
2925 4112 3056 4177 haec,
3090 4123 3143 4168 et
3177 4122 3367 4184 potens
3394 4133 3610 4175 movere

2031 4221 2247 4264 omnem
2278 4206 2551 4260 hominem
2593 4206 2894 4275 sapientem
2946 4207 3039 4275 qui
3086 4223 3183 4264 nec
3232 4209 3343 4265 illis
3379 4210 3608 4267 dicenti-

2030 4297 2154 4362 bus,
2184 4312 2282 4351 nec
2306 4297 2423 4352 istis
2447 4295 2814 4352 scribentibus
2845 4298 3139 4361 consentit,
3159 4300 3253 4355 sed
3277 4301 3461 4355 omnia
3483 4318 3607 4357 cum

2032 4388 2244 4443 ratione
2275 4388 2558 4458 etjndicio
2593 4388 2766 4443 audit.
2804 4386 2870 4443 Et
2901 4404 3007 4443 non
3033 4390 3352 4459 estquidem
3386 4392 3603 4455 durum,

359 4464 496 4523 Filio
528 4467 620 4525 Dei
657 4484 668 4518 :
703 4468 910 4524 Memor
944 4482 1062 4524 esto
1106 4471 1284 4526 nostri
1312 4485 1438 4527 cum
1486 4472 1699 4529 veneris
1745 4473 1800 4531 in
1846 4489 1932 4531 re—
1963 4482 2006 4538 ι)
2035 4478 2180 4550 quod
2212 4478 2592 4549 unusquisque
2626 4478 2868 4534 fidelium
2901 4480 2993 4551 qui
3025 4481 3197 4535 credit
3227 4481 3470 4551 quidem,
3497 4500 3602 4537 non

356 4571 521 4625 gnum
555 4566 730 4624 tuum,
754 4569 809 4615 et
833 4559 953 4613 ideo
985 4561 1038 4614 in
1066 4560 1321 4630 paradiso
1345 4572 1470 4617 sunt
1494 4578 1617 4619 etim
1646 4563 1784 4634 ipso.

427 4648 552 4704 154.
577 4651 617 4707 Α
648 4659 796 4705 sexta
832 4661 1007 4705 autem
1029 4651 1160 4705 hora
1191 4653 1413 4708 tenebra:
1442 4654 1599 4725 facta:
1628 4664 1749 4709 sunt
1773 4671 1927 4723 super

358 4741 653 4794 universam
705 4750 900 4799 terram
948 4761 1109 4816 usque
1154 4747 1224 4799 ad
1270 4747 1455 4801 harant
1499 4763 1692 4802 nonam
1728 4746 1794 4801 ⁷⁸.
1841 4746 1921 4802 Ad

355 4831 501 4887 hunc
553 4840 758 4886 textum
817 4835 1039 4903 quidam
1100 4838 1508 4893 calumniantur
1555 4838 1919 4903 evangelicam

352 4925 927 4990 veritatem,.diceutes
948 4929 1225 4997 quomodo
1254 4928 1554 4986 secundum
1588 4938 1791 4987 textum
1826 4944 1920 4999 p0-

351 5020 456 5071 test
477 5028 599 5070 csse
622 5029 812 5069 verum
836 5016 982 5085 quod
1013 5017 1211 5073 dicitur
1242 5018 1370 5091 quia
1420 5016 1576 5075 factae
1619 5028 1746 5077 sunt
1773 5028 1920 5073 tene-

350 5105 461 5161 ωε
486 5120 652 5175 super
691 5121 907 5161 omnem
954 5116 1154 5163 terram
1198 5125 1229 5165 a
1274 5120 1425 5167 sexta
1468 5110 1600 5165 hora
1652 5126 1822 5180 usque
1851 5108 1918 5164 ad

350 5210 583 5262 uetiam,
630 5198 778 5266 quod
809 5199 1010 5256 factum
1053 5201 1200 5256 nulla
1250 5202 1414 5256 refert
1454 5202 1716 5257 historia?
1746 5200 1809 5255 Et
1836 5201 1921 5255 di—

348 5294 477 5341 cunt
506 5288 658 5354 quia,
690 5289 834 5344 sicut
856 5291 995 5347 solet
1033 5290 1145 5351 ﬁeri
1197 5292 1251 5347 in
1295 5292 1429 5347 solis
1470 5292 1791 5359 defectione,
1838 5291 1917 5345 sic

350 5373 487 5429 facta
517 5388 602 5431 est
638 5387 767 5434 tunc
802 5379 1035 5435 dt-fectio
1065 5381 1217 5436 solis.
1249 5380 1488 5436 Deiectio
1515 5392 1692 5437 autem
1725 5383 1856 5436 solis
1884 5400 1913 5436 a

347 5465 547 5519 saeculo
572 5483 785 5541 semper
812 5469 914 5524 fuit
945 5470 996 5525 in
1024 5486 1124 5527 suo
1161 5480 1399 5540 tempore
1426 5470 1585 5526 facta.
1625 5470 1729 5524 Sed
1760 5469 1910 5525 defe-

2036 4576 2216 4623 tamen
2244 4584 2367 4621 cum
2405 4569 2616 4624 ratione
2641 4578 2842 4624 etcum
2873 4570 3082 4641 judicio
3113 4571 3303 4639 credit,
3334 4580 3389 4626 ut
3429 4573 3498 4627 ita
3532 4577 3605 4627 sit

2031 4667 2289 4714 Constans
2313 4657 2367 4711 in
2398 4659 2522 4725 fide,
2554 4671 2614 4714 ut
2643 4659 2746 4715 etsi
2770 4661 2917 4715 mille
2937 4661 3170 4717 crimina
3187 4662 3452 4731 obiiciant
3472 4680 3603 4718 cou-

2031 4758 2114 4804 tra
2175 4749 2541 4820 evangelicam
2599 4750 2758 4806 fidem
2816 4753 3060 4807 volentes
3111 4753 3391 4807 destruere
3444 4757 3602 4810 tidem

2028 4850 2293 4907 nostram,
2329 4852 2388 4897 ut
2409 4843 2464 4897 in
2494 4843 2638 4897 nulla
2668 4853 2821 4913 parte
2844 4859 3033 4899 eorum
3054 4855 3460 4901 commoveatur
3487 4863 3602 4902 scr-

2029 4931 2303 4996 monibus,
2339 4931 2432 5001 qui
2469 4932 2736 5002 fingentes
2760 4949 2819 4988 se
2841 4935 3062 4989 credere
3106 4933 3404 5004 Scripturis
3435 4952 3601 4991 evan-

2026 5020 2234 5090 gelicis,
2271 5035 2365 5090 per
2396 5021 2740 5076 occasionem
2780 5022 2942 5078 unius
2972 5030 3067 5077 aut
3088 5024 3314 5080 alterius
3344 5030 3599 5097 qtuestio-

2024 5111 2131 5173 nis,
2161 5119 2254 5165 aut
2282 5110 2513 5167 difﬁcilis
2533 5121 2629 5167 aut
2649 5112 2785 5168 forte
2811 5113 3226 5179 indissolubilis,
3248 5117 3596 5174 adversantes

2022 5200 2321 5271 Scripturis
2349 5191 2606 5257 festinant
2641 5203 2798 5258 fidem
2828 5205 3030 5259 Christi
3081 5214 3136 5260 et
3180 5205 3591 5278 Evangeliorum

2020 5292 2139 5362 ejus
2163 5295 2352 5349 tollere
2368 5296 2435 5350 de
2457 5297 2636 5350 anima
2663 5308 2871 5363 nostra,
2895 5297 3302 5355 introducentes
3327 5301 3591 5369 quasdam

2023 5383 2300 5438 mirabiics
2338 5399 2443 5449 res,
2477 5395 2529 5439 ct
2562 5385 2831 5439 mirabilia
2861 5386 2950 5442 Dei
2984 5387 3186 5442 virtute
3212 5399 3590 5445 consummata

2021 5475 2086 5529 ad
2111 5476 2398 5531 szccularcs
2429 5477 2693 5546 quasdam
2720 5478 3141 5533 consuetudines
3174 5478 3470 5535 transferre
3498 5498 3591 5535 vo-

413 5669 462 5702 "
494 5670 686 5757 Ιξειιξςε.
723 5690 810 5757 tv.
846 5676 897 5728 8.
975 5677 1222 5757 “ilt‘uir;
1256 5694 1361 5757 ιδῃ
1562 5679 1622 5757 1"
1638 5677 1823 5757 Metili.
1857 5693 2027 5743 xxvn,
2053 5681 2139 5757 ιζ.
2216 5682 2261 5714 ⁷³
2294 5683 2419 5736 ibid.
2452 5684 2540 5738 xii.
2610 5686 2652 5714 7‘
2682 5683 2810 5737 Luc.
2848 5683 3084 5751 unum
3115 5692 3168 5740 et
3194 5699 3306 5757 seq.
3379 5687 3422 5717 ⁷⁸
3454 5687 3586 5745 ibid.

357 5739 433 5794 i3.
515 5743 558 5773 ⁷⁸
586 5741 772 5799 Matth.
804 5761 983 5811 xxv“,
1026 5750 1102 5802 iii.
1181 5751 1222 5779 ⁷⁷
1254 5748 1384 5803 ibid.
1417 5749 1503 5813 bl,
1558 5748 1643 5801 52.

1724 5749 1765 5777 ⁷⁵³
1795 5746 1924 5803 Luc.
1959 5766 2065 5816 xw,
2097 5751 2147 5804 8.
