4052 6304
517 402 658 458 1785

1686 400 2014 456 ORIGENIS
2054 399 2119 452 IN
2156 399 2570 456 MA'I‘Tll.-'EUM

3659 404 3827 458 ITSI

515 517 710 574 lentes.
750 517 998 574 Judicavi
1032 519 1194 588 igitur
1222 520 1448 584 bonum,
1479 531 1538 576 ut
1579 521 1854 590 accipiens
1891 522 2093 574 bonum
2125 525 2169 579 Α
2197 519 2342 573 enim
2375 521 2610 575 tenebrae
2643 522 2797 576 factae
2820 531 2947 578 sunt
2972 539 3134 593 super
3173 540 3389 578 omnem
3421 532 3640 578 terram
3694 525 3833 577 sole

517 612 860 681 prepositum
885 625 1075 665 eorum
1107 611 1201 681 qui
1233 613 1284 665 in
1313 613 1419 668 ﬁde
1450 623 1765 670 constantes
1799 630 1922 668 esse
1943 613 2092 667 desi-

515 704 729 768 derant,
755 702 1056 757 solutiones
1085 704 1529 760 criminationum
1560 721 1772 772 eorum,
1819 705 1870 759 iu
1914 721 2091 775 quan-

513 799 630 846 tum
662 790 796 844 mihi
832 806 900 846 ex
928 791 1038 847 Deo
1070 802 1153 848 est
1177 795 1374 861 virtus,
1421 796 1696 852 inveniam
1729 813 1825 867 pro
1859 813 2092 868 evange-

515 879 619 935 liea
653 880 927 936 veritate:
977 892 1035 937 ut
1087 883 1271 941 ﬁdeles
1322 902 1430 941 non
1462 887 1638 942 solum
1676 888 1780 942 ﬁde
1833 888 2091 957 simplici,

514 972 608 1026 sed
641 973 804 1028 etiam
851 975 1062 1030 ratione
1088 975 1206 1032 ﬁdei
1238 979 1557 1034 muniantur
1596 981 1648 1033 in
1701 981 1820 1034 ﬁde.
1850 979 2094 1036 Dicimus

511 1078 644 1135 ergo
678 1065 823 1135 quod
851 1065 1137 1125 Matthaeus
1170 1079 1222 1124 et
1255 1069 1470 1126 Marcus
1506 1087 1609 1127 non
1644 1073 1901 1127 dixerunt
1939 1072 2090 1129 defe-

509 1153 750 1211 ctionem
781 1157 914 1213 solis
939 1169 1070 1214 tunc
1111 1159 1306 1215 factam
1337 1160 1528 1229 fuisse,
1561 1163 1654 1218 sed
1683 1178 1858 1232 neque
1890 1162 2088 1230 Lucas,

511 1247 816 1302 secundum
869 1248 1128 1320 pleraque
1165 1252 1496 1323 exemplaria
1528 1252 1784 1308 habentia
1837 1253 1917 1309 sic
1953 1269 1968 1306 :
2020 1254 2088 1308 Et

507 1347 622 1393 erat
655 1339 788 1394 liora
840 1340 948 1408 fere
981 1351 1153 1410 sexta,
1193 1353 1244 1398 et
1296 1344 1520 1400 tenebrae
1563 1345 1722 1414 facta:
1767 1356 1890 1400 sunt
1935 1363 2091 1416 super

509 1446 715 1485 omnem
745 1443 942 1488 terram
975 1451 1135 1505 usque
1168 1435 1238 1488 ad
1267 1437 1453 1490 horam
1495 1455 1711 1501 nonam,
1746 1448 1795 1492 et
1837 1437 2090 1493 obscura-

508 1528 593 1574 tus
613 1532 689 1576 est
713 1522 794 1576 sol
815 1525 878 1576 τ’.
909 1522 967 1578 In
990 1525 1318 1594 quibusdam
1344 1535 1523 1582 autem
1546 1528 1947 1598 exemplaribus
1980 1545 2085 1583 non

507 1612 740 1668 habetur
774 1632 786 1668 :
825 1614 1072 1670 Tenebrae
1102 1617 1261 1685 factm
1284 1628 1429 1683 sunt,
1461 1629 1510 1673 et
1534 1619 1846 1676 obscuratus
1876 1633 1950 1676 est
1975 1625 2086 1688 sol;

508 1704 603 1758 sed
638 1704 711 1758 ita
741 1723 754 1758 :
791 1705 1040 1761 Tenebrae
1083 1709 1245 1776 facta:
1281 1720 1406 1764 sunt
1436 1727 1596 1780 super
1639 1728 1842 1767 onmem
1889 1725 2086 1768 terram

506 1792 616 1846 sole
644 1793 938 1862 deﬁciente.
982 1794 1048 1849 Et
1081 1795 1308 1853 forsitan
1347 1816 1515 1856 ausus
1565 1811 1649 1858 est
1684 1804 1882 1872 aliquis
1927 1805 2084 1875 quasi

2199 623 2306 662 non
2331 611 2636 673 nominato,
2665 612 2782 667 sine
2805 613 2970 668 dubio
2999 628 3344 683 consequens
3364 623 3446 668 est
3477 613 3833 682 intelligere

2197 701 2462 770 quasdam
2488 703 2963 762 tenebrosissimas
2984 705 3178 771 nubes,
3203 714 3258 759 et
3278 704 3417 757 forte
3447 720 3554 756 non
3583 718 3827 765 unam,

2197 794 2289 847 sed
2316 794 2514 847 multas
2538 803 2591 849 et
2619 795 2852 865 majores
2873 796 3219 850 concurrisse
3243 811 3407 864 super
3447 805 3669 848 terram
3711 791 3793 845 Ju
3809 822 3830 831 -

2195 885 2366 939 daeam
2389 894 2443 940 et
2465 883 2791 953 Jerusalem,
2835 887 2901 941 ad
2947 887 3338 957 cooperiendos
3387 889 3572 941 radios
3624 887 3820 950 solis,

2193 985 2248 1031 et
2273 979 2394 1033 ideo
2423 977 2703 1048 profunda:
2748 979 2903 1034 factae
2931 990 3057 1035 sunt
3093 982 3330 1034 tenebrae
3364 996 3391 1033 a
3442 989 3594 1035 sexta
3657 980 3819 1032 lima

2194 1085 2367 1139 usque
2399 1071 2467 1126 ad
2511 1085 2734 1126 nouam.
2769 1071 3057 1139 Quomodo
3099 1083 3278 1128 autem
3317 1071 3472 1127 facta:
3528 1082 3677 1127 sunt
3753 1073 3817 1127 in

2193 1160 2285 1214 tali
2321 1163 2440 1216 loco
2467 1161 2727 1228 diximus,
2777 1179 2845 1218 ne
2880 1163 3017 1218 forte
3072 1173 3126 1218 et
3191 1164 3425 1218 tenebrae
3477 1165 3818 1233 palpabiles

2192 1253 2245 1308 in
2275 1253 2565 1324 IEgyptum
2618 1256 2721 1310 hoc
2765 1257 2926 1312 modo
2975 1255 3129 1311 facta:
3174 1254 3396 1311 fuerunt
3431 1258 3606 1316 trjbus
3669 1258 3811 1312 die-

2193 1342 2293 1396 bus
2320 1341 2391 1406 ⁸ο,
2414 1358 2520 1396 non
2548 1357 2614 1396 ex
2665 1342 2795 1398 solis
2833 1341 3168 1405 defectione,
3209 1343 3325 1397 sive
3363 1352 3544 1397 autem
3589 1359 3664 1398 ex
3729 1358 3808 1397 eo

2191 1431 2332 1501 quod
2365 1433 2538 1488 nubes
2567 1433 2867 1488 tenebrosa:
2888 1443 3285 1489 concurrerunt
3307 1433 3474 1505 924
3501 1433 3554 1486 in
3575 1450 3802 1502 unum,

2190 1524 2304 1579 sive
2341 1525 2486 1593 quod
2532 1540 2628 1580 aer
2662 1525 2772 1580 illic
2819 1532 2953 1580 tunc
2995 1526 3226 1595 spissior
3277 1525 3452 1582 factus
3485 1535 3572 1581 est
3606 1543 3803 1596 super

2192 1615 2476 1687 Egyptios
2505 1626 2735 1672 tantum.
2766 1615 3033 1673 Omnibus
3060 1618 3206 1674 enim
3233 1617 3359 1672 ﬁliis
3403 1618 3592 1683 Israel,
3628 1620 3799 1676 sicut

2192 1718 2421 1765 testatur
2453 1709 2754 1780 Scriptura,
2785 1709 2962 1766 fuerat
2989 1711 3194 1774 lumen,
3229 1710 3281 1764 in
3313 1711 3515 1780 quibus
3546 1710 3796 1766 fuerant

2191 1801 2536 1857 commorati.
2581 1801 2718 1856 Nam
2748 1811 2801 1858 et
2825 1803 3159 1872 impossibile
3211 1803 3383 1857 estin
3436 1803 3570 1858 solis
3620 1803 3796 1858 defe-

507 1883 853 1943 manifestius
879 1889 1082 1960 aliquid
1107 1891 1288 1948 dicere
1320 1894 1527 1961 volens,
1555 1911 1654 1965 pro
1681 1913 1694 1950 :
1733 1894 1801 1949 Et
1833 1872 2085 1952 obscura-
2121 1872 2162 1929 Β
2191 1893 2389 1959 ctione,
2416 1909 2538 1964 qua:
2568 1893 2628 1948 lit
2657 1910 2722 1955 ex
2761 1895 3122 1950 concursione
3146 1895 3288 1950 luna?
3317 1894 3382 1949 ad
3417 1895 3588 1950 SOlem
3623 1935 3639 1959 ν
3678 1897 3794 1949 ll'i-

507 1984 592 2030 tus
639 1986 718 2032 est
755 1981 871 2046 sul,
922 1997 1125 2051 ponere
1163 2001 1175 2036 :
1216 1985 1500 2056 Deﬁciente
1550 1988 1700 2054 sole;
1763 1991 2086 2047 existimans

505 2069 651 2136 quod
684 2085 792 2125 non
827 2072 985 2128 aliter
1031 2077 1330 2144 potuissent
1387 2081 1501 2134 ﬁeri
1549 2081 1786 2137 tenebrae
1837 2082 1938 2137 nisi
1973 2083 2087 2138 sole

503 2158 809 2217 deﬁciente.
869 2161 1010 2220 Puto
1065 2176 1246 2223 autem
1303 2170 1477 2241 magis
1531 2171 1679 2242 quod
1738 2172 2085 2230 insidiatores

506 2247 766 2308 Ecclesiae
792 2253 995 2312 Christi
1029 2267 1378 2315 mutaverunt
1405 2261 1510 2318 hoc
1541 2263 1788 2330 verbum,
1822 2265 2081 2334 quoniam

506 2346 746 2400 tenebrat
773 2345 930 2402 factae
954 2359 1084 2404 sunt
1108 2351 1223 2406 sole
1255 2353 1540 2410 deﬁciente
1560 2396 1574 2421 ,
1611 2364 1671 2410 ut
1713 2357 2084 2413 verisimiliter

504 2436 794 2508 Evangelia
852 2441 1006 2511 argui
1045 2443 1257 2512 possint
1313 2447 1614 2502 secundum
1667 2448 2080 2507 adinventiones

503 2533 800 2590 volentium
838 2550 1068 2606 arguere
1113 2553 1198 2593 ea.
1242 2541 1496 2596 Arbitror
1525 2557 1684 2612 ergo,
1717 2542 1859 2598 sicut
1884 2552 2078 2598 cartera

502 2625 658 2696 signa
679 2641 801 2696 quae
821 2626 963 2682 facta
981 2637 1110 2683 sunt
1133 2631 1186 2684 in
1215 2632 1470 2700 passione
1485 2632 1679 2702 ipsius,
1699 2633 1751 2688 in
1777 2632 2076 2689 Jerusalem

501 2717 878 2773 tantummodo
903 2716 1045 2774 facta
1073 2729 1220 2785 sunt,
1250 2721 1331 2778 sic
1360 2732 1412 2778 et
1440 2723 1673 2779 tenebrae
1699 2726 2078 2782 tantummodo

500 2821 664 2876 super
695 2823 912 2864 omnem
949 2819 1150 2866 terram
1177 2810 1417 2868 Judaeam
1449 2823 1578 2870 sunt
1612 2813 1768 2872 facta:
1793 2831 1966 2888 usque
2010 2817 2076 2871 ad

499 2898 690 2955 horam
720 2915 944 2957 nonam.
974 2901 1107 2969 Quae
1129 2913 1310 2960 autem
1345 2906 1490 2970 dico,
1535 2909 1588 2962 in
1611 2907 1916 2964 Jerusalem
1958 2919 2076 2966 tau-

498 2991 781 3047 tummodo
807 2993 923 3048 lucc
951 2991 1092 3050 facta
1120 3004 1250 3050 sunt
1277 3014 1290 3050 :
1321 2997 1468 3066 quod
1499 2999 1678 3054 velum
1708 2999 1895 3069 templi
1937 2999 2075 3056 scis-

499 3097 622 3136 sum
651 3090 755 3150 est,
782 3084 928 3154 quod
959 3096 1101 3142 terra
1141 3090 1493 3153 contremuit,
1539 3091 1684 3162 quod
1731 3099 1896 3160 petrae
1924 3091 2074 3146 diru-

2189 1985 2292 2040 bus
2320 1987 2512 2043 diebus
2547 1988 2821 2042 continuis
2858 1987 2972 2042 ﬁeri
3007 1988 3300 2042 tenebras:
3344 1997 3394 2042 et
3449 1989 3792 2044 crederetur

2187 2078 2367 2147 aliqua
2403 2079 2508 2134 alia
2531 2079 2876 2134 tenebrarum
2908 2094 3072 2134 causa
3108 2078 3276 2134 fuisse
3313 2079 3365 2132 iu
3412 2077 3649 2151 Egypto
3671 2119 3689 2144 ,
3729 2081 3784 2135 si

2186 2168 2270 2222 vel
2299 2169 2612 2224 nominatus
2635 2167 2827 2224 fuisset
2854 2169 2957 2233 sol,
2995 2170 3109 2224 sive
3150 2168 3307 2238 quasi
3346 2169 3678 2226 obscur-atus
3718 2171 3783 2224 in

2188 2271 2431 2330 tempore
2456 2261 2586 2317 illo:
2626 2278 2772 2318 nunc
2807 2273 2991 2318 autem
3023 2263 3292 2332 scriptura
3331 2260 3501 2316 Exodi
3533 2264 3577 2294 ⁸⁸
3621 2263 3780 2317 nihil

2185 2353 2334 2409 aliud
2355 2354 2487 2409 dicit
2516 2354 2621 2410 nisi
2665 2355 2793 2425 quia
2840 2354 3053 2426 Moyses
3085 2354 3326 2409 extendit
3355 2369 3573 2409 manum
3605 2370 3776 2410 suam

2186 2445 2239 2498 in
2266 2445 2490 2509 coelum,
2518 2456 2572 2500 et
2604 2444 2760 2500 facta:
2785 2455 2913 2500 sunt
2935 2444 3168 2500 tenebrae
3188 2485 3202 2509 ,
3239 2453 3294 2499 et
3331 2444 3539 2515 caligo,
3571 2454 3624 2500 et
3657 2460 3790 2502 (ωε

2185 2546 2320 2603 tera,
2347 2553 2509 2608 super
2543 2546 2710 2593 totam
2743 2547 2940 2592 terram
2977 2535 3194 2606 Egypti
3225 2535 3400 2590 tribus
3432 2536 3623 2591 diebus
3643 2576 3656 2599 .
3705 2545 3771 2591 et

2184 2643 2345 2684 nemo
2386 2629 2519 2685 vidit
2553 2629 2776 2684 fratrem
2805 2644 2986 2693 suum,
3038 2643 3214 2698 neque
3271 2627 3505 2682 surrexit
3553 2625 3773 2696 aliquis

2181 2722 2248 2776 de
2278 2722 2416 2776 lecto
2438 2736 2539 2777 suo
2569 2721 2747 2776 tribus
2779 2719 2990 2775 diebus.
3036 2717 3190 2784 Quod
3222 2726 3400 2772 autem
3439 2716 3558 2771 dico
3588 2733 3773 2788 super

2187 2829 2403 2868 onmem
2433 2822 2630 2868 terram
2652 2810 2893 2865 Juda‘am
2919 2809 3002 2863 vel
3035 2807 3359 2872 Jerusalem,
3383 2816 3444 2862 ut
3467 2823 3572 2862 non
3594 2823 3769 2863 omne

2179 2901 2507 2956 elementum
2557 2910 2715 2956 terrae
2759 2899 3144 2968 intelligamus,
3179 2897 3309 2952 illud
3351 2907 3435 2952 est
3465 2912 3769 2967 argumen-

2181 3003 2293 3048 tum
2343 2991 2486 3061 quod
2540 2992 2800 3061 scriptum
2845 2999 2928 3046 est
2959 2989 3013 3043 in
3041 2988 3200 3044 tertio
3231 2987 3371 3042 libro
3420 2985 3762 3056 Regnorum,

2181 3085 2274 3139 ubi
2327 3083 2532 3139 Abdias
2577 3083 2922 3153 dispensator
2979 3081 3159 3136 Achaz
3207 3080 3340 3135 dixit
3393 3079 3562 3134 Eliae:
3613 3080 3764 3144 Quid

498 3185 603 3245 pta:
640 3185 788 3239 sunt,
817 3178 964 3247 quod
998 3190 1355 3234 monumenta
1391 3191 1578 3251 aperta
1605 3192 1754 3237 sunt.
1782 3180 1895 3237 Nec
1927 3183 2073 3237 enim
2104 3209 2146 3265 ο
2178 3178 2407 3246 peccavi,
2447 3176 2572 3245 quia
2601 3175 2798 3228 dedisti
2825 3190 3028 3228 servum
3055 3183 3202 3226 mum
3231 3173 3282 3226 in
3317 3187 3505 3225 manus
3550 3171 3761 3238 Achab,

498 3275 651 3320 extra
684 3263 926 3322 Judamm
962 3279 1127 3338 petrae
1151 3270 1384 3339 dirupta:
1415 3282 1563 3336 sunt,
1600 3281 1694 3326 aut
1721 3283 2074 3328 monumenta

499 3366 686 3428 aperta
718 3368 846 3414 sunt
873 3360 1001 3425 alia,
1029 3363 1135 3418 nisi
1163 3377 1226 3417 ea
1257 3371 1466 3417 tantum
1518 3379 1641 3434 quae
1669 3364 1724 3418 in
1773 3363 2073 3420 Jerusalem

497 3458 656 3504 erant
680 3459 774 3504 aut
798 3449 937 3506 forte
958 3451 1012 3506 in
1039 3465 1180 3508 terra
1202 3451 1408 3508 Judzea.
1435 3452 1546 3510 Nec
1565 3455 1670 3510 alia
1695 3464 1837 3510 terra
1856 3457 2077 3513 tremuit

499 3547 630 3595 tunc
660 3540 764 3596 nisi
795 3550 938 3597 terra
967 3541 1270 3598 Jerusalem
1303 3561 1317 3598 :
1353 3559 1454 3598 nec
1500 3544 1646 3600 enim
1701 3543 1934 3600 refertur
1975 3547 2075 3600 ali-

497 3631 621 3686 cubi
655 3633 798 3702 quod
821 3649 982 3689 omne
1001 3633 1328 3690 elementum
1358 3644 1517 3690 terrae
1542 3636 1824 3691 tremuerit
1852 3637 1906 3690 in
1939 3645 2075 3691 tem-

499 3737 630 3792 pore
664 3724 778 3784 illo.
802 3735 860 3778 ut
882 3725 1166 3791 sentirent,
1190 3727 1338 3782 verbi
1369 3727 1567 3797 gratia,
1590 3737 1644 3783 et
1669 3728 1765 3799 qui
1785 3728 1840 3784 in
1865 3727 2078 3783 Ethio-

498 3815 584 3884 pia
615 3825 792 3879 erant,
825 3825 881 3872 et
929 3817 982 3871 in
1014 3815 1188 3883 India,
1219 3828 1274 3873 et
1306 3819 1360 3874 in
1403 3818 1658 3891 Scythia;
1701 3820 1848 3890 quod
1899 3821 1944 3876 si
1989 3821 2072 3876 fa-

495 3919 644 3962 ctum
681 3908 896 3977 fuisset,
921 3910 1039 3965 sine
1059 3910 1226 3966 dubio
1251 3912 1589 3968 inveniretur
1617 3912 1674 3967 in
1698 3911 1945 3969 historiis
1973 3913 2075 3967 ali-

498 3995 700 4064 quibus
759 4012 950 4052 eorum
991 3998 1086 4068 qui
1119 3999 1172 4052 in
1199 3999 1475 4058 chronicis
1533 4001 1873 4070 scripserunt
1933 4017 2072 4056 nova

499 4084 682 4155 aliqua
723 4084 884 4141 facta.
920 4087 1072 4142 Sicut
1104 4103 1236 4159 ergo
1288 4091 1433 4160 quod
1462 4090 1664 4146 dicitur
1697 4107 1712 4144 :
1751 4091 1915 4145 Terra
1947 4108 2074 4145 con-

499 4176 732 4240 tremuit,
765 4175 996 4231 refertur
1021 4178 1088 4232 ad
1118 4188 1318 4234 terram
1349 4178 1672 4247 Jerusalem,
1701 4191 1794 4236 aut
1825 4181 1868 4236 si
1911 4181 2073 4238 latius

499 4267 728 4321 voluerit
755 4268 880 4337 quis
926 4270 1236 4337 extendere,
1267 4271 1332 4326 ad
1371 4279 1573 4327 terram
1605 4271 1847 4328 Judaeam
1872 4314 1886 4340 ,
1921 4275 2000 4330 sic
2026 4285 2072 4328 et

498 4357 719 4412 tenebra:
765 4359 924 4426 facta:
957 4369 1080 4414 sunt
1121 4360 1184 4414 ab
1223 4361 1354 4415 liora
1389 4372 1539 4416 sexta
1579 4380 1740 4433 usque
1781 4367 1849 4419 ad
1879 4381 2072 4419 nonam

496 4465 653 4517 super
685 4467 888 4505 omnem
909 4461 1126 4517 terram,
1175 4453 1414 4524 intellige
1443 4453 1588 4522 quod
1637 4469 1802 4524 super
1851 4471 2070 4510 onmem

2180 3275 2236 3319 ut
2260 3267 2539 3331 mortiﬁcet
2571 3266 2694 3318 me?
2736 3263 2874 3318 Vivit
2931 3263 3068 3318 Deus
3109 3275 3260 3330 mus,
3306 3263 3354 3316 si
3399 3273 3476 3316 est
3510 3279 3632 3332 gens
3659 3274 3758 3318 aut

2179 3375 2395 3428 regnum
2418 3357 2506 3412 ubi
2533 3375 2636 3412 non
2677 3359 2821 3412 misit
2863 3358 3108 3412 dominus
3148 3373 3290 3411 meus
3326 3373 3558 3427 quwrere
3583 3367 3652 3422 te,
3704 3366 3758 3410 et

2177 3451 2292 3505 dixi
2321 3467 2339 3504 :
2378 3448 2500 3504 Non
2525 3459 2623 3516 est,
2643 3459 2692 3504 et
2719 3449 3004 3504 combussit
3040 3465 3254 3519 regnum
3278 3457 3326 3502 et
3355 3450 3585 3519 regiones
3613 3449 3758 3518 ejus,

2176 3542 2426 3614 quoniam
2448 3558 2550 3595 non
2580 3541 2810 3595 inveniat
2843 3550 2890 3593 te
2917 3541 2984 3594 ε’,
3039 3539 3174 3606 Quis
3196 3539 3341 3592 enim
3371 3549 3478 3593 tam
3508 3539 3758 3608 lapideus

2177 3635 2249 3689 sit
2275 3633 2459 3704 legens
2514 3635 2658 3698 ista,
2697 3642 2754 3687 ut
2799 3631 3075 3686 existimet
3127 3629 3385 3700 quoniam
3435 3645 3528 3683 rex
3579 3630 3754 3686 Israel

2175 3726 2363 3781 Achab
2407 3725 2460 3779 in
2489 3739 2706 3778 omnem
2732 3731 2942 3794 gentem
2969 3720 3156 3774 mundi
3178 3731 3230 3774 et
3250 3719 3303 3773 iu
3332 3734 3493 3774 omne
3519 3734 3752 3788 regnum

2177 3817 2326 3873 orbis
2349 3826 2507 3872 terra:
2535 3815 2680 3870 misit
2709 3828 2960 3884 quaerens
2994 3811 3189 3878 Eliam,
3222 3823 3276 3865 et
3301 3810 3603 3865 combussit
3630 3809 3753 3864 ubi-

2176 3923 2391 3978 cunque
2422 3907 2626 3963 dictum
2668 3915 2785 3962 est:
2824 3903 2940 3959 Non
2970 3913 3052 3958 est
3088 3903 3270 3958 Elias?
3300 3901 3404 3958 Sed
3431 3903 3548 3958 sine
3581 3900 3758 3958 dubio

2174 3999 2584 4072 exaggeratorie
2615 3999 2758 4054 dicta
2785 4005 2912 4052 sunt
2943 3997 3052 4059 illa,
3075 3995 3412 4050 ostendentia
3438 3996 3580 4065 quod
3616 3995 3757 4049 satis

2173 4107 2298 4146 eum
2329 4090 2578 4160 quaesivit
2615 4089 2669 4142 in
2721 4087 2974 4158 gentibus
3017 4102 3141 4156 quae
3186 4085 3407 4139 fuerunt
3448 4085 3596 4139 circa
3647 4082 3756 4138 Ju-

2174 4181 2372 4246 daaam,
2412 4181 2709 4235 secundum
2739 4178 2883 4250 quod
2934 4179 3109 4248 potuit
3150 4177 3444 4247 requirere.
3494 4173 3753 4231 Diximus

2175 4276 2355 4322 autem
2383 4267 2546 4322 etiam
2578 4267 2631 4321 in
2667 4266 2789 4320 aliis
2818 4267 2973 4331 locis,
3010 4264 3155 4335 quod
3191 4279 3315 4319 cum
3340 4265 3462 4320 dua;
3485 4275 3752 4319 creaturae

2175 4361 2451 4432 generales
2474 4361 2526 4414 in
2558 4369 2708 4414 sexta
2739 4359 2827 4414 die
2856 4359 3010 4413 facta:
3043 4358 3274 4412 fuissent
3297 4397 3311 4418 ,
3345 4358 3575 4427 primum
3617 4357 3750 4427 qui-

2175 4451 2298 4505 dem
2339 4450 2619 4514 animalia,
2651 4448 2844 4504 deiude
2886 4449 3050 4504 homo
3102 4449 3400 4503 secundum
3453 4447 3747 4518 imaginem

498 4554 696 4597 terram
719 4541 962 4597 Judaeam
993 4553 1122 4598 sunt
1159 4543 1333 4609 factae,
1363 4554 1458 4598 aut
1493 4554 1640 4602 certe
1670 4562 1832 4616 super
1858 4545 2074 4604 Jerusa-
2105 4548 2148 4603 Ι)
2180 4539 2274 4594 Dei
2301 4538 2497 4606 factus,
2533 4553 2872 4608 consequens
2901 4546 2986 4592 est
3020 4547 3077 4592 ut
3107 4546 3160 4592 et
3197 4537 3312 4592 dies
3344 4537 3431 4592 ille
3453 4547 3638 4592 sextus
3666 4537 3747 4592 di-

497 4636 601 4691 lem
630 4644 863 4691 tantum.
900 4637 990 4692 Sic
1024 4653 1155 4708 ergo
1183 4638 1277 4709 qui
1323 4638 1592 4709 intelligit,
1630 4639 1750 4695 sine
1783 4640 1939 4711 culpa
1985 4642 2069 4696 in-

495 4728 709 4799 telligit,
761 4737 982 4794 utnon,
1023 4730 1450 4798 magnitudinem
1493 4731 1743 4786 miraculi
1785 4734 2072 4789 ostendere

497 4821 706 4885 volens,
736 4821 938 4876 incidat
967 4821 1020 4876 in
1066 4822 1235 4876 risum
1284 4822 1612 4892 sapientium
1650 4824 1833 4881 saeculi
1886 4825 2068 4894 hujus,

496 4920 551 4965 et
575 4910 747 4980 magis
771 4911 1143 4966 inﬁdelitatem
1177 4912 1229 4965 in
1250 4912 1562 4968 hominibus
1585 4915 1923 4984 sapientibus
1949 4931 2071 4984 ope-

498 5011 647 5056 retur
671 5018 835 5071 quam
865 5001 1046 5058 ﬁdem.
1087 5001 1227 5058 Dieit
1256 5015 1435 5059 autem
1471 5005 1668 5075 aliquis
1696 5015 1886 5061 contra
1920 5007 2066 5060 haec:

499 5093 554 5148 Si
581 5110 688 5147 non
716 5109 781 5148 ex
811 5092 1118 5150 defectione
1142 5097 1274 5152 solis
1306 5095 1462 5152 facta:
1494 5107 1623 5153 sunt
1665 5098 1901 5152 tenebrae
1941 5107 2070 5154 tunc

497 5199 660 5254 super
687 5199 905 5238 omnem
943 5194 1142 5240 terram
1171 5185 1416 5242 Judaeam
1441 5197 1494 5242 ct
1531 5187 1854 5253 Jerusalem,
1884 5188 1976 5244 sed
2001 5205 2065 5243 ex

496 5273 666 5327 altera
696 5289 883 5339 causa,
911 5275 1137 5332 ostende
1169 5292 1413 5332 causam.
1454 5278 1552 5332 Cui
1591 5277 1716 5331 talia
1767 5279 2065 5347 responde«

498 5373 620 5414 mus
649 5373 664 5411 :
693 5357 937 5416 Primum
983 5363 1238 5433 quidem,
1281 5366 1425 5434 quoi
1466 5365 1690 5421 omnino
1725 5367 2068 5437 evangelista:

497 5467 596 5506 nec
626 5453 1046 5509 nominaverunt
1091 5456 1257 5510 solem
1299 5455 1350 5509 in
1395 5455 1498 5510 isto
1523 5455 1673 5524 loco,
1727 5459 1818 5513 sed
1855 5467 2066 5514 tantum

496 5542 625 5611 quia
654 5541 896 5598 tenebrae
917 5542 1070 5598 facta:
1097 5556 1222 5599 sunt
1259 5561 1422 5614 super
1465 5561 1681 5600 omnem
1728 5557 1948 5602 terram.
2008 5545 2066 5601 Si

2175 4631 2327 4686 visus
2357 4629 2525 4684 fuisse
2558 4628 2890 4698 intelligatur
2919 4629 2973 4682 in
3019 4627 3158 4682 duas
3192 4628 3400 4697 species
3429 4638 3690 4682 creaturae
3731 4647 3744 4682 :

2178 4732 2238 4778 ut
2260 4731 2384 4777 ante
2411 4732 2619 4777 sextam
2642 4721 2861 4791 quidem
2891 4721 3148 4774 animalia
3181 4720 3547 4791 intelligantur
3577 4720 3748 4775 fuisse

2170 4823 2396 4878 creata;
2452 4814 2506 4868 in
2559 4823 2710 4868 sexta
2763 4820 2944 4866 autem
2988 4811 3122 4865 hora
3163 4810 3368 4865 dixisse
3409 4808 3742 4863 Dominum:

2178 4904 2466 4960 Faciamus
2495 4907 2755 4960 hominem
2787 4903 2856 4958 ad
2878 4905 3160 4973 imaginem
3198 4915 3433 4957 nostram
3471 4904 3515 4934 ⁸³
3541 4944 3556 4970 ,
3588 4913 3642 4958 et
3669 4903 3755 4958 fe-

2177 4993 2320 5049 cisse
2343 5009 2466 5048 eum
2497 5002 2644 5048 tunc.
2679 4992 2905 5062 Propter
2932 4993 3077 5051 quod
3115 4993 3472 5049 conveniebat
3514 5011 3612 5064 pro
3657 5010 3754 5050 sa-

2173 5087 2284 5141 lute
2335 5085 2580 5157 ejusdem
2639 5087 2878 5142 hominis
2935 5088 3281 5155 morientem,
3336 5090 3390 5142 in
3446 5089 3562 5158 ipsa
3611 5089 3746 5143 hora

2171 5188 2324 5235 sexta
2356 5178 2637 5249 suspendi,
2667 5194 2732 5233 ac
2757 5195 2788 5233 a
2825 5187 2978 5233 sexta
3016 5179 3148 5234 hora
3186 5191 3409 5250 propter
3455 5180 3556 5233 hoc
3591 5188 3753 5234 tene-

2171 5272 2298 5328 bras
2329 5271 2497 5326 fuisse
2526 5270 2699 5325 factas
2739 5286 2901 5340 super
2941 5287 3158 5326 omnem
3206 5280 3404 5325 terram
3451 5285 3626 5340 usque
3677 5274 3746 5327 ad

2173 5379 2397 5418 nonam.
2434 5363 2500 5417 Et
2524 5363 2667 5417 sicut
2693 5362 2878 5434 Moyse
2900 5379 3095 5418 manus
3126 5363 3444 5419 extendente
3471 5363 3523 5414 in
3543 5363 3744 5417 C(elum

2175 5453 2331 5508 factm
2362 5466 2490 5507 sunt
2520 5454 2754 5507 tenebrae
2786 5469 2950 5522 super
2994 5453 3275 5524 Aigj'ptios
3316 5467 3502 5507 servos
3538 5451 3632 5508 Dei
3669 5465 3752 5512 tc-

2177 5555 2367 5601 ncntes
2403 5547 2456 5600 in
2490 5547 2829 5612 sehitutem,
2863 5546 3042 5616 imago
3073 5545 3377 5601 futurarum
3397 5549 3742 5604 tenebrarum

595 5811 639 5842 "
670 5808 802 5866 Luc.
833 5826 989 5879 χχιιι,
1025 5812 1113 5878 Η,
1148 5812 1233 5868 45.
1317 5813 1360 5845 ⁸ο
1388 5812 1559 5869 Exod.
1593 5829 1645 5882 x,
1676 5815 1766 5881 “22,
1793 5814 1880 5869 ‘23.
1959 5814 1998 5846 ⁸⁸
2035 5801 2078 5868 il

2198 5813 2387 5869 ill-‘23.
2465 5815 2506 5846 ⁸³
2541 5813 2606 5868 lll
2635 5812 2765 5886 Reg.
2800 5830 2953 5882 xvm,
2984 5814 3035 5880 9,
3072 5813 3152 5868 10.
3229 5813 3275 5845 ⁸³
3304 5812 3435 5869 Gen.
3471 5828 3510 5877 ι,
3544 5812 3613 5866 ‘26
