4052 6304
424 429 563 488 Πεῖ

1545 402 2201 472 COMMENTARIORUM
2241 403 2506 463 SERIES.

3531 391 3667 450 1786

423 557 544 611 quae
593 539 1071 611 comprehensum:
1109 536 1325 591 fuerant
1367 532 1652 604 Egyptios
1688 546 1701 583 :
1746 528 1998 585 similiter
2024 528 2073 587 Α
2101 523 2242 577 servi
2273 518 2512 587 suscepit
2545 516 2612 584 ⁸⁷,
2631 524 2685 570 et
2721 503 2967 568 videntes
2992 509 3045 564 in
3083 509 3169 564 his
3194 507 3526 563 voluntatem
3550 509 3671 579 ejus

421 632 710 688 etChristv.
742 634 796 686 in
823 636 976 686 sexta
1010 629 1139 684 hora
1173 643 1371 683 manus
1400 625 1723 682 extendente
1755 624 1807 677 in
1835 636 1999 676 cruce

417 723 484 777 ad
514 723 713 779 caelum
744 737 908 792 super
933 708 1193 791 populum
1228 718 1322 789 qui
1348 719 1680 773 clamaverat
1707 734 1719 770 :
1762 709 1909 768 Tolle
1931 713 1996 766 de

417 822 556 867 terra
587 813 759 877 hunc,
795 824 850 867 et
881 831 894 866 :
954 809 1248 882 Cruciﬁge,
1289 808 1538 879 cruciﬁge
1573 824 1694 863 eum
1721 805 1769 838 “
1793 848 1807 872 ,
1843 803 1998 857 factm

415 911 540 957 sunt
573 903 830 968 tenebrat,
863 910 918 957 et
963 903 1033 958 ab
1071 902 1219 957 omni
1249 900 1453 955 lumine
1489 908 1619 955 sunt
1663 896 1895 968 privati,
1942 903 1998 950 et

414 992 596 1065 imago
626 993 727 1049 fuit
753 994 1099 1050 tenebrarum
1130 994 1217 1048 illa
1249 992 1555 1047 futurarum
1592 1006 1715 1061 quae
1742 1004 1994 1058 compre-

411 1079 665 1137 hensum
692 1081 909 1137 fuerant
934 1091 1144 1152 gentem
1184 1080 1425 1136 Judasam
1447 1120 1463 1143 ,
1499 1079 1657 1150 quasi
1709 1078 1829 1133 ausi
1864 1087 1993 1132 sunt

410 1174 604 1229 lumini
627 1190 755 1231 vero
786 1190 983 1230 manus
1011 1190 1139 1230 suas
1174 1172 1393 1229 inferre.
1433 1173 1586 1229 Unde
1609 1188 1673 1227 ex
1708 1179 1838 1225 tunc
1873 1186 1997 1225 om-

410 1266 499 1322 nis
533 1266 625 1322 illa
666 1281 798 1337 gens
843 1264 1083 1321 tenebris
1105 1274 1188 1320 est
1228 1265 1449 1334 repleta,
1488 1263 1632 1320 sicut
1672 1263 1803 1317 dicit
1850 1261 1988 1316 Pro-

411 1355 570 1426 pheta
593 1354 640 1387 ⁸⁵
673 1372 688 1409 :
733 1353 1092 1410 Obscurentur
1113 1353 1253 1408 oculi
1279 1370 1460 1408 eorum
1482 1368 1545 1406 ne
1587 1352 1818 1406 rideant.
1858 1349 1988 1405 Item

411 1444 518 1501 sub
548 1442 735 1516 Moyse
760 1443 916 1500 facta:
943 1456 1072 1501 sunt
1098 1444 1336 1501 tenebrat
1372 1454 1425 1499 ct
1458 1443 1633 1512 caligo
1667 1457 1832 1513 super
1875 1457 1989 1496 om-

410 1550 536 1591 nem
578 1547 778 1592 terram
814 1537 1030 1609 .‘Egypti
1078 1537 1253 1593 tribus
1278 1537 1471 1592 diebus
1502 1552 1513 1586 :
1559 1545 1614 1593 et
1644 1551 1803 1590 nemo
1855 1535 1990 1591 vidit

410 1626 633 1681 fratrem
662 1642 848 1695 suum,
891 1642 1070 1699 neque
1094 1629 1331 1684 surrexit
1371 1627 1438 1682 de
1466 1627 1608 1683 lecto
1649 1642 1751 1682 suo
1790 1628 1987 1697 aliquis

413 1717 589 1773 tribus
623 1717 835 1773 diebus.
864 1716 1133 1774 Omnibus
1153 1728 1332 1791 autem
1367 1718 1491 1774 filiis
1535 1716 1698 1774 Israel
1741 1728 1861 1772 erat
1899 1718 1986 1771 lu-

410 1821 535 1862 men
564 1808 620 1862 in
657 1808 913 1865 omnibus
950 1808 1084 1865 locis
1130 1811 1182 1863 in
1230 1809 1434 1879 quibus
1479 1810 1981 1864 commorabautur.

2100 615 2191 682 qui
2217 613 2283 666 ad
2320 612 2434 665 haec
2456 609 2582 663 talia
2616 618 2741 661 eum
2783 603 2967 668 misit,
3007 598 3360 681 intelligimus
3389 600 3671 669 quoniam,

2097 714 2361 778 quantum
2394 705 2460 758 ad
2489 701 2578 757 illa
2604 700 2656 754 in
2689 698 2890 769 quibus
2914 694 3092 750 fuerat
3115 692 3285 746 forma
3306 691 3398 745 Dei
3426 692 3672 747 invisibio

2095 799 2186 864 lis,
2213 807 2267 853 et
2290 798 2470 864 imago
2505 792 2806 850 secundum
2844 787 3086 850 Patrem,
3123 781 3415 839 derelictus
3451 797 3482 834 a
3512 779 3673 835 Patre

2093 897 2179 943 est
2238 886 2457 957 quando
2519 879 2763 949 suscepit
2832 876 2974 933 servi
3041 874 3273 928 formam
3304 909 3320 935 ,
3390 880 3445 924 et
3515 870 3672 924 dere-

2093 981 2255 1036 lictus
2307 992 2407 1048 pro
2461 972 2778 1030 hominibus
2811 1008 2826 1033 ,
2888 977 2950 1022 ut
3001 965 3130 1019 talia
3187 970 3242 1017 et
3286 969 3436 1016 tanta
3493 959 3672 1015 suscio

2093 1080 2278 1142 peret,
2341 1077 2398 1125 et
2457 1080 2631 1137 usque
2695 1064 2760 1117 ad
2824 1068 3057 1115 mortem
3112 1055 3349 1118 veniret,
3410 1063 3465 1108 et
3522 1066 3672 1105 mor-

2094 1173 2200 1219 tem
2276 1160 2499 1223 erucis,
2579 1170 2702 1227 quae
2779 1152 2922 1206 inter
3009 1147 3261 1202 homines
3353 1142 3670 1212 turpissima

2090 1268 2212 1309 esse
2259 1252 2491 1307 videtur.
2550 1248 2866 1302 Extremum
2930 1241 3076 1296 enim
3127 1235 3499 1294 derelictionis
3549 1234 3671 1304 ejus

2089 1342 2252 1414 925
2285 1340 2483 1395 factum
2515 1345 2599 1393 est
2626 1335 2844 1406 quando
2884 1329 3275 1387 crucitixerunt
3309 1340 3458 1388 eum,
3490 1333 3544 1378 et
3574 1337 3670 1391 po-

2090 1440 2318 1487 suerunt
2359 1444 2526 1499 super
2573 1433 2738 1496 caput
2775 1424 2915 1493 ejus,
2961 1419 3118 1491 quasi
3164 1417 3474 1471 deridentes
3519 1428 3667 1475 eum,

2089 1525 2299 1579 litteras
2343 1524 2624 1578 dicentes:
2675 1517 2777 1571 Hic
2807 1525 2883 1569 est
2909 1514 3064 1567 Jesus
3111 1525 3203 1564 rea:
3245 1507 3559 1561 Iudaeorum
3599 1503 3667 1558 ⁸⁸.

2088 1618 2403 1672 Extremum
2449 1623 2627 1668 autem
2680 1606 3051 1665 derelictionis
3094 1603 3213 1672 ejus
3266 1608 3383 1656 erat
3431 1606 3486 1651 et
3539 1594 3671 1649 illud

2086 1710 2231 1781 quod
2262 1708 2401 1762 inter
2426 1705 2666 1759 latrones
2701 1711 2785 1755 est
2827 1695 3150 1759 crucifixus,
3186 1702 3240 1746 et
3276 1689 3420 1760 quod
3455 1696 3675 1757 praeter-

2084 1808 2277 1857 euntes
2330 1792 2780 1865 blasphemabant
2823 1804 2949 1844 eum
3010 1792 3289 1839 moventes
3334 1794 3499 1849 super
3544 1791 3672 1832 eum

412 1895 528 1953 Sub
552 1896 772 1955 Christo
792 1908 972 1954 autem
1012 1872 1264 1955 tenebrte-
1298 1896 1455 1954 facta:
1493 1908 1621 1954 sunt
1668 1913 1837 1969 super
1866 1914 1986 1953 om-
2016 1872 2060 1927 Β
2088 1892 2285 1961 capita,
2334 1898 2388 1943 et
2434 1886 2577 1957 quod
2625 1884 2898 1954 principes
2943 1894 3067 1935 cum
3118 1876 3328 1932 Scribis
3376 1872 3671 1927 dicebant:

411 2001 537 2041 nem
582 1994 783 2042 terram
830 1986 1070 2045 Iudaeam
1129 1990 1306 2046 tribus
1346 1990 1535 2060 horis,
1589 1990 1771 2044 lumen
1802 2002 1985 2045 autem

412 2074 515 2131 fuit
559 2090 726 2147 super
771 2092 990 2134 omnem
1019 2079 1283 2150 reliquam
1331 2089 1566 2145 terram,
1611 2080 1755 2151 quod
1787 2081 1989 2150 utique

410 2164 683 2222 illuminat
725 2182 944 2225 omnem
987 2167 1287 2225 Ecclesiam
1322 2169 1415 2226 Dei
1460 2171 1514 2225 in
1549 2170 1786 2226 Christo.
1831 2169 1899 2224 Et
1940 2172 1985 2226 si

411 2272 587 2329 usque
607 2258 675 2313 ad
706 2274 907 2315 nonam
945 2260 1135 2315 horam
1163 2262 1399 2318 tenebrae
1429 2263 1651 2318 fuerunt
1681 2279 1846 2334 super
1871 2280 1989 2318 etn-

408 2363 535 2404 nem
566 2356 768 2404 terram
793 2348 1060 2413 Iudaeam,
1084 2350 1434 2408 manifestum
1473 2361 1558 2409 est
1589 2356 1850 2423 quoniam
1889 2353 1988 2408 ite—

405 2461 528 2501 rum
564 2440 746 2501 lumen
785 2442 905 2516 cjus
936 2440 1167 2512 refulsit,
1199 2446 1328 2516 quia
1376 2461 1500 2501 cum
1539 2444 1830 2499 multitudo
1857 2460 1988 2515 gen-

404 2538 545 2595 tium
575 2538 899 2605 intraverit,
950 2546 1083 2593 tunc
1109 2538 1291 2594 omnis
1324 2536 1490 2592 Israel
1535 2537 1720 2592 salvus
1769 2537 1988 2592 futurus

409 2640 516 2687 est.
546 2629 702 2699 Quod
742 2640 925 2686 autem
960 2630 1137 2685 tribus
1171 2629 1325 2686 horis
1378 2628 1535 2683 facwe
1581 2638 1711 2684 sunt
1753 2630 1990 2684 lcttabt'tn

405 2738 575 2794 super
599 2732 800 2778 terram
832 2721 1098 2789 Iudaeam,
1129 2723 1261 2778 illud
1294 2722 1535 2778 ostendit
1565 2722 1825 2793 quoniam
1863 2738 1988 2793 pro-

405 2822 530 2887 pter
552 2824 777 2884 peccata
822 2829 922 2869 sua
953 2813 1148 2884 privati
1177 2824 1358 2870 sunta
1386 2814 1593 2869 lumine
1644 2812 1740 2868 Dei
1788 2813 1986 2880 Patris,

406 2916 463 2959 et
486 2919 518 2960 a
549 2905 838 2975 splendore
868 2904 1096 2973 Christi,
1120 2914 1175 2962 et
1205 2907 1274 2962 ab
1304 2906 1705 2963 illuminatione
1751 2906 1988 2977 Spiritus

404 2998 604 3054 sancti.

478 3088 603 3144 155.
650 3086 807 3143 Circa
842 3106 1036 3145 nonam
1086 3101 1263 3145 autem
1296 3092 1484 3146 lteram
1528 3091 1781 3147 clamavit
1831 3092 1987 3148 Iesus

406 3196 528 3235 uoce
570 3196 764 3252 magna
789 3220 805 3244 ,
845 3181 1067 3236 dicens:
1114 3180 1226 3249 Eli,
1280 3182 1400 3249 Eli,
1434 3184 1580 3238 tanta
1620 3184 1938 3241 sabactlmni
1968 3203 1986 3252 ;

407 3268 506 3323 hoc
543 3280 620 3325 est
649 3284 668 3323 :
699 3270 835 3325 Deus
869 3288 1036 3335 meus,
1070 3270 1212 3326 Deus
1234 3289 1400 3339 meus,
1431 3285 1486 3328 ut
1515 3274 1644 3344 quid
1688 3292 1770 3329 me
1794 3276 1991 3330 dereli-

406 3361 568 3431 quisti
591 3362 618 3416 ?
647 3361 753 3428 Qui
790 3373 969 3417 autem
996 3364 1108 3419 illic
1125 3374 1326 3420 stantes
1354 3375 1541 3431 erant,
1596 3375 1647 3420 et
1691 3368 1986 3433 audientes,

407 3456 674 3520 dicebant,
706 3458 835 3528 quia
852 3459 1035 3513 Eliam
1062 3469 1209 3513 vocat
1232 3460 1334 3514 iste
1354 3458 1423 3513 ⁸⁸.
1457 3458 1629 3531 Digne
1655 3459 1767 3517 Deo
1807 3463 1991 3533 requi-

406 3548 637 3603 rendum
661 3558 886 3618 estquae
926 3549 1029 3604 fuit
1047 3549 1139 3605 illa
1162 3565 1357 3620 magna
1383 3564 1490 3605 vox
1528 3551 1769 3620 Christi,
1805 3563 1987 3608 utrttm

407 3652 605 3706 magna
637 3637 803 3693 rebus
835 3639 1312 3709 magniﬁcentibus
1332 3655 1529 3710 magna
1562 3643 1852 3712 mysteria,
1895 3654 1992 3700 aut

410 3739 607 3796 magna
642 3726 892 3781 sensibili
930 3735 987 3782 et
1036 3729 1309 3798 corporali
1344 3744 1557 3800 magnae
1599 3731 1748 3787 vocis
1777 3734 1988 3787 auditu.

406 3811 550 3870 Puto
573 3824 755 3870 autem
790 3816 935 3886 quod
966 3817 1148 3873 omnis
1170 3833 1275 3874 vox
1296 3817 1496 3874 Christi
1527 3818 1646 3874 Filii
1674 3819 1766 3876 Dei
1794 3838 1991 3895 magna

408 3916 512 3975 est,
543 3907 646 3962 etsi
681 3906 845 3963 fuerit
870 3908 1008 3963 lenis
1032 3927 1049 3977 ;
1074 3919 1129 3964 et
1161 3918 1392 3966 testatur
1424 3910 1493 3966 de
1526 3912 1631 3969 hoc
1677 3913 1797 3984 ipso
1842 3913 1994 3970 Seri-

410 4007 591 4068 ptura,
646 3997 700 4053 in
735 3998 871 4055 locis
898 3998 1138 4054 maxime
1165 4000 1274 4056 illis
1304 4001 1357 4057 in
1399 4003 1602 4073 quibus
1641 4005 1757 4061 vult
1784 4006 1994 4077 erigere

409 4090 741 4156 auditorem,
774 4101 832 4146 ut
885 4092 1319 4164 transgredialur
1360 4094 1493 4151 illud
1528 4097 1676 4166 quod
1721 4098 1878 4154 multi
1909 4099 1995 4154 in-

411 4182 655 4255 telligere
712 4194 944 4254 possunt
992 4183 1046 4239 in
1107 4185 1285 4252 locis,
1322 4195 1376 4243 et
1423 4202 1531 4242 non
1568 4199 1750 4245 manet
1797 4191 1851 4246 in
1902 4207 1991 4261 eo,

410 4275 666 4345 quamvis
709 4277 1011 4332 secundum
1055 4277 1361 4349 simplicem
1411 4280 1746 4339 intellectum
1794 4284 1995 4340 habeat

412 4367 469 4424 in
498 4383 566 4425 eo
586 4369 828 4441 aliquam
853 4371 1159 4439 veritatem,
1192 4383 1252 4428 ut
1273 4374 1577 4446 intelligere
1600 4376 1774 4445 possit
1808 4377 1994 4448 aliqua

2089 1983 2238 2037 Alios
2262 1980 2432 2034 salvos
2451 1978 2597 2048 fecit,
2615 1976 2843 2044 seipsum
2868 1988 2971 2024 non
2987 1978 3156 2041 potest
3179 1966 3379 2021 salvum
3399 1965 3572 2035 facere
3602 1962 3671 2015 ".

2088 2076 2281 2131 Adhuc
2339 2082 2518 2127 autem
2573 2077 2629 2124 et
2679 2067 2833 2131 illud,
2887 2062 3030 2135 quod
3070 2062 3235 2117 etiam
3284 2060 3523 2113 latrones
3567 2055 3674 2110 im-

2092 2168 2452 2243 properabant
2475 2165 2525 2222 ei
2560 2165 2613 2218 in
2648 2177 2832 2218 cruce.
2875 2159 3018 2229 Ergo
3052 2153 3340 2211 manifeste
3373 2152 3676 2221 intelligere

2091 2239 2294 2336 poteris
2332 2260 2461 2331 quid
2495 2257 2567 2313 sit
2608 2255 2753 2327 quod
2795 2251 2947 2307 dicit.
3004 2248 3184 2314 Quare
3221 2262 3300 2301 me
3342 2239 3673 2312 dereliquisti

2089 2334 2176 2410 δθῗ
2205 2354 2413 2409 faciens
2447 2347 2909 2419 comparationem
2955 2341 3144 2413 gloria:
3176 2339 3322 2393 illius
3363 2350 3527 2406 quam
3573 2334 3673 2389 ba-

2090 2448 2209 2504 buit
2237 2444 2379 2516 apud
2424 2441 2664 2505 Patrem,
2703 2437 2768 2491 ad
2811 2433 3191 2491 confusionem
3223 2444 3388 2499 quant
3430 2436 3676 2481 contem-

2091 2556 2227 2596 nens
2259 2536 2519 2594 sustinuit
2558 2546 2798 2589 crucem.
2829 2527 2997 2583 Sedes
3030 2526 3174 2581 enim
3213 2524 3359 2578 illius
3389 2530 3506 2575 erat
3536 2519 3675 2572 sicut

2088 2631 2169 2685 sol
2206 2631 2261 2684 in
2295 2636 2570 2697 conspectu
2609 2622 2727 2687 Dei,
2755 2629 2804 2675 et
2833 2619 2971 2673 sicut
3001 2619 3130 2670 luna
3162 2615 3393 2685 perfecta
3428 2614 3481 2666 in
3522 2619 3677 2664 teter-

2088 2738 2236 2787 num,
2268 2730 2317 2776 et
2348 2727 2466 2774 erat
2489 2716 2636 2770 testis
2661 2712 2777 2781 eius
2815 2708 2988 2781 ﬁdelis
3018 2708 3073 2761 in
3102 2705 3232 2761 caelo
3261 2706 3328 2770 ",
3363 2712 3546 2774 postea
3580 2717 3678 2756 an-

2091 2828 2196 2872 tem
2228 2825 2283 2869 et
2311 2829 2409 2884 pro
2438 2811 2639 2882 quibus
2669 2804 2839 2862 dicit:
2869 2802 3046 2868 Quare
3069 2817 3150 2855 me
3178 2796 3551 2867 dercliquisti?
3585 2809 3681 2850 su-

2091 2906 2397 2977 peraddidit
2424 2904 2644 2959 dicens:
2683 2899 2763 2954 Tu
2796 2906 2972 2951 autent
3008 2892 3275 2965 repulisti.
3302 2899 3351 2944 et
3380 2906 3476 2959 pro
3511 2884 3681 2941 nihilo

2089 2999 2380 3063 deduxisti,
2412 3005 2461 3051 et
2484 2990 2745 3048 distulisti
2774 2987 3047 3044 Christum
3073 2994 3243 3048 tuum,
3264 2980 3495 3037 evertisti
3519 2987 3682 3032 testa-

2090 3103 2322 3146 mentum
2366 3089 2502 3144 servi
2538 3087 2640 3148 tui,
2685 3080 2987 3154 profanasti
3036 3078 3093 3132 in
3155 3085 3296 3129 terra
3335 3073 3676 3128 sanctitatem

2092 3185 2226 3254 ejus,
2255 3190 2308 3236 et
2340 3188 2535 3235 ca:tcra
2568 3179 2635 3239 ’ᾗ
2670 3174 2737 3230 Ει
2770 3170 3013 3244 quandiu
3043 3166 3263 3238 quidem
3300 3162 3402 3217 fuit
3431 3159 3561 3216 solis
3589 3158 3679 3212 lu-

2095 3252 2221 3332 men
2263 3274 2427 3328 etiatn
2473 3280 2623 3326 tanta
2662 3276 2717 3322 et
2760 3265 2887 3321 talia
2931 3260 3235 3321 sustinens,
3269 3270 3377 3310 non
3420 3252 3675 3307 dicebat:

2097 3370 2275 3435 Quare
2309 3379 2389 3418 me
2421 3358 2749 3430 dereliquisti
2772 3358 2797 3412 .9
2825 3353 3125 3422 Postquam
3154 3356 3335 3402 autem
3362 3342 3493 3398 vidit
3518 3355 3681 3406 super

2096 3472 2316 3517 onmem
2348 3465 2547 3510 terram
2576 3449 2818 3505 Iudaeam
2852 3458 3026 3515 usque
3056 3441 3122 3496 ad
3153 3441 3342 3494 horam
3377 3450 3577 3490 nonam
3608 3440 3684 3488 te-

2097 3552 2296 3606 nebras
2326 3546 2519 3609 factas,
2552 3542 2690 3595 dixit
2721 3552 2917 3607 magna
2949 3547 3083 3590 voce
3108 3547 3207 3586 sua
3235 3548 3248 3585 :
3284 3529 3464 3595 Quare
3484 3542 3565 3580 me
3588 3524 3683 3578 de-

2097 3638 2358 3712 reliquisti
2381 3637 2406 3690 ?
2427 3634 2561 3689 Illud
2596 3629 2883 3688 ostendere
2910 3626 3100 3680 volens
3133 3638 3228 3690 per
3255 3621 3389 3685 haec,
3417 3618 3678 3689 quoniam

2096 3710 2288 3793 volens
2313 3725 2650 3796 dereliquisti
2685 3735 2790 3785 me,
2817 3716 2999 3782 Pater,
3032 3723 3087 3769 et
3115 3712 3314 3768 talibus
3341 3710 3681 3766 exinanitum

2098 3818 2506 3883 calamitatibus
2532 3808 2828 3873 tradidisti,
2853 3816 2913 3862 ut
2941 3803 3175 3876 populus
3207 3800 3300 3868 qui
3335 3800 3513 3854 fuerat
3538 3798 3683 3866 apud

2100 3927 2153 3974 te
2204 3916 2531 3972 honoratus,
2580 3902 2806 3971 recipiat
2836 3911 2959 3969 qua:
2992 3896 3047 3951 in
3095 3907 3183 3948 me
3225 3905 3393 3946 ausus
3431 3897 3536 3954 est,
3580 3887 3686 3942 im-

2097 4010 2254 4082 plens
2283 4013 2600 4060 mensuram
2626 4004 2841 4066 patrum
2870 4001 3126 4052 suorum,
3152 3993 3207 4040 et
3232 3997 3355 4055 qua:
3376 3996 3539 4051 super
3560 3995 3685 4050 pro—

2100 4072 2297 4171 phetas
2327 4091 2476 4157 fecit,
2507 4096 2568 4143 ut
2605 4085 2853 4156 privetur
2881 4096 2913 4134 a
2957 4077 3165 4133 lumine
3207 4086 3313 4130 tua?
3346 4072 3683 4144 prospectio-

2100 4167 2211 4256 bis,
2245 4196 2300 4245 et
2325 4183 2592 4241 efﬁciatur
2628 4179 2685 4234 in
2724 4176 2967 4233 tenebris
3007 4170 3167 4243 quasi
3206 4178 3258 4225 te
3296 4167 3408 4223 Deo
3432 4168 3546 4237 jam
3589 4179 3686 4219 ne-

2099 4295 2378 4355 quaquam
2422 4276 2504 4332 eis
2542 4277 2830 4345 praesente.
2864 4265 2971 4323 Sed
3001 4272 3056 4321 et
3100 4276 3199 4334 pro
3232 4261 3409 4315 salute
3438 4256 3683 4329 gentium

2098 4348 2437 4442 dereliquisti
2470 4383 2578 4435 me,
2619 4372 2680 4420 ut
2720 4358 3000 4418 derelictio
3039 4353 3203 4411 Israel
3244 4352 3394 4407 fieret
3439 4348 3681 4419 gentium

410 4457 573 4530 digne
623 4470 848 4533 propter
892 4477 1145 4533 magnam
1180 4461 1397 4519 Domini
1446 4443 1657 4521 vocem.
1719 4443 1991 4534 Quoniam
2101 4468 2252 4527 salus
2279 4465 2347 4518 ⁸⁸.
2392 4460 2536 4530 Quid
2582 4464 2766 4514 autem
2804 4462 2916 4510 tam
2944 4451 3152 4507 bonum
3193 4445 3438 4502 fecerunt
3474 4443 3566 4513 qui
3612 4457 3684 4497 ex

410 4565 540 4622 ergo
576 4551 662 4608 his
703 4553 885 4609 verbis
932 4555 1175 4610 ostendit
1201 4556 1406 4627 aliquid
1450 4573 1575 4615 esse
1613 4559 1995 4620 absconditum
2029 4564 2073 4620 D
2101 4558 2356 4633 gentibus
2389 4551 2760 4612 crediderunt,
2794 4555 2854 4601 ut
2884 4541 3125 4614 pretioso
3157 4536 3421 4607 sanguine
3447 4549 3569 4589 meo
3598 4548 3685 4588 su-

413 4657 671 4713 magnum
702 4644 847 4713 quod
876 4645 1074 4701 clamat
1105 4647 1172 4702 ad
1208 4646 1379 4703 Deum
1409 4649 1596 4708 dicens
1633 4669 1647 4704 :
1694 4655 1871 4719 Quare
1915 4674 1996 4712 me
2099 4625 2196 4725 per
2228 4659 2433 4705 terram
2480 4643 2655 4699 effuso
2685 4654 2785 4711 pro
2827 4637 2930 4702 eis,
2977 4645 3212 4689 emerem
3258 4643 3352 4683 eos
3381 4642 3411 4681 a
3444 4625 3683 4695 maligno

411 4732 741 4803 dereliquisti
758 4736 785 4788 .9
808 4736 930 4791 ideo
974 4739 1360 4809 requirendum
1406 4751 1491 4798 est
1517 4743 1648 4814 quid
1681 4718 1933 4817 estquod
1964 4765 1996 4805 a
2098 4718 2194 4815 qui
2219 4749 2468 4798 tenuerat
2491 4735 2631 4791 eos?
2658 4743 2712 4789 et
2735 4745 2907 4803 quare
2933 4727 3128 4783 faciem
3157 4732 3304 4778 tuam
3336 4718 3602 4779 avertisti,
3629 4724 3681 4771 et

414 4824 524 4880 Deo
546 4826 840 4884 derelictus
868 4837 953 4885 est
980 4829 1251 4887 Christus.
1294 4831 1406 4889 Nec
1445 4836 1591 4890 enim
1633 4835 1718 4893 fas
1758 4849 1843 4895 est
1873 4856 1996 4896 ere~

410 4914 542 4969 dere
562 4929 688 4969 eum
721 4918 940 4974 mentiri
979 4920 1248 4975 dicentem
1274 4938 1286 4973 :
1313 4921 1493 4987 Quare
1518 4941 1599 4979 me
1627 4925 2001 4999 dereliquisti?

411 5006 482 5062 Et
501 5006 724 5077 quidam
755 5010 942 5067 colore
995 5013 1277 5084 religionis
1308 5031 1407 5084 pro
1453 5015 1583 5073 Jesu
1604 5059 1620 5084 ,
1648 5029 1705 5075 et
1726 5022 1856 5092 quia
1886 5040 1995 5080 non

410 5108 648 5169 possunt
686 5116 961 5172 exponere
1012 5105 1145 5175 quid
1191 5106 1264 5162 sit
1314 5105 1596 5165 Christum
1621 5111 1930 5186 derelinqui
1965 5133 1995 5172 a

413 5191 543 5258 Deo,
562 5193 901 5251 arbitrantur
920 5206 978 5251 et
1004 5197 1194 5253 dicunt
1218 5216 1233 5253 :
1259 5196 1463 5255 Verum
1489 5203 1711 5273 quidem
1742 5216 1826 5262 est
1850 5209 1997 5278 quod

413 5287 618 5345 dictum
653 5299 759 5360 est,
788 5299 969 5350 tamen
991 5309 1089 5365 per
1119 5293 1483 5349 humilitatem
1519 5297 1725 5352 dictum
1752 5312 1856 5355 est.
1885 5300 2000 5358 Nos

413 5390 594 5439 autem
622 5385 870 5444 videntes
892 5402 1017 5444 eum
1047 5388 1138 5458 qui
1168 5388 1221 5442 in
1251 5388 1423 5445 forma
1458 5389 1550 5446 Dei
1584 5391 1762 5447 fuerat
1787 5396 1996 5451 constio

414 5480 586 5541 tutus,
619 5477 690 5531 ab
725 5478 1044 5549 hujusmodi
1071 5478 1447 5550 magnitudine
1468 5480 1911 5548 descendentem,
1940 5497 1995 5542 et

417 5567 769 5637 semetipsum
818 5570 1224 5627 exinanientem
1281 5585 1379 5641 per
1428 5571 1533 5628 hoc
1572 5575 1718 5644 quod
1762 5575 1997 5634 formam

485 5726 535 5760 ⁸⁸
570 5725 702 5780 Luc.
750 5742 919 5792 χχιιι,
951 5730 1036 5794 l8,
1061 5729 1151 5784 2|.

421 5812 591 5858 xxvtt,
621 5797 709 5852 57.

419 5881 543 5925 uvr
563 5909 579 5937 ,
607 5867 696 5923 58.
773 5867 822 5898 "
849 5866 994 5924 Psal.
1026 5886 1153 5926 xxix
1180 5912 1192 5931 .
1228 5871 1312 5926 i0.

1258 5730 1304 5761 ³³
1332 5729 1476 5787 l’sal.
1515 5749 1704 5797 vam,
1731 5735 1823 5789 9.4.

1932 5738 1978 5770 ⁸⁸
2015 5740 2206 5796 Matth.
2234 5749 2409 5796 xxvtt,
2437 5730 2507 5785 46
2533 5736 2587 5783 et
2615 5740 2768 5795 seqq.

817 5774 1036 5876 filbid.’
1220 5801 1285 5876 ’_°_
1596 5774 1853 5861 ’Ἓῖίῖδῖι
1892 5824 1991 5863 Lxx

2094 5774 2793 5876 τί.ιέξρδῗιῖιῖἁῖνῦἷῆδ.
2870 5791 2916 5822 ’³
2948 5774 3103 5842 lieni.
3136 5774 3214 5850 tu,
3246 5778 3327 5835 ll.
3405 5775 3449 5810 "‘
3484 5774 3679 5832 Matth.

2100 4806 2278 4890 factus
2303 4845 2425 4886 sum
2456 4823 2836 4884 conturbatus,
2871 4826 2929 4871 ut
2960 4816 3137 4871 dicam
3168 4830 3182 4866 :
3229 4809 3420 4864 Tristis
3452 4816 3530 4862 est
3566 4806 3684 4859 ani-

2103 4943 2190 4980 ma
2221 4938 2336 4977 mea
2373 4934 2536 4989 usque
2567 4913 2636 4969 ad
2667 4920 2890 4966 mortem
2908 4907 2990 4961 “‘2
3013 4904 3121 4959 Aut
3149 4901 3279 4973 quid
3326 4901 3432 4956 tale
3457 4899 3683 4967 dignum

2103 5016 2301 5075 facturi
2333 5021 2464 5071 sunt
2491 5006 2746 5065 homines
2776 5016 2875 5074 pro
2907 4999 3108 5071 quibus
3131 4996 3307 5068 patior
3332 4994 3457 5056 ista,
3490 4998 3551 5045 ut
3585 5003 3684 5059 pro

2104 5113 2184 5169 eis
2212 5124 2313 5181 ego
2345 5105 2521 5177 patiar
2553 5097 2707 5155 haec?
2733 5096 2875 5151 sicut
2899 5102 2953 5148 et
2984 5090 3256 5161 Propheta
3295 5085 3409 5156 jam
3447 5092 3573 5181 ante
3617 5080 3686 5133 de

2105 5210 2212 5265 hoc
2242 5173 2364 5275 ipso
2399 5195 2669 5271 praedixit,
2707 5187 2866 5261 quasi
2906 5185 3153 5240 clamans
3189 5179 3257 5233 ad
3301 5186 3373 5242 te,
3400 5184 3456 5230 et
3494 5173 3684 5273 dicens

2106 5262 2203 5353 λεί
2244 5262 2376 5364 Quae
2403 5262 2649 5351 utilitas,
2689 5298 2724 5341 o
2769 5281 2952 5343 Pater,
2992 5273 3306 5331 hominibus
3334 5267 3476 5322 facta
3505 5270 3590 5364 est
3629 5262 3685 5313 in

2107 5390 2363 5461 sanguine
2396 5400 2530 5447 meo,
2560 5385 2687 5433 dum
2707 5372 2961 5429 descendo
2988 5369 3041 5422 in
3064 5361 3452 5432 corruptionem
3469 5358 3496 5412 ?
3528 5351 3684 5407 Nun-

2099 5448 2232 5555 quid
2255 5473 2590 5547 conﬁtebitur
2617 5468 2712 5523 tibi
2741 5464 2934 5536 pulvis,
2980 5469 3073 5513 aut
3117 5451 3457 5511 anuuntiabit
3489 5448 3682 5555 uerita-

2104 5541 2205 5632 tem
2238 5541 2430 5627 tuam?
2459 5564 2710 5622 Forsitan
2736 5568 2917 5616 autem
2952 5563 3007 5609 et
3037 5550 3223 5605 videns
3256 5552 3475 5618 peccata
3505 5541 3682 5597 homi-

2846 5720 2888 5751 '"
2917 5714 3119 5784 Philip.
3152 5727 3218 5777 tt,
3246 5709 3300 5784 7.
3485 5704 3678 5784 Matth.
