4052 6304
468 328 612 391 I787

1665 335 1993 394 ORIGENIS
2030 337 2099 394 IN
2140 337 2561 396 MATTIIIEUM

3639 353 3660 403 ι
3676 351 3791 406 ῖεδ

464 465 595 504 num
648 467 747 521 pro
802 451 1002 522 quibus
1050 452 1376 523 patiebatur,
1432 454 1649 510 dicebat
1682 474 1697 510 :
1748 455 1929 520 Quare
1970 470 2051 510 me
2084 459 2126 516 Α
2154 454 2341 509 vivunt
2367 462 2547 509 autem
2582 453 2742 521 male,
2775 455 2909 511 dant
2942 458 2991 510 ci
3027 458 3210 511 vinmn
3242 457 3423 513 bibere
3463 459 3614 514 felle
3649 478 3790 531 per-

462 540 790 611 dereliquisti
839 542 910 608 ",
964 552 1023 599 ut
1082 544 1268 609 ﬁerem
1318 546 1474 616 quasi
1538 550 1628 618 qui
1695 547 1896 619 colligit
1950 549 2049 603 sti-

460 636 643 703 palam
691 638 747 691 in
783 652 946 693 messe
970 677 986 702 ,
1038 649 1086 697 et
1141 640 1281 697 sicut
1319 642 1410 712 qui
1446 641 1645 710 colligit
1701 658 1933 696 racemos
1990 641 2043 694 iu

462 726 749 790 vindemia,
811 744 931 785 cum
991 746 1095 785 non
1153 732 1224 786 sit
1279 731 1451 787 botrio
1509 732 1577 786 ad
1622 732 2045 786 manducandum

458 819 723 887 primitiva
770 820 853 873 '7?
909 819 974 879 Et
1015 822 1128 881 btec
1169 823 1312 887 dico,
1363 824 1490 895 quia
1545 826 1704 895 periit
1760 827 2043 882 timoratus

456 926 490 962 α
519 918 681 976 terra,
720 919 773 966 et
816 913 909 981 qui
960 915 1197 985 corrigat
1248 916 1384 971 inter
1429 916 1660 970 homines
1704 933 1806 971 non
1856 926 1935 972 est
1973 916 2040 973 ’⁸.

460 999 612 1058 Unde
641 1018 750 1058 non
783 1005 1062 1062 existimes
1097 1007 1337 1063 humano
1383 1024 1534 1066 more
1563 1006 1903 1063 Salvatorrm
1938 1009 2039 1065 ista

452 1093 660 1150 dixisse
700 1104 920 1165 propter
964 1098 1329 1154 calamitatem
1387 1114 1510 1168 qum
1557 1100 2043 1169 comprehenderat

452 1199 577 1240 eum
636 1185 691 1242 itt
751 1202 937 1243 cruce.
991 1186 1047 1244 Si
1098 1189 1244 1244 enim
1299 1188 1372 1245 ita
1426 1191 1724 1259 acceperis,
1770 1206 1876 1246 non
1928 1192 2039 1248 eris

451 1278 685 1333 audiens
719 1294 969 1349 magnam
1020 1295 1209 1337 vocem
1264 1282 1318 1336 iu
1368 1298 1475 1352 qua
1517 1282 1619 1337 ista
1669 1282 1883 1339 loculus
1930 1291 2035 1348 est,

451 1383 552 1424 nec
601 1370 767 1441 digna
834 1386 969 1427 voce
1016 1372 1201 1427 divina
1268 1373 1532 1443 requires.
1592 1373 1734 1445 Ergo
1801 1376 2038 1433 tenebrae

448 1460 666 1528 quidem
700 1476 730 1515 a
772 1472 924 1516 sexta
954 1461 1088 1517 hora
1134 1463 1290 1519 factae
1316 1474 1446 1519 sunt.
1481 1481 1645 1534 super
1672 1482 1889 1521 omnem
1925 1474 2034 1521 ter-

447 1565 565 1604 ram
616 1566 791 1622 usque
839 1552 907 1609 ad
956 1567 1159 1607 nonam
1204 1570 1218 1608 :
1266 1553 1421 1620 prius
1466 1564 1647 1609 autem
1695 1570 1860 1624 quam
1911 1556 2032 1610 tini-

446 1648 597 1695 retur
640 1655 806 1704 nona,
838 1640 1094 1698 clamavit
1121 1641 1388 1701 Dominus
1412 1643 1557 1699 circa
1590 1659 1709 1698 eam
1746 1660 1877 1700 voce
1920 1661 2029 1700 ma-

444 1746 574 1800 gna,
604 1731 791 1788 dicens
824 1748 947 1802 quae
987 1733 1190 1803 scripta
1232 1744 1385 1801 sunt,
1431 1735 1590 1804 quasi
1634 1736 1918 1804 postulans
1970 1746 2027 1793 ut

2161 543 2420 610 mistum;
2466 543 2558 613 qui
2604 555 2784 599 autem
2838 543 3046 600 alienas
3092 562 3123 601 a
3171 547 3396 603 veritate
3438 551 3789 620 sapientius

2158 634 2428 705 applicant
2452 634 2693 703 Christo,
2725 636 2882 707 quasi
2914 652 2982 690 eo
3014 651 3076 690 ea
3111 637 3332 704 dicenti,
3363 639 3414 693 hi
3450 641 3783 711 spongiam

2156 724 2442 795 implentes
2469 735 2622 781 aceto
2665 727 2953 797 imponunt
2983 729 3221 794 calamo,
3257 739 3313 784 et
3356 741 3555 801 potant
3608 750 3780 788 eum.

2155 813 2296 869 Sunt
2325 823 2505 870 autem
2532 818 2625 888 qui
2654 828 2708 872 et
2728 828 2941 874 acetum
2974 828 3025 874 et
3051 818 3143 888 fel,
3168 819 3309 876 sicut
3332 818 3590 879 Joannes
3623 826 3781 879 scri-

2153 907 2250 973 bit,
2291 907 2527 963 offerunt
2568 908 2653 963 ori
2677 910 2827 982 ejus;
2859 919 2915 966 et
2954 908 3183 965 forsitan
3225 911 3320 981 qui
3367 913 3609 984 sapiunt
3643 925 3780 968 tan-

2152 999 2431 1055 tummodo
2462 999 2629 1072 926
2670 1001 2831 1069 male,
2873 1001 3155 1073 spongiam
3201 1002 3429 1073 implent
3475 1014 3684 1067 aceto,
3719 1016 3777 1060 et

2150 1089 2436 1161 imponunt
2486 1092 2697 1146 calamo
2750 1091 3033 1162 scriptura:
3076 1107 3209 1156 suae,
3251 1103 3304 1145 et
3344 1102 3540 1162 potant
3570 1112 3771 1152 eum:

2146 1181 2237 1249 qui
2293 1189 2473 1236 autem
2524 1191 2579 1236 et
2641 1180 2862 1254 sapiunt
2916 1182 3057 1237 male
3114 1183 3181 1237 de
3231 1183 3773 1252 dispensationibua

2144 1271 2371 1337 Christi,
2406 1281 2460 1327 et
2494 1273 2682 1327 vivunt
2712 1274 2978 1344 nequiter,
3011 1274 3067 1329 hi
3103 1276 3385 1348 spongiam
3421 1276 3661 1346 plenain
3694 1297 3769 1336 cx

2142 1372 2295 1417 aceto
2324 1379 2447 1419 cum
2485 1363 2606 1419 felle
2636 1376 2691 1419 et
2724 1365 2958 1436 Ityssopo
2986 1366 3326 1437 imponentes
3350 1370 3577 1424 calamo
3609 1369 3768 1427 Scri-

2139 1463 2332 1525 ptura‘,
2376 1455 2611 1513 offerunt
2642 1456 2727 1511 ori
2770 1457 2910 1527 ejus.
2938 1456 3043 1525 Qui
3085 1468 3265 1514 autem
3312 1476 3486 1531 neque
3539 1463 3755 1521 vinum

2138 1545 2261 1617 ejus
2290 1547 2477 1602 bibere
2503 1548 2617 1602 vult
2650 1561 2870 1621 propter
2895 1549 3037 1607 fellis
3067 1552 3532 1618 commistiouem,
3569 1555 3764 1610 multo

2139 1636 2313 1707 magis
2353 1654 2460 1693 non
2497 1638 2643 1693 bibet
2680 1650 2920 1707 acetum,
2967 1658 3141 1714 neque
3187 1655 3401 1698 acetum
3444 1643 3580 1700 felle
3617 1662 3753 1717 per-

2138 1729 2383 1783 ntistum.
2433 1727 2722 1801 Propterea
2766 1747 2866 1787 nos
2909 1733 3095 1788 vinum
3142 1735 3405 1789 mundum
3452 1737 3527 1790 ab
3578 1739 3754 1792 omni

443 1821 654 1877 oriatur
680 1821 761 1878 sol
794 1832 974 1889 terrm,
1004 1824 1222 1881 solvens
1247 1824 1303 1881 in
1337 1840 1400 1880 ea
1437 1824 1689 1881 tenebras
1720 1826 1884 1881 trium
1927 1826 2026 1883 lto-
2062 1824 2102 1879 Β
2129 1819 2421 1873 acerbitate
2448 1831 2501 1874 et
2532 1821 2920 1891 amaritudine,
2950 1822 3139 1879 vinum
3172 1826 3317 1896 quod
3346 1826 3599 1884 laetiﬁcat
3649 1843 3754 1884 cor

441 1928 652 1980 rarum,
686 1915 986 1971 secundum
1016 1916 1163 1987 quod
1197 1916 1521 1973 tradidimus
1552 1932 1740 1987 supra.

512 2006 634 2063 156.
661 2006 891 2071 Quidam
930 2016 1106 2064 autem
1137 2008 1252 2064 illic
1282 2017 1507 2071 stantes,
1530 2019 1582 2062 et
1619 2009 1910 2071 audientes.
1941 2010 2026 2064 di—

439 2094 645 2161 cebant,
683 2096 810 2164 quia
849 2094 1027 2150 Etiam
1070 2106 1219 2153 vocat
1260 2100 1380 2153 iste.
1428 2097 1621 2153 theri
1669 2107 1844 2152 autem
1883 2099 2019 2156 dieeo

439 2184 603 2241 baut:
648 2184 775 2242 Siue
810 2187 1077 2242 videamus
1122 2189 1171 2241 si
1206 2190 1345 2244 venit
1381 2188 1550 2253 Elius,
1590 2199 1640 2245 et
1684 2184 1867 2244 liberet
1904 2207 2023 2244 eum

436 2276 501 2333 ’³.
545 2276 829 2350 Tanquam
880 2279 928 2334 si
977 2280 1265 2336 audissent
1305 2281 1567 2351 quoniam
1623 2280 1791 2337 Deum
1839 2292 2019 2348 vocat,

437 2369 628 2439 utique
654 2370 837 2426 mirati
866 2368 1102 2427 fuissent
1128 2372 1432 2428 orationem
1463 2373 1585 2445 ejus
1617 2374 1673 2428 in
1710 2389 1876 2432 cruce
1902 2391 2020 2431 ma-

431 2460 608 2528 jorem
639 2476 806 2531 quam
839 2459 942 2515 fuit
974 2462 1153 2519 oratio
1185 2461 1340 2518 Jonas
1365 2464 1573 2521 orantis
1609 2464 1663 2519 in
1702 2473 1859 2521 utero
1892 2466 2018 2527 ceti.

433 2559 489 2605 et
518 2551 827 2621 proditicati
856 2551 1109 2621 fuissent,
1136 2562 1196 2609 ut
1234 2554 1397 2611 etiam
1435 2555 1491 2611 in
1517 2556 1775 2613 extremis
1798 2556 2020 2614 calami-

436 2642 638 2698 tatibus
663 2643 943 2700 constituti
971 2659 1132 2702 orare
1179 2661 1286 2702 non
1319 2646 1575 2702 desinant
1605 2646 1796 2703 Deum.
1845 2646 2014 2717 Majo-

436 2744 546 2786 rem
576 2739 757 2787 autem
796 2731 921 2789 dico
944 2735 1249 2790 orationem
1276 2733 1479 2791 Christi
1511 2720 1705 2801 fuisse,
1733 2753 1895 2807 quam
1925 2736 2018 2791 Jo-

436 2837 518 2877 ur
543 2822 596 2878 in
626 2831 784 2880 utero
820 2824 947 2887 ceti,
972 2834 1191 2897 propter
1224 2827 1654 2899 magnitudinem
1690 2845 1870 2883 rerum
1896 2846 2017 2900 qure

434 2914 886 2971 demonstrantur
913 2931 981 2972 ex
1014 2932 1099 2982 ea,
1127 2926 1181 2974 et
1205 2926 1426 2989 propter
1460 2935 1717 2991 maguum
1757 2920 2012 2978 allectum

434 3003 753 3060 voluntaria
775 3007 1048 3080 passionis
1079 3007 1221 3078 ejus.

502 3095 628 3152 157.
666 3096 739 3152 Et
765 3100 1014 3153 continuo
1057 3116 1336 3157 occurrens
1378 3118 1515 3157 unus
1558 3120 1624 3159 cz
1663 3106 1759 3169 eis,
1800 3115 2011 3176 accepta

2134 1912 2394 1977 hominis,
2437 1922 2490 1966 et
2520 1928 2614 1967 cor
2646 1913 2819 1984 ipsius
2860 1913 2983 1970 Filii
3022 1914 3140 1985 Dei,
3178 1919 3505 1989 accipientes
3543 1937 3622 1975 ex
3677 1935 3752 1976 eo

2132 2002 2249 2067 ipso
2283 2003 2564 2059 Salvatore
2587 2015 2774 2061 nostro
2806 2004 2958 2073 Jesu,
2993 2008 3087 2080 qui
3117 2019 3201 2066 est
3229 2009 3354 2067 vitis
3384 2028 3537 2079 vera,
3579 2023 3749 2083 pote—

2130 2107 2254 2149 mus
2282 2108 2408 2148 eum
2438 2104 2493 2147 et
2522 2094 2819 2165 discipulos
2843 2097 2983 2165 ejus,
3018 2104 3078 2152 ut
3106 2098 3253 2153 dicat
3279 2098 3347 2154 de
3388 2101 3553 2158 nobis
3593 2103 3748 2160 bene

2129 2183 2442 2253 potantibus
2471 2200 2594 2241 eum
2626 2194 2682 2239 et
2710 2185 3010 2257 discipulos
3036 2187 3158 2258 ejus
3184 2206 3197 2243 :
3229 2186 3377 2255 Sitii,
3404 2200 3453 2246 et
3491 2192 3739 2248 dedistis

2129 2273 2256 2326 mihi
2284 2284 2464 2344 potum
2495 2277 2538 2328 ⁵.
2563 2275 2911 2347 Aecipiamus
2935 2288 2989 2333 ct
3012 2294 3210 2349 aquam
3239 2279 3553 2336 refectionis
3588 2299 3728 2337 cum

2126 2380 2234 2436 qua
2262 2367 2431 2422 nutrit
2468 2367 2648 2436 justos
2690 2367 2883 2425 Pastor
2930 2371 3130 2437 bonus,
3175 2381 3235 2426 ut
3277 2372 3371 2442 qui
3417 2386 3737 2443 pascuntur

2126 2457 2195 2509 ab
2247 2471 2313 2509 eo
2369 2456 2597 2514 dicant:
2650 2458 2821 2529 Super
2875 2478 3068 2531 aquam
3124 2462 3426 2531 refectionis
3475 2464 3736 2521 educavit

2128 2560 2228 2602 uos
2262 2547 2307 2600 ⁸.

2196 2637 2319 2692 138.
2351 2636 2509 2693 Iesus
2533 2649 2711 2694 autem
2740 2641 2929 2696 iterum
2953 2641 3188 2697 clamans
3214 2660 3332 2698 race
3357 2661 3567 2715 magna,
3594 2645 3735 2700 emi-

2121 2730 2192 2783 sit
2224 2730 2544 2799 spiritum".
2594 2731 2868 2798 Quantum
2910 2734 2976 2788 ad
3027 2732 3339 2791 Matthzeum
3372 2737 3594 2807 quidem
3640 2736 3732 2791 di-

2121 2831 2362 2888 centem,
2419 2821 2938 2881 iterum-clamasse
2985 2824 3170 2881 Jesum
3224 2843 3357 2883 voce
3405 2844 3611 2900 magna
3665 2838 3723 2883 et

2119 2913 2368 2968 emisisse
2401 2913 2675 2982 spiritum,
2710 2930 2818 2970 non
2866 2924 3049 2970 autem
3096 2916 3534 2973 manifestantem
3583 2934 3714 2989 qua:

2120 3004 2284 3063 fuerit
2313 3022 2418 3062 vox
2446 3007 2536 3062 illa
2571 3023 2763 3079 magna
2799 3025 2907 3079 qua
2932 3010 3190 3065 clamavit
3228 3010 3447 3077 iterum,
3474 3025 3601 3067 erat
3621 3011 3715 3068 di-

2118 3109 2241 3150 cere
2263 3096 2523 3165 quoniam
2553 3099 2798 3153 eamdem
2827 3115 3013 3156 vocem
3038 3101 3293 3158 clamavit.
3318 3102 3516 3156 iterum
3545 3117 3714 3173 quam

430 3188 647 3258 spongia
684 3189 920 3258 implevit
952 3200 1122 3256 aceto,
1152 3201 1201 3246 et
1235 3193 1488 3263 imposuit
1539 3197 1810 3262 aruudim,
1840 3210 1889 3251 et
1915 3197 2015 3251 da-

2127 3201 2289 3255 supra
2334 3187 2666 3242 clamaverat
2708 3190 2935 3246 dicens:
2971 3190 3134 3259 Deus,
3168 3190 3303 3246 Deus
3335 3208 3480 3246 meus
3514 3194 3562 3248 ⁸.
3610 3192 3721 3250 Sed

430 3278 519 3332 bat
546 3280 596 3334 ei
623 3278 792 3333 bibere
820 3280 859 3333 ⁸.
892 3281 955 3335 Et
993 3280 1239 3352 implevit
1280 3284 1619 3353 prophetiam
1650 3286 1702 3340 in
1740 3303 1799 3341 se
1829 3288 2014 3343 dicen-

430 3377 538 3423 tem
570 3369 638 3425 de
661 3385 723 3426 se
747 3370 767 3400 ’
794 3388 811 3426 :
840 3368 909 3424 Et
944 3370 1201 3427 dederunt
1243 3374 1298 3428 iu
1334 3390 1508 3430 escam
1537 3392 1704 3429 nteant
1737 3377 1828 3446 fel,
1865 3390 1914 3432 et
1948 3380 2012 3433 in

429 3461 519 3516 siti
548 3477 663 3516 mea
709 3472 1020 3534 putaverunt
1067 3481 1148 3519 me
1199 3474 1367 3523 aceto.
1424 3466 1551 3523 Ideo
1607 3476 1660 3523 et
1707 3469 2009 3525 secundum

427 3550 693 3610 Joannem
728 3569 854 3609 cum
899 3556 1195 3625 accepisset
1225 3556 1385 3613 Jesus
1434 3568 1649 3613 acetum
1693 3575 1816 3615 eum
1867 3560 2010 3629 felle,

426 3642 603 3699 dixit:
641 3643 1078 3701 Consummatum
1113 3657 1191 3704 est
1222 3648 1242 3678 ³
1272 3649 1434 3703 etiam
1483 3649 1588 3704 hoc
1634 3650 1780 3720 quod
1816 3651 1883 3706 de
1925 3668 2012 3708 me

428 3735 704 3807 Scriptura
752 3737 1103 3809 praedixerat.
1154 3738 1405 3796 Jucunde
1446 3751 1625 3796 autem
1672 3741 1797 3812 quis
1836 3752 2013 3813 potest

427 3827 503 3882 uti
536 3828 642 3883 hoc
663 3836 812 3884 textu
846 3830 1112 3886 adversus
1136 3846 1231 3888 eos
1259 3831 1356 3902 qui
1385 3832 1622 3902 maligna
1654 3834 1734 3887 vel
1769 3834 2009 3905 scripse-

426 3926 557 3973 t'uut.
586 3918 671 3974 vel
703 3920 953 3975 scribunt.
976 3920 1237 3978 adversus
1267 3921 1571 3989 Christum,
1598 3924 1665 3977 de
1692 3925 1891 3993 quibus
1925 3925 2009 3980 di-

426 4009 503 4064 cit
545 4010 712 4067 Isaias
748 4014 805 4066 δε
861 4010 951 4067 Va:
988 4013 1079 4084 qui
1120 4012 1357 4069 scribunt
1403 4014 1659 4084 maligna.
1710 4014 2007 4072 Scribentes

422 4101 562 4156 enim
587 4102 823 4174 maligna
851 4104 1106 4159 scribunt.
1135 4102 1269 4160 Dico
1290 4114 1474 4159 autem
1512 4105 1579 4160 de
1610 4106 1716 4160 illis
1748 4107 1841 4178 qui
1871 4123 2006 4162 cou-

427 4193 759 4263 scriptiones
797 4194 1010 4265 aliquas
1055 4195 1405 4262 dimiserunt,
1444 4195 1782 4268 iniquitatem
1813 4198 1867 4252 in
1914 4214 2008 4253 ex-

423 4284 629 4339 celsum
668 4285 969 4357 loquentes.
1007 4286 1076 4342 Et.
1120 4294 1302 4343 utetur
1327 4288 1451 4357 quis
1508 4289 1610 4342 hoc
1640 4295 1786 4344 textu
1819 4289 2007 4349 videns

422 4390 519 4430 eos
538 4392 604 4430 ex
631 4376 956 4445 quibusdam
982 4377 1353 4434 auditionibus
1384 4378 1496 4433 sive
1518 4378 1863 4436 ethnicorum
1887 4396 2005 4436 ver-

424 4465 647 4538 borum,
667 4466 784 4523 sive
806 4468 1214 4525 barbaricorum
1245 4484 1559 4524 sermonum
1589 4480 2003 4540 congregantes,

420 4569 474 4616 et
504 4558 763 4615 facientes
788 4561 1155 4617 narrationem
1181 4560 1339 4631 quasi
1372 4561 1656 4631 spongiam
1683 4562 1999 4633 quamdam,

421 4649 779 4718 adimplentes
811 4664 929 4704 eam
962 4665 1068 4703 non
1100 4649 1170 4704 de
1194 4648 1359 4703 verbo
1392 4648 1635 4717 potabili,
1669 4664 1842 4717 neque
1874 4651 2003 4704 vino

422 4738 728 4795 lectilicante
759 4754 856 4794 cor
891 4738 1153 4806 hominis,
1190 4754 1364 4808 neque
1389 4739 1456 4793 de
1492 4755 1632 4811 aqua
1666 4740 1999 4808 refectionis,

420 4828 514 4883 sed
545 4828 613 4884 de
656 4830 840 4897 aliquo
879 4831 1178 4895 contrario,
1210 4839 1265 4885 et
1291 4830 1506 4896 nocivo,
1542 4840 1596 4886 et
1645 4847 1753 4885 non
1791 4832 2013 4903 potabili

420 4928 575 4974 aceto
607 4919 966 4989 intelligibili;
996 4928 1052 4977 et
1101 4921 1241 4976 hanc
1271 4923 1556 4993 spongiam
1594 4921 1884 4991 imponunt
1916 4937 2011 4977 ca-

432 5012 576 5066 lamo
618 5010 903 5080 scripturae
947 5028 1079 5076 sum,
1126 5021 1182 5067 et
1224 5022 1489 5083 quantum
1527 5012 1592 5067 ad
1640 5028 1720 5079 se,
1766 5014 2015 5070 Izesiones

423 5102 667 5156 inferunt
686 5101 816 5158 Jcsu
840 5119 905 5157 ex
936 5104 1247 5174 hujusmodi
1278 5114 1425 5173 potu.
1452 5103 1517 5159 Et
1542 5105 1763 5175 quidaut
1789 5106 2010 5173 quidem

417 5194 551 5250 dant
574 5192 704 5250 Jesu
739 5194 927 5252 bibere
959 5195 1143 5250 vinum
1175 5212 1297 5251 cum
1328 5195 1450 5252 felle
1482 5196 1828 5265 permistum,
1860 5197 2006 5266 quod

417 5300 527 5343 non
571 5286 690 5342 'Ittlt
733 5287 918 5345 bibere
946 5285 1119 5359 {Jesus
1163 5286 1333 5342 Filius
1372 5287 1502 5352 Dei;
1545 5287 1636 5341 alii
1681 5296 1861 5344 autem
1898 5305 2006 5344 non

425 5378 633 5445 vinum,
677 5379 770 5435 sed
815 5389 1051 5434 acetum.
1096 5378 1160 5435 Et
1205 5377 1433 5434 forsitan
1465 5379 1875 5451 quanticunque
1922 5396 2007 5435 se-

425 5471 664 5526 cundum
698 5472 1003 5528 doctrinam
1049 5472 1267 5543 quidem
1314 5472 1739 5527 ecclesiasticam
1773 5473 2009 5542 sapiunt,

1233 5633 1274 5663 ~""
1314 5631 1474 5687 Μῖνι»,
1511 5651 1580 5685 vn
1608 5674 1619 5693 ,
1661 5634 1703 5686 Ι.

1265 5702 1350 5754 50
1460 5706 1481 5733 ⁸
1514 5704 1613 5754 1θῆ.
1652 5721 1678 5754 x
1711 5744 1723 5754 .
1761 5704 1781 5754 1

1460 5706 1613 5759 “lea,
1652 5706 1809 5763 x,1.

1383 5774 1423 5804 '°
1442 5776 1592 5830 Juatt.
1624 5795 1727 5840 xu,
1756 5779 1842 5832 50.

499 5635 544 5665 ⁸⁸
573 5633 737 5688 Matth
802 5650 970 5689 xum.
1004 5632 1093 5684 ili.

433 5719 600 5757 t.xvltt
634 5743 646 5763 ,
672 5705 761 5757 ‘22.
869 5705 885 5732 ³
917 5702 1073 5753 .lmtu.
1117 5719 1141 5754 κ
1180 5720 1229 5756 κ.
1265 5702 1350 5754 50

430 5777 451 5808 ⁸
490 5774 616 5825 ibid.
646 5774 734 5826 Mi.
812 5776 829 5799 θ
866 5773 991 5825 Lur.
1029 5790 1181 5824 nati.
1214 5774 1299 5824 εἰεί.

1845 5632 1886 5663 9"
1925 5631 2051 5683 ibid.
2088 5631 2141 5683 2.

1919 5704 1937 5732 ⁵
1966 5700 2149 5755 llaltlt.
2188 5718 2314 5769 xxv,
2343 5703 2429 5756 55.

2119 3278 2245 3347 quia
2280 3275 2460 3333 Lucas
2487 3278 2774 3335 manifeste
2814 3282 3004 3338 scribit
3040 3298 3201 3354 quam
3230 3299 3417 3339 vocem
3450 3283 3717 3340 clamavit

2118 3383 2244 3423 cum
2290 3369 2562 3425 emitteret
2601 3370 2880 3440 spiritum,
2932 3373 3118 3429 dicens
3162 3393 3175 3428 :
3230 3372 3297 3430 In
3346 3392 3534 3429 manus
3596 3387 3718 3430 tuas

2118 3460 2424 3515 commendo
2471 3462 2717 3531 spiritum
2767 3480 2940 3517 nteant
2985 3463 3041 3531 ’ς
3089 3474 3172 3523 est
3215 3466 3516 3537 intelligere
3554 3478 3614 3523 et
3660 3468 3713 3521 in

2119 3554 2228 3610 isto
2264 3554 2386 3609 loco
2418 3554 2565 3625 quod
2597 3570 2699 3610 vox
2722 3555 2812 3610 illa
2839 3572 3003 3630 quam
3044 3556 3237 3611 iterum
3265 3557 3519 3612 clamavit
3541 3558 3709 3612 emito

2120 3653 2240 3699 tens
2287 3646 2562 3715 spiritum,
2599 3644 2699 3701 fuit
2742 3645 2844 3702 ista
2875 3665 2888 3700 :
2925 3644 2989 3700 In
3028 3664 3215 3701 manus
3257 3656 3375 3703 tuas
3405 3647 3714 3703 commendo

2116 3737 2365 3811 spiritum
2394 3754 2586 3795 meum.
2616 3735 2671 3791 Si
2702 3752 2834 3809 ergo
2858 3739 3106 3792 emittere
3132 3739 3405 3809 spiritum,
3436 3748 3558 3802 aut,
3599 3739 3712 3795 sic-

2117 3839 2175 3890 ut
2236 3829 2476 3886 Joannes
2537 3829 2728 3886 scribit
2768 3830 2834 3895 ”,
2876 3829 3091 3885 tradere
3140 3831 3414 3900 Spiritum,
3465 3830 3712 3903 idipsum

2114 3931 2232 3980 erat
2272 3922 2421 3992 quod
2465 3928 2549 3976 est
2579 3922 2738 3987 mori,
2785 3920 3110 3991 simpliciter
3140 3930 3257 3975 erat
3299 3921 3708 3992 intelligendum

2114 4013 2259 4084 quod
2303 4013 2503 4069 dicitur
2547 4012 2600 4066 itt
2648 4012 2752 4069 hoc
2803 4012 2949 4070 loco.
3005 4009 3201 4066 Emisit
3243 4013 3512 4083 spiritum.
3545 4010 3709 4068 Nunc

2113 4113 2319 4172 autem,
2344 4120 2468 4159 cum
2512 4113 2742 4158 mortem
2785 4103 2921 4159 nihil
2966 4103 3113 4158 aliud
3157 4120 3278 4159 esse
3328 4103 3592 4158 definiant
3622 4119 3709 4159 sa-

2115 4195 2321 4266 pientes
2358 4195 2462 4249 nisi
2499 4194 2895 4266 separationem
2948 4194 3143 4251 anima:
3171 4210 3202 4248 a
3236 4209 3487 4264 corpore,
3522 4194 3703 4249 videa-

2115 4300 2237 4341 mus
2261 4301 2327 4340 ne
2356 4285 2497 4341 forte
2519 4284 2665 4339 aliud
2694 4294 2779 4340 est
2801 4286 3122 4355 simpliciter
3151 4286 3311 4351 mori,
3340 4284 3486 4339 aliud
3517 4294 3703 4338 autent

2113 4390 2245 4430 voce
2302 4390 2501 4446 magna
2547 4374 2804 4441 clamare,
2854 4385 2907 4430 et
2951 4379 3200 4430 emittere
3235 4375 3510 4445 spiritum,
3563 4375 3703 4429 sicut

2116 4480 2359 4536 praesens
2391 4466 2616 4535 exponit
2654 4464 2971 4532 Matthieus;
3010 4475 3105 4521 aut
3133 4469 3187 4520 in
3212 4482 3410 4522 manus
3437 4467 3526 4520 Dei
3547 4481 3699 4521 eom-

2115 4558 2373 4613 mendare
2407 4558 2684 4627 spiritum,
2707 4566 2760 4611 et
2788 4557 3061 4612 dimittere
3093 4558 3371 4628 spiritum,
3397 4557 3696 4612 secundum

2109 4648 2254 4719 quod
2302 4647 2675 4715 dicit'Lucas;
2720 4656 2815 4703 aut
2863 4647 3126 4704 inclinare
3168 4657 3352 4718 caput,
3391 4658 3447 4702 et
3489 4649 3702 4702 tradere

2110 4739 2386 4809 spiritum,
2433 4741 2575 4795 sicut
2615 4738 2854 4795 Joannes
2903 4740 3150 4808 exponit.
3187 4738 3253 4794 Et
3294 4738 3435 4794 mori
3479 4738 3698 4807 quidem

2110 4831 2354 4887 omnium
2402 4832 2687 4886 hominum
2736 4840 2841 4896 est,
2880 4831 3043 4886 etiam
3087 4831 3395 4895 malorum,
3441 4828 3697 4899 quoniam

2110 4922 2355 4977 omnium
2382 4923 2579 4977 animae
2606 4929 2930 4991 separantur
2954 4935 2986 4975 a
3012 4935 3261 4991 corpore,
3291 4919 3453 4974 etiam
3486 4918 3699 4985 iniquo-

2113 5030 2257 5078 rum,
2306 5016 2400 5087 qui
2447 5013 2629 5068 dicere
2671 5027 2781 5066 non
2827 5020 3061 5082 possunt
3102 5027 3224 5082 qua:
3269 5010 3408 5065 dixit
3450 5008 3697 5064 Christus

2111 5106 2300 5161 exiens
2340 5106 2406 5160 de
2439 5119 2669 5175 corpore
2714 5119 2835 5161 suo.
2871 5102 3120 5175 Magnam
3152 5112 3333 5158 autem
3364 5116 3552 5155 vocem
3584 5101 3694 5154 cla-

2115 5212 2288 5260 mare,
2321 5206 2376 5252 et
2412 5197 2493 5252 sic
2522 5197 2771 5252 emittere
2799 5197 3075 5267 Spiritum,
3105 5196 3251 5267 quod
3296 5205 3379 5251 est
3420 5194 3472 5247 in
3504 5207 3698 5247 manus

2120 5290 2332 5344 Domini
2362 5288 2747 5345 commendare
2790 5289 3067 5359 spiritum,
3095 5299 3150 5344 et
3184 5291 3264 5344 sic
3290 5287 3556 5341 dimittere
3584 5284 3696 5353 spi-

2120 5383 2315 5443 ritum;
2342 5390 2437 5433 aut
2465 5380 2728 5434 inclinare
2751 5387 2932 5448 caput,
2958 5387 3011 5433 et
3042 5378 3253 5433 tradere
3279 5372 3550 5444 spiritum,
3588 5386 3692 5425 non

2119 5480 2203 5525 est
2235 5472 2339 5526 uisi
2364 5481 2570 5525 tantum
2603 5478 2915 5525 sanctorum
2942 5470 3035 5540 qui
3062 5470 3218 5525 bonis
3243 5466 3497 5537 operibus
3528 5464 3690 5519 Deum

3080 5631 3091 5660 ¹
3129 5627 3251 5680 iltitl.
3289 5626 3376 5680 43.
3497 5627 3517 5656 ³
3553 5622 3684 5677 Psal.

2254 5630 2296 5662 πθ
2327 5630 2513 5687 Matth.
2546 5647 2691 5685 xxvtt
2715 5673 2727 5688 .
2774 5629 2861 5694 4⁸7,
2901 5630 2986 5683 49.
3080 5631 3091 5660 ¹
3129 5629 3251 5680 ibid.
3289 5629 3376 5680 .58.
3497 5629 3517 5656 ³
3553 5629 3684 5677 l‘szd.

2264 5718 2314 5752 v.
2343 5703 2429 5752 55.
2537 5701 2555 5733 ⁸
2588 5700 2730 5752 Psal.
2759 5717 2895 5752 xxu.
2929 5701 2981 5752 2.
3089 5700 3107 5729 ⁷
3130 5697 3321 5752 Matth.
3380 5713 3549 5752 xxvtt.
3606 5694 3686 5747 50.

2537 5701 2555 5733 ‘
2588 5700 2730 5755 Psal.
2759 5717 2895 5766 xxtt,
2929 5701 2981 5754 2.
