4052 6304
520 364 649 417 1791

1709 354 2034 411 ()RIGENIS
2076 353 2141 408 IN
2181 353 2593 409 MAT'I'ilgEUM

3632 361 3657 412 ‘l
3674 359 3780 413 ’ῖθῖ

517 473 755 526 vidi-baut
799 489 906 532 eos,
958 470 1008 524 id
1056 478 1138 522 est
1181 467 1478 537 discipulos
1528 466 1753 528 Christi,
1808 474 1856 519 et
1909 465 2082 517 timuit
2117 469 2154 521 Α
2182 464 2351 533 928
2394 463 2583 532 Magna
2628 479 2760 533 ergo
2804 474 2929 518 sunt
2974 465 3113 519 facta
3157 481 3218 519 ex
3267 480 3335 520 eo
3381 467 3525 537 quod
3563 485 3775 540 magna

514 566 682 619 omnis
720 567 893 618 homo.
931 562 1056 616 Item
1094 576 1189 630 per
1218 560 1445 613 alterum
1477 559 1796 629 prOphetam
1823 558 2083 612 Dominus

515 657 649 711 dicit
677 655 719 687 "
746 671 761 709 :
785 654 968 707 Adhuc
999 651 1179 716 semel,
1210 661 1257 705 et
1289 669 1381 721 ego
1419 653 1630 707 movebo
1663 651 1867 717 (telum,
1898 659 1945 703 et
1978 663 2082 703 ler-

513 764 649 811 ram,
689 756 739 801 et
767 761 934 806 mare,
962 754 1009 797 et
1032 745 1266 797 aridam.
1312 744 1562 799 Dicentes
1593 753 1773 798 autem
1810 758 1980 813 pauca
2015 743 2083 797 de

515 843 664 889 motu
719 844 896 898 terra,
944 850 1051 888 non
1108 833 1371 887 inutiliter
1419 834 1663 888 dicamus
1713 840 1763 886 et
1808 833 1874 886 de
1917 831 2081 901 petris

510 924 703 980 scissis
745 924 798 977 in
834 924 1089 992 passione
1123 922 1334 977 Domini
1368 921 1688 989 Salvator-is,
1726 937 1848 991 qua
1878 929 2081 993 mystc-

511 1016 653 1069 rium
686 1014 925 1080 luerunt,
959 1015 1101 1070 sicut
1136 1015 1391 1074 arbitror,
1434 1017 1815 1084 prophetatum
1848 1031 1861 1066 :
1907 1015 2082 1068 maui-

513 1100 722 1156 l‘estata
767 1110 896 1156 sunt
943 1101 1087 1155 enim
1141 1101 1195 1156 in
1225 1102 1426 1156 Christi
1474 1105 1705 1158 adventu
1747 1104 1830 1158 lex
1873 1111 1927 1157 et
1957 1117 2083 1171 pro-

511 1192 725 1260 phetae:
768 1199 988 1262 propter
1017 1192 1162 1261 quod
1208 1192 1275 1247 ad
1306 1192 1593 1248 Dominum
1640 1194 2081 1250 convertentibus

509 1298 634 1338 cum
678 1282 872 1354 legitur
899 1280 1133 1353 Moyses,
1165 1283 1409 1339 velamen
1444 1285 1590 1355 quod
1630 1285 1865 1355 positum
1906 1282 2083 1339 fuerat

510 1390 676 1443 super
702 1389 798 1430 cor
820 1390 1034 1440 eorum,
1066 1375 1298 1442 tollitur,
1325 1377 1544 1446 etquod
1578 1376 1630 1429 in
1660 1377 1892 1432 lectione
1924 1375 2082 1430 Vete-

512 1464 590 1519 ris
619 1462 949 1520 Testamenti
1006 1466 1239 1535 positum
1293 1475 1414 1521 erat
1455 1467 1722 1532 velamen,
1770 1468 1823 1521 in
1862 1467 2081 1522 Christo

511 1554 782 1611 aboletur.
816 1557 1028 1626 Aperta
1067 1566 1194 1611 sunt
1235 1571 1366 1626 ergo
1411 1572 1558 1611 nunc
1598 1566 1781 1626 petra,
1808 1566 1862 1610 et
1895 1556 2081 1612 scissa

511 1654 660 1705 sunt.
699 1655 756 1700 ut
803 1646 856 1699 in
898 1645 1183 1715 profundis
1214 1660 1402 1701 eorum
1444 1647 1622 1716 posita
1654 1647 1917 1717 spiritalia
1962 1662 2081 1720 my-

513 1732 678 1788 steria
711 1731 1012 1787 videamus.
1050 1731 1349 1788 Probamus
1380 1743 1558 1789 autem
1594 1735 1798 1790 scissas
1836 1743 1964 1789 tunc
1989 1749 2080 1803 pe-

511 1830 643 1887 tras,
678 1837 798 1878 esse
826 1822 1156 1892 prophetas:
1190 1822 1426 1893 primum
1460 1824 1676 1893 quidem
1731 1839 1798 1878 ex
1834 1839 1901 1877 eo
1932 1822 2078 1893 quod
2112 1807 2151 1865 Β

510 1913 762 1969 Christus
810 1914 1011 1968 dicitur
1059 1921 1211 1985 petra
1271 1914 1571 1984 spiritalis,
1621 1924 1676 1969 et
1721 1914 1949 1970 rationis
1997 1923 2081 1970 est

510 2018 701 2060 omnes
728 2004 1028 2060 imitatores
1054 2003 1260 2060 Christi
1287 2005 1394 2062 dici
1425 2005 1675 2061 similiter
1701 2015 1904 2076 petras,
1937 2006 2081 2062 sicut

509 2103 566 2146 et
613 2093 705 2147 lux
754 2094 941 2148 mundi
991 2093 1250 2148 dicuntur
1279 2109 1344 2148 ex
1379 2108 1446 2149 eo
1482 2095 1626 2164 quod
1666 2094 1782 2164 ipse
1817 2094 2081 2151 Dominus

510 2199 702 2238 eorum
756 2184 848 2238 lux
902 2193 985 2240 est
1034 2185 1221 2240 tnundi
1252 2184 1484 2241 :deinde
1524 2185 1688 2241 etiam
1733 2201 1797 2240 ex
1832 2202 1899 2242 eo
1932 2187 2077 2257 quod

512 2275 629 2342 ipse
659 2274 852 2330 Petrus
904 2291 934 2329 a
966 2273 1198 2331 Domino
1251 2288 1401 2345 petra
1452 2284 1537 2332 est
1579 2277 1903 2347 appellatus,
1952 2293 2077 2333 cum

511 2364 713 2418 dicitur
738 2365 787 2418 ei
818 2365 902 2419 ":
943 2363 1021 2419 Tu
1073 2383 1126 2420 es
1155 2364 1365 2433 Petrus,
1411 2376 1459 2421 et
1506 2384 1662 2436 super
1700 2367 1836 2421 hanc
1875 2377 2080 2438 petram

508 2455 784 2524 adiﬁcabo
819 2453 1114 2510 Ecclesium
1145 2474 1338 2524 meam,
1364 2468 1416 2513 et
1442 2468 1612 2529 portae
1643 2459 1933 2529 inferorum
1976 2477 2078 2515 non

506 2545 863 2616 prmalebuut
893 2546 1210 2603 ei.Maxime
1236 2557 1416 2604 autem
1444 2550 1548 2606 hoc
1575 2550 1979 2607 demonstratur
2011 2568 2077 2608 ex

509 2650 575 2690 eo
605 2635 750 2705 quod
775 2650 967 2693 omnes
995 2638 1197 2708 quibus
1223 2655 1332 2694 non
1362 2641 1655 2710 pravalent
1685 2650 1853 2711 porta
1883 2640 2079 2698 infero-

509 2740 654 2791 rum,
685 2725 781 2796 qui
823 2740 964 2796 opus
999 2727 1237 2784 nominis
1268 2738 1434 2798 petra
1464 2729 1666 2785 habent
1707 2730 1762 2785 in
1791 2746 1872 2797 se,
1906 2730 1956 2784 id
1995 2740 2081 2786 est

507 2817 734 2886 θροειοιί
779 2826 834 2873 et
871 2817 1178 2888 propheta,
1212 2830 1377 2891 petra
1425 2830 1555 2876 sunt
1595 2833 1650 2878 et
1700 2821 1826 2892 ipsi,
1857 2830 1912 2877 et
1951 2830 2081 2878 sunt

508 2908 862 2964 fundamenta
898 2924 1087 2965 eorum
1134 2912 1229 2982 qui
1275 2926 1440 2982 super
1476 2928 1572 2969 eos
1600 2914 1955 2981 adiﬁcantur,
1986 2928 2077 2969 se-

506 2998 745 3053 cundum
779 2999 923 3069 quod
959 3000 1035 3055 ait
1057 3001 1350 3072 Apostolus
1374 3002 1418 3036 ¹⁸
1441 3021 1455 3057 :
1477 3001 1897 3074 Superadiﬁcati
1923 3020 2079 3074 super

507 3088 913 3157 fundamentum
977 3092 1338 3161 apostolorum
1401 3103 1452 3148 et
1509 3095 1902 3163 prophetarum,
1962 3098 2076 3166 ipso

505 3195 711 3233 summo
743 3181 993 3250 angulari
1017 3181 1193 3252 lapide
1216 3182 1347 3238 Iesu
1374 3183 1585 3239 Christo
1616 3185 1841 3240 Domino
1870 3198 2072 3243 nostro.

510 3266 1024 3338 Superadilieantur
1049 3280 1232 3325 autem
1268 3273 1530 3342 apostolis
1562 3283 1618 3328 et
1645 3275 1925 3344 prophetis
1960 3293 2076 3332 ma-

506 3361 651 3414 xime
677 3359 771 3429 qui
803 3368 930 3414 sunt
957 3361 1023 3415 de
1045 3362 1287 3417 Ecclesia
1325 3363 1693 3430 immaculata,
1720 3374 1775 3420 et
1799 3369 2076 3436 apostolos

509 3449 709 3505 Christi
762 3450 1064 3516 imitantur,
1104 3461 1157 3507 et
1184 3454 1476 3524 prophetas
1522 3471 1631 3510 non
1662 3468 1947 3526 spernunt,
1981 3461 2075 3515 sed

505 3548 819 3595 scrutantur
869 3542 1031 3597 etiam
1078 3558 1267 3599 eorum
1316 3545 1647 3615 Scripturas.
1705 3547 1863 3605 Nunc
1904 3558 1959 3605 et
2007 3551 2076 3606 de

504 3630 870 3687 monumentis
922 3633 1125 3703 apertis
1178 3634 1447 3690 dicamus.
1513 3635 1663 3692 Venit
1709 3649 1889 3693 autem
1939 3642 2071 3695 hora

505 3721 804 3776 secundum
843 3723 988 3792 quod
1018 3724 1342 3794 promiserat
1371 3725 1644 3790 Christus,
1671 3738 1728 3781 ut
1756 3729 1847 3798 qui
1878 3729 1932 3782 in
1963 3747 2075 3784 mo-

503 3813 765 3865 numentis
811 3824 965 3880 sunt,
1014 3815 1237 3869 audiant
1282 3832 1455 3870 vocem
1506 3816 1662 3876 Filii.
1720 3830 1766 3872 et
1811 3821 1982 3874 vivant
2009 3822 2072 3876 ".

501 3896 789 3969 Propterea
836 3902 1180 3959 audientibus
1223 3905 1304 3961 eis
1342 3921 1528 3962 vocem
1572 3907 1694 3962 Filii
1727 3908 1843 3973 Dei,
1882 3925 2076 3965 monu-

503 3998 682 4041 menta
733 3998 861 4047 sunt
911 4002 1134 4061 aperta,
1183 4009 1305 4063 qua
1347 3995 1535 4052 clausa
1586 3998 1802 4067 quidem
1854 3997 2074 4056 fuerunt

502 4078 745 4146 quandiu
780 4084 984 4137 mortui
1024 4092 1178 4139 erant
1219 4085 1274 4139 in
1318 4086 1439 4141 eis:
1470 4096 1656 4158 aperta
1700 4096 1829 4144 sunt
1869 4099 2069 4159 autem,

501 4176 562 4223 ut
599 4170 693 4241 qui
736 4184 1149 4230 resurrexerant
1199 4178 1546 4249 egrediantur
1577 4196 1644 4236 ex
1677 4184 2070 4253 monumentis,

501 4275 609 4315 non
661 4270 790 4318 ante
829 4267 1279 4324 resurrectionem
1312 4269 1660 4342 Primogeniti
1715 4288 1782 4328 ex
1816 4276 2070 4342 mortuis,

499 4347 595 4402 sed
631 4358 753 4418 post
779 4354 1234 4411 resurrectionem
1280 4358 1475 4428 ipsius,
1507 4369 1562 4415 et
1588 4372 1931 4432 resurgentes
1971 4366 2070 4421 de-

2185 572 2317 611 voee
2343 556 2602 611 clamavit
2621 554 2803 617 Jesus.
2833 566 2886 610 et
2919 557 3099 611 etuisit
3134 557 3411 625 spiritum,
3451 568 3507 613 et
3540 576 3775 630 semper

2184 649 2299 703 hac
2325 648 2512 702 eadem
2544 662 2735 717 magna
2769 648 3011 716 quotidie
3041 651 3195 704 tiuut.
3228 647 3419 703 Velum
3444 652 3595 705 enim
3631 660 3775 706 tem-

2184 740 2254 809 pli
2290 738 2355 792 ad
2387 738 2670 794 revelanda
2711 755 2834 810 qua
2875 738 3022 794 intus
3054 738 3345 805 habentur,
3379 742 3610 810 quando
3659 760 3770 798 non

2183 827 2452 883 Scinditur
2496 830 2700 885 sanctis
2741 845 2771 884 a
2806 845 3027 885 sursum
3085 845 3263 900 usque
3307 832 3593 899 deorsum,
3633 843 3692 888 et
3738 851 3769 889 a

2183 917 2455 987 principio
2485 933 2660 988 usque
2692 919 2758 972 ad
2792 917 2995 971 tinem?
3033 918 3255 987 quando
3282 927 3337 973 et
3367 927 3510 972 terra
3546 919 3639 974 eis
3671 920 3771 987 qui

2181 1011 2358 1065 salute
2402 1018 2531 1066 sunt
2577 1011 2748 1081 digni,
2802 1025 2911 1065 non
2965 1002 3234 1075 movetur,
3284 1019 3338 1065 et
3384 1011 3593 1074 tremit,
3643 1027 3770 1082 qua

2180 1113 2306 1156 ante
2349 1102 2551 1156 Christi
2609 1112 2837 1156 mortem
2897 1101 3193 1156 immobilis
3241 1101 3395 1155 erat?
3440 1103 3671 1172 quando
3712 1113 3768 1156 et

2179 1202 2363 1262 petra,
2393 1192 2689 1247 secundum
2728 1191 2872 1261 quod
2910 1192 3257 1253 tradidimus,
3295 1207 3404 1247 non
3436 1192 3768 1247 ﬁnduntur?

2182 1280 2273 1336 Sic
2326 1296 2541 1352 semper
2585 1289 2641 1336 et
2688 1288 3043 1335 monumenta
3095 1280 3439 1351 aperiuntur,
3489 1289 3541 1334 et
3585 1282 3763 1335 multa

2180 1389 2411 1443 corpora
2446 1383 2761 1428 sanctorum
2791 1372 3011 1444 quidem
3060 1371 3446 1427 dormientium
3497 1362 3760 1439 surgunt,

2177 1474 2232 1520 et
2255 1464 2603 1528 egrediuntur
2625 1465 2692 1520 de
2718 1462 3112 1526 monumentis,
3140 1474 3262 1532 post
3291 1463 3760 1518 resurrectionem

2180 1565 2361 1609 tamen
2399 1554 2519 1624 ejus
2566 1553 2620 1607 in
2662 1553 2743 1609 eis
2785 1553 2879 1623 qui
2922 1561 3174 1608 mortuus
3215 1559 3299 1606 est
3336 1567 3436 1622 pro
3482 1552 3676 1616 nobis,
3711 1560 3763 1605 et

2178 1653 2484 1715 sequuntur
2530 1659 2653 1699 eum
2705 1645 2798 1714 qui
2850 1652 3288 1705 resurrexcruut,
3333 1643 3474 1698 etin
3512 1644 3761 1697 novitate

2180 1734 2303 1788 vita
2330 1733 2611 1789 ambulant
2638 1747 2763 1788 cum
2791 1747 2877 1787 eo.
2907 1731 3000 1788 Sic
3025 1740 3079 1786 et
3105 1732 3197 1802 qui
3226 1732 3373 1803 digni
3400 1741 3528 1787 sunt
3555 1733 3761 1787 habere

2180 1825 2649 1879 conversationem
2700 1823 2752 1876 in
2800 1823 2976 1885 caelis,
3006 1822 3289 1877 dicentes:
3334 1820 3538 1877 Nostra
3579 1833 3757 1877 autem

2178 1925 2254 1970 est
2284 1916 2607 1969 conversatio
2646 1918 2698 1968 in
2731 1915 2873 1969 caelis
2901 1915 2969 1982 ⁵ο,
3002 1914 3379 1984 ingrediuntur
3412 1914 3465 1967 in
3505 1924 3756 1968 sanctam

2178 2009 2450 2064 civitatem
2502 2024 2595 2078 per
2650 2008 2863 2078 singula
2921 2016 3200 2076 tempora,
3242 2015 3297 2061 et
3346 2004 3529 2059 lumen
3561 2020 3754 2060 eorum

2178 2099 2323 2153 lucet
2351 2112 2534 2152 coram
2562 2098 2898 2163 hominibus,
2930 2107 2984 2152 et
3010 2095 3199 2151 multis
3225 2104 3491 2165 apparent
3515 2095 3753 2149 videnti-

2179 2189 2282 2244 bus
2313 2198 2366 2243 et
2393 2189 2818 2259 intelligentibus
2855 2205 3018 2260 opera
3055 2189 3196 2244 bona
3238 2188 3502 2258 ipsorum,
3534 2197 3593 2242 et
3624 2203 3753 2258 pro-

2179 2293 2364 2353 pterea
2414 2284 2845 2355 gloriﬁcantibus
2876 2284 3092 2340 Patrem
3138 2286 3379 2356 ipsorum
3424 2284 3515 2355 qui
3565 2293 3653 2340 est
3698 2285 3751 2337 in

2178 2374 2351 2429 endis.
2401 2370 2507 2429 Sed
2556 2384 2611 2432 et
2654 2376 2835 2432 dicere
2872 2376 3134 2432 debemus
3177 2376 3242 2431 de
3273 2376 3415 2439 istis,
3449 2384 3503 2431 et
3536 2391 3750 2445 sapere,

2179 2463 2438 2534 quoniam
2473 2464 2654 2520 omnis
2684 2466 2901 2536 quidem
2947 2466 3128 2521 littera
3158 2465 3433 2536 Evangelii
3465 2466 3623 2537 quasi
3660 2465 3749 2518 lit-

2180 2562 2293 2609 tera
2342 2554 2580 2610 vivilicat
2628 2556 3002 2627 evangelicos,
3062 2568 3122 2612 ut
3172 2557 3245 2611 ita
3310 2572 3405 2612 eos
3454 2556 3746 2627 appellem,

2183 2641 2406 2699 Scribas
2432 2660 2446 2696 :
2484 2644 2711 2715 spiritus
2742 2655 2945 2709 autem,
2976 2647 3068 2718 qui
3101 2647 3506 2718 supergreditur
3533 2646 3748 2700 littera—

2179 2751 2299 2790 rum
2333 2743 2608 2801 naturam,
2636 2737 2993 2794 divinioribus
3023 2738 3262 2794 motibus
3292 2739 3461 2809 magis
3488 2752 3585 2793 eos
3615 2737 3749 2791 illu-

2178 2829 2350 2884 minat
2385 2829 2585 2899 quibus
2612 2828 2962 2900 Evangelium
3001 2846 3108 2885 non
3136 2838 3220 2886 est
3250 2831 3484 2886 velatum
3511 2846 3526 2885 :
3562 2828 3749 2885 omnia

2177 2919 2323 2975 enim
2368 2929 2535 2991 agunt
2565 2929 2623 2974 ut
2655 2920 2875 2976 videant
2913 2937 3037 2992 qua
3075 2922 3129 2976 in
3167 2921 3351 2976 anima
3392 2937 3492 2976 sua
3534 2935 3632 2990 per
3666 2934 3749 2973 rc-

2178 3009 2573 3065 surrectionem
2618 3011 2821 3067 Christi
2871 3010 3009 3065 ﬁunt
3059 3011 3336 3083 mysteria.
3391 3009 3748 3066 Prodiﬁcatur

2177 3097 2324 3153 enim
2357 3098 2588 3168 quadam
2623 3098 3035 3168 prodilicatione
3072 3109 3127 3156 et
3167 3099 3259 3171 qui
3297 3099 3473 3155 credit
3503 3097 3745 3167 Scriptu-

2177 3190 2278 3255 ris,
2311 3190 2509 3260 majori
2545 3198 2725 3245 autem
2770 3190 3007 3259 repletur
3043 3191 3268 3247 scientia
3300 3190 3395 3261 qui
3423 3189 3571 3246 videt
3601 3188 3745 3259 quod

2176 3282 2552 3337 consciuditur
2579 3281 2757 3336 velum
2780 3280 3078 3354 Scriptura
3100 3298 3129 3336 a
3158 3298 3373 3339 sursum
3398 3299 3574 3352 usque
3590 3284 3744 3338 deor-

2175 3387 2318 3435 sum,
2359 3380 2413 3426 ct
2450 3371 2600 3426 videt
2641 3386 2764 3442 qua
2806 3382 2935 3428 sunt
2983 3373 3123 3427 intra
3174 3374 3375 3442 ipsum.
3426 3371 3629 3427 Beatus
3666 3382 3745 3425 est

2174 3465 2355 3511 autem
2407 3464 2462 3511 et
2509 3456 2600 3512 cui
2648 3466 2791 3513 terra
2836 3468 2889 3515 et
2938 3460 3121 3514 omnia
3173 3469 3384 3515 terrena
3427 3470 3739 3516 moventur:

2174 3555 2459 3618 propterea
2491 3547 2635 3602 enim
2670 3555 2726 3602 et
2761 3563 2792 3602 a
2822 3548 3043 3603 Christo
3076 3559 3204 3605 sunt
3249 3558 3429 3617 mota;
3480 3566 3585 3606 nec
3633 3567 3744 3604 mo-

2174 3640 2444 3695 vebuutur
2485 3641 2650 3711 pedes
2692 3640 2832 3709 ejus,
2879 3657 2981 3697 nec
3014 3642 3156 3697 dicet
3199 3658 3212 3693 :
3265 3641 3371 3696 Mei
3413 3653 3590 3695 autem
3623 3656 3744 3713 pene

2175 3731 2308 3785 moti
2349 3740 2472 3786 sunt
2501 3732 2657 3801 pedes
2686 3733 2752 3787 ".
2811 3731 3028 3798 Quanto
3066 3741 3246 3787 autem
3294 3733 3506 3789 beatior
3539 3743 3628 3789 cst
3653 3732 3739 3803 qui

2174 3821 2321 3877 videt
2369 3823 2544 3879 oculis
2587 3822 2784 3877 anima
2830 3824 3032 3880 scissas
3075 3833 3278 3895 petras,
3326 3840 3492 3894 quam
3535 3825 3613 3878 illi
3652 3824 3739 3893 qui

2174 3923 2303 3969 tunc
2334 3916 2691 3984 corporaliter
2720 3916 2836 3973 ﬁeri
2872 3917 2972 3972 ista
3002 3916 3292 3972 viderunt?
3322 3915 3378 3970 Si
3411 3926 3591 3971 autem
3622 3916 3741 3987 quis

2172 4007 2362 4064 videns
2414 4016 2469 4062 et
2518 4019 2868 4064 monumenta
2916 4020 3137 4079 aperta,
3189 4018 3244 4064 et
3292 4025 3521 4079 corpora
3569 4010 3737 4064 multa

2171 4098 2556 4153 dormientium
2617 4109 2929 4155 sanctorum
3015 4100 3289 4170 surgentia
3339 4111 3393 4157 et
3437 4102 3504 4156 de
3548 4118 3741 4157 ιιιοιιιι-

2172 4189 2369 4244 mentis
2416 4190 2771 4260 egredientis,
2818 4200 2939 4260 post
2992 4192 3447 4247 resurrectionem
3492 4193 3738 4262 corporis

2171 4276 2397 4344 Christi,
2441 4279 2666 4333 omnino
2690 4279 2903 4334 alienus
2935 4279 3163 4335 cllieitur
3206 4298 3237 4336 a
3268 4283 3656 4344 monumentis,
3689 4289 3740 4334 et

2170 4366 2504 4424 domesticus
2534 4368 2763 4424 eﬂicitur
2790 4368 3025 4425 civitatis
3053 4370 3146 4426 Dei
3194 4370 3471 4439 ingressus
3512 4372 3565 4426 in
3597 4386 3733 4432 eam,

501 4434 811 4543 relinquant
839 4440 1056 4509 quidem
1081 4454 1456 4511 monumenta,
1483 4447 1855 4518 ingrediantur
1883 4462 2062 4508 autem
2104 4485 2149 4543 Ι)
2175 4466 2380 4527 quanto
2410 4460 2582 4530 magis
2612 4458 3020 4530 proditicabitur
3069 4434 3301 4531 amplius
3331 4461 3400 4518 iis
3426 4462 3518 4531 qui
3547 4477 3738 4530 corpo-

499 4526 555 4580 iu
582 4527 851 4585 civitatem
875 4541 1144 4599 sanetam,
1171 4545 1225 4590 et
1253 4548 1549 4606 appareant
1576 4549 1632 4595 et
1653 4542 2070 4600 manilestentur

502 4619 686 4676 multis
712 4622 1018 4679 volentibus
1048 4635 1103 4680 et
1131 4628 1444 4695 potentibus
1501 4641 1751 4689 sanctam
1785 4635 2058 4691 civitatem

506 4711 595 4767 Dei
622 4713 839 4781 videre,
872 4724 928 4772 et
955 4733 1076 4787 qua
1120 4718 1176 4774 in
1209 4735 1271 4775 ea
1304 4710 1626 4781 resuscitata
1666 4738 1794 4783 sunt
1835 4744 2065 4800 corpora

504 4810 842 4862 sanctorum.
907 4804 1255 4864 Monumenta
1319 4811 1465 4865 enim
1528 4814 1785 4871 dicuntur
1835 4832 2067 4887 corpora

508 4891 871 4957 peccatricum
925 4896 1231 4951 animarum
1258 4938 1273 4962 ,
1321 4898 1375 4952 id
1418 4908 1503 4954 est
1546 4913 1886 4958 mortuarum
1933 4904 2066 4961 Deo.

498 4978 636 5032 Cum
668 4987 848 5034 autem
876 4996 971 5050 per
995 4984 1220 5052 gratiam
1256 4984 1349 5040 Dei
1378 4987 1575 5042 anima
1605 4989 1918 5060 hujusmodi
1953 4992 2068 5047 lue-

502 5068 611 5124 riut
651 5069 929 5126 suscitata
965 5073 1032 5127 ad
1073 5073 1231 5129 ﬁdem
1272 5093 1501 5145 corpora
1550 5093 1735 5134 earum
1784 5094 1906 5149 qua
1956 5081 2072 5138 fuc-

503 5169 626 5224 rant
648 5162 801 5232 prius
833 5177 1185 5221 monumenta
1227 5178 1565 5227 mortuarum
1608 5174 1938 5239 animarum,
1966 5174 2072 5231 elli-

506 5251 728 5308 ciuntur
758 5269 989 5325 corpora
1019 5269 1365 5325 sanctarum,
1405 5269 1461 5316 et
1518 5262 1771 5318 videntur
1812 5280 1843 5319 a
1875 5267 2069 5337 seipsis

499 5344 649 5399 exire
694 5360 819 5400 cum
863 5347 1127 5403 desierint
1170 5365 1293 5405 esse
1339 5363 1688 5407 monumenta
1729 5364 2067 5413 mortuarum

500 5432 843 5505 animarum,
897 5446 953 5493 οι
990 5449 1256 5509 οωιιυνιιιι
1293 5456 1522 5512 corpora
1563 5458 1684 5500 esse
1720 5458 2059 5506 sanctarum.

573 5664 614 5693 ¹⁶
644 5663 774 5734 Agg.
812 5683 870 5726 tt,
901 5665 949 5718 7.

498 5744 643 5786 usu
668 5771 682 5799 ,
709 5734 763 5791 2.

1049 5667 1089 5697 "
1120 5667 1311 5722 Matth.
1369 5685 1479 5735 va,
1514 5671 1599 5725 18.

841 5738 885 5767 "
918 5734 1108 5792 Matth.
1142 5754 1322 5804 xxvn,
1361 5741 1449 5795 54.
1525 5742 1569 5772 ⁸³
1593 5741 1757 5800 Marc.
1780 5734 1866 5811 εἰν,
1888 5750 1976 5805 59.

1681 5674 1721 5703 ¹⁸
1754 5672 1949 5743 Ephcs.
1986 5693 2041 5743 ιι,
2070 5678 2158 5734 ‘20.
2238 5680 2279 5711 "
2304 5678 2461 5737 Joau.
2489 5699 2541 5749 v,
2569 5682 2638 5737 28
2667 5693 2717 5738 et
2744 5683 2834 5740 25.

2177 4551 2361 4606 raliter
2407 4552 2800 4621 prodigiaista
2848 4553 3135 4607 viderunt?
3187 4553 3332 4609 Satis
3382 4563 3559 4608 autem
3613 4560 3736 4623 puto

2173 4644 2376 4699 distare
2408 4644 2553 4700 hunc
2589 4647 2683 4714 qui
2717 4647 3022 4717 ingreditur
3069 4646 3123 4700 in
3166 4646 3438 4701 civitatem
3471 4658 3733 4706 sanctam,

2166 4744 2221 4790 et
2246 4745 2470 4804 apparet
2503 4736 2689 4791 multis
2714 4738 2843 4807 quia
2871 4746 2955 4793 est
2997 4737 3051 4792 in
3080 4740 3166 4800 ea',
3196 4737 3267 4791 ab
3301 4737 3394 4792 illo
3423 4738 3515 4807 qui
3546 4753 3733 4791 secun-

2167 4825 2297 4880 dum
2346 4825 2629 4880 historiam
2667 4828 2841 4882 credit
2881 4837 3074 4883 etnon
3117 4830 3361 4885 ascendit
3403 4846 3433 4884 a
3462 4829 3564 4884 tide
3606 4831 3731 4885 sim-

2171 4916 2294 4985 plici
2334 4917 2398 4969 ad
2431 4916 2623 4972 altiora
2659 4919 2938 4988 mysteria.

2244 5005 2364 5059 HO.
2408 5006 2656 5061 Contraria
2690 5021 2888 5076 autem,
2923 5021 2973 5064 et
2999 5013 3089 5080 qui
3121 5027 3240 5065 cum
3278 5028 3338 5065 eo
3369 5023 3520 5067 erant
3564 5020 3730 5065 custo-

2168 5094 2365 5148 dientes
2389 5093 2597 5161 Jesuut,
2634 5098 2744 5151 viso
2787 5107 2941 5153 terra:
2979 5109 3154 5164 motu,
3191 5112 3239 5154 et
3266 5101 3347 5155 his
3375 5118 3491 5171 quae
3518 5101 3729 5169 ﬁebant.

2171 5186 2456 5239 timuerunt
2512 5187 2681 5252 valde,
2731 5190 2960 5245 dicentes
3005 5207 3024 5244 :
3079 5189 3207 5245 Vere
3254 5191 3428 5246 Filius
3473 5192 3568 5245 Dei
3621 5198 3730 5244 erat

2168 5275 2266 5328 iste
2291 5276 2357 5328 ³².
2390 5275 2605 5332 Marcus
2637 5277 2682 5310 ”
2712 5288 2892 5334 autem
2936 5280 3016 5335 sic
3059 5281 3289 5336 scribit:
3326 5281 3515 5335 Videas
3551 5290 3729 5333 centu-

2169 5368 2248 5420 rio
2299 5367 2388 5430 qui
2455 5368 2666 5423 astabat
2713 5369 2785 5423 ibi
2833 5373 3081 5440 quoniam
3134 5372 3369 5426 clamans
3424 5372 3727 5441 exspiravit,

2166 5453 2302 5507 dixit
2329 5470 2348 5508 :
2396 5453 2519 5510 Vere
2565 5457 2649 5510 hic
2684 5458 2836 5514 homo
2877 5455 3052 5514 Filius
3097 5471 3210 5514 erat
3254 5461 3370 5517 Dei.
3409 5461 3583 5517 Lucas
3632 5476 3725 5514 au-

2929 5685 2972 5717 "
3002 5683 3199 5753 Philip.
3231 5698 3312 5745 Ill,
3342 5680 3431 5736 20.
3506 5683 3545 5714 ²¹
3579 5679 3717 5735 Psal.
