4052 6304
410 349 438 405 1
452 351 558 405 793

1540 339 2191 398 COMMENTARIORUM
2234 340 2496 396 SERIES.

3528 345 3667 402 i796

408 473 529 518 tem
561 461 607 493 “
633 480 645 516 :
693 459 882 515 Vident
918 459 1145 515 centurio
1167 467 1283 527 qum
1314 450 1465 520 facta
1503 466 1646 519 sinit,
1676 455 1991 526 glori/ienuit
2024 459 2068 515 Α
2099 453 2205 508 tius
2239 455 2479 523 pendens
2510 454 2564 507 in
2609 467 2771 509 cruce
2805 455 3040 525 amplius
3072 457 3410 514 cruciaretur
3430 501 3444 522 .
3490 480 3666 536 neque

417 554 612 616 Deum,
643 555 821 607 dicens
852 566 871 604 :
909 550 1034 605 Vere
1070 551 1152 602 hic
1195 548 1351 601 homo
1385 547 1568 616 justus
1611 557 1744 601 erat.
1786 544 1994 600 Secun-

410 646 551 700 dum
600 644 840 699 Marcum
886 642 1129 712 quidem,
1181 641 1452 705 centurio,
1502 654 1609 693 non
1659 640 1785 708 quia
1815 637 1993 691 velmu

413 737 607 805 templi
639 736 815 790 fuerat
847 733 1080 789 scissum
1126 746 1157 786 a
1204 745 1427 786 sursum
1487 745 1660 798 usque
1713 730 1990 789 deorsum,

416 841 525 881 nec
566 825 693 894 quia
745 824 852 879 alia
909 823 1049 878 facta
1102 831 1231 878 sunt
1273 820 1449 891 signa,
1500 820 1798 875 secundum
1848 818 1991 888 quod

419 913 593 966 refert
642 912 949 979 Mattlueus,
1006 912 1058 966 id
1110 920 1196 966 est
1241 911 1370 980 quia
1426 918 1569 963 mota
1617 917 1703 963 est
1748 918 1914 971 terra,
1942 919 1996 960 et

414 1001 551 1070 quia
600 1011 763 1069 petra:
803 1010 933 1055 sunt
980 1000 1189 1062 seissm,
1247 1007 1342 1053 aut
1391 1007 1574 1067 aperta
1625 1007 1751 1053 sunt
1801 1013 1995 1051 monu—

417 1100 625 1154 menta,
654 1103 735 1146 est
763 1091 1061 1146 admirans.
1118 1089 1350 1160 Dignum
1382 1099 1468 1145 est
1491 1103 1622 1160 ergo
1657 1089 1839 1143 videre
1864 1089 1994 1158 quid

416 1192 610 1252 postea
661 1182 861 1237 factum
904 1192 986 1236 est
1034 1198 1198 1252 super
1248 1181 1377 1235 illud
1409 1181 1552 1250 quod
1600 1181 1865 1249 scriptum
1912 1189 1996 1234 cst

416 1277 563 1344 apud
601 1274 864 1340 Marcum,
897 1284 954 1328 ut
988 1274 1281 1327 miraretur
1313 1271 1562 1326 centurio
1589 1271 1815 1326 dicens:
1868 1269 1996 1324 Vere

417 1369 507 1423 hic
538 1368 709 1422 Filius
750 1376 864 1420 erat
894 1366 1009 1420 Dei.
1056 1363 1123 1419 Et
1154 1365 1276 1418 vide
1306 1367 1351 1419 si
1384 1364 1563 1419 dicere
1592 1379 1886 1433 possumus
1917 1378 1998 1419 se-

417 1462 662 1515 cundum
699 1475 868 1513 unum
903 1458 1121 1529 quidem
1177 1455 1425 1521 modum,
1461 1456 1721 1526 quoniam
1767 1456 1996 1509 miratus

416 1561 505 1606 cst
538 1552 590 1604 in
624 1552 705 1605 his
735 1565 857 1619 qua:
898 1549 1038 1604 dicta
1089 1547 1304 1604 fuerant
1350 1547 1419 1601 ab
1462 1561 1529 1600 eo
1562 1547 1628 1601 ad
1658 1545 1824 1600 Deum
1869 1560 1994 1600 cum

418 1642 661 1696 clamore
705 1651 758 1695 et
795 1638 1168 1710 magnitudine
1207 1651 1490 1701 sensuum,
1520 1636 1819 1691 secundum
1851 1635 1994 1705 quod

419 1732 671 1802 capiebat
718 1730 1040 1800 intelligere,
1095 1727 1383 1796 suspicans
1430 1726 1733 1781 admiratus
1782 1736 1884 1793 est,
1941 1737 1993 1781 et

418 1822 595 1876 dixit:
645 1820 773 1876 Vere
819 1821 904 1874 hic
944 1821 1099 1873 homo
1144 1827 1257 1872 erat
1295 1815 1473 1870 Filius
1513 1816 1625 1870 Dei.
1683 1816 1994 1872 Secundum

418 1913 651 1966 alterum
714 1920 893 1966 autem
949 1909 1194 1973 modum,
1242 1906 1499 1977 quoniam
1552 1906 1691 1961 forte
1739 1917 1997 1976 prazstare

421 2003 612 2058 volens
639 2003 844 2057 Pilatus
875 2001 1076 2072 populo
1106 1999 1367 2055 universo
1395 1998 1488 2069 qui
1525 1998 1741 2052 dixerat
1766 2016 1779 2052 :
1809 1997 1997 2052 Cruci-

426 2096 553 2165 ﬁge,
589 2095 837 2166 cruciﬁge
859 2110 978 2149 eum
1002 2094 1070 2160 ³⁸,
1101 2092 1367 2147 cttimens
1392 2092 1575 2162 populi
1604 2091 1770 2147 totius
1794 2093 1997 2146 tumul-

423 2198 562 2251 tum,
598 2202 703 2240 non
739 2185 924 2255 jussit,
962 2184 1263 2238 secundum
1307 2184 1758 2239 consuetudinem
1790 2182 1997 2239 Roma--

423 2292 619 2331 norum
661 2277 727 2331 de
771 2276 857 2331 his
895 2275 988 2344 qui
1035 2274 1451 2346 cruciﬁguutur,
1483 2275 1691 2345 percuti
1746 2274 1849 2328 sub
1881 2274 1996 2329 alas

421 2367 673 2437 corporis
719 2365 847 2420 Jesu
876 2385 888 2421 :
921 2366 1067 2437 quod
1123 2365 1330 2421 faciunt
1378 2365 1673 2435 aliquando
1719 2364 1812 2434 qui
1866 2379 1997 2419 con-

422 2457 681 2511 demnant
719 2472 813 2511 eos
844 2457 935 2526 qui
971 2457 1023 2510 in
1069 2455 1366 2523 majoribus
1411 2454 1707 2510 sceleribus
1746 2461 1874 2508 sunt
1910 2453 1993 2507 in-

425 2548 593 2602 venti.
626 2547 892 2615 Quoniam
936 2562 1069 2618 ergo
1095 2547 1357 2617 majorem
1389 2546 1661 2602 sustinent
1692 2546 1995 2601 cruciatum

424 2640 518 2709 qui
573 2655 679 2694 ιιοιι
726 2639 1102 2709 percutiuntur
1147 2645 1271 2707 post
1318 2635 1609 2703 ﬁxionem,
1662 2635 1758 2692 sed
1811 2637 1998 2692 vivunt

425 2745 550 2784 cum
603 2730 840 2799 plurimo
888 2729 1157 2796 cruciatu,
1210 2729 1506 2799 aliquando
1555 2739 1736 2785 autem
1783 2738 1838 2784 et
1884 2737 1999 2785 tota

425 2827 604 2883 nocte,
633 2827 688 2873 et
716 2819 895 2874 adhuc
922 2826 1043 2888 post
1070 2833 1188 2874 eam
1230 2827 1340 2874 tota
1374 2818 1481 2874 die.
1514 2817 1676 2875 Jesus
1714 2834 1843 2891 ergo
1871 2832 1994 2873 cum

425 2924 532 2963 non
565 2907 758 2964 fuisset
785 2924 1098 2979 percussus,
1126 2917 1181 2964 et
1208 2918 1521 2979 speraretur
1544 2910 1637 2965 diu
1668 2909 1910 2979 pendens
1941 2908 1996 2963 in

425 3015 589 3053 cruce
643 2999 850 3069 majora
897 2998 1007 3070 pati
1069 3007 1362 3062 tormenta,
1415 3000 1594 3055 oravit
1646 2997 1886 3064 Patrem,
1943 3007 2000 3055 et

2098 544 2436 607 interfectus,
2470 559 2647 615 neque
2673 545 3000 615 depositus?
3027 547 3231 603 Tamen
3269 560 3446 605 centu.
3465 553 3540 620 io,
3577 572 3665 611 se-

2094 636 2332 691 cundum
2362 635 2700 701 Matthteum,
2727 651 2833 690 non
2860 645 3068 692 tantum
3094 637 3231 693 dixit
3257 640 3325 694 de
3343 640 3471 698 Jcsu
3496 663 3508 697 :
3542 643 3669 700 Vere

2097 727 2274 783 Filius
2314 727 2412 782 Dei
2438 737 2557 783 erat
2590 728 2711 794 iste,
2744 728 2837 784 sed
2866 739 2920 784 et
2949 730 3128 784 timuit
3152 744 3302 794 eum,
3331 741 3488 787 terrae
3519 747 3670 791 motu

2095 835 2221 875 eum
2249 819 2303 874 in
2331 818 2581 874 timorem
2616 819 2882 875 mittente.
2921 820 3171 876 Forsitan
3207 830 3388 878 autem
3429 836 3480 879 et
3509 843 3672 896 expc-

2096 910 2329 965 rimento
2362 909 2567 965 sciebat
2598 926 2765 981 super
2800 919 2957 966 terrm
2998 922 3177 968 motus
3208 914 3301 983 qui
3334 914 3386 968 in
3422 918 3673 985 gentibus

2096 1003 2252 1067 fiunt,
2286 1017 2412 1057 eum
2465 1011 2620 1057 terrae
2653 1012 2859 1057 motum
2910 1003 3113 1067 fuisse,
3160 1013 3215 1059 et
3248 1006 3300 1059 in
3338 1008 3439 1062 hoc
3466 1011 3676 1080 stupuit

2096 1094 2305 1148 videns.
2332 1092 2398 1146 Et
2423 1093 2652 1149 observa
2677 1096 2935 1164 quon'am
2967 1097 3108 1165 apud
3141 1095 3401 1163 Marcum,
3429 1098 3518 1152 ubi
3546 1114 3676 1153 cen-

2097 1186 2241 1241 turio
2275 1185 2483 1240 nullum
2515 1185 2838 1240 miraculum
2876 1188 3075 1241 vidisse
3109 1187 3362 1252 refertur,
3398 1189 3673 1245 hominem

2095 1274 2425 1331 dicitJesum
2449 1273 2645 1329 Filium
2676 1274 2798 1330 Dei:
2822 1277 2914 1347 qui
2939 1287 3119 1332 autem
3145 1279 3521 1335 conscissione
3546 1281 3670 1346 veli,

2097 1367 2177 1422 vel
2205 1381 2235 1421 a
2267 1376 2425 1420 terrae
2448 1377 2596 1422 motu
2625 1368 2853 1437 stupuit,
2877 1368 3154 1422 hominem
3191 1369 3338 1423 illum
3370 1369 3539 1425 fuisse
3562 1386 3671 1426 non

2095 1456 2262 1522 dicit,
2319 1458 2412 1512 sed
2460 1456 2655 1511 Filium
2709 1457 2822 1512 Dei.
2868 1457 3149 1513 Consentit
3198 1469 3377 1515 autem
3420 1460 3580 1516 nobis
3605 1462 3672 1516 ad

2099 1555 2388 1601 tractatum
2425 1562 2586 1616 quem
2623 1547 2850 1601 fecimus
2885 1548 2951 1602 de
2982 1547 3259 1618 Scriptura
3295 1550 3482 1614 Marci,
3508 1551 3673 1607 etiam

2096 1654 2278 1693 sermo
2319 1638 2739 1707 conscriptionis
2797 1637 2987 1702 Luem,
3035 1639 3293 1708 quoaiam
3341 1649 3394 1693 et
3442 1641 3557 1711 ipse
3589 1642 3672 1697 sic

2098 1730 2286 1785 scribit
2311 1730 2396 1782 '7:
2441 1726 2570 1783 Vere
2605 1730 2690 1783 hic
2721 1730 2873 1782 homo
2908 1729 3089 1798 justus
3130 1740 3282 1794 erat;
3332 1731 3472 1801 apud
3514 1748 3674 1804 quem

2101 1822 2237 1875 nihil
2265 1820 2408 1875 aliud
2436 1821 2663 1886 dicitur,
2696 1820 2799 1875 nisi
2825 1820 2890 1874 de
2918 1820 3059 1874 velo.
3100 1819 3315 1885 Vident,
3339 1822 3532 1892 inquit,
3559 1839 3677 1894 qua:

2098 1912 2242 1981 facta
2267 1922 2409 1978 sunt,
2446 1912 2684 1965 centurio
2713 1910 3030 1980 gloriﬁcavit
3067 1910 3254 1969 Deum.
3283 1912 3461 1967 dicens
3481 1927 3501 1966 :
3547 1911 3677 1967 Vere

2087 2007 2268 2076 justus
2295 2015 2407 2060 erat
2440 2004 2526 2059 hic
2567 2004 2740 2057 homo.
2779 2002 3049 2069 Quoniam
3083 2013 3263 2058 autent
3313 2004 3422 2059 ta'le
3468 2003 3678 2074 aliquid

2099 2097 2302 2152 factum
2347 2105 2432 2151 est
2469 2096 2522 2150 in
2552 2105 2797 2164 tempore
2830 2094 3306 2150 condemuationis
3338 2094 3579 2160 Christi,
3624 2105 3679 2149 et

2104 2203 2210 2242 non
2242 2187 2411 2258 jussit
2438 2184 2651 2241 Pilatus
2678 2185 3126 2240 consuetudinem
3152 2200 3370 2240 scrvare
3394 2192 3455 2240 ut
3482 2200 3680 2255 percu-

2100 2277 2269 2333 tiatur
2297 2292 2496 2345 corpus
2526 2274 2751 2338 Christi,
2782 2272 3095 2329 manifestat
3120 2275 3282 2328 etiam
3309 2271 3549 2328 Joannes
3575 2274 3677 2328 hoc

2098 2368 2262 2421 modo
2314 2367 2597 2428 scribens,
2649 2368 2907 2436 quoniam
2963 2374 3275 2436 rogaverunt
3331 2364 3569 2421 Pilatum
3619 2374 3677 2418 ut

2099 2456 2474 2527 frangerentur
2500 2472 2657 2510 crura
2684 2473 2866 2511 eorum
2896 2466 2946 2511 et
2977 2455 3290 2509 tollerentur
3313 2454 3379 2507 ⁸⁸.
3411 2452 3550 2520 Quid
3581 2470 3672 2508 au-

2100 2556 2207 2602 tent
2240 2547 2610 2602 necessarium
2645 2546 2821 2602 fuerat
2846 2562 3041 2618 rogare
3069 2555 3123 2602 et
3157 2560 3345 2617 preces
3391 2545 3584 2601 oﬂ'erre
3610 2546 3678 2600 de

2097 2640 2204 2695 hoc
2228 2680 2242 2705 ,
2277 2639 2321 2694 si
2352 2639 2652 2693 secundum
2684 2637 3133 2693 consuetudinem
3184 2635 3388 2691 factum
3430 2635 3625 2691 luisset
3655 2636 3678 2688 ?

2098 2731 2301 2786 Miserti
2329 2740 2458 2785 sunt
2476 2743 2609 2800 ergo
2625 2727 2794 2784 Judtei
2816 2740 2937 2798 post
2958 2728 3231 2784 crudelem
3253 2728 3637 2783 condemnatio
3655 2756 3671 2768 -

2099 2839 2222 2879 nem
2240 2839 2452 2889 eorum,
2479 2822 2573 2893 qui
2603 2830 2869 2893 quantum
2893 2821 2961 2877 ad
2987 2822 3446 2879 existimationem
3477 2838 3671 2879 eorum

2098 2916 2353 2971 vivebant
2402 2914 2456 2968 in
2501 2913 2746 2969 cruciatu
2789 2912 3037 2969 terribili.
3088 2912 3153 2969 Et
3205 2914 3403 2984 prioris
3450 2913 3671 2986 quidem

2099 3023 2261 3065 crura
2294 3006 2592 3076 fregerunt,
2630 3005 2885 3061 similiter
2916 3014 2972 3060 et
3003 3004 3224 3061 secundi
3254 3023 3269 3062 :
3299 3004 3459 3061 Jesus
3491 3016 3674 3061 autem

423 3089 713 3144 exauditus
761 3098 865 3155 est,
915 3098 970 3144 et
1014 3088 1198 3144 statim
1243 3098 1303 3145 ut
1350 3089 1606 3145 clamavit
1658 3091 1725 3144 ad
1755 3089 1995 3155 Patrem,
2024 3112 2066 3170 ο
2101 3115 2208 3155 non
2253 3113 2393 3168 opus
2428 3096 2619 3152 habuit
2664 3095 3153 3152 intercessionibus
3199 3111 3389 3152 eorum
3433 3105 3529 3152 aut
3555 3112 3665 3167 pre

428 3185 674 3244 receptus
719 3185 805 3231 est
852 3193 865 3231 :
918 3183 1014 3231 aut
1056 3176 1201 3232 sicut
1247 3177 1341 3248 qui
1386 3186 1708 3248 potestatem
1760 3179 1995 3236 habebat

427 3270 660 3342 ponendi
700 3271 937 3325 animam
971 3286 1150 3339 suam,
1197 3271 1381 3343 posuit
1422 3287 1542 3328 eam
1574 3272 1796 3345 quando
1826 3272 1998 3328 voluit

412 3358 572 3437 ipse;
607 3368 750 3438 quod
788 3368 1099 3438 prodigium
1140 3370 1347 3439 stupuit
1386 3370 1636 3423 centurio
1675 3368 1903 3429 factum,
1941 3378 1997 3422 ct

424 3456 560 3511 dixit
595 3475 609 3511 :
651 3455 776 3510 Vere
816 3457 901 3511 hic
937 3456 1091 3510 homo
1120 3456 1297 3511 Filius
1346 3467 1460 3511 erat
1512 3458 1623 3511 Dei.
1668 3456 1992 3512 Miraculum

424 3548 568 3600 enim
614 3556 731 3601 erat
771 3548 1031 3616 quoniam
1074 3557 1199 3616 post
1244 3555 1353 3600 tres
1401 3548 1563 3601 horas
1610 3555 1858 3617 receptus
1889 3556 1994 3609 est,

423 3637 514 3706 qui
553 3634 691 3690 forte
721 3637 945 3692 biduum
979 3637 1224 3692 victurus
1255 3644 1374 3691 erat
1413 3637 1466 3691 iu
1499 3652 1662 3691 cruce
1693 3638 1994 3693 secundum

425 3729 872 3784 consuetudinem
920 3744 1110 3784 eorum
1150 3728 1245 3799 qui
1295 3729 1702 3798 suspenduntur
1753 3727 1993 3798 quidem,

427 3835 533 3876 non
577 3829 756 3875 autem
802 3820 1229 3891 percutiuntur:
1269 3825 1327 3873 ut
1353 3817 1626 3873 videretur
1670 3816 1993 3873 beneﬁcium

427 3911 519 3966 Dei
562 3910 732 3967 fuisse
776 3912 922 3982 quod
966 3910 1282 3981 exspiravit,
1329 3918 1384 3965 et
1427 3908 1678 3963 meritum
1729 3907 1996 3962 orationis

422 4002 541 4071 ejus
568 4002 739 4073 magis
770 4016 934 4072 quam
968 4001 1221 4055 violentia
1254 3999 1456 4055 crucis.
1487 3997 1620 4053 Illud
1653 3998 1816 4053 etiam
1848 3998 1994 4068 quod

426 4094 480 4147 in
535 4093 891 4163 sequentibus
939 4092 1165 4163 exponit
1212 4091 1452 4156 Marcus,
1504 4105 1628 4145 cum
1656 4088 1855 4159 Ioseph
1907 4088 1994 4143 in-

426 4195 624 4241 trasset
660 4184 725 4240 ad
764 4184 1025 4251 Pilatum,
1072 4193 1128 4240 et
1170 4184 1415 4254 petiisset
1461 4196 1661 4251 corpus
1689 4180 1839 4247 Jesn,
1893 4180 1996 4236 hoc

425 4278 601 4346 ipsum
645 4277 935 4346 signiﬁcat.
984 4275 1075 4331 Sic
1116 4276 1264 4331 enim
1304 4274 1457 4341 dicit,
1498 4276 1756 4343 quoniam
1789 4270 1995 4327 Pilatus

426 4367 654 4421 miratus
686 4375 770 4421 est
795 4365 842 4421 si
875 4365 989 4435 jam
1019 4374 1268 4420 mortuus
1291 4370 1458 4426 esset,
1491 4370 1543 4416 et
1573 4376 1776 4416 vocans
1805 4369 1996 4416 centu-

2098 3191 2255 3246 cibus
2285 3202 2424 3259 quas
2452 3186 2769 3243 obtulerunt
2791 3184 2965 3241 Pilato
2994 3203 3008 3241 :
3037 3197 3257 3256 propter
3284 3186 3430 3257 quod
3456 3187 3672 3241 venien-

2098 3289 2181 3337 tes
2210 3280 2277 3334 ad
2317 3277 2504 3334 Jesum
2526 3317 2542 3345 ,
2573 3276 2834 3348 quoniam
2865 3278 2979 3346 jam
3023 3286 3273 3332 mortuus
3315 3285 3469 3343 erat,
3516 3291 3676 3333 crura

2101 3370 2224 3441 ejus
2264 3385 2372 3425 non
2405 3369 2702 3441 fregerunt.
2741 3365 2852 3423 Aut
2881 3366 3019 3424 forte
3051 3382 3157 3422 non
3194 3376 3412 3438 propter
3460 3367 3678 3423 miseri-

2097 3463 2338 3517 cordiam
2368 3461 2474 3515 hoc
2507 3458 2754 3514 fecerunt
2777 3456 2983 3524 Judaei,
3019 3457 3112 3512 sed
3143 3456 3513 3527 principaliter
3541 3471 3673 3528 pro-

2097 3560 2217 3621 pter
2265 3550 2599 3613 Sabbatum,
2654 3557 2715 3603 ut
2762 3563 2869 3602 non
2916 3556 3173 3602 maneant
3218 3564 3447 3618 corpora
3501 3564 3666 3619 super

2096 3653 2314 3696 crucem
2360 3638 2414 3692 in
2461 3637 2718 3693 Sabbato.
2769 3636 2899 3691 Erat
2939 3637 3084 3691 enim
3138 3652 3368 3706 magnus
3416 3637 3533 3692 dies
3580 3638 3671 3693 ille

2100 3729 2347 3786 Sabbati.
2381 3727 2508 3783 Hanc
2529 3726 2887 3783 tractavimus
2920 3733 3205 3795 propterea
3228 3725 3374 3794 quod
3406 3727 3669 3795 scriptum

2095 3827 2199 3883 est,
2231 3817 2375 3887 quod
2408 3816 2666 3883 centurio,
2698 3825 2750 3869 et
2771 3815 2861 3885 qui
2898 3829 3016 3868 cum
3051 3830 3110 3868 eo
3148 3812 3425 3867 servabant
3454 3811 3636 3868 letum
3659 3856 3675 3879 ,

2095 3917 2149 3963 et
2172 3917 2387 3967 uetera,
2419 3906 2649 3960 videntes
2681 3917 2836 3960 terrae
2865 3914 3065 3958 malum
3084 3945 3099 3968 ,
3142 3914 3192 3959 et
3228 3920 3548 3976 quascunque
3582 3906 3676 3975 ﬁe-

2097 4000 2218 4053 bam:
2239 4037 2254 4059 ,
2306 3998 2613 4050 timuerunt.
2642 3993 2947 4051 Verisimile
2973 4003 3058 4049 est
3082 3994 3227 4064 quod
3258 3993 3511 4049 viderunt
3537 4011 3675 4065 quo.

2096 4090 2261 4145 modo
2285 4089 2464 4143 velum
2494 4088 2678 4157 templi
2700 4095 2820 4142 erat
2837 4083 3180 4141 conscissum
3201 4098 3375 4154 usque
3389 4083 3672 4148 deorsum.

2096 4192 2149 4237 et
2183 4189 2379 4235 caetera
2413 4178 2729 4250 mysterium
2761 4175 3103 4233 ostendentia
3136 4188 3328 4231 eorum
3355 4189 3479 4245 quae
3510 4189 3674 4245 supra

2099 4268 2453 4330 tradidimus,
2481 4276 2535 4322 et
2560 4267 2861 4321 timuerunt
2885 4263 3076 4320 valde:
3104 4263 3208 4319 hoc
3230 4263 3374 4319 enim
3405 4262 3678 4334 signiﬁcat

2097 4358 2244 4429 quod
2265 4356 2483 4422 dicitur,
2506 4354 2676 4409 valde.
2697 4351 2831 4408 Vide
2858 4361 3038 4407 autem
3065 4368 3133 4408 ne
3149 4351 3289 4407 [orte
3331 4361 3386 4407 et
3412 4351 3669 4407 moralem

425 4458 634 4512 rionem
672 4457 1028 4526 interrogavit
1059 4472 1185 4511 eum
1228 4457 1273 4511 si
1301 4455 1413 4525 jam
1452 4461 1696 4507 mortuus
1727 4461 1905 4518 esset;
1940 4462 1995 4508 et
2027 4438 2068 4493 ί)
2098 4445 2494 4518 expositionem
2538 4442 2765 4513 suscipit
2812 4456 2994 4497 sermo
3025 4441 3130 4497 hoc
3164 4440 3369 4496 modo:
3413 4441 3670 4510 quoniam

427 4562 550 4601 cum
590 4548 833 4603 audisset
876 4564 907 4602 a
953 4547 1311 4609 centurione,
1356 4544 1581 4601 donavit
1630 4558 1830 4613 corpus
1874 4543 1995 4613 ejus

422 4637 647 4708 Juseph.
702 4639 757 4693 Si
812 4638 956 4693 enim
1006 4638 1345 4695 consuetudo
1388 4651 1510 4707 qua:
1551 4635 1692 4706 apud
1726 4634 1996 4690 Romanos

427 4728 601 4784 fuerat
659 4729 727 4785 de
782 4729 1057 4785 crucifixis
1102 4739 1265 4800 atque
1319 4727 1627 4798 percussis,
1685 4726 1740 4780 in
1780 4724 1997 4781 Christo

426 4831 637 4875 servata
672 4818 893 4889 fuisset,
920 4820 1196 4891 quomodo
1235 4819 1464 4875 miratus
1493 4818 1686 4874 fuisset
1711 4816 1916 4872 Pilatus
1947 4816 1992 4871 si

420 4911 534 4982 jam
578 4921 826 4966 mortuus
865 4912 994 4967 est?
1051 4910 1187 4965 Vide
1232 4924 1363 4981 ergo
1395 4909 1499 4964 nisi
1532 4923 1733 4963 novum
1768 4906 1995 4962 demon-

427 5010 565 5056 strat
618 5000 941 5056 miraculum
982 5001 1126 5071 quod
1159 5001 1270 5070 jam
1302 5008 1554 5055 mortuus
1597 5006 1737 5064 erat,
1767 4996 1993 5066 etquod

426 5092 641 5147 vocavit
664 5091 1038 5146 centurionem
1070 5088 1300 5156 Pilatus,
1338 5096 1394 5143 et
1424 5086 1784 5157 interrogavit
1815 5087 1860 5140 si
1880 5084 1992 5154 jam

430 5195 679 5239 mortuus
707 5192 809 5239 est.
860 5181 991 5237 Vide
1037 5189 1219 5236 autem
1271 5179 1378 5234 nisi
1431 5177 1749 5249 hujusmodi
1789 5176 1998 5232 crucia-

430 5286 542 5330 tum
576 5276 743 5332 fuisse
764 5274 966 5331 Christi
989 5275 1152 5329 etiam
1177 5266 1460 5326 Matthaeus
1492 5268 1749 5335 ostendit,
1774 5266 1994 5322 dicens:

427 5368 594 5439 929
639 5367 891 5423 Centurio
942 5377 992 5421 et
1046 5367 1134 5437 qui
1188 5381 1307 5419 cum
1355 5380 1416 5417 eo
1467 5372 1659 5427 erant,
1718 5357 1996 5413 servabant

438 5459 611 5513 Iesum
638 5462 704 5516 ’⁸.
736 5460 916 5529 Quare
952 5470 1132 5516 autem
1167 5473 1290 5513 eum
1319 5453 1628 5519 servabant,
1657 5452 1759 5507 nisi
1791 5460 1849 5506 ut
1871 5451 1995 5505 diu-

431 5719 630 5776 “l.uc.
653 5720 966 5783 manu.“
1001 5723 1107 5777 ibid
1139 5721 1229 5775 2|.
1309 5721 1355 5752 "
1385 5717 1573 5773 Matth.
1609 5730 1780 5779 xxvn,
1817 5713 1904 5767 54.

2100 4544 2228 4592 sunt
2269 4534 2491 4605 quidam
2531 4534 2625 4604 qui
2657 4531 2963 4601 suscipiunt
2993 4529 3269 4585 Christum
3316 4538 3372 4585 et
3412 4538 3668 4586 servant:

2102 4627 2261 4700 quasi
2294 4624 2515 4697 quando
2553 4623 2788 4679 viderint
2823 4620 3125 4678 secundum
3167 4620 3314 4691 quod
3349 4620 3673 4676 tradidimus

2103 4722 2282 4778 velum
2314 4717 2488 4775 scindi
2510 4757 2524 4783 ,
2558 4725 2613 4772 et
2642 4724 2827 4787 petras
2869 4714 3012 4771 sicut
3047 4712 3402 4783 exposuimus
3434 4712 3582 4775 ﬁndi,
3619 4722 3674 4768 et

2108 4821 2464 4868 monumenta
2511 4809 2812 4863 secundum
2848 4803 3001 4877 quod
3031 4802 3386 4873 exposuimus
3432 4803 3668 4872 aperiri,

2096 4914 2153 4962 et
2181 4916 2413 4974 corpora
2445 4906 2785 4955 mortuorum
2816 4904 3130 4952 sanctorum
3160 4895 3415 4950 exeuntia
3456 4895 3524 4949 de
3551 4909 3671 4949 mo-

2098 4993 2375 5051 numentis
2395 5032 2411 5057 ,
2440 5000 2496 5046 et
2522 4987 2855 5045 introeuntia
2887 4986 2941 5040 in
2989 4986 3260 5041 civitatem
3296 4992 3538 5040 sanctam
3560 5025 3576 5050 ,
3617 4984 3668 5037 id

2096 5095 2181 5144 est
2208 5083 2531 5149 Ecclesiam,
2558 5081 2905 5137 adducuntur
2931 5078 2985 5133 in
3014 5079 3262 5132 timorem
3297 5076 3412 5140 Dei,
3438 5085 3492 5130 et
3518 5076 3670 5130 testi-

2099 5177 2343 5234 monium
2367 5172 2652 5245 perhibent
2678 5170 2936 5242 quoniam
2970 5168 3141 5225 Filius
3171 5168 3262 5223 Dei
3293 5177 3377 5223 est
3408 5167 3504 5238 qui
3535 5167 3669 5221 talia

2100 5284 2297 5343 passus
2328 5276 2428 5323 est.
2468 5264 2534 5320 Et
2567 5280 2677 5318 non
2703 5262 2805 5318 erit
2840 5263 3037 5317 mirum
3087 5262 3133 5317 si
3169 5258 3453 5317 confessus
3496 5258 3673 5314 fuerat

2102 5359 2303 5429 aliquis
2336 5355 2532 5411 Filium
2572 5354 2701 5419 Dei,
2729 5350 3000 5415 Verbum,
3032 5361 3085 5405 et
3122 5348 3468 5419 sapientiam,
3497 5358 3552 5404 et
3576 5364 3670 5402 ve-

2104 5449 2346 5513 ritatem,
2374 5454 2429 5502 et
2457 5443 2643 5500 omnia
2673 5456 3010 5512 quaecunque
3032 5440 3232 5496 dicitur
3259 5437 3433 5494 Filius
3461 5436 3579 5493 Dei.
3608 5436 3673 5494 Et

1983 5712 2027 5741 “
2057 5723 2214 5773 xxttt,
2249 5706 2337 5761 47.
2414 5704 2457 5737 ³⁸
2485 5702 2640 5757 .luan.
2663 5717 2775 5762 xtx,
2804 5701 2893 5756 δι.
