4052 6304
459 375 598 433 1795

1636 369 1963 427 ORICENIS
2003 369 2069 425 ΙΝ
2111 367 2421 424 ΜᾹΤἸἮᾹΞ
2432 368 2526 424 CM

3595 365 3751 422 I790

458 489 746 544 laudabilis
781 498 864 544 est
894 488 984 558 qui
1022 500 1132 540 non
1182 485 1540 540 conturbatur
1577 488 1629 540 in
1669 487 1754 542 his
1786 502 1908 556 qum
1952 486 2035 540 vi-
2073 494 2110 547 Α
2144 484 2240 539 ﬁlii
2269 484 2516 539 tonitrui.
2552 482 2719 541 Erant
2751 484 2897 537 enim
2929 481 3022 536 lilii
3058 482 3180 552 ejus
3207 478 3449 536 Joannes
3480 489 3536 533 et
3568 478 3751 533 Jaco-

456 582 656 635 denlnr
701 580 995 650 contigisse
1039 579 1087 631 ei
1141 592 1293 631 more
1341 577 1617 643 humano,
1644 588 1699 632 et
1748 579 2041 633 conlitetur

457 676 582 745 quia
616 672 786 727 Filius
814 679 933 725 erat
961 670 1073 726 Dei.

532 763 651 818 Ml.
687 763 854 815 Erant
888 773 1063 815 autem
1112 761 1186 815 ibi
1223 759 1467 816 mulieres
1499 776 1531 815 a
1575 762 1725 833 longe
1766 762 2034 828 videntes,

454 872 570 923 qua:
602 865 796 909 secuta?
832 855 1043 923 fuerant
1068 854 1253 909 Jesum
1296 870 1329 909 a
1372 852 1601 909 Calilwa
1622 896 1637 921 ,
1668 853 2036 909 ministrantes

453 947 498 1000 ei
523 961 541 1009 ;
565 947 703 1000 inter
722 962 852 1016 quas
873 957 987 1000 erat
1012 945 1189 1000 Maria
1216 946 1266 999 Μ
1276 946 1550 1017 agdalene,
1577 955 1627 1000 et
1647 944 1825 1000 Maria
1847 944 2037 1001 Jacobi

455 1047 501 1090 et
534 1034 728 1105 Ioseph
762 1046 963 1099 mater.
1002 1047 1050 1091 et
1096 1047 1268 1091 mater
1306 1037 1538 1105 ﬁliorum
1585 1033 1912 1093 Zebeda'i".
1963 1036 2038 1094 De

454 1129 576 1184 istis
610 1128 929 1186 mulieribus
955 1131 1312 1201 pr0phetasse
1344 1129 1589 1187 referunt
1623 1131 1818 1187 Isaiam
1852 1130 2037 1187 dicen-

456 1232 560 1275 tem
595 1221 673 1275 "z
735 1221 983 1277 Mulieres
1028 1225 1285 1279 venientes
1321 1226 1390 1279 ad
1427 1223 1786 1296 spectaculum
1833 1224 2036 1279 venite:

451 1327 551 1366 non
612 1313 752 1365 enim
805 1323 882 1367 est
938 1315 1162 1383 papulas
1216 1315 1410 1370 habens
1469 1313 1807 1385 sapientiam.
1865 1310 2039 1370 Vocat

450 1405 595 1458 enim
633 1405 890 1461 nullieres
934 1421 1057 1474 quae
1092 1404 1306 1462 fuerant
1351 1407 1418 1462 de
1451 1404 1644 1478 longe,
1679 1416 1733 1462 et
1779 1407 1844 1462 de
1880 1407 2037 1476 longe

450 1498 705 1551 videbant
737 1496 945 1562 Jesum,
982 1507 1141 1552 vocat
1178 1514 1275 1553 eas
1312 1496 1378 1554 ad
1420 1500 1643 1554 verbum
1665 1541 1680 1566 ,
1710 1505 1770 1553 ut
1802 1499 2038 1553 derelin-

449 1597 621 1656 quant
652 1585 871 1656 quidem
908 1587 1169 1656 populum
1203 1589 1541 1642 insensatum
1583 1596 1639 1643 et
1676 1587 1993 1643 derelictum
2017 1630 2032 1653 ,

447 1685 497 1730 et
536 1677 798 1733 accedant
840 1681 906 1734 ad
941 1694 1141 1734 novum
1178 1687 1585 1734 testamentum.
1629 1678 1822 1735 Beatas
1851 1689 2033 1734 autem

451 1770 689 1823 arbitror
717 1785 839 1825 esse
886 1769 1147 1824 mulieres
1180 1785 1302 1839 qua:
1334 1771 1671 1826 :edilicantur
1703 1770 1772 1825 ad
1803 1772 2035 1827 beatitu-

2143 577 2244 632 bus
2273 595 2286 631 :
2323 577 2443 630 ideo
2470 573 2710 629 Joannes
2733 574 2942 629 audivit
2970 584 3175 642 septem
3204 574 3505 627 tonitruum
3534 570 3750 633 verba,

2141 684 2264 740 quae
2314 668 2473 738 quasi
2521 667 2884 721 eminentiora
2932 665 3082 719 omni
3134 665 3446 734 scriptura.
3497 668 3565 716 ut
3626 676 3748 716 non

2141 759 2404 816 scriberet
2431 758 2630 828 accipit
2661 758 2998 812 mandatum.
3030 756 3123 811 Sin
3153 764 3333 810 autem
3357 763 3580 824 Oportet
3609 755 3746 824 cpi-

2141 849 2283 911 nari,
2303 858 2358 903 et
2379 848 2563 903 dicere
2584 849 2749 903 etiam
2768 860 2961 901 nomen
2982 846 3173 901 matris
3195 846 3431 900 tiliornm
3450 843 3744 907 Zebedaei,

2139 938 2263 995 dico
2292 937 2552 1008 quoniam
2590 939 2705 994 haec
2731 938 2846 1008 ipsa
2879 936 3057 992 fuerat
3091 934 3314 993 Salome
3349 936 3587 1006 paciﬁca
3643 949 3748 1004 ap-

2140 1032 2355 1103 pellata.
2404 1029 2674 1101 Opinatus
2725 1043 2847 1085 sum
2901 1036 3081 1084 autem
3142 1029 3281 1093 hoc,
3333 1028 3525 1084 videns
3585 1030 3741 1100 apud

2141 1125 2448 1181 Matthaaum
2483 1133 2537 1180 et
2579 1120 2820 1180 Marcum
2861 1135 2971 1181 tres
3003 1124 3306 1194 praecipuas
3337 1123 3605 1178 mulieres
3636 1133 3747 1176 uo.

2138 1220 2397 1284 minatas,
2422 1218 2490 1273 de
2514 1217 2713 1289 quibus
2739 1232 2980 1288 praesens
3005 1228 3190 1271 sermo
3213 1214 3465 1270 habetur.
3494 1212 3566 1267 Et
3592 1212 3740 1268 duas

2138 1308 2357 1381 quidem
2402 1325 2523 1365 esse
2562 1322 2803 1379 praesens
2841 1308 3173 1376 evangelista
3205 1306 3459 1376 exponit,
3494 1302 3738 1360 Mariam

2138 1401 2537 1472 Magdalenam,
2570 1410 2625 1456 et
2643 1398 2866 1455 Mariam
2888 1395 3076 1454 Jacobi
3108 1417 3123 1453 :
3153 1399 3366 1453 tertiam
3400 1405 3590 1452 autem
3624 1392 3737 1452 dici

2138 1508 2366 1550 matrem
2423 1493 2659 1548 filiorum
2719 1490 2986 1547 Zebeda-i.
3037 1490 3191 1560 Apud
3244 1489 3490 1544 Marcum
3539 1498 3736 1543 autem

2138 1589 2294 1645 tertia
2323 1586 2413 1642 illa
2444 1584 2661 1641 Salomc
2685 1582 3017 1654 appellatur:
3045 1592 3100 1637 et
3121 1581 3420 1637 secundum
3452 1579 3736 1645 Marcum,

2137 1698 2258 1752 quae
2287 1690 2488 1737 secutae
2517 1679 2732 1734 fuerant
2769 1674 2955 1732 Jesum
2987 1690 3016 1731 a
3049 1673 3306 1742 Galilzea,
3348 1692 3472 1731 cum
3501 1674 3739 1730 Christo

2137 1772 2506 1826 ascenderunt
2536 1770 2589 1824 in
2611 1766 2938 1824 Jerusalem.
2970 1765 3074 1822 Iste
3101 1777 3184 1822 est
3203 1765 3348 1821 enim
3382 1765 3507 1821 linis
3525 1779 3735 1820 eorum

449 1854 634 1914 dinem
670 1874 698 1913 a
727 1859 1038 1930 spectaculo
1065 1858 1251 1924 Verbi,
1278 1868 1332 1915 et
1357 1874 1388 1914 a
1415 1870 1591 1917 morte
1612 1863 1860 1933 corporis
1880 1860 2031 1917 Jesu.
2070 1853 2107 1908 Β
2138 1865 2231 1934 qui
2266 1862 2656 1931 derelinquunt
2687 1857 2963 1913 Galilaeam
3005 1854 3281 1928 gentium,
3317 1867 3372 1912 et
3414 1864 3737 1926 sequuntur

449 1950 622 2008 Omne
649 1954 796 2008 enim
823 1953 967 2024 quod
1001 1963 1086 2008 est
1116 1950 1170 2008 in
1205 1952 1432 2009 Christo
1452 1994 1468 2020 ,
1506 1953 1551 2009 si
1588 1969 1713 2009 vere
1744 1953 2029 2018 videatur,

450 2046 669 2100 beatum
701 2044 831 2100 facit
856 2044 1155 2100 videntem.
1183 2044 1471 2115 Aspiciunt
1498 2060 1629 2117 ergo
1656 2045 2033 2100 mortificatio-

448 2152 572 2189 nem
620 2137 868 2205 corporis
900 2133 1028 2191 Jesu
1079 2144 1134 2191 et
1179 2137 1400 2191 modum
1454 2150 1564 2205 quo
1600 2150 1724 2190 cum
1777 2135 2033 2206 precibus

448 2227 704 2297 Spiritum
760 2244 921 2283 suum
969 2227 1373 2283 commendavit
1421 2228 1587 2284 Patri.
1651 2226 1742 2282 liae
1793 2230 2031 2298 primum

449 2330 651 2375 secutae
697 2327 828 2373 sunt
860 2335 891 2373 a
937 2317 1159 2374 Galilma
1183 2361 1198 2385 ,
1229 2329 1283 2374 et
1316 2328 1374 2373 ut
1407 2320 1617 2375 audens
1647 2319 1825 2374 dicam
1875 2327 2033 2373 utens

446 2409 773 2467 auctoritate
794 2409 1091 2480 Scriptura:
1109 2410 1342 2466 dicentis
1365 2409 1408 2443 "
1439 2430 1453 2466 :
1481 2428 1511 2465 a
1537 2411 1756 2466 Galilaaa
1792 2409 2033 2482 gentium

448 2512 648 2556 secutae
676 2510 834 2566 sunt,
871 2516 979 2555 non
1016 2516 1047 2555 a
1079 2510 1226 2556 recta
1250 2540 1265 2565 ,
1303 2516 1478 2572 neque
1508 2517 1537 2555 a
1576 2500 1732 2556 llrma
1753 2542 1769 2567 ,
1800 2502 1894 2556 sed
1923 2500 2033 2555 cir-

447 2595 657 2650 cuitum
706 2595 998 2663 quemdam
1045 2592 1316 2649 habente:
1362 2594 1467 2649 hoc
1515 2592 1661 2647 enim
1716 2593 2035 2665 intelligitur

447 2684 691 2751 Galilwa,
717 2684 769 2740 id
795 2694 881 2741 est
904 2684 1161 2740 volutatio
1187 2685 1269 2739 vel
1291 2685 1511 2756 vertigo,
1530 2701 1694 2756 quam
1722 2686 2035 2756 relinquen-

449 2787 532 2833 tes
562 2789 764 2833 secutae
811 2787 941 2833 sunt
967 2775 1153 2833 Jesum
1179 2820 1194 2841 ,
1221 2793 1327 2832 non
1374 2780 1601 2841 otiosa},
1635 2778 1728 2833 sed
1773 2775 2035 2833 facientes

448 2885 573 2940 qua:
607 2869 1008 2925 mandabantur
1038 2870 1108 2925 ab
1141 2885 1239 2937 eo,
1268 2878 1323 2926 et
1347 2869 1691 2925 delectabant
1719 2883 1845 2924 eum
1878 2883 1893 2926 :
1926 2866 2033 2923 mi-

451 2960 749 3016 nistrantes
799 2959 948 3015 enim
997 2958 1365 3030 sequebantur
1412 2974 1559 3015 eum.
1607 2954 1799 3013 Omnis
1852 2966 2033 3015 autem

449 3054 631 3109 anima
666 3050 992 3108 divisionem
1021 3052 1260 3123 aliquam
1291 3052 1590 3123 gratiarum
1619 3060 1677 3106 et
1705 3050 1884 3121 ipsum
1924 3049 2032 3105 Do-

449 3149 661 3201 minum
692 3144 1064 3215 participans,
1097 3145 1373 3200 ministrat
1395 3142 1526 3200 Jesu
1557 3140 1920 3198 ministerium
1956 3142 2033 3198 si-
2061 3184 2105 3242 ο

449 3240 578 3294 mile
632 3238 952 3294 ministeriis
999 3236 1341 3308 angelorum,
1396 3235 1462 3292 de
1515 3234 1716 3306 quibus
1767 3237 2033 3305 scriptum

451 3339 535 3384 est
560 3328 628 3395 υ,
663 3328 926 3398 quoniam
960 3328 1279 3382 accedentes
1312 3324 1490 3399 angeli
1535 3325 1923 3381 ministrabant
1960 3326 2031 3381 ei.

452 3421 637 3477 Multae
663 3434 794 3491 ergo
826 3428 983 3474 erant
1013 3427 1393 3489 exspectantes
1422 3427 1552 3474 tunc
1577 3416 1767 3474 Jesum
1794 3437 1808 3473 :
1846 3419 2036 3488 praeci—

449 3526 572 3584 puae
596 3520 781 3567 autem
815 3508 1109 3563 nominata:
1142 3517 1301 3574 sunt,
1332 3517 1387 3564 et
1427 3508 1587 3580 quasi
1617 3509 1880 3564 attentius
1913 3524 2036 3579 spe-

449 3609 684 3666 ctantes,
702 3610 756 3656 et
773 3599 1009 3670 amplius
1026 3599 1419 3665 ministrantes,
1437 3610 1492 3656 et
1508 3600 1703 3656 melius
1721 3611 2032 3672 sequentes,

451 3693 623 3748 Maria
674 3692 1035 3764 Magdalena,
1094 3693 1268 3762 magis
1306 3690 1742 3763 interpretationi
1796 3692 2035 3749 notninis

452 3787 640 3856 patrite
667 3800 780 3842 suae
811 3783 1164 3850 conveniens,
1204 3799 1328 3854 qua:
1355 3780 1672 3854 Magdalena
1706 3785 2031 3856 appellatur.

454 3875 848 3947 Interpretatur
874 3884 1057 3931 autem
1093 3876 1459 3947 magniﬁcatio
1489 3876 1642 3931 locus
1672 3877 1780 3932 ille.
1824 3876 1890 3932 Et
1916 3888 2035 3934 erat

453 3968 571 4022 haec
628 3966 799 4022 Maria
851 3966 1168 4036 Magdalena
1216 3967 1284 4022 de
1332 3967 1767 4038 magniﬁcatione
1816 3980 2036 4039 propter

454 4059 593 4115 nihil
630 4059 777 4115 aliud
813 4061 921 4116 nisi
951 4060 1081 4131 quia
1123 4071 1307 4115 secuta
1345 4058 1524 4114 fuerat
1548 4057 1753 4126 Jesum,
1784 4070 1837 4115 et
1868 4062 2033 4116 mini-

453 4160 725 4208 straverat
776 4151 869 4217 ei,
902 4162 954 4207 et
1008 4160 1349 4221 spectaverat
1397 4153 1716 4223 mysterium
1766 4152 2033 4222 passionis

388 4224 399 4235 ’
454 4243 647 4314 ipsius.
682 4241 812 4297 Erat
841 4252 1024 4298 autem
1052 4242 1193 4297 inter
1213 4241 1517 4312 praecipuas
1545 4250 1600 4296 et
1626 4240 1814 4307 Maria,
1844 4238 2033 4297 Jacobi

453 4343 511 4391 et
530 4334 737 4405 Joseph
787 4343 999 4396 mater,
1038 4340 1168 4399 aut,
1208 4332 1352 4388 sicut
1397 4330 1613 4388 Marcus
1647 4332 1811 4397 dicit,
1846 4327 2032 4387 Jacobi

455 4427 684 4484 minoris
710 4437 766 4480 et
792 4423 992 4494 Joseph
1020 4432 1215 4489 mater,
1240 4420 1544 4478 secundum
1576 4437 1772 4477 nomen
1802 4419 2035 4491 patriar-

2135 1955 2322 2012 Jesum
2349 1997 2363 2022 ,
2393 1966 2453 2011 ut
2487 1971 2594 2009 non
2631 1952 2807 2008 solum
2836 1951 3134 2007 ascendant
3164 1951 3218 2006 in
3252 1946 3556 2005 Jerusalem
3579 1990 3596 2015 ,
3634 1947 3733 2004 sed

2136 2051 2299 2104 etiam
2335 2063 2458 2102 cum
2490 2043 2620 2100 Jesu
2648 2043 2945 2100 ascendant
2971 2042 3024 2097 in
3055 2056 3196 2098 eam.
3227 2038 3341 2097 Hoc
3370 2041 3517 2096 enim
3550 2041 3732 2111 signi-

2139 2141 2263 2197 ficat
2290 2136 2435 2210 quod
2459 2137 2623 2193 simul
2645 2135 2962 2192 ascendisse
2988 2134 3302 2191 referuntur
3332 2148 3456 2189 eum
3476 2131 3727 2188 Clu-isto.

2214 2230 2337 2285 H2.
2374 2228 2508 2285 Cum
2530 2244 2645 2283 sero
2670 2238 2844 2282 autem
2872 2229 3074 2296 factum
3101 2224 3310 2297 fuisset,
3335 2225 3474 2279 venit
3501 2222 3728 2294 quidam

2142 2320 2298 2375 homo
2321 2321 2464 2376 dives
2487 2323 2551 2375 ab
2587 2321 2913 2385 Arimathia,
2941 2320 3149 2373 nomine
3175 2314 3392 2387 Joseph,
3417 2317 3507 2386 qui
3532 2325 3580 2368 et
3615 2314 3727 2379 ipse

2135 2412 2429 2483 discipulus
2479 2423 2593 2467 erat
2633 2409 2784 2466 Jesu.
2829 2408 2930 2465 Hic
2971 2408 3193 2464 accessit
3232 2406 3300 2462 ad
3350 2407 3628 2471 Pilatum,
3674 2411 3728 2458 et

2134 2506 2289 2573 petiit
2311 2521 2497 2575 corpus
2513 2503 2664 2558 Jesu.
2690 2500 2836 2557 Tunc
2859 2500 3070 2556 Pilatus
3084 2501 3251 2571 jussit
3275 2498 3423 2554 reddi
3441 2512 3632 2566 corpus
3651 2495 3721 2551 “.

2136 2597 2238 2665 Qui
2266 2597 2399 2669 petit
2427 2612 2629 2666 corpus
2658 2594 2871 2651 Doniini
2896 2609 2926 2649 a
2956 2591 3151 2659 Pilato,
3184 2605 3291 2647 non
3322 2588 3724 2662 qualiscunque

2135 2689 2336 2760 aliquis
2363 2692 2501 2752 erat,
2532 2687 2627 2742 sed
2665 2684 3031 2742 laudabilibus
3062 2681 3266 2739 divitiis
3292 2681 3478 2737 dives:
3504 2688 3558 2735 et
3583 2677 3722 2750 quia

2136 2777 2363 2836 decurio
2419 2781 2784 2846 constitutus,
2843 2775 3161 2851 mysterium
3223 2773 3461 2830 nominis
3508 2770 3723 2828 Christi

2136 2872 2390 2945 portabat
2414 2873 2467 2927 in
2495 2870 2726 2929 veritate
2747 2914 2762 2938 ,
2791 2871 2935 2942 quod
2966 2879 3051 2926 est
3081 2868 3265 2925 decem
3284 2910 3299 2934 ,
3330 2867 3453 2923 ideo
3486 2866 3722 2922 libenter

2136 2982 2236 3036 pro
2264 2964 2526 3021 beneﬁcio
2550 2979 2748 3035 magno
2772 2962 3066 3033 postulavit
3094 2974 3295 3027 corpus
3310 2954 3439 3015 Jesu
3463 2974 3493 3013 a
3516 2956 3718 3021 Pilato,

2136 3069 2189 3114 et
2230 3075 2338 3113 non
2383 3056 2633 3129 permisit
2675 3073 2800 3112 eum
2841 3056 3076 3127 pendere
3117 3054 3168 3108 in
3220 3052 3386 3124 ligno.
3424 3051 3718 3122 Propterea

2138 3149 2393 3205 laudatur
2430 3147 2500 3204 ab
2530 3147 2879 3221 evangelistis
2910 3148 3043 3219 quia
3071 3141 3253 3217 justus
3285 3153 3340 3200 et
3383 3142 3466 3198 vir
3511 3143 3721 3207 bonus,

2137 3254 2194 3297 et
2224 3242 2530 3312 discipulus
2557 3241 2733 3297 fuerat
2758 3241 2909 3305 Jesu,
2939 3255 2992 3297 et
3016 3237 3225 3294 fructus
3246 3235 3614 3307 discipulatus
3636 3232 3721 3290 sui

2136 3334 2374 3389 reddidit
2406 3331 2548 3390 forte
2572 3375 2588 3399 ,
2626 3332 2767 3390 sicut
2801 3333 2855 3389 in
2889 3331 3109 3398 multis,
3159 3329 3241 3387 sic
3277 3342 3334 3386 et
3384 3330 3438 3385 in
3486 3340 3723 3400 corpore

2134 3424 2362 3491 Christi,
2389 3425 2519 3496 quia
2546 3437 2870 3498 exspectans
2900 3436 3016 3483 erat
3043 3439 3270 3497 regnum
3305 3420 3421 3490 Dei,
3450 3423 3600 3479 sicut
3626 3420 3723 3479 do-

2135 3526 2325 3572 cuerat
2351 3515 2533 3574 Jesus.

2210 3607 2333 3661 145.
2370 3606 2439 3661 Et
2463 3618 2674 3678 accepto
2700 3625 2914 3678 corpore
2941 3604 3137 3678 Joseph
3162 3606 3378 3663 involvit
3409 3606 3465 3661 in
3497 3605 3720 3661 sindone

2138 3696 2360 3763 munda,
2388 3711 2436 3754 et
2460 3701 2634 3771 posuit
2657 3697 2831 3769 ipsum
2860 3699 2913 3753 in
2935 3708 3267 3755 monumento
3286 3715 3381 3754 suo
3403 3713 3557 3761 novo,
3585 3696 3720 3760 quod

2138 3787 2339 3842 excidit
2390 3790 2442 3843 in
2489 3799 2678 3859 petra,
2716 3797 2764 3843 et
2809 3788 3039 3844 advolrit
3088 3787 3318 3860 lapidem
3365 3803 3619 3860 magnum
3652 3791 3719 3840 ad

2139 3880 2337 3935 ostium
2362 3880 2706 3947 monumenti,
2733 3892 2780 3934 et
2803 3880 2934 3935 abiit
2958 3879 3024 3935 ³⁸.
3057 3879 3116 3936 In
3147 3881 3378 3938 sindone
3403 3880 3610 3935 munda
3639 3876 3722 3933 iu-

2135 3968 2338 4037 volvit,
2380 3979 2435 4026 et
2485 3969 2540 4025 in
2592 3981 2945 4026 monumento
2990 3972 3172 4042 posuit
3221 3980 3362 4026 navo
3418 3967 3507 4024 ubi
3555 3978 3719 4023 nemo

2136 4070 2390 4119 mortuus
2415 4070 2535 4118 erat
2553 4103 2570 4129 ,
2613 4078 2839 4118 servans
2866 4079 3067 4135 corpus
3091 4060 3217 4119 Jesu
3245 4063 3314 4118 ad
3358 4060 3718 4117 resurrectio-

2136 4171 2259 4209 nem
2314 4154 2669 4226 praecipuam.
2731 4154 2871 4211 Puto
2927 4165 3109 4211 autem
3162 4155 3336 4227 magis
3390 4154 3715 4209 munditiam

2137 4240 2298 4296 sindo
2336 4242 2428 4297 illa
2475 4244 2709 4300 habebat
2755 4261 2822 4301 ex
2872 4261 2983 4315 quo
3029 4245 3331 4300 involutum
3381 4254 3466 4300 est
3516 4255 3716 4313 corpus

2135 4331 2342 4389 Christi
2389 4350 2556 4403 quam
2601 4336 2794 4406 prius:
2846 4352 3046 4408 corpus
3079 4337 3225 4392 enim
3270 4330 3398 4391 Jesu
3444 4334 3611 4390 etiam
3664 4332 3713 4386 in

2137 4435 2314 4483 morte
2364 4429 2753 4496 constitutum,
2795 4430 2951 4501 quasi
3000 4445 3199 4500 corpus
3241 4427 3370 4484 Jesu
3420 4427 3717 4482 mundabat

455 4519 570 4575 clue
593 4515 763 4573 Jacob
782 4515 1209 4585 supplantatoris
1232 4512 1417 4568 fratris
1440 4513 1547 4577 sui,
1570 4520 1624 4567 et
1641 4511 1842 4582 Joseph
1870 4528 2034 4583 super
2068 4519 2109 4577 ο
2138 4518 2321 4574 omnia
2367 4536 2707 4592 quaecunque
2755 4523 3043 4593 tangebat,
3093 4530 3148 4575 et
3198 4521 3370 4591 magis
3424 4518 3715 4573 innovahat

455 4624 616 4680 quem
660 4618 845 4664 natum
881 4607 1115 4678 geniti-ix
1147 4605 1282 4660 dicit
1310 4604 1389 4660 ³³ε
1422 4604 1659 4674 Adjiciat
1687 4605 1817 4659 mihi
1853 4604 2035 4658 Domi-

459 4716 556 4753 nus
579 4699 751 4769 ﬁlium
778 4698 1028 4752 alterum.
1055 4695 1125 4749 Et
1143 4696 1257 4753 haec
1280 4695 1442 4765 igitur
1463 4709 1696 4763 sequens
1718 4691 2032 4761 Dominum,

457 4802 513 4848 et
533 4794 878 4858 ministrans,
910 4801 963 4845 et
991 4797 1248 4860 spectans
1271 4788 1731 4859 dispensationem
1763 4789 2035 4859 passionis

461 4885 666 4954 ipsius,
697 4884 959 4954 quoniam
992 4882 1169 4937 fidelis
1196 4880 1431 4949 alicujus
1464 4880 1643 4937 fuerat
1681 4891 1882 4947 mater,
1923 4897 2032 4936 non

461 4976 642 5046 magni
667 4976 900 5045 alicujus
919 5015 933 5039 ,
964 4976 1144 5045 qualis
1171 4975 1346 5029 fuerat
1377 4974 1683 5044 patriarcha
1712 4973 1903 5038 Jacob,
1937 4974 2031 5030 sed

460 5065 713 5130 minoris,
742 5064 908 5134 930
937 5075 992 5119 et
1017 5063 1215 5134 Joseph
1246 5063 1490 5119 alterius.
1525 5062 1653 5119 Erat
1681 5073 1862 5119 autem
1896 5065 2035 5120 inter

461 5156 719 5211 mulieres
745 5165 798 5210 et
828 5164 1002 5209 mater
1035 5154 1269 5210 filiorum
1300 5153 1566 5218 Zehedaai,
1596 5152 1825 5210 forsitan
1854 5155 2035 5226 aliqua

460 5247 767 5302 consistens
816 5245 870 5300 in
920 5245 1182 5317 mysterio
1224 5247 1462 5301 tonitrus
1506 5256 1726 5316 propter
1775 5247 1933 5304 [idem
1983 5260 2038 5305 et

463 5339 625 5393 vitam
657 5347 902 5392 sanctam
924 5377 939 5401 ,
973 5346 1027 5393 et
1075 5337 1206 5407 quia
1257 5335 1547 5391 Dominum
1582 5337 1908 5407 sequebatur
1931 5380 1945 5402 ,
1982 5348 2029 5394 et

465 5430 829 5494 ministrabat,
854 5438 910 5484 et
937 5429 1231 5500 speetatrix
1263 5428 1440 5483 fuerat
1466 5428 1708 5483 omnium
1735 5445 1857 5498 quae.
1882 5441 2030 5501 gesta

464 5521 680 5578 fuerant
711 5523 855 5577 circa
906 5536 1030 5577 cum
1052 5563 1066 5587 ,
1099 5523 1225 5591 quia
1263 5521 1356 5575 lilii
1393 5519 1639 5577 Zebedaei
1675 5523 1851 5576 vocati
1903 5537 2032 5580 sunt

573 5718 619 5788 το
649 5689 837 5775 Mam],
875 5735 1052 5782 xxv”,
1103 5719 1195 5785 55,
1248 5718 1335 5773 56.
1412 5718 1605 5775 “lsai.
1663 5737 1832 5788 xxru,
1868 5728 1950 5781 ll.

471 5788 518 5821 ⁸⁸
540 5785 728 5840 Matth.
774 5805 919 5842 xxvu
941 5829 956 5854 ,
985 5788 1085 5853 57,
1125 5789 1213 5843 58.
1292 5789 1337 5821 ³⁵
1367 5790 1495 5844 ibid.
1542 5791 1609 5845 59
1634 5830 1648 5854 ,
1682 5790 1772 5846 60.

2056 5729 2098 5786 '.‘
2134 5728 2256 5785 lsai.
2307 5747 2383 5795 Ix,
2420 5732 2471 5787 1.

2143 4621 2561 4666 menumentum
2601 4612 2731 4667 illud
2764 4627 2965 4667 novum
2994 4608 3139 4682 quod
3170 4610 3347 4666 fuerat
3378 4608 3627 4665 excisum
3662 4608 3712 4660 in

2144 4713 2317 4773 petra.
2353 4705 2418 4760 Et
2449 4721 2517 4759 ne
2545 4702 2827 4760 existimes
2868 4702 2996 4773 quia
3044 4700 3269 4757 fortuito
3301 4699 3564 4771 scriptum
3596 4706 3708 4757 est.

2139 4805 2189 4851 et
2240 4807 2435 4852 eventu
2485 4795 2691 4853 dictum
2728 4802 2846 4859 est,
2875 4796 3136 4865 quoniam
3171 4791 3396 4849 involvit
3431 4805 3631 4861 corpus
3661 4787 3710 4841 in

2141 4892 2370 4947 sindone
2412 4890 2614 4946 munda
2634 4931 2651 4957 ,
2680 4902 2735 4946 et
2765 4888 2818 4944 in
2850 4895 3205 4943 monumento
3236 4881 3420 4958 posuit
3448 4898 3589 4939 novo
3612 4921 3628 4945 ,
3661 4890 3711 4933 et

2140 4982 2270 5053 quia
2301 4991 2713 5037 monumentum
2750 4981 2881 5036 illud
2905 4988 3021 5035 erat
3048 4978 3293 5034 excisum
3323 4977 3378 5032 in
3404 4985 3576 5047 petra,
3598 4987 3711 5027 nio-

2138 5085 2461 5130 numentnm
2494 5074 2757 5128 mundum
2792 5073 2933 5143 quod
2978 5088 3010 5127 a
3040 5084 3270 5141 corpore
3300 5068 3429 5125 Jesu
3461 5064 3710 5123 mundius

2137 5178 2254 5222 erat
2279 5167 2482 5222 factum
2513 5182 2677 5237 quam
2704 5162 2888 5222 fuerat
2926 5165 3244 5236 priusquam
3272 5171 3560 5235 poneretur
3581 5156 3707 5214 Jesu

2140 5273 2342 5326 corpus
2372 5258 2426 5311 in
2458 5272 2544 5312 eo.
2581 5254 2805 5324 Quaeres
2837 5265 3018 5311 autem
3052 5256 3097 5310 si
3129 5263 3258 5310 sunt
3289 5253 3537 5309 homines
3574 5244 3706 5302 nihil

2141 5348 2376 5418 amplius
2412 5348 2673 5404 habentes
2716 5363 2881 5418 quam
2925 5361 3125 5417 corpus
3148 5341 3298 5407 Jesu,
3336 5342 3461 5396 novi
3487 5339 3703 5410 quidem

2142 5450 2196 5493 et
2218 5440 2387 5495 excisi
2418 5443 2470 5494 in
2509 5449 2656 5510 petra
2679 5479 2694 5504 ,
2724 5449 2777 5494 et
2809 5447 3220 5494 monumentum
3250 5444 3375 5492 sum
3399 5433 3518 5504 ejus
3545 5444 3705 5486 mun-

2139 5529 2299 5596 dum,
2331 5541 2384 5585 et
2414 5531 2533 5586 ideo
2560 5530 2695 5587 salvi
2726 5529 3052 5585 elIiciuntur.
3095 5527 3500 5596 Cousequeuter
3528 5532 3704 5577 autem

2585 5731 2629 5764 "
2661 5728 2849 5785 Matth.
2890 5745 2962 5795 Iv,
3010 5728 3088 5781 ll.
3200 5726 3245 5758 ³³
3275 5724 3386 5779 Gen
3445 5713 3702 5788 sxtﬂl.
