4052 6304
430 320 455 375 l
469 317 570 376 799

1900 300 2221 359 ORIGENIS

3556 303 3713 361 l800

428 438 595 495 tantis
616 443 672 490 et
704 433 906 489 talibus
935 429 1195 502 prodigiis
1242 437 1364 497 qme
1411 426 1464 479 in
1521 423 1754 495 :Egypto
1788 419 2003 475 fuerant
2044 430 2088 486 Α
2124 414 2663 502 nnlitcsidorrniunt
2713 413 3104 502 abundantius,
3167 421 3223 468 et
3253 413 3334 469 sic
3381 411 3718 474 furarentur

429 528 570 584 laeta
598 526 662 593 “,
688 525 769 581 sic
793 533 847 579 et
876 523 964 577 isti
998 531 1127 577 sunt
1159 518 1417 582 indurati,
1449 526 1506 571 ut
1536 513 1848 584 congregati
1881 527 2004 566 cum

428 616 758 677 senioribus.
792 623 846 668 ct
874 611 1163 666 consilium
1216 608 1568 678 accipientes,
1608 605 1803 660 darent
1842 617 2009 672 pecu-

429 710 574 763 :tiam
601 705 802 768 avaris,
838 712 899 757 ut
929 703 1147 756 dicant:
1178 701 1316 766 Quia
1343 696 1593 767 discipuli
1615 696 1727 764 ejus
1749 693 2008 747 venientes

429 810 607 860 noctu,
653 795 822 864 furati
867 802 992 846 sunt
1037 808 1181 853 eum,
1225 789 1608 843 dormientibus
1658 784 1806 839 nobis
1837 782 1921 845 ";
1960 792 2015 836 et

429 891 523 959 qui
552 887 802 957 legebant
832 884 884 937 in
916 883 1031 952 lege
1085 882 1133 915 ‘°
1169 900 1182 935 :
1244 879 1367 933 Non
1417 877 1614 948 falsum
1658 872 2014 928 testimonium

428 981 588 1043 dices,
610 977 771 1033 etiam
800 973 937 1029 alios
954 973 1020 1027 ad
1052 971 1250 1026 falsum
1279 968 1656 1024 testimonium
1686 964 2012 1027 invitabant,

430 1071 798 1141 expendentes
823 1068 1112 1139 pecuniam
1169 1064 1419 1123 multam,
1467 1069 1527 1114 ut
1559 1057 1761 1113 milites
1792 1054 2012 1125 quidem

430 1162 627 1218 falsum
666 1160 1038 1216 testimonium
1066 1158 1275 1221 dicant,
1331 1161 1552 1224 propter
1596 1147 1881 1204 avaritiam
1922 1160 2017 1215 pe-

431 1254 623 1309 riculis
656 1268 716 1307 se
756 1252 1053 1307 subdentes
1080 1249 1127 1303 si
1154 1247 1395 1302 furatum
1448 1252 1590 1298 esset
1623 1255 1824 1310 corpus
1862 1236 2014 1301 Jesu,

430 1346 714 1416 praesidem
745 1356 927 1399 autem
964 1343 1136 1397 ntulto
1176 1339 1350 1407 magis
1378 1338 1683 1407 placarent,
1714 1339 1768 1385 ct
1799 1330 1848 1386 ei
1889 1344 2018 1384 sua-

430 1438 620 1493 derent
659 1437 827 1491 tantis
852 1435 1099 1506 pecuniis
1145 1430 1368 1502 quantis
1401 1436 1621 1498 poterat
1668 1438 1869 1495 praeses
1897 1421 2015 1492 pla-

432 1529 547 1583 cari
583 1544 596 1581 :
626 1526 740 1581 sive
768 1535 951 1580 autem
1005 1532 1059 1577 et
1104 1520 1383 1592 precibus,
1411 1517 1657 1571 volentes
1701 1528 1894 1568 eruere
1922 1525 2018 1565 eos

430 1619 497 1673 de
519 1618 777 1689 periculis
822 1616 1087 1670 adversus
1133 1612 1346 1681 seipsos
1380 1608 1581 1663 falsum
1638 1603 2013 1661 testimonium

429 1709 801 1781 praebuerunt,
825 1706 1070 1761 dicentes
1125 1711 1319 1759 contra
1347 1700 1696 1769 disciplinam
1723 1697 2014 1750 militarem

2115 519 2311 573 corpus
2334 501 2485 558 Jesu.
2513 501 2579 556 Et
2610 502 2725 557 haec
2746 501 2927 556 omnia
2955 501 3284 573 gerebantur
3320 502 3389 557 ab
3419 506 3717 573 operanti-

2117 594 2219 648 bus
2245 592 2538 648 contrariis
2568 591 2862 647 virtutibus
2890 600 3081 647 contra
3111 591 3318 648 Christi
3363 593 3714 664 doctrinam,

2115 682 2558 737 existimantibus
2586 681 2842 751 quoniam
2866 688 3120 745 poterant
3142 681 3491 753 exstinguere
3521 699 3551 737 a
3582 683 3717 739 vita

2116 773 2422 838 hominum,
2457 772 2524 826 de
2582 779 2980 826 resurrectione
3026 771 3244 826 Domini
3293 773 3712 844 providentiam

2115 863 2233 928 Dei,
2262 872 2316 918 et
2362 863 2543 917 tidem.
2592 861 2660 918 Et
2704 862 2846 919 sicut
2898 863 3066 918 nimia
3125 862 3332 918 duritia
3389 862 3713 923 Pharaonis

2117 971 2225 1010 non
2252 964 2336 1010 est
2366 955 2572 1010 mollita
2607 955 2789 1010 multis
2838 954 3102 1025 prodigiis
3127 953 3287 1011 factis
3317 971 3417 1026 per
3444 955 3709 1029 Moysen,

2117 1048 2221 1116 sic,
2258 1057 2354 1103 aut
2381 1049 2637 1119 amplius,
2667 1049 2872 1104 duritia
2896 1049 3080 1105 cordis
3104 1049 3338 1105 istorum
3370 1066 3480 1107 non
3514 1054 3715 1109 solum

2117 1140 2279 1195 factis
2304 1140 2474 1212 signis
2515 1150 2567 1195 et
2618 1141 2880 1212 prodigiis
2921 1157 3030 1197 non
3066 1150 3149 1196 est
3178 1140 3337 1204 ﬁexa.
3368 1143 3464 1199 sed
3519 1154 3715 1215 neque

2116 1232 2440 1289 custodibus
2470 1233 2848 1289 nuntiantibus
2887 1234 3256 1301 crediderunt,
3291 1234 3388 1306 qui
3430 1245 3712 1292 venerunt

2118 1326 2171 1380 in
2203 1325 2508 1393 civitatem,
2564 1336 2619 1382 et
2668 1328 3058 1381 nuntiaverunt
3110 1326 3294 1381 omnia
3350 1342 3709 1397 quaecunque

2118 1418 2338 1473 fuerant
2387 1418 2550 1474 facta.
2604 1417 2670 1473 Et
2718 1417 2987 1471 Pharaoni
3012 1417 3232 1488 quidem
3257 1417 3463 1473 dictum
3491 1427 3575 1473 est
3603 1419 3653 1451 ⁸¹
3685 1436 3705 1473 :

2119 1509 2202 1562 Ad
2226 1508 2322 1562 hoc
2352 1509 2522 1579 ipsum
2558 1519 2608 1564 te
2637 1507 2912 1572 suscitavi,
2969 1515 3025 1559 ut
3058 1505 3333 1559 ostendam
3364 1505 3418 1558 in
3447 1515 3495 1559 te
3530 1505 3711 1558 virtu-

2120 1610 2221 1655 tem
2251 1616 2443 1665 meam,
2472 1610 2522 1656 et
2566 1609 2623 1653 ut
2663 1599 3008 1653 annuntietur
3053 1614 3241 1652 nomen
3265 1613 3437 1651 meum
3486 1597 3542 1651 in
3573 1598 3707 1650 uni-

2120 1709 2267 1747 versa
2296 1702 2475 1753 terra;
2517 1691 2650 1746 istos
2685 1699 2864 1744 autem
2897 1688 3237 1759 supportavit
3274 1688 3709 1759 magnanimitas

431 1778 772 1855 obdormisse
798 1814 857 1853 se
908 1813 1037 1852 tunc
1075 1802 1227 1851 tanto
1256 1807 1473 1856 somno,
1503 1799 1563 1846 ut
1593 1788 1845 1860 discipuli
1897 1789 2015 1843 ausi
2052 1778 2091 1830 Β
2121 1783 2237 1846 Dei,
2268 1790 2328 1837 ut
2355 1797 2451 1853 per
2484 1798 2611 1835 vasa
2635 1782 2732 1836 ira:
2759 1789 3061 1851 prrvparata
3103 1780 3156 1832 in
3202 1779 3479 1834 interitum
3510 1780 3557 1812 “
3606 1780 3711 1834 ﬁat

432 1899 617 1947 essent
639 1889 823 1945 venire
845 1888 1031 1953 simul,
1080 1896 1137 1942 et
1165 1884 1344 1949 multi,
1386 1882 1723 1939 conﬁdentes
1749 1878 2009 1950 quoniam

2118 1878 2268 1934 salus
2301 1876 2353 1931 in
2383 1874 2653 1945 gentibus.

1196 2056 1201 2059 Α
2030 2041 3655 2079 ,__________====._,

1071 2173 1743 2329 SANCTI
1952 2166 3059 2321 HIERONYMI

1582 2418 2320 2533 PROLOGUS
2397 2394 2521 2475 (9°)

707 2635 826 2722 IN
908 2620 1950 2721 EXPLANATIONEM
2032 2621 2127 2707 S.
2201 2622 2541 2711 LUC/E
2619 2622 2758 2707 AB
2832 2619 3406 2722 ORIGENE,

967 2782 981 2833 l
989 2780 1060 2830 Ex
1080 2779 1299 2829 editione
1323 2776 1550 2835 Vallarsi,
1576 2772 1701 2836 Opp.
1728 2771 1778 2823 S.
1818 2769 2131 2829 Hieronymi.
2155 2768 2385 2827 Veronae,
2416 2769 2642 2832 ηδε-72,
2671 2778 2787 2821 tom.
2809 2770 2917 2831 VII,
2946 2785 2995 2834 p.
3018 2771 3153 2834 Ξιδ.)

508 2956 676 3028 ,932
712 2956 846 3009 Ante
879 2970 1075 3024 paucos
1114 2955 1225 3009 dies
1263 2952 1613 3024 quorumdam
1643 2953 1696 3005 in
1728 2951 2044 3006 Matt/ervam
2068 2963 2117 3006 et
2150 2952 2204 3004 in
2235 2948 2433 3003 Lucam
2471 2949 2891 3004 Commentarios
2925 2964 3012 3002 vos
3053 2948 3237 3019 legisse
3264 2947 3500 3017 dixistis,
3528 2963 3555 3002 τ
3578 2946 3699 3019 qui-

438 3048 532 3102 bus
557 3049 693 3102 alter
726 3057 772 3101 et
802 3048 1037 3102 sensibus
1065 3046 1215 3100 hebes
1244 3054 1398 3111 esset,
1428 3058 1474 3099 et
1528 3045 1738 3109 verbis;
1788 3045 1926 3098 alter
1971 3045 2024 3097 in
2060 3043 2228 3098 verbis
2280 3042 2504 3104 luderet,
2538 3043 2593 3095 in
2641 3042 2916 3097 sententiis
2958 3041 3293 3096 dormitaret.
3343 3040 3697 3106 Quamobrem

436 3144 641 3211 petistis
678 3151 734 3196 ut
796 3142 1107 3212 contemptis
1138 3140 1445 3195 istiusmodi
1477 3140 1653 3210 nugis,
1676 3138 1866 3194 saltem
1893 3139 2116 3207 triginta
2139 3148 2189 3192 et
2216 3153 2397 3192 novem
2427 3137 2536 3208 (9|)
2562 3136 2875 3190 Adamantii
2904 3137 3075 3191 nostri
3105 3137 3158 3190 in
3190 3134 3391 3191 Lucam
3423 3135 3696 3201 homilias,

439 3238 575 3291 sicut
600 3238 652 3288 in
678 3234 861 3290 Cra'co
884 3235 1163 3299 habentur,
1197 3236 1507 3303 interpreter
1533 3250 1551 3287 :
1581 3233 1859 3287 molestam
1895 3249 2002 3286 rem
2024 3244 2074 3289 et
2106 3244 2366 3287 tormento
2392 3231 2640 3295 similem,
2672 3232 2867 3298 alieno,
2895 3241 2951 3286 ut
2974 3235 3052 3288 ait
3086 3232 3313 3298 Tullius,
3345 3231 3619 3286 stomacho
3647 3241 3699 3284 et

442 3348 541 3384 non
577 3347 673 3385 suo
698 3329 921 3384 scribere
951 3345 969 3383 :
996 3346 1155 3399 quant
1190 3338 1362 3382 tamen
1392 3328 1593 3382 idcirco
1621 3345 1759 3383 nunc
1788 3331 2009 3399 faciam,
2033 3331 2161 3401 quia
2195 3327 2511 3383 sublimiora
2533 3344 2639 3381 non
2666 3328 2905 3396 poscitis.
2939 3326 3213 3398 Siquidem
3238 3325 3376 3380 illud
3394 3324 3535 3397 quod
3568 3324 3699 3378 olim

440 3424 619 3479 Roma:
647 3432 831 3477 sancta
875 3422 1116 3477 Blwsilla
1140 3422 1496 3492 ﬂagitaverat,
1528 3429 1585 3474 ut
1620 3421 1805 3489 viginti
1840 3422 2070 3493 quinque
2101 3422 2215 3491 (92)
2249 3431 2417 3475 tomos
2432 3416 2596 3474 illius
2638 3422 2691 3475 in
2737 3420 3072 3485 Matthaeum,
3100 3429 3148 3475 et
3192 3420 3419 3491 quinque
3456 3418 3593 3472 alios
3641 3418 3695 3471 in

440 3518 667 3585 Lucam,
697 3528 747 3573 et
779 3519 1000 3589 triginta
1027 3517 1161 3571 duos
1191 3517 1305 3588 (9'5)
1343 3515 1396 3569 in
1423 3514 1718 3580 Joannem,
1746 3528 1940 3571 nostra:
1974 3516 2170 3587 lingua:
2195 3516 2483 3583 traderent,
2517 3532 2609 3571 nec
2637 3516 2829 3570 virium
2861 3530 3121 3581 mearum,
3152 3529 3241 3567 nec
3274 3513 3395 3575 otii,
3427 3527 3519 3566 nec
3543 3510 3697 3564 labo-

442 3610 517 3664 ris
557 3619 656 3663 est.
690 3608 1004 3678 Perspicitis
1039 3607 1200 3670 enim,
1236 3614 1494 3677 quantum
1529 3604 1670 3675 apud
1706 3621 1787 3658 me
1826 3615 1877 3659 et
1916 3606 2211 3659 auctoritas
2255 3614 2449 3671 vestra,
2482 3612 2533 3658 et
2579 3602 2819 3657 voluntas
2852 3601 3009 3656 valet.
3043 3600 3376 3655 Prtetermisi
3415 3598 3696 3669 paululum

441 3702 834 3757 Hebraicarum
876 3698 1250 3765 Quaestionum
1297 3699 1483 3761 libros,
1513 3706 1570 3750 ut
1609 3696 1679 3749 ad
1722 3694 2008 3750 arbitrium
2041 3705 2270 3750 vestrum
2298 3694 2581 3750 lucrativis
2621 3696 2791 3765 operis
2839 3694 2969 3756 haec,
3002 3691 3389 3764 qualiacunque
3418 3700 3561 3755 sunt,
3590 3707 3697 3745 non

441 3815 578 3861 ntea,
608 3795 701 3851 sed
725 3796 901 3850 aliena
921 3792 1182 3848 dictarem
1215 3808 1233 3847 :
1261 3793 1560 3863 prwsertim
1582 3807 1701 3845 cum
1725 3808 1758 3844 a
1790 3791 2009 3845 sinistro
2033 3792 2263 3846 oscinem
2298 3807 2512 3846 corvum
2553 3791 2771 3845 audiam
2797 3791 3141 3844 crocitantem
3167 3786 3302 3860 (94),
3330 3796 3380 3843 et
3415 3788 3606 3841 mirum
3638 3788 3698 3841 iu

440 3893 655 3946 modum
684 3892 747 3944 de
779 3898 1090 3943 cunctarum
1121 3889 1295 3943 avium
1339 3888 1508 3941 ridere
1539 3886 1824 3951 coloribus,
1856 3904 1976 3941 cum
2025 3897 2165 3941 totus
2204 3889 2316 3957 ipse
2343 3889 2644 3942 tenebrosus
2689 3888 2781 3941 sit.
2814 3885 3013 3941 Fateor
3060 3886 3238 3956 itaque
3285 3894 3563 3956 antequam
3602 3885 3698 3939 ille

439 3985 682 4055 objiciat,
716 3985 767 4037 in
793 3983 872 4038 his
900 3982 1177 4052 Origenem
1207 3983 1524 4036 tractatibus
1553 3982 1706 4053 quasi
1732 3998 1955 4051 puerum
1982 3982 2092 4054 (95)
2125 3982 2250 4037 talis
2280 3983 2460 4038 ludere
2483 3998 2502 4037 :
2530 3983 2643 4037 alia
2669 3991 2793 4036 sunt
2829 3981 3006 4037 virilia
3029 3982 3166 4053 ejus,
3189 3988 3240 4035 et
3276 3979 3387 4035 alia
3414 3981 3697 4038 senectutis

512 4102 560 4134 ⁸⁸
596 4100 765 4156 Exod.
802 4116 897 4167 vn,
924 4100 977 4155 5.
1053 4100 1097 4133 ⁸³
1122 4099 1313 4156 Matth.
1344 4115 1537 4164 xxvnt,
1564 4099 1650 4154 l3.
1727 4099 1774 4131 ⁸ο
1808 4097 1981 4155 Exod.

2141 4100 2225 4156 l5.
2300 4101 2346 4134 "
2384 4099 2555 4156 Exod.
2592 4116 2668 4166 Ix,
2701 4099 2787 4156 16.
2863 4098 2909 4133 ⁵⁸
2948 4097 3106 4153 Rom.
3141 4113 3217 4165 ix,
3249 4097 3340 4152 22.

514 4221 626 4283 (90)
647 4220 799 4275 Hanc
820 4221 993 4295 ipsam
1015 4237 1078 4295 ex
1108 4222 1318 4291 integro
1340 4220 1710 4295 praelationem
1736 4230 2009 4295 postrema
2038 4233 2080 4290 ο
2115 4223 2274 4295 bant,
2307 4223 2527 4295 triginta
2558 4239 2738 4295 novem
2758 4262 2774 4287 ,
2812 4229 2906 4295 aut
2932 4221 3430 4295 triginta_quatuor,
3471 4235 3568 4295 pro
3595 4221 3697 4295 tri-

441 4293 705 4347 duntaxat
745 4289 968 4363 periodo
993 4289 1363 4363 detruncata}
1418 4293 1611 4345 recitat
1639 4289 1709 4363 ad
1740 4289 2009 4363 invidiam
2052 4289 2063 4290 ί
2112 4294 2264 4363 ginta
2293 4289 2457 4359 duos,
2508 4309 2685 4363 quam
2710 4289 3108 4363 lectionem‘ex
3151 4289 3695 4363 _Rulin_i_gtesti1nonio

443 4358 762 4433 Qrigcninni
801 4360 1039 4433 nominis
1092 4360 1419 4433 Hieronymo
1454 4361 1744 4415 creandatn
1784 4359 2011 4417 Ruﬁnus
2113 4358 2482 4433 reposuimus.
2528 4358 2801 4417 Eusebius
2830 4362 3005 4433 modo
3038 4360 3261 4433 laudato
3299 4359 3445 4433 Hist.
3486 4358 3691 4433 Eccles.

441 4429 831 4512 Invectivgrtim
854 4431 958 4510 .lib.
993 4445 1053 4495 ll,
1084 4447 1241 4512 num;
1269 4429 1361 4512 ξιτ
1426 4499 1457 4512 Δ.
1970 4503 1982 4512 _
2114 4429 2255 4488 libro
2305 4434 2445 4512 duos
2462 4443 2670 4488 tantum
2705 4440 2759 4486 et
2791 4431 2977 4512 viginti
3011 4446 3079 4484 ex
3116 4431 3216 4485 hac
3237 4432 3504 4512 _universa
3528 4429 3689 4512 con...

515 4502 627 4569 (91)
670 4499 995 4554 Soﬁ‘ecimus
1028 4516 1092 4555 ex
1125 4499 1304 4554 Ruﬁni
1340 4499 1569 4554 lectione
1598 4515 1883 4554 numerum
1911 4503 2012 4555 tri-
2112 4504 2503 4558 mentariorum
2553 4513 2702 4558 strue
2745 4499 2894 4555 novit
2934 4516 2947 4552 :
2994 4515 3181 4569 verum
3235 4499 3467 4555 fortasse
3494 4509 3549 4555 et
3580 4500 3653 4554 ibi
3676 4541 3692 4562 .

443 4571 592 4642 ginta
618 4579 667 4624 et
694 4586 903 4631 novem,
947 4571 1057 4642 qui
1077 4571 1131 4624 in
1161 4570 1399 4642 vulgatis
1423 4579 1578 4642 antea
1626 4569 1778 4642 libris
1806 4572 2009 4642 deerat,

446 4639 507 4694 ut
535 4656 754 4705 omnes,
800 4650 963 4708 atque
995 4639 1131 4694 adeo
1156 4642 1325 4693 multo
1352 4639 1434 4693 his
1464 4640 1645 4707 plures
1679 4639 1930 4696 homilias
1957 4644 2011 4695 in

446 4709 647 4764 Lucam
676 4724 740 4763 ex
785 4709 1110 4764 Adamantio
1140 4708 1328 4762 Latine
1368 4709 1667 4763 reddidisse
1714 4710 2008 4765 videretur.

444 4778 579 4834 Nam
629 4779 800 4833 multo
841 4781 1023 4849 plures
1055 4778 1223 4833 fuisse
1264 4778 1332 4831 ab
1369 4776 1601 4849 Origene
1645 4776 2010 4849 elucubratas,

445 4863 569 4903 cum
614 4848 778 4919 alibi,
826 4848 1039 4919 tumin
1083 4848 1473 4919 praelixa_huic
1514 4848 2013 4919 tom9_pra:l‘atione

445 4863 569 4903 cum
614 4862 778 4914 attbt,
826 4862 937 4903 tum
987 4865 1039 4904 tn
1083 4862 1298 4919 praetuta
1345 4862 1473 4901 nunc
1514 4862 2009 4970 tomo)praetattone

443 4918 802 4989 ostendimus.
829 4918 1049 4989 —:_Yide
1094 4919 1244 4972 Patr.
1289 4916 1499 4971 Latinae
1540 4928 1579 4972 t.
1625 4916 1668 4970 Χ
1730 4917 1825 4984 VI,
1872 4920 2009 4989 Opp.

445 4986 507 5042 6.
543 4986 760 5040 Hieron.
795 5000 832 5041 t.
870 4987 977 5041 VII.
1014 4987 1169 5042 Enn.

520 5056 632 5128 (92)
676 5056 879 5112 Vitiose
904 5068 957 5111 et
983 5057 1122 5128 falso
1151 5058 1239 5112 hic
1273 5057 1552 5127 legebatur
1576 5066 1755 5119 antea,
1790 5058 2013 5128 triginta

443 5142 557 5190 sex,
590 5127 826 5196 itemque
856 5142 1018 5195 penes
1046 5126 1301 5181 Rulinum
1324 5126 1345 5191 ,ί
1367 5128 1552 5196 viginti
1574 5143 1682 5182 sex.
1710 5126 2014 5183 Nihil'vero

444 5197 811 5268 dubitavimus
840 5198 1123 5252 restituere
1143 5238 1158 5261 ,
1208 5197 1391 5266 viginti
1417 5199 1656 5268 quinque
1677 5240 1691 5263 ,
1734 5198 1884 5268 quod
1914 5214 2015 5253 nec

483 5266 636 5338 lures
681 5282 779 5321 nec
828 5269 1113 5338 pauciores
1142 5268 1369 5335 ipsemet
1408 5266 1770 5338 Hieronymus
1802 5268 1854 5322 in
1886 5283 2014 5338 pro-

463 5352 567 5406 ogo
599 5336 890 5391 Comment.
913 5337 967 5389 in
1002 5335 1314 5390 Hattharum
1352 5335 1901 5406 nttmeretiLegisse,
1929 5337 2014 5391 in-

484 5410 591 5469 uit,
632 5422 710 5458 me
742 5406 913 5474 fateor
945 5420 1064 5460 ante
1097 5422 1261 5459 annos
1296 5407 1549 5475 plurimos
1590 5408 1645 5459 in
1694 5406 2011 5461 Matthwum

444 5423 688 5530 ὒνὶαρηὶε
719 5490 918 5529 νιρικτι
944 5491 1171 5530 oumouu
1206 5475 1474 5529 volumina
1498 5492 1517 5530 :
1539 5476 1589 5529 in
1618 5492 1777 5530 nucm
1815 5491 2008 5530 nume-

499 5476 688 5545 rigcnis
713 5490 918 5545 )jtctu'rt
944 5491 1171 5540 auraque
1206 5475 1474 5529 volumina
1498 5492 1517 5530 :
1539 5476 1599 5545 in
1618 5492 1777 5545 quem
1815 5491 2008 5545 nume-

448 5543 566 5597 ruui
617 5555 672 5599 et
711 5543 974 5600 Eusebius
1015 5545 1284 5600 consentit
1335 5546 1429 5600 lib.
1477 5561 1528 5599 γι
1583 5543 1781 5600 Eccles.
1836 5543 2006 5608 Hist.,

442 5627 565 5684 cap.
593 5614 688 5684 56.,
719 5613 843 5669 Haec.
873 5630 1089 5684 quoque
1112 5625 1266 5670 vetus
1293 5624 1411 5669 erat
1443 5615 1723 5669 verissima
1765 5616 1924 5669 lectio
1955 5615 2009 5669 in

444 5682 573 5737 olim
606 5683 836 5739 vulgatis
864 5682 1252 5738 Invectivarum
1287 5684 1465 5739 Ruﬁni
1495 5685 1795 5739 codicibus.

519 5751 631 5819 (95)
672 5751 769 5806 llic
799 5769 1017 5824 quoque
1046 5752 1184 5809 l‘also
1214 5755 1343 5810 editi
1389 5755 1507 5808 libri
1535 5768 1725 5808 omnes
1758 5752 2010 5824 praefere-

2114 4573 2333 4641 triginta
2377 4576 2540 4639 duos,
2584 4571 2869 4643 legendum
2920 4580 3024 4626 est.
3070 4568 3228 4626 Nunc
3263 4569 3353 4625 vix
3396 4582 3695 4640 supersunt

2113 4656 2327 4697 novem.

2181 4712 2295 4783 (94)
2333 4710 2713 4783 Calumniator
2736 4709 2996 4783 Ruﬁnus,
3028 4711 3208 4783 notari
3242 4708 3332 4766 hic
3360 4710 3458 4783 abs
3494 4709 3691 4765 Hiero-

2114 4778 2284 4850 nymo
2305 4783 2408 4836 sub
2434 4781 2580 4835 corvi
2604 4781 2821 4835 nomine
2849 4778 2905 4835 S.
2931 4782 3282 4836 Ambrosium
3309 4797 3322 4833 :
3351 4780 3587 4850 primum
3622 4796 3688 4838 ex

2112 4865 2199 4916 eo,
2220 4852 2363 4973 quod
2391 4852 2532 4921 apud
2558 4850 2776 4904 Latinos
2811 4852 2978 4919 ipsius
3005 4859 3213 4905 tantum
3248 4861 3297 4906 et
3340 4866 3442 4904 non
3464 4851 3690 4906 alterius

2113 4920 2168 4973 in
2268 4936 2418 4973 ucam
2462 4920 2885 4973 Commentarius
2931 4920 3240 4973 ferebatur:
3277 4920 3497 4973 deinde.
3539 4922 3688 4973 αυοὰ

2113 4920 2168 4992 in
2204 4920 2885 4992 ALucamﬂCommentarius
2930 4920 3199 4992 ferebatur
3221 4938 3240 4975 :
3277 4920 3497 4986 deinde,
3539 4922 3688 4992 quod

2114 4990 2399 5058 ipsiusmet
2420 4988 2731 5060 Hieronymi
2757 4988 3004 5059 penes'se
3040 4991 3281 5052 haberet,
3308 4988 3606 5059 epistolam,
3632 4993 3687 5045 in

2112 5076 2216 5130 qua
2243 5060 2340 5131 hoc
2371 5062 2544 5129 ipsum
2573 5060 2638 5113 de
2662 5060 2786 5115 aliis
2811 5076 3071 5116 excusans
3095 5103 3109 5125 ,
3139 5063 3193 5115 in
3234 5062 3386 5115 illum
3418 5061 3437 5131 (
3453 5063 3689 5115 Ambro-

2114 5129 2281 5201 sium)
2312 5131 2621 5201 converterit
2668 5131 3038 5198 suspicionem.
3076 5132 3243 5186 Nemo
3274 5129 3453 5187 autem
3485 5132 3690 5201 velju-

2114 5212 2236 5270 rato
2260 5199 2464 5253 Ruﬁno
2493 5200 2697 5266 credat,
2722 5201 2772 5255 id
2798 5201 3004 5258 sentire
3036 5201 3104 5256 de
3129 5201 3416 5270 Ambrosio
3440 5200 3691 5270 potuisse

2117 5268 2173 5321 S.
2208 5267 2459 5340 Patrem,
2489 5270 2752 5340 quicum
2803 5270 3024 5339 plurimi
3071 5272 3332 5326 continuo
3374 5267 3532 5332 fecit,
3581 5285 3687 5324 nec

2116 5339 2318 5409 raroiin
2340 5341 2464 5409 suis
2494 5339 2647 5395 libris
2674 5355 2773 5409 pro
2800 5357 2863 5397 re
2890 5352 3014 5398 nata
3045 5340 3302 5395 laudavit.

2186 5408 2299 5481 (95)
2340 5406 2733 5481 Rcsﬁtituimus‘,
2809 5428 3062 5481 puerum,
3111 5424 3210 5481 pro
3262 5423 3369 5477 quo
3421 5406 3684 5481 mendose

2115 5477 2410 5546 legebatur,
2436 5480 2652 5552 iterum.
2666 5477 2791 5536 Mox
2810 5476 3680 5552 quoque,iludere,’emcndamus,

2043 5577 2086 5631 Β
2117 5561 2215 5615 pro
2240 5548 2798 5631 corrupto,‘lude_r_em‘_
2893 5548 3028 5631 quas
3060 5549 3319 5604 lectiones
3338 5562 3414 5631 _e.x
3433 5548 3685 5631 ‘reiAsen-

2118 5631 2324 5696 susque
2367 5616 2623 5696 veritate,
2676 5616 3484 5696 Ruﬁni_'insuper_accet_len_t_e
3512 5618 3685 5696 .testi-

2119 5687 2340 5807 ingnio,
2377 5689 2820 5757 comprobamus.
2859 5690 2961 5745 Pro
2990 5687 3115 5741 tatis
3165 5687 3219 5742 in
3254 5687 3378 5743 aliis
3404 5688 3557 5744 libris
3579 5696 3685 5749 est,

2144 5770 2174 5806 a
2212 5770 2244 5807 ιι
2271 5771 2336 5807 ts.

2091 5787 2098 5793 -
2120 5770 2336 5810 taouus.
