4084 6302
411 318 563 387 cens,

1870 312 2194 371 ORIGENiS

3549 322 3692 379 1804

402 450 520 497 nos,
548 441 601 488 et
628 431 806 488 Lucas
833 446 943 485 non
969 436 1095 485 sunt
1121 431 1297 484 conati
1328 428 1569 486 scribere
1595 449 1609 494 ;
1639 430 1733 486 sed
1780 431 1986 502 Spiritu
2015 439 2061 496 Α
2093 430 2208 497 Dei,
2238 433 2436 505 quibus
2470 433 2616 490 illam
2658 435 2933 506 aspiciunt
2958 436 3053 507 qui
3090 444 3371 493 merentur
3423 432 3597 492 Porro
3624 438 3688 494 iu

401 534 593 580 sancto
623 522 764 592 pleni
809 522 1148 591 scripserunt
1175 519 1486 592 Evangelia.
1513 522 1665 579 Multi
1695 525 1860 596 igitur
1887 541 1980 582 co-

400 617 512 670 nati
556 623 684 669 sunt
729 614 982 667 ordinare
1013 612 1383 668 narrationem
1419 615 1486 669 de
1512 616 1598 671 bis
1642 616 1829 683 rebus,
1859 632 1981 689 quat

401 707 849 781 maniiestissime
876 710 1109 779 cognitae
1140 720 1269 764 sunt
1292 711 1345 763 in
1375 710 1551 767 nobis.
1580 710 1817 768 Ecclesia
1847 729 1979 785 qua-

400 809 523 854 tuor
554 799 713 853 habet
740 797 1052 870 Evangelia,
1085 800 1322 856 haereses
1348 801 1583 868 plurima
1616 803 1728 874 (97)
1755 822 1766 858 :
1797 820 1828 859 e
1855 806 1981 875 qui-

397 890 501 943 bus
549 890 821 960 quoddam
862 891 1119 945 scribitur
1163 892 1464 947 secundum
1492 892 1801 965 Egyptios,
1835 896 1981 952 aliud

393 983 549 1052 juxta
596 981 882 1039 duodecim
917 984 1217 1053 apostolos.
1251 984 1434 1039 Ausus
1475 984 1578 1039 fuit
1622 995 1677 1040 et
1717 986 1981 1044 Basilides

397 1075 639 1142 scribere
685 1073 1055 1145 Evangelium,
1084 1082 1139 1129 et
1184 1090 1284 1130 sua
1316 1076 1445 1130 illud
1479 1078 1701 1133 nomine
1737 1080 1978 1135 titulare.

395 1164 547 1219 Multi
577 1165 754 1220 conati
781 1174 909 1220 sunt
937 1165 1178 1221 scribere
1211 1184 1227 1221 :
1259 1167 1351 1223 sed
1380 1176 1435 1223 et
1460 1169 1618 1223 multi
1641 1170 1821 1224 conati
1849 1182 1983 1226 sunt

395 1256 670 1312 ordinare.
702 1254 948 1321 Quatuor
982 1263 1191 1310 tantum
1228 1254 1515 1326 Evangelia
1565 1267 1692 1313 sunt
1733 1260 1979 1330 probata,

392 1360 425 1401 e
465 1346 664 1418 quibus
693 1345 797 1401 sub
836 1360 1071 1415 persona
1120 1343 1335 1399 Domini
1382 1355 1436 1400 et
1468 1345 1769 1402 Salvatoris
1808 1349 1980 1404 nostri

392 1437 718 1510 proferenda
765 1446 894 1493 sunt
945 1436 1217 1505 dogmata.
1251 1434 1376 1491 Scio
1408 1437 1686 1507 quoddam
1732 1438 1981 1511 Evange-

392 1530 549 1593 lium,
579 1528 722 1599 quod
751 1526 1055 1598 appellatur
1086 1525 1385 1581 secundum
1421 1525 1712 1592 Thomam,
1745 1539 1799 1584 et
1819 1529 1978 1599 juxta

391 1621 673 1684 Matltiam,
706 1628 760 1675 et
811 1620 915 1673 alia
945 1619 1099 1689 plura
1148 1619 1401 1689 legimus,
1448 1634 1515 1673 ne
1545 1620 1677 1690 quid
1730 1621 1982 1689 ignorare

390 1715 723 1777 videremur,
754 1718 976 1781 propter
995 1726 1090 1767 eos
1129 1711 1317 1787 quise
1343 1720 1536 1784 putant
1568 1710 1773 1780 aliquid
1808 1713 1972 1776 scire,

2100 522 2396 595 Evangelia
2442 540 2550 581 non
2588 541 2690 580 vox
2735 527 2999 593 cernitur,
3026 529 3121 582 sed
3166 542 3368 595 sermo,
3403 529 3496 599 qui
3544 544 3681 585 vocs

2090 614 2441 684 praestantior
2474 623 2576 671 est.
2611 613 2767 672 Unde
2797 631 2943 672 nunc
2970 617 3171 673 dicitur
3200 640 3210 673 :
3252 615 3403 673 Sicut
3432 619 3496 674 ab
3520 620 3645 676 initi
3668 634 3691 669 ι

2090 703 2428 757 tradiderunt
2469 704 2639 771 nobis,
2669 707 2761 775 qui
2797 723 2830 759 α
2872 706 3136 777 principio
3178 708 3279 777 ipsi
3328 709 3595 776 uiderunt,
3623 728 3657 766 ο

2091 795 2327 849 ministri
2359 795 2574 865 fuerunt
2617 800 2895 851 sermonis.
2925 796 3094 868 igitur
3120 800 3354 868 apostoli
3384 800 3487 871 ipsi
3516 803 3606 857 vid
3622 821 3689 859 e-

2090 892 2218 937 runt
2254 898 2560 939 sermonem
2613 903 2625 938 :
2677 901 2785 940 nan
2816 886 2945 956 quia
2978 896 3304 957 aspexerant
3330 903 3528 959 corpus
3554 878 3687 946 Do?

2091 975 2223 1028 mini
2254 973 2575 1039 Salvatoris,
2606 976 2699 1030 sed
2731 976 2860 1046 quia
2882 978 3109 1032 verbum
3142 978 3418 1035 viderunt.
3448 980 3504 1035 Si
3527 983 3699 1037 enim

2084 1061 2242 1132 juxta
2266 1077 2467 1133 corpus
2496 1064 2757 1119 vidissent
2784 1062 2994 1127 Jesum.
3022 1067 3124 1122 hac
3151 1078 3253 1134 est,
3282 1066 3377 1123 Dei
3408 1069 3648 1131 vidisset!

2090 1168 2422 1219 sermonem,
2454 1165 2687 1228 ergoet
2730 1156 2938 1211 Pilatus
2986 1159 3080 1227 qui
3131 1159 3529 1228 condemnavit,
3559 1177 3651 1219 ser
3704 1202 3719 1220 .

2089 1259 2308 1300 manem
2355 1245 2448 1301 Dei
2496 1246 2647 1310 vidit,
2677 1257 2733 1302 et
2777 1245 2947 1303 Judas
2977 1250 3242 1319 proditor,
3275 1261 3330 1305 et
3358 1266 3548 1309 omnes
3575 1271 3606 1325 q
3626 1260 3665 1317 ti

2087 1336 2463 1393 clamaverunt
2509 1356 2523 1394 :
2574 1338 2622 1370 ⁸⁸
2644 1338 3207 1416 Cruciﬁge,cruciﬁge
3251 1358 3404 1413 eum,
3430 1346 3559 1401 tolle
3600 1348 3670 1402 de
3699 1381 3730 1399 ..

2090 1437 2254 1495 terra,
2302 1429 2463 1485 talem
2511 1428 2607 1485 Dei
2651 1430 2904 1486 viderunt
2936 1447 3264 1489 sermonem.
3298 1433 3402 1489 Sed
3435 1435 3578 1491 absit
3607 1453 3683 1497 ut
3712 1441 3720 1450 ‘

2088 1518 2378 1590 quisquam
2409 1520 2723 1576 incredulus
2754 1537 3063 1577 sermonem
3094 1523 3187 1578 Dei
3218 1525 3432 1579 viderit.
3470 1524 3673 1584 Videre

2087 1624 2395 1664 sermonem
2437 1608 2553 1677 Dei,
2599 1610 2704 1665 tale
2747 1620 2832 1666 est
2878 1613 3039 1683 quale
3082 1613 3332 1669 Salvator
3374 1616 3452 1670 ait
3489 1635 3502 1671 :
3554 1617 3663 1683 Qut

2086 1701 2223 1755 ridet
2251 1714 2350 1765 me,
2380 1701 2517 1756 videt
2542 1712 2593 1756 et
2637 1701 2855 1757 Patrem
2885 1704 2975 1772 qui
3030 1704 3174 1759 misit
3220 1721 3320 1759 me.
3352 1704 3503 1761 Sicut
3556 1719 3643 1761 tra

391 1806 439 1859 si
472 1803 574 1859 ista
602 1801 976 1873 cognoverint.
1005 1802 1109 1856 Sed
1142 1802 1195 1855 in
1224 1802 1311 1856 bis
1354 1802 1610 1856 omnibus
1655 1802 1791 1856 nihil
1827 1802 1975 1856 aliud
2008 1794 2049 1848 Β
2076 1791 2324 1846 ἀὶάεναηι
2354 1793 2501 1847 nobis
2528 1794 2943 1863 quiaprincipio
2965 1795 3406 1864 ipst'vt'derun'l,et
3434 1798 3672 1852 ministri
3685 1815 3694 1825 ’

392 1893 710 1964 probamus,
754 1890 859 1946 nisi
889 1891 1033 1960 quod
1066 1889 1329 1954 Ecclesia,
1367 1891 1418 1945 id
1462 1899 1548 1945 est
1592 1900 1830 1960 quatuor
1859 1903 1978 1946 tan-

391 1995 510 2039 tum
564 1980 855 2052 Evangelia
908 1980 1243 2050 recipienda.
1292 1979 1417 2035 Haec
1468 1980 1693 2044 idcirco,
1745 1981 1873 2050 quia
1920 1983 1974 2036 in

388 2074 665 2148 principio
710 2073 911 2129 lectum
949 2083 1033 2128 est
1083 2091 1097 2125 :
1148 2071 1307 2126 Multi
1349 2071 1527 2125 conati
1567 2080 1692 2125 sunt
1732 2072 1979 2127 ordinare

392 2166 757 2220 narrationem
796 2161 860 2217 de
919 2162 1000 2215 his
1039 2162 1193 2216 rebus
1237 2177 1353 2232 qua:
1394 2161 1724 2231 conﬁrmatae
1765 2170 1887 2215 sunt
1922 2162 1979 2215 in

393 2255 562 2311 nobis.
606 2253 685 2310 illi
711 2261 1055 2310 tentaverunt
1079 2261 1242 2322 atque
1261 2252 1441 2308 conati
1466 2259 1595 2308 sunt
1617 2251 1684 2307 de
1708 2252 1795 2308 his
1815 2252 1979 2308 rebus

395 2347 660 2411 scribere,
701 2361 823 2416 quae
857 2346 910 2400 in
958 2345 1119 2401 nobis
1162 2342 1612 2400 manifestissime
1651 2352 1781 2400 sunt
1824 2360 1979 2401 com-

393 2446 578 2508 parta}.
619 2435 882 2491 Eﬁ‘cctum
931 2451 1094 2492 suum
1136 2434 1322 2491 Lucas
1370 2435 1575 2492 indicat
1601 2451 1667 2490 ex
1701 2451 1976 2500 sermone,

394 2545 503 2600 qua
539 2528 664 2583 ait:
709 2525 775 2581 In
818 2528 968 2582 nobis
1008 2527 1441 2596 manifestissime
1487 2538 1612 2582 sunt
1647 2537 1890 2593 ostensa',
1923 2525 1978 2585 id

380 2630 495 2686 est,
533 2619 1110 2693 πεπληροφορημένων
1155 2619 1321 2689 (quod
1369 2635 1483 2675 uno
1537 2619 1700 2674 verba
1748 2616 1979 2674 Latinus

395 2726 575 2769 Sermo
598 2725 705 2765 non
736 2707 1159 2782 explicat1_98]).
1184 2709 1344 2765 Certa
1374 2711 1520 2764 enim
1552 2710 1655 2764 ﬁde
1684 2715 1737 2763 et
1771 2708 1978 2764 ratione

379 2811 745 2874 cognoverat,
774 2816 953 2871 neque
986 2801 1046 2855 in
1100 2800 1286 2870 aliqua
1335 2799 1652 2863 ﬂuctuabat,
1686 2809 1869 2854 utrum
1899 2798 1976 2854 ita

395 2903 561 2959 esset,
598 2908 667 2948 an
700 2892 877 2948 aliter.
907 2891 1022 2949 Hoc
1062 2900 1243 2947 autem
1277 2891 1384 2945 illis
1421 2891 1622 2957 evenit,
1652 2891 1743 2957 qui
1776 2889 1977 2944 ﬁdelis-

390 2984 534 3040 sime
578 2983 950 3047 crediderunt,
1002 2992 1057 3036 et
1099 2981 1151 3035 id
1194 2980 1339 3050 quod
1382 2968 1650 3049 Propheta
1703 2980 1973 3046 obsecrat,

391 3074 674 3129 consecuti
704 3081 854 3137 sunt,
887 3080 941 3126 et
980 3071 1172 3126 dicunt
1203 3089 1215 3124 :
1251 3069 1523 3138 Con/irata
1561 3086 1641 3123 me
1685 3071 1736 3122 in
1775 3084 1974 3122 seruta-

398 3165 550 3218 nibus
581 3165 683 3218 tuis
719 3162 805 3230 “j
847 3162 992 3218 unde
1030 3171 1084 3217 et
1122 3159 1420 3232 Apostolus
1452 3160 1519 3215 de
1553 3160 1639 3214 bis
1682 3160 1774 3229 qui
1823 3166 1977 3213 erant
2003 3140 2048 3197 (ἶ

394 3254 562 3322 ﬁrmi,
590 3265 754 3324 atque
778 3252 1009 3319 robusti,
1038 3252 1158 3307 ait:
1190 3249 1265 3305 Ut
1296 3252 1413 3305 sitis
1448 3250 1673 3304 radicati
1692 3259 1740 3303 et
1770 3248 1980 3319 fundati

393 3351 452 3401 in
483 3347 587 3416 ﬁde
616 3346 685 3399 ⁵⁵.
718 3344 775 3398 Si
802 3344 928 3413 quis
956 3344 1111 3398 enim.
1153 3343 1431 3397 radicatus
1459 3342 1512 3394 in
1554 3340 1659 3395 ﬁde
1699 3349 1783 3395 est
1821 3349 1982 3408 atque

390 3438 676 3500 «Nudatos,
715 3435 840 3490 licet
882 3440 1176 3504 tempestas
1214 3431 1383 3486 fuerit
1427 3438 1638 3497 exorta,
1676 3430 1801 3484 licet
1824 3429 1977 3483 .venti

389 3525 668 3593 ﬂaverint,
701 3525 828 3581 licet
857 3539 917 3580 se
956 3524 1132 3579 imber
1161 3521 1432 3588 effuderit,
1468 3536 1575 3575 non
1617 3520 1978 3586 convellatur,

390 3632 500 3675 nec
544 3604 783 3682 corruet,
824 3614 953 3685 quia
1001 3627 1165 3682 super
1215 3621 1424 3683 petram
1468 3609 1759 3665 aediﬁcium
1804 3609 1976 3663 solida

394 3709 550 3762 male
574 3705 862 3761 fundatum
891 3713 975 3757 est
996 3701 1070 3754 '“.
1099 3699 1209 3757 Nec
1231 3709 1490 3771 putemus
1509 3699 1685 3753 oculis
1718 3699 1838 3752 istis
1860 3711 1980 3751 car-

403 3801 619 3857 nalibus
669 3798 979 3853 ﬁrmitatem
1030 3794 1152 3850 ﬁdei
1183 3793 1325 3860 dari,
1355 3808 1519 3864 quam
1561 3806 1714 3846 mens
1744 3799 1798 3846 et
1840 3790 1980 3864 ratio

403 3891 618 3949 tribuit.
654 3888 906 3945 luﬁdeles
940 3886 1143 3957 quique
1182 3884 1406 3941 credant
1438 3884 1614 3953 signis
1658 3890 1820 3951 atque
1851 3896 1978 3952 por-

386 3985 588 4052 tentis,
624 3996 747 4053 qua:
775 3981 1016 4036 humana
1063 3978 1207 4032 acies
1254 3983 1566 4031 contuetur.
1605 3972 1808 4027 Fidelis
1851 3987 1980 4026 vera

405 4076 578 4145 magis
611 4073 853 4145 prudens
896 4082 1060 4142 atque
1104 4068 1363 4124 robustus
1411 4065 1677 4120 rationem
1718 4071 1980 4132 sequatur

404 4178 460 4222 et
482 4167 732 4230 verbum,
762 4173 817 4219 et
844 4163 924 4219 sic
955 4161 1211 4232 dijudicct
1250 4158 1382 4229 quid
1413 4171 1624 4220 verum,
1656 4153 1854 4226 quidve
1880 4151 1981 4207 fal-

399 4273 528 4312 sum
558 4256 649 4312 sit.
686 4254 836 4310 Sicut
863 4253 1199 4308 tradiderunt
1244 4249 1415 4311 nobis,
1451 4248 1540 4317 qui
1577 4250 1642 4301 ab
1685 4246 1839 4299 initio
1879 4245 1978 4313 ipsi

404 4348 669 4412 viderunt,
693 4355 744 4401 et
764 4344 996 4400 ministri
1021 4344 1232 4412 [uerunt
1260 4339 1535 4394 sermonis.
1553 4337 1608 4390 in
1635 4335 1823 4390 Exodo
1853 4336 1984 4390 scri-

2085 1883 2297 1951 [nerunt
2341 1885 2596 1939 sermonis
2625 1884 2694 1938 ".
2730 1883 2883 1940 Clam
2930 1882 3091 1940 Luca:
3140 1887 3486 1943 sermonibus
3534 1887 3673 1943 edo.

2090 1990 2300 2040 cemur,
2333 1974 2483 2045 quod
2516 1974 2798 2045 cujusdam
2839 1975 3102 2031 doctrinae
3135 1975 3262 2032 ﬁnis
3304 1977 3376 2033 sit
3407 1978 3526 2048 ipsa
3557 1978 3659 2033 do-

2078 2051 2274 2118 ctrina,
2324 2055 2544 2111 alterius
2592 2071 2720 2111 vera
2765 2057 3023 2113 doctrinae
3056 2059 3177 2114 ﬁnis
3216 2061 3267 2113 in
3305 2076 3471 2130 Opere
3497 2078 3655 2117 com-

2080 2151 2321 2212 putetur.
2364 2144 2526 2200 Verbi
2579 2148 2749 2217 gratia
2791 2164 2803 2199 :
2845 2144 3083 2203 Scientia
3125 2152 3433 2219 geometria:
3484 2152 3651 2207 ﬁnem

2083 2233 2247 2289 habet
2298 2235 2467 2306 ipsam
2521 2246 2728 2292 tantum
2780 2239 3062 2295 scientiam
3114 2250 3274 2312 atque
3328 2243 3650 2300 doctrinam.

2081 2324 2198 2381 Alia
2231 2341 2361 2383 vero
2391 2328 2614 2384 scientia
2644 2339 2748 2395 est,
2784 2331 2940 2401 cujus
2968 2330 3090 2387 ﬁnis
3121 2349 3257 2405 opus
3280 2334 3445 2406 exigit
3468 2355 3481 2390 :
3504 2337 3659 2394 velut

2082 2416 2138 2472 in
2183 2419 2446 2475 medicina
2480 2430 2694 2491 oportet
2732 2437 2819 2478 me
2861 2422 3124 2479 rationem
3155 2435 3208 2481 et
3234 2426 3480 2499 dogmata
3509 2430 3657 2485 scire

2080 2508 2382 2574 medicinae,
2409 2524 2519 2565 non
2543 2520 2602 2566 ut
2622 2512 2992 2570 tantummodo
3014 2516 3253 2570 noverim
3276 2517 3402 2587 quid
3424 2517 3653 2573 debeam

2078 2596 2278 2668 facere,
2320 2603 2415 2657 sed
2453 2611 2511 2657 ut
2547 2602 2762 2668 faciam,
2805 2604 2857 2659 id
2895 2614 3014 2670 est,
3059 2615 3117 2661 ut
3166 2622 3341 2663 secem
3391 2606 3654 2672 vulnera,

2081 2691 2281 2749 victum
2325 2695 2659 2750 moderatum
2691 2697 3116 2769 castigatumque
3158 2699 3454 2770 disponam,
3480 2710 3658 2755 aestus

2082 2783 2309 2842 febrium
2334 2784 2392 2840 in
2430 2787 2643 2856 pulsum
2674 2804 2932 2844 venarum
2981 2790 3240 2854 sentiam,
3270 2801 3329 2847 ut
3353 2794 3656 2850 curationi-

2084 2880 2183 2935 bus
2210 2880 2424 2951 cyclicis
2457 2881 2745 2937 bumorum
2776 2883 3158 2940 abundantiam
3186 2886 3404 2955 siccam,
3441 2896 3654 2958 tempe-

2086 2983 2200 3023 rem
2237 2978 2399 3040 atque
2437 2971 2776 3043 restringam.
2811 2970 2941 3039 Quae
2980 2975 3023 3029 si
3069 2975 3190 3043 quis
3233 2984 3441 3030 tantum
3471 2976 3652 3032 scierit

2083 3070 2140 3115 et
2198 3077 2306 3116 non
2365 3079 2530 3134 opere
2588 3064 2752 3118 fuerit
2805 3066 3158 3127 subsecutus,
3196 3080 3346 3122 cassa
3396 3070 3500 3122 erit
3535 3067 3659 3138 ejus

2085 3153 2327 3209 scientia.
2371 3154 2555 3211 Simile
2593 3156 2720 3225 quid
2771 3157 3008 3212 scientiae
3061 3158 3340 3213 medicinas
3377 3168 3433 3213 et
3468 3160 3655 3229 operi,

2085 3244 2248 3298 etiam
2277 3245 2331 3298 in
2372 3246 2564 3301 notitia
2610 3246 3015 3318 ministeriaque.
3053 3249 3318 3305 sermonis
3347 3261 3430 3304 est
3464 3268 3476 3303 :
3509 3249 3662 3304 Sicut

2086 3335 2419 3390 tradiderunt
2459 3335 2600 3389 nobis
2649 3337 2739 3407 qui
2791 3355 2825 3390 a
2864 3339 3118 3407 principio
3156 3339 3257 3408 ipsi
3293 3341 3564 3404 viderunt,
3609 3350 3658 3393 ct
3730 3350 3735 3351 '

2085 3423 2312 3483 ministri
2357 3427 2562 3486 fuerunt
2614 3430 2884 3482 sermonis.
2937 3427 3006 3482 Ut
3060 3444 3123 3483 ex
3172 3444 3238 3483 eo
3294 3430 3436 3499 quod
3492 3432 3655 3495 dixit,

2089 3513 2191 3582 ipsi
2222 3512 2485 3580 viderunt,
2519 3514 2819 3569 doctrinam
2853 3522 2906 3568 et
2939 3512 3219 3568 scientiam
3255 3512 3571 3583 signiﬁcari,
3603 3522 3660 3569 et

2081 3620 2145 3659 ex
2174 3620 2239 3659 co
2266 3604 2409 3676 quod
2449 3606 2607 3669 dixit,
2639 3607 2873 3660 ministri
2903 3606 3114 3674 fuerunt
3138 3605 3416 3670 sermonis,
3438 3604 3663 3659 demon-

2083 3697 2245 3750 strari
2290 3712 2453 3766 opera
2502 3712 2917 3767 cognoscamus.
2967 3696 3218 3750 Assecuto
3256 3712 3287 3748 a
3332 3695 3591 3764 principio
3636 3710 3658 3747 :

2092 3787 2275 3842 Visum
2323 3800 2400 3844 est
2441 3798 2488 3843 et
2527 3789 2658 3843 mihi
2687 3798 2926 3842 assecuta
2974 3789 3040 3840 ab
3086 3788 3237 3841 initio
3267 3803 3283 3839 :
3317 3787 3552 3845 inculcat
3590 3802 3659 3842 ac

2083 3880 2327 3950 replicat,
2359 3881 2617 3949 quoniam
2672 3894 2735 3933 ea
2782 3895 2903 3948 qua:
2947 3880 3251 3949 scripturus
3283 3888 3386 3944 est,
3423 3892 3530 3931 non
3562 3893 3660 3931 ru-

2083 3986 2234 4026 more
2262 3973 2595 4041 cognoverit,
2626 3972 2718 4026 sed
2757 3972 2827 4025 ab
2866 3970 3023 4026 initio
3057 3971 3170 4039 ipse
3200 3967 3362 4025 fuerit
3392 3984 3662 4024 consecu—

2084 4069 2191 4116 tus.
2244 4060 2393 4116 Unde
2432 4070 2485 4116 et
2526 4062 2595 4116 ab
2637 4061 2898 4130 Apostolo
2944 4063 3136 4115 merito
3180 4059 3542 4119 collaudatur,
3572 4059 3662 4111 div-

2081 4164 2234 4208 cente
2265 4173 2277 4208 :
2313 4153 2478 4224 Cujus
2500 4155 2617 4209 laus
2640 4153 2694 4207 in
2724 4151 3009 4223 Evangelio
3041 4162 3118 4207 est
3144 4170 3235 4222 per
3264 4169 3439 4206 omnes
3474 4149 3661 4204 Eccle-

2081 4246 2190 4299 sias
2229 4245 2296 4301 ⁸⁸.
2331 4244 2446 4300 Hoc
2492 4246 2637 4300 enim
2673 4245 2740 4299 de
2785 4245 2936 4299 nullo
2978 4245 3088 4300 alia
3118 4245 3340 4310 dicitur,
3367 4252 3421 4298 et
3449 4242 3553 4297 nisi
3587 4244 3659 4297 de

2082 4335 2227 4391 Luca
2249 4337 2454 4390 dictum
2487 4336 2717 4390 traditur
2755 4352 2770 4389 :
2813 4334 2995 4390 Visum
3016 4345 3092 4389 est
3120 4345 3171 4389 et
3206 4336 3334 4389 mihi
3357 4343 3598 4389 assecmo
3620 4352 3656 4386 α

402 4450 558 4511 ptum
575 4448 692 4495 est:
718 4434 949 4507 Populus
966 4434 1170 4488 uidebat
1201 4448 1373 4486 vocent
1396 4428 1489 4484 Dei
1519 4427 1668 4483 ".Et
1699 4438 1844 4483 certe
1877 4442 1980 4481 vox
2013 4465 2056 4518 Β
2084 4426 2344 4495 principio
2387 4425 2566 4477 omnia
2607 4423 2887 4492 diligenter
2932 4437 2996 4476 ex
3042 4424 3224 4476 ordine
3269 4422 3364 4475 tibi
3408 4418 3656 4483 scribere,

398 4531 629 4586 auditur
651 4529 802 4598 prius
828 4542 993 4597 quam
1017 4526 1256 4588 videtur;
1283 4521 1375 4576 sed
1402 4528 1687 4589 propterea
1714 4516 1975 4586 scriptum

407 4632 510 4685 est,
543 4631 601 4676 ut
630 4620 1011 4676 ostenderetur
1038 4617 1194 4671 nobis
1225 4615 1346 4669 aliis
1379 4614 1552 4667 oculis
1582 4611 1763 4665 videre
1791 4623 1975 4663 vocem

482 4735 527 4767 ”
564 4732 704 4791 Psai.
738 4749 933 4797 omni,
981 4730 1068 4784 98.
1171 4730 1214 4761 ⁸³
1252 4727 1446 4794 Epiros.
1489 4742 1567 4790 lli,
1602 4724 1688 4779 i7.

406 4808 455 4841 τ’
483 4803 640 4859 Joan.
675 4820 785 4867 xiv,
819 4803 903 4857 i9.
983 4802 1025 4832 ⁰⁰
1062 4798 1101 4854 ιι
1132 4798 1257 4853 Cor.
1284 4814 1401 4859 vui,
1437 4798 1518 4852 i8.

484 4923 596 4994 (97)
623 4919 839 4994 _Vitio_se
867 4918 1222 4988 praeferebant
1242 4914 1377 4994 _editi
1411 4922 1568 4994 antea
1601 4909 1979 4994 iibri,"plu‘ri-

413 4981 550 5058 mas,
579 4981 635 5044 id
662 4999 745 5044 est
774 4981 1047 5058 increscs,
1071 5004 1193 5040 cum
1223 4986 1291 5058 de
1322 4981 1850 5058 pseudo-evangeliis
1891 4991 1975 5058 to-

416 5079 503 5120 :us
535 5050 639 5115 'bic
668 5072 847 5112 sermo
880 5058 966 5110 sit.
1017 5056 1188 5109 Porro
1221 5050 1335 5108 lucc
1384 5068 1519 5122 pene
1563 5051 1630 5105 ad
1664 5050 1886 5103 verbum
1921 5051 1975 5103 in

413 5148 513 5188 sua
546 5127 822 5196 transtulit
873 5124 1237 5196 Hieronymus
1262 5165 1285 5196 ,_
1321 5124 1464 5196 quod
1519 5136 1680 5196 supra
1732 5130 1976 5196 notatum

411 5214 487 5264 νε*
518 5239 534 5264 ,
587 5195 806 5253 Prmi'at.
860 5188 1214 5249 Coruinentar.
1268 5188 1714 5264 iit-dlttllhwttm.
1785 5188 1979 5264 lit-cole

412 5256 771 5388 'quitéxe‘tyltios
799 5266 870 5320 ibi
903 5268 1277 5319 observamus.
1330 5292 1390 5302 ——
1425 5260 1553 5315 Vide
1606 5256 1814 5312 Patral.
1851 5257 1974 5312 Lat.

413 5357 455 5388 ι-
489 5378 503 5388 Α
663 5376 674 5388 .

485 5410 596 5480 (98)
637 5406 962 5480 Hieronymi
1000 5404 1105 5457 hac
1151 5418 1272 5457 esse
1315 5400 1779 5480 additamentum,
1828 5397 1969 5467 quod

411 5470 725 5551 paruulum
771 5470 1126 5537 inclusimus,
1162 5486 1319 5525 nemo
1353 5486 1457 5551 non
1491 5470 1671 5551 sentit.
1713 5470 1767 5522 id
1802 5481 1970 5547 genus

416 5537 519 5600 alia
558 5545 787 5600 inferius
819 5552 1116 5598 occurrunt
1140 5583 1154 5603 ,
1187 5556 1306 5610 qua:
1350 5539 1732 5592 audacioribos
1764 5537 1971 5610 criticis

416 5616 622 5691 Dalizuq
649 5614 715 5668 de
749 5613 966 5681 scriptis
1000 5604 1217 5691 igua‘tii.‘
1238 5625 1287 5677 ι).
1317 5610 1429 5691 ,459
1453 5617 1499 5689 et
1530 5624 1706 5691 scqq.,
1754 5604 1973 5691 twn-blat—

415 5689 557 5740 lineo
605 5673 955 5750 Larroquano
1001 5673 1054 5732 in
1102 5673 1659 5731 Animadversionibns
1703 5676 1771 5728 ad
1804 5673 1971 5728 μίξαν-
2015 5743 2022 5750 _

1788 4724 1833 4754 "
1868 4721 2056 4778 Matth.
2093 4739 2165 4778 vn
2189 4763 2204 4789 ,
2227 4723 2315 4776 25.

2084 4517 2277 4582 optime
2322 4513 2746 4584 Theopltile(99).
2783 4511 2944 4567 Putat
2982 4513 3198 4583 aliquis,
3222 4510 3365 4581 quod
3392 4511 3457 4565 ad
3485 4508 3660 4564 Theo-

2084 4609 2292 4677 philum
2339 4606 2647 4676 quempiam
2699 4604 3051 4676 Evangelium
3098 4603 3266 4675 935
3310 4603 3589 4672 scripserit
3635 4614 3654 4656 :

2423 4723 2467 4753 ⁸⁷
2502 4720 2673 4776 Exod.
2723 4737 2830 4784 xix,
2868 4720 2953 4775 l8.
3061 4721 3106 4751 ⁸⁸
3135 4718 3292 4774 Joau.
3333 4735 3445 4785 xut,
3475 4717 3526 4782 6,
3564 4718 3652 4773 l5.

2082 4910 2332 4962 sonianas
2368 4906 2573 4976 Ignatii
2612 4906 2890 4968 vindicias,
2912 4920 3041 4972 pag.
3073 4904 3144 4958 94
3173 4915 3226 4957 et
3266 4920 3444 4974 seqq,
3476 4904 3653 4960 fraudi

2082 4979 2336 5040 fuerunt,
2388 4986 2446 5031 ut
2488 4976 2652 5029 hasce
2702 4976 2953 5028 homilias
3002 4976 3326 5027 Adamantio
3370 4989 3655 5042 perperam

2083 5048 2496 5117 abjudieareug,
2548 5043 2835 5112 Latinique
2872 5060 2992 5097 esse
3032 5044 3270 5117 hominis
3309 5043 3485 5117 fctum
3514 5059 3649 5098 con-

2083 5114 2381 5171 tenderent.
2438 5114 2547 5167 Nos
2599 5129 2702 5168 suo
2761 5128 3033 5182 quamque
3098 5114 3216 5167 loco
3291 5114 3657 5182 objectionetn

2083 5196 2273 5241 Conlra
2302 5186 2480 5255 operis
2515 5185 2926 5255 germanitatcm
2964 5182 3296 5255 refellemus.

2154 5256 2264 5323 (99)
2307 5250 2539 5323 S'cltcdm’
2560 5253 2743 5307 Grabii
2773 5264 2825 5306 et
2852 5253 3204 5323 Gombelisii;
3237 5250 3395 5323 Εἰκὸς
3423 5250 3661 5323 Δδι-’ζνξιποιο

2083 5318 2378 5395 λαέιϐἇνεψ
2414 5322 2563 5395 στενὰς
2584 5361 2598 5383 ,
2641 5323 2723 5395 ὄξει
2750 5322 2992 5390 Θεοφίλῳ
3011 5320 3130 5395 ,τινὶ
3158 5319 3359 5395 ἔγρεψε
3387 5318 3660 5395 τρἠΕὐαγς
3707 5333 3723 5395 ξ

2084 5385 2260 5464 γέλων
2284 5433 2298 5455 ,
2336 5392 2396 5456 ὃς
2424 5387 2504 5464 εἷς
2528 5390 2598 5464 ἦε(
2630 5392 2738 5464 τῶν
2768 5385 3401 5464 πιᾳέτευὰὰντῳνξ-ῡῦέεοί
3416 5389 3553 5464 (saw
3576 5385 3658 5464 τῷ
3712 5386 3721 5397 “

2079 5458 2356 5534 Πνεύματι
2388 5462 2481 5515 καὶ
2508 5458 2799 5534 iisiis-co);
2830 5462 2970 5534 iiwa
3002 5460 3276 5534 nepoti;
3311 5458 3418 5534 τοῦ.
3449 5458 3656 5534 Κυρίου

2080 5528 2305 5604 πράξὲις
2334 5550 2392 5604 es
2437 5533 2531 5585 καὶ
2564 5528 2779 5604 Mica;
2825 5528 3000 5604 sagas
3036 5528 3205 5604 essetet
3255 5528 3658 5604 ἀσφαῖιέστερρν

2079 5596 2174 5675 xui.
2209 5596 2278 5654 ﬁ
2319 5602 2413 5654 νῦν
2444 5596 2837 5675 χεγρειμμένᾳ.
2886 5596 3077 5675 fitilla;
3114 5597 3172 5675 §é
3219 5615 3407 5675 φῃσ-ιν,
3439 5596 3659 5675 ὅΪιΑέὰξ

2081 5672 2277 5737 πάντες
2328 5665 2739 5740 cateiae-{Coum
2781 5669 2856 5731 ὡς
2887 5668 3202 5735 ἀγαπᾶσθαι
3236 5665 3355 5720 sub
3396 5667 3489 5719 τοῦ
3518 5665 3659 5717 Θεοῦ
